4108 6376
535 236 3799 327 W

1435 579 1849 672 SANCTI
1933 573 2357 666 PATRIS
2427 567 2866 663 NOSTBI

650 890 1712 1085 JOANNIS
1867 872 3672 1070 CHRYSOSTOMI

1542 1297 2013 1346 ARCHIEPISCOPI
2056 1288 2790 1341 CONSTANTINOPOLITANI

1072 1534 1717 1605 COMMENTARIUS
1776 1533 1859 1594 ΙΝ
1921 1532 1983 1593 S.
2048 1527 2542 1591 MAT'I'HJEUM
2605 1523 3254 1587 EVANGELISTAM.

2039 1818 2296 1834 _——

1642 1990 1984 2053 HOMILIA
2030 1985 2223 2048 XLV.
2267 1983 2353 2044 al.
2402 1980 2617 2041 XLVI.

528 2240 659 2295 Car.
696 2237 780 2293 15.
812 2251 867 2289 v.
910 2232 996 2288 10.
1040 2229 1106 2284 Et
1149 2227 1437 2282 accedentes
1477 2219 1715 2290 disctpuli
1753 2217 1988 2271 dixerunt
2028 2224 2111 2263 et:

608 2332 780 2399 Quare
800 2330 849 2382 in
874 2324 1130 2398 parabolis
1156 2320 1375 2391 loqueris
1400 2318 1510 2371 eis?
1568 2315 1655 2369 11.
1698 2310 1725 2367 1
1732 2327 1818 2381 pse
1840 2318 2005 2363 autem
2026 2322 2113 2367 req

598 2421 850 2492 spondens
866 2418 992 2472 dixit
1014 2418 1124 2470 eis:
1147 2414 1281 2479 Quia
1304 2409 1440 2464 vobis
1466 2408 1642 2460 datum
1661 2413 1732 2457 est
1762 2416 1907 2455 nosse
1927 2407 2113 2470 mystea

598 2517 680 2570 ria
727 2513 868 2583 regni
906 2510 1167 2575 tta-lorum,
1198 2505 1302 2559 illis
1331 2511 1497 2555 autem
1524 2515 1623 2553 non
1647 2497 1821 2549 datum
1840 2502 1936 2549 est.

602 2609 654 2663 1.
700 2604 1079 2673 Discipulorum
1136 2596 1405 2667 prudentia
1437 2602 1479 2647 et
1517 2591 1722 2643 caritas.
1752 2585 1987 2641 Liberum
2023 2600 2113 2636 ar-

529 2700 734 2755 bitrium
762 2714 850 2768 per
869 2695 1085 2767 gratiam
1111 2708 1212 2745 non
1235 2689 1446 2743 tollitur.
1493 2715 1565 2727 -—
1605 2681 1733 2738 lure
1783 2678 2115 2734 admiremur

530 2792 840 2862 discipulos,
863 2788 1001 2859 quod
1026 2784 1263 2841 discendi
1293 2780 1490 2850 cupidi,
1523 2778 1694 2833 sciant
1713 2773 1924 2846 quando
1948 2773 2114 2827 inter-

530 2884 824 2957 rogandum
860 2882 950 2936 sit.
991 2880 1106 2934 Non
1135 2878 1274 2932 enim
1298 2872 1548 2928 omnibus
1576 2865 1932 2940 prmsentibus
1956 2863 2009 2918 id
2040 2863 2114 2916 fa-

530 2980 707 3036 ciunt:
751 2974 894 3046 quod
925 2972 1203 3027 Mattiueus
1229 2969 1297 3021 ita
1327 2962 1674 3037 significavit:
1713 2960 1776 3015 Et
1800 2958 2108 3015 accedentes.

532 3070 645 3125 Hoc
694 3081 856 3138 porro
886 3079 986 3118 non
1024 3077 1086 3115 ex
1129 3054 1602 3128 eonjecturadico:
1653 3052 1859 3106 Marcus
1889 3048 2030 3103 enim
2061 3045 2113 3101 id

532 3163 729 3218 clarius
758 3158 1025 3217 indicavit,
1052 3169 1174 3209 cum
1203 3151 1279 3206 ait
1323 3150 1466 3221 ipsos
1491 3145 1715 3201 seorsim
1744 3142 1809 3197 ad
1831 3143 1976 3196 illum
2017 3154 2106 3192 ac-

531 3253 759 3309 cessisse
786 3249 978 3317 (Marc.
1009 3246 1059 3300 4.
1090 3245 1205 3306 10).
1254 3241 1342 3297 Sic
1368 3250 1422 3295 et
1447 3246 1671 3294 matrem
1699 3245 1753 3289 et
1780 3234 1969 3289 fratres
1997 3230 2113 3300 ejus

532 3342 713 3399 facere
739 3338 996 3400 decebat,
1029 3350 1133 3389 non
1165 3346 1356 3387 vocare
1395 3329 1557 3394 foras,
1587 3334 1643 3382 et
1670 3340 1789 3381 sese
1821 3329 2110 3377 ostentare.

534 3434 811 3505 Perpende
831 3440 1007 3486 autem
1038 3428 1314 3483 caritatem
1345 3423 1607 3494 ipsorum,
1634 3427 1883 3491 quantam
1912 3416 2117 3472 scilicet

532 3532 755 3585 aliorum
782 3540 963 3581 curam
994 3528 1201 3593 gerant,
1228 3534 1291 3574 ac
1314 3517 1461 3589 prius
1478 3530 1595 3586 quae
1612 3513 1678 3568 ad
1704 3512 1825 3566 illos
1845 3510 2113 3580 pertinent

532 3626 795 3691 qumrant,
827 3613 1020 3669 deinde
1048 3627 1164 3665 sna.
1198 3609 1320 3675 Cur,
1349 3607 1628 3676 inquiunt,
1671 3604 1722 3657 in
1746 3598 2000 3673 parabolis
2031 3597 2109 3651 lo-

532 3714 697 3783 queris
726 3711 793 3763 ad
816 3707 937 3763 eos?
958 3706 1074 3762 Non
1100 3704 1368 3768 dixerunt,
1409 3699 1518 3753 Cur
1550 3698 1600 3751 in
1635 3694 1898 3766 parabolis
1928 3694 2110 3761 loque-

531 3806 606 3860 ris
631 3804 826 3859 nobis?
865 3800 995 3855 Nam
1024 3807 1079 3855 et
1104 3797 1228 3852 alibi
1252 3810 1393 3863 saepe
1414 3791 1661 3847 videntur
1693 3789 1832 3844 bono
1864 3802 1983 3842 esse
2011 3801 2101 3840 er-

531 3914 593 3968 ga
616 3910 800 3951 onmcs
826 3892 1014 3948 affectu
1040 3907 1056 3955 ;
1084 3898 1144 3945 ut
1172 3902 1291 3943 cum
1313 3885 1518 3949 dicunt,
1548 3882 1756 3937 Dimitte
1788 3878 1957 3934 turbas
1983 3892 2002 3941 ;
2031 3885 2107 3939 et,

529 3965 642 4045 Scis
661 3985 794 4058 quod
816 3980 1163 4037 scandalizati
1184 3979 1284 4032 sint
1309 3976 1456 4046 (Luc.
1475 3974 1527 4027 9.
1555 3972 1641 4025 12.
1661 3970 1847 4023 Matth.
1880 3965 2096 4035 15.12).

531 4078 673 4146 Quid
728 4090 857 4146 ergo
902 4071 1187 4128 Christus?
1241 4068 1378 4134 Quia
1426 4066 1563 4120 vobis
1599 4064 1783 4117 datum
1834 4070 1907 4114 est
1953 4074 2102 4112 nosse

539 4169 845 4241 mysterium
876 4166 1019 4235 regni
1054 4163 1298 4218 caelorum
1322 4177 1339 4215 :
1363 4161 1468 4214 illis
1492 4167 1669 4210 autem
1690 4156 1871 4208 datum
1896 4167 2000 4205 non
2026 4159 2117 4204 est.

532 4259 666 4315 Illud
698 4269 873 4313 autem
896 4253 1048 4319 dixit,
1077 4266 1185 4305 non
1211 4248 1584 4304 necessitatem
1604 4242 1860 4299 inducens
1885 4280 1899 4301 ,
1941 4252 2113 4309 neque

531 4361 733 4408 sortem
762 4346 1045 4417 quamdam
1075 4353 1279 4397 temere
1304 4348 1358 4395 et
1378 4337 1692 4407 simpliciter
1713 4334 1928 4389 missam
1953 4347 1968 4395 ;
2017 4328 2110 4384 sed

531 4441 821 4497 ostendens
843 4437 986 4507 ipsos
1016 4434 1116 4490 sibi
1143 4446 1359 4489 causam
1379 4443 1500 4484 esse
1521 4422 1832 4493 malorum‘,
1854 4432 1914 4477 ut
1934 4420 2112 4475 decla-

531 4542 635 4596 ret,
668 4530 867 4586 donum
892 4526 1023 4583 illud
1051 4540 1170 4581 esse
1194 4565 1209 4589 ,
1250 4532 1305 4577 et
1348 4521 1572 4592 gratiam
1629 4531 1860 4587 superne
1910 4515 2108 4568 datam.

529 4623 714 4692 Neque
732 4629 910 4674 tamen
931 4617 1052 4688 quia
1081 4614 1282 4669 donum
1297 4620 1399 4675 est,
1431 4608 1550 4663 ideo
1574 4607 1805 4662 liberum
1832 4603 2108 4659 arbitrittm

528 4724 615 4770 est
640 4712 940 4769 sublatum:
970 4706 1021 4762 id
1041 4705 1180 4776 quod
1201 4720 1266 4758 ex
1282 4700 1627 4771 sequentibus
1650 4697 1987 4752 manifestum
2009 4703 2109 4749 est.

536 4806 671 4862 Vide
700 4804 859 4875 igitur
887 4796 1157 4871 quomodo
1179 4838 1194 4862 ,
1226 4805 1283 4849 ιιι
1326 4810 1497 4863 neque
1542 4792 1615 4847 illi
1660 4790 1966 4857 desuerent,
2018 4801 2112 4840 ne-

532 4915 637 4969 que
667 4898 720 4951 hi
750 4893 1076 4964 negligenter
1102 4898 1280 4959 agant,
1300 4886 1579 4941 audientes
1610 4883 1735 4937 illud
1760 4882 1944 4936 datum
1966 4893 2109 4943 esse,

532 5004 697 5061 penes
723 5002 820 5041 nos
850 4999 968 5040 esse
994 4980 1203 5036 initium
1233 4979 1394 5033 dicat.
1426 4978 1509 5031 12.
1546 4976 1857 5044 Quicumque
1872 4973 2003 5026 enim
2020 4971 2113 5023 ha-

531 5080 631 5145 bet,
660 5073 931 5131 dabiturei
956 5114 971 5137 ,
1020 5081 1068 5125 et
1114 5067 1427 5124 abundabit:
1469 5067 1765 5135 quicumque
1807 5072 1974 5116 autem
2013 5077 2114 5114 non

533 5173 702 5239 habet,
726 5178 770 5225 et
811 5166 948 5235 quod
988 5165 1189 5220 videtur
1223 5161 1401 5215 habere
1433 5162 1688 5229 auferetur
1717 5155 1779 5210 ab
1818 5171 1894 5210 eo.
1951 5152 2111 5208 Multa

533 5261 861 5317 obscuritate
914 5258 1127 5327 plenum
1160 5262 1244 5309 est
1273 5252 1322 5307 id
1345 5250 1486 5322 quod
1514 5249 1709 5305 dicitur
1728 5290 1745 5313 ,
1769 5244 2115 5301 ineffabilem-

535 5370 639 5425 que
657 5352 916 5424 justitiam
948 5346 1202 5404 ostendit.
1231 5344 1348 5401 Hoc
1373 5352 1553 5397 autem
1581 5339 1845 5413 signiﬁcat
1871 5353 1887 5390 :
1939 5336 2001 5391 Ei
2022 5335 2113 5405 qui

597 5533 611 5562 ι
651 5527 745 5600 Alit.
756 5528 958 5582 habent,
982 5522 1068 5576 sed
1091 5520 1489 5600 ipsos
1512 5519 1602 5572 sibi
1623 5518 1739 5583 ipsis
1763 5531 1854 5568 non
1874 5514 2115 5568 attenden-

535 5598 601 5644 τω
618 5590 829 5642 omnium
851 5601 953 5641 esse
976 5600 1172 5638 causam
1193 5585 1446 5636 malorum.

2228 2210 2496 2265 aes'tderto
2515 2218 2563 2263 et
2588 2207 2764 2263 studio
2785 2206 2972 2277 plenus
2998 2216 3098 2271 est,
3123 2207 3387 2263 dabuntur
3409 2225 3437 2264 a
3468 2211 3576 2265 Deo
3592 2214 3799 2268 omnia:

2223 2301 2272 2354 ei
2317 2314 2447 2356 vero
2474 2300 2565 2371 qui
2590 2299 2675 2354 his
2704 2315 2901 2356 vacuus
2929 2309 3049 2365 est,
3102 2315 3202 2355 nec
3251 2316 3313 2355 ea
3360 2317 3477 2372 qua:
3517 2319 3683 2374 penes
3736 2320 3799 2360 se

2223 2400 2349 2446 sunt
2375 2390 2536 2455 facit,
2585 2406 2758 2460 neque
2784 2406 2846 2445 ea
2876 2406 2995 2460 qua:
3024 2405 3051 2443 a
3087 2390 3197 2445 Deo
3221 2399 3343 2445 sunt
3391 2392 3656 2448 dabuntur
3700 2396 3795 2448 illi.

2224 2484 2374 2548 Nam,
2425 2483 2492 2538 Et
2529 2484 2663 2554 quod
2689 2484 2882 2538 videtur
2907 2483 3108 2551 habere,
3129 2482 3320 2554 inquit,
3344 2488 3603 2555 auferetur
3621 2487 3683 2540 ab
3702 2503 3760 2541 eo
3778 2504 3800 2541 :

2225 2594 2331 2631 non
2361 2578 2470 2631 Deo
2495 2576 2793 2642 auferente,
2816 2576 2910 2631 sed
2930 2590 3025 2630 sua
3052 2591 3157 2631 non
3176 2577 3467 2647 praebente.
3493 2578 3605 2634 Hoc
3623 2588 3678 2635 et
3698 2595 3799 2635 nos

2225 2669 2478 2724 facimus:
2514 2686 2634 2725 ctnn
2659 2670 2896 2724 videmus
2918 2668 3199 2739 quemdam
3221 2670 3453 2741 segniter
3475 2672 3802 2740 audientem.

2223 2774 2276 2819 et
2295 2764 2509 2819 monitis
2533 2764 2714 2819 multis
2741 2779 2845 2818 non
2866 2764 3246 2827 attendentem,
3277 2765 3493 2819 silemus
3522 2764 3800 2836 deinceps.

2222 2859 2354 2913 Nam
2380 2858 2423 2912 si
2453 2873 2673 2913 monere
2723 2871 3040 2928 pergamus,
3082 2870 3303 2928 augetur
3326 2859 3595 2928 segnities.
3644 2860 3803 2930 Cupi-

2223 2951 2348 3006 dum
2372 2960 2548 3005 autem
2575 2949 2814 3006 discendi
2835 2950 3172 3013 attrahimus,
3200 2950 3473 3021 multaque
3501 2954 3661 3007 verba
3685 2954 3803 3009 fun-

2226 3046 2423 3101 dimus.
2452 3044 2682 3100 Pulchre
2702 3060 2830 3100 vero
2851 3045 3003 3107 dixit,
3031 3045 3095 3099 Et
3121 3046 3256 3114 quod
3273 3046 3466 3099 videtur
3483 3047 3681 3102 habere.
3697 3048 3803 3102 Ne-

2223 3156 2328 3210 que
2350 3140 2487 3193 enim
2514 3138 2615 3193 hoc
2637 3139 2806 3208 ipsum
2831 3138 3009 3193 habet.
3043 3138 3247 3194 Deinde
3274 3138 3388 3195 haec
3408 3140 3633 3195 clariora
3679 3141 3801 3196 effi-

2224 3230 2291 3286 cit
2320 3272 2335 3294 ,
2367 3230 2657 3285 ostendens
2692 3229 2814 3298 quid
2834 3228 3069 3296 sitillud,
3093 3229 3313 3284 Habenti
3333 3231 3551 3297 dabitur,
3584 3231 3666 3285 his
3686 3247 3802 3285 ver-

2226 3324 2340 3377 bis:
2384 3321 2458 3375 Ab
2483 3339 2541 3375 eo
2565 3332 2733 3375 autem
2754 3322 2842 3391 qui
2864 3339 2962 3376 non
2979 3322 3143 3385 habet,
3170 3332 3216 3377 et
3242 3324 3379 3392 quod
3407 3324 3601 3377 videtur
3622 3323 3802 3377 habere

2223 3420 2481 3487 auferetur
2498 3414 2560 3467 ab
2590 3431 2666 3468 eo.
2701 3415 2785 3469 15.
2814 3413 2938 3468 Ideo
2957 3456 2971 3478 ,
3001 3414 3169 3485 inquit
3193 3456 3207 3478 ,
3235 3415 3289 3469 in
3324 3413 3579 3485 parabolis
3627 3414 3803 3483 loquor

2222 3507 2348 3574 ipsis
2367 3545 2383 3571 ,
2430 3504 2548 3574 quia
2568 3505 2787 3558 videntes
2810 3521 2912 3559 non
2932 3505 3116 3559 vident.
3150 3504 3310 3574 Atqui
3361 3503 3631 3574 aperiendi
3658 3545 3672 3567 ,
3723 3503 3803 3557 in-

2220 3602 2391 3671 quies,
2424 3599 2659 3669 ipsorum
2689 3598 2826 3653 oculi
2852 3606 3024 3662 erant,
3056 3598 3100 3653 si
3124 3613 3227 3652 non
3245 3597 3478 3653 videant.
3510 3596 3703 3651 Verum
3755 3598 3800 3652 si

2222 3706 2286 3746 ex
2305 3698 2491 3745 natura
2511 3689 2872 3751 caecitaserat,
2918 3688 3126 3758 aperire
3170 3687 3483 3758 oportebat;
3510 3686 3630 3756 quia
3672 3700 3800 3742 vero

2220 3781 2515 3838 voluntaria
2541 3781 2774 3848 caecitas,
2796 3780 2915 3835 ideo
2935 3793 3039 3834 non
3072 3779 3381 3849 simpliciter
3401 3777 3555 3831 dixit.
3580 3776 3695 3846 Non
3724 3777 3801 3830 vi-

2221 3874 2369 3940 dent;
2393 3874 2508 3937 sed,
2536 3870 2773 3926 Videntes
2794 3887 2895 3925 non
2914 3870 3104 3934 uident;
3128 3871 3196 3923 ita
3215 3876 3346 3924 utex
3366 3882 3549 3922 eorum
3566 3866 3799 3936 nequitia

2220 3965 2433 4020 caecitas
2455 3965 2544 4020 sit.
2577 3964 2833 4020 Viderunt
2848 3965 2988 4018 enim
3004 3962 3277 4018 daemonas
3296 3974 3562 4030 egressos,
3586 3968 3639 4013 et
3658 3958 3800 4014 dicc-

2223 4060 2349 4114 bant
2368 4080 2380 4115 :
2402 4058 2424 4111 1
2434 4077 2465 4112 n
2481 4057 2751 4113 Beelzebub
2777 4058 3001 4129 principe
3025 4053 3386 4110 daemoniorum
3401 4052 3536 4121 ejicil
3548 4050 3799 4105 dmnonia

2223 4154 2438 4225 (Matth.
2465 4154 2519 4209 9.
2538 4150 2652 4221 '54).
2672 4150 2964 4205 Audierant
2983 4147 3129 4202 illum
3144 4146 3289 4215 ipsos
3302 4144 3411 4199 Deo
3423 4143 3794 4209 adducentem,

2222 4254 2411 4301 etcum
2429 4244 2542 4298 Deo
2556 4255 2802 4311 magnum
2815 4251 3132 4293 consensum
3148 4234 3506 4296 exhibentem.
3525 4243 3578 4287 et
3594 4232 3798 4289 dicunt:

2227 4335 2325 4390 Hic
2344 4352 2446 4390 non
2466 4343 2538 4388 est
2560 4349 2624 4387 ea:
2644 4332 2770 4385 Deo.
2794 4329 2929 4397 Quia
2952 4327 3110 4398 igitur
3127 4325 3388 4380 contraria
3409 4332 3464 4380 et
3478 4325 3604 4379 visis
3630 4332 3685 4378 et
3703 4338 3800 4377 au-

2223 4427 2347 4482 ditis
2374 4417 3131 4489 exhibebant,ldeo,inquit,et
3146 4417 3315 4472 visum
3337 4424 3391 4473 et
3407 4416 3644 4471 auditum
3672 4416 3801 4485 ipsis

2222 4518 2424 4573 aufero.
2454 4514 2595 4570 Nihil
2615 4514 2758 4569 enim
2788 4511 2913 4566 hinc
2952 4509 3055 4564 illis
3082 4507 3437 4579 plusaecedit,
3480 4507 3581 4561 nisi
3631 4507 3800 4573 major

2222 4607 2515 4664 damnatio.
2538 4604 2653 4660 Non
2682 4602 2842 4657 modo
2868 4601 3012 4655 enim
3040 4614 3143 4653 non
3167 4597 3457 4653 credebant
3482 4637 3497 4661 ,
3528 4595 3621 4651 sed
3639 4596 3797 4650 etiam

2223 4700 2587 4770 increpabant,
2612 4694 2966 4757 accusabant,
3000 4690 3219 4745 insidias
3275 4689 3573 4744 struebant.
3605 4686 3799 4741 Verum

2222 4808 2329 4848 non
2359 4792 2463 4847 hoc
2494 4789 2652 4854 dicit;
2692 4801 2799 4842 non
2836 4784 2951 4838 vult
2998 4781 3141 4837 enim
3191 4794 3451 4835 onerosus
3498 4775 3803 4833 accusando

2223 4900 2367 4942 esse.
2395 4882 2549 4937 Initio
2569 4881 2764 4951 quippe
2801 4892 2906 4931 non
2931 4875 3008 4930 sic
3036 4889 3155 4929 eum
3187 4872 3293 4927 illis
3332 4868 3662 4933 disserebat,
3703 4866 3799 4922 sed

2222 4993 2342 5033 cum
2373 4988 2563 5045 magna
2590 4967 3004 5042 perspicuitate:
3051 4965 3172 5035 quia
3216 4978 3343 5017 vero
3372 4976 3491 5015 sese
3521 4967 3799 5031 perverte—

2223 5069 2371 5133 bant,
2397 5066 2450 5121 in
2478 5061 2744 5135 parabolis
2774 5058 2989 5114 demum
3046 5055 3300 5125 loquitur.
3349 5049 3551 5105 Deinde
3586 5064 3653 5104 ne
3683 5047 3804 5117 quis

2224 5166 2439 5231 putaret
2464 5157 2581 5212 btec
2624 5169 2719 5225 per
2742 5151 3064 5207 calumniam
3102 5148 3234 5209 dici,
3280 5159 3378 5200 nec
3402 5143 3642 5197 dicerent
3688 5140 3758 5194 illi
3787 5156 3802 5194 :

2225 5252 2475 5309 Inimicus
2498 5258 2681 5304 noster
2708 5253 2792 5302 est
2818 5245 2862 5299 is
2892 5244 2984 5312 qui
3014 5240 3343 5302 criminatur,
3370 5234 3683 5306 prophetam
3710 5231 3805 5285 ad-

2226 5346 2373 5403 ducit
2391 5344 2580 5402 eadem
2603 5344 2712 5411 ipsa
2745 5338 3124 5408 proferentem.
3172 5333 3260 5386 M.
3291 5329 3546 5399 Intpletur
3571 5326 3707 5381 enim
3748 5325 3805 5376 in

2227 5446 2371 5516 ipsis,
2405 5440 2597 5512 inquit,
2627 5434 2895 5508 prophetia
2919 5431 2942 5484 1
2951 5430 3071 5484 saia:
3091 5427 3261 5480 dicens
3286 5440 3303 5477 :
3330 5423 3520 5478 Audita
3543 5416 3760 5472 audietis
3780 5454 3802 5479 .,

2227 5504 2272 5594 et
2313 5504 2414 5594 non
2460 5504 2746 5599 intelligetis
2767 5543 2786 5591 ;
2813 5535 2858 5580 et
2885 5523 2993 5578 visu
3035 5517 3350 5588 percipietis,
3383 5524 3427 5567 ct
3453 5528 3553 5567 non
3579 5504 3804 5564 uidebitis
