4108 6376
366 431 465 486 475

362 550 381 616 (
412 545 537 598 luti.
565 540 616 596 6.
636 541 670 596 9
697 541 734 611 ).
769 537 950 592 Viden’
974 550 1132 606 quam
1159 542 1405 587 accurate
1435 532 1691 601 propheta
1733 537 1952 584 accuset

369 635 534 693 illos?
561 632 743 702 Neque
770 631 911 684 enim
931 629 1044 697 ipse
1069 626 1223 689 dixit,
1250 623 1366 678 Non
1394 624 1585 678 videtis
1609 641 1623 688 ;
1673 621 1768 677 sed
1789 662 1804 685 ,
1867 619 1956 673 Vi-

365 728 564 791 debitis,
593 735 639 778 et
669 739 769 776 non
796 720 1047 775 videbitis‘
1074 733 1089 782 ;
1142 732 1315 786 neque
1339 715 1505 779 dixit,
1540 713 1656 769 Non
1678 711 1906 768 audietis
1937 727 1952 776 ;

367 820 460 874 sed
487 861 502 885 ,
544 815 788 873 Audiens.
822 823 868 866 et
909 829 1009 864 non
1043 808 1353 880 intelligetis.
1384 807 1562 875 Quare
1601 806 1698 874 ipsi
1753 805 1957 873 seipsos

369 912 542 980 primo
566 905 932 967 excluserunt,
952 915 1107 955 aures
1132 900 1468 963 obturantes,
1497 898 1684 952 oculos
1705 896 1957 951 clauden-

368 1013 472 1065 tes,
496 1015 591 1054 cor
617 997 967 1050 obdurantes.
1001 993 1116 1048 Non
1149 992 1309 1046 modo
1330 991 1473 1046 enim
1496 1006 1600 1044 non
1636 988 1954 1049 audiebant,

367 1093 459 1146 sed
489 1100 545 1145 et
578 1089 664 1144 15.
692 1087 922 1140 Graviter
947 1084 1256 1145 audiebant;
1311 1081 1470 1150 idque
1497 1079 1762 1135 faciebant
1778 1080 1820 1140 ',
1875 1079 1956 1131 in-

367 1185 521 1256 quit,
556 1181 838 1246 Neqnnndo
866 1186 1242 1239 convertantur,
1289 1183 1334 1228 et
1381 1189 1552 1228 sanem
1604 1189 1726 1236 eos;
1785 1172 1958 1225 inten-

372 1293 486 1331 sam
515 1277 726 1330 illorum
759 1271 1052 1342 nequitiam
1083 1268 1326 1323 indicans
1344 1307 1364 1333 ,
1389 1265 1798 1322 etaversionem
1847 1274 1958 1316 stu-

374 1371 464 1424 dio
497 1377 755 1438 paratam.

441 1460 482 1513 2
541 1459 742 1511 Domini
791 1454 1131 1508 misericordia
1175 1454 1229 1506 in
1274 1450 1510 1507 Judwos.
1558 1447 1830 1504 Peccatum
1860 1463 1961 1502 non

373 1569 434 1606 cz
455 1561 637 1604 natura
655 1559 748 1610 est,
769 1555 856 1600 aut
885 1562 949 1599 ea:
974 1545 1280 1598 necessitate.
1305 1571 1374 1583 —-
1401 1542 1513 1596 Hoc
1529 1550 1706 1595 autem
1727 1540 1874 1600 dicit.
1906 1549 1966 1593 ut

337 1641 340 1643 Α
376 1645 493 1697 illos
521 1640 755 1695 attrahat
781 1639 1088 1705 incitctque,
1117 1647 1170 1689 et
1196 1634 1463 1696 ostendat,
1487 1633 1530 1685 si
1557 1641 1959 1691 convertantur,

375 1752 434 1791 se.
478 1736 622 1802 ipsos
651 1740 962 1785 sanaturum
995 1743 1116 1782 esse
1147 1744 1160 1780 :
1193 1741 1255 1780 ac
1283 1727 1325 1779 si
1357 1739 1478 1794 quis
1521 1723 1742 1783 diceret,
1789 1720 1964 1774 Noluit

379 1842 462 1879 lllt)
502 1825 704 1888 videre,
738 1833 790 1876 et
820 1820 1045 1889 gratiam
1095 1817 1307 1872 habeo:
1339 1831 1461 1868 nam
1511 1815 1554 1868 si
1589 1830 1672 1867 me
1717 1814 1964 1881 dignatus

381 1918 586 1979 fuisset,
607 1914 784 1968 statim
814 1910 1107 1966 ﬂectendus
1127 1924 1294 1963 eram.
1317 1908 1428 1961 Hoc
1455 1921 1612 1975 porro
1635 1906 1758 1959 dicit
1786 1915 1966 1958 osten-

378 2007 514 2062 dens
543 2003 812 2075 quomodo
838 2001 1213 2056 reconciliatus
1253 1998 1459 2053 fuisset.
1492 1995 1580 2051 Sic
1609 2005 1663 2050 et
1703 1997 1803 2048 hoc
1847 1994 1966 2048 loco

381 2103 452 2154 ait
479 2117 494 2154 :
533 2097 822 2166 Nequando
861 2103 1239 2159 convertantur,
1267 2101 1314 2144 et
1335 2107 1508 2144 sanem
1529 2103 1650 2152 eos;
1679 2085 1968 2141 ostendens

388 2207 546 2261 posse
569 2191 686 2244 illos
710 2189 972 2250 converti,
993 2197 1046 2241 et
1074 2201 1165 2254 per
1193 2181 1558 2253 paenitentiam
1583 2181 1805 2234 salutem
1832 2195 1933 2232 eon
1952 2207 1968 2217 -

383 2283 534 2352 sequi
568 2300 581 2336 :
631 2295 797 2349 seque
827 2297 930 2332 non
960 2277 1025 2332 ad
1053 2277 1274 2348 gloriam
1307 2289 1478 2339 suam,
1509 2271 1603 2326 sed
1646 2271 1711 2325 ad
1758 2271 1966 2324 illorum

388 2374 612 2427 salutem
656 2372 832 2425 omnia
865 2371 1058 2424 facere.
1110 2368 1165 2423 Si
1209 2367 1351 2422 enim
1383 2365 1639 2419 noluisset
1665 2377 1758 2416 eos
1785 2361 1969 2414 audire

385 2476 442 2520 et
468 2464 697 2528 servari,
732 2465 890 2518 silere
919 2461 1219 2530 oportebat,
1257 2476 1361 2512 non
1409 2459 1461 2512 in
1495 2457 1761 2526 parabolis
1793 2455 1968 2523 loqui:

389 2572 530 2611 nunc
553 2563 728 2610 autem
756 2555 856 2607 hoc
878 2554 993 2622 ipso
1017 2551 1198 2606 incitat
1216 2550 1355 2614 illos,
1374 2548 1514 2618 quod
1537 2547 1765 2601 obscure
1792 2546 1971 2612 loqua-

393 2660 497 2702 tur.
524 2647 655 2700 Natu
700 2645 839 2699 Deus
883 2661 985 2697 non
1034 2644 1136 2696 vult
1180 2651 1388 2693 mortem
1433 2639 1748 2709 peccatoris;
1786 2635 1873 2689 sed
1922 2645 1972 2688 ut

391 2749 709 2793 convertatur
730 2749 777 2791 et
803 2737 930 2791 vivat
970 2733 1180 2806 (Ezcclt.
1211 2734 1298 2788 18.
1327 2732 1440 2800 25).
1473 2729 1622 2796 Quod
1651 2741 1824 2782 autem
1856 2744 1976 2796 pec-

390 2843 566 2886 catum
597 2845 702 2884 non
732 2845 794 2883 ex
827 2839 1016 2882 natura
1043 2828 1112 2880 sit
1138 2834 1230 2879 aut
1253 2841 1320 2880 ex
1349 2823 1664 2877 necessitate
1695 2833 1744 2874 et
1778 2820 1976 2872 violen-

394 2925 486 2987 tia,
516 2922 636 2977 audi
661 2920 788 2992 quid
819 2919 1075 2990 apostolis
1105 2917 1246 2972 dicat
1275 2935 1289 2971 :
1322 2916 1410 2970 16.
1457 2912 1616 2966 Vestri
1641 2921 1806 2965 autem
1844 2909 1973 2963 beati

395 3014 550 3082 oculi,
575 3013 694 3083 quia
717 3011 906 3079 vident,
929 3021 974 3063 et
996 3025 1164 3071 aures,
1193 3008 1312 3076 quia
1351 3006 1605 3066 audiunt;
1635 3020 1739 3056 non
1768 3002 1834 3055 de
1862 3002 1975 3054 visu

397 3105 479 3159 vel
527 3103 708 3157 auditu
747 3102 988 3172 corporis
1040 3100 1281 3168 loquens,
1316 3096 1408 3151 sed
1447 3096 1514 3150 de
1552 3096 1667 3149 visu
1705 3103 1757 3146 et
1798 3092 1976 3145 auditu

398 3196 612 3250 mentis.
654 3195 825 3250 Judzei
855 3194 996 3248 enim
1024 3193 1187 3247 etiam
1234 3191 1288 3245 hi
1315 3199 1488 3251 erant,
1523 3198 1681 3258 atque
1709 3187 1760 3240 in
1793 3183 1979 3239 iisdem

401 3290 606 3344 educati
635 3307 648 3341 :
679 3289 806 3357 ipsis
832 3298 1009 3342 tamen
1039 3285 1172 3340 nihil
1205 3285 1387 3338 nocuit
1411 3280 1708 3351 prophetia,
1733 3279 1851 3347 quia
1885 3277 1981 3330 bo-

402 3397 590 3435 norum
635 3379 866 3433 radicem
901 3377 1167 3432 habebant
1198 3385 1340 3430 reete
1382 3373 1615 3436 insitam,
1656 3370 1981 3441 propositum

403 3489 593 3538 nempe
635 3480 690 3523 et
717 3470 1065 3522 voluntatem.
1106 3466 1287 3520 Viden’
1317 3464 1466 3524 illttd,
1510 3461 1659 3515 Vobis
1689 3461 1863 3513 datum
1892 3468 1983 3523 est,

407 3579 510 3615 non
544 3562 916 3615 necessitatem
967 3557 1186 3612 inditam
1236 3554 1578 3625 significare?
1620 3551 1804 3620 Neque
1843 3548 1984 3603 cnim

405 3653 545 3707 beati
578 3651 847 3722 pra-dicati
892 3651 1137 3713 fuissent,
1167 3647 1281 3702 nisi.
1307 3648 1502 3702 bonum
1529 3643 1655 3698 illud
1681 3659 1816 3711 opus
1844 3642 1987 3710 ipso-

407 3762 520 3800 rum
548 3744 754 3798 fuisset.
774 3743 850 3797 Ne
871 3743 1069 3796 dixeris
1097 3743 1264 3804 enim,
1287 3740 1430 3792 illum
1455 3738 1681 3791 obscure
1713 3737 1988 3802 loquntum

409 3836 612 3890 fuisse:
648 3844 892 3902 poterant
916 3834 1058 3887 enim
1100 3831 1173 3884 illi
1207 3841 1260 3883 et
1285 3828 1540 3884 accedere
1567 3836 1620 3881 et
1641 3828 1988 3893 interrogare,

407 3927 852 3997 quemadmodum
880 3937 934 3980 et
967 3925 1244 3992 discipuli;
1299 3922 1390 3975 sed
1444 3933 1658 3989 torpore
1704 3937 1767 3973 ac
1819 3917 1990 3986 negli-

407 4021 588 4091 gentia
627 4023 857 4088 correpti
905 4022 1207 4073 noltterunt.
1247 4015 1312 4068 Et
1340 4015 1464 4084 quid
1497 4013 1640 4076 dico,
1671 4010 1994 4066 noluerunt?

409 4114 614 4168 Etenim
644 4123 826 4165 contra
859 4111 1182 4164 nitebantur.
1216 4107 1330 4162 Non
1368 4107 1539 4161 soluat
1568 4106 1709 4160 enim
1740 4122 1843 4158 non
1874 4121 1994 4158 crc-

407 4205 607 4258 debant
630 4217 728 4257 nec
748 4201 1052 4265 audiebant,
1073 4200 1164 4255 sed
1182 4200 1342 4254 etiam
1362 4197 1762 4267 impugnabant,
1781 4206 1834 4250 et
1857 4211 1998 4266 aegre

408 4295 696 4349 admodum
738 4293 880 4348 dicta
911 4292 1218 4355 audiebant,
1255 4289 1396 4360 quod
1442 4289 1757 4358 prophetam
1801 4287 1998 4342 inducit

409 4400 770 4450 accusantem,
793 4399 913 4438 cum
938 4383 1087 4447 dicit,
1121 4382 1350 4436 Graviter
1373 4381 1666 4434 audierunt.
1693 4379 1764 4433 At
1790 4394 1895 4432 non
1922 4378 1998 4432 illi

413 4478 550 4531 tales
588 4478 844 4529 fuerunt:
889 4483 1214 4544 quapropter
1235 4472 1421 4526 beatos
1459 4471 1671 4525 dicebat
1714 4486 1829 4523 eos.
1879 4468 2008 4522 Alio

413 4583 627 4638 quoque
655 4569 815 4622 modo
839 4567 1121 4620 confirmat
1160 4565 1305 4633 ipsos
1332 4563 1415 4617 his
1443 4562 1622 4616 verbis
1654 4578 1668 4614 :
1721 4562 1808 4615 17.
1843 4561 2000 4612 Amen

413 4662 605 4730 quippe
628 4660 741 4714 dico
769 4659 928 4720 vobis,
946 4659 1092 4711 multi
1119 4658 1378 4728 propheta:
1399 4665 1448 4709 et
1475 4655 1606 4726 justi
1633 4655 1896 4708 voluerunt
1925 4656 2002 4706 vi-

417 4759 538 4806 dere
547 4763 662 4824 qua:
676 4768 761 4806 vos
777 4751 1026 4816 videtis,et
1041 4766 1141 4802 non
1157 4750 1459 4813 uiderunt,et
1476 4747 1655 4800 audire
1669 4761 1782 4815 qua:
1795 4746 2004 4812 auditis,

416 4854 463 4897 et
491 4860 594 4896 non
618 4843 922 4905 audierunt;
955 4856 1148 4910 nempe
1176 4840 1460 4893 adventum
1501 4853 1701 4902 meum,
1726 4835 2001 4899 miracula,

418 4951 630 5000 vocem,
647 4934 960 4988 doctrinam.
999 4932 1096 4987 Hic
1129 4946 1286 5000 porro
1323 4945 1417 4984 eos
1443 4945 1548 4983 non
1577 4928 1736 4982 modo
1784 4925 2007 4996 perditis

421 5031 536 5083 istis
564 5038 617 5083 et
643 5043 870 5097 nequam
902 5025 1226 5090 hominibus,
1257 5023 1349 5078 sed
1394 5023 1553 5078 ctiam
1587 5021 1859 5091 praeclaris
1903 5019 2005 5072 illis

421 5122 720 5189 anteponit,
753 5135 874 5173 cmn
903 5117 1032 5171 dicit
1054 5133 1148 5171 eos
1172 5115 1436 5171 beatiores
1467 5114 1571 5167 illis
1596 5128 1716 5167 esse
1736 5112 1758 5164 ?
1781 5113 1884 5165 Cur
1913 5126 2008 5164 au-

426 5213 572 5267 tem?
599 5211 732 5280 Quia
784 5227 890 5264 non
939 5209 1100 5264 modo
1129 5225 1247 5278 qua:
1287 5207 1456 5262 Judmi
1495 5222 1603 5259 non
1634 5205 1880 5258 viderunt
1910 5203 2006 5271 ipsi

425 5305 692 5368 videbant,
727 5303 821 5358 sed
852 5303 1012 5357 etiam
1041 5316 1103 5355 ea
1135 5316 1254 5368 qua:
1282 5298 1441 5368 prisci
1474 5297 1546 5351 illi
1585 5295 1768 5350 videte
1806 5310 2008 5348 concu-

429 5400 636 5468 pierant
652 5397 694 5451 ³.
721 5397 796 5450 Illi
827 5411 1056 5465 namque
1084 5394 1185 5448 fide
1217 5399 1421 5446 tantum
1445 5389 1725 5452 viderunt;
1755 5388 1808 5440 hi
1835 5397 2010 5440 autem

432 5495 558 5561 ipsis
599 5493 789 5556 oculis,
819 5501 873 5545 et
901 5490 1054 5559 longe
1082 5487 1297 5542 clarius.
1322 5485 1521 5540 Viden’
1569 5480 1838 5554 quomodo
1863 5488 2011 5534 vete-

430 5601 544 5641 rem
575 5586 741 5654 legem
773 5583 962 5636 iturum
1000 5596 1123 5633 cum
1150 5593 1283 5631 nova
1315 5576 1550 5646 c0pulet,
1578 5571 1869 5628 ostendens
1898 5569 2014 5624 illos

497 5721 511 5750 ί
547 5725 686 5765 t-‘orte
710 5713 992 5775 legendum,
1017 5721 1175 5775 .\'cque
1195 5709 1341 5775 enim
1370 5707 1474 5770 ipse
1487 5704 1645 5775 dicit,
1668 5717 1761 5753 non
1785 5702 1888 5756 risu
1909 5716 1984 5767 ρει
1999 5725 2026 5738 ο

433 5777 650 5843 cipietis;
673 5766 814 5843 sed”:
837 5766 1248 5843 tisupercipietis,
1273 5777 1319 5821 et
1341 5766 1435 5819 non
1453 5766 1684 5819 videbitis.
1713 5783 1734 5812 ι

496 5845 516 5874 ²
553 5836 656 5900 Alii,
681 5838 826 5901 idque
849 5836 1068 5901 faciebat.

501 5906 522 5935 ³
553 5895 661 5953 Duo
819 5895 1016 5960 addunt,
1037 5905 1078 5946 rt
1104 5910 1194 5946 non
1220 5895 1454 5945 viderant.

1340 417 1403 471 ΓΝ
1445 413 1850 471 MATTiiEUil
1892 414 2120 468 llOMlL.
2167 413 2324 469 XLV.
2367 416 2437 470 al.
2483 416 2662 472 XLVI;

3545 423 3656 478 ιτι

2066 544 2171 584 non
2222 531 2384 586 modo
2431 530 2602 586 futura
2647 532 2864 598 vidisse,
2893 531 2988 587 sed
3017 532 3178 587 etiam
3210 533 3361 588 valde
3387 538 3644 606 concupi-

2061 623 2240 678 visse?
2269 622 2451 692 Neque
2479 624 2525 678 si
2564 624 2720 678 alieni
2748 623 2856 684 dei.
2888 631 2942 678 et
2983 624 3108 679 huic
3135 626 3388 679 contrarii
3414 626 3649 681 cultores

2063 715 2309 782 fuissent,
2340 717 2392 771 id
2417 716 2830 771 desiderassent.
2857 721 2882 771 t’
2892 717 2944 771 8.
2971 715 3072 771 Vos
3099 733 3234 783 vero,
3262 718 3450 788 inquit,
3469 718 3650 786 quibus

2061 810 2116 863 id
2142 810 2316 863 datum
2343 819 2433 870 est.
2464 811 2637 864 audite
2662 809 2956 879 parabotam
3001 811 3329 874 seminantis;
3375 821 3428 867 et
3470 821 3651 867 narrat

2061 918 2128 957 ea
2155 918 2273 973 qua:
2320 918 2479 972 supra
2528 904 2781 966 diximus,
2813 903 2881 959 de
2911 904 3138 974 segnitie
3181 914 3236 959 et
3260 905 3553 976 diligentia,
3583 905 3652 961 de

2063 1008 2206 1052 metu
2234 1006 2287 1052 et
2317 996 2648 1061 fortitudine,
2673 997 2740 1051 de
2767 995 2966 1051 divitiis
2993 1007 3048 1050 et
3077 1007 3390 1066 paupertate
3416 1017 3430 1052 :
3463 1008 3650 1052 osten-

2062 1087 2197 1142 dens
2209 1087 2525 1142 etdamnum
2550 1088 2672 1142 inde
2690 1097 2742 1141 et
2763 1088 3044 1142 utilitatem
3065 1086 3190 1142 hinc
3213 1100 3434 1156 partam.
3454 1087 3653 1143 Deinde

2063 1179 2244 1232 varios
2282 1178 2486 1232 inducit
2526 1177 2737 1232 virtutis
2776 1177 2982 1231 modos.
3015 1176 3147 1232 Nam
3193 1178 3497 1232 misericors
3523 1193 3647 1231 cmn

2065 1269 2155 1334 sit,
2183 1285 2289 1324 non
2333 1284 2492 1323 unam
2538 1270 2752 1338 aperuit
2777 1269 2947 1335 viam,
2978 1283 3152 1338 neque
3194 1268 3349 1334 dixit,
3384 1268 3494 1322 Nisi
3534 1270 3655 1336 quis

2064 1361 2414 1416 centesimum
2467 1361 2693 1415 fructum
2742 1360 2959 1424 fecerit,
3011 1360 3057 1414 is
3105 1358 3338 1422 decidit;
3392 1359 3508 1424 sed,
3553 1360 3656 1426 Qui

2066 1456 2486 1523 sexagesimum,
2536 1453 2644 1505 imo
2689 1451 2780 1521 qui
2831 1452 3160 1520 trigesimum
3211 1449 3435 1516 fecerit,
3477 1451 3656 1505 salvus

2067 1545 2185 1599 erit.
2223 1544 2355 1599 illud
2378 1555 2559 1598 autem
2590 1546 2667 1598 sic
2691 1543 2972 1614 disposuit,
3003 1553 3058 1596 ut
3082 1543 3286 1597 facilior
3312 1543 3396 1596 via
3425 1543 3496 1597 ad
3518 1544 3659 1597 salu-

2071 1647 2178 1692 tem
2200 1647 2362 1692 esset.
2383 1637 2449 1691 Et
2476 1646 2530 1690 tn
2554 1651 2681 1706 ergo
2710 1652 2813 1689 non
2845 1643 2998 1704 potes
3027 1637 3382 1705 virginitatem
3407 1636 3658 1690 servare?

2069 1732 2226 1786 Caste
2261 1731 2585 1785 connubinm
2627 1730 2794 1783 ineas.
2827 1729 2940 1783 Non
2977 1737 3124 1797 potes
3152 1744 3274 1784 esse
3300 1729 3415 1782 sine
3446 1741 3660 1799 posses-

2070 1825 2264 1880 sione?
2320 1825 2398 1879 De
2447 1825 2599 1878 battis
2651 1824 2754 1877 tuis
2799 1824 3013 1892 largire.
3044 1821 3157 1876 Non
3209 1830 3359 1891 potes
3400 1821 3498 1875 hoe
3526 1835 3660 1873 onus

2073 1917 2252 1972 ferre?
2294 1915 2428 1971 Cum
2455 1915 2664 1970 Christo
2693 1916 2829 1969 booa
2865 1915 3061 1969 divide.
3105 1915 3220 1969 Non
3273 1916 3350 1967 vis
3395 1914 3493 1982 ipsi
3532 1914 3661 1968 dare

2073 2010 2292 2064 ontnia?
2324 2009 2417 2064 Vel
2450 2007 2747 2074 dimidiam,
2779 2006 2861 2061 vel
2893 2009 3101 2062 tertiam
3133 2016 3338 2073 partem
3369 2006 3513 2059 dato.
3533 2004 3662 2059 Fra-

2075 2111 2156 2157 ter
2187 2111 2306 2156 tuus
2361 2110 2445 2156 est
2481 2110 2534 2155 et
2572 2101 2800 2156 coheres
2835 2108 2958 2150 tttns
2998 2116 3011 2150 :
3057 2097 3139 2151 fac
3177 2097 3326 2150 illum
3365 2095 3454 2149 hic
3503 2099 3663 2151 etiam

2075 2192 2419 2248 coheredem.
2452 2191 2814 2259 Quaecumque
2840 2190 2914 2243 illi
2938 2189 3176 2253 dederis,
3217 2189 3311 2243 tibi
3355 2188 3453 2258 ipsi
3491 2187 3663 2241 dabis.

2077 2283 2192 2339 Non
2233 2284 2384 2338 audis
2413 2282 2537 2349 quid
2584 2281 2714 2335 dicit
2755 2281 3056 2349 propheta?
3103 2281 3424 2350 Propinqnos
3462 2277 3667 2332 seminis

2082 2378 2156 2431 tui
2181 2393 2242 2430 ne
2266 2375 2513 2443 despicias
2547 2373 2696 2446 (Isai.
2727 2375 2816 2429 58.
2844 2375 2926 2441 7).
2959 2373 3016 2428 Si
3048 2388 3176 2428 vero
3201 2384 3456 2442 cognatos
3483 2371 3669 2439 despi-

2079 2483 2206 2522 cere
2238 2482 2341 2520 non
2387 2474 2622 2535 oportet,
2651 2465 2821 2518 multo
2865 2465 3040 2518 llllllllS
3085 2465 3386 2528 Dominum,
3415 2463 3503 2531 qui
3545 2477 3668 2516 cum

2081 2559 2318 2614 dominio
2337 2557 2496 2612 etiam
2517 2556 2851 2627 cognationis
2876 2557 2964 2624 jus
2987 2565 3161 2610 tecum
3189 2553 3367 2620 habet,
3393 2554 3666 2620 multoque

2083 2653 2236 2722 plura
2261 2652 2382 2704 alia.
2403 2650 2535 2704 Nam
2568 2650 2881 2718 participem
2913 2659 2964 2704 te
2986 2647 3111 2702 fecit
3137 2649 3398 2701 bonorum
3425 2661 3669 2709 suorum,

2084 2761 2204 2799 cum
2237 2743 2366 2797 nihil
2395 2758 2423 2796 a
2457 2751 2507 2796 te
2537 2741 2852 2810 accepisset,
2886 2751 2941 2795 et
2986 2740 3088 2794 hoc
3117 2738 3367 2793 ineffabili
3412 2737 3671 2792 beneficio

2089 2847 2141 2892 te
2169 2837 2315 2908 prior
2354 2843 2715 2904 provocasset.
2743 2832 3024 2901 Quomodo
3069 2833 3229 2901 igitur
3273 2846 3377 2884 non
3409 2839 3552 2885 esset
3573 2844 3671 2884 ex—

2090 2940 2276 2983 tremm
2301 2927 2584 2981 dementiae
2615 2933 2737 2995 post
2778 2935 2980 2977 tantum
3011 2923 3210 2978 donum
3257 2921 3539 2988 benignum
3566 2935 3674 2974 non

2087 3018 2250 3085 effici,
2275 3034 2373 3073 nec
2413 3018 2581 3071 vicem
2605 3015 2766 3068 ullam
2796 3029 2893 3084 pro
2929 3022 3072 3067 tanta
3101 3013 3269 3082 gratia
3297 3010 3543 3072 reddere,
3571 3010 3675 3063 mi-

2090 3113 2232 3166 nima
2261 3127 2357 3179 pro
2385 3108 2628 3179 magnis?
2676 3108 2808 3162 Nam
2853 3108 2964 3176 ipse
2993 3117 3045 3160 te
3070 3105 3184 3160 eieli
3213 3103 3480 3159 heredem
3508 3102 3672 3165 fecit;

2095 3216 2148 3257 tu
2176 3219 2303 3258 vero
2324 3203 2422 3270 ipsi
2447 3218 2514 3256 ne
2540 3210 2874 3255 terrenorum
2897 3198 3110 3269 quidem
3133 3197 3404 3266 quidpiam
3433 3192 3678 3264 largiris?

2024 3335 2041 3352 .
2095 3296 2212 3364 Ipse
2241 3293 2437 3348 nullius
2482 3301 2533 3348 te
2562 3291 2688 3346 boni
2726 3301 3021 3354 auctorem,
3055 3289 3148 3344 sed
3179 3298 3234 3344 et
3277 3289 3551 3343 inimicum
3577 3287 3678 3339 sibi

2093 3386 2492 3451 reconciliavit;
2523 3392 2577 3438 tu
2608 3398 2738 3438 vero
2766 3397 2868 3438 nec
2891 3383 3063 3436 amico
3091 3396 3191 3436 nec
3219 3379 3544 3437 benefactori
3577 3377 3679 3446 ipsi

2093 3479 2363 3548 quidpiam
2413 3477 2689 3541 retribuis,
2719 3490 3040 3544 quamquam
3087 3484 3140 3528 et
3183 3483 3307 3528 ante
3350 3486 3594 3541 regnum,
3627 3477 3683 3523 et

2095 3580 2221 3624 ante
2245 3579 2439 3624 ca‘tera
2477 3567 2678 3628 omnia,
2709 3583 2774 3620 cx
2800 3582 2867 3620 eo
2905 3567 3022 3636 ipso
3051 3564 3193 3633 quod
3221 3564 3338 3628 das,
3367 3563 3590 3632 gratiam
3629 3561 3680 3614 ei

2096 3662 2295 3714 referre
2324 3658 2563 3713 debeas?
2591 3657 2800 3711 Etenim
2833 3657 3005 3710 liberti
3026 3657 3125 3724 (a),
3155 3655 3243 3722 qui
3275 3655 3433 3708 heros
3455 3668 3583 3708 suos
3613 3650 3684 3704 ad

2098 3752 2400 3806 convivium
2431 3749 2676 3814 invitant,
2710 3763 2814 3800 non
2853 3747 3091 3814 praebere.
3119 3746 3366 3814 gratiam,
3401 3743 3494 3798 sed
3540 3743 3684 3796 acci-

2101 3857 2227 3907 pere
2254 3849 2478 3896 censent
2501 3881 2517 3907 ,
2564 3841 2650 3894 hic
2678 3855 2803 3893 vero
2825 3849 3034 3893 contra.
3067 3838 3179 3891 Non
3206 3839 3348 3892 enim
3374 3852 3568 3890 servus
3589 3836 3686 3889 do-

2104 3935 2327 3996 minum,
2363 3932 2456 3985 sed
2497 3930 2745 3986 dominus
2767 3945 2979 3982 servum
3023 3929 3167 3997 prior
3197 3927 3412 3980 vocavit
3439 3926 3504 3979 ad
3533 3941 3687 3979 men-

2102 4039 2251 4088 sam;
2285 4034 2338 4076 tu
2367 4037 2494 4075 vero
2536 4038 2603 4075 ne
2651 4032 2830 4090 postea
2857 4019 3074 4089 quidem
3105 4019 3252 4072 illutn
3281 4018 3488 4071 vocas?
3536 4016 3690 4070 Prius

2106 4126 2157 4170 te
2186 4115 2287 4168 sub
2316 4123 2511 4168 tectum
2539 4128 2695 4166 suum
2739 4111 3067 4175 introduxit;
3119 4121 3172 4162 tu
3217 4124 3344 4164 vero
3372 4123 3470 4162 nec
3495 4121 3690 4162 secun-

2104 4206 2206 4261 dus
2231 4205 2280 4260 id
2311 4203 2467 4274 agis?
2509 4203 2586 4258 Te
2629 4202 2828 4257 nudum
2858 4201 3064 4265 induit;
3112 4208 3168 4254 tu
3211 4215 3340 4254 vero
3390 4199 3563 4267 ipsum
3595 4212 3693 4251 nec

2110 4297 2445 4367 peregrinum
2470 4295 2705 4365 excipis?
2733 4295 2943 4349 Prinms
2971 4293 3062 4346 tibi
3091 4308 3156 4347 ex
3187 4292 3352 4346 calice
3380 4305 3478 4346 suo
3511 4299 3694 4358 potum

2107 4387 2286 4451 dedit;
2322 4395 2376 4441 tu
2409 4402 2535 4442 vero
2567 4401 2632 4441 ne
2657 4401 2846 4454 aquam
2877 4384 3094 4452 quidem
3123 4382 3367 4451 frigidam
3399 4381 3536 4435 das?
3586 4381 3692 4434 Po-

2111 4491 2223 4534 tum
2251 4478 2401 4534 dedit
2430 4478 2524 4532 tibi
2563 4477 2819 4546 Spiritum
2855 4487 3098 4529 sanctmn
3124 4491 3139 4540 ;
3174 4483 3226 4528 tu
3255 4487 3386 4527 vero
3409 4487 3477 4527 ne
3501 4486 3696 4540 corpo-

2111 4587 2254 4626 ream
2297 4571 2441 4626 sitim
2466 4569 2583 4638 ejus
2623 4567 2822 4622 sedas?
2867 4567 3054 4621 l’otum
3099 4565 3248 4620 dedit
3277 4563 3532 4634 Spiritum
3577 4561 3693 4627 tibi,

2109 4660 2432 4716 cruciatibus
2476 4660 2675 4729 digno;
2723 4667 2780 4712 tu
2820 4672 2950 4711 vero
2990 4655 3259 4710 sitientem
3290 4652 3544 4722 despicis,
3576 4667 3698 4707 cum

2114 4761 2290 4806 tamen
2313 4766 2378 4804 ex
2401 4749 2566 4820 ipsius
2591 4748 2746 4802 bonis
2765 4747 2942 4801 omnia
2970 4745 3256 4816 largiturus
3300 4743 3415 4798 sis?

2184 4865 2236 4919 ὃ.
2271 4863 2601 4932 Eleemosyna
2630 4857 3300 4915 commendatur.—Nonne
3324 4869 3574 4926 magnum
3599 4854 3704 4909 du-

2114 4958 2194 5013 cis
2218 4966 2269 5012 te
2297 4955 2545 5026 poculum
2571 4953 2699 5007 illud
2723 4961 2927 5017 tenere,
2945 4966 3013 5006 ex
3037 4965 3144 5018 quo
3172 4948 3437 5003 bibiturus
3455 4945 3706 5002 Christus

2117 5060 2221 5115 est,
2252 5059 2308 5105 et
2331 5050 2503 5118 ipsum
2530 5047 2613 5103 ori
2641 5044 2990 5102 admoturus?
3038 5045 3232 5097 Annon
3275 5041 3448 5103 vides,
3472 5040 3573 5094 soli
3614 5055 3704 5093 sa-

2118 5141 2325 5197 cerdoti
2377 5140 2538 5194 licere
2591 5136 2866 5207 sanguinis
2911 5135 3135 5190 calicem
3180 5133 3391 5186 tradere
3413 5130 3490 5201 (ὁ)
3507 5131 3538 5184 ?'
3572 5131 3705 5198 Ego,

2121 5232 2290 5304 inquit
2315 5231 2424 5295 ille,
2445 5229 2558 5284 hac
2584 5244 2690 5282 non
2723 5236 2827 5281 tam
2852 5233 3097 5280 accurate
3117 5223 3374 5292 dispicio;
3403 5221 3508 5277 sed
3524 5220 3574 5275 si
3593 5219 3710 5288 ipse

2123 5325 2337 5382 dederis
2360 5321 2584 5391 accipio.
2608 5318 2830 5374 Etiamsi
2857 5318 3022 5372 laicus
3049 5316 3144 5380 sis,
3165 5330 3270 5369 non
3301 5329 3512 5377 recuso,
3533 5326 3708 5380 neque

2123 5415 2265 5487 quod
2291 5413 2414 5469 dedi
2453 5420 2660 5483 repeto.
2701 5409 2817 5464 Non
2857 5409 2999 5464 enim
3028 5408 3342 5477 sanguinem
3369 5420 3582 5474 quaere,
3611 5402 3706 5458 sed

2126 5521 2314 5578 aquam
2340 5502 2601 5574 frigidam.
2615 5500 2802 5572 Cogita
2817 5500 2902 5556 cui
2923 5507 3104 5570 potum
3127 5497 3240 5561 des,
3254 5508 3309 5552 et
3330 5494 3703 5566 perhorresce.

2189 5678 2262 5739 (α)
2296 5677 2349 5726 In
2370 5683 2548 5739 Grarco,
2573 5685 2726 5739 suam,
2747 5670 2875 5739 quod
2901 5678 2977 5720 est
3000 5670 3058 5739 ad
3079 5664 3713 5739 litteram,dontesticizfed

2127 5727 2206 5788 hic.
2226 5727 2304 5798 agi
2329 5736 2525 5786 ontnino
2537 5727 2741 5798 videtur
2754 5727 3118 5798 dedomesticis
3131 5729 3227 5779 illis
3249 5729 3354 5791 qui,
3374 5728 3478 5776 heri
3497 5731 3570 5776 sui
3598 5727 3724 5775 libe-

2127 5796 2340 5859 ralitate,
2370 5799 2645 5859 libertatem
2669 5796 2831 5859 adepti
2858 5801 3014 5844 erant.

2197 5863 2268 5926 (ὁ)
2304 5849 2394 5910 soli
2418 5858 2655 5910 sacerdoti
2680 5849 2857 5908 licebat
2876 5854 3127 5918 sanguinis
3150 5851 3351 5904 calicem
3376 5849 3593 5902 tradere.
