4108 6376
416 388 521 442 Lib

414 506 600 576 Cogita
622 514 675 561 te
689 504 892 563 Christi
916 505 1251 562 sacerdotem
1282 505 1420 570 ﬁeri,
1448 520 1571 560 cum
1596 518 1757 559 manu
1787 501 2001 573 pr0pria

414 596 511 650 llas
555 612 661 652 non
707 613 950 663 carnem,
996 597 1090 652 sed
1139 611 1362 667 panem,
1394 612 1501 651 non
1542 596 1876 665 sanguinem,
1908 592 2003 648 sed

417 691 637 745 calicem
670 706 820 762 aqua:
867 691 1094 762 frigidae.
1132 691 1307 746 Induit
1335 699 1386 745 te
1414 691 1735 745 veSIimento
1758 689 1999 751 salutari,

412 791 465 836 et
487 782 586 836 hoc
610 798 704 851 per
732 784 999 853 seipsum;
1032 794 1087 837 tu
1116 784 1304 837 saltem
1328 799 1422 853 per
1447 796 1660 837 servum
1679 779 2001 836 iudue.Glo-

413 874 616 929 riosum
648 883 700 930 te
741 875 868 931 fecit
915 876 968 931 in
1017 875 1194 940 caelis;
1245 884 1301 929 tu
1329 890 1360 929 a
1391 874 1585 944 frigore
1634 873 1782 927 illum
1828 872 1997 941 eripe,

414 980 515 1019 nec
544 981 650 1020 non
692 965 759 1022 ab
789 967 1040 1022 indecora
1079 966 1338 1021 nuditate.
1370 965 1693 1035 Angelorum
1739 974 1790 1019 te
1817 964 2000 1019 conci-

412 1072 533 1112 rem
581 1058 740 1124 fecit;
792 1069 848 1113 tu
880 1061 1051 1129 ipsum
1083 1060 1185 1114 sub
1215 1070 1356 1115 tecto
1398 1058 1607 1129 excipe,
1637 1059 1825 1113 saltem
1864 1060 2003 1113 sicut

416 1166 580 1206 unum
626 1168 692 1208 ex
744 1154 955 1207 tantulis
987 1155 1090 1207 tuis
1119 1154 1263 1208 domi
1295 1154 1568 1224 excipias;
1610 1154 1714 1208 hoc
1755 1153 1998 1209 diverso-

413 1244 551 1294 rium
584 1258 691 1297 non
728 1260 940 1309 recuso,
973 1245 1097 1299 licet
1126 1253 1294 1299 totum
1336 1245 1431 1299 tibi
1457 1245 1647 1301 caelum
1675 1244 1999 1315 aperuerim.

411 1332 487 1388 Te
507 1350 537 1389 a
566 1337 885 1406 gravissimo
913 1352 1132 1393 carcere
1155 1337 1323 1407 eripui
1346 1355 1361 1403 ;
1396 1337 1496 1393 hoc
1520 1354 1549 1392 a
1572 1347 1623 1392 te
1653 1354 1757 1392 non
1783 1346 1997 1406 expeto,

411 1442 513 1482 nec
542 1427 684 1492 dico,
729 1428 893 1499 Eripe
923 1445 1043 1491 me;
1086 1430 1181 1485 sed
1227 1430 1272 1484 si
1317 1446 1404 1484 me
1436 1431 1668 1484 vinctum
1712 1430 1916 1493 videas,
1947 1428 1999 1485 id

407 1516 543 1572 mihi
587 1518 654 1572 ad
683 1520 1103 1574 consolationem
1134 1519 1266 1576 satis
1292 1531 1395 1575 est.
1428 1521 1691 1575 Mortuum
1734 1529 1785 1575 te
1825 1520 1997 1576 susci-

414 1608 561 1675 tavi;
607 1610 660 1664 id
704 1625 732 1663 a
779 1618 829 1665 te
855 1626 958 1665 non
990 1614 1167 1680 exigo,
1196 1614 1290 1667 sed
1334 1612 1478 1672 dico,
1506 1628 1593 1667 me
1619 1623 1875 1681 aegrotum
1906 1627 1998 1665 so-

411 1697 684 1755 lummodo
712 1702 913 1757 visites.
954 1703 1085 1759 Cum
1117 1719 1245 1773 ergo
1275 1713 1420 1758 tanta
1450 1705 1558 1759 sint
1592 1704 1752 1771 dona,
1786 1715 1998 1774 tamque

409 1789 544 1847 levia
582 1802 921 1862 expetantur,
956 1810 1053 1849 nec
1081 1804 1256 1850 tamen
1288 1796 1373 1850 illa
1420 1797 1771 1865 pr:ebeamus,
1801 1805 1995 1867 quanta

412 1898 517 1938 non
546 1884 713 1940 simus
739 1886 882 1956 digni
915 1887 1203 1957 gehenna?
1231 1889 1357 1945 lure
1381 1891 1430 1943 in
1459 1891 1633 1960 ignem
1660 1891 1870 1945 abimus
1901 1906 1998 1960 pa-

413 1983 587 2031 ratum
614 1976 827 2031 diabolo
853 1987 906 2033 et
928 1981 1133 2050 angelis
1156 1983 1295 2050 ejus,
1319 1996 1440 2036 cum
1469 1996 1575 2036 non
1604 1983 1806 2051 majore
1834 1997 1994 2051 quam

411 2074 559 2134 petra
586 2081 747 2124 sensu
777 2070 983 2139 prmditi
1013 2072 1203 2127 simus.
1235 2073 1459 2140 Quanta:
1484 2075 1627 2129 enim
1673 2075 1998 2145 stupiditatis

407 2168 516 2224 est,
542 2175 727 2231 quaeso
765 2170 835 2227 te,
867 2179 1127 2227 nos,cum
1155 2176 1299 2222 tanta
1340 2170 1725 2239 acceperimus,
1766 2180 1820 2225 et
1850 2179 1994 2225 tanta

408 2253 679 2319 accepturi
710 2254 898 2319 simus,
930 2270 1115 2311 servos
1142 2274 1262 2313 esse
1286 2261 1649 2329 pecuniarum,
1674 2277 1807 2332 quas
1839 2263 1997 2333 paulo

410 2352 592 2409 postea
622 2345 704 2399 vel
745 2346 891 2400 inviti
924 2347 1331 2419 relinquemus?
1375 2354 1435 2407 Et
1479 2354 1568 2407 alii
1611 2355 1829 2424 quidem
1872 2357 1992 2409 atti-

413 2450 553 2490 niam
602 2438 865 2494 dederunt
914 2442 1103 2511 ipsam,
1138 2454 1190 2499 et
1236 2446 1548 2514 sanguinem
1602 2446 1889 2501 fuderunt:
1937 2459 1993 2502 tu

410 2541 536 2583 vero
567 2544 635 2585 ne
663 2532 929 2601 superﬂua
970 2535 1191 2604 quidem
1240 2536 1449 2608 largiris
1504 2550 1723 2608 propter
1768 2556 1988 2611 regnum

421 2666 3271 2693 ΜΨ*

1158 388 1215 446 S.
1255 387 1532 445 JOANNIS
1566 384 2038 444 CHRYSOSTOMI
2080 383 2397 442 ARCIIIEP.
2428 385 2964 445 CONSTANTINOP.

3594 390 3697 445 £76

2109 502 2385 565 canorum,
2414 512 2631 571 propter
2662 512 2740 556 tot
2764 503 3031 558 coronas?
3059 502 3123 558 Et
3154 519 3258 571 qua
3299 504 3492 574 dignus
3533 504 3699 561 fueris

2111 593 2284 656 venia,
2320 609 2422 664 qua
2444 595 2807 658 excusatione,
2844 594 2935 664 qui
2974 597 3176 649 semina
3209 597 3260 651 in
3294 608 3490 652 terram
3522 597 3695 654 liben~

2110 692 2194 738 ter
2223 685 2467 754 projicis,
2500 686 2590 755 qui
2622 686 2753 740 nulli
2799 687 2874 741 rei
2916 688 3091 756 parcis
3119 688 3185 741 ad
3219 690 3471 757 pecunias
3498 690 3700 747 fmnore

2110 776 2401 843 locandas;
2430 793 2549 833 cum
2582 788 2761 833 autem
2801 779 2974 849 agitur
2999 779 3066 833 de
3110 780 3334 835 Domino
3367 798 3461 850 per
3499 798 3700 853 egenos

2108 870 2325 935 alendo,
2358 871 2679 926 inhumanus
2715 872 2987 942 durusque
3016 872 3115 927 es?
3167 874 3289 929 llaec
3316 875 3494 945 itaque
3519 879 3696 934 omnia

2107 962 2425 1031 cogitantes.
2464 963 2750 1031 animoque
2792 973 3121 1033 reputantes,
3151 979 3270 1034 quae
3310 968 3695 1034 acceperimus,

2123 1062 2246 1118 qua:
2267 1050 2544 1119 accepturi
2565 1051 2760 1117 simus,
2785 1068 2907 1122 quae
2938 1069 2967 1107 a
3010 1053 3165 1107 nobis
3196 1067 3543 1127 expetantur,
3571 1074 3691 1113 oni-

2126 1154 2249 1193 nem
2302 1157 2493 1196 curam
2534 1153 2776 1199 nostram
2827 1147 2879 1199 in
2912 1147 3288 1217 Spiritualibus
3316 1150 3699 1205 exhibeainus.

2107 1234 2284 1291 Simus
2333 1236 2545 1292 tandem
2574 1238 2837 1293 mansueti
2868 1249 2922 1294 et
2966 1239 3203 1305 humani,
3249 1255 3316 1294 ne
3365 1240 3699 1295 intolerabile

2107 1327 2423 1398 supplicium
2444 1328 2601 1384 nobis
2615 1329 2963 1387 attrahamus.
2978 1330 3107 1397 Qua:
3126 1332 3267 1385 enim
3292 1347 3389 1386 nos
3409 1332 3695 1389 damnandi

2105 1433 2266 1473 causa
2297 1435 2403 1474 non
2434 1421 2687 1490 suppetit,
2716 1422 2805 1491 qui
2851 1438 2971 1477 cum
3016 1430 3093 1476 tot
3135 1423 3402 1494 tantisque
3431 1424 3693 1489 fruamur,

2105 1528 2207 1568 nec
2251 1529 2499 1584 magnum
2527 1514 2651 1584 quid
2692 1524 3023 1585 expetatura
3055 1516 3242 1582 nobis;
3287 1517 3393 1571 imo
3436 1517 3557 1571 talia
3597 1532 3697 1571 ex-

2106 1614 2373 1675 petantur,
2403 1621 2521 1674 qua:
2548 1606 2629 1659 vel
2671 1606 2819 1660 inviti
2864 1606 2950 1660 hic
2993 1606 3375 1676 relinquemus,
3406 1615 3610 1662 tantum
3639 1606 3693 1663 in

2104 1696 2266 1751 rebus
2286 1697 2630 1752 swcularibus
2651 1699 2881 1752 studium
2914 1700 2982 1752 im
2992 1699 3320 1769 pendamus?
3346 1699 3546 1755 Horum
3577 1702 3693 1757 sin-

2104 1789 2227 1858 gula
2272 1798 2395 1844 sunt
2431 1790 2496 1844 ad
2541 1806 2638 1845 nos
2677 1791 3008 1847 damnandos
3055 1794 3224 1859 satis;
3274 1794 3317 1847 si
3362 1810 3489 1849 vero
3514 1797 3692 1853 omnia

2104 1882 2263 1935 simul
2291 1893 2633 1944 concurrant,
2655 1898 2775 1953 qure
2801 1900 2924 1952 spes
2954 1885 3143 1939 salutis
3169 1886 3309 1940 erit?
3340 1886 3408 1942 Ut
3432 1903 3560 1957 ergo
3579 1903 3695 1942 om-

2103 1989 2225 2028 nem
2257 1973 2394 2029 hanc
2424 1974 2820 2030 damnationem
2850 1974 3133 2046 fugiamus,
3176 1977 3461 2047 quamdam
3505 1979 3692 2034 saltem

2103 2080 2226 2135 erga
2258 2080 2458 2135 egenos
2500 2065 2875 2121 liberalitatem
2929 2068 3296 2123 cxhibeamus.
3328 2068 3415 2124 Sic
3461 2071 3601 2123 enim
3641 2080 3696 2125 et

2106 2158 2466 2227 prmsentibus
2498 2168 2551 2213 et
2579 2158 2769 2213 futuris
2798 2160 3038 2214 fruemur
3082 2160 3234 2215 bonis
3267 2182 3280 2217 :
3330 2177 3447 2231 qua:
3494 2163 3692 2215 utinam

2104 2264 2204 2304 nos
2250 2265 2439 2305 omnes
2479 2251 2690 2321 assequi
2734 2253 3026 2322 contingat,
3058 2254 3227 2322 gratia
3278 2262 3332 2308 et
3371 2254 3695 2325 benignitate

2104 2340 2316 2395 Domini
2348 2342 2513 2395 nostri
2542 2340 2665 2396 Jesu
2692 2341 2911 2409 Christi,
2936 2344 3019 2397 cui
3048 2343 3216 2414 gloria
3244 2353 3301 2399 et
3325 2344 3604 2414 imperium
3634 2345 3688 2399 in

2104 2432 2299 2487 Saecula
2329 2432 2670 2488 saeculorum.
2706 2434 2899 2490 Anien.

1507 2772 1853 2841 HOMILIA
1898 2774 2123 2837 XLVI.
2169 2776 2256 2839 al.
2316 2776 2573 2838 XLVII.

408 2903 539 2962 Car.
571 2909 659 2964 15.
693 2926 745 2963 v.
778 2910 869 2966 2i.
930 2914 1098 2967 Alium
1149 2915 1441 2983 parabolam
1482 2920 1741 2989 proposuit
1779 2920 1872 2981 eis,
1909 2920 1994 2971 tli-

481 3016 598 3053 cens
623 3016 641 3054 :
666 3001 848 3059 Simile
872 3005 1065 3074 factum
1089 3017 1160 3061 est
1184 3023 1393 3077 regnnnt
1431 3010 1667 3064 cwlorum
1697 3011 1886 3063 homini
1908 3011 1996 3081 qui

474 3092 692 3145 seminat
729 3094 912 3149 bonum
942 3114 1108 3151 semen
1152 3099 1205 3153 in
1245 3117 1369 3171 agro
1392 3118 1501 3155 suo.
1540 3101 1633 3161 25.
1663 3101 1788 3156 Cum
1827 3112 1995 3156 autent

503 3183 779 3239 dormirent
808 3187 1057 3254 homines,
1089 3191 1222 3245 venit
1248 3193 1359 3261 ejus
1381 3193 1632 3257 inimicus,
1663 3203 1709 3248 et
1733 3195 1995 3249 seminavit

474 3274 673 3329 sisania
706 3295 799 3347 per
820 3281 1041 3335 medium
1078 3282 1251 3347 tritici,
1277 3294 1322 3337 et
1350 3284 1494 3337 abiit.
1527 3284 1617 3339 ΞΒ.
1642 3285 1716 3357 (α)
1747 3285 1873 3339 Cum
1898 3303 1994 3339 au-

475 3375 579 3419 tem
598 3369 829 3423 crevisset
854 3371 1006 3425 herba
1034 3383 1080 3427 et
1105 3378 1326 3445 fructum
1354 3376 1571 3445 fecisset,
1603 3386 1721 3431 tunc
1742 3394 1995 3447 apparue-

476 3468 596 3512 runt
622 3470 670 3513 et
708 3462 924 3515 zizania.
957 3464 1046 3518 27.
1090 3465 1390 3521 Accetlentes
1418 3484 1530 3523 vero
1572 3469 1701 3522 servi
1750 3470 1994 3540 patrisfa-

476 3553 668 3619 milias,
706 3556 947 3609 dixerunt
989 3558 1035 3610 ei
1062 3573 1081 3611 :
1123 3557 1356 3625 Domine,
1387 3577 1554 3613 nonne
1594 3559 1782 3615 bonum
1824 3578 1991 3615 semen

474 3647 736 3701 seminasti
763 3649 817 3703 in
846 3666 971 3720 agro
1000 3652 1129 3704 tuo?
1173 3653 1309 3706 unde
1341 3670 1459 3723 ergo
1486 3654 1683 3707 zizania
1701 3656 1727 3709 ?
1768 3654 1860 3709 28.
1891 3653 1991 3719 Qui

475 3736 604 3790 dixit
630 3738 702 3791 eis
719 3755 737 3792 :
765 3738 1008 3795 Inimicus
1034 3743 1183 3795 homo
1212 3745 1307 3796 hoc
1331 3746 1466 3813 fecit.
1499 3745 1646 3799 Servi
1665 3754 1828 3799 antem
1850 3746 1993 3800 dixe-

474 3842 593 3885 runt
612 3835 658 3886 ei
674 3850 694 3889 :
727 3833 812 3889 Vis
830 3852 970 3907 ergo,
988 3838 1224 3891 abeamus
1244 3849 1290 3891 et
1313 3840 1613 3910 colligamus
1639 3858 1697 3895 ea
1714 3842 1739 3894 ?
1773 3840 1865 3895 29.
1891 3840 1991 3896 Ille

475 3932 643 3976 autem
672 3924 837 3980 dixit:
870 3926 922 3979 Ν
927 3944 1013 3993 on,
1056 3945 1117 3981 ne
1142 3933 1271 3999 forte
1312 3929 1601 3999 colligentes
1627 3931 1845 3995 zizania,
1874 3948 1988 3985 era-

475 4014 650 4068 dicetis
682 4017 832 4070 simul
869 4034 981 4070 cum
1012 4023 1082 4073 eis
1122 4029 1168 4073 et
1207 4021 1445 4075 triticum.
1476 4021 1564 4075 30.
1599 4022 1763 4076 Sinite
1782 4031 1992 4093 utraque

474 4124 697 4162 crescere
715 4126 872 4172 usque
891 4111 959 4164 ad
980 4128 1185 4166 messem
1209 4129 1225 4165 :
1253 4121 1302 4167 et
1328 4122 1445 4166 tunc
1466 4114 1632 4167 dicam
1656 4116 1955 4169 messoribus
1969 4132 1988 4169 :

476 4200 709 4271 Colligite
738 4203 955 4273 primum
980 4204 1196 4258 zizania.

480 4296 528 4347 Ι.
574 4292 744 4364 Hujus
772 4304 823 4348 et
844 4298 1121 4365 superioris
1161 4298 1417 4366 parabole:
1444 4298 1736 4353 discrimen.
1786 4298 1988 4354 Diaboli

401 4402 622 4441 errorem
646 4387 928 4442 inducentis
954 4391 1191 4443 versutia.
1226 4388 1517 4461 Vigilontia:
1545 4394 1829 4446 necessitas.
1864 4391 1991 4446 Ilae-

401 4481 609 4533 reticnm
635 4481 861 4536 occidere
897 4499 997 4536 non
1037 4493 1253 4552 oportet.
1276 4483 1503 4551 —-Quid
1549 4486 1769 4539 interest
1798 4484 1987 4539 discri-

400 4571 559 4625 minis
590 4573 730 4627 inter
758 4572 894 4628 hanc
915 4584 970 4628 et
999 4575 1328 4643 superiorem
1376 4574 1682 4644 parabolam
1704 4576 1730 4629 ἰ)
1761 4576 1871 4630 Illic
1903 4577 1984 4631 lo-

398 4664 579 4734 quitur
619 4664 686 4718 de
725 4665 790 4719 iis
840 4665 927 4734 qui
980 4680 1083 4719 non
1127 4665 1503 4730 attenderuut,
1537 4666 1631 4720 sed
1684 4667 1985 4721 resilientes

399 4757 604 4811 semina
649 4756 986 4825 projeeerunt
1013 4776 1024 4810 :
1054 4757 1141 4812 hic
1165 4758 1232 4811 de
1260 4757 1630 4811 haereticorum
1659 4758 1886 4812 coitibus
1909 4760 1986 4811 lo-

397 4848 597 4917 quitur.
630 4846 707 4902 Ne
739 4848 880 4902 enim
909 4848 1200 4917 discipulos
1227 4848 1487 4913 turbaret,
1520 4849 1784 4917 praedixit,
1839 4860 1985 4919 post-

395 4954 555 5010 quam
586 4939 843 4994 docuerat
869 4940 1007 5007 illos,
1027 4954 1124 4994 cur
1150 4939 1204 4993 in
1231 4939 1496 5008 parabolis
1528 4940 1853 5010 loqueretur.
1884 4941 1985 4995 Pa-

394 5032 577 5087 rabola
604 5032 689 5087 illa
719 5032 950 5097 dicebat,
976 5048 1082 5087 non
1109 5042 1413 5101 susceptum
1463 5034 1674 5101 ipsum;
1728 5034 1843 5090 haec
1884 5051 1983 5089 au-

395 5132 524 5189 tem,
547 5132 890 5193 corruptores
909 5124 1066 5179 simul
1091 5134 1390 5194 susceptos.
1427 5124 1549 5179 Hmc
1569 5126 1765 5195 quippe
1785 5125 1987 5181 diaboli

397 5217 630 5270 versutia
661 5226 763 5281 est,
795 5225 852 5270 ut
874 5231 995 5271 eum
1043 5217 1267 5270 veritate
1294 5232 1506 5285 semper
1531 5218 1877 5272 commisceat
1898 5233 1985 5272 er-

394 5322 597 5373 rorem,
624 5308 708 5361 cui
754 5308 992 5362 veritatis
1035 5308 1271 5363 colorem
1302 5317 1357 5363 et
1385 5309 1787 5366 similitudinem
1828 5308 1984 5365 affin-

393 5406 502 5467 gat,
535 5399 602 5451 ita
651 5407 708 5453 ut
734 5399 1004 5467 simplices
1035 5398 1191 5454 facile
1224 5401 1611 5456 circumvenire
1640 5402 1825 5471 possit.
1858 5401 1981 5457 Ideo

395 5505 501 5545 non
550 5491 654 5544 alia
703 5492 926 5556 semina,
956 5508 1113 5562 quam
1160 5494 1359 5547 zizania
1408 5494 1559 5557 dixit,
1607 5496 1749 5565 quod
1794 5512 1981 5551 semen

393 5582 574 5651 specie
614 5582 828 5651 quidem
861 5583 1124 5637 frumento
1165 5585 1337 5637 simile
1384 5596 1485 5639 ρει.
1533 5585 1732 5641 Deinde
1763 5588 1980 5641 modum

395 5672 709 5729 insidiarum
737 5675 890 5729 dicit.
909 5674 1042 5729 Dum
1069 5676 1346 5731 dormirent
1368 5678 1615 5744 homines,
1646 5679 1831 5749 inquit.
1863 5679 1983 5739 Non

449 5811 534 5876 (a)_
556 5819 672 5876 Qua:
697 5820 982 5876 _s_eq_uuntur
1012 5812 1263 5876 usquead
1283 5814 1472 5876 initium
1494 5811 1706 5862 bomiliae
1726 5813 1906 5871 desunt
1928 5814 1979 5863 in

389 5871 555 5924 ﬂoret.
577 5871 595 5925 ἰ
622 5871 713 5926 sed
737 5871 981 5927 habentur
1004 5876 1052 5925 in
1074 5871 1215 5925 Savil.
1243 5882 1295 5926 et
1319 5875 1368 5924 in
1392 5874 1574 5938 aliquot
1596 5876 1945 5940 uanuseriptis.

2106 2933 2328 2987 parvum
2381 2917 2469 2974 hic
2513 2918 2832 2988 prmsulibus
2876 2919 3192 2988 proponitur
3240 2921 3588 2990 praecipitium
3637 2931 3692 2976 et

2106 3009 2418 3079 perieulum,
2449 3010 2640 3079 quibus
2669 3010 2898 3064 maxime
2927 3010 3041 3065 arvi
3068 3026 3193 3065 cura
3226 3012 3539 3066 demandata
3566 3023 3647 3068 est
3671 3031 3687 3078 ;

2103 3116 2280 3169 neque
2309 3101 2413 3157 illis
2447 3110 2671 3165 tantum,
2699 3102 2791 3156 sed
2820 3103 2981 3157 etiam
3028 3103 3274 3158 subditis.
3316 3103 3558 3160 Ostendit
3597 3123 3691 3160 au-

2104 3202 2231 3259 tem,
2264 3209 2505 3249 errorem
2532 3203 2651 3263 post
2676 3194 2949 3249 veritatem
2989 3195 3238 3259 venisse;
3283 3195 3333 3249 id
3359 3196 3499 3266 quod
3528 3198 3689 3252 etiam

2080 3302 2281 3341 rerum
2330 3297 2554 3341 eventus
2613 3288 2944 3342 testiﬁcatur.
3005 3287 3137 3342 Nam
3198 3299 3316 3358 post
3382 3292 3683 3360 prophetas,

2103 3376 2618 3447 pseudoprOphette;
2664 3385 2781 3447 post
2828 3378 3119 3447 apostolos,
3151 3378 3602 3449 pscudoapostoli,
3634 3392 3690 3436 et

2099 3479 2218 3538 post
2249 3468 2539 3531 Christum,
2570 3470 2953 3525 Antichristus.
2997 3468 3109 3523 Nisi
3140 3470 3283 3525 enim
3326 3470 3571 3525 diabolus
3613 3474 3690 3525 vi-

2099 3558 2240 3613 derit
2271 3559 2395 3629 quid
2439 3559 2635 3613 imitari
2684 3560 2871 3627 possit,
2904 3567 2993 3613 aut
3021 3559 3216 3627 quibus
3266 3560 3524 3625 insidiari,
3556 3562 3685 3616 nihil

2101 3651 2413 3706 insidiarum
2446 3652 2616 3721 ponit,
2648 3651 2779 3705 nihil
2811 3652 2977 3706 novit.
3022 3652 3175 3707 Nune
3220 3668 3369 3723 ergo,
3398 3654 3523 3723 quia
3554 3654 3685 3709 vidit

2097 3744 2258 3796 alium
2281 3742 2631 3797 centesimum
2661 3742 2876 3807 fecisse,
2895 3742 3060 3797 alium
3082 3744 3501 3815 sexagesimum,
3521 3744 3685 3800 alium

2100 3833 2454 3904 trigesimum,
2480 3834 2583 3889 alia
2614 3833 2867 3902 deinceps
2899 3834 3097 3889 incedit
3135 3837 3238 3889 via.
3285 3834 3417 3902 Quia
3448 3836 3590 3889 enim
3635 3835 3688 3891 id

2097 3926 2239 3996 quod
2275 3925 2481 3981 radices
2508 3934 2759 3995 posuerat
2785 3927 3032 3995 abripere
3072 3942 3178 3982 non
3226 3936 3452 3996 poterat,
3510 3942 3686 3997 neque

2096 4019 2378 4082 suffocare,
2410 4019 2494 4074 vel
2521 4019 2863 4084 comburere,
2899 4035 2996 4090 per
3037 4012 3195 4073 aliam
3248 4020 3505 4073 fallaciam
3553 4021 3687 4075 insi-

2094 4112 2293 4179 diatur,
2327 4127 2420 4166 sua
2466 4113 2709 4166 inserens
2758 4112 2898 4167 aliis.
2934 4112 3000 4166 Et
3053 4112 3105 4165 in
3151 4127 3257 4181 quo
3302 4111 3569 4172 differunt.
3600 4112 3684 4166 iii-

2095 4204 2267 4273 quies,
2305 4204 2355 4258 hi
2387 4204 2718 4258 dormientes
2745 4204 2811 4257 ab
2862 4205 2925 4258 iis
2967 4203 3057 4273 qui
3090 4218 3184 4273 per
3215 4206 3355 4258 viam
3398 4205 3681 4275 signiﬁeati

2095 4295 2347 4350 fuerant?
2375 4296 2527 4366 Quod
2561 4296 2803 4351 videlicet
2834 4295 2903 4349 i‘hi
2932 4296 3109 4348 statim
3155 4295 3479 4365 abripuerit;
3512 4313 3685 4366 neque

2094 4388 2236 4441 enim
2267 4388 2473 4441 radices
2505 4402 2703 4455 ponere
2730 4386 2973 4457 permisit
3002 4402 3014 4438 :
3053 4386 3138 4440 hic
3166 4402 3291 4439 vero
3321 4387 3523 4455 majore
3550 4404 3684 4456 opus

2094 4478 2339 4532 habuerit
2370 4478 2617 4532 artificio.
2669 4478 2793 4531 llmc
2838 4488 3017 4531 autem
3047 4476 3176 4531 dicit
3206 4476 3470 4545 Christus,
3503 4487 3558 4531 ut
3582 4479 3682 4533 do-

2092 4581 2212 4624 ceat
2258 4584 2471 4638 semper
2502 4586 2619 4625 esse
2663 4570 3010 4640 vigilandum.
3044 4570 3263 4623 Etiamsi
3293 4571 3458 4635 enim,
3492 4571 3679 4641 inquit,

2096 4664 2211 4719 lure
2252 4674 2575 4718 nocumcnta
2602 4664 2843 4734 elfngias,
2873 4664 3012 4718 aliud
3035 4665 3210 4718 adhuc
3235 4674 3499 4735 superest.
3534 4668 3680 4722 Sicut

2091 4756 2233 4810 enim
2267 4756 2335 4810 ibi
2366 4770 2462 4825 per
2486 4756 2642 4820 viam,
2674 4770 2771 4825 per
2807 4766 3009 4825 petram
3037 4764 3093 4809 et
3130 4772 3226 4825 per
3269 4759 3490 4834 spinas;
3522 4760 3598 4813 sic
3626 4770 3680 4815 et

2092 4846 2178 4901 hic
2207 4862 2301 4916 per
2329 4861 2574 4900 somnum
2622 4847 2885 4918 pernicies
2913 4847 3119 4901 accedit
3144 4866 3156 4902 :
3191 4862 3521 4920 quapropter
3548 4853 3680 4906 assio

2089 4938 2193 4991 dua
2225 4953 2359 5006 opus
2389 4946 2471 4991 est
2509 4938 2770 4992 custodia.
2801 4936 2921 4991 Ideo
2948 4938 3161 4993 dicebat
3188 4956 3201 4993 :
3239 4940 3339 5007 Qui
3368 4951 3534 4994 autem
3561 4960 3674 5010 per-

2086 5031 2386 5084 severaverit
2426 5047 2581 5096 usque
2606 5031 2658 5083 in
2686 5031 2859 5098 ﬁnem,
2905 5031 2985 5084 llic
3011 5033 3181 5086 salvus
3212 5034 3303 5087 erit
3347 5033 3557 5104 (Matth.
3590 5035 3672 5092 10.

2088 5122 2203 5191 22).
2237 5122 2423 5178 Simile
2447 5122 2721 5193 quidpiam
2752 5124 2802 5177 iu
2831 5124 3093 5194 principio
3113 5126 3324 5180 accidit.
3357 5126 3504 5182 Multi
3533 5130 3675 5183 enim

2088 5215 2357 5269 antistites
2405 5215 2678 5284 improbos
2728 5216 2874 5270 viros
2906 5214 3291 5271 hreresiarcbas
3336 5220 3574 5273 occultos
3619 5220 3673 5275 in

2091 5309 2357 5363 Ecclesias
2409 5309 2747 5375 inducentes,
2800 5309 3101 5379 hujusmodi
3158 5311 3363 5365 insidiis
3406 5314 3675 5367 struendis

2088 5402 2394 5456 facultatem
2435 5416 2677 5472 magnam
2732 5404 3029 5470 pra‘hucrc.
3078 5401 3261 5472 Neque
3308 5404 3449 5457 enim
3496 5404 3676 5459 labore

2085 5511 2221 5566 OptlS
2267 5503 2350 5549 est
2377 5494 2611 5558 diabolo,
2647 5504 2924 5565 postquam
2972 5494 3274 5563 hujusmodi
3327 5494 3572 5550 homines
3623 5496 3674 5549 in

2088 5588 2266 5643 medio
2294 5587 2538 5642 inseruit.
2586 5587 2943 5656 thuomodo
2976 5587 3087 5641 ﬁeri
3122 5597 3320 5656 potest,
3354 5588 3584 5655 inquies,
3618 5597 3673 5642 ut

2085 5696 2190 5736 non
2217 5679 2526 5735 dormiant?
2568 5677 2805 5733 Naturali
2834 5678 3049 5748 quidem
3077 5692 3288 5743 somno,
3320 5680 3430 5733 lieri
3457 5679 3671 5749 nequit;

2085 5771 2375 5826 voluntatis
2395 5785 2605 5833 somno,
2636 5784 2811 5824 secus.
2844 5769 3181 5839 Quapropter
3202 5769 3399 5826 Paulus
3432 5771 3669 5825 diccbat:

2094 5864 2332 5938 Vigtlate,
2345 5874 2471 5919 state
2486 5864 2539 5919 in
2554 5862 2655 5933 ﬁde
2670 5862 2723 5936 (ι
2737 5902 2751 5919 .
2768 5861 3100 5935 Cor.l6.13).
3116 5860 3225 5918 Nec
3244 5864 3453 5918 noxiam
3473 5869 3668 5929 solum,
