4108 6376
385 412 481 467 ΓΠ
1344 396 1409 452 ΙΝ
1446 394 1853 452 ΜᾹΤΤΗᾸἮΜ
1893 393 1953 448 Hi

2061 393 2120 449 L.
2148 394 2347 455 ,XLVI.
2388 396 2458 452 al.
2501 397 2697 453 XLVII.

332 538 342 546 '
383 524 474 579 sed
504 528 561 577 et
587 516 911 588 superﬂuam
944 527 1059 569 rem
1083 509 1337 566 ostendit.
1361 508 1497 565 Nam
1527 517 1807 579 postquam
1836 522 1965 577 ager

379 616 558 670 cultus
583 611 700 677 fuit,
717 625 838 664 cum
865 607 1008 662 nulla
1037 621 1097 661 re
1114 620 1250 675 opus
1278 613 1380 669 est,
1398 614 1523 657 tunc
1543 602 1799 665 seminat;
1823 599 1963 670 quod

380 716 437 760 et
466 704 704 760 haeretici
733 702 952 764 faciunt,
984 699 1075 769 qui
1106 698 1319 751 nonnisi
1352 706 1569 766 propter
1612 710 1803 749 vanam
1850 696 1966 764 glo-

382 796 519 849 riam
546 809 809 849 venenum
841 808 997 847 suum
1027 789 1292 859 injiciunt.
1340 787 1522 858 Neque
1549 803 1611 842 ex
1643 786 1727 841 his
1763 797 1963 840 tantum

382 886 587 951 verbis,
614 885 706 940 sed
738 884 900 940 etiam
927 898 994 937 ex
1025 881 1391 951 sequentibus,
1419 890 1580 933 telam
1613 879 1825 933 illorum
1853 893 1969 932 sce-

385 994 509 1033 nam
535 985 783 1031 accurate
800 974 1086 1030 describit:
1115 971 1242 1028 Cum
1269 972 1556 1042 pullulavit,
1582 971 1770 1040 inquit,
1791 969 1963 1035 herba,

383 1077 431 1121 et
460 1071 683 1140 fructum
711 1068 844 1129 tulit,
867 1076 985 1120 tunc
1011 1073 1356 1136 apparuerunt
1390 1072 1436 1116 et
1466 1063 1666 1115 zizania
1694 1077 1713 1115 .'
1749 1060 1890 1131 quod
1913 1070 1968 1115 et

386 1160 483 1227 ipsi
516 1158 737 1213 faciunt.
762 1157 920 1212 lnitio
948 1171 1179 1226 namque
1206 1170 1326 1209 sese
1352 1154 1619 1209 occultant
1645 1170 1658 1205 :
1688 1161 1965 1223 postquam

382 1264 513 1304 vero
535 1250 799 1318 majorem
826 1264 1083 1317 accepere
1105 1248 1380 1309 ﬁduciam,
1410 1256 1464 1299 et
1501 1246 1708 1315 copiam
1741 1245 1952 1299 dicendi

385 1340 531 1395 nacti
582 1350 743 1401 sunt.
803 1352 933 1394 tunc
993 1340 1146 1394 virus
1213 1337 1518 1392 ell‘undunt.
1590 1337 1702 1390 Cur
1765 1346 1950 1391 autem

385 1444 572 1484 servos
628 1430 856 1495 inducit,
890 1446 1011 1495 quae
1062 1429 1305 1483 accidere
1354 1425 1671 1481 narrantes?
1703 1425 1771 1480 Ut
1832 1426 1959 1480 hinc

381 1530 565 1571 ansam
598 1516 821 1587 arripiat
864 1516 1075 1572 dicendi
1127 1534 1233 1571 non
1276 1517 1599 1572 occidendos
1651 1518 1770 1573 illos
1820 1534 1957 1573 esse.

382 1609 657 1664 Inimicum
686 1610 957 1665 hominem
985 1621 1139 1664 vocat
1162 1612 1331 1675 illum,
1357 1610 1425 1664 ob
1446 1611 1637 1666 damna
1661 1628 1779 1680 qua:
1807 1598 1965 1666 infert

382 1699 687 1756 hominibus
716 1718 731 1757 :
774 1702 1025 1756 damnum
1056 1703 1198 1757 enim
1228 1718 1326 1756 nos
1356 1703 1593 1768 impetit:
1628 1704 1807 1757 damni
1836 1719 1964 1759 vero

380 1776 585 1849 initium
613 1811 717 1850 non
742 1796 864 1849 odio
888 1797 1077 1860 nostri,
1102 1795 1195 1850 sed
1214 1795 1337 1849 odio
1358 1797 1446 1851 Dei
1475 1797 1666 1850 factum
1691 1806 1793 1851 est.
1816 1796 1964 1852 Unde

379 1888 551 1957 palam
583 1898 685 1952 est,
722 1889 884 1944 Deum
916 1906 1013 1944 nos
1037 1889 1203 1959 magis
1233 1889 1476 1959 diligere,
1501 1905 1659 1959 quam
1687 1906 1783 1943 nos
1810 1905 1839 1943 a
1867 1904 1964 1944 no—

377 1980 460 2035 bis
491 1981 620 2052 ipsis
670 1981 976 2051 diligamur.
1008 1982 1113 2038 Sed
1164 1982 1379 2036 aliunde
1426 1983 1609 2037 videre
1639 1992 1721 2037 est
1765 1982 1961 2037 diaboli

374 2076 687 2129 versutiam.
719 2074 834 2129 Non
881 2076 1023 2129 enim
1073 2077 1302 2130 antehac
1348 2077 1648 2141 seminavit,
1677 2077 1798 2146 quia
1830 2077 1960 2131 nihil

374 2165 516 2235 quod
544 2164 789 2235 perderet
817 2166 1035 2232 habuit;
1068 2167 1163 2221 sed
1212 2183 1332 2220 eum
1358 2168 1534 2222 omnia
1566 2169 1721 2237 plena
1754 2177 1957 2233 essent,

376 2267 436 2310 ut
459 2267 624 2311 totum
655 2259 904 2330 agricolae
949 2259 1183 2315 studium
1212 2260 1561 2315 labefactaret
1589 2279 1602 2315 :
1640 2263 1719 2316 sic
1746 2262 1962 2317 inimico

376 2364 503 2419 erga
532 2350 681 2404 illum
714 2351 893 2405 animo
923 2361 1112 2406 cuncta
1141 2351 1388 2407 faciebat.
1416 2353 1545 2407 Vide
1574 2363 1750 2407 autem
1780 2370 1960 2409 servo-

373 2458 491 2496 rum
522 2443 878 2513 diligentiam.
926 2444 1059 2498 Nam
1087 2445 1287 2499 zizania
1319 2445 1426 2499 cito
1452 2447 1686 2501 evellere
1715 2447 1958 2517 cupiunt,

372 2536 580 2590 etiamsi
612 2536 663 2590 id
712 2551 815 2591 non
859 2538 1202 2593 considerate
1245 2539 1444 2593 faciant
1494 2558 1507 2594 :
1557 2539 1698 2607 quod
1748 2540 1959 2595 illorum

370 2627 509 2681 circa
542 2628 743 2682 semina
775 2629 1188 2685 sollicitudinem
1219 2629 1475 2696 declarat,
1508 2632 1787 2701 argnitque
1815 2633 1962 2701 ipsos

373 2717 438 2771 ad
471 2735 632 2773 unum
660 2728 864 2774 tantum
894 2722 1182 2788 respicere,
1201 2736 1309 2775 non
1337 2737 1443 2790 quo
1473 2732 1628 2791 pacto
1651 2722 1743 2777 ille
1773 2739 1960 2793 poenas

368 2808 459 2862 det
489 2827 501 2863 :
536 2825 709 2878 neque
736 2812 877 2865 enim
927 2812 1053 2865 illud
1087 2813 1155 2865 ita
1206 2822 1395 2882 urget;
1431 2813 1525 2867 sed
1580 2830 1648 2868 ne
1693 2814 1836 2881 jacta
1870 2830 1956 2869 se-

372 2901 510 2953 mina
555 2912 798 2970 pereant.
828 2902 950 2956 ldeo
982 2903 1031 2956 id
1064 2904 1304 2974 cogitant
1347 2915 1400 2958 ut
1435 2905 1678 2959 morbum
1711 2906 1960 2961 celeriter

367 2993 622 3047 avellant.
672 2994 802 3048 lllud
851 3010 980 3049 vero
1031 3012 1136 3050 non
1187 2997 1368 3050 statim
1418 2995 1630 3051 efﬁcere
1658 3007 1954 3066 conantur;

368 3099 543 3152 neque
570 3085 712 3138 enim
741 3084 791 3139 id
822 3086 921 3139 sibi
950 3096 1235 3156 arrogant;
1277 3088 1372 3142 sed
1399 3088 1598 3142 domini
1637 3090 1955 3144 sententiam

366 3185 677 3241 exspectant
712 3176 952 3232 dicentes
983 3197 994 3231 :
1039 3177 1165 3232 Vis?
1193 3179 1326 3246 Quid
1368 3180 1528 3249 igitur
1557 3181 1849 3235 dominus?
1904 3182 1957 3237 Id

367 3274 513 3319 vetat
536 3267 748 3321 dicens:
789 3267 870 3321 Ne
898 3272 1028 3339 forte
1053 3270 1315 3323 eradicetis
1334 3271 1487 3325 simul
1513 3281 1557 3325 ct
1584 3273 1823 3325 triticum.
1846 3273 1956 3328 Hoc

368 3372 529 3427 porro
557 3358 790 3425 dicebat,
822 3369 877 3414 ut
906 3361 1041 3415 bella
1089 3362 1373 3432 cmdesque
1414 3363 1744 3431 prohiberet.
1773 3365 1956 3435 Neque

367 3454 507 3505 enim
535 3452 840 3508 btereticum
871 3456 1118 3509 occidere
1150 3466 1360 3526 oportet
1395 3499 1406 3511 .
1442 3474 1562 3510 nam
1594 3458 1669 3512 sic
1713 3460 1952 3515 irrecon—

366 3544 596 3600 ciliabile
626 3546 823 3602 bellum
862 3548 913 3601 in
945 3547 1127 3603 orbem
1165 3549 1525 3605 induceretur.

441 3638 494 3692 2.
528 3638 665 3710 Erga
705 3641 963 3695 Itwreticos
1007 3642 1257 3711 quomodo
1299 3644 1571 3714 agendum.
1619 3643 1953 3699 Mansuetudo

366 3728 570 3786 Christi.
604 3730 830 3786 Granum
856 3734 1050 3803 sinapis
1076 3734 1325 3804 quomodo
1356 3736 1727 3804 pratdicationis
1748 3748 1953 3804 aposto-

366 3822 531 3877 lorum
553 3824 617 3877 sit
642 3824 827 3894 ﬁgura.
866 3824 1138 3879 .Erumna:
1163 3825 1551 3894 praedicantibus
1576 3844 1675 3880 non
1696 3829 1947 3883 timemlte.

363 3942 431 3955 -—-
449 3914 541 3969 llis
563 3926 740 3970 autem
761 3916 967 3971 duobus
989 3917 1275 3972 ratiociniis
1305 3928 1546 3972 movetur
1570 3920 1635 3972 ad
1656 3919 1773 3973 illos
1799 3920 1950 3975 coliio

363 4005 821 4075 bendoszprimo.
864 4008 1005 4078 quod
1046 4007 1366 4062 frumentum
1398 4024 1501 4062 non
1534 4008 1817 4074 la'dereut;
1861 4027 1951 4065 se-

361 4096 554 4160 cundo,
595 4099 735 4167 quod
764 4098 837 4152 illi
876 4099 1151 4154 incurabili
1192 4100 1379 4153 morbo
1419 4100 1719 4155 laborantes
1746 4101 1950 4171 suppli-

360 4188 501 4243 cium
532 4188 707 4242 luituri
732 4198 929 4243 essent.
954 4190 1286 4260 Quapropter
1312 4190 1357 4244 si
1385 4192 1461 4245 vis
1489 4191 1607 4245 illos
1629 4194 1800 4261 puniri
1834 4193 1951 4247 sine

360 4278 610 4335 frumenti
656 4294 811 4345 noxa,
857 4291 1103 4350 exSpecta
1147 4292 1352 4350 tempus
1390 4293 1766 4350 opportunum.
1812 4283 1948 4350 Quid

360 4379 537 4425 autem
564 4370 709 4425 aliud
733 4371 832 4426 sibi
860 4373 969 4426 vult
996 4387 1117 4426 cum
1149 4373 1297 4439 dicit,
1332 4372 1413 4426 Ne
1437 4374 1699 4427 eradicetis
1725 4375 1877 4429 simul
1902 4384 1948 4429 et

362 4469 601 4533 triticum,
626 4485 785 4539 quam
812 4470 913 4524 hoc
935 4470 1076 4539 quod
1105 4470 1331 4524 dicimus
1356 4487 1368 4523 :
1397 4470 1453 4525 Si
1481 4486 1627 4523 arma
1658 4471 1944 4535 mOVeatis,

361 4569 419 4614 ut
449 4560 727 4615 haereticos
752 4562 1026 4625 occidatis,
1069 4561 1267 4616 multos
1302 4561 1462 4616 etiam
1492 4572 1797 4616 sanctorum
1840 4580 1945 4620 una

358 4651 527 4705 occidi
568 4668 786 4707 necesse
813 4660 929 4717 est;
961 4654 1043 4707 vel
1068 4653 1227 4707 etiam
1254 4654 1404 4706 multi
1448 4654 1656 4709 existis
1693 4655 1941 4720 zizaniis,

359 4751 416 4795 ut
440 4742 728 4798 verisimile
746 4753 847 4807 est,
870 4754 1249 4798 convertentur
1274 4744 1325 4798 in
1354 4744 1710 4800 frumentum?
1730 4746 1785 4801 Si
1817 4762 1946 4817 ergo

357 4834 503 4902 prius
531 4835 650 4889 illos
676 4835 979 4900 eradicetis,
1005 4834 1274 4890 frumento
1293 4837 1453 4891 etiam
1484 4848 1710 4892 venturo
1733 4840 1945 4893 nocebi-

360 4925 445 4989 tis,
472 4925 516 4979 si
550 4926 669 4980 illos
699 4927 785 4997 qui
814 4928 1005 4980 mutari
1033 4936 1087 4981 et
1110 4927 1236 4982 boni
1265 4928 1401 4982 effici
1434 4937 1674 4998 possunt,
1706 4929 1945 4983 eradice-

356 5016 445 5069 tis.
474 5015 587 5071 Non
619 5017 776 5087 igitur
802 5017 1047 5088 prohibet
1075 5017 1354 5073 haereticos
1390 5020 1703 5088 reprimere,
1732 5020 1943 5074 illormn

355 5124 449 5161 ora
493 5109 791 5171 obstruere,
834 5110 1130 5165 libertatem
1171 5109 1420 5179 loquendi
1459 5125 1729 5175 coercere,
1771 5120 1943 5165 costus

354 5214 539 5253 eorum
580 5202 812 5266 solvere,
861 5212 1010 5271 pacta
1053 5216 1339 5271 respuere,
1370 5202 1462 5255 sed
1492 5201 1736 5257 occidere
1781 5212 1939 5256 vetat.

356 5289 433 5343 Tu
491 5306 615 5344 vero
661 5292 801 5346 illius
840 5292 1296 5348 mansuetudinem
1339 5292 1628 5364 perpende,
1673 5294 1942 5363 quomodo

354 5382 557 5437 scilicet
596 5400 700 5439 non
727 5386 1043 5438 sententiam
1086 5385 1258 5439 solum
1301 5384 1566 5439 efferatet
1594 5384 1800 5455 jubeat,
1846 5386 1940 5440 sed

354 5474 512 5527 etiam
544 5476 803 5532 rationem
831 5486 1082 5546 exponat.
1110 5477 1245 5544 Quid
1275 5492 1403 5547 ergo
1428 5478 1656 5543 eveniet,
1687 5479 1731 5533 si
1776 5495 1942 5547 usque

356 5566 407 5617 in
455 5568 615 5621 linem
663 5569 860 5623 zizania
903 5570 1189 5625 maneant?
1230 5569 1372 5623 Tunc
1411 5570 1579 5623 dicam
1620 5573 1936 5637 messoribus,

356 5657 547 5725 inquit,
572 5657 803 5731 Colligite
828 5662 1044 5731 primum
1067 5662 1285 5728 zizania,
1318 5672 1364 5715 et
1386 5661 1594 5732 alligate
1617 5679 1675 5716 ea
1701 5664 1753 5716 in
1781 5665 1930 5734 fasci-

355 5750 495 5803 culos
523 5752 591 5804 ad
617 5755 1031 5808 comburendum.
1055 5755 1292 5809 Revocat
1318 5755 1446 5825 ipsis
1480 5758 1529 5810 in
1553 5767 1786 5811 mentem
1816 5772 1937 5809 ver-

357 5839 684 5913 baloannis,
716 5846 911 5915 quibus
938 5847 1050 5916 ipse
1080 5848 1237 5904 iudex
1269 5846 1637 5915 inducebatur,
1665 5848 1933 5920 dicitque:

3557 404 3657 460 ‘78

2075 506 2244 562 donec
2287 522 2455 579 prope
2494 509 2820 565 frumentum
2860 520 3005 566 stant
3048 512 3247 569 zizania
3271 556 3286 580 ,
3332 516 3657 583 parcendum

2075 597 2204 667 ipsis
2249 614 2402 663 esse;
2449 610 2625 670 potest
2663 602 2805 657 enim
2840 604 2954 657 ﬁeri
2978 613 3034 658 ut
3065 605 3385 660 frumentum
3417 607 3656 661 efﬁcian-

2076 701 2178 743 tur.
2230 691 2362 745 Cum
2405 702 2580 747 autem
2613 695 2758 749 nullo
2793 707 3066 765 reportata
3095 697 3242 752 luero
3278 699 3654 765 abscesserint,

2076 794 2203 839 tunc
2231 784 2351 839 illos
2379 786 2697 841 inevitabilis
2726 788 2857 842 ultio
2883 790 3129 858 excipiet.
3155 790 3332 844 Dicam
3360 793 3491 845 enim
3528 810 3657 845 mes-

2071 874 2286 940 soribus,
2337 877 2524 946 inquit,
2578 876 2810 948 Colligite
2851 882 3068 948 primum
3111 884 3333 936 zizania.
3380 884 3486 938 Cur
3529 882 3654 936 Pri-

2074 968 2252 1019 mum?
2298 967 2374 1021 Ne
2411 979 2707 1024 terreantur
2756 972 2850 1035 illi,
2897 974 3045 1042 quasi
3092 975 3321 1029 triticum
3373 990 3492 1029 cum
3550 977 3655 1031 illis

2072 1055 2362 1113 attferatur.
2416 1059 2484 1113 Et
2526 1063 2736 1133 alligata
2774 1080 2832 1117 ea
2873 1065 2925 1117 in
2952 1066 3223 1134 fasciculos
3258 1068 3325 1119 ad
3354 1070 3653 1122 comburen-

2073 1148 2193 1201 dum
2214 1167 2234 1213 ;
2258 1151 2477 1203 triticum
2498 1163 2667 1205 autent
2698 1165 2995 1225 congregato
3019 1157 3071 1209 in
3093 1157 3344 1211 horreum.
3375 1160 3463 1213 3|.
3484 1160 3655 1213 Aliam

2072 1241 2369 1307 parabolam
2406 1249 2642 1311 apposuit
2673 1245 2743 1297 eis
2772 1246 2942 1299 dicens
2975 1263 2993 1299 :
3020 1246 3200 1301 Simile
3220 1260 3291 1301 est
3318 1266 3527 1319 regnum
3554 1267 3657 1304 ctr-

2073 1329 2234 1382 lorum
2255 1348 2413 1401 grano
2441 1334 2651 1403 sinapis.
2694 1336 2827 1401 Quia
2858 1338 2999 1390 enim
3028 1337 3181 1405 dixit,
3216 1357 3278 1393 ex
3310 1342 3513 1394 semine
3546 1352 3654 1397 tres

2068 1432 2248 1489 partes
2292 1425 2486 1493 perire,
2531 1434 2796 1497 unamque
2844 1432 3067 1495 serVari,
3106 1441 3159 1484 et
3209 1432 3258 1484 in
3308 1432 3406 1486 hac
3443 1448 3654 1503 quoque

2070 1523 2279 1567 servata
2314 1526 2462 1583 parte
2491 1526 2568 1571 tot
2596 1529 2845 1588 tantaque
2886 1522 3164 1577 imminere
3204 1525 3542 1591 detrimenta,
3588 1544 3654 1581 ne

2068 1602 2325 1668 dicerent.
2347 1608 2413 1662 Et
2438 1611 2650 1679 quinam
2682 1624 2985 1681 quantoque
3004 1631 3228 1671 numero
3257 1617 3438 1673 ﬁdeles
3464 1621 3653 1675 erunt?

2070 1694 2210 1748 hunc
2249 1713 2459 1767 quoque
2505 1714 2704 1756 metum
2742 1705 2935 1771 aufert,
2980 1707 3099 1760 illos
3129 1724 3223 1774 per
3246 1710 3551 1779 parabolam
3583 1711 3653 1766 si-

2068 1788 2220 1856 napis
2268 1789 2332 1843 ad
2379 1790 2534 1845 ﬁdem
2578 1793 2850 1858 inducens,
2893 1798 3286 1867 ostendensque
3318 1801 3651 1868 praedicitio-

2069 1895 2191 1933 nem
2233 1881 2427 1952 ubique
2468 1900 2807 1952 pervasuram
2850 1904 2989 1942 esse.
3032 1889 3155 1945 Ideo
3181 1892 3340 1946 oleris
3368 1894 3651 1963 imaginem

2068 1970 2121 2024 in
2157 1972 2387 2026 medium
2416 1975 2638 2029 adduxit
2663 1976 2784 2033 huic
2811 1990 3124 2048 argumento
3152 1983 3435 2038 admodum
3458 2001 3652 2056 oppor-

2069 2070 2249 2116 tunam
2276 2081 2289 2117 :
2324 2064 2411 2119 52.
2458 2066 2606 2131 Quod
2641 2070 2806 2123 minus
2832 2082 2921 2135 est,
2968 2073 3155 2141 inquit,
3187 2077 3414 2130 omnibus
3444 2080 3651 2132 semini—

2068 2154 2194 2221 bus;
2220 2173 2333 2209 cum
2354 2169 2518 2212 autem
2541 2163 2765 2224 creverit,
2800 2166 2965 2232 majus
2989 2175 3061 2218 est
3089 2169 3317 2221 omnibus
3337 2170 3571 2235 oleribus,
3605 2182 3652 2226 et

2066 2245 2124 2314 ﬁt
2148 2247 2317 2313 arbor,
2346 2249 2419 2301 ita
2444 2261 2498 2302 ut
2528 2251 2753 2306 volucres
2779 2256 2890 2307 ειειὶ
2916 2258 3129 2320 veniant,
3162 2269 3207 2311 et
3244 2260 3297 2312 in
3344 2263 3498 2316 ramis
3541 2266 3652 2334 ejus

2066 2338 2308 2392 habitent.
2348 2340 2725 2410 Magnitudiuis
2767 2346 2908 2399 enim
2956 2348 3207 2403 indicium
3246 2352 3519 2410 declarare
3551 2373 3647 2411 vo-

2066 2430 2182 2484 luit.
2217 2432 2324 2498 Sic,
2372 2433 2561 2503 inquit,
2610 2445 2663 2491 et
2707 2438 2759 2491 in
2809 2440 3187 2507 praedicatione
3212 2445 3332 2498 erit.
3376 2446 3506 2500 Nam
3535 2464 3650 2502 om-

2065 2520 2211 2576 nium
2245 2525 2593 2580 inﬁrmissimi
2628 2538 2779 2582 emnt
2822 2529 3101 2599 discipuli,
3159 2536 3502 2605 omnimnque
3548 2541 3648 2592 mi-

2065 2615 2193 2669 nimi
2225 2634 2239 2669 :
2272 2629 2505 2673 attamen
2548 2626 2667 2690 quia
2713 2638 2901 2692 magna
2936 2624 2986 2677 in
3030 2626 3155 2693 ipsis
3185 2628 3348 2683 virtus
3387 2642 3520 2693 erat,
3555 2648 3648 2702 per

2066 2715 2233 2762 totum
2261 2711 2448 2765 orbem.
2475 2712 2641 2767 effosa
2669 2724 2771 2768 est.
2810 2715 3013 2770 Deinde
3042 2718 3140 2772 sub
3170 2718 3265 2774 hac
3297 2721 3524 2792 imagine
3546 2724 3648 2777 ler-

2065 2812 2302 2856 mentum
2335 2805 2527 2872 posuit,
2560 2806 2744 2859 dicens
2776 2825 2788 2859 :
2819 2808 2908 2861 55.
2944 2806 3125 2863 Simile
3152 2822 3221 2864 est
3245 2828 3455 2881 regnum
3495 2816 3648 2869 caelo-

2063 2910 2179 2946 rum
2200 2897 2463 2965 fermento,
2492 2899 2627 2968 quod
2655 2911 2912 2970 acceptum
2941 2901 3123 2956 mulier
3152 2906 3411 2959 abscondit
3435 2908 3485 2961 in
3518 2908 3648 2977 fari-

2064 3004 2145 3041 na:
2184 2992 2307 3043 satis
2349 2992 2526 3057 tribus,
2573 2992 2731 3047 donec
2775 2999 3133 3064 fermentatum
3168 3009 3241 3051 est
3278 3009 3456 3053 totum.
3502 3002 3647 3058 Sicut

2064 3082 2206 3135 enim
2252 3080 2573 3138 fermentum
2614 3087 2793 3140 multa:
2839 3087 3021 3141 fat-inte
3051 3090 3154 3142 vim
3184 3106 3334 3145 suam
3366 3093 3528 3159 indit,
3573 3097 3649 3150 sic

2065 3182 2119 3226 et
2145 3189 2243 3229 vos
2270 3184 2435 3229 totum
2469 3178 2723 3231 mundum
2750 3181 3096 3233 convertetis.
3141 3182 3204 3235 Et
3244 3183 3365 3237 vide
3412 3186 3648 3254 pruden-

2065 3265 2211 3318 tiam.
2255 3265 2467 3322 Natura:
2507 3269 2760 3339 imagines
2801 3272 2976 3335 affert,
3022 3289 3127 3341 quo
3153 3275 3415 3343 ostendat,
3446 3288 3500 3331 ut
3535 3278 3649 3334 lure

2065 3358 2355 3412 secundum
2407 3360 2704 3415 naturalem
2758 3377 2936 3415 rerum
2985 3365 3178 3418 seriem
3228 3370 3530 3423 necessario
3575 3370 3647 3427 ita

2063 3450 2215 3515 ﬁunt,
2259 3452 2335 3505 sic
2383 3462 2436 3507 et
2482 3453 2600 3507 ista.
2654 3453 2727 3508 Ne
2766 3455 2891 3508 tnihi
2921 3456 3118 3511 dixeris
3148 3476 3160 3510 :
3189 3458 3323 3525 Quid
3354 3463 3648 3531 poterimus

2061 3545 2340 3599 duodecim
2372 3545 2617 3602 homines
2650 3548 2700 3600 in
2733 3557 2931 3603 tantam
2970 3551 3362 3607 multitudinem
3411 3556 3647 3610 inciden-

2062 3636 2181 3690 tes?
2218 3637 2348 3690 Nam
2391 3638 2619 3706 idipsnm
2662 3642 2891 3694 maxime
2929 3642 3178 3696 virtutem
3210 3653 3435 3697 vestram
3465 3647 3645 3715 splen-

2059 3725 2237 3781 didam
2281 3727 2473 3793 reddit,
2508 3729 2647 3797 quod
2680 3731 3001 3784 multitudini
3031 3732 3249 3787 admixti
3276 3752 3379 3788 non
3410 3735 3643 3805 fugiatis.

2059 3820 2515 3886 Quemadmodmn
2545 3832 2600 3877 et
2625 3822 2943 3877 fermentum
2974 3835 3097 3878 tunc
3142 3842 3371 3881 massam
3413 3828 3645 3885 fermen-

2059 3920 2155 3976 tat,
2195 3927 2316 3967 cum
2362 3913 2547 3968 farina:
2591 3914 2943 3980 admovetur;
2986 3932 3086 3972 nec
3115 3919 3275 3971 modo
3300 3920 3639 3987 admovetur,

2057 4005 2151 4059 sed
2197 4006 2265 4059 ita
2306 4014 2364 4059 ut
2401 4007 2718 4073 misceatur;
2769 4024 2872 4061 non
2921 4010 3061 4063 enim
3115 4010 3429 4079 simpliciter
3469 4000 3671 4079 dixit,’

2058 4097 2257 4159 Posuit,
2284 4099 2400 4165 sed,
2426 4099 2698 4153 Abscondit
2718 4116 2737 4153 :
2768 4101 2845 4154 sic
2872 4109 2926 4154 et
2951 4116 3044 4155 vos
3067 4103 3373 4171 agglutinati
3403 4116 3455 4159 et
3472 4106 3644 4174 juncti

2055 4207 2177 4246 cum
2210 4191 2646 4261 impugnantibus
2673 4207 2788 4252 vos.
2833 4194 2974 4261 ipsos
3014 4195 3354 4260 superabitis.
3403 4198 3466 4250 Et
3503 4199 3643 4253 sicut

2056 4282 2184 4337 illud
2214 4282 2457 4337 obruitur
2484 4285 2533 4336 in
2565 4298 2759 4347 massa,
2793 4284 2886 4338 sed
2916 4300 3021 4338 non
3051 4286 3324 4354 perditur,
3375 4289 3465 4342 sed
3509 4304 3641 4358 pau-

2056 4375 2201 4427 latim
2226 4375 2321 4428 toti
2352 4389 2542 4428 massa:
2570 4375 2672 4428 vim
2704 4390 2853 4429 suam
2892 4376 3024 4430 indit
3060 4396 3071 4431 :
3105 4379 3332 4446 idipsum
3365 4380 3416 4433 in
3443 4382 3636 4449 przedi«

2052 4467 2260 4521 catiOne
2298 4468 2587 4536 continget.
2623 4465 2701 4520 Ne
2739 4468 2913 4535 itaque
2957 4469 3078 4537 quia
3126 4470 3320 4523 multas
3369 4486 3637 4526 :erumnas

2051 4559 2295 4630 praedixi,
2346 4559 2466 4613 ideo
2510 4560 2742 4613 timentis
2776 4579 2787 4612 :
2822 4576 2943 4614 nam
2976 4562 3052 4615 sic
3089 4562 3353 4630 splendidi
3395 4564 3544 4617 eritis
3585 4574 3641 4620 et

2051 4650 2231 4705 omnia
2280 4650 2620 4718 superabitis.
2672 4650 2794 4703 Tria
2826 4666 2986 4720 porro
3014 4661 3125 4705 sata
3156 4653 3241 4705 hic
3279 4653 3441 4706 multa
3468 4655 3637 4724 signi-

2052 4741 2243 4805 ﬁcant;
2292 4742 2431 4795 hunc
2456 4743 2651 4811 quippe
2679 4758 2959 4796 numerum
2992 4744 3129 4798 solet
3167 4759 3263 4814 pro
3299 4746 3638 4803 multitudine

2051 4832 2325 4886 adhibere.
2374 4831 2452 4886 Ne
2500 4833 2707 4886 mireris
2756 4842 2955 4896 autem,
3000 4834 3043 4887 si
3084 4833 3153 4888 de
3187 4850 3352 4904 regno
3391 4838 3615 4906 loquens

2049 4942 2271 4996 granum
2316 4938 2369 4980 et
2410 4927 2728 4979 fermentum
2774 4935 3056 4989 memoret,
3106 4926 3409 4983 hominibus
3438 4931 3636 4999 quippe

2052 5019 2363 5089 loquebatur
2401 5018 2657 5085 imperitis
2698 5026 2752 5070 et
2796 5018 3011 5086 ignaris,
3054 5033 3189 5087 quos
3227 5034 3360 5088 opus
3398 5032 3512 5075 emt
3554 5022 3634 5076 bis

2049 5111 2200 5179 erigi.
2236 5108 2366 5163 Nam
2398 5109 2466 5162 ita
2498 5109 2766 5177 simplices
2798 5117 2970 5171 erant,
3004 5120 3057 5162 ut
3090 5121 3271 5177 postea
3302 5112 3463 5164 multa
3498 5127 3633 5181 opus

2052 5203 2309 5256 haberent
2350 5202 2805 5270 interpretatione.
2856 5202 2953 5257 Ubi
2984 5206 3391 5273 suntgentiles?
3431 5206 3629 5263 Christi

2049 5294 2296 5347 virtutem
2325 5293 2582 5355 ediscant,
2614 5308 2790 5348 rerum
2815 5295 3090 5348 veritatem
3118 5298 3546 5366 conspicientes;
3581 5310 3635 5353 ct

2050 5386 2148 5439 hac
2187 5396 2408 5452 utraque
2452 5386 2519 5439 de
2564 5400 2723 5439 causa
2775 5385 2921 5440 illum
2965 5386 3215 5454 adorent,
3261 5398 3313 5443 et
3342 5390 3480 5458 quod
3520 5407 3632 5445 rem

2054 5486 2249 5530 tantam
2292 5476 2619 5547 pnedixerit,
2673 5485 2727 5530 et
2769 5477 2909 5545 quod
2954 5478 3094 5530 illam
3136 5480 3454 5548 impleverit.
3500 5481 3631 5536 Nam

2049 5571 2162 5638 ipse
2191 5580 2273 5623 est
2298 5569 2387 5640 qui
2417 5571 2518 5622 vim
2550 5570 2812 5624 fermento
2843 5570 2993 5623 indit.
3035 5571 3157 5625 ideo
3185 5573 3506 5627 multitudini
3539 5577 3633 5628 ad-

2047 5663 2260 5717 miscuit
2300 5678 2393 5717 eos
2433 5662 2522 5731 qui
2565 5662 2616 5716 in
2665 5678 2723 5717 se
2771 5662 3081 5730 credebant,
3131 5676 3187 5718 ut
3226 5664 3632 5734 intelligentiam

2048 5765 2285 5810 nostram
2316 5764 2501 5810 mutuo
2532 5756 2825 5811 tradamus.
2867 5755 3037 5811 Nemo
3061 5757 3126 5811 de
3164 5757 3426 5825 paucitate
3453 5760 3630 5812 causi.

2052 5848 2260 5903 licetur.
2312 5846 2468 5902 Multa
2516 5846 2711 5918 quippe
2746 5854 2834 5901 est
2880 5847 3272 5919 prmdicatiuuis
3324 5849 3522 5913 virtus;
3576 5857 3627 5906 el.
