4108 6376
450 394 547 450 ιτο

444 511 585 580 quod
634 506 797 561 semel
847 503 1220 560 fermentatum
1269 510 1383 569 est,
1433 498 1751 557 fermentum
1806 498 2025 569 reliquis

445 603 694 659 efficitur.
746 594 1307 665 Ac-quemadmodum
1346 594 1575 649 scintilla
1616 608 1737 647 cum
1787 593 1838 645 in
1887 592 2025 659 ligna

445 694 651 759 incidit,
692 692 967 747 combusta
1009 690 1058 743 in
1086 688 1354 742 flammam
1399 686 1684 749 convertit,
1709 695 1764 740 et
1802 685 1881 739 sic
1923 683 2025 736 alia

446 787 646 844 lnvadit
677 805 690 839 :
724 786 795 839 ita
821 794 875 838 et
900 782 1227 852 praedicatio.
1276 780 1392 834 Non
1431 778 1566 832 dixit
1597 785 1772 831 tamen
1805 776 2023 846 ignem,

442 878 539 933 sed
565 877 919 937 fermentum;
952 872 1158 943 quare?
1182 872 1311 938 Quia
1343 869 1411 923 ibi
1443 884 1546 923 non
1593 876 1760 922 totum
1799 866 1869 920 ab
1906 866 2026 934 igne

444 972 637 1035 oritur,
679 968 772 1023 sed
819 967 979 1022 simul
1025 968 1185 1020 etiam
1226 980 1255 1017 a
1282 963 1438 1032 lignis
1467 962 1737 1025 incensis;
1785 959 1871 1014 hic
1899 974 2026 1012 vero

444 1067 762 1119 fermentum
814 1076 909 1129 per
952 1076 1010 1113 se
1059 1068 1225 1112 totum
1266 1056 1450 1111 efficit.
1497 1054 1650 1121 Quod
1694 1054 1738 1108 si
1784 1053 2026 1107 homines

442 1157 723 1211 duodecim
766 1164 935 1209 totum
962 1152 1147 1207 orbem
1171 1150 1582 1211 fcrmentarunt,
1629 1147 1802 1217 cogita
1831 1153 2023 1215 quanta

443 1253 510 1304 sit
543 1249 775 1318 nequitia
808 1256 1008 1312 nostra,
1054 1244 1213 1315 quod,
1262 1258 1381 1297 cum
1410 1251 1556 1296 tanto
1587 1255 1808 1295 numero
1836 1240 2023 1305 simus,

446 1356 552 1394 non
597 1354 879 1410 possumus
916 1348 1090 1391 tamen
1132 1350 1226 1389 eos
1264 1334 1353 1404 qui
1389 1340 1679 1403 supersunt
1713 1328 2022 1431 emendare,

442 1449 576 1504 quos
602 1431 925 1502 oportuisset
953 1428 1036 1483 vel
1064 1427 1209 1482 mille
1234 1424 1448 1480 mundis
1473 1422 1538 1477 ad
1561 1421 2024 1478 fermentationem

432 1506 707 1581 sufficere.
1204 1609 1216 1615 _
1274 1572 1277 1573 ν
1373 1607 1384 1615 _
1551 1604 1581 1615 ,,
1667 1611 1676 1615 Α
1970 1602 2001 1615 -.

515 1618 567 1672 5.
611 1614 732 1668 Non
763 1611 1029 1677 miracula,
1055 1609 1144 1664 sed
1169 1609 1325 1662 virtus
1352 1604 1605 1677 Apostolis
1631 1611 1678 1658 et
1699 1604 1814 1657 aliis
1838 1604 2025 1657 sanctis

442 1724 611 1763 veram
657 1703 1051 1774 magnitudinem
1098 1698 1327 1754 contulit.
1371 1726 1443 1737 --
1492 1698 1595 1762 At,
1646 1694 1890 1765 inquies,
1950 1693 2024 1746 illi

442 1796 667 1867 apostoli
710 1804 883 1849 erant.
939 1792 1007 1846 Et
1030 1790 1154 1861 quid
1181 1789 1282 1845 hoc
1310 1788 1431 1843 est?
1472 1788 1660 1841 Annon
1689 1784 1874 1840 eadem
1913 1784 2024 1851 ipsa

442 1903 545 1957 qua
576 1895 628 1939 tu
654 1883 961 1939 conditione
989 1880 1187 1935 erant?
1217 1894 1392 1933 nonne
1434 1878 1484 1930 in
1512 1874 1813 1931 civitatibus
1840 1887 2023 1926 versa-

443 1975 675 2032 bantur?
721 1990 895 2026 annon
941 1970 1250 2026 eorumdem
1298 1976 1576 2023 consortes
1613 1964 1807 2019 erant?
1846 1976 2023 2015 annon

443 2079 587 2123 artes
634 2064 995 2121 exercebant?
1041 2078 1165 2116 num
1198 2062 1367 2131 angeli
1401 2058 1593 2114 erant?
1643 2073 1766 2111 num
1797 2071 1861 2109 ex
1893 2053 2025 2108 carlo

443 2157 866 2215 descenderant?
909 2154 1033 2219 Sed,
1068 2152 1294 2221 inquies,
1328 2152 1477 2220 signa
1508 2151 1762 2204 fecerant.
1806 2144 1922 2201 Non
1948 2145 2022 2198 si-

442 2270 544 2325 gna
573 2262 720 2308 certe
752 2251 897 2319 ipsos
922 2246 1190 2302 mirabiles
1215 2244 1524 2299 effecerunt.
1553 2240 1841 2311 Usquequo
1865 2238 2026 2292 mira-

443 2347 577 2401 culis
623 2345 724 2397 illis
771 2342 837 2396 ad
880 2341 1137 2413 ignaviam
1180 2346 1417 2392 nostram
1455 2333 1733 2404 tegendam
1778 2329 2023 2386 utemur?

445 2436 579 2491 Vide
605 2442 909 2490 sanctorqu
936 2432 1180 2495 chormu,
1229 2429 1317 2498 qui
1353 2443 1459 2481 non
1488 2426 1759 2479 miraculis
1783 2422 1889 2476 illis
1916 2420 2021 2474 ful-

442 2532 532 2585 sit.
579 2528 724 2583 Multi
750 2526 892 2582 enim
919 2524 1007 2593 qui
1034 2522 1308 2576 dannoncs
1337 2519 1625 2587 ejccerant,
1668 2516 1789 2585 quia
1825 2512 2023 2583 iniqui-

444 2631 601 2674 tatem
641 2618 845 2686 0perali
885 2623 1026 2675 sunt,
1071 2610 1343 2664 mirabiles
1373 2624 1477 2661 non
1508 2606 1740 2669 fuerunt,
1771 2604 1865 2658 sed
1893 2619 2021 2673 snp-

445 2708 615 2780 pliciis
655 2715 779 2760 sunt
814 2703 1010 2758 affecti.
1054 2699 1289 2771 Ecquid,
1338 2697 1579 2767 inquies,
1628 2696 1749 2750 illos
1803 2710 2022 2765 magnos

441 2798 655 2854 effecit?
692 2797 1039 2864 Contemptus
1081 2792 1441 2861 pecuniarum,
1497 2805 1645 2841 vana:
1692 2787 1874 2855 gloria:
1920 2786 2020 2840 de-

442 2900 676 2961 spectus,
700 2885 1051 2956 sequestratio
1079 2899 1108 2937 a
1136 2884 1291 2937 bonis
1320 2881 1682 2935 smcnlaribus.
1716 2880 1814 2948 Qui
1840 2881 1882 2933 si
1907 2878 2023 2933 hmc

445 2999 550 3037 non
579 2981 909 3042 habuissent,
941 2977 1034 3031 sed
1056 2976 1221 3030 animi
1249 2974 1449 3029 morbis
1476 2974 1795 3042 paruissent,
1813 2972 2018 3026 etiamsi

443 3081 723 3128 sexcentos
762 3080 1001 3123 mortuos
1046 3066 1411 3128 suscitasscnt,
1456 3080 1563 3117 non
1594 3063 1751 3117 modo
1779 3063 1846 3117 ad
1878 3062 2019 3116 nihi-

443 3165 550 3219 lum
578 3163 736 3217 utiles
766 3159 1009 3225 fuissent,
1058 3157 1151 3212 sed
1197 3158 1355 3211 etiam
1385 3155 1698 3224 deceptores
1724 3164 1775 3209 et
1802 3154 2019 3208 fallaces

450 3250 616 3304 habiti
647 3250 895 3305 fuissent.
916 3247 1007 3303 Sic
1022 3256 1167 3302 certe
1191 3248 1299 3300 vita
1327 3247 1439 3315 ipsa
1459 3256 1539 3299 est
1556 3259 1677 3313 qua:
1692 3242 1889 3310 ubique
1914 3239 2019 3291 ful-

448 3349 555 3411 get,
573 3355 695 3410 quae
706 3342 866 3393 etiam
889 3338 1121 3407 Spiritus
1135 3337 1358 3407 gratiam
1373 3334 1614 3389 attraxit.
1632 3330 1786 3397 Quod
1803 3330 2015 3399 signum

450 3432 577 3487 fecit
608 3430 868 3495 Joannes,
903 3431 995 3500 qui
1031 3438 1112 3484 tot
1142 3428 1386 3483 civitates
1407 3426 1509 3480 sibi
1545 3421 1823 3478 devinxit?
1857 3419 2015 3487 Quod

441 3524 582 3578 enim
610 3521 924 3576 miraculum
956 3520 1159 3574 nullum
1186 3518 1429 3582 ediderit,
1476 3517 1597 3571 audi
1639 3517 2018 3587 evangelistam

440 3616 702 3670 dicentem
737 3632 747 3666 :
781 3612 1005 3665 Joannes
1030 3610 1229 3679 quidem
1255 3609 1450 3663 nullum
1477 3609 1591 3675 fecit
1618 3608 1815 3678 signum
1840 3607 2017 3678 (Joan.

441 3707 526 3761 10.
556 3707 667 3773 41).
700 3704 851 3760 Unde
874 3702 1215 3757 admirandus
1242 3699 1341 3755 fuit
1370 3700 1580 3753 Helias?
1607 3703 1794 3753 Annon
1825 3714 1855 3753 a
1885 3698 2022 3752 fidu-

438 3799 539 3860 cia,
564 3812 664 3867 qua
683 3811 858 3866 regem
879 3794 1121 3848 monuit?
1145 3807 1323 3845 annon
1349 3807 1379 3845 a
1407 3791 1525 3844 zelo
1551 3805 1648 3845 suo
1670 3805 1792 3860 erga
1818 3789 2019 3845 Deum?

439 3907 614 3943 annon
644 3906 672 3941 a
706 3898 1036 3959 paupertate,
1063 3902 1092 3939 a
1122 3886 1341 3951 inclute,
1388 3900 1416 3936 a
1446 3884 1722 3954 spelunca,
1759 3898 1788 3936 a
1819 3883 2018 3937 monti-

441 3983 538 4035 bus
559 3980 725 4035 ?Nam
748 3982 895 4050 signa
925 3980 1100 4032 omnia
1130 3988 1248 4047 post
1275 3977 1388 4030 hinc
1413 3976 1554 4030 fecit.
1577 3975 1698 4031 Jobi
1725 3992 1850 4029 vero
1877 3975 2017 4046 quod

439 4076 647 4145 signum
694 4074 878 4127 videns
928 4072 1170 4126 diabolus
1210 4070 1609 4139 obstupefactus
1648 4072 1768 4126 est?
1797 4071 2015 4139 Signqu

438 4178 583 4222 certe
612 4166 835 4229 nullum,
865 4165 961 4219 sed
988 4166 1148 4217 vitam
1184 4163 1515 4234 praeclaram,
1543 4163 1853 4233 patientiam
1884 4162 2015 4216 ada-

439 4266 617 4311 mante
651 4256 840 4326 quovis
902 4255 1212 4308 ﬁrmiorem.
1242 4252 1394 4318 Quod
1422 4254 1627 4321 signum
1661 4252 1822 4306 David
1853 4252 1974 4304 fecit
1997 4293 2013 4315 ,

432 4351 644 4421 juvenis
688 4364 807 4401 cum
852 4358 1017 4410 esset,
1066 4356 1122 4399 ut
1171 4347 1308 4399 Deus
1352 4344 1555 4398 diceret
1586 4361 1597 4397 :
1632 4341 1808 4396 Inveni
1832 4338 2018 4404 David,

439 4444 599 4512 filium
624 4440 968 4504 Jessewirum
992 4440 1267 4493 secundum
1292 4454 1380 4490 cor
1406 4453 1569 4489 meum
1600 4436 1736 4505 (Act.
1774 4436 1855 4490 15.
1882 4433 2016 4502 22)?

439 4536 723 4599 Abraham,
757 4535 899 4588 Isaac
917 4541 971 4586 et
994 4531 1159 4586 Jacob
1184 4546 1341 4599 quem
1369 4538 1638 4582 mortuum
1662 4528 2015 4581 suscitarunt?

437 4644 595 4699 quem
627 4628 894 4696 leprosum
922 4623 1280 4678 mundarunt?
1324 4625 1405 4674 An
1438 4621 1668 4689 ignoras,
1710 4620 1880 4689 signa,
1914 4621 2014 4675 nisi

440 4721 735 4790 vigilemus,
783 4719 1095 4788 plerumque
1124 4714 1361 4769 nocere?
1401 4714 1491 4768 Sic
1527 4715 1674 4767 multi
1701 4713 2014 4769 Corinthio-

440 4827 555 4865 rum
583 4808 673 4864 alii
700 4808 767 4862 ab
794 4808 912 4862 aliis
949 4805 1157 4860 discissi
1186 4813 1310 4858 sunt
1336 4822 1348 4857 :
1378 4805 1456 4858 sic
1481 4804 1629 4858 multi
1651 4804 2013 4860 Romanorum

437 4903 812 4971 superbieruut
866 4917 881 4952 :
930 4899 1008 4952 sic
1047 4897 1233 4952 Simon
1271 4895 1474 4967 ejectus
1524 4904 1628 4950 est.
1663 4896 1751 4952 Sic
1795 4898 1885 4952 ille
1925 4898 2013 4965 qui

435 4990 708 5047 Christum
738 4988 889 5059 sequi
922 4995 1218 5057 aptaverat,
1263 4986 1724 5062 reprobatusest,
1768 4987 2010 5053 audiens,

450 5082 632 5151 Vulpes
661 5084 827 5150 foveas
854 5078 1055 5143 habent,
1087 5086 1135 5130 et
1165 5074 1390 5131 volucres
1413 5077 1522 5129 cwli
1551 5076 1697 5130 nidos
1715 5075 1927 5145 (Matth.
1956 5076 2011 5131 8.

434 5176 536 5239 20;
570 5174 697 5226 Luc.
726 5174 778 5227 9.
808 5170 921 5243 58).
956 5172 1154 5225 llorum
1185 5171 1400 5240 singuli,
1426 5172 1539 5225 sive
1561 5171 1701 5239 quod
1726 5173 1976 5240 pecunias
1997 5214 2010 5237 ,

435 5268 547 5321 sive
588 5263 731 5335 quod
775 5264 997 5333 gloriam
1026 5277 1091 5317 ex
1129 5262 1295 5331 signis
1337 5272 1658 5330 qumrerent,
1705 5262 2016 5319 exciderunt

434 5369 488 5413 et
543 5358 832 5427 perierunt.
893 5353 1029 5409 Vita:
1075 5362 1252 5407 autem
1319 5363 1566 5407 accurata
1615 5354 1908 5420 sanctitas,
1961 5365 2016 5410 et

436 5452 687 5504 virtutmn
738 5463 889 5502 amor
932 5463 1037 5501 non
1079 5448 1238 5501 modo
1278 5461 1385 5499 non
1425 5447 1561 5516 parit
1601 5447 1761 5502 talem
1805 5448 2012 5516 cupidi-

439 5551 624 5606 tatem,
673 5539 769 5596 sed
797 5539 842 5595 si
870 5538 1010 5593 adsit
1035 5536 1228 5592 aufert.
1274 5536 1391 5607 Ipse
1422 5554 1549 5593 vero
1574 5538 1841 5603 Christus,
1890 5554 2011 5594 cum

435 5634 580 5703 leges
607 5631 760 5687 daret
780 5631 1071 5700 discipulis,
1095 5630 1222 5700 quid
1248 5630 1461 5685 dicebat
1478 5632 1501 5685 ?
1521 5646 1608 5697 an,
1639 5631 1797 5702 Signa
1830 5631 2011 5700 facite,

439 5734 495 5776 ut
519 5722 733 5778 videant
755 5722 1039 5778 homines?
1082 5722 1425 5791 Nequaquam
1459 5740 1474 5775 :
1508 5722 1602 5777 sed
1631 5725 1797 5794 quid?
1824 5724 2012 5780 Luceat

437 5816 527 5871 lu:
560 5825 724 5871 vestra
762 5832 932 5871 coram
973 5814 1277 5886 hominibus,
1319 5825 1374 5869 ut
1413 5815 1614 5871 uideant
1656 5834 1809 5887 opera
1848 5830 2010 5876 vostra

1180 386 1236 444 S.
1276 385 1554 451 JQANNIS
1589 380 2063 441 CIIRYSOSTOMI
2091 382 2409 442 ARClllEP.
2440 388 2970 447 CONSTANTINOP‘.

3612 401 3715 457 480

2138 499 2288 566 bona,
2329 512 2378 555 et
2409 504 2692 574 gloriﬁcent
2740 506 2949 562 Patrem
2987 518 3205 566 uestrum
3243 512 3336 575 qui
3371 514 3425 569 in
3468 518 3604 573 caelis
3644 532 3715 575 est

2135 590 2346 661 (Matth.
2373 594 2427 649 5.
2453 596 2565 666 16).
2596 598 2754 653 Petro
2777 615 2990 671 quoque
3020 617 3124 657 non
3153 603 3307 670 dixit,
3348 605 3403 661 Si
3431 623 3517 664 me
3543 625 3713 678 amas,

2132 681 2282 751 signa
2307 682 2423 750 fac;
2467 686 2583 752 sed,
2629 687 2791 745 Pasce
2827 706 2940 745 oves
2982 709 3117 748 meas
3157 694 3335 764 (Joan.
3371 698 3461 753 ει.
3498 700 3606 773 15).
3648 704 3717 760 Et

2130 788 2252 829 cum
2283 792 2499 849 semper
2525 780 2671 834 illum
2696 784 2904 838 cinteris
2931 799 3225 855 praeponat,
3249 806 3350 844 una
3379 807 3498 847 cum
3518 794 3716 851 Jacobo

2130 874 2185 918 et
2214 864 2441 934 Joanne,
2492 871 2653 936 unde,
2700 890 2905 944 quaeso,
2938 880 3235 947 praeponit?
3276 898 3402 938 num
3440 900 3470 938 a
3513 887 3717 958 signis?

2131 959 2290 1028 Atqui
2316 975 2505 1017 omnes
2528 963 2773 1033 discipuli
2802 968 3043 1039 leprosos
3072 972 3420 1043 mundabant,
3475 989 3716 1037 mortuos

2131 1052 2501 1118 suscitabant;
2534 1057 2891 1129 omnibusque
2936 1061 3185 1117 similiter
3229 1073 3545 1134 potestatem
3589 1084 3717 1124 eon-

2131 1143 2312 1197 cessit.
2345 1144 2451 1199 Cur
2479 1162 2608 1217 ergo
2650 1160 2758 1204 tres
2788 1151 2860 1204 illi
2889 1154 3399 1223 anteponebantur?
3440 1158 3524 1214 Ex
3553 1162 3715 1217 animi

2131 1250 2322 1305 nempe
2352 1238 2568 1294 virtute.
2594 1241 2779 1296 Viden’
2810 1242 3005 1313 ubique
3033 1246 3168 1300 bona
3196 1264 3328 1318 opus
3353 1264 3474 1307 esse
3502 1252 3631 1317 vita,
3663 1262 3717 1309 «οι

2131 1328 2290 1382 rectis
2330 1332 2621 1399 operibus?
2665 1330 2750 1387 Ex
2793 1334 3060 1404 fructibus,
3102 1340 3266 1409 enim,
3312 1342 3501 1415 inquit,
3542 1361 3714 1401 eorum

2128 1422 2435 1489 cognoscetis
2463 1439 2546 1478 eos
2576 1424 2786 1495 (Matth.
2815 1428 2868 1481 7.
2900 1428 3013 1500 16).

2199 1511 2253 1565 4.
2283 1511 2418 1579 Quid
2445 1522 2620 1570 autem
2646 1517 2802 1571 vitam
2834 1530 3071 1576 nostram
3098 1526 3405 1582 constituit?
3433 1529 3514 1583 An
3537 1530 3709 1601 signa,

2128 1615 2195 1655 an
2224 1602 2327 1656 vita
2357 1614 2502 1659 recte
2531 1615 2585 1661 et
2605 1622 2853 1666 accurate
2872 1615 3024 1668 acta?
3055 1615 3226 1672 Vitam
3253 1630 3399 1675 certe
3419 1636 3536 1678 esse
3559 1624 3713 1693 liqui-

2128 1692 2254 1746 dum
2284 1707 2362 1747 est
2395 1713 2408 1750 :
2440 1697 2588 1767 signa
2616 1715 2746 1755 vero
2794 1703 2917 1759 inde
2958 1705 3160 1762 ducunt
3196 1710 3551 1778 occasionem,
3579 1692 3633 1769 et
3660 1713 3713 1773 in

2128 1798 2249 1837 eum
2279 1787 2434 1840 finem
2457 1788 2725 1845 desinunt.
2757 1792 2885 1847 Nam
2911 1797 3000 1865 qui
3018 1797 3179 1852 vitam
3201 1799 3416 1857 exhibet
3433 1807 3710 1874 Optimam,

2129 1872 2265 1929 hunc
2293 1877 2393 1930 sibi
2420 1879 2637 1935 attrahit
2664 1884 2919 1951 gratiam;
2949 1889 3037 1958 qui
3067 1905 3194 1944 vero
3217 1894 3439 1962 gratiam
3473 1899 3665 1968 accipit

2129 1963 2251 2019 ideo
2276 1968 2466 2037 accipit
2490 2012 2504 2036 ,
2538 1981 2594 2023 ut
2621 1973 2846 2029 aliorum
2877 1978 3037 2032 vitam
3066 1984 3332 2039 emendet.
3363 1963 3709 2061 Quandoqui;

2127 2054 2247 2110 dem
2278 2056 2521 2114 Christus
2549 2063 2802 2120 miracula
2834 2067 2917 2120 illa
2949 2068 3067 2124 idco
3095 2073 3237 2135 fecit,
3271 2083 3326 2129 ut
3357 2076 3478 2131 inde
3508 2054 3713 2134 [ide-di-

2125 2160 2262 2215 gnus
2284 2147 2349 2203 ad
2380 2165 2439 2205 se
2467 2151 2711 2209 homines
2737 2158 3068 2226 pertrahens,
3100 2162 3349 2221 virtutem
3378 2171 3428 2222 in
3455 2171 3717 2230 mundum

2128 2238 2423 2296 induceret.
2469 2242 2592 2299 ldeo
2634 2249 2918 2304 maximam
2956 2251 3177 2323 hujusce
3206 2258 3280 2311 rei
3311 2273 3492 2314 curam
3532 2262 3707 2319 habet.

2126 2330 2309 2402 Neque
2337 2335 2478 2388 enim
2505 2337 2633 2392 solis
2661 2340 2824 2410 signis
2850 2345 2979 2397 satis
3009 2344 3187 2413 habet,
3214 2349 3307 2403 sed
3336 2359 3389 2405 et
3413 2352 3709 2422 gehennam

2125 2424 2495 2491 comminatur,
2517 2437 2571 2480 et
2587 2443 2809 2498 regnum
2831 2435 3111 2501 promittit,
3127 2437 3309 2508 sicque
3324 2440 3714 2512 inexspectatas

2124 2516 2243 2571 illas
2272 2518 2415 2586 ponit
2447 2520 2612 2589 leges,
2643 2522 2879 2594 nihilque
2908 2541 3010 2581 non
3040 2530 3148 2599 agit
3177 2540 3232 2585 ut
3261 2547 3359 2588 nos
3385 2537 3587 2605 angelis
3611 2555 3703 2609 pa-

2124 2623 2212 2663 res
2235 2609 2450 2666 efficiat.
2481 2614 2548 2667 Et
2569 2615 2693 2683 quid
2719 2616 2859 2683 dico,
2889 2620 3156 2677 Christum
3178 2626 3353 2679 omnia
3382 2626 3602 2698 hujusce
3631 2634 3707 2689 rei

2123 2715 2283 2755 causa
2313 2700 2522 2759 facere?
2550 2705 2604 2760 Si
2632 2708 2771 2778 quis,
2802 2709 2889 2765 dic
2919 2713 3047 2767 mihi
3068 2756 3082 2778 ,
3112 2716 3381 2786 optionem
3413 2720 3502 2775 tibi
3534 2722 3708 2790 daret,

2124 2803 2217 2848 aut
2259 2804 2499 2851 mortuos
2543 2798 2595 2853 in
2642 2802 2855 2856 nomine
2883 2804 2997 2872 ejus
3027 2808 3285 2862 suscitare
3308 2850 3325 2876 ,
3361 2821 3448 2866 aut
3492 2826 3710 2885 propter

2126 2901 2319 2940 nomen
2344 2889 2463 2956 ejus
2493 2890 2662 2957 mori,
2694 2892 2818 2961 quid
2847 2896 3096 2963 optares?
3120 2898 3312 2954 Annon
3344 2903 3519 2971 palam
3545 2916 3627 2961 est
3655 2916 3708 2963 te

2123 2978 2413 3034 secundum
2443 2990 2750 3051 optaturum
2783 2988 2935 3041 esse?
2971 2990 3130 3059 Atqui
3163 2991 3289 3047 illud
3325 2994 3535 3066 signum
3563 3038 3576 3063 ,
3609 2998 3710 3057 hoc

2122 3080 2298 3125 autem
2328 3087 2460 3142 opus
2486 3082 2587 3127 est.
2619 3074 2672 3130 Si
2700 3076 2818 3145 quis
2839 3092 2967 3133 vero
2995 3079 3087 3135 tibi
3115 3082 3383 3153 optionem
3414 3103 3533 3142 cum
3562 3099 3710 3159 pote-

2122 3169 2258 3215 state
2283 3160 2433 3216 daret
2462 3162 2659 3218 faenum
2693 3166 2744 3219 in
2773 3182 2959 3222 aurum
2983 3173 3221 3227 vertendi
3244 3216 3257 3236 ,
3283 3186 3371 3230 aut
3402 3193 3558 3246 posse
3584 3197 3706 3236 ont-

2124 3264 2220 3304 nes
2245 3253 2455 3306 divitias
2483 3264 2536 3307 ut
2569 3254 2765 3310 foenum
2798 3262 3147 3318 conculcare?
3181 3264 3368 3322 Nonne
3401 3268 3501 3324 hoc
3532 3274 3706 3341 potius

2122 3340 2382 3410 eligeres?
2427 3344 2491 3397 Et
2512 3344 2632 3414 jure
2658 3349 2890 3416 quidem.
2932 3351 3062 3407 Nam
3094 3355 3221 3410 illud
3249 3374 3435 3413 omnes
3464 3340 3706 3420 homines

2123 3431 2355 3487 maxime
2383 3436 2732 3503 pertraheret.
2764 3440 2822 3493 Si
2848 3441 3089 3497 viderent
3118 3447 3257 3499 enim
3291 3448 3491 3504 finitum
3515 3468 3707 3509 aurum

2125 3522 2258 3587 fieri,
2284 3526 2420 3579 hanc
2448 3537 2760 3596 potestatem
2789 3550 2976 3589 omnes
3001 3550 3257 3607 cuperent
3283 3541 3545 3611 obtinere,
3568 3546 3706 3602 sicut

2124 3615 2307 3672 Simon
2330 3659 2344 3682 ,
2378 3632 2764 3693 augereturque
2793 3625 3094 3683 divitiarum
3122 3631 3384 3701 cupiditas
3413 3652 3426 3688 :
3451 3637 3495 3690 si
3521 3648 3701 3694 autem

2122 3708 2366 3763 viderent
2380 3726 2566 3768 omnes
2586 3729 2771 3770 aurum
2793 3728 3055 3790 tamquam
3072 3722 3269 3779 famqu
3287 3726 3579 3797 despicere,
3592 3731 3702 3801 jam

2121 3800 2248 3854 olim
2271 3818 2298 3854 a
2330 3803 2516 3857 morbo
2540 3806 2744 3861 liberati
2772 3820 2970 3864 essent.
3596 3800 3601 3801 ί
3740 3874 3743 3877 .

2205 3890 2319 3945 Vita
2355 3894 2487 3948 bona
2529 3913 2659 3966 quae.
2685 3928 2756 3938 —
2786 3899 2970 3956 Viden’
2985 3884 3192 3959 .bonam
3219 3908 3378 3963 vitam
3408 3926 3562 3979 posse
3592 3928 3705 3966 ma-

2121 3981 2437 4052 gisjuvare?
2466 3985 2638 4041 Vitam
2660 4000 2836 4045 autem
2862 3993 3001 4061 dico,
3025 4011 3128 4049 non
3151 3998 3431 4068 jejunium,
3457 4019 3561 4057 non
3588 4020 3703 4060 sac-

2121 4090 2242 4129 cum
2269 4085 2323 4131 et
2346 4077 2580 4133 cinerem
2598 4091 2853 4149 stratum;
2881 4086 2973 4140 sed
2995 4088 3294 4146 divitiarum
3318 4104 3701 4167 contemptum,

2123 4176 2178 4219 ut
2208 4182 2304 4236 par
2324 4178 2407 4222 est
2435 4185 2526 4223 eas
2551 4182 2913 4242 COutemucre,
2938 4194 3172 4234 amoretn
3204 4186 3449 4251 proximi,
3474 4188 3704 4244 eleemo—
3744 4208 3747 4211 ‘

2120 4276 2306 4331 synam
2358 4272 2412 4316 et
2460 4279 2650 4331 panem
2706 4270 2958 4324 esurienti
3004 4272 3207 4340 datum,
3257 4277 3493 4334 sedatam
3546 4283 3701 4351 iram,

2122 4351 2294 4406 inanis
2316 4352 2499 4420 gloria:
2522 4354 2905 4425 depulsionem,
2929 4360 3137 4417 invidiae
3157 4365 3592 4425 eliminatiOnem.
3616 4372 3703 4427 Sic

2120 4452 2175 4497 ct
2202 4444 2287 4498 ille
2311 4460 2409 4499 nos
2432 4448 2653 4501 instituit
2676 4463 2796 4502 cum
2828 4450 2961 4505 dixit
2988 4469 3002 4505 :
3033 4452 3221 4509 Discite
3245 4474 3277 4509 a
3302 4475 3400 4525 me,
3425 4462 3543 4531 quia
3570 4464 3704 4518 mitis
3782 4480 3789 4483 ‘

2121 4552 2232 4588 sum
2255 4545 2303 4589 et
2331 4538 2538 4591 humilis
2565 4539 2715 4593 corde
2744 4539 2954 4611 (Matth.
2990 4545 3077 4597 11.
3105 4545 3217 4615 29).
3246 4547 3361 4602 Non
3389 4549 3540 4617 dixit,
3568 4552 3701 4621 Quia

2115 4628 2372 4697 jcjnnavi,
2393 4631 2489 4683 etsi
2520 4641 2695 4699 posset
2718 4633 3065 4703 quadraginta
3088 4637 3202 4691 dies
3217 4638 3402 4709 jejunii
3430 4643 3701 4711 proferre:

2119 4729 2174 4773 at
2193 4736 2299 4775 non
2327 4722 2427 4777 hoc
2452 4722 2610 4789 dicit;
2643 4725 2757 4788 sed,
2785 4725 2919 4790 Quia
2940 4729 3071 4781 utilis
3096 4746 3207 4783 sum
3232 4742 3278 4785 et
3299 4733 3504 4789 humilis
3530 4739 3700 4792 corde.

2119 4809 2432 4881 Rursusque
2456 4828 2575 4867 cum
2608 4816 2752 4868 misit
2776 4831 2868 4870 eos
2888 4859 2903 4881 ,
2935 4833 3038 4872 non
3067 4820 3231 4885 dixit,
3263 4823 3541 4892 Jejunatc:
3572 4829 3663 4883 sed
3685 4869 3700 4895 ,

2121 4900 2430 4956 Manducate
2448 4905 2580 4973 quod
2605 4907 2881 4976 apponitur
2903 4910 3038 4964 vobis
3064 4912 3080 4977 (
3106 4910 3233 4966 Luc.
3263 4914 3349 4968 10.
3376 4916 3468 4986 8).
3506 4919 3578 4973 Ι)ε
3608 4935 3703 4989 pe-

2119 4994 2273 5048 cauia
2304 5009 2429 5047 vero
2454 5009 2692 5049 severam
2724 4997 2891 5068 legem
2923 5005 3097 5069 posuit
3125 5004 3308 5059 dicens
3340 5025 3352 5057 -.
3386 5007 3564 5062 Nolite
3588 5030 3705 5080 pos-

2118 5088 2282 5140 sidere
2317 5102 2496 5139 aurum
2536 5088 2611 5141 vel
2652 5100 2946 5160 argentum,
2991 5111 3147 5164 neque
3170 5113 3240 5150 (es
3268 5099 3321 5150 in
3348 5104 3490 5155 zonis
3532 5106 3703 5158 vestris

2122 5176 2346 5249 (Matth.
2373 5177 2462 5232 10.
2488 5177 2582 5250 9).
2618 5179 2740 5234 llaac
2772 5197 2932 5250 porro
2960 5184 3112 5253 dico,
3144 5204 3248 5242 non
3275 5192 3415 5260 quod
3442 5193 3700 5262 jejunium

2119 5270 2451 5340 vituperem;
2480 5271 2651 5336 absit;
2684 5274 2906 5329 multum
2936 5278 3130 5348 quippe
3160 5282 3316 5337 laudo
3344 5302 3355 5335 :
3386 5289 3478 5340 sed
3503 5303 3701 5358 angor,

2120 5377 2239 5416 cum
2266 5362 2423 5417 video
2444 5379 2558 5425 vos,
2589 5366 2705 5419 aliis
2734 5368 3004 5437 neglectis.
3030 5382 3216 5440 putare
3240 5376 3364 5430 illud
3393 5394 3511 5433 esse
3530 5381 3596 5435 ad
3618 5397 3705 5435 sa-

2121 5455 2282 5507 lutem
2322 5456 2473 5519 satis,
2504 5471 2623 5509 cum
2665 5467 2838 5512 tamen
2885 5464 2935 5514 in
2978 5463 3143 5518 choro
3174 5468 3426 5523 virtutum
3460 5470 3702 5527 ultimum

2122 5553 2300 5598 teneat
2321 5544 2512 5599 locum.
2546 5546 2637 5600 Ha:
2662 5549 2855 5618 quippe
2877 5554 3121 5608 maximrc
3142 5566 3285 5621 sunt,
3301 5561 3514 5626 caritas,
3539 5564 3703 5632 aequi.

2123 5648 2239 5702 tas,
2286 5638 2660 5710 eleemosyna,
2707 5658 2826 5711 qua:
2864 5644 3021 5699 etiam
3065 5649 3422 5719 virginitatem
3465 5667 3699 5724 superat.

2120 5729 2296 5794 Quare
2320 5730 2365 5784 si
2392 5731 2522 5785 velis
2546 5734 2801 5801 apostolis
2829 5751 2923 5805 par
2943 5753 3080 5800 esse,
3101 5742 3230 5796 nihil
3256 5744 3449 5800 obstat.
3479 5746 3533 5802 Si
3561 5749 3700 5803 illaut

2128 5824 2380 5881 virtutem
2402 5826 2764 5900 amplectaris,
2805 5829 3116 5891 sufficitilla
3136 5834 3233 5891 tibi
3275 5844 3335 5891 ut
3370 5834 3705 5892 nihilminus
