4108 6376
190 395 284 454 Πθ

189 517 292 588 γάρ
319 516 416 571 τοῦ
443 519 796 591 κηρύγματος
831 523 863 595 ή
893 522 1152 596 δύναμις·
1185 528 1279 582 καὶ
1319 529 1380 582 τὸ
1409 529 1661 599 ζυμωθέν
1693 529 1858 600 ἅπαξ,

188 604 326 676 ζύμη
361 606 571 675 γίνεται
603 608 682 678 τῷ
714 609 884 681 λοιπῷ
918 611 1098 665 πάλιν.
1135 615 1244 668 Kal
1288 617 1542 687 καθάπερ
1571 620 1598 670 ό
1627 617 1863 688 σπινθὴρ

188 690 309 743 ὅταν
335 691 666 764 ἐπιλάϐηται
698 695 890 760 ξύλων,
921 699 989 752 τὰ
1026 699 1125 771 ήδη
1167 703 1584 756 κατακαυθέντα
1628 704 1862 771 ποιήσας

188 777 281 846 τῆς
304 779 502 848 φλογὸς
527 781 870 855 προσθήκην.
904 785 1046 839 οὕτω
1083 791 1197 851 τοῖς
1236 789 1415 854 ἄλλοις
1443 790 1650 843 ἔπεισιν
1671 806 1682 819 ·
1717 788 1859 842 οὕτω

188 865 247 937 δὴ
277 867 373 920 καὶ
401 868 462 921 τὸ
501 870 782 941 κήρυγμα.
802 873 940 926 Ἀλλ’
965 876 1064 927 οὐκ
1096 872 1217 928 εἷπε
1252 876 1384 948 πῦρ,
1410 877 1548 930 άλλά
1575 876 1783 947 ζύμην·
1808 879 1861 931 τί

188 951 412 1022 δήποτε;
434 956 558 1010 Ὀτι
583 958 643 1010 οὐ
683 959 778 1012 τοῦ
820 961 992 1032 πυρός
1022 963 1168 1016 ἐστιν
1193 966 1310 1017 ἐκεῖ
1345 965 1406 1018 τὸ
1431 965 1573 1022 ὅλον.
1606 965 1741 1018 ἀλλά
1767 966 1860 1019 καὶ

189 1039 292 1093 τῶν
315 1044 705 1116 άναπτομένων
717 1047 892 1114 ξύλων
909 1049 1172 1104 ’ἐνταῦθα
1189 1052 1244 1105 δὲ
1265 1053 1322 1106 τὸ
1341 1053 1461 1106 ὅλον
1479 1055 1510 1124 ή
1528 1053 1675 1124 ζύμη
1693 1053 1861 1124 ἐργὰα

190 1125 334 1191 ζεται
358 1131 426 1184 δι’
453 1133 726 1204 ἐαυτῆς.⁹⁶
743 1135 804 1189 Εἰ
819 1137 874 1189 δὲ
895 1137 1392 1210 ᾇνθρωποιδώδεκα
1420 1142 1520 1213 τὴν
1538 1143 1861 1213 οἰκουμένην

191 1226 405 1280 ἅπασαν
425 1222 736 1292 ἐζύμωσαν,
756 1225 1006 1293 ἐννόησον
1027 1227 1126 1297 ὅση
1149 1229 1305 1298 ἡμῶν
1325 1232 1358 1299 ή
1379 1230 1567 1291 κακία.
1589 1232 1716 1285 ὅταν
1739 1251 1862 1287 τοσ-

190 1311 332 1363 οῦτοι
365 1310 516 1374 ὅντες
539 1311 668 1373 τοὺς
692 1311 1151 1382 ὑπολειπομένους
1172 1313 1246 1384 μὴ
1261 1314 1578 1387 δυνηθῶμεν
1594 1317 1860 1383 διορθοῦν,

191 1399 280 1462 οὓς
305 1399 518 1469 μυρίοις
548 1399 776 1469 κόσμοις
803 1400 990 1470 ἀρκεῖν
1019 1402 1188 1473 ἐχρῆν
1221 1405 1316 1456 καὶ
1339 1405 1590 1472 γενέσθαι
1622 1406 1821 1477 ζύμην.

257 1492 327 1554 γ’.
346 1486 487 1538 Ἀλλ’
519 1487 735 1548 ἐκεῖνοι,
763 1489 948 1557 φησὶν,
968 1488 1258 1544 ἀπόστολοι
1281 1487 1440 1562 ἦσαν.
1464 1494 1574 1547 Kal
1600 1495 1653 1547 τί
1680 1495 1861 1560 τοῦτο;

190 1573 321 1643 Οὐχὶ
349 1572 456 1625 τῶν
484 1571 664 1626 αὐτῶν
698 1590 780 1626 σοι
815 1574 1112 1646 μετέσχον;
1143 1577 1243 1631 οὐκ
1275 1581 1333 1632 ἐν
1375 1580 1594 1634 πόλεσιν
1623 1582 1863 1654 ἐτράφη-

155 1651 158 1656 ’
190 1676 286 1713 σαν
303 1662 384 1726 ⁹³;
419 1659 481 1712 οὐ
509 1659 618 1713 τῶν
643 1660 825 1714 αὐτῶν
859 1661 1204 1731 ἀπέλαυσαν;
1247 1666 1368 1736 οὐχὶ
1389 1666 1583 1737 τέχνας
1618 1651 1859 1739 μετεχει-

192 1747 438 1818 ρίσαντο;
475 1747 549 1818 μὴ
578 1748 688 1818 γάρ
712 1749 935 1817 ἄγγελοι
963 1747 1140 1822 ἦσανς
1174 1753 1248 1823 μὴ
1266 1754 1376 1825 γάρ
1396 1753 1456 1818 ἐξ
1475 1755 1704 1826 οὐρανοῦ
1731 1773 1864 1811 κατ-

188 1835 427 1905 έϐησανς
487 1835 648 1888 Ἀλλά
676 1837 746 1890 τὰ
774 1841 994 1908 σημεῖα,
1035 1843 1224 1911 φησιν,
1258 1837 1423 1910 εἶχον.
1462 1843 1535 1896 Οὐ
1560 1842 1631 1894 τά
1659 1847 1863 1913 σημεῖα

189 1922 537 1992 θαυμαστοὺς
568 1925 765 1988 αὐτοὺς
787 1925 1030 1997 ἐποίησε.
1072 1929 1250 1999 Μέχρι
1271 1929 1402 1982 πότε
1437 1929 1865 2002 προκαλύμμασι

187 2010 505 2081 κεχρήμεθα
531 2014 630 2083 τῆς
659 2013 934 2084 ἡμετέρας
967 2015 1242 2086 ῥᾳθυμίας
1273 2018 1386 2080 τοῖς
1415 2017 1687 2088 θαύμασιν
1718 2018 1866 2071 ἐκεί·

187 2114 295 2160 νοις
315 2114 333 2165 ;
360 2099 493 2170 [Ἴδε
523 2100 614 2153 τὸν
641 2100 798 2172 χορὸν
817 2103 925 2154 τῶν
947 2103 1118 2171 ἁγίων
1133 2105 1193 2156 οὐ
1211 2107 1324 2167 τοῖς
1345 2103 1617 2174 θαύμασιν
1637 2104 1866 2168 ἐκείνοις

187 2183 479 2255 λάμψαντα
496 2185 591 2258 ⁹⁶.]
636 2188 827 2241 Πολλοὶ
877 2188 987 2261 γάρ
1030 2191 1125 2243 καὶ
1164 2190 1420 2261 δαίμονας
1463 2191 1862 2259 ἐκϐαλόντες⁹⁷,

187 2273 380 2345 ἐπειδὴ
409 2275 510 2346 τὴν
533 2275 762 2344 ἀνομίαν
788 2277 1134 2348 εἰργάσαντο,
1155 2279 1256 2332 οὐκ
1276 2279 1521 2347 ἐγένοντο
1542 2279 1864 2350 θαυμαστοὶ,

187 2361 322 2415 ἀλλά
369 2364 466 2416 καὶ
507 2363 903 2435 ἐκολάσθησαν.
940 2366 1051 2420 Kal
1088 2367 1142 2419 τί
1178 2369 1295 2420 ποτ’
1325 2363 1418 2421 οὖν
1458 2369 1595 2431 ἐστι,
1623 2371 1808 2439 φησὶν,
1838 2368 1867 2422 ὃ

190 2450 460 2521 μεγάλους
494 2451 692 2516 αὐτοὺς
721 2452 927 2519 ἐδειξε;
961 2453 1034 2506 Τὸ
1063 2455 1362 2526 χρημάτων
1393 2459 1774 2527 καταφρονεῖν,
1807 2458 1867 2511 τὸ

187 2538 343 2610 δόξης
377 2539 686 2611 ὐπερορᾷν,
723 2541 784 2594 τὸ
813 2542 1157 2612 πραγμάτων
1190 2543 1534 2613 ἀπηλλάχθαι
1576 2545 1864 2614 βιωτικῶν.

197 2625 282 2689 Ὠς
316 2625 433 2693 εἴγε
458 2627 532 2698 μὴ
566 2626 740 2681 ταῦτα
761 2624 926 2698 εἶχον,
946 2628 1083 2682 ἀλλά
1105 2629 1279 2683 δοῦλοι
1303 2630 1412 2682 τῶν
1428 2631 1473 2662 ’⁸
1495 2631 1682 2685 παθῶν
1704 2627 1866 2704 ἦσαν,

188 2714 236 2766 εἰ
265 2715 364 2767 καὶ
393 2715 623 2785 μυρίους
649 2719 876 2788 νεκροὺς
905 2719 1152 2789 ήγειραν,
1177 2719 1239 2771 οὐ
1272 2721 1435 2787 μόνον
1461 2719 1611 2773 οὐδὲν
1635 2719 1702 2774 ἂν
1726 2720 1868 2790 ὠφέ-

188 2800 384 2870 λησαν,
407 2801 543 2855 ἀλλά
568 2803 664 2856 καὶ
683 2805 998 2870 ἀπατεῶνες
1027 2805 1094 2858 ἂν
1112 2805 1476 2876 ἐνομίσθησαν
1506 2802 1665 2860 εἶναι.
1682 2805 1869 2871 Οὖτως

190 2891 216 2940 5
249 2890 365 2961 βίος
401 2891 549 2944 ἐστὶν
595 2893 623 2944 6
667 2893 944 2965 πανταχοῦ
971 2894 1223 2965 λάμπων,
1247 2897 1275 2948 6
1307 2897 1402 2949 καὶ
1430 2895 1521 2948 τοῦ
1555 2895 1870 2966 Πνεύματος

189 2978 284 3051 τὴν
314 2979 476 3050 χάριν
507 2980 908 3052 ἐπισπώμενος.
945 2985 1100 3036 Ποῖον
1129 2986 1354 3054 σημεῖον
1397 2984 1649 3054 Ἰωάννης
1679 2984 1867 3054 ἐποίη-

189 3083 299 3131 σεν,
351 3067 433 3120 ὅτι
468 3067 651 3131 πόλεις
694 3068 962 3133 τοσαύτας
998 3068 1516 3141 ἀνηρτήσατο;”οτι
1560 3070 1668 3140 γὰρ
1717 3069 1868 3123 οὐδὲν

189 3153 729 3226 ἐθαυματούργησεν,
772 3157 1006 3211 ἄκουσον
1037 3157 1132 3210 τοῦ
1165 3157 1550 3227 εὐαγγελιστοῦ
1587 3157 1866 3226 λέγοντος·

190 3241 311 3295 Ὅτι
347 3243 630 3310 Ἰωάννης
650 3243 768 3312 μὲν
805 3244 1055 3312 ἐποίησε
1081 3244 1334 3314 σημεῖον
1375 3244 1574 3300 οὐδέν.
1619 3244 1786 3297 Πόθεν
1815 3244 1872 3296 δὲ

189 3327 508 3399 θαυμαστὸς
542 3330 727 3394 Ἠλίας
758 3331 1005 3400 ἐγένετος
1037 3334 1151 3385 Οὐκ
1179 3332 1288 3386 ἀπὸ
1314 3334 1414 3402 τῆς
1432 3333 1743 3405 παρρησίας
1771 3331 1872 3400 τῆς

189 3419 330 3488 πρὸς
364 3418 456 3471 τὸν
477 3418 732 3488 βασιλέας
763 3419 861 3472 οὐκ
887 3420 994 3473 ἀπὸ
1023 3420 1117 3472 τοῦ
1143 3419 1304 3490 ζήλου
1327 3420 1421 3474 τοῦ
1443 3421 1580 3492 πρὸς
1602 3421 1692 3472 τὸν
1707 3419 1870 3485 Θεόν;

189 3507 290 3559 οὐκ
331 3507 446 3560 ἀπὸ
497 3506 598 3576 τῆς
651 3507 1066 3578 ἀκτημοσύνης;
1102 3509 1202 3561 οὐκ
1230 3509 1339 3562 ἀπὸ
1368 3513 1467 3580 τῆς
1497 3508 1749 3580 μηλωτῆς
1782 3509 1874 3561 καὶ¹

189 3593 284 3646 τοῦ
313 3595 584 3665 σπηλαίου
614 3594 710 3649 καὶ
731 3594 839 3648 τῶν
867 3596 1043 3666 όρῶν;
1080 3597 1160 3651 Ta
1191 3597 1298 3669 γὰρ
1323 3600 1524 3667 σημεῖα
1545 3596 1684 3668 μετά
1702 3596 1875 3650 ταῦτα

190 3682 412 3737 ἅπαντα
438 3685 682 3754 ἐποίησε.
702 3686 805 3739 Τὸν
826 3687 884 3740 δέ
897 3685 1014 3740 Ἰὼϐ
1037 3689 1187 3740 ποῖον
1210 3691 1433 3756 σημεῖον
1457 3687 1598 3757 όρῶν
1619 3687 1875 3740 ποιοῦντα

190 3770 473 3842 ἐξεπλάγη
491 3775 518 3824 ὁ
533 3771 806 3837 διάϐολοςς
826 3774 898 3842 Ση
907 3777 1058 3844 μεῖον
1078 3775 1175 3844 μὲν
1195 3774 1366 3833 οὐδὲν.
1389 3773 1502 3842 βίον
1522 3774 1577 3828 δέ
1596 3773 1878 3844 λάμποντα

190 3861 287 3912 καὶ
320 3860 603 3931 ὑπομονὴν
644 3860 952 3931 ἀδάμαντος
1000 3863 1362 3932 στερροτέραν
1413 3861 1874 3932 ἐπιδεικνύμενον.

192 3948 358 4001 Ποῖον
400 3951 626 4019 σημεῖον
651 3951 680 4003 ό
709 3948 873 4002 Δαυῖδ
903 3950 1177 4020 ἐποίησεν,
1211 3949 1290 4002 ἐτι
1326 3949 1444 4013 νέος
1475 3948 1576 4010 ὣν,
1611 3949 1686 4013 ὡς
1706 3951 1879 4003 είπεῖν

191 4036 284 4089 τὸν
314 4037 482 4090 Θεόνο
519 4032 721 4103 Εὗρον
748 4036 929 4090 Δαυῒδ
970 4037 1076 4090 τὸν
1117 4037 1223 4091 τοῦ
1252 4038 1478 4093 Ἰεσσαὶ
1516 4037 1705 4107 ἄνδρα
1733 4039 1881 4092 κατὰ

201 4123 320 4191 τὴν
337 4123 596 4192 καρδίαν
615 4140 769 4192 μου;
807 4123 937 4177 ’0δέ
965 4124 1214 4196 Ἀϐραὰμ
1230 4125 1324 4180 καὶ
1352 4124 1535 4180 Ἰσαὰκ
1561 4127 1654 4180 καὶ
1687 4125 1880 4180 Ἰακὼϐ

193 4213 349 4265 ποῖον
387 4211 581 4282 νεκρὸν
621 4203 879 4282 ήγειράν;
910 4213 1062 4264 ποῖον
1093 4211 1147 4265 δέ
1193 4212 1392 4284 λεπρὸν
1423 4213 1734 4282 ἐκάθηραν;
1769 4213 1882 4266 Οὐκ

195 4293 354 4352 οἶσθα
389 4301 472 4353 ὅτι
503 4299 574 4352 τὰ
603 4302 824 4368 σημεῖα,
859 4298 954 4352 ἐὰν
991 4300 1064 4371 μὴ
1088 4301 1367 4372 νήφωμεν,
1387 4301 1482 4354 καὶ
1507 4301 1730 4372 βλάπτει
1755 4299 1881 4354 πολ-

197 4387 355 4449 λάκις
381 4405 396 4454 ;
421 4387 578 4440 Οῦτω
596 4388 640 4418 ”
665 4387 850 4440 πολλοὶ
877 4387 988 4439 τῶν
1013 4387 1318 4458 Κορινθίων
1344 4389 1753 4457 ἀπεσχίσθησαν
1779 4389 1874 4440 ἀπ’

197 4476 467 4547 ἀλλήλων·
493 4475 634 4528 οὕτω
653 4475 838 4528 πολλοὶ
861 4475 968 4528 τῶν
997 4475 1282 4544 Ῥωμαίων
1300 4476 1575 4547 ἀπενοήθη
1585 4494 1680 4529 σαν
1701 4494 1716 4508 ο
1738 4475 1880 4528 οὕτω

198 4562 386 4632 Σίμων
427 4561 689 4633 ἐξεϐλήθη
712 4578 726 4592 υ
752 4561 924 4624 οὓτως
951 4563 979 4614 ό
1011 4561 1090 4632 τῷ
1123 4561 1344 4633 Χριστῷ
1376 4562 1495 4616 τότε
1535 4562 1882 4633 ἐπιθυμήσας

199 4649 568 4720 ἀκολουθῆσαι
604 4650 1054 4722 ἁπεδοκιμάζετο,
1084 4649 1324 4716 ἀκούσας
1360 4651 1441 4704 ὅτι
1468 4655 1538 4705 Al
1575 4650 1883 4716 ἀλώπεκες

199 4738 477 4809 φωλεοὺς
503 4741 739 4807 ἔχουσι,
787 4739 884 4793 καὶ
916 4739 988 4794 τὰ
1023 4737 1264 4792 πετεινὰ
1300 4737 1449 4810 [435]
1484 4738 1589 4792 τοῦ
1621 4737 1882 4805 οὐρανοῦ

199 4823 695 4892 κατασκηνώσεις
713 4827 754 4878 ι.
772 4824 986 4877 Τούτων
1008 4824 1118 4895 γάρ
1137 4823 1385 4888 ἕκαστος,
1402 4827 1430 4878 6
1449 4824 1548 4895 μὲν
1564 4825 1881 4895 χρημάτων,

198 4912 228 4963 6
268 4913 327 4966 δὲ
370 4911 527 4983 δόξης
558 4913 845 4983 ἐφιέμενος
882 4913 981 4985 τῆς
1021 4912 1129 4966 ἀπὸ
1157 4914 1265 4966 τῶν
1297 4913 1558 4983 σημείων,
1598 4911 1884 4976 ἐξέπιπτον

202 5001 299 5057 καὶ
331 5000 709 5056 ἀπώλλυντοῆ
744 5000 866 5052 Βίου
897 5001 953 5054 δέ
980 5001 1268 5072 ἐπιμέλεια
1297 5002 1390 5054 καλ⁵
1423 5000 1624 5071 ἀρετῆς
1656 4998 1794 5070 ἔρως
1821 4999 1882 5051 οὐ

203 5088 372 5158 μόνον
425 5088 485 5140 οὐ
515 5088 687 5142 τίκτει
731 5088 988 5158 τοιαύτην
1038 5088 1366 5159 ἐπιθυμίαν,
1409 5087 1545 5141 ἀλλά
1577 5087 1672 5140 καὶ
1718 5082 1884 5140 οὖσαν

203 5176 441 5246 ἀναιρεῖ.
464 5174 572 5228 Kal
603 5174 763 5238 αὐτὸς
794 5176 850 5228 δὲ
879 5176 967 5228 ὅτε
998 5175 1306 5245 ἐνομοθέτει
1340 5178 1450 5239 τοῖς
1483 5175 1677 5228 ἐαυτοῦ
1711 5174 1887 5245 μαθη-

204 5265 348 5327 ταῖς,
376 5262 429 5315 τί
457 5263 638 5329 {le-rs;
665 5264 933 5332 Ποιήσατε
958 5266 1179 5333 σημεῖα,
1203 5263 1291 5317 ἵνα
1317 5264 1495 5317 ἴδωσιν
1516 5264 1566 5314 οί
1586 5261 1883 5332 ἀνθρώποις

205 5350 475 5421 Οὐδαμῶς
494 5366 507 5379 ·
531 5349 667 5403 ἀλλά
692 5350 744 5401 τί
759 5368 774 5416 ;
793 5350 1096 5418 Λαμψάτω
1118 5352 1183 5402 τὸ
1210 5351 1335 5420 φῶς
1358 5348 1518 5419 ὑμῶν
1543 5350 1884 5420 ἔμπροσθεν

1263 404 1332 462 IN
1373 406 1787 464 ΜΑΤΤΗᾹΞΟΜ
1829 399 2060 464 llOlllL.
2101 409 2281 465 XLVI.
2314 409 2381 465 al.
2411 409 2619 468 XLVII.

3531 412 3641 468 480‘

1963 527 2082 582 τῶν
2101 528 2444 598 ἀνθρώπων,
2465 527 2626 595 ὅπως
2648 528 2858 582 ἴδωσιν
2875 527 3044 598 ὑμῶν
3065 529 3131 583 τὰ
3168 532 3322 586 καλὰ
3348 533 3438 604 Ep}
3452 553 3515 598 α,
3535 540 3635 591 καὶ

1962 615 2266 679 δοξάσωσι
2304 617 2412 670 τὸν
2457 615 2687 684 Πατέρα
2730 615 2897 684 ὑμῶν
2933 617 3041 669 τὸν
3067 617 3138 670 ἐν
3167 618 3295 684 τοῖς
3333 623 3636 691 οὐρανοῖς.

1963 702 2072 754 Kal
2091 702 2167 771 τῷ
2191 703 2381 774 Πέτρῳ
2407 702 2463 754 δέ
2486 703 2585 755 οὐκ
2605 698 2777 765 εἶπεν,
2797 703 2859 755 Εἰ
2880 702 2900 733 ⁸
2929 703 3098 771 φιλεῖς
3124 721 3213 775 με.
3235 707 3374 760 ποίει
3400 713 3600 778 σημεῖα
3621 726 3637 740 ⁸

1961 788 2118 846 ἀλλά.
2141 791 2423 859 Ποίμαινε
2445 791 2517 844 τὰ
2540 790 2804 858 πρόϐατά
2819 809 2939 860 μου
2978 791 3086 845 Kal
3107 795 3381 864 πανταχοῦ
3401 795 3458 850 δέ
3478 798 3640 852 αὐτὸν

1962 877 2247 947 προτιμῶν
2265 878 2374 930 τῶν
2395 877 2570 931 ἄλλων
2594 878 2732 948 μετά
2761 877 3018 931 Ἰακώϐου
3040 880 3132 933 καὶ
3159 880 3428 950 Ἰωάννου,
3452 885 3637 950 πόθεν,

1962 963 2083 1016 εἰπέ
2111 981 2223 1034 μοι,
2247 964 2549 1035 προετίμα;
2580 964 2688 1018 ἀπὸ
2710 965 2818 1018 τῶν
2846 965 3116 1036 σημείων;
3139 968 3251 1021 Kal
3293 969 3400 1041 μὴν
3441 973 3641 1037 πάντες

1961 1051 2161 1120 ὁμοίως
2179 1048 2470 1123 ἐκάθαιρον
2485 1052 2609 1115 τούς
2629 1052 2882 1123 λεπροὺς,
2898 1053 3132 1118 καὶτοὺς
3149 1057 3376 1127 νεκροὺς
3394 1058 3638 1131 ήγειρονο

1962 1140 2054 1192 καὶ
2086 1141 2252 1192 πᾶσιν
2279 1140 2481 1210 ὁμοίως
2500 1140 2598 1210 τὴν
2627 1140 2871 1205 ἐξουσίαν
2899 1141 3086 1196 ἔδωκε.
3118 1143 3288 1198 Πόθεν
3303 1141 3396 1199 οῦν
3415 1141 3558 1217 εἶχον
3577 1147 3639 1201 τὸ

1962 1227 2123 1279 πλέον
2138 1220 2281 1280 οὗτοι
2301 1243 2316 1291 ;
2347 1227 2479 1280 Ἀπὸ
2499 1228 2599 1298 τῆς
2620 1227 2760 1281 κατά
2779 1227 2958 1300 ψυχὴν
2976 1230 3198 1301 ἀρετῆς.
3215 1232 3376 1302 Ὁρᾷς
3391 1235 3474 1287 ὅτι
3497 1253 3640 1289 παν-

1961 1313 2126 1383 ταχοῦ
2155 1313 2268 1383 βίου
2287 1314 2443 1385 χρεία
2465 1315 2674 1384 καὶτῆς
2695 1315 2782 1369 διὰ
2805 1315 2912 1369 τῶν
2934 1316 3111 1388 ἔργων
3133 1318 3474 1386 ἐπιδείξεως;
3504 1321 3639 1376 Ἀπὸ

1961 1397 2081 1452 τῶν
2107 1399 2356 1469 καρπῶν
2376 1401 2484 1472 γὰρ
2504 1399 2723 1463 αὐτῶν,
2747 1403 2932 1472 φησὶν,
2965 1402 3371 1473 ἐπιγνώσεσθε
3394 1409 3636 1475 αὐτούς.

2031 1488 2094 1540 δ’.
2125 1488 2190 1540 Τί
2223 1487 2279 1541 δέ
2313 1488 2410 1558 τὴν
2436 1489 2580 1559 ζωὴν
2599 1489 2879 1560 συνίστησι
2894 1491 2995 1561 τὴν
3013 1492 3316 1564 ήμετέραν;
3339 1489 3521 1565 *Αραδ
3542 1513 3641 1565 σηο

1966 1575 2135 1644 μείων
2165 1575 2494 1642 ἐπίδειξις,ἢ
2525 1575 2801 1640 πολιτείας
2825 1577 3055 1649 ἀρίστης
3081 1580 3373 1650 ἀκρίϐεια;
3405 1581 3640 1653 Εὔδηλον

1963 1662 2046 1715 ὅτι
2070 1662 2130 1715 τὸ
2151 1663 2433 1732 δεύτερον·
2463 1663 2531 1717 τά
2563 1663 2619 1717 δέ
2653 1667 2853 1734 σημεῖα
2873 1665 2965 1718 καὶ⁹
2989 1666 3090 1730 τάς
3119 1668 3370 1739 ἀφορμάς
3391 1669 3641 1724 ἐντεῦθεν

1963 1749 2097 1820 ἔχει,
2128 1751 2221 1804 καὶ
2254 1752 2333 1814 εἰς
2360 1750 2518 1804 τοῦτο
2547 1752 2840 1822 καταλήγει
2863 1753 2905 1805 ⁸.
2933 1752 3000 1806 "0
3028 1770 3087 1806 τε
3117 1757 3225 1826 γὰρ
3263 1754 3375 1825 βίον
3417 1757 3641 1826 ἀριστον

1963 1837 2424 1915 ἐπιδεικνύμενος,
2458 1835 2754 1892 ἐπισπᾶται
2783 1839 2987 1907 ταύτην
3018 1840 3115 1911 τήν
3142 1843 3300 1912 χάριν
3318 1859 3331 1872 ·
3363 1843 3391 1896 6
3414 1860 3474 1897 τε
3503 1844 3642 1915 λαμ-

1964 1924 2146 1979 ϐάνων
2178 1925 2278 1995 τὴν
2310 1912 2487 1996 χάριν,
2521 1926 2608 1978 διά
2634 1925 2791 1979 τοῦτο
2825 1926 3111 1997 λαμϐάνει,
3154 1929 3242 1983 ἵνα
3274 1931 3366 1984 τὸν
3387 1932 3406 1961 ⁸
3437 1912 3641 2003 ἐτέρων

1961 2011 2325 2085 διορθώσηται
2357 2012 2490 2081 βίον.
2509 2012 2662 2066 Ἐπεὶ
2682 2015 2777 2066 καὶ
2801 2015 2829 2066 6
2857 2015 3090 2085 Χριστὸς
3117 2016 3204 2070 διὰ
3229 2016 3386 2071 τοῦτο
3412 2019 3480 2072 τά
3506 2019 3640 2072 θαύ-

1967 2117 2112 2172 ματα
2167 2101 2350 2154 ἐκεῖνα
2383 2099 2670 2170 ἐποίησεν,
2707 2102 2794 2155 ἴνα
2827 2103 3138 2170 ἀξιόπιστος
3177 2108 3362 2175 φανεὶς
3391 2107 3641 2162 ἐντεῦθεν

1965 2190 2062 2241 καὶ
2083 2188 2220 2258 πρὸς
2251 2188 2442 2241 ἐαυτὸν
2467 2189 2720 2252 ἐλκύσας,
2747 2191 2946 2262 ἀρετήν
2972 2194 3050 2256 είς
3090 2193 3180 2245 τὸν
3210 2195 3324 2264 βίον
3346 2196 3637 2268 εἰσαγάγῃ.

1965 2277 2056 2329 Διὸ
2099 2278 2193 2331 καὶ
2215 2276 2315 2348 τὴν
2339 2276 2560 2331 πλείονα
2581 2277 2722 2349 ύπέρ
2748 2278 2939 2332 τούτου
2965 2282 3197 2334 ποιεῖται
3223 2283 3478 2354 σπουδήν.
3508 2284 3642 2338 Οὐδὲ

1965 2365 2073 2439 γάρ
2102 2367 2216 2429 τοῖς
2250 2365 2499 2435 σημείοις
2525 2367 2774 2437 ἀρκεῖται
2800 2368 2983 2438 μόνον,
3002 2367 3138 2422 ἀλλά
3159 2371 3253 2423 καὶ
3277 2369 3500 2438 γέενναν
3529 2372 3640 2424 ἀπο

1966 2453 2117 2516 ειλεῖ,
2153 2453 2245 2506 καὶ
2277 2453 2554 2523 βασιλείαν
2586 2454 3002 2522 ἐπαγγέλλεται,
3033 2456 3127 2509 καὶ
3155 2457 3280 2521 τοὺς
3306 2459 3642 2530 παραδόξους

1965 2541 2206 2603 ἐκείνους
2231 2540 2414 2610 τίθησι
2436 2540 2653 2610 νόμους,
2674 2543 2767 2594 καὶ
2787 2542 2966 2596 πάντα
2989 2543 3130 2607 ὑπὲρ
3154 2545 3346 2598 τούτου
3379 2563 3642 2619 πραγμα-

1965 2626 2203 2689 τεύεται,
2239 2626 2322 2679 ἵνα
2359 2627 2678 2695 ίσαγγέλους
2717 2629 3039 2699 ἐργάσηται.
3069 2632 3179 2684 Kal
3221 2631 3274 2682 τί
3308 2631 3468 2700 λέγοι,
3499 2633 3581 2686 ὅτι
3614 2634 3646 2687 6

1967 2714 2012 2767 X
2025 2714 2202 2785 ριστδς
2220 2714 2399 2768 πάντα
2416 2713 2608 2767 τούτου
2629 2713 2815 2768 ’ἐνεκεν
2833 2719 3004 2781 ποιεί;
3024 2717 3115 2770 Σοὶ
3127 2716 3236 2788 γὰρ
3252 2717 3305 2770 εί
3320 2735 3402 2782 τις
3419 2719 3642 2784 ἔδωκεν,

1968 2803 2091 2856 εἰπέ
2138 2820 2262 2872 μοι,
2314 2801 2547 2873 αἰρεσιν,
2578 2803 2808 2873 νεκροὺς
2830 2803 2849 2833 ⁷
2887 2804 3192 2873 ἀναστῆσαι
3219 2807 3278 2857 ἐν
3313 2805 3386 2876 τῷ
3420 2807 3645 2876 ὀνόματι

1969 2889 2157 2954 αὐτοῦ,
2177 2888 2316 2960 ἥδιά
2342 2890 2403 2942 τὺ
2425 2889 2594 2960 ὄνομα
2619 2889 2784 2944 αὐτοῦ
2804 2890 3118 2955 ἀποθανεῖν,
3133 2893 3187 2944 τί
3205 2893 3270 2947 ἀν
3285 2892 3450 2960 ἐδέξω
3469 2894 3491 2926 ⁸
3511 2895 3650 2966 μάλ-

1969 2978 2060 3032 λον
2080 2995 2095 3044 ;
2120 2979 2233 3032 Οὐκ
2253 2977 2475 3050 εύδηλον
2490 2981 2573 3032 ὅτι
2593 2978 2654 3031 τὸ
2673 2977 2924 3049 δεύτερον
2940 2996 2954 3044 ;
2975 2981 3081 3033 Καὶ
3101 2981 3207 3052 μὴν
3224 2981 3285 3034 τὸ
3304 2983 3401 3052 μὲν
3420 2983 3646 3054 σημεῖόν

1972 3067 2109 3130 ἐστι,
2128 3066 2188 3118 τὸ
2218 3065 2274 3118 δέ
2303 3065 2482 3136 ἔργον.
2503 3066 2567 3118 Τί
2597 3067 2675 3130 δὲ,
2697 3065 2849 3130 εῖτίς
2875 3083 2956 3119 σοι
2979 3067 3256 3138 προύθηκε
3276 3069 3500 3142 ποιῆσαι
3517 3071 3647 3143 χόρ-

1970 3169 2062 3206 τον
2083 3153 2350 3223 χρυσὸν,ἢ
2374 3153 2668 3224 δυνηθῆναι
2686 3155 2903 3208 πάντων
2923 3155 3030 3208 τῶν
3045 3173 3149 3226 χρη
3159 3157 3345 3226 μάτων
3360 3157 3434 3220 ὡς
3451 3157 3646 3228 χόρτου

1972 3242 2406 3313 καταφρονῆσαι,
2443 3241 2544 3293 οὐκ
2571 3239 2670 3294 ἀν’
2701 3241 2858 3294 τοῦτο
2895 3242 3060 3307 ἐδέξω
3097 3243 3326 3314 μᾶλλον;
3360 3246 3471 3298 Kal
3502 3245 3647 3315 μάλα

1972 3328 2216 3390 εἰκότως.
2235 3329 2342 3380 Kal
2372 3327 2482 3398 γὰρ
2497 3330 2622 3391 τοὺς
2651 3327 2971 3400 ἀνθρώπους
3001 3330 3158 3384 τοῦτο
3187 3331 3252 3385 ἂν
3283 3331 3518 3403 μάλιστα
3546 3334 3647 3386 ἐπ-

1973 3418 2267 3471 εσπάσατο.
2284 3417 2345 3470 Εἰ
2367 3418 2463 3488 μὲν
2475 3417 2584 3489 γάρ
2601 3414 2740 3471 εἶδον
2755 3419 2846 3472 τὸν
2862 3421 3052 3490 χόρτον
3069 3421 3110 3452 ¹⁰
3128 3421 3327 3491 χρυσὸν
3349 3421 3651 3492 γινόμενον,

1973 3505 2077 3558 κᾶν
2102 3503 2455 3574 ἐπεθύμησαν
2478 3505 2572 3558 καὶ
2601 3505 2754 3559 αὐτοὶ
2787 3505 2972 3560 λαϐεῖν
3007 3506 3104 3577 τὴν
3133 3507 3378 3576 δύναμιν,
3411 3507 3600 3578 ῶσπερ
3620 3509 3652 3561 6

1974 3592 2179 3661 Σίμων,
2208 3591 2304 3644 καὶ
2335 3590 2547 3662 ηὐξήθη
2576 3592 2640 3646 ἂν
2671 3594 2853 3657 αὐτοῖς
2886 3596 2914 3646 ὁ
2933 3593 3042 3646 τῶν
3071 3595 3370 3665 χρημάτων
3399 3596 3538 3666 ἔρως
3558 3614 3570 3626 ·
3599 3596 3650 3649 εί

1974 3678 2031 3732 δέ
2055 3674 2193 3733 εἶδον
2209 3679 2282 3744 ὡς
2310 3681 2504 3750 χόρτου
2519 3681 2613 3734 τοῦ
2633 3681 2834 3752 χρυσοῦ
2851 3683 3058 3746 πάντας
3075 3682 3544 3754 καταφρονοῦντας
3556 3683 3652 3737 καλ⁸

1978 3765 2564 3838 ὐπερορῶντας,πάλαι
2592 3767 2658 3821 ἂν
2686 3769 2784 3838 τῆς
2813 3768 2969 3822 νόσου
3003 3768 3205 3838 ταύτης
3236 3769 3650 3840 ἀπηλλάγησαν.

2069 3855 2230 3925 Ὁρᾷς
2258 3855 2379 3908 ὅτιὸ
2405 3854 2518 3924 βίος
2543 3855 2743 3925 μᾶλλον
2765 3856 2993 3925 ὠφελεῖν
3014 3857 3264 3922 δύναται;
3289 3858 3410 3912 Βίον
3433 3857 3669 3925 δὲλέγω..

1980 3940 2129 4014 [4⁸86]
2160 3943 2276 4005 νῦν,
2293 3943 2415 4013 οὐχὶ
2441 3942 2506 3996 ἂν
2531 3944 2853 4015 νηστεύσῃς,
2874 3945 2994 3997 οὐδὲ
3027 3945 3091 3998 ἂν
3122 3945 3324 3998 σάκκον
3349 3945 3440 3999 καὶ
3462 3945 3652 3998 σποδύν

1977 4030 2335 4101 ὐποστρώσῃς
2355 4047 2368 4060 ’
2393 4030 2506 4084 ἀλλ’
2547 4031 2639 4083 ἐὰν
2661 4033 2958 4102 χρημάτων
2984 4033 3244 4104 ὐπερίδῃς
3271 4035 3346 4097 ὡς
3374 4035 3651 4104 ὑπεριδεῖν

1981 4116 2106 4188 χρὴ.
2137 4117 2232 4170 ἐὰν
2261 4117 2697 4189 φιλοστοργήσης
2723 4119 2786 4183 ³⁸,
2818 4117 2913 4172 ἐὰν
2947 4119 3050 4190 δῷς
3084 4120 3336 4174 πεινῶντι
3373 4121 3464 4173 τὸν
3489 4122 3652 4192 ἄρτον

1984 4224 2075 4258 σου
2096 4246 2110 4266 ,
2146 4207 2241 4259 ὲάν
2273 4205 2442 4276 θυμοῦ
2479 4207 2757 4278 κρατήσῃς
2775 4249 2788 4270 .
2822 4206 2887 4260 ἂν
2922 4207 3222 4272 κενοδοξίαν
3271 4209 3541 4282 ἐκϐάλῃς,
3586 4208 3656 4262 ἂν

1986 4293 2281 4364 βασκανίαν
2312 4292 2527 4364 ἀνέλῃς.
2558 4292 2712 4346 Οὐτω
2735 4294 2777 4324 ¹¹
2809 4295 2902 4346 καὶ
2933 4293 3093 4357 αὐτὸς
3117 4295 3368 4347 ἐπαίδευε
3388 4312 3401 4326 ⁶
3424 4294 3655 4350 Μὰθετε

1981 4379 2109 4450 γάρ,
2153 4380 2336 4447 φησιν,
2377 4379 2477 4432 ἀπ’
2516 4379 2682 4447 ἐμοῦ,
2724 4379 2810 4431 ὅτι
2858 4378 3049 4447 πρᾶός
3081 4383 3196 4449 ειμι
3237 4381 3337 4434 καὶ
3374 4381 3656 4447 ταπεινὸς

1978 4467 2053 4535 τῇ
2099 4467 2332 4534 καρδίᾳ.
2377 4467 2490 4519 Οὐκ
2538 4467 2580 4497 ⁸³
2634 4465 2819 4531 εἶπεν,
2857 4468 2974 4520 Ὅτι
3034 4469 3367 4539 ἐνήστευσα.
3413 4468 3656 4537 καίτοιγε

1980 4553 2124 4626 εἶχεν
2172 4558 2346 4608 εἰπεῖν
2383 4557 2481 4620 τὰς
2515 4555 2926 4626 τεσσαράκοντα
2955 4557 3188 4629 ἡμέρας,
3227 4555 3342 4610 ἀλλ’
3392 4557 3453 4609 οὐ
3508 4557 3655 4624 λέγει

1979 4643 2167 4696 τοῦτο·
2207 4642 2344 4708 ἀλλ’,
2371 4643 2498 4696 Ὀτι
2519 4641 2708 4710 πρᾶός
2737 4645 2851 4714 ειμι
2883 4645 2977 4696 καὶ
3007 4645 3285 4710 ταπεινὸς
3311 4643 3385 4712 τῇ
3420 4645 3654 4713 καρδίᾳ.

1981 4731 2092 4785 Kal
2123 4731 2284 4784 πάλιν
2315 4731 2552 4799 πέμπων
2585 4730 2784 4793 αὐτοὺς
2804 4769 2818 4793 ,
2849 4731 2948 4784 οὐκ
2990 4727 3163 4793 εἶπεν.
3199 4732 3280 4784 ὅτι
3315 4731 3653 4800 Νηστεύετεο

1981 4817 2136 4883 ἀλλά,
2167 4816 2296 4872 Πᾶν
2324 4817 2391 4871 τὸ
2421 4817 2887 4885 παρατιθέμενον
2909 4818 3052 4887 ὑμῖν
3065 4819 3316 4872 ἐσθίετε.
3347 4819 3658 4890 Χρημάτων

1986 4906 2169 4976 μέντοι
2213 4905 2398 4958 ἕνεκεν
2444 4905 2643 4975 πολλὴν
2692 4905 2979 4976 ἀκρίϐειαν
3027 4906 3274 4977 ἀπῄτησε
3319 4905 3523 4974 λέγων·
3559 4906 3656 4976 Μὴ

1983 4996 2299 5065 κτήσησθε
2337 4995 2571 5065 χρυσὸν
2599 4996 2635 5065 ἢ
2666 4995 2945 5067 ἄργυρον.
2981 4997 3132 5066 μηδὲ
3174 4999 3408 5067 χαλκὸν
3436 5001 3524 5064 εὶς
3550 4999 3658 5065 τὰς

1984 5085 2168 5150 ζώνας
2199 5084 2388 5153 ὑμῶν.
2424 5083 2607 5137 Ταῦτα
2634 5085 2688 5138 δὲ
2729 5085 2889 5153 λέγω,
2932 5086 3052 5155 οὐχὶ
3082 5087 3335 5155 νηστείαν
3373 5087 3614 5150 κακίζων
3638 5103 3654 5117 ·

1987 5174 2063 5244 μὴ
2089 5173 2331 5240 γένοιτοο
2365 5172 2500 5226 ἀλλά
2541 5173 2634 5226 καὶ
2683 5174 2886 5245 σφόδρα
2933 5174 3203 5229 ἐπαινῶν·
3241 5175 3392 5245 ἀλγῶ
3422 5176 3500 5240 δὲ,
3529 5177 3658 5230 ὅταν

1983 5262 2094 5316 τῶν
2146 5261 2320 5316 ἄλλων
2370 5262 2732 5332 ἠμελημένων
2782 5261 2986 5332 ταύτην
3033 5264 3290 5334 νομίζητε
3334 5266 3525 5336 ἀρκεῖν
3577 5265 3658 5329 είς

1989 5350 2262 5421 σωτηρίαν
2289 5350 2437 5420 ὑμῖν,
2472 5349 2532 5401 τὸ
2565 5349 2791 5420 ἔσχατον
2818 5351 2912 5403 τοῦ
2948 5351 3108 5422 χοροῦ
3136 5352 3237 5422 τῆς
3270 5354 3470 5425 ἀρετῆς
3505 5352 3660 5424 ἐχου-

275 5477 326 5549 f"
363 5476 650 5549 HGIKON.
685 5476 822 5549 Περὶ
854 5476 961 5549 τῶν
994 5478 1305 5549 ἀποστόλων
1327 5481 1417 5530 καὶ
1448 5479 1804 5549 πάντωντῶν
1824 5479 2013 5546 ἁγίων·
2040 5477 2135 5531 καὶ
2158 5477 2239 5530 ὅτι
2263 5474 2514 5549 ἀπὺ-βίου
2545 5475 2637 5549 καὶ
2665 5475 2865 5549 ἀρετῆς
2902 5478 3100 5547 μᾶλλον
3143 5479 3411 5549 ἔλαμψαν,
3443 5481 3537 5534 καὶ
3558 5480 3659 5535 οὐκ

207 5547 316 5628 ἀπὸ
341 5548 717 5628 χαρισμάτων·
743 5545 942 5628 τδηγάρ
992 5548 1244 5628 μέχι-στον
1284 5550 1472 5628 ἀγάπη
1504 5550 1599 5604 καὶ
1648 5545 2008 5628 ἐλεημοσύνη,
2043 5550 2077 5619 ἢ
2114 5549 2206 5601 καὶ
2247 5545 2543 5628 παρθενίαν
2588 5545 3002 5628 ὑπερηκόντισα

3045 5549 3110 5604 G.
3214 5552 3258 5583 "
3296 5551 3384 5604 Sic
3411 5551 3569 5606 cudd.
3603 5560 3659 5606 et

209 5615 380 5690 ﬁrm};
402 5615 953 5690 ἐστράφησαν-βω.
995 5615 1044 5690 ’ξ
1086 5617 1238 5671 llanc
1279 5615 1582 5690 periodum,
1625 5615 1853 5690 quia'lu
1903 5615 2039 5674 méis
2067 5615 2192 5690 ιιοιιΔ
2218 5615 2583 5690 θείη-ειμι]
2780 5629 2835 5671 ει
2874 5618 3009 5673 Mor.
3049 5621 3267 5676 inclusi.
3306 5619 3426 5675 Vid.
3465 5621 3656 5676 adnol.

208 5689 250 5724 ⁸⁷
278 5685 724 5749 ἐκϐάλλοντεςίὶ.
771 5686 834 5741 ll.
913 5688 958 5719 ’³
978 5687 1086 5759 τῶν
1119 5704 1228 5741 om.
1259 5689 1356 5759 Ge.
1383 5757 1395 5759 _
1431 5689 1476 5720 ⁹⁹
1507 5685 1686 5759 υῦτωι
1719 5690 1846 5744 add.

1980 5708 2006 5742 ν
2025 5690 2095 5742 K.
2130 5687 2392 5759 addqap
2411 5685 2546 5759 E_dfd.

2622 5688 2637 5716 ¹
2677 5687 2992 5743 (llausulam
3019 5692 3112 5743 καὶ
3136 5691 3204 5744 τά
3230 5709 3286 5744 π.
3321 5708 3370 5744 τ.
3399 5709 3444 5744 ο.
3468 5709 3520 5745 κ.
3549 5707 3657 5745 non

210 5768 520 5832 agnosgum
664 5762 814 5811 Arm.
891 5759 911 5788 ²
946 5758 1223 5832 ἀπώλοντο
1248 5757 1477 5832 (ἰκρίοις
1506 5753 1714 5832 ἀρετῶν
1753 5759 1863 5832 Εᾳει

1974 5761 2054 5832 [εἰ
2089 5753 2305 5832 01ης(ἶᾷ
2441 5753 2609 5832 τιλρα]
2643 5757 2879 5832 διιιιχμὴ
2908 5760 2970 5815 G.
3049 5762 3070 5793 ⁵
3097 5760 3418 5832 καταλήγει]
3443 5761 3566 5832 add.
3598 5760 3660 5815 1:6

210 5828 365 5902 τέλος
395 5825 684 5902 Sav_._Ben.
719 5831 1094 5902 cogseggtignle
1121 5827 1265 5902 _R_eg.
1295 5830 1417 5884 688.
1458 5824 1766 5902 Leélionem
1804 5829 1869 5883 Mc

1976 5830 2181 5902 lianamy
2211 5824 2460 5902 ἐντεῦθεν
2497 5824 2696 5902 E10616
2708 5824 2895 5902 τέλος,
2931 5832 3024 5902 καὶ
3051 5833 3130 5894 εἰς
3150 5824 3656 5902 τοῦτο’καταλήγει,

212 5901 479 5973 οχιιίιιςιιι
598 5907 652 5952 el
675 5897 856 5973 Qr.__ll.
888 5898 1063 5973 Yerba
1081 5897 1440 5973 pb_i_|ic_0rta|n
1479 5900 1662 5973 sqdem
1690 5916 1869 5973 suspet

1982 5915 2111 5973 clm}
2136 5897 2842 5973 οιιενο--οοόίοεῇειενῂ’-⁸
2869 5901 2983 5973 τὸν]
3012 5902 3120 5973 τῶν
3137 5918 3219 5972 pr.
3238 5902 3305 5957 (Ξ.
3344 5905 3437 5954 τὸν
3459 5897 3652 5973 166K.

215 5982 270 6070 9..
298 5982 354 6089 μδ
381 5965 647 6089 διῗρθώσῃ
667 5967 730 6022 G.
762 5966 827 6022 K.
903 5969 923 6001 ⁷
945 5969 1138 6040 νεκρὸν
1165 5967 1232 6023 ll.
1253 5968 1349 6023 Ge.
1367 5971 1594 6040 νεκροὺς
1611 5965 1869 6043 ἐγείρειν]

290 6055 320 6089 τ
356 6055 386 6089 ν
415 6055 446 6089 γ
480 6037 624 6089 οτονὶ
647 6039 837 6089 γόοτον
850 6037 942 6089 τὸν
975 6038 1038 6089 G.
1075 6039 1166 6089 τὸν
1191 6037 1384 6089 om-|l.
1463 6041 1504 6072 ”
1532 6039 1869 6089 ωιλόστοονοε

2012 5970 2035 6002 ⁸
2055 5968 2281 6036 ἐξελέξω
2303 5967 2368 6023 Η.
2443 5968 2464 5997 ⁸
2487 5966 2577 6040 ἂν]
2606 5967 2738 6021 αὐτὸ
2757 5968 2893 6026 Mor.
2921 5965 3049 6026 Βῖιη.
3079 5965 3196 6026 Mi):
3223 5973 3500 6026 ἐπεσπᾶτο
3521 5971 3657 6027 Edd.

1974 6061 1976 6069 ν
2002 6041 2071 6089 Η-
2091 6042 2161 6089 K.
2241 6041 2284 6072 ¹¹
2306 6036 2483 6089 Οὕτω]
2522 6040 2644 6089 add.
2675 6037 2783 6089 γὰο
2814 6043 2879 6089 Η-
2961 6043 3002 6075 ⁸³
3033 6044 3142 6089 Καὶ
3177 6045 3276 6089 οὐκ
3311 6041 3446 6089 ΕεΙιΙ.

290 6024 386 6091 τὸν
415 6024 837 6112 χόρτονΓχόρτον
850 6037 942 6094 τὸν
975 6024 1166 6095 (ὶδτὸν
1191 6037 1384 6096 om.ll.

1463 6036 1504 6072 η
1532 6036 1880 6114 φιλόστοργος
1909 6039 1976 6114 ᾗς
2002 6041 2071 6099 Η.
2090 6042 2161 6096 K.
2241 6041 2284 6072 ¹¹
2306 6036 2484 6110 Οὕτω]
2522 6036 2644 6096 add.
2675 6037 2783 6106 γὰρ
2813 6043 2879 6099 ﬂ.
2961 6043 3002 6075 ⁸³
3031 6044 3142 6098 Kal
3177 6045 3276 6098 οὐκ
3309 6041 3446 6098 Εαα.
