4108 6376
210 342 305 398 481
1081 341 1143 394 IN
1182 339 1594 396 MATTI-IIEUM
1641 334 1876 394 HOMIL.
1938 338 2142 395 XLVII.
2183 340 2252 394 al.
2295 339 2525 399 XLVIII.

211 475 370 531 quam
393 459 620 528 apostoli
645 457 868 515 habeas.
887 456 1104 512 Nullum
1121 458 1576 530 igitursignorum
1590 471 1780 524 exspe-

211 551 884 621 ctatiotttoretur.Angitur
905 549 1114 605 daemon
1131 567 1253 604 cum
1277 553 1344 606 de
1375 564 1601 619 corpore
1629 549 1782 616 ejici-

211 654 297 698 tur
312 644 504 711 ;.multo
522 645 691 714 magis
711 654 892 699 autem
907 660 1028 698 cum
1059 644 1250 698 viderit
1265 643 1499 700 animam
1519 658 1544 694 a
1561 648 1782 709 peccato

211 736 508 788 liberatam.
534 733 655 788 ΙΙεεο
669 735 868 803 quippe
885 746 966 789 est
998 735 1142 789 illius
1167 750 1399 788 maxuua
1426 735 1621 786 virtus.
1649 730 1782 784 Pso-

209 838 322 893 pter
344 837 616 894 peceatum
641 837 880 880 mortuus
900 837 980 882 est
997 824 1265 889 Christus,
1292 834 1344 875 ut
1372 823 1496 876 illud
1519 823 1751 877 solveret
1777 839 1790 876 :

207 918 333 971 illud
364 918 505 971 enim
537 929 763 972 mortem
801 917 1010 972 induxit
1043 936 1056 972 :
1091 926 1309 986 propter
1337 914 1465 968 illud
1494 914 1671 968 omnia
1702 928 1791 968 sus

204 1009 375 1077 deque
403 1024 552 1063 versa
580 1016 724 1063 sunt.
749 1007 804 1064 Si
833 1019 1106 1077 peccatum
1133 1006 1428 1067 sustuleris,
1454 1004 1648 1060 diaboli
1672 1019 1792 1059 ner-

207 1116 298 1152 vos
323 1100 615 1166 suecidisti,
643 1100 758 1169 ejus
783 1111 936 1169 caput
959 1099 1276 1162 contrivisti,
1305 1097 1422 1164 ejus
1448 1097 1550 1150 vim
1579 1110 1788 1150 omnem

203 1191 404 1244 solvisti
431 1231 448 1256 ,
479 1191 770 1245 exercitum
800 1191 944 1245 illum
971 1189 1237 1259 dissipasti
1259 1229 1272 1251 ,
1313 1187 1521 1255 signum
1552 1185 1788 1240 omnium

203 1283 472 1352 signorum
497 1285 783 1338 maximum
807 1283 1112 1339 exhibuisti.
1140 1280 1255 1335 Non
1284 1295 1436 1334 meus
1460 1288 1541 1332 est
1568 1276 1652 1330 hic
1679 1291 1791 1330 ser-

204 1392 312 1440 mo,
342 1378 436 1430 sed
471 1377 606 1431 beati
637 1377 783 1432 Pauli
811 1396 824 1430 :
853 1392 972 1430 cum
1003 1375 1226 1430 dixisset
1247 1373 1412 1436 enim,
1447 1370 1791 1425 AZmulamini

202 1467 504 1520 charismata
534 1466 761 1532 meliora,
794 1477 841 1521 et
866 1466 1033 1519 adhuc
1058 1464 1194 1519 vobis
1223 1462 1625 1518 excellentiorent
1656 1461 1790 1512 vium

200 1559 536 1614 demonstravi
559 1560 578 1631 (
599 1561 651 1614 I.
675 1560 792 1614 Cor.
829 1559 913 1614 I2.
949 1561 1006 1614 51
1038 1557 1081 1631 ),
1111 1574 1215 1612 non
1246 1556 1518 1624 subjunxit
1553 1557 1785 1624 signum,

200 1652 294 1704 sed
316 1653 586 1706 caritatem
607 1652 844 1706 omnium
870 1652 1098 1706 radicem
1123 1650 1404 1704 bonorum.
1428 1648 1483 1701 Si
1505 1661 1632 1714 ergo
1653 1646 1789 1698 hanc

200 1755 565 1808 exerceamus,
585 1751 638 1796 et
659 1743 1046 1812 philos0phiam
1063 1756 1278 1795 omnem
1299 1739 1422 1794 inde
1443 1747 1783 1808 sequentem;

199 1848 308 1886 non
334 1849 468 1902 opus
499 1834 808 1894 habebimus
831 1837 994 1905 signis
1019 1854 1031 1888 :
1057 1835 1194 1890 sicut
1219 1834 1261 1887 si
1287 1848 1389 1886 non
1412 1841 1778 1891 exerceamus,

3382 347 3486 400 482

1901 451 2031 504 nihil
2063 451 2214 505 nobis
2242 452 2390 520 signa
2420 455 2731 521 proderunt.
2781 452 2906 509 Hzrc
2935 455 3110 514 itaque
3141 460 3317 510 omnia
3343 473 3488 526 cogi-

1900 551 2092 605 tantes,
2115 557 2178 594 ex
2200 542 2388 610 quibus
2413 541 2636 611 apostoli
2660 544 2832 612 magni
2855 554 3160 611 evaserunt,
3187 548 3298 600 inec
3319 563 3486 602 attnu-

1899 635 2085 689 lemur.
2115 633 2390 688 Undenam
2415 635 2488 687 illi
2517 639 2688 704 magni
2713 636 2890 691 eﬂecni
2922 638 3077 690 sunt?
3103 640 3238 693 Audi
3268 639 3482 697 Petrum

1899 724 2160 779 dicentem
2193 743 2206 778 :
2228 723 2358 778 Ecce
2382 742 2471 780 nos
2497 727 2790 796 reliquimus
2811 731 3000 792 omnia,
3024 738 3070 782 et
3095 732 3286 800 sequuti
3311 749 3485 786 sumus

1899 826 1946 869 te
1969 832 1986 869 :
2009 817 2130 885 quid
2155 833 2269 885 ergo
2294 817 2387 869 erit
2417 818 2558 871 nobis
2589 817 2799 889 (Matth.
2823 822 2908 874 Ill.
2935 823 3063 892 ‘27)?
3095 824 3228 877 Audi
3251 835 3304 878 et
3324 824 3483 879 Chri-

1896 918 2038 963 stum
2065 909 2194 977 ipsis
2222 910 2483 964 dicentem
2518 930 2530 964 :
2561 911 2811 966 Sedebitis
2841 932 2992 984 super
3020 917 3158 970 sedes
3185 917 3484 984 duodecim;

1897 1012 1972 1068 et,
2006 1003 2318 1074 Quicumque
2337 1003 2591 1069 reliquerit
2613 1006 2816 1059 donmm
2843 1010 2918 1061 vel
2940 1012 3142 1077 fratres,
3161 1014 3236 1064 vel
3266 1021 3480 1081 patrem,

1898 1096 1975 1149 vel
2001 1106 2246 1160 matrem,
2275 1098 2564 1166 centuplum
2587 1100 2788 1169 recipiet
2810 1101 2860 1153 in
2893 1101 2984 1153 hoc
3012 1103 3196 1156 sa'culo
3216 1145 3231 1170 ,
3261 1114 3306 1158 et
3330 1107 3482 1158 vitam

1895 1199 2135 1242 teternam
2161 1189 2431 1256 possidebit
2460 1188 2620 1258 (Ibid.
2655 1207 2700 1243 v.
2724 1191 2813 1246 28.
2841 1191 2954 1260 ‘29).
2987 1193 3095 1249 Nos
3122 1196 3297 1265 itaque
3323 1212 3352 1250 a
3377 1214 3482 1252 ste—

1896 1279 2163 1333 cularibus
2192 1279 2438 1333 omnibus
2465 1279 2811 1348 abducentes,
2834 1282 3048 1340 Christo
3076 1301 3172 1342 nos
3198 1302 3482 1344 consecre-

1897 1386 2050 1435 mus,
2080 1380 2137 1424 ut
2161 1379 2215 1424 et
2243 1371 2498 1440 apostolis
2529 1388 2682 1440 pares
2707 1375 2876 1428 simus
2902 1377 3191 1431 secundum
3217 1379 3331 1448 ejus
3355 1394 3482 1434 sen-

1898 1460 2134 1521 tentiam,
2162 1469 2216 1514 et
2237 1468 2436 1515 aeterna
2459 1462 2562 1515 vita
2590 1462 2824 1517 fruamur
2850 1482 2862 1517 :
2892 1480 3048 1534 quam
3074 1469 3271 1522 utinam
3293 1484 3482 1526 omnes

1894 1565 2303 1621 consequamur,
2323 1552 2492 1622 gratia
2513 1562 2566 1606 et
2589 1553 2910 1624 benignitate
2935 1557 3139 1612 Domini
3167 1563 3330 1614 nostri
3355 1561 3482 1617 Iesu

1895 1643 2110 1706 Christi,
2141 1643 2225 1697 cui
2254 1643 2426 1710 gloria
2454 1654 2507 1697 et
2533 1643 2815 1714 imperium
2845 1647 2897 1700 in
2921 1649 3114 1703 saecula
3141 1652 3478 1706 smculorum.

1891 1737 2083 1788 Amen.

212 1960 3451 1987 mm

1316 2043 1665 2106 HOMILIA
1709 2037 1956 2100 XLVII.
2003 2036 2090 2097 al.
2137 2035 2420 2098 XLVIII.

195 2195 323 2250 Car.
359 2199 444 2252 15.
476 2214 526 2251 ν.
556 2199 645 2253 54.
686 2197 812 2252 Hac
842 2199 1012 2251 omm'a
1048 2198 1282 2265 loquutus
1322 2205 1393 2248 est
1421 2193 1571 2248 Jesus
1608 2194 1660 2244 in
1691 2206 1776 2258 pa-

263 2290 456 2344 rabolis
489 2291 557 2344 ad
596 2292 798 2354 turbas,
839 2302 885 2344 et
927 2293 1035 2349 sine
1075 2291 1318 2361 parabola
1352 2305 1456 2343 non
1495 2285 1787 2354 loquebatur

266 2385 340 2438 eis
369 2400 388 2436 :
412 2385 500 2438 55.
530 2394 585 2438 ut
621 2385 915 2454 impleretur
953 2386 1088 2455 quod
1125 2385 1314 2437 dictum
1341 2393 1413 2438 est
1445 2399 1532 2450 per
1562 2380 1785 2452 prophe-

263 2487 374 2529 tam
402 2477 643 2530 dicentem
667 2495 684 2531 :
711 2477 949 2547 Aperiam
977 2478 1029 2531 in
1060 2478 1314 2547 parabolis
1340 2494 1395 2530 os
1423 2493 1586 2530 meum
1611 2516 1626 2538 ,
1667 2490 1786 2527 eru-

261 2568 412 2620 ctabo
440 2570 731 2626 abscondita
753 2587 783 2620 a
803 2570 1155 2623 constitutione
1181 2569 1358 2622 mundi
1385 2567 1556 2640 (Psal.
1592 2567 1680 2622 77.
1703 2563 1782 2636 2).

265 2660 319 2713 1.
364 2658 572 2713 Marcus
603 2675 730 2716 vero
754 2661 881 2716 dicit
920 2662 1093 2731 ipsum
1131 2663 1404 2731 loquutum
1434 2659 1597 2715 fuisse
1629 2663 1707 2715 eis
1733 2660 1783 2712 in

193 2753 484 2821 parabolis,
515 2753 675 2808 Prout
701 2764 930 2824 poterant
950 2755 1127 2809 audire
1153 2754 1344 2827 (Marc.
1362 2755 1418 2809 4.
1441 2754 1555 2823 55).
1585 2752 1786 2808 Deinde

191 2843 487 2898 ostendens
521 2859 579 2900 se
620 2845 750 2900 nihil
792 2847 914 2899 novi
955 2846 1206 2900 inducere
1231 2887 1244 2911 ,
1278 2845 1432 2900 aliert
1469 2845 1782 2914 prophetam

193 2934 338 2990 hunc
377 2936 634 2991 doctrina:
674 2938 890 2994 modum
923 2938 1397 3007 praanuntiantem;
1429 2945 1591 3007 utque
1618 2936 1783 3007 signi-

194 3029 384 3080 liearet
423 3028 578 3081 nobis
607 3028 912 3094 Christum,
951 3044 1055 3084 non
1088 3038 1144 3082 ιιι
1170 3030 1222 3082 in
1252 3029 1544 3099 ignorantia
1573 3042 1784 3097 perma-

193 3128 410 3183 nerent,
433 3120 526 3174 sed
561 3132 615 3174 ut
643 3121 709 3175 ad
741 3121 1171 3190 interrogandum
1195 3131 1544 3191 cogerentur,
1572 3121 1649 3176 sic
1680 3121 1783 3174 illis

193 3210 476 3281 loquutum
502 3212 686 3274 fuisse,
714 3215 986 3284 suhjuuxit
1014 3232 1027 3269 :
1063 3215 1128 3269 Et
1148 3217 1254 3270 sine
1283 3216 1527 3286 parabola
1557 3215 1682 3269 nihil
1703 3215 1780 3269 lo-

190 3304 443 3371 quebatur
481 3305 552 3358 eis
593 3307 613 3370 (
638 3305 774 3359 Ibid.
804 3323 853 3361 v.
885 3305 992 3376 54)
1027 3325 1039 3359 :
1067 3308 1166 3360 etsi
1196 3307 1360 3362 multa
1387 3307 1504 3361 sine
1533 3305 1781 3376 parabola

190 3393 422 3462 dixerit;
445 3398 537 3452 sed
561 3407 684 3454 tunc
705 3401 956 3469 temporis
976 3401 1127 3454 nihil.
1149 3402 1214 3454 Et
1235 3411 1408 3456 tamen
1429 3415 1590 3456 nemo
1609 3401 1781 3470 ipsum

191 3487 563 3559 interrogavit,
591 3507 909 3561 quamquam
935 3493 1221 3562 prephetas
1241 3493 1366 3548 olim
1392 3509 1534 3563 smpe
1555 3493 1782 3547 interro-

188 3590 401 3649 garent,
420 3591 478 3636 ut
503 3583 833 3638 Ezechielem
855 3585 1093 3656 aliosque
1115 3586 1308 3640 multos
1331 3603 1346 3639 :
1373 3585 1425 3640 hi
1446 3601 1576 3641 vero
1599 3600 1776 3651 secus,

187 3670 316 3726 licet
356 3688 419 3728 ea
460 3690 579 3744 qua:
615 3676 754 3732 dicta
800 3677 1010 3732 fuerant
1051 3685 1268 3747 possent
1305 3677 1426 3734 illos
1469 3678 1520 3731 in
1559 3677 1778 3734 dubium

185 3763 480 3832 conjicere,
512 3775 564 3821 et
589 3767 653 3822 ad
679 3767 1107 3838 interrogandum
1136 3771 1370 3824 excitare
1395 3789 1406 3822 :
1435 3770 1630 3825 etenim
1653 3785 1780 3838 sup-

186 3854 411 3920 plicium
457 3858 741 3912 maximum
772 3860 1036 3927 parabolae
1064 3859 1434 3918 minabantur:
1484 3875 1656 3930 neque
1695 3868 1775 3913 ta-

185 3962 311 4002 men
363 3947 484 4003 inde
526 3951 776 4005 commoti
815 3960 960 4008 sunt.
1007 3953 1342 4023 Quapropter
1385 3953 1619 4010 dimissis
1651 3954 1773 4020 illis,

183 4037 337 4092 abiit.
363 4037 452 4094 56.
482 4039 625 4094 Tunc
643 4043 807 4106 enim,
831 4044 924 4109 ait,
943 4045 1162 4099 dimissis
1193 4046 1367 4111 turbis,
1398 4045 1547 4101 Iesus
1571 4050 1702 4102 venit
1724 4050 1776 4100 in

184 4127 398 4182 domum
443 4147 622 4197 suain;
667 4133 947 4202 nullusque
971 4136 1266 4190 scribarum
1294 4137 1465 4207 ipsum
1493 4139 1770 4209 sequitur;

187 4220 333 4275 unde
362 4219 618 4290 liquidum
644 4233 726 4278 est
749 4239 862 4290 eos,
892 4227 1102 4282 nonnisi
1130 4237 1185 4283 ut
1206 4229 1457 4298 carpendi
1482 4245 1667 4284 ansam
1696 4246 1774 4285 ar-

181 4312 445 4382 riperent,
469 4325 724 4384 sequutos
745 4316 926 4374 fuisse.
958 4319 1090 4388 Quia
1110 4336 1236 4376 vero
1261 4337 1323 4376 ea
1350 4339 1466 4391 qua:
1494 4323 1635 4380 dicta
1659 4324 1772 4380 fue-

181 4414 303 4460 rant
325 4448 341 4470 ,
377 4423 482 4461 non
526 4409 888 4480 intelligebaut
911 4452 927 4476 ,
963 4412 1176 4482 reliquit
1203 4428 1316 4468 eos.
1349 4414 1418 4468 Et
1456 4426 1772 4470 accesserunt

179 4497 430 4566 discipuli
471 4501 581 4568 eius
620 4501 984 4572 interrogantes
1023 4503 1086 4558 de
1128 4507 1370 4575 parabala
1395 4508 1704 4562 zizaniorum
1727 4511 1765 4562 ¹.

179 4592 343 4659 Αιᾳυί
385 4591 647 4647 interdum
675 4593 912 4649 discendi
955 4597 1130 4666 cupidi
1179 4599 1506 4669 interrogare
1533 4617 1636 4655 non
1668 4616 1768 4656 au-

176 4682 636 4738 dent:undenam
676 4685 782 4738 illis
821 4702 960 4742 nunc
1008 4687 1234 4744 fiducia?
1281 4691 1570 4746 Audierant
1613 4693 1762 4762 illud,

189 4771 343 4827 Vobis
370 4773 545 4827 datum
572 4784 645 4828 est
669 4793 815 4830 nosse
843 4780 1083 4848 mysteria
1109 4782 1251 4851 regni
1278 4783 1517 4836 caelorum
1553 4783 1762 4854 (Matth.

177 4863 264 4917 15.
289 4861 404 4934 ll),
422 4875 473 4919 et
504 4865 626 4921 hinc
651 4866 894 4922 ﬁduciam
921 4884 1338 4940 assumpserant.
1361 4872 1588 4943 Ideoque
1617 4890 1766 4930 seor-

174 4957 276 5008 sim
310 4955 664 5023 interrogant,
695 4973 801 5012 non
833 4961 971 5029 quod
997 4963 1319 5017 multitudini
1351 4964 1638 5031 invideant,
1669 4967 1761 5022 sed

176 5054 234 5098 ut
263 5046 478 5100 Domini
505 5047 673 5118 legem
695 5063 930 5106 servent.
961 5052 1058 5108 His
1076 5055 1239 5118 enim,
1265 5058 1451 5128 inquit,
1473 5059 1644 5112 datum
1659 5077 1763 5115 non

173 5149 268 5196 est.
298 5141 412 5196 Cur
436 5153 614 5197 autem
644 5147 804 5200 missa
838 5147 1080 5204 fermeuti
1102 5159 1156 5204 et
1177 5149 1374 5222 sinapis
1400 5153 1670 5221 parabola,
1694 5155 1763 5210 de

172 5232 274 5287 hac
289 5233 654 5306 interrogant?
670 5237 790 5292 Illas
803 5247 985 5308 utpote
997 5241 1249 5298 clariores
1263 5244 1609 5314 reliquerunt;
1627 5247 1762 5303 hane

173 5341 340 5393 vero,
373 5337 555 5398 utpote
583 5345 700 5400 qua:
730 5331 1040 5387 aliinitatem
1074 5333 1293 5390 haberet
1321 5352 1443 5391 cum
1487 5340 1760 5406 praemissa

169 5417 448 5486 parabola,
470 5428 526 5475 et
543 5422 667 5490 quid
688 5424 915 5492 amplius
935 5424 1168 5490 eil‘erret,
1192 5427 1432 5484 ediscere
1452 5429 1756 5500 cupiebant.

171 5508 358 5579 Name
383 5510 524 5564 enim
548 5512 688 5568 scire
710 5515 929 5580 volunt,
960 5525 1135 5570 utrum
1164 5518 1407 5574 eamdem
1441 5521 1712 5590 repetierit
1738 5538 1754 5577 :

174 5617 294 5656 nam
317 5603 566 5660 videbant
591 5606 645 5660 in
675 5606 775 5662 hac
801 5623 1045 5680 magnam
1065 5609 1244 5666 eﬂ'erri
1264 5613 1753 5670 comminationem.

207 5740 250 5816 ε
265 5744 417 5816 “Unus
431 5752 466 5816 ς.
478 5747 532 5790 Et
551 5750 856 5816 accesserunt
880 5741 1108 5815 discipuli
1131 5749 1232 5816 ejus
1246 5742 1488 5813 dicentes,
1515 5767 1539 5799 ι
1560 5748 1660 5802 Dic
1674 5763 1760 5802 no-

171 5797 241 5848 lis
263 5800 547 5864 parabamus
568 5801 867 5856 zizaniorum
899 5797 1022 5872 agri.
1049 5823 1072 5852 ι

1897 2178 2231 2248 Quapropter
2268 2194 2375 2232 non
2418 2179 2623 2234 incusat
2661 2194 2790 2247 eos,
2825 2182 2918 2237 sed
2949 2183 3248 2252 explanavit
3275 2204 3335 2241 ea
3364 2205 3481 2259 qua:

1895 2269 2035 2322 dicta
2070 2270 2296 2324 fuerant.
2327 2270 2409 2335 Et,
2446 2280 2501 2324 ut
2529 2286 2742 2350 semper
2769 2273 2898 2339 dixi,
2929 2275 3195 2344 parabolae
3221 2295 3324 2334 non
3356 2292 3481 2336 sunt

1892 2363 1956 2415 ad
1985 2362 2192 2417 lileram
2227 2362 2550 2431 accipienda:
2579 2382 2592 2416 :
2625 2364 2748 2420 inde
2774 2366 2915 2420 enim
2944 2368 3172 2423 absurda
3200 2373 3362 2427 multa
3391 2389 3479 2430 se-

1893 2464 2213 2520 querentur;
2239 2455 2380 2524 quod
2404 2465 2457 2508 ut
2485 2471 2582 2508 nos
2613 2455 2836 2522 doceat,
2869 2458 2946 2513 sic
2973 2460 3275 2528 parabolam
3306 2464 3479 2532 expli-

1892 2557 1995 2600 cat.
2040 2546 2153 2600 Non
2189 2547 2354 2612 dicit,
2392 2549 2479 2616 qui
2507 2559 2688 2602 essent
2710 2551 2848 2604 servi
2877 2551 2948 2604 illi
2979 2553 3068 2622 qui
3097 2547 3436 2610 accesserunt
3461 2575 3477 2618 ;

1894 2636 1988 2690 sed
2021 2647 2077 2692 ut
2100 2638 2343 2692 ostendat
2383 2655 2477 2705 se,
2515 2641 2671 2696 seriei
2711 2643 3095 2697 concinnandze
3120 2661 3297 2711 causa,
3332 2657 3385 2702 et
3413 2649 3478 2703 ad

1892 2730 2342 2799 complementum
2372 2730 2646 2801 imaginis,
2679 2732 2824 2803 ipsos
2854 2733 3158 2802 induxisse,
3189 2738 3286 2792 hac
3317 2740 3478 2797 missa

1894 2832 2060 2890 parte,
2084 2840 2202 2894 qua:
2227 2825 2293 2878 ad
2320 2840 2432 2879 rem
2461 2826 2689 2880 maxime
2718 2828 3069 2896 pertinebant,
3090 2831 3158 2885 ob
3185 2849 3341 2902 quam
3365 2834 3480 2891 luce

1892 2915 2138 2982 parabola
2172 2915 2312 2970 dicta
2348 2915 2540 2981 fuerat,
2569 2919 2818 2986 explicat,
2845 2934 2909 2976 se
2941 2921 3170 2978 universi
3193 2924 3428 2994 judieem
3454 2929 3472 2959 ί

1895 3014 1949 3058 et
1995 3005 2272 3059 Dominum
2315 3006 2613 3061 declarans.
2661 3009 2749 3063 57.
2784 3008 2850 3063 Et
2892 3014 3238 3086 respondens,
3268 3017 3477 3087 inquit,

1889 3093 2019 3146 dixit
2048 3095 2120 3148 eis
2143 3112 2161 3147 :
2182 3094 2280 3162 Qui
2304 3098 2516 3150 seminat
2540 3098 2723 3151 bonunt
2749 3116 2934 3166 semen,
2960 3113 3032 3156 est
3054 3103 3222 3160 Filius
3239 3107 3476 3164 hominis.

1889 3185 1976 3239 58.
2006 3184 2138 3256 Ager
2165 3197 2330 3240 autem
2353 3197 2425 3241 est
2453 3190 2692 3245 mundus.
2717 3187 2914 3244 Bonum
2941 3209 3056 3246 vero
3078 3211 3262 3259 semen,
3290 3199 3343 3251 hi
3361 3211 3479 3255 sunt

1887 3276 1984 3344 ﬁlii
2003 3279 2163 3348 regni.
2189 3277 2422 3343 Zizania,
2449 3281 2546 3348 ﬁlii
2574 3283 2786 3354 maligni
2809 3284 2962 3338 illius.
2985 3286 3072 3341 59.
3097 3287 3342 3344 Inimicus
3364 3309 3478 3346 vero

1886 3367 1972 3436 qui
2001 3384 2060 3420 ea
2102 3371 2346 3434 seminat,
2377 3381 2449 3424 est
2485 3372 2732 3426 diabolus.
2773 3373 2971 3439 Messis,
3007 3388 3079 3430 est
3114 3395 3478 3436 consummatio

1886 3460 2078 3512 steculi.
2106 3461 2355 3516 Messores
2384 3472 2566 3527 autent,
2597 3466 2764 3536 angeli
2787 3479 2922 3520 sunt.
2947 3469 3036 3524 40.
3063 3469 3207 3525 Sicut
3227 3491 3343 3545 ergo
3372 3477 3478 3530 col-

1887 3548 2113 3619 liguntur
2137 3551 2335 3605 zizania
2358 3594 2372 3619 ,
2405 3562 2452 3607 et
2486 3555 2591 3623 igni
2620 3555 2981 3610 comburuntur
3007 3575 3024 3612 :
3053 3560 3124 3612 ita
3151 3563 3241 3614 erit
3270 3564 3322 3617 in
3347 3581 3474 3619 con-

1885 3644 2218 3694 summatione
2237 3643 2411 3696 steculi
2441 3644 2610 3714 hujus.
2632 3647 2721 3700 41.
2746 3647 2912 3701 Mittet
2944 3648 3110 3704 Filius
3128 3653 3343 3708 hominis
3376 3674 3476 3710 an-

1883 3733 2022 3801 gelos
2045 3751 2181 3800 suos,
2203 3745 2249 3790 et
2274 3737 2509 3807 colligent
2538 3738 2600 3791 de
2623 3743 2777 3810 regno
2801 3743 2910 3812 ejus
2931 3743 3102 3797 omnia
3133 3748 3397 3814 scandala,
3427 3759 3476 3803 et

1885 3829 2121 3898 facientes
2137 3830 2471 3899 iniquitatem,
2488 3830 2574 3885 4‘2.
2594 3842 2637 3885 et
2661 3833 2852 3887 mittent
2875 3852 2956 3888 eos
2977 3836 3028 3889 in
3048 3839 3300 3893 caminum
3319 3841 3472 3912 ignis.

1885 3919 1967 3973 Ibi
1987 3922 2078 3975 erit
2097 3924 2246 3991 [lctus
2264 3933 2310 3977 et
2335 3925 2520 3978 stridor
2535 3926 2776 3980 dentium.
2797 3928 2886 3981 45.
2914 3927 3055 3982 Tunc
3076 3930 3336 4004 fulgebunt
3341 3936 3474 4006 justi

1882 4015 2009 4068 sicut
2029 4016 2107 4069 sol
2135 4016 2186 4069 in
2206 4033 2360 4088 regno
2389 4016 2559 4072 Patris
2582 4035 2774 4073 eorum.
2805 4019 2935 4075 Cum
2955 4023 3098 4079 enim
3124 4026 3213 4094 qui
3242 4029 3473 4084 seminat

1883 4105 1997 4172 ipse
2024 4106 2112 4173 sit,
2136 4117 2190 4161 et
2214 4123 2397 4178 agrum
2437 4124 2592 4164 suum
2624 4111 2870 4170 seminet.
2903 4122 3064 4183 atque
3091 4131 3157 4170 ex
3183 4133 3346 4189 regno
3373 4136 3472 4176 suo

1880 4199 2111 4268 colligat,
2147 4202 2315 4270 palam
2351 4211 2435 4256 est
2474 4203 2613 4258 hunc
2653 4204 2906 4259 mundum
2954 4207 3120 4272 ipsius
3158 4225 3298 4266 esse.
3336 4213 3470 4269 Per-

1882 4294 2052 4361 pende
2093 4305 2272 4350 autem
2316 4295 2432 4364 ejus
2473 4296 2884 4354 inenarrabilem
2930 4302 3372 4374 misericordiam,
3416 4318 3472 4362 et

1881 4401 2104 4454 pronum
2133 4386 2201 4441 ad
2231 4388 2487 4444 beneficia
2519 4390 2817 4457 praestanda
2848 4392 3114 4458 animum,
3159 4405 3213 4451 et
3251 4412 3408 4466 quam
3436 4417 3464 4454 a

1877 4478 2136 4546 supplicio
2165 4478 2443 4535 inferendo
2481 4482 2547 4535 sit
2585 4483 2812 4538 alienus.
2857 4484 2988 4540 Cum
3031 4488 3174 4542 enim
3216 4492 3466 4558 seminat,

1877 4585 1972 4638 per
1992 4571 2224 4641 seipsum
2253 4576 2509 4636 seminat;
2541 4576 2796 4645 supplicia
2831 4593 2954 4632 vero
2983 4595 3078 4648 per
3105 4581 3238 4635 alios
3267 4583 3424 4639 infert
3447 4630 3462 4652 ,

1878 4664 1926 4719 id
1954 4675 2034 4720 est
2058 4707 2072 4729 ,
2103 4681 2199 4735 per
2227 4668 2444 4738 angelos
2463 4670 2505 4721 ’.
2535 4667 2679 4723 Tunc
2702 4671 2834 4742 justi
2863 4673 3122 4743 fulgebunt
3150 4676 3278 4729 sicut
3305 4679 3384 4731 sol
3411 4680 3465 4732 in

1872 4773 2025 4826 regno
2051 4756 2223 4810 Patris
2243 4775 2434 4812 eorum.
2466 4758 2580 4814 Non
2603 4761 2741 4830 quod
2763 4762 2842 4818 sic
2864 4772 3064 4818 tantum
3088 4764 3342 4836 fulgeant.
3368 4770 3460 4824 sed

1873 4851 1992 4918 quia
2018 4849 2117 4905 hoc
2137 4860 2284 4906 astro
2302 4853 2500 4908 nullum
2527 4853 2810 4923 fulgentius
2830 4855 3092 4923 videmus,
3113 4857 3254 4914 notis
3279 4875 3462 4915 exem-

1872 4941 1974 5009 plis
2015 4950 2098 4995 est
2138 4957 2286 4996 usus.
2331 4941 2488 4998 Certe
2527 4944 2653 4999 alibi
2692 4960 2902 5016 quoque
2941 4947 3078 5002 dixit
3113 4949 3223 5016 jam
3266 4952 3459 5008 adesse

1872 5049 2121 5100 messem,
2163 5045 2223 5090 .ut
2262 5051 2383 5090 cum
2427 5036 2495 5090 de
2537 5036 2886 5093 Samaritanis
2930 5039 3006 5093 ait
3033 5059 3048 5095 :
3077 5040 3260 5096 Levate
3284 5047 3459 5100 oculos

1871 5135 2075 5184 vestros.
2096 5137 2140 5181 et
2165 5129 2374 5194 aspicite
2400 5131 2646 5200 regiones,
2663 5132 2781 5200 quia
2805 5133 2934 5186 albas
2942 5133 3058 5204 jam
3081 5143 3198 5189 sunt
3222 5137 3291 5189 ad
3317 5155 3452 5192 mes-

1869 5235 1974 5272 sem
2003 5217 2195 5290 (Joan.
2219 5219 2271 5274 4.
2303 5220 2443 5290 55);
2475 5231 2529 5278 et
2549 5236 2732 5276 rursus
2755 5263 2771 5289 ,
2814 5221 2998 5278 Messio
3025 5225 3224 5294 quidem
3263 5228 3453 5294 multa,

1868 5311 2091 5381 aperarii
2118 5321 2286 5366 autem
2307 5314 2458 5382 pauci
2485 5311 2634 5386 (Luc.
2659 5314 2746 5368 10.
2775 5312 2854 5386 2).
2885 5314 3167 5384 Quomodo
3195 5334 3323 5390 ergo
3344 5320 3453 5376 illic

1867 5403 2078 5473 quidem
2116 5403 2226 5472 jam
2273 5418 2504 5460 messem
2548 5406 2738 5461 adesse
2783 5409 2897 5474 ait,
2937 5407 3026 5464 hic
3055 5425 3183 5466 vero
3217 5410 3451 5466 futuram

1866 5510 2097 5552 messem
2139 5495 2306 5552 dicit?
2341 5497 2642 5554 Secundqu
2679 5499 2820 5558 aliud
2847 5516 3044 5573 nempe
3068 5503 3448 5575 signiﬁcatum.

1928 5692 1944 5754 ε
1982 5689 2097 5751 Alii,
2117 5697 2402 5754 creatorem,
2427 5706 2532 5754 pro,
2549 5692 2788 5754 judicent.

1928 5753 1948 5784 ³
1982 5761 2127 5822 pnus,
2145 5752 2384 5822 supplicia
2403 5752 2618 5821 vero'per
2639 5756 2758 5809 alios
2777 5757 2958 5822 infert:
2978 5759 3118 5811 mittit
3142 5762 3269 5812 enim
3297 5763 3449 5814 Filius

1864 5811 2070 5866 hominis
2091 5811 2283 5880 angelos
2303 5829 2430 5867 suos.
