4108 6376
670 321 772 378 483

668 440 844 506 Quare
888 436 1050 494 etiam
1097 452 1217 492 cum
1262 436 1386 492 alibi
1414 435 1595 507 (Joan.
1617 439 1669 492 4.
1697 437 1786 507 37)
1812 436 2066 503 dixisset,
2088 435 2250 490 alium

666 546 788 586 esse
816 530 905 600 qui
931 529 1179 595 seminat,
1209 529 1369 582 alimn
1395 529 1483 598 qui
1510 529 1683 595 metit,
1714 528 1799 582 hic
1849 527 1978 582 dicit
2026 542 2085 582 se
2130 541 2253 582 eum

665 622 757 693 qui
799 622 1029 676 seminat
1067 621 1225 676 esse?
1283 621 1416 689 Quia
1456 620 1526 674 ibi
1562 621 1639 675 sic
1678 620 2009 691 loquebatur,
2042 629 2102 674 ut
2145 634 2251 674 non

664 716 786 779 sibi,
811 714 906 769 sed
934 723 990 767 ut
1017 714 1291 784 prophetis
1320 714 1589 783 apostolos
1615 722 1968 783 compararet,
1992 713 2105 767 sive
2129 728 2251 767 cum

662 807 899 872 Judaeos,
944 806 1057 861 sive
1102 820 1222 859 cum
1270 806 1634 861 Samaritanos
1680 806 2067 875 alloquebatur.
2116 804 2249 858 Nam

662 900 822 953 etiam
864 914 955 967 per
997 898 1285 967 prophetas
1324 897 1437 963 ipse
1477 897 1793 952 seminabat.
1832 897 1925 952 Est
1951 907 2126 951 autem
2161 896 2249 950 ubi

663 1006 890 1046 messem
917 999 971 1044 et
997 1006 1178 1067 semen
1210 989 1436 1057 ltll|t$tlm
1464 989 1627 1055 dicat,
1661 988 1952 1044 secundum
1982 988 2250 1043 diversam

663 1085 921 1139 rationem
950 1084 1028 1137 sic
1053 1083 1346 1152 appellans.

732 1178 786 1232 2.
842 1175 973 1230 Nam
1029 1173 1243 1243 quando
1302 1174 1661 1242 obsequentes
1712 1171 2248 1241 obtemperantesque

660 1270 934 1326 auditores
976 1267 1137 1331 dicit,
1175 1281 1401 1319 messem
1434 1274 1619 1329 vocat,
1666 1274 1723 1317 ut
1757 1280 1870 1318 rem
1901 1278 2247 1317 consumma-

660 1371 768 1416 tam
821 1359 1059 1415 declaret
1089 1375 1101 1411 :
1133 1356 1344 1425 quando
1388 1364 1566 1409 autem
1597 1354 1822 1409 fructum
1856 1354 2247 1423 praedicationis

659 1456 883 1525 quierit,
914 1467 1096 1507 semen
1140 1461 1195 1504 et
1228 1464 1459 1505 messem
1516 1449 1685 1519 ipsam
1726 1449 2243 1503 consummationem

659 1547 908 1616 appellat.
952 1545 1016 1598 Et
1057 1542 1327 1609 quomodo
1370 1542 1532 1596 etiam
1580 1540 1705 1595 alibi
1738 1538 1885 1605 dicit,
1928 1538 2090 1594 Primi
2117 1539 2245 1607 justi

658 1636 977 1708 rapiuntur?
1039 1636 1338 1701 Rapiuntur
1413 1631 1629 1703 quidem
1701 1633 1857 1702 primi
1921 1632 2246 1687 adveniente

657 1730 907 1794 ChriSto;
957 1728 1236 1782 traduntur
1277 1734 1454 1780 autem
1483 1724 1569 1779 isti
1616 1724 1910 1793 supplicio,
1936 1733 1991 1778 et
2018 1732 2143 1777 tunc
2172 1724 2243 1778 illi

660 1822 726 1875 ad
758 1836 982 1892 regnum
1013 1820 1265 1873 ea‘lorum
1293 1816 1727 1887 proficiscuntur.
1753 1814 1886 1882 Quia
1904 1815 2045 1869 enim
2070 1813 2243 1883 justas

658 1912 711 1966 itt
742 1913 875 1966 caelo
901 1925 1022 1964 esse
1055 1918 1302 1978 Oportet,
1333 1909 1384 1961 in
1416 1916 1609 1961 terram
1635 1915 1811 1960 autem
1846 1905 1959 1975 ipse
1987 1913 2243 1959 venturus

657 2012 741 2058 est
758 2045 772 2065 ,
798 2002 866 2057 de
892 2002 1138 2056 omnibus
1172 2000 1474 2053 hominibus
1499 1997 1832 2068 judicaturus
1853 2038 1869 2060 ,
1904 1996 2243 2052 sententiam-

657 2111 759 2166 que
786 2095 990 2148 laturus
1024 2112 1036 2147 :
1066 2093 1214 2162 quasi
1243 2108 1335 2146 rex
1363 2105 1589 2161 surgens
1617 2106 1738 2145 cum
1771 2090 1964 2143 amicis
1990 2092 2123 2155 suis,
2148 2103 2241 2143 eos

656 2187 723 2242 ad
762 2188 967 2243 beatam
1002 2186 1144 2239 illam
1172 2195 1369 2239 sortem
1393 2183 1652 2238 ducturus
1680 2192 1779 2237 est.
1833 2181 2019 2237 Vitlen'
2042 2181 2239 2252 duplex

656 2279 771 2333 fore
796 2277 1136 2347 supplicium.
1166 2285 1275 2330 tum
1307 2275 1451 2346 quod
1477 2276 1882 2338 comburantur,
1908 2282 2018 2327 tum
2044 2273 2185 2344 quod
2208 2289 2238 2328 a

653 2370 820 2441 gloria
844 2370 930 2424 illa
957 2368 1241 2423 excidant?
1275 2367 1379 2423 Sed
1409 2383 1505 2421 cur
1531 2366 1769 2432 deumm,
1800 2366 1905 2419 illis
1934 2366 2238 2420 recedenti-

652 2462 754 2517 bus
774 2504 790 2530 ,
821 2462 949 2531 ipsis
978 2461 1140 2516 etiam
1172 2460 1429 2530 apostolis
1473 2458 1524 2513 in
1568 2458 1832 2527 parabolis
1853 2457 2115 2527 loquitur?
2142 2455 2239 2512 Sa-

651 2552 943 2623 pientiores
977 2567 1042 2605 ex
1080 2566 1240 2619 supra
1266 2550 1421 2604 dictis
1451 2548 1662 2613 effecti,
1698 2556 1822 2601 tunc
1853 2548 2236 2619 intelligebant.

651 2643 785 2699 llinc
811 2659 930 2698 cum
960 2643 1178 2697 dixisset
1195 2642 1299 2695 illis
1320 2652 1533 2711 postea:
1556 2638 1884 2695 Intellexistis
1908 2644 2013 2693 lucc
2026 2640 2194 2693 omnia
2214 2639 2240 2692 Ρ

650 2738 823 2792 dicunt
852 2738 917 2803 ei,
949 2735 1149 2802 Etiam,
1178 2734 1394 2789 Domine
1434 2734 1640 2806 (Matth.
1664 2735 1749 2789 l3.
1922 2732 2012 2788 Sic
2049 2743 2103 2787 et
2138 2731 2239 2787 hoc

656 2844 779 2885 cum
806 2829 924 2883 aliis
953 2827 1130 2882 effecit
1174 2826 1454 2897 parabola.
1489 2835 1546 2881 ut
1584 2825 2004 2896 perspicaciores
2044 2823 2238 2879 deinde

651 2928 849 2974 essent.
881 2919 1018 2987 Quid
1047 2919 1206 2989 igitur
1230 2918 1352 2988 post
1380 2917 1494 2972 hzec
1525 2915 1687 2971 dicit?
1716 2916 1803 2970 44.
1838 2914 2021 2970 Simile
2056 2926 2129 2970 est
2152 2932 2236 2969 re-

650 3030 805 3083 gnum
834 3011 1073 3067 caelorum
1112 3011 1346 3066 thesauro
1373 3010 1666 3064 abscondito
1694 3012 1747 3062 in
1775 3026 1899 3079 agro
1918 3026 1936 3064 :
1957 3027 2102 3080 quem
2123 3028 2239 3065 cum

648 3106 833 3159 invenit
862 3105 1011 3157 homo
1039 3103 1323 3168 abscondit,
1351 3112 1396 3157 et
1418 3118 1525 3174 pra:
1549 3102 1736 3173 gaudio
1764 3101 1903 3157 illius
1932 3103 2099 3156 vendit
2115 3105 2235 3156 uni-

647 3212 789 3249 versa
813 3212 927 3265 qua!
952 3196 1119 3261 habet,
1148 3203 1193 3247 et
1221 3195 1335 3247 emit
1357 3210 1535 3265 agrum
1556 3193 1722 3247 illum.
1742 3195 1831 3250 45.
1859 3193 2052 3248 Iterum
2072 3196 2238 3250 simile

646 3296 719 3341 est
741 3303 948 3358 regnum
978 3286 1217 3340 calorum
1240 3286 1539 3356 negotiatori
1573 3286 1816 3355 quatrenti
1846 3286 1999 3339 bonas
2028 3303 2235 3357 marga-

644 3383 787 3432 ritas.
818 3376 906 3431 46.
940 3376 1154 3431 Inventa
1175 3388 1344 3431 autem
1372 3394 1474 3430 una
1504 3378 1721 3446 pretiosa
1750 3378 2029 3448 margarita
2049 3418 2064 3440 ,
2087 3378 2232 3445 abiit,

644 3478 691 3523 et
714 3468 935 3522 vendidit
961 3469 1194 3522 universa
1212 3484 1327 3540 quae
1351 3468 1544 3531 habuit,
1573 3477 1621 3521 et
1656 3470 1774 3521 emit
1803 3484 1933 3521 eam.
1966 3468 2235 3536 Quemad-

645 3558 865 3613 modum
900 3560 1006 3613 illic
1038 3575 1261 3629 granum
1310 3558 1563 3614 frumenti
1593 3568 1647 3613 et
1692 3557 2015 3614 fermentum
2050 3577 2235 3631 parum

644 3652 785 3707 inter
822 3667 883 3707 se
932 3651 1186 3707 differunt
1218 3670 1230 3706 :
1260 3652 1339 3706 sic
1387 3659 1442 3705 et
1489 3650 1591 3706 hoc
1644 3651 1764 3705 loco
1810 3651 1931 3705 dua:
1972 3652 2237 3721 parabolas

646 3745 885 3801 thesauri
910 3756 962 3801 et
994 3747 1314 3815 margaritze.
1348 3744 1478 3799 Nam
1509 3759 1604 3814 per
1632 3755 1914 3814 utrumque
1942 3744 2045 3800 hoc
2068 3746 2235 3816 signi-

645 3837 857 3902 ficatur,
881 3846 1129 3909 oportere
1145 3836 1577 3906 praedicationem
1604 3836 1852 3890 omnibus
1880 3847 2232 3905 anteponere.

648 3931 715 3984 Et
744 3932 851 3985 illm
888 3929 1103 3999 quidem
1139 3928 1383 3983 fermenti
1428 3936 1482 3981 et
1508 3927 1709 3996 sinapis
1749 3926 2014 3996 parabolae
2039 3926 2105 3980 ad
2128 3926 2236 3981 vim

646 4021 1040 4092 prmdicationis
1066 4020 1369 4089 pertinent,
1404 4018 1679 4088 ipsamque
1706 4028 1874 4072 totum
1898 4018 2088 4074 orbem
2113 4034 2237 4074 esse

641 4121 1014 4182 superaturam
1044 4111 1278 4165 indicant
1309 4127 1324 4166 ς
1358 4109 1440 4163 hae
1470 4117 1647 4164 autem
1674 4108 1795 4163 du:e
1824 4109 2092 4179 parabolas
2118 4109 2236 4180 eius

641 4206 872 4275 pretium
901 4213 955 4258 et
990 4203 1297 4274 dignitatem
1329 4202 1625 4257 declarant.
1679 4201 2000 4257 Extenditur
2040 4204 2237 4274 quippe

641 4299 729 4354 illa
756 4306 815 4351 ut
854 4296 1022 4365 sinapi
1052 4337 1065 4357 ,
1095 4303 1314 4364 superat
1344 4303 1401 4347 ut
1443 4294 1785 4358 fermentum,
1814 4293 2044 4362 pretiosa
2072 4304 2155 4348 est
2182 4304 2239 4348 ut

641 4389 949 4461 margarita,
978 4388 1256 4442 innumera
1285 4385 1488 4456 prazbet
1513 4382 1795 4439 commoda
1864 4393 1920 4438 et
1947 4392 2192 4439 ornatum
2219 4428 2235 4452 ,

642 4490 701 4536 ut
732 4481 1038 4535 thesaurus.

715 4572 1027 4627 Renuntiare
1056 4567 1287 4623 omnibus
1334 4576 1407 4619 est
1451 4564 1747 4637 negotiatio,
1780 4581 1880 4618 non
1911 4565 2139 4635 jactura.
2166 4595 2239 4606 —

644 4668 829 4738 Neque
861 4666 912 4719 id
940 4664 1113 4718 solum
1143 4662 1231 4716 hic
1257 4660 1536 4727 discimus,
1565 4659 1816 4713 omnibus
1838 4672 1896 4713 se
1920 4673 2118 4714 exuere
2143 4673 2238 4728 par

642 4776 791 4820 esse,
818 4773 880 4811 ac
903 4753 1265 4826 praedicationi
1299 4752 1505 4806 hrerere
1530 4768 1545 4817 ;
1574 4749 1669 4806 sed
1691 4750 1850 4803 etiam
1880 4749 1932 4803 id
1959 4765 2080 4804 cum
2112 4765 2240 4819 gau-

639 4855 731 4909 tllO
756 4866 876 4908 esse
907 4847 1229 4905 faciendum.
1259 4844 1416 4900 Certe
1445 4845 1524 4908 is,
1554 4843 1643 4913 qui
1672 4842 1917 4897 omnibus
1947 4843 2235 4910 renuntiat,

637 4947 771 5000 sciat
806 4952 1018 5014 oportet
1049 4982 1063 5003 ,
1092 4956 1203 4995 rem
1234 4939 1376 4993 illam
1399 4953 1519 4993 esse
1546 4936 1956 5006 negotiationem
1980 4977 1995 5001 ,
2025 4950 2130 4989 non
2150 4936 2235 5004 ja-

644 5047 871 5089 eturam.
926 5031 1109 5087 Viden‘
1152 5029 1420 5101 quomodo
1471 5027 1776 5098 praedicatio
1820 5027 1873 5081 iu
1919 5026 2119 5080 tnundo
2169 5028 2240 5082 sit

650 5128 858 5183 occulta
880 5167 895 5192 ,
924 5135 979 5180 et
1008 5125 1059 5179 in
1094 5124 1469 5194 praedicatione
1505 5130 1635 5191 quot
1676 5121 1784 5175 sint
1814 5119 1994 5175 bona?
2029 5121 2107 5175 Ac
2134 5120 2235 5176 nisi

647 5219 824 5274 omnia
850 5215 1175 5281 vendideris,
1199 5229 1304 5269 non
1327 5213 1461 5268 emis
1488 5212 1631 5267 illam
1681 5230 1695 5268 :
1726 5212 1828 5267 nisi
1856 5212 2083 5267 sollicito
2115 5214 2237 5267 ani-

646 5326 735 5366 mo
757 5308 1053 5380 quaesieris,
1071 5323 1176 5361 non
1203 5305 1431 5361 invenis.
1457 5305 1568 5359 Duo
1591 5304 1749 5373 igitur
1766 5306 2064 5361 necessaria
2088 5316 2233 5373 sunt,

638 5402 976 5459 szrculariutn
1024 5415 1203 5455 rerum
1253 5398 1539 5461 abdicatio,
1586 5408 1640 5453 et
1684 5414 1890 5452 summa
1943 5399 2234 5469 vigilantia.

635 5494 766 5551 Nam
794 5494 870 5547 ait
895 5509 908 5546 :
944 5491 1199 5558 Quaerenti
1222 5489 1377 5545 bonas
1402 5491 1703 5559 margaritas
1727 5505 1745 5543 :
1765 5490 1966 5544 inventa
1986 5507 2088 5544 una
2114 5506 2233 5563 pre-

638 5588 785 5652 tiosa,
811 5584 1031 5639 vendidit
1059 5584 1249 5649 omnia,
1270 5593 1317 5638 et
1333 5584 1452 5637 emit
1481 5598 1611 5636 eam.
1647 5581 1764 5638 Una
1792 5586 1991 5655 quippe
2021 5594 2103 5639 est
2142 5601 2232 5640 ve-

635 5680 788 5742 ritas,
816 5690 916 5732 nec
941 5676 993 5730 in
1024 5684 1205 5746 partes
1232 5674 1424 5729 divisa.
1457 5675 1534 5728 Ac
1568 5672 1706 5727 sicut
1744 5674 1789 5727 is
1823 5674 1913 5744 qui
1970 5674 2231 5744 margari-

640 5781 749 5828 tam
774 5770 933 5827 habet
956 5810 973 5840 ,
1000 5770 1148 5826 novit
1173 5768 1287 5839 ipse
1316 5782 1375 5825 se
1403 5765 1623 5823 divitem
1656 5779 1779 5824 esse
1800 5781 1818 5834 ;
1840 5781 1984 5840 saepe
2007 5775 2184 5823 autem
2205 5805 2224 5837 ,

1438 316 1496 374 S.
1535 316 1814 375 JOANNIS
1837 314 2309 374 CllRYSOS'l‘Olll
2350 316 2665 377 ARClllEl".
2704 322 3237 385 CONSTANTINOP.

3852 336 3958 392 ιρι

2362 436 2486 493 licet
2530 441 2675 496 illam
2717 459 2877 499 manu
2910 455 3105 512 teneat,
3130 447 3182 502 id
3212 446 3334 503 aliis
3359 456 3443 503 est
3472 447 3744 519 ignotum;
3775 467 3955 522 neque

2360 530 2503 585 enim
2548 533 2690 588 mole
2717 536 2961 605 corporis
2990 538 3211 609 insignis
3240 549 3323 593 est
3351 554 3364 591 :
3395 538 3473 591 sic
3508 547 3562 593 et
3607 540 3659 593 in
3689 540 3954 609 prmdica-

2361 620 2507 675 tione
2527 663 2543 687 ,
2574 623 2663 690 qui
2696 622 2842 678 illam
2890 635 3108 692 tenent,
3140 641 3199 681 se
3229 627 3420 682 divites
3450 642 3569 681 esse
3594 638 3829 694 norunt,
3863 630 3952 683 iu-

2356 712 2558 766 creduli
2590 723 2768 769 autem
2799 714 3105 771 thesaurum
3136 716 3441 788 hujusmodi
3472 717 3779 789 ignorantes
3804 760 3819 784 ,
3854 736 3953 773 no-

2356 810 2497 857 stras
2525 804 2649 858 item
2692 805 2903 860 divitias
2933 809 3198 862 nesciunt.
3254 808 3453 864 Deinde
3483 824 3551 863 ne
3576 809 3944 879 praedicationi

2357 904 2559 949 tantum
2588 896 2814 951 fidamus
2833 941 2847 965 ,
2877 915 3012 955 neve
3038 910 3285 971 putemus
3310 904 3479 957 solam
3508 903 3665 959 ﬁdem
3697 905 3763 960 ad
3790 907 3907 961 salu
3926 936 3944 947 -

2355 995 2463 1040 tem
2517 987 2671 1043 nobis
2709 989 2995 1054 sufficere,
3025 992 3183 1045 aliam
3216 993 3507 1048 terribilem
3534 994 3689 1049 effert
3716 997 3949 1064 parabo-

2352 1078 2477 1133 lam.
2509 1078 2764 1145 Quaanam
2815 1082 2904 1137 illa
2942 1084 3060 1138 est?
3084 1084 3173 1139 47.
3203 1084 3426 1155 Sagena:
3454 1087 3723 1155 parabola.
3763 1089 3951 1143 Simile

2352 1179 2423 1224 est
2454 1187 2660 1241 regnum
2684 1173 2920 1227 caelorum
2948 1191 3148 1245 sugente
3176 1177 3341 1231 missa:
3366 1178 3419 1231 in
3445 1195 3602 1244 mare,
3634 1189 3682 1233 et
3705 1196 3768 1233 ea:
3798 1183 3944 1234 omni

2350 1279 2529 1333 genere
2562 1265 2772 1335 piscium
2796 1269 3118 1337 congreganti
3143 1285 3161 1322 :
3195 1268 3285 1323 48.
3314 1286 3463 1339 quam
3484 1270 3745 1325 educentes
3779 1274 3847 1325 ad
3876 1274 3946 1327 li-

2353 1362 2434 1407 tus
2455 1356 2628 1418 maris,
2660 1356 2907 1416 sedentes,
2940 1367 2986 1409 et
3012 1357 3300 1428 colligentes
3324 1360 3480 1415 bonos
3504 1361 3555 1413 in
3577 1376 3664 1414 vas
3680 1363 3938 1432 jecerunt,

2350 1444 2511 1500 mulos
2529 1456 2692 1499 autem
2720 1449 2857 1517 foras
2884 1448 3140 1502 miserunt.
3177 1450 3231 1503 In
3253 1466 3359 1519 quo
3379 1450 3556 1505 differt
3582 1452 3695 1507 lttec
3725 1469 3753 1507 a
3784 1469 3944 1522 para-

2352 1534 2469 1587 bola
2493 1535 2854 1591 zizaniorum?
2884 1537 3013 1591 Nam
3039 1549 3091 1594 et
3113 1540 3221 1594 illic
3247 1541 3335 1594 alii
3366 1552 3648 1597 servantur
3672 1587 3686 1609 ,
3710 1543 3800 1597 alii
3818 1557 3937 1611 per.

2347 1633 2513 1691 eunt;
2578 1628 2669 1681 sed
2702 1629 2809 1683 illic
2833 1630 2902 1683 ob
2926 1646 3208 1701 pravorum
3240 1632 3548 1704 dogmatum
3564 1635 3807 1689 hmresim
3841 1649 3939 1692 :et

2347 1717 2435 1787 qui
2463 1727 2585 1771 ante
2622 1731 3023 1787 memorantur,
3046 1724 3167 1792 quia
3209 1723 3369 1779 dictis
3396 1727 3797 1795 prtedicantium
3829 1744 3939 1783 non

2346 1808 2658 1875 attendunt;
2688 1810 2741 1864 hi
2772 1827 2899 1867 vero
2916 1813 2986 1868 ob
3012 1815 3328 1869 sceleratam
3361 1816 3545 1883 vitam,
3572 1820 3663 1888 qui
3690 1820 3933 1875 omnium

2346 1903 2635 1957 miserrimi
2663 1913 2807 1970 sunt,
2842 1915 3024 1975 utpote
3048 1907 3139 1977 qui
3183 1908 3233 1961 in
3267 1910 3510 1964 notitiam
3542 1913 3784 1967 veritatis
3811 1929 3940 1984 per-

2345 1993 2690 2058 venerint,et
2734 1995 2786 2049 in
2830 2007 2945 2051 rete
2982 1998 3297 2066 piscantium
3337 2001 3649 2063 inciderint.
3674 2019 3736 2057 ac
3768 2021 3941 2074 neque

2343 2084 2421 2136 sic
2450 2084 2673 2139 salutem
2705 2088 2958 2157 consequi
2982 2091 3267 2157 potuerint.
3294 2090 3623 2162 Quamquam
3642 2095 3768 2148 al.bi
3790 2096 3937 2149 dicat

2344 2175 2515 2245 ipsum
2547 2187 2813 2247 pastorem
2842 2194 3153 2251 segregasse
3173 2198 3320 2246 oves,
3357 2183 3443 2240 hic
3469 2185 3598 2240 dicit
3627 2188 3845 2256 angelos
3877 2190 3935 2243 id

2344 2266 2518 2323 facere
2541 2308 2557 2335 ,
2580 2277 2638 2323 ut
2662 2278 2717 2324 et
2750 2268 2803 2324 in
2834 2271 3158 2326 zizaniorum
3189 2274 3435 2342 parabola
3468 2274 3679 2347 (Matth.
3702 2277 3790 2331 23.
3815 2278 3934 2350 52).

2341 2358 2477 2429 Quid
2502 2374 2629 2430 ergo
2663 2361 2991 2416 dicendum?
3025 2363 3322 2433 Aliquando
3349 2365 3654 2432 demissius,
3688 2368 3934 2439 aliquan-

2341 2448 2412 2502 do
2441 2450 2719 2507 sublimius
2747 2452 2875 2523 ipsis
2908 2453 3160 2523 loquitur.
3211 2454 3359 2510 Hanc
3387 2471 3548 2525 porro
3583 2474 3681 2512 nec
3709 2472 3930 2529 rogatus

2343 2544 2649 2612 parabolam
2702 2556 2893 2615 sponte
2946 2547 3325 2617 interpretatur
3381 2567 3393 2602 :
3448 2564 3513 2605 ex
3550 2561 3698 2619 parte
3754 2554 3933 2607 solum

2342 2636 2627 2704 explicavit
2655 2636 2822 2699 illam,
2854 2648 2909 2691 et
2934 2638 3177 2694 timorem
3209 2641 3374 2695 auxit.
3396 2641 3471 2696 Ne
3486 2644 3627 2697 enim
3658 2654 3937 2714 postquam

2343 2726 2555 2792 audisti,
2590 2728 2759 2782 malos
2782 2728 2984 2798 ejectos
3012 2729 3175 2786 fuisse
3202 2729 3344 2786 foras
3364 2774 3379 2796 ,
3410 2734 3526 2788 sine
3553 2735 3787 2804 periculo
3816 2753 3933 2791 rem

2343 2835 2464 2875 esse
2502 2830 2739 2891 putares,
2778 2822 3214 2892 interpretatione
3253 2840 3347 2877 sna
3394 2826 3711 2895 supplicium
3743 2830 3939 2883 extulit

2341 2912 2544 2978 dicens,
2581 2912 2782 2967 Mittent
2817 2930 2900 2968 eos
2923 2916 2976 2968 in
3006 2917 3259 2970 caminum
3285 2918 3451 2987 ignis;
3483 2920 3766 2975 stridorem
3796 2921 3943 2976 den-

2344 3006 2471 3060 tittm
2506 3020 2809 3061 memorans
2839 3007 3265 3079 ineffabilemque
3294 3010 3555 3065 dolorem.
3586 3013 3772 3068 Viden‘
3801 3025 3935 3083 quot

2341 3097 2407 3151 ad
2436 3098 2722 3167 perniciem
2749 3100 2888 3153 vite?
2921 3099 3020 3153 Per
3043 3111 3268 3170 petram,
3303 3117 3394 3170 per
3424 3104 3626 3172 spinas,
3658 3122 3751 3175 per
3771 3107 3936 3175 viam,

2343 3204 2439 3258 per
2462 3189 2688 3247 zizania.
2718 3206 2815 3259 per
2840 3204 3111 3260 sagenam.
3151 3192 3266 3246 Non
3295 3210 3422 3265 ergo
3451 3196 3718 3253 immerito
3750 3199 3882 3253 dixit
3919 3218 3935 3255 :

2340 3283 2472 3337 Lata
2491 3293 2563 3338 est
2589 3286 2668 3338 via
2690 3302 2804 3355 quae
2823 3286 2961 3339 ducit
2989 3288 3057 3339 ad
3076 3288 3407 3357 perditionem
3430 3332 3443 3352 ,
3467 3301 3514 3344 et
3535 3292 3679 3345 multi
3705 3303 3821 3346 sunt
3846 3296 3938 3362 qui

2339 3376 2692 3447 ingrediuntur
2733 3393 2821 3447 per
2859 3393 2970 3430 eam
3013 3376 3225 3447 (Matth.
3276 3380 3328 3433 7.
3364 3381 3473 3449 1'5).
3510 3381 3631 3437 Hzec
3655 3399 3783 3453 ergo
3811 3398 3935 3439 cum

2339 3471 2582 3537 dixisset,
2630 3485 2691 3524 ac
2739 3470 2961 3524 terribili
3007 3471 3167 3525 modo
3223 3473 3382 3528 finem
3430 3475 3639 3530 dicendi
3694 3475 3934 3544 fecisset,

2342 3564 2564 3634 htecque
2595 3562 2742 3633 plura
2771 3562 3057 3633 adjecisset
3087 3563 3307 3635 (diutius
3333 3566 3474 3620 enim
3511 3567 3563 3619 in
3609 3568 3712 3621 illis
3753 3583 3937 3623 mora-

2342 3665 2427 3709 tus
2446 3654 2576 3724 est),
2597 3655 2672 3709 ait
2700 3671 2712 3707 :
2746 3655 2835 3710 5|.
2868 3653 3201 3709 Intellexistis
3231 3657 3337 3710 htec
3381 3658 3551 3710 omnia
3572 3659 3597 3711 ?
3625 3657 3810 3713 Dicunt
3840 3660 3887 3713 ei
3914 3678 3934 3714 :

2343 3746 2543 3812 Etiam,
2574 3745 2811 3801 Domine.
2847 3746 2976 3801 Post
3007 3746 3141 3810 hinc,
3181 3748 3303 3815 quia
3341 3749 3758 3813 intellexerunt,
3790 3750 3938 3820 ipsos

2341 3840 2524 3895 laudat
2552 3840 2637 3894 his
2661 3841 2859 3895 verbis.
2894 3842 2982 3896 59..
3014 3840 3140 3896 Ideo
3168 3843 3330 3896 omnis
3354 3843 3517 3896 scriba
3558 3846 3735 3899 doctus
3760 3846 3813 3898 in
3842 3862 3934 3899 re-

2342 3947 2440 4001 gno
2460 3931 2718 3997 caelorum,
2747 3930 2928 3984 similis
2953 3943 3026 3985 est
3053 3932 3243 3985 homini
3264 3934 3405 3998 patri
3426 3933 3671 4003 familias,
3698 3935 3782 4006 qui
3808 3952 3936 4004 pro-

2343 4025 2440 4093 fert
2464 4021 2527 4074 de
2548 4021 2782 4075 thesauro
2807 4038 2900 4075 suo
2931 4038 3059 4075 nova
3103 4031 3148 4074 et
3186 4032 3371 4075 vetera.
3420 4023 3544 4079 Ideo
3567 4024 3691 4079 alibi
3720 4041 3937 4094 quoque

2341 4112 2419 4166 ait
2449 4129 2463 4165 :
2489 4111 2694 4166 Mittam
2718 4112 2785 4165 ad
2833 4128 2919 4166 vos
2944 4114 3193 4183 sapientes
3219 4122 3264 4166 et
3285 4112 3700 4181 scribas(Matth.
3717 4114 3933 4183 25.54).

2415 4206 2469 4259 5.
2497 4203 2884 4274 Scripturarum
2926 4203 3069 4257 lectio
3098 4206 3498 4258 commendatur.
3538 4205 3813 4259 Ilumilitas
3838 4224 3933 4260 ca-

2343 4306 2433 4368 put
2472 4297 2689 4352 uirtutis.
2716 4327 2787 4337 —
2813 4296 2976 4351 Vides
3013 4296 3284 4366 quomodo
3324 4314 3428 4351 non
3481 4299 3729 4354 excludat
3771 4301 3936 4354 Vetus

2342 4388 2766 4452 Testamentum,
2792 4388 2885 4442 sed
2926 4389 3101 4457 potius
3142 4388 3323 4444 laudet
3352 4402 3408 4444 et
3428 4390 3683 4454 celebret,
3716 4391 3937 4445 thesau-

2343 4495 2465 4535 rum
2494 4480 2732 4535 voeans?
2772 4479 2950 4549 Itaque
2989 4490 3249 4549 quotquot
3291 4481 3587 4535 divinarum
3625 4482 3935 4551 Scriptura-

2343 4586 2463 4626 rum
2510 4570 2741 4640 imperiti
2768 4577 2910 4631 sunt,
2941 4584 3045 4623 non
3087 4581 3267 4638 patres
3316 4571 3545 4625 familias
3591 4571 3805 4637 fuerint,
3840 4574 3934 4643 qui

2343 4676 2518 4732 neque
2542 4660 2741 4715 habent
2766 4661 2886 4729 ipsi,
2918 4675 3018 4714 nec
3041 4660 3109 4715 ab
3130 4661 3248 4715 aliis
3275 4662 3563 4729 accipiunt,
3584 4662 3677 4717 sed
3705 4677 3763 4716 se
3792 4664 3936 4719 fame

2345 4761 2629 4823 pereuntes
2664 4752 2954 4822 negligant.
2984 4750 3091 4806 Nec
3117 4751 3276 4806 modo
3307 4752 3425 4822 ipsi,
3451 4753 3545 4808 sed
3576 4754 3734 4807 etiam
3766 4754 3937 4808 barre-

2346 4846 2434 4901 tici
2455 4854 2702 4915 expertes
2730 4852 2856 4899 sunt
2882 4843 3038 4913 hujus
3066 4843 3426 4899 beatitudinis.
3471 4844 3586 4899 Non
3614 4846 3755 4900 enim
3806 4862 3934 4914 pro-

2343 4939 2522 4995 ferunt
2548 4953 2688 4993 nova
2715 4946 2771 4993 et
2796 4936 3145 4992 vetera.Nam
3176 4954 3296 4992 cum
3322 4948 3499 4993 vetera
3532 4954 3637 4993 non
3671 4940 3928 5005 habeant,

2343 5046 2443 5086 nec
2464 5045 2602 5085 nova
2624 5028 2824 5083 habere
2846 5036 3100 5097 possunt:
3122 5029 3569 5098 quemadmodum
3604 5030 3763 5084 etiam
3785 5031 3816 5083 ii
3840 5032 3933 5099 qui

2343 5137 2479 5177 nova
2508 5136 2612 5175 non
2641 5120 2860 5187 habent,
2880 5120 3149 5174 veteribus
3174 5136 3383 5190 quoque
3403 5131 3609 5188 carent,
3629 5121 3724 5176 sed
3771 5123 3933 5178 utris-

2341 5232 2445 5287 que
2485 5215 2763 5287 privantur
2795 5231 2809 5268 :
2854 5212 2969 5269 haec
2997 5214 3141 5269 enim
3174 5222 3354 5267 mutuo
3396 5215 3709 5284 colligantur
3733 5226 3785 5270 et
3807 5230 3937 5269 con-

2342 5317 2653 5365 nectuntur.
2700 5307 2995 5363 Audiamus
3041 5310 3217 5376 itaque
3243 5318 3502 5379 quotquot
3531 5310 3929 5380 Scripturarum

2342 5401 2626 5457 lectionem
2669 5398 3008 5468 negligimus,
3054 5410 3310 5469 quantum
3353 5399 3619 5468 patiamur
3650 5400 3928 5467 damnum,

2340 5500 2591 5564 quantam
2618 5499 3011 5562 paupertatem.
3038 5489 3385 5558 Quandonam
3414 5491 3573 5546 vitam
3605 5506 3727 5546 cum
3753 5494 3933 5560 Operi-

2340 5583 2440 5638 bus
2459 5582 2765 5652 iungemus,
2795 5581 2884 5651 qui
2924 5596 2992 5635 ne
3040 5580 3185 5650 leges
3225 5580 3441 5651 quidem
3483 5582 3764 5648 novimus,
3794 5598 3926 5652 quas

2338 5672 2719 5729 observemus?
2741 5670 2848 5728 Sed
2872 5669 3086 5738 divites,
3113 5672 3202 5740 qui
3224 5672 3530 5729 divitiarum
3546 5674 3836 5745 cupiditate
3855 5675 3926 5727 iu-

2337 5766 2589 5836 saniunt,
2638 5780 2782 5837 saepe
2822 5774 3003 5821 vestes
3032 5778 3155 5821 suas
3198 5780 3266 5822 ne
3303 5782 3336 5822 a
3366 5768 3525 5824 tineis
3570 5765 3927 5823 corrodautur
