4108 6376
253 368 354 426 ι85

255 498 528 552 excutiunt
562 511 575 546 :
607 501 659 546 tu
687 506 814 546 vero
832 490 956 544 dum
973 489 1169 544 oblivio
1192 491 1328 543 tinea
1360 487 1707 556 perniciosior
1727 485 1846 538 ani-

255 603 394 643 mam
444 597 586 639 tuam
623 583 939 645 labefactat,
971 598 1076 635 non
1115 580 1277 635 libros
1309 580 1459 648 legis,
1489 595 1591 631 non
1639 587 1840 645 pestem

257 681 400 734 iham
431 678 656 748 depellis
681 719 696 740 ,
723 678 954 731 animam
985 690 1090 729 non
1119 688 1370 742 exornas.
1403 686 1507 724 non
1535 668 1729 738 aspicis
1756 683 1842 720 as-

254 774 404 828 sidue
449 773 659 826 virtutis
699 771 1006 840 imaginem,
1055 782 1154 822 nec
1198 767 1433 819 membra
1468 766 1586 834 ejus
1610 773 1664 817 et
1685 771 1844 830 caput

254 868 596 922 consideras?
618 865 750 920 Nam
779 873 834 919 et
859 871 1016 932 caput
1039 861 1203 916 habet
1229 869 1284 914 et
1310 858 1568 922 membra,
1597 858 1843 925 Specioso

253 977 478 1032 corpore
523 959 856 1014 formosiora.
903 955 1055 1023 Quod
1092 969 1220 1022 ergo
1259 960 1418 1021 caput
1465 959 1567 1013 est,
1607 948 1837 1016 inquies,

255 1053 508 1109 virtutis?
553 1049 852 1107 llnmilitas.
883 1047 1240 1116 Quamobrem
1271 1043 1338 1098 ab
1364 1043 1462 1096 hac
1484 1041 1668 1109 incipit
1690 1037 1844 1093 Chri-

255 1160 367 1205 stus
411 1149 592 1202 dicens
625 1163 638 1198 :
671 1143 810 1197 Beati
855 1155 1096 1212 pauperes
1122 1135 1352 1209 (Matth.
1382 1134 1434 1187 5.
1463 1130 1556 1202 5).
1602 1130 1714 1184 Hoc
1755 1143 1844 1182 ca-

258 1255 349 1312 put
400 1257 505 1295 llull
546 1251 732 1293 comas
775 1233 956 1296 habet,
1005 1246 1112 1286 non
1157 1228 1454 1288 cincinnos,
1500 1222 1592 1278 sed
1641 1229 1839 1276 tantum

258 1333 722 1407 pulchritudinem,
753 1335 810 1382 ut
842 1327 1008 1380 Deum
1053 1323 1226 1392 ipsum
1266 1317 1496 1374 attrahat
1525 1329 1682 1370 :nam
1724 1313 1796 1366 ait
1825 1328 1839 1366 :

263 1430 427 1496 Super
449 1441 592 1495 quem
635 1421 924 1487 respiciam,
969 1415 1065 1469 nisi
1085 1429 1236 1482 super
1264 1418 1578 1467 mansuetum
1608 1417 1652 1460 et
1679 1406 1844 1458 Immi-

258 1530 372 1588 lem,
413 1534 458 1577 et
506 1527 792 1576 trementem
835 1513 986 1568 verba
1013 1527 1125 1564 mea
1151 1507 1304 1580 (Isai.
1327 1504 1415 1560 66.
1446 1501 1542 1570 '2)?
1571 1510 1659 1564 et,
1691 1497 1841 1551 Oculi

257 1623 354 1675 mei
373 1619 439 1672 ad
464 1622 749 1670 mansuetos
783 1619 929 1663 terra:
958 1602 1126 1676 (Psal.
1161 1601 1248 1655 75.
1277 1600 1364 1653 10.
1405 1608 1450 1651 et
1491 1595 1611 1650 100.
1644 1592 1718 1665 6).
1751 1593 1839 1657 Et,

260 1713 429 1782 PrOpe
468 1718 540 1763 est
567 1705 817 1760 Dominus
857 1697 1084 1754 contritis
1109 1693 1258 1748 corde
1279 1688 1446 1782 (Psal.
1467 1689 1565 1782 55ἒ
1587 1686 1696 1756 19).
1732 1686 1843 1740 Iloc

259 1779 416 1874 caput
445 1815 540 1871 pro
564 1795 854 1867 capillis,et
873 1804 1046 1853 coma,
1073 1783 1331 1840 sacrificia
1355 1780 1511 1845 offert
1541 1779 1646 1833 Deo
1669 1787 1838 1874 grata.

261 1869 363 1953 mi.
393 1869 476 1948 est
501 1905 683 1952 aurea,
709 1896 762 1942 et
782 1885 951 1939 altare
997 1877 1272 1949 spirituale
1307 1893 1319 1929 :
1348 1887 1470 1927 nam
1518 1869 1843 1938 Sacriﬁcium

261 1991 365 2045 Deo
391 1986 594 2057 spiritus
632 1975 993 2034 contribulatus
1019 1968 1189 2043 (Psal.
1222 1967 1314 2022 50.
1342 1962 1464 2057 I9).
1482 1962 1618 2057 Hzt'c-
1647 1969 1844 2057 est-sa-

260 2051 473 2154 pientia:
512 2084 700 2131 mater.
731 2071 787 2126 Si
813 2070 933 2139 quis
961 2065 1102 2119 illam
1133 2061 1342 2154 habeat,
1370 2055 1576 2154 reliqua
1605 2051 1839 2154 habebit.

259 2144 505 2231 Vidistin‘
527 2179 704 2241 caput,
735 2163 892 2236 quale
913 2171 1172 2227 nusquam
1195 2149 1441 2208 videras?
1469 2147 1632 2202 Visne
1655 2144 1840 2241 faciem

258 2271 463 2332 videre,
492 2237 609 2320 imo—
625 2255 898 2318 ediscere?
942 2252 1060 2308 .Iam
1105 2249 1254 2303 disce
1287 2245 1522 2299 colorem
1549 2239 1666 2310 ejus
1694 2237 1844 2292 rubie

257 2329 512 2425 cundum,
560 2354 830 2416 ﬂoridum,
876 2357 932 2404 et
964 2344 1124 2400 valde
1163 2340 1498 2412 gratiosum:
1532 2333 1680 2388 disce
1726 2329 1846 2399 qui-

259 2461 483 2512 lmsnam
523 2455 749 2506 constet.
781 2442 986 2510 Quibus
1010 2452 1138 2509 ergo
1161 2432 1409 2490 conSIat?
1438 2428 1650 2485 Pudore
1684 2434 1843 2495 atque

259 2551 474 2604 rubore.
517 2543 848 2611 Quapropter
889 2533 964 2587 ait
1000 2527 1262 2600 quispiam
1295 2543 1307 2578 :
1339 2525 1466 2577 Ante
1509 2520 1844 2575 verecundum

260 2639 507 2712 prwcedet
543 2609 719 2706 ⁷ςμραιίίι
753 2626 936 2701 (Eccli.
965 2624 1052 2679 32.
1077 2621 1155 2692 9).
1187 2619 1388 2712 Hoc—et
1432 2614 1549 2712 aliis
1592 2609 1845 2712 tliembris

259 2701 508 2801 magnam
552 2701 778 2780 infundit
802 2712 1266 2789 pulchritudinem.
1305 2705 1526 2801 Etiamsi
1569 2702 1715 2801 mille
1744 2701 1844 2754 mi-

257 2795 412 2880 sceas
441 2819 646 2873 colores
670 2855 687 2880 ,
719 2827 823 2866 non
849 2816 1047 2863 tantam
1077 2803 1310 2874 speciem
1339 2798 1560 2855 efficies.
1589 2795 1646 2851 Si
1666 2806 1842 2849 autem

258 2927 312 2973 et
347 2913 531 2969 oculos
575 2909 756 2962 videre
793 2902 1011 2973 cupias,
1057 2896 1237 2967 aSpice
1280 2893 1398 2948 illos
1437 2889 1752 2945 modeStiam
1791 2893 1847 2941 et.

261 3003 646 3064 continentiam
669 3004 918 3053 accurate
942 2990 1276 3047 exhibentes.
1325 2983 1446 3040 Ideo
1475 2982 1571 3052 ipsi
1599 2988 1652 3035 et
1678 2979 1844 3034 forma

261 3097 579 3154 etacumine
626 3090 848 3162 pollent,
878 3086 949 3139 ita
979 3091 1038 3137 ut
1081 3082 1252 3151 ipsum
1286 3075 1568 3130 Dominum
1609 3072 1843 3126 videant.

261 3191 418 3252 Nam,
449 3186 611 3246 Beati,
639 3181 828 3252 inquit,
857 3174 1044 3230 mundo
1069 3170 1242 3235 corde,
1274 3168 1510 3236 quoniam
1543 3165 1642 3234 ipsi
1681 3162 1848 3216 Deum

262 3280 498 3337 videbunt
527 3274 742 3348 (Matth.
767 3272 818 3327 5.
848 3269 928 3340 8).
954 3266 1027 3322 Os
1073 3276 1251 3318 autem
1294 3260 1409 3331 ejus
1435 3301 1451 3326 ,
1493 3257 1771 3348 sapientia
1793 3264 1849 3311 et

263 3369 586 3433 intellectus,
601 3362 1058 3438 spiritualiumquc
1075 3357 1394 3428 hymnorum
1414 3349 1725 3406 modulatio.
1745 3347 1849 3401 Cor

262 3476 467 3529 autem,
493 3461 883 3529 Scripturarum
913 3451 1134 3522 peritia,
1162 3457 1515 3513 veroruqune
1543 3441 1850 3510 dogmatum

263 3553 622 3615 conservatio,
667 3547 996 3617 benignitas,
1042 3538 1344 3596 clementia.
1385 3537 1462 3590 Ac
1505 3532 1850 3603 quemadmo-

265 3651 393 3703 dum
437 3647 553 3701 sine
595 3642 686 3696 illo
727 3640 906 3694 vivere
951 3633 1250 3703 nequimus,
1283 3629 1360 3682 sic
1391 3640 1563 3695 neque
1605 3623 1722 3678 sine
1759 3621 1852 3675 illo

265 3741 495 3797 salutem
522 3730 775 3801 consequi
805 3738 1108 3799 possumus.
1148 3720 1281 3777 Nam
1311 3718 1435 3771 hinc
1455 3714 1635 3770 omnia
1662 3713 1850 3768 oriun-

271 3845 360 3888 tur
388 3830 545 3884 bona.
581 3826 750 3880 liabet
775 3824 902 3877 item
930 3816 1095 3889 pedes
1120 3825 1175 3870 et
1196 3826 1405 3873 manus,
1438 3808 1697 3863 bonorum
1725 3817 1853 3872 ope-

267 3940 393 3980 rum
422 3901 700 3986 exempla;
731 3913 903 3966 anima
925 3909 1041 3978 ejus
1067 3915 1147 3960 est
1179 3905 1383 3974 pietas;
1417 3907 1602 3970 pectus
1628 3897 1743 3963 ejus
1769 3907 1856 3946 au-

268 4031 447 4078 reum,
477 4011 753 4066 adamante
780 4004 1003 4068 firmius,
1030 4010 1112 4056 est
1133 3996 1418 4058 fortitudo;
1445 3993 1624 4049 omnia
1652 3989 1856 4078 facilius

267 4117 544 4177 expugnes
561 4143 576 4165 ,
601 4113 758 4170 quam
803 4103 984 4166 pectus
1005 4090 1143 4146 istud
1167 4090 1458 4156 dirumpas.
1491 4083 1739 4152 Spiritus,
1766 4077 1856 4149 qui

271 4210 330 4256 et
355 4200 406 4253 in
434 4193 682 4259 cerebro,
701 4199 756 4244 et
774 4189 827 4244 in
849 4185 1013 4242 corde
1037 4183 1266 4246 exsistit,
1289 4189 1371 4234 est
1395 4178 1609 4232 caritas.

341 4291 399 4347 ι.
450 4285 680 4342 Matthaei
718 4280 1034 4353 evangelista
1071 4278 1295 4330 virtutes.
1334 4271 1488 4326 Avari
1527 4280 1575 4325 et
1620 4266 1857 4339 pauperis

271 4382 546 4440 voluntarii
572 4371 1029 4446 descriptio.——Vis
1051 4371 1187 4425 hanc
1215 4367 1502 4436 imaginem
1532 4363 1624 4416 tibi
1657 4362 1706 4414 in
1728 4373 1857 4428 cpe-

268 4479 424 4533 ribus
451 4471 765 4529 ostendam?
808 4467 994 4536 Cogita
1037 4464 1166 4518 mihi
1198 4462 1338 4516 hunc
1377 4461 1547 4528 ipsum
1591 4453 1858 4523 evangeli-

271 4580 435 4633 stam,
461 4566 669 4622 etiamsi
693 4578 798 4618 non
821 4571 982 4615 totam
1001 4558 1116 4628 ejus
1137 4556 1297 4609 vitam
1319 4553 1636 4620 descriptam
1663 4548 1856 4601 habea-

273 4675 430 4724 mus;
461 4665 694 4713 attamen
724 4673 787 4710 ex
812 4654 996 4724 paucis
1023 4666 1143 4721 quae
1173 4656 1395 4712 restant,
1422 4646 1546 4700 licet
1573 4643 1857 4712 imaginem

273 4759 393 4826 ejus
417 4751 787 4824 Splendentem
829 4747 1028 4802 videre.
1077 4742 1228 4812 Quod
1275 4739 1490 4795 humilis
1515 4747 1569 4792 et
1596 4734 1860 4790 contritus

273 4861 459 4915 esset,
508 4846 631 4902 audi
663 4845 834 4914 ipsum
862 4842 914 4896 in
933 4837 1216 4908 Evangelio
1240 4849 1359 4890 sese
1393 4831 1731 4902 publicanum
1760 4842 1858 4882 vo-

274 4955 522 5006 cantem;
569 4939 713 5010 quod
740 4946 917 4990 autem
963 4931 1265 4988 misericors
1310 4935 1490 4990 esset,
1539 4923 1664 4980 vide
1711 4923 1858 4977 illum

274 5035 528 5092 omnibus
553 5042 778 5089 exutum
802 5029 983 5084 Iesum
1014 5032 1345 5095 sequentem.
1371 5019 1521 5086 Quod
1553 5019 1668 5088 pius
1695 5025 1858 5082 esset,

279 5128 454 5198 palam
483 5136 567 5180 est
597 5140 663 5179 ex
691 5120 1047 5191 dogmatibus.
1077 5113 1481 5185 intelligentiam
1508 5120 1562 5166 et
1585 5109 1859 5165 caritatem

277 5222 395 5290 ejus
429 5234 496 5273 ex
539 5233 604 5272 eo
640 5214 780 5286 quod
827 5209 1148 5280 conscripsit
1198 5203 1486 5276 Evangelia
1527 5201 1709 5256 videre
1731 5211 1858 5254 est:

283 5314 515 5369 .miversi
546 5311 686 5366 enim
727 5308 874 5362 orbis
913 5319 1093 5360 curam
1114 5301 1319 5371 gessit;
1353 5298 1610 5352 bonorum
1638 5305 1862 5362 operum

284 5413 655 5475 argumentum
687 5401 852 5453 babes
879 5411 946 5451 ex
986 5395 1201 5457 throno,
1244 5391 1300 5445 in
1327 5405 1434 5460 quo
1459 5401 1703 5442 sessurus
1738 5391 1860 5448 est;

287 5494 650 5551 fortitudinem
676 5531 691 5556 ,
722 5489 863 5560 quod
890 5485 1128 5558 gaudens
1154 5496 1402 5538 reversus
1427 5479 1550 5534 sita
1575 5476 1707 5532 facie
1733 5487 1865 5529 con-

283 5589 414 5643 cilii.
446 5585 638 5642 Virtuti
664 5585 824 5656 igitur
852 5579 1138 5636 admodum
1165 5575 1495 5642 studeamus,
1526 5573 1862 5638 maximeque

622 5917 895 5976 PATROL.
945 5913 1060 5974 Gn.
1111 5907 1317 5970 LVIII.

1133 365 1195 419 IN
1238 364 1638 420 ΜᾹΤΤΙΙᾸΞΟΜ
1685 363 1911 418 ΙιΟῊΙῐ..

1955 364 2160 420 XLVII.
2200 369 2270 422 al.
2313 368 2542 426 XLVIII.
3436 383 3537 440 486

1953 482 2191 539 omnium
2241 485 2590 542 humilitatem
2642 499 2696 544 et
2751 489 3173 550 misericordiam
3229 505 3533 568 sectemur,

1952 572 2068 627 sine
2092 575 2283 644 quibus
2309 579 2532 635 salutem
2555 582 2809 651 consequi
2837 599 2943 638 non
2970 599 3252 654 possumus
3275 631 3290 652 ,
3323 598 3380 644 ut
3411 607 3536 658 pro-

1953 663 2106 720 batur
2134 681 2197 721 ex
2239 670 2476 739 quinque
2527 673 2856 743 virginibus,
2888 687 2944 731 et
2983 693 3050 733 ex
3080 679 3370 738 Pharisaeo.
3404 685 3536 742 Nam

1951 757 2067 812 sine
2106 759 2410 829 virginitate
2450 779 2669 835 regnum
2711 768 2860 825 adire
2899 785 3214 842 possumus,
3263 791 3366 831 non
3410 794 3539 834 vero

1950 851 2066 905 sine
2109 854 2470 911 misericordia
2511 868 2566 913 et
2588 861 2966 935 elcemosyna:
3001 865 3088 922 illa
3117 869 3258 923 enim
3287 887 3538 928 necessa-

1951 943 2027 996 ria
2056 958 2273 1013 prorsus
2299 958 2380 1001 est
2409 990 2424 1014 ,
2456 959 2510 1005 et
2542 951 2682 1006 inter
2711 956 2974 1024 praecipua
3005 975 3129 1025 qua:
3158 964 3334 1014 omnia
3364 966 3538 1019 couti-

1950 1035 2118 1090 tinent
2156 1050 2426 1096 censetur.
2460 1041 2572 1096 Non
2617 1045 2734 1100 sine
2777 1063 2936 1104 causa
2982 1065 3110 1119 ergo
3143 1051 3376 1109 diximus
3419 1072 3538 1112 eam

1949 1139 2043 1179 cor
2069 1143 2189 1182 esse
2216 1129 2444 1185 virtutis.
2475 1131 2580 1188 Sed
2607 1150 2703 1189 cor
2730 1136 2902 1206 ipsum
2923 1179 2938 1202 ,
2972 1141 3073 1194 nisi
3103 1144 3352 1198 onmibus
3380 1147 3538 1213 spiri-

1953 1227 2062 1272 tum
2109 1221 2508 1290 snbtniuistret,
2561 1227 2668 1282 cito
2706 1231 3093 1300 exstinguitur;
3145 1235 3282 1289 sicut
3327 1247 3378 1290 et
3419 1236 3540 1293 fons

1951 1311 2050 1365 nisi
2097 1313 2292 1369 fluenta
2341 1333 2506 1386 penes
2535 1335 2594 1376 se
2624 1326 2929 1390 perenniter
2971 1327 3202 1393 habent,
3238 1332 3531 1400 putrescit:

1949 1401 2027 1456 sic
2054 1413 2109 1457 et
2151 1404 2376 1473 divites,
2409 1410 2452 1463 si
2481 1411 2621 1479 apud
2658 1428 2717 1467 se
2747 1429 2878 1484 opes
2917 1432 3040 1472 suas
3075 1420 3367 1476 detineant.
3412 1422 3537 1479 Ideo

1949 1496 2220 1550 communi
2286 1515 2383 1553 usu
2428 1502 2693 1570 dicimus,
2742 1505 2901 1561 Multa
2951 1511 3179 1578 putredo
3226 1512 3535 1574 divitiarum

1950 1587 2089 1654 apud
2140 1589 2296 1644 talem
2341 1591 2569 1648 habetur
2601 1613 2614 1649 :
2649 1612 2822 1665 neque
2847 1599 3072 1657 dicimus
3093 1645 3108 1669 ,
3149 1603 3307 1658 Multa
3339 1608 3489 1677 copia
3513 1649 3527 1673 ,

1951 1692 2172 1748 magnus
2201 1681 2501 1739 thesaurus.
2536 1685 2665 1741 Nam
2712 1689 2938 1757 putredo
2987 1701 3071 1748 est
3117 1711 3221 1750 non
3256 1700 3532 1765 possiden-

1951 1769 2078 1824 tium
2103 1772 2282 1838 modo,
2312 1775 2403 1829 sed
2435 1777 2663 1846 ipsarum
2692 1780 3015 1850 divitiarum.
3043 1783 3370 1843 Vestimenta
3392 1791 3533 1846 enim

1950 1861 2220 1916 recomlita
2267 1879 2716 1936 corrtunpuntur,
2766 1889 2953 1928 aurum
2997 1877 3232 1946 :erugine
3282 1880 3532 1946 roditur,

1951 1949 2272 2008 frumentum
2323 1972 2352 2010 a
2382 1959 2648 2015 vermibus
2690 1963 2938 2018 roditur:
2985 1969 3159 2022 anima
3206 1987 3334 2026 vero
3363 1975 3534 2042 possi-

1949 2041 2122 2136 dentis
2150 2044 2265 2113 plus
2295 2061 2451 2116 quam
2483 2061 2674 2106 caetera
2720 2055 2896 2110 omnia
2921 2060 3066 2114 curis
3107 2062 3314 2118 roditur
3355 2041 3410 2120 et
3435 2083 3534 2136 pu-

1951 2135 2154 2188 trescit.
2189 2136 2245 2191 Si
2287 2139 2418 2194 velis
2447 2144 2590 2196 avari
2620 2146 2854 2202 animam
2894 2149 2945 2203 in
2984 2153 3217 2208 medium
3244 2135 3532 2222 adducere.

1952 2227 2090 2281 sicut
2114 2231 2492 2324 vestimentum
2532 2252 2561 2288 a
2594 2239 2740 2295 mille
2765 2242 2920 2296 tineis
2947 2258 3225 2303 corrosum
3247 2290 3262 2314 ,
3293 2253 3535 2324 nihilque

1950 2333 2139 2375 sanum
2179 2322 2383 2380 habens
2409 2368 2424 2393 ,
2455 2328 2534 2383 sic
2559 2330 2796 2388 invenies
2823 2335 2969 2390 illam
2996 2354 3271 2396 corrosam
3301 2322 3536 2416 undique

1949 2415 2126 2482 curis,
2171 2420 2402 2486 peccatis
2433 2423 2734 2491 putridam,
2775 2438 2826 2481 et
2860 2431 3098 2498 aarugine
3142 2415 3528 2494 labefactatam.

1952 2507 2020 2560 At
2051 2511 2298 2579 pauperis
2338 2514 2513 2568 anima
2541 2532 2646 2570 non
2675 2519 2795 2573 talis
2821 2522 3002 2592 utique
3027 2533 3143 2591 est,
3174 2531 3418 2598 pauperis
3446 2531 3532 2585 in-

1949 2614 2106 2668 quam
2148 2600 2464 2669 voluntarii;
2494 2607 2587 2662 sed
2635 2609 2795 2680 fulget
2828 2623 2884 2666 ut
2927 2630 3156 2684 aurum,
3189 2619 3433 2688 splendet
3476 2631 3536 2677 ut

1951 2694 2256 2764 margarita,
2285 2695 2440 2752 floret
2466 2707 2523 2753 ut
2546 2715 2690 2755 rosa.
2722 2703 2838 2758 Non
2870 2704 2940 2759 ibi
2969 2708 3130 2775 tinea,
3165 2724 3268 2764 non
3301 2710 3402 2779 fur,
3428 2729 3531 2770 non

1953 2800 2078 2838 cura
2109 2788 2416 2853 su-cularis;
2451 2793 2545 2845 sed
2578 2802 2634 2846 ut
2662 2795 2836 2864 angeli
2865 2810 3269 2858 conversantur.
3302 2801 3390 2856 Vis
3413 2805 3536 2861 talis

1951 2878 2144 2932 anima:
2165 2880 2607 2949 pulchritudinem
2628 2886 2848 2942 videre?
2883 2889 2964 2944 vis
2982 2895 3303 2961 paupertatis
3323 2894 3537 2951 divitias

1951 2970 2189 3026 ediscere
2205 2973 2230 3025 1’
2253 2973 2457 3043 Pauper
2475 2991 2578 3029 non
2603 2976 2828 3047 imperat
2847 2981 3171 3048 hominibus,
3191 2984 3285 3039 sed
3309 2985 3538 3056 imperat

1952 3063 2302 3131 dmmonibus;
2323 3083 2426 3120 non
2444 3068 2615 3123 adstat
2628 3071 2762 3139 regi,
2776 3071 2867 3126 sed
2881 3073 3056 3128 adstat
3069 3075 3198 3140 Deo;
3219 3092 3321 3132 non
3342 3088 3538 3149 pugnat

1952 3173 2073 3213 cum
2107 3158 2411 3215 hominibus
2434 3199 2452 3228 ,
2483 3163 2577 3216 sed
2606 3178 2727 3218 cum
2759 3167 2996 3236 angelis;
3030 3183 3133 3223 non
3168 3171 3327 3225 habet
3355 3188 3536 3230 arcam

1955 3265 2138 3316 unam,
2169 3251 2248 3306 vel
2278 3251 2430 3319 duas,
2460 3253 2545 3308 vel
2573 3263 2702 3323 tres,
2732 3257 2814 3312 vel
2844 3259 3049 3326 viginti,
3081 3260 3173 3314 sed
3203 3271 3401 3317 tantam
3445 3281 3536 3319 re-

1957 3359 2075 3396 rum
2105 3343 2334 3411 copiam,
2381 3353 2438 3398 ut
2464 3346 2719 3402 nmndum
2750 3359 2918 3406 totum
2945 3351 3078 3407 nihil
3104 3367 3224 3408 esse
3249 3357 3538 3413 existimet.

1953 3431 2072 3487 Non
2089 3432 2248 3488 habet
2262 3432 2705 3499 thesaurum,sed
2721 3436 2934 3501 caelum;
2952 3453 3060 3490 non
3073 3447 3193 3503 eget
3208 3438 3400 3505 servis;
3423 3439 3534 3494 imo

1947 3539 2136 3580 servos
2175 3524 2353 3591 habet,
2404 3525 2572 3579 animi
2605 3530 2859 3592 morbos;
2889 3526 3051 3580 habet
3075 3542 3264 3582 servos
3287 3567 3302 3591 ,
3341 3543 3534 3598 nempe

1949 3617 2221 3687 appetitus
2238 3617 2331 3686 qui
2357 3617 2574 3687 regibus
2599 3618 2886 3687 imperant.
2913 3618 2988 3671 Illi
3014 3618 3156 3672 enim
3184 3620 3432 3672 carnales
3455 3621 3532 3674 af-

1948 3707 2143 3773 fectus,
2172 3709 2263 3778 qui
2289 3710 2369 3762 vel
2393 3725 2634 3779 purpura
2657 3710 2997 3764 circumdato
3021 3709 3311 3778 imperant,
3333 3727 3532 3781 paupe-

1948 3817 2066 3857 rem
2091 3814 2433 3868 reverentur,
2456 3811 2512 3857 et
2534 3812 2723 3857 contra
2750 3803 3021 3870 reSpicere
3041 3817 3150 3856 non
3180 3803 3403 3857 audent.
3434 3803 3534 3857 Rc-

1950 3910 2119 3965 gnum
2139 3904 2396 3949 etaurum
2417 3895 2711 3964 omniaque
2728 3895 2949 3960 similia,
2970 3905 3030 3949 ut
3053 3910 3344 3964 puerorum
3377 3897 3532 3950 ludos

1947 3987 2109 4053 ridet,
2128 3995 2181 4041 et
2199 3997 2258 4041 ut
2276 3987 2503 4054 rotulas,
2519 3988 2678 4052 talos,
2703 3988 2902 4058 capita,
2918 3988 3162 4057 spbazras
3187 3987 3287 4058 (a),
3315 3989 3390 4044 ita
3416 3988 3530 4044 haec

1948 4079 2131 4134 omnia
2159 4087 2309 4149 putat
2356 4095 2477 4134 esse
2513 4079 2844 4149 spernenda.
2869 4079 3042 4134 llabet
3072 4081 3216 4134 enim
3249 4091 3529 4146 ornatum,

1948 4187 2112 4242 quem
2130 4187 2202 4226 ne
2225 4172 2500 4241 respicere
2519 4171 2739 4240 quidem
2767 4179 2996 4240 possunt
3019 4171 3078 4236 ii,
3102 4173 3197 4241 qui
3217 4172 3530 4241 hujusmodi

1951 4263 2094 4319 ludis
2111 4271 2326 4332 tempus
2345 4272 2547 4320 terunt.
2563 4262 2704 4328 Quid
2727 4263 2892 4332 igitur
2909 4263 3010 4318 hoc
3025 4278 3264 4333 paupere
3277 4275 3534 4333 priestan-

1949 4354 2062 4410 tius
2085 4353 2286 4408 fuerit?
2309 4353 2360 4408 Is
2385 4353 2756 4424 pavimentum
2799 4352 2958 4408 habet
2995 4352 3210 4407 caelum.
3257 4351 3312 4407 Si
3348 4363 3530 4408 autem

1951 4445 2058 4501 tale
2080 4445 2456 4516 pavimentum
2482 4453 2588 4507 est,
2612 4444 2817 4514 cogites
2838 4443 2997 4496 velim
3012 4442 3156 4513 quod
3179 4451 3381 4498 tectum
3407 4443 3530 4497 crit.

1953 4537 2058 4593 Sed
2083 4553 2193 4591 non
2218 4536 2381 4591 habet
2402 4550 2572 4604 equos
2594 4545 2648 4588 et
2669 4532 2906 4588 currus?
2923 4532 3065 4599 Quid
3089 4533 3196 4588 illis
3217 4549 3354 4602 opus
3375 4533 3536 4587 habet

1953 4631 2002 4686 is
2040 4631 2134 4701 qui
2174 4629 2416 4684 nubibus
2440 4627 2718 4682 vehendus
2741 4635 2845 4692 est,
2873 4636 2927 4681 et
2956 4641 3080 4682 cum
3106 4627 3324 4681 Christo
3357 4627 3536 4680 vivet?

1955 4716 2081 4772 Haec
2121 4718 2423 4788 cogitantes
2457 4726 2512 4773 et
2544 4717 2648 4772 viri
2692 4725 2746 4771 et
2774 4717 3032 4771 mulieres
3070 4715 3192 4771 illas
3222 4733 3535 4785 quaeramus

1957 4810 2180 4866 divitias
2209 4821 2262 4865 ct
2291 4825 2474 4864 rerum
2509 4810 2724 4880 cepiam
2757 4824 2865 4863 non
2903 4809 3321 4871 absumendam,
3352 4819 3409 4862 ut
3445 4825 3534 4862 re-

1955 4917 2123 4972 gnum
2153 4902 2410 4957 caelorutn
2438 4914 2864 4970 consequamur,
2888 4898 3062 4968 gratia
3081 4906 3137 4952 et
3158 4897 3536 4954 misericordia

1960 4991 2175 5047 Domini
2210 4992 2382 5047 nostri
2411 4989 2539 5046 Iesu
2566 4989 2796 5055 Christi,
2828 4990 2918 5044 cui
2943 4989 3114 5060 gloria
3151 4999 3206 5044 et
3246 4989 3535 5059 imperium

1963 5084 2021 5139 in
2053 5085 2251 5140 saecula
2285 5085 2633 5140 saeculorum.
2664 5085 2859 5139 Amen.

2026 5268 2097 5330 ta)
2123 5268 2285 5318 Verba
2312 5268 2475 5318 Graeca
2498 5267 2576 5316 his
2601 5266 2802 5316 vocibus
2826 5266 3172 5328 respondentia
3195 5272 3326 5322 sunt,
3348 5268 3430 5330 καὶ
3454 5283 3545 5330 καί

1962 5327 2108 5394 ossae
2126 5332 2340 5394 τροχοὺς,
2369 5337 2414 5394 et
2436 5334 2489 5378 ut
2512 5332 2731 5394 rolttlas,‘
2755 5329 2836 5377 καὶ
2856 5327 3197 5394 ἀστραγάλους,
3220 5334 3266 5377 et
3289 5327 3412 5376 talos
3426 5328 3544 5394 ςλιαὶ

1962 5387 2185 5454 male;
2207 5387 2253 5443 Et
2273 5391 2464 5454 capita;
2486 5394 2567 5440 καὶ
2593 5392 2812 5454 σφαίρας,
2837 5387 3140 5454 etsp'ltteras.
3170 5392 3218 5438 In
3253 5403 3348 5454 uno
3373 5387 3544 5438 codice

1963 5452 2168 5516 legitur,
2189 5452 2571 5516 περικεφαλαίας,
2594 5452 2701 5515 pro,
2717 5452 2967 5516 ’κεφαλὰξε
2997 5452 3334 5516 κεριχεφα).αῐα
3357 5457 3544 5516 autem,

1963 5510 2496 5578 'l‘lieophrastorteste,
2522 5510 2610 5576 pro
2635 5510 2819 5576 glande
2861 5510 3076 5578 querna'_
3091 5517 3347 5578 accipitur,
3376 5520 3452 5578 et‘
3467 5510 3545 5578 sie

1965 5576 2080 5627 huic
2100 5574 2207 5628 loco
2233 5577 2388 5640 probe
2412 5574 2668 5627 notaretur
2709 5577 2804 5628 (lfr.
2831 5574 3004 5628 Adnot.
3025 5574 3188 5636 liield,
3211 5576 3271 5624 ad
3295 5589 3404 5637 pag.
3437 5574 3542 5622 $92.
