4108 6376
523 355 621 409 487

1287 350 1343 404 S.
1377 344 1651 401 .IOANNIS
1690 338 2168 400 CIIRYSOSTOMI
2208 336 2525 394 ARCHIEP.
2565 336 3100 394 CONSTANTINOP.

3691 332 3799 388 438

1599 528 1946 591 HOMILIA
1990 526 2278 587 XLVIII.
2333 524 2426 586 al.
2471 524 2703 585 XLIX.

517 691 642 741 ιῖιιιι.
690 688 778 741 15.
823 700 872 737 v.
921 683 1010 738 55.
1058 680 1123 734 Et
1163 682 1352 752 factum
1393 685 1485 739 est,
1548 688 1661 727 cum
1717 675 2107 724 consummasset

794 776 944 829 Jesns
972 772 1238 839 parabolas
1267 771 1408 832 istas,
1441 765 1669 819 transivit
1693 764 1830 816 inde.

597 871 648 924 1.
675 865 783 924 Cur
804 867 957 932 dixit,
990 862 1167 917 Istas?
1192 861 1325 929 Quia
1346 858 1479 912 alias
1505 856 1747 911 dicturus
1771 860 1904 907 erat.
1934 850 2109 920 Quare

518 963 642 1016 inde
674 957 938 1015 recessit?
981 955 1053 1011 Ut
1091 955 1315 1007 verbum
1348 950 1546 1020 ubique
1573 946 1967 1003 disseminaret.
2011 944 2100 998 54.

520 1054 581 1108 Et
614 1070 731 1109 eum
756 1050 968 1106 venisset
994 1050 1048 1101 in
1074 1046 1292 1116 patriam
1320 1059 1487 1108 suam,
1519 1040 1724 1093 docebat
1749 1054 1832 1092 eos
1872 1037 1925 1089 in
1948 1052 2105 1105 syna-

519 1163 651 1219 goga
676 1161 870 1200 eorum.
896 1140 1067 1208 Quam
1094 1146 1249 1192 vocat
1279 1134 1502 1206 patriam
1525 1130 1720 1188 suam?
1756 1129 1982 1184 Nazaret
2001 1169 2017 1192 ,
2050 1135 2108 1219 ut

519 1218 651 1294 inihi
680 1235 896 1307 quidem
918 1232 1149 1287 videtur.
1185 1227 1305 1282 Non
1332 1226 1474 1282 enim
1498 1224 1568 1277 ibi
1596 1223 1715 1293 fecit
1739 1222 1945 1275 virtutes
1972 1218 2108 1271 mul-

521 1340 599 1385 tas
627 1327 838 1401 (Matth.
871 1325 959 1380 15.
983 1322 1094 1393 58),
1123 1321 1230 1385 ait;
1277 1319 1328 1372 in
1354 1317 1685 1386 Capernaum
1715 1320 1890 1365 autem
1935 1308 2101 1362 multa

520 1424 645 1479 fecit
682 1421 866 1490 signa;
911 1423 1238 1487 quapropter
1270 1409 1521 1465 dicebat:
1551 1404 1620 1460 Et
1664 1414 1717 1459 tu
1745 1402 2065 1473 Capernaum
2089 1441 2104 1464 ,

519 1530 633 1588 qua
659 1528 817 1583 usque
854 1508 921 1562 ad
953 1507 1136 1562 uelum
1177 1503 1400 1558 exaltata
1438 1516 1492 1555 es
1514 1541 1528 1563 ,
1559 1512 1716 1567 usque
1760 1497 1826 1548 ad
1852 1497 2110 1588 infernum

521 1586 829 1661 descendes:
857 1600 1091 1666 quoniam
1121 1598 1164 1651 si
1198 1597 1251 1650 in
1280 1593 1519 1650 Sodomis
1541 1595 1688 1659 facta
1713 1588 1920 1660 fuissent
1948 1586 2109 1638 virtu-

523 1712 615 1768 tes,
642 1714 754 1767 qua
782 1697 933 1768 facta:
957 1701 1071 1748 sunt
1102 1692 1157 1744 in
1186 1701 1234 1744 te
1254 1731 1269 1754 ,
1299 1686 1598 1741 mansissent
1622 1683 1791 1752 utique
1818 1694 1975 1747 usque
2012 1677 2107 1729 ho-

522 1795 604 1847 die
633 1789 845 1862 (Matth.
881 1789 970 1843 11.
994 1785 1112 1855 25).
1143 1782 1277 1838 Cum
1324 1793 1486 1851 porro
1513 1775 1748 1830 venisset
1780 1772 1933 1833 istuc,
1959 1770 2109 1839 signa

522 1884 736 1956 quidem
766 1881 931 1937 multa
960 1893 1066 1933 non
1089 1876 1233 1941 fecit,
1257 1891 1324 1928 ne
1350 1872 1402 1927 in
1429 1870 1686 1939 majorem
1711 1866 1833 1921 illos
1859 1862 2108 1918 invidiam

524 1979 901 2041 inflammaret,
932 1987 1067 2027 neve
1094 1970 1164 2024 ob
1184 1966 1442 2037 majorem
1466 1960 1890 2017 incredulitatem
1912 1957 1967 2010 in
1989 1970 2112 2025 gra-

523 2074 726 2128 viorem
770 2065 1169 2123 damnationem
1214 2059 1531 2115 inciderent.
1586 2053 1890 2110 Doctrinam
1930 2059 2107 2103 autem

526 2165 777 2237 proponit
801 2176 908 2216 non
946 2157 1168 2213 minoris
1211 2167 1370 2223 quam
1412 2150 1563 2220 signa
1609 2142 1998 2237 admirationis.
2041 2140 2110 2194 At

523 2234 824 2314 stultissimi
872 2251 1116 2306 homines
1138 2288 1154 2312 ,
1186 2243 1401 2317 quando
1429 2239 1683 2296 admirari
1710 2278 1725 2303 ,
1765 2245 1821 2291 et
1846 2235 1915 2290 ob
1941 2234 2109 2287 dicto—

524 2363 645 2404 rum
685 2347 792 2401 vim
832 2343 1211 2410 obstupescere
1242 2350 1337 2407 par
1361 2333 1547 2389 fuisset
1573 2372 1588 2397 ,
1616 2330 1690 2385 illi
1720 2337 1903 2383 contra
1935 2325 2106 2395 ipsum

525 2439 893 2513 parvifaciunt,
942 2432 1084 2504 quod
1114 2430 1199 2484 tali
1225 2437 1374 2499 patre
1400 2434 1558 2481 natus
1584 2430 1859 2513 putaretur
1883 2439 1896 2475 :
1921 2432 2109 2488 quam-

522 2511 681 2604 quam
710 2529 872 2585 multa
898 2521 1261 2596 superioribus
1286 2516 1619 2588 temporibus
1643 2511 1887 2581 exempla
1911 2524 2109 2579 suppe-

525 2635 701 2683 terent
727 2637 912 2679 eorum
942 2619 1031 2691 qui
1064 2614 1280 2689 ignobili
1326 2623 1475 2684 patre
1502 2610 1609 2664 nati
1651 2608 1976 2663 claruerant.
2007 2604 2110 2658 Da-

524 2720 615 2775 vid
643 2718 838 2789 quippe
862 2714 1029 2771 Jessze
1055 2711 1174 2765 vilis
1201 2707 1477 2779 cujusdam
1508 2703 1756 2774 agricolae
1780 2702 1920 2754 filius
1947 2707 2062 2752 erat
2090 2714 2105 2751 :

523 2822 578 2868 et
625 2812 791 2866 Amos
837 2806 1069 2878 c-aprarii
1130 2804 1304 2868 filius,
1362 2801 1477 2870 ipse
1535 2811 1747 2867 quoque
1791 2792 2105 2862 caprarius:

523 2903 732 2975 Moyses
759 2916 887 2955 vero
920 2898 1207 2968 legislator,
1235 2894 1392 2963 longe
1412 2907 1472 2946 se
1497 2889 1752 2945 inferiore
1774 2896 1925 2957 patre
1953 2892 2108 2975 natus

523 2974 626 3051 est.
657 2994 790 3049 Cum
819 2990 1148 3061 oportuisset
1187 3001 1315 3055 ergo
1354 2983 1475 3038 ideo
1504 2981 1735 3036 maxime
1764 2975 2005 3033 venerari
2046 2974 2111 3028 il-

523 3087 631 3142 lum
661 3095 717 3141 et
736 3085 1117 3153 obstupescere
1139 3119 1155 3145 ,
1187 3076 1329 3148 quod
1359 3091 1421 3129 ex
1452 3074 1648 3128 talibus
1677 3080 1826 3125 ortus
1863 3068 1986 3122 talia
2031 3067 2109 3120 lo-

523 3187 777 3250 queretur
805 3194 818 3229 :
851 3173 1189 3228 manifestum
1216 3168 1411 3240 quippe
1435 3174 1551 3221 erat
1577 3165 1626 3218 id
1653 3178 1757 3217 non
1783 3177 1849 3216 ex
1877 3160 2108 3215 humano

522 3272 740 3337 studio,
788 3268 880 3323 sed
927 3282 991 3320 ex
1022 3264 1201 3319 divina
1243 3260 1411 3331 gratia
1453 3256 1748 3329 proficisci;
1794 3254 1918 3309 inde
1960 3254 2107 3308 illum

522 3365 845 3435 despiciunt,
876 3358 1017 3414 unde
1045 3355 1227 3411 mirari
1251 3352 1550 3424 Oportebat.
1580 3350 1910 3418 Frequenter
1931 3357 2109 3400 autem

523 3457 589 3511 ad
618 3466 913 3528 synagogas
943 3450 1071 3510 ibat,
1106 3463 1170 3501 ne
1190 3446 1235 3501 si
1265 3450 1523 3515 perpetuo
1551 3442 1602 3495 in
1628 3440 1845 3494 deserto
1868 3451 2111 3501 versare-

523 3558 631 3615 tur,
666 3547 834 3616 magis
868 3545 1209 3604 incusarent,
1255 3548 1524 3606 tamquam
1554 3531 1868 3602 frequentiae
1895 3538 1949 3584 et
1977 3529 2108 3584 civi-

526 3642 647 3698 tatis
674 3637 1054 3695 adversarium.
1084 3631 1374 3703 Stupentes
1402 3629 1563 3699 igitur
1587 3634 1642 3681 et
1669 3624 1998 3693 ambigentes
2023 3621 2110 3676 di-

525 3739 716 3793 cebant
754 3752 769 3790 :
818 3730 967 3789 Unde
994 3729 1110 3783 huic
1150 3724 1402 3796 sapientia
1448 3722 1554 3776 lucc
1581 3728 1626 3773 et
1667 3718 1914 3773 virtutes?
1950 3715 2111 3785 Signa

526 3831 751 3885 virtutes
794 3824 1088 3886 vocabant,
1131 3820 1245 3874 sive
1272 3817 1440 3886 ipsam
1486 3811 1802 3883 sapientiam
1849 3809 1985 3880 ejus.
2018 3808 2109 3863 55.

528 3923 713 3977 Nonne
742 3919 822 3973 hic
846 3927 916 3972 est
936 3914 1066 3986 fabri
1094 3909 1270 3980 ﬁlius?
1295 3908 1438 3979 Ergo
1464 3903 1776 3960 miraculum
1805 3901 1975 3972 majus
2001 3916 2115 3954 ma-

529 4015 713 4086 jorque
757 4020 960 4079 stupor.
1005 4003 1192 4059 Nonne
1226 4011 1388 4055 mater
1429 4000 1538 4071 ejus
1581 3997 1765 4050 dicitur
1810 3993 2026 4049 Maria?
2066 4000 2113 4086 et

530 4113 711 4179 fratres
740 4104 851 4173 ejus
872 4100 1095 4154 Iacobus
1122 4106 1171 4151 et
1196 4094 1344 4148 loses
1369 4134 1383 4159 ,
1425 4101 1470 4146 et
1498 4091 1677 4146 Simon
1702 4098 1750 4143 et
1776 4087 1989 4179 ludas?
2020 4085 2111 4141 56.

530 4177 576 4252 et
601 4212 797 4251 sorores
825 4193 935 4264 ejus
965 4205 1132 4244 nonne
1160 4202 1329 4240 omnes
1355 4184 1493 4253 apud
1522 4198 1613 4236 nos
1639 4180 1796 4235 sunt?
1823 4177 1971 4234 Unde
1996 4193 2114 4249 ergo

534 4292 648 4347 huic
676 4288 846 4343 omnia
870 4285 1006 4339 ista?
1031 4284 1119 4337 57.
1150 4278 1217 4334 Et
1246 4275 1720 4332 scandalizabantur
1739 4274 1793 4326 in
1820 4288 1898 4326 eo.

608 4380 817 4436 Invidia
846 4393 981 4448 saepe
999 4391 1168 4431 secum
1194 4374 1305 4441 ipsa
1329 4378 1539 4441 pugnat.
1562 4398 1633 4409 —
1654 4366 1839 4421 Viden'
1870 4365 1922 4419 in
1947 4362 2116 4419 Naza-

535 4486 619 4533 ret
644 4476 743 4529 ista
769 4472 909 4528 dicta
936 4467 1144 4523 fuisse?
1173 4464 1360 4520 Nonne
1388 4461 1583 4516 fratres
1607 4458 1743 4529 ejus,
1778 4457 1966 4525 inquit,
1998 4455 2116 4508 talis

535 4580 589 4625 et
609 4569 729 4623 talis
752 4564 919 4621 sunt?
949 4562 1018 4616 Et
1044 4559 1170 4631 quid
1201 4558 1337 4611 hoc?
1368 4556 1499 4610 Hinc
1528 4554 1756 4608 maxime
1784 4551 1935 4605 vobis
1963 4549 2029 4604 ad
2052 4549 2116 4603 fi-

534 4663 655 4716 dem
686 4657 859 4712 induci
888 4670 985 4726 par
1024 4659 1158 4706 erat.
1194 4649 1390 4704 Verum
1422 4646 1561 4702 mala
1602 4660 1689 4700 res
1715 4644 1912 4698 invidia
1935 4683 1949 4706 ,
1999 4656 2116 4711 quae

536 4753 637 4808 sibi
665 4751 762 4822 ipsi
790 4763 936 4817 smpe
966 4751 1242 4814 repugnat.
1273 4739 1404 4794 Nam
1431 4754 1549 4809 qum
1578 4735 1837 4799 inaudita,
1865 4743 1920 4787 et
1946 4732 2118 4786 admi-

537 4846 701 4902 randa
727 4849 882 4900 erant
906 4881 921 4901 .
964 4852 1189 4910 qumque
1220 4835 1340 4888 illos
1383 4830 1650 4887 attrahere
1678 4834 1919 4898 poterant
1942 4866 1958 4892 ,
2006 4825 2120 4879 hate

538 4941 644 4997 illis
688 4935 1006 4992 oll'endiculo
1035 4939 1208 4985 erant.
1240 4925 1377 4995 Quid
1419 4926 1578 4996 igitur
1601 4922 1846 4978 Christus
1883 4921 1949 4974 ad
1979 4919 2120 4975 eos?

542 5031 664 5086 Non
692 5038 763 5083 est
789 5024 1034 5098 propheta
1053 5063 1069 5089 ,
1104 5022 1311 5089 inquit,
1344 5018 1451 5071 sine
1480 5016 1669 5069 honore
1690 5055 1705 5078 ,
1734 5013 1832 5067 nisi
1873 5012 1926 5066 in
1952 5012 2122 5083 patria

541 5141 667 5190 sua,
699 5130 745 5176 et
782 5121 836 5173 in
873 5118 1023 5173 domo
1052 5132 1165 5169 sua.
1193 5112 1282 5168 58.
1331 5110 1394 5162 Et
1424 5125 1522 5162 non
1551 5108 1665 5178 fecit
1694 5107 1898 5160 virtutes
1936 5104 2125 5159 multas

543 5225 747 5286 propter
792 5207 1195 5265 incredulitatem
1238 5219 1429 5257 eorum.
1475 5200 1645 5254 Lucas
1687 5207 1862 5253 autem
1897 5198 1972 5252 ait
2012 5215 2025 5251 :
2061 5197 2125 5251 Et

544 5325 645 5363 non
672 5306 788 5376 fecit
829 5303 897 5357 ibi
924 5303 1067 5372 signa
1093 5298 1273 5352 multa.
1307 5294 1465 5364 Atqui
1497 5292 1672 5348 facere
1695 5291 2001 5357 debuisset,
2045 5291 2126 5344 in-

544 5401 717 5472 quies.
745 5396 878 5451 Nam
904 5394 947 5448 si
975 5393 1025 5446 id
1056 5396 1375 5459 assequutus
1404 5396 1486 5441 est
1513 5392 1570 5438 ut
1595 5382 1932 5437 admirationi
1960 5390 2123 5445 esset,

548 5502 606 5547 ut
632 5504 758 5546 vere
788 5486 924 5552 fuit,
952 5499 1046 5537 cur
1072 5483 1221 5551 signa
1263 5494 1366 5533 non
1399 5474 1557 5531 fecit?
1583 5475 1715 5541 Quia
1755 5489 1859 5529 non
1889 5482 2126 5528 ostenta-

546 5586 767 5644 tionem,
799 5577 894 5634 sed
919 5590 1104 5632 eorum
1134 5573 1412 5627 utilitatem
1442 5570 1496 5624 in
1523 5582 1688 5638 scopo
1723 5566 1970 5622 habebat.
1994 5565 2127 5619 Cum

550 5678 706 5748 igitur
733 5673 849 5727 haec
875 5671 955 5724 via
985 5683 1091 5723 non
1132 5663 1480 5726 succederet,
1523 5662 1591 5717 ab
1620 5676 1686 5716 eo
1712 5659 1853 5731 quod
1881 5675 1912 5714 e
1940 5676 1997 5714 re
2034 5673 2129 5712 sua

548 5780 669 5823 esse
696 5762 971 5819 videbatur
999 5757 1273 5823 abstinuit,
1298 5769 1366 5809 ne
1391 5754 1520 5823 ipsis
1547 5753 1863 5823 supplicium
1890 5761 2128 5821 augeret.

550 5860 879 5929 Quamquam
908 5860 1027 5915 post
1061 5858 1263 5907 tantum
1298 5857 1539 5919 tempus,
1568 5854 1689 5918 post
1716 5854 1792 5901 tot
1818 5845 1958 5901 edita
1985 5843 2133 5915 signa

2214 666 2280 721 ad
2310 666 2429 722 illos
2455 668 2660 722 venerit
2692 684 2706 720 :
2736 675 2791 720 at
2816 681 2989 736 neque
3020 667 3097 721 sic
3120 667 3265 720 illum
3295 668 3549 732 tulerunt,
3580 666 3686 719 imo
3717 682 3803 720 ar-

2216 759 2416 814 debant
2468 758 2683 813 invidia.
2724 758 2836 813 Cur
2873 773 3003 828 ergo
3035 774 3200 827 pauca
3243 768 3418 812 tamen
3462 757 3585 812 fecit
3612 758 3802 827 signa?

2213 850 2293 905 Ne
2320 850 2579 918 dicerent,
2611 850 2822 915 Medice,
2853 867 2977 904 cura
3002 860 3049 904 te
3071 851 3237 919 ipsum
3263 848 3411 920 (Luc.
3435 850 3489 904 4.
3521 848 3650 918 23);
3688 849 3796 913 vel,

2215 942 2464 997 Inimicus
2491 953 2674 998 noster
2714 953 2795 998 est
2822 954 2876 998 et
2906 944 3073 997 hostis
3095 984 3110 1009 ,
3141 943 3437 1011 aflinesque
3466 959 3592 998 suos
3618 943 3798 1011 despi-

2212 1036 2317 1101 cit;
2351 1051 2419 1091 ne
2444 1035 2706 1099 dicerent,
2735 1035 2789 1088 Si
2835 1034 2969 1089 facta
3002 1034 3225 1089 fuissent
3248 1033 3395 1105 signa
3417 1077 3433 1099 ,
3471 1049 3569 1089 uos
3588 1050 3799 1104 quoque

2214 1126 2646 1181 credidissemus.
2675 1125 2797 1182 Ideo
2825 1136 2877 1180 et
2903 1126 3052 1196 signa
3079 1126 3239 1193 fecit,
3276 1136 3332 1181 et
3364 1128 3472 1180 cito
3500 1124 3673 1180 facere
3699 1124 3798 1179 de-

2210 1219 2317 1283 siit;
2345 1226 2454 1272 tum
2484 1229 2540 1272 ut
2565 1234 2684 1289 quae
2712 1234 2806 1273 sua
2826 1230 2981 1274 erant
3007 1219 3283 1287 impleret;
3309 1229 3418 1273 tum
3441 1234 3509 1274 ne
3535 1219 3792 1288 majorem

2210 1311 2341 1381 ipsis
2390 1310 2784 1366 damnationem
2828 1310 3139 1366 attraheret.
3182 1312 3455 1366 Dictorum
3501 1327 3660 1381 porro
3689 1312 3797 1366 vim

2219 1404 2414 1473 cogita.
2451 1404 2623 1458 Etiam
2664 1403 2858 1458 invidia
2897 1404 3163 1473 correpti.
3203 1404 3533 1459 mirabantur
3576 1414 3795 1459 tamen:

2216 1510 2399 1549 verum
2434 1498 2570 1551 sicut
2599 1497 2651 1550 in
2679 1496 2932 1566 cperibus
2959 1512 3061 1550 non
3093 1511 3180 1552 res
3210 1497 3351 1567 ipsas
3381 1496 3795 1563 reprehendunt,

2216 1587 2309 1642 sed
2355 1603 2547 1642 causas
2586 1588 3064 1643 comminiscuntur
3104 1588 3379 1653 dicentes,
3424 1587 3492 1643 In
3521 1588 3797 1643 Beelzebub

2217 1682 2351 1752 ejicit
2398 1681 2649 1736 dwmonia
2697 1681 2847 1756 (Luc.
2892 1684 2981 1737 11.
3036 1682 3125 1753 14)
3154 1701 3167 1735 :
3200 1684 3279 1738 sie
3319 1693 3375 1738 et
3402 1683 3503 1739 hoc
3541 1684 3659 1739 loco
3690 1699 3797 1738 non

2216 1774 2510 1828 doctrinam
2531 1775 2766 1844 culpant,
2797 1773 2893 1830 sed
2920 1773 2985 1828 ad
3020 1775 3233 1844 generis
3264 1775 3642 1845 ignobilitatem
3663 1790 3797 1831 con-

2218 1864 2446 1936 fugiunt.
2482 1867 2561 1921 Tu
2589 1882 2719 1922 vero
2748 1867 2877 1923 mihi
2908 1869 3175 1937 perpende
3206 1868 3446 1923 Doctoris
3472 1869 3794 1925 moderatio-

2217 1975 2361 2023 nem,
2393 1959 2661 2029 quomodo
2688 1975 2793 2014 non
2825 1959 2947 2015 illos
2971 1961 3253 2029 vituperet,
3281 1959 3376 2015 sed
3403 1975 3522 2014 cum
3549 1976 3797 2015 mansue-

2216 2052 2400 2105 tudine
2425 2051 2587 2105 multa
2609 2051 2751 2106 dicat
2775 2068 2789 2106 :
2819 2051 2940 2106 Non
2965 2062 3037 2106 est
3067 2053 3312 2122 propheta
3335 2052 3443 2107 sine
3466 2053 3671 2117 honore,
3698 2053 3798 2107 nisi

2215 2144 2268 2196 in
2308 2144 2474 2211 patria
2511 2160 2623 2197 sua.
2669 2142 2851 2213 Neque
2892 2144 2977 2198 hic
3016 2145 3183 2209 stetit,
3216 2145 3309 2199 sed
3357 2144 3585 2215 adjecit,
3634 2144 3701 2199 Et
3741 2148 3796 2200 in

2216 2234 2365 2289 domo
2392 2250 2521 2299 sua;
2549 2234 2760 2303 fratres,
2786 2244 2845 2291 ut
2864 2237 2991 2291 mihi
3019 2237 3235 2308 quidem
3264 2238 3489 2304 videtur,
3520 2253 3645 2295 suos
3671 2240 3796 2295 sub-

2215 2328 2472 2385 indicans.

2284 2419 2342 2473 9..
2384 2420 2536 2490 Apud
2569 2421 2765 2477 Lucam
2793 2423 3041 2495 exempla
3086 2423 3308 2493 hujusce
3346 2424 3424 2480 rei
3453 2426 3673 2495 apponit
3712 2427 3794 2481 di-

2216 2526 2381 2567 cens:
2412 2513 2596 2583 Neque
2632 2514 2812 2570 Helias
2858 2516 2924 2570 ad
2965 2527 3090 2571 suos
3142 2519 3319 2584 venit,
3351 2518 3446 2573 sed
3489 2519 3555 2573 ad
3586 2520 3795 2575 viduam

2216 2607 2591 2677 alienigenam,
2624 2624 2796 2679 neque
2820 2610 2887 2664 ab
2928 2610 3122 2664 Elisaro
3150 2612 3284 2666 alius
3306 2617 3522 2666 curatus
3552 2612 3793 2681 leprosus

2214 2708 2316 2766 est,
2350 2699 2451 2754 nisi
2484 2698 2717 2755 Neeman
2742 2701 3036 2772 alienigena
3070 2701 3218 2774 (Luc.
3249 2704 3304 2757 4.
3329 2702 3419 2759 26.
3461 2703 3554 2773 27)
3581 2721 3594 2757 :
3630 2704 3796 2759 Israe-

2215 2791 2319 2845 lita:
2339 2807 2468 2846 vero
2497 2808 2594 2847 nec
2615 2793 2744 2863 quid
2772 2793 2896 2847 boni
2925 2803 3265 2864 acceperunt,
3300 2810 3398 2850 nec
3418 2796 3542 2865 quid
3571 2796 3693 2850 boni
3719 2796 3795 2849 fe-

2214 2893 2422 2947 cerunt,
2465 2885 2558 2939 sed
2595 2886 2836 2942 extranei
2887 2895 3112 2942 tantum.
3158 2886 3285 2951 Haec
3328 2902 3486 2958 porro
3514 2887 3663 2954 dicit,
3694 2889 3788 2943 im.

2216 2978 2435 3046 probam
2485 2976 2697 3031 illorum
2727 2979 3169 3033 consuetudinem
3200 2980 3358 3049 plane
3383 2979 3672 3035 ostendens
3693 3021 3710 3048 ,
3741 2989 3798 3035 et

2216 3068 2349 3123 nihil
2395 3083 2455 3123 se
2494 3069 2621 3125 novi
2666 3070 2894 3138 experiri
2924 3069 3221 3124 declarans.
3269 3069 3422 3140 (Cap.
3476 3070 3600 3141 14.)
3642 3070 3793 3126 1.1η

2213 3160 2305 3213 illo
2347 3168 2569 3230 tempore
2602 3161 2790 3214 audivit
2836 3159 3064 3215 Herodes
3108 3163 3359 3215 tetrarcha
3399 3165 3589 3234 tantum
3642 3162 3792 3217 Jesu.

2215 3251 2454 3306 Mortuus
2492 3251 2633 3306 enim
2664 3261 2780 3306 erat
2818 3252 2975 3321 hujus
3004 3260 3153 3321 pater
3177 3253 3415 3309 Herodes
3437 3295 3453 3319 ,
3482 3254 3571 3324 qui
3602 3269 3797 3323 pueros

2215 3343 2502 3398 occiderat.
2532 3344 2641 3399 Nec
2683 3345 2799 3398 sine
2838 3359 2997 3399 causa
3042 3353 3252 3414 tempus
3298 3353 3518 3399 annotat
3562 3359 3795 3415 evange-

2216 3438 2335 3492 lista
2359 3477 2375 3505 ,
2404 3438 2498 3493 sed
2530 3449 2587 3492 ut
2612 3438 2822 3510 tyranni
2856 3436 3049 3493 fastum
3080 3447 3136 3493 et
3163 3437 3536 3509 negligentiam
3564 3439 3793 3494 ediscas.

2216 3530 2398 3601 Neque
2422 3532 2563 3586 enim
2593 3533 2742 3587 initio
2783 3532 2867 3585 illa
2896 3531 3119 3599 didicit,
3148 3532 3242 3586 sed
3269 3540 3388 3601 post
3411 3532 3632 3585 multum
3664 3541 3801 3586 tem-

2216 3624 2382 3694 poris.
2426 3624 2513 3679 Sic
2537 3625 2678 3679 enim
2710 3624 2976 3694 principes
3017 3623 3210 3678 fastum
3238 3623 3458 3677 multum
3495 3638 3602 3693 pra:
3630 3639 3689 3678 se
3716 3622 3797 3679 fe-

2215 3726 2431 3780 rentes,
2479 3730 2567 3771 res
2616 3715 2922 3785 hujusmodi
2970 3716 3173 3771 tardius
3211 3715 3483 3778 ediscunt,
3533 3715 3653 3785 quia
3686 3715 3800 3770 lucc

2216 3810 2364 3879 parvi
2392 3807 2611 3864 faciunt.
2653 3808 2735 3863 Tu
2762 3823 2889 3862 vero
2916 3808 3045 3862 mihi
3078 3806 3347 3877 perpende
3387 3817 3581 3877 quanta
3619 3822 3705 3861 res
3730 3808 3800 3862 sit

2216 3902 2415 3961 virtus:
2446 3917 2568 3956 nam
2610 3902 2700 3955 ille
2729 3909 2998 3955 mortuum
3059 3900 3313 3965 timebat,
3344 3898 3569 3969 hincque
3594 3898 3660 3955 de
3684 3900 3800 3968 ejus

2216 3995 2609 4049 resurrectione
2638 3993 3134 4063 philosopliabatur.
3160 3992 3215 4046 2.
3245 3991 3390 4046 Dixit
3415 3992 3579 4058 enim,
3608 3993 3797 4062 inquit,

2219 4086 2389 4157 pueris
2413 4085 2519 4139 suis
2545 4100 2566 4139 :
2595 4083 2696 4138 Hic
2720 4094 2791 4138 est
2833 4083 3095 4147 Joannes,
3129 4099 3275 4153 quem
3304 4098 3391 4152 ego
3432 4082 3692 4151 interfeci;
3719 4083 3801 4136 hic

2218 4180 2491 4231 resurrexit
2515 4194 2547 4231 a
2586 4178 2838 4240 mortuis;
2884 4185 2932 4229 et
2960 4177 3073 4229 ideo
3099 4175 3303 4229 virtutes
3327 4184 3600 4244 operantur
3634 4174 3687 4227 in
3718 4191 3797 4229 eo.

2220 4268 2408 4323 Viden’
2430 4268 2684 4339 grandem
2729 4267 3015 4323 timorem?
3043 4266 3224 4335 Neque
3252 4266 3393 4320 enim
3427 4266 3479 4320 id
3508 4266 3561 4319 in
3589 4265 3801 4334 publico

2219 4360 2397 4415 dicere
2425 4375 2585 4414 ausus
2623 4368 2744 4426 est,
2782 4358 2875 4413 sed
2902 4357 3209 4413 domesticis
3239 4367 3443 4411 tantum
3472 4358 3581 4413 suis
3619 4357 3698 4411 sic
3724 4358 3800 4411 lo-

2220 4455 2502 4523 quebatur.
2532 4454 2782 4508 Attamen
2829 4452 2942 4506 huic
2968 4450 3194 4505 absurda
3228 4450 3411 4520 opinio
3453 4451 3677 4505 militem
3712 4466 3801 4505 sa-

2220 4548 2417 4617 piebat.
2449 4546 2598 4602 Multi
2637 4545 2779 4601 enim
2809 4552 3160 4599 surrexerunt
3185 4557 3213 4595 a
3240 4543 3467 4597 mortuis
3491 4583 3506 4607 ,
3548 4551 3602 4597 et
3645 4556 3803 4597 nemo

2221 4655 2292 4694 ex
2334 4639 2412 4693 eis
2456 4637 2744 4709 quidquam
2790 4635 3093 4706 hujusmodi
3135 4632 3279 4689 fecit.
3343 4633 3601 4689 Videntur
3645 4647 3804 4703 porro

2224 4731 2350 4785 mihi
2375 4730 2492 4785 hmc
2509 4731 2669 4784 verba
2690 4728 3034 4783 ambitionem
3055 4726 3214 4780 simul
3242 4735 3297 4781 et
3318 4727 3563 4781 timorem
3591 4739 3800 4793 sapere.

2223 4822 2312 4879 Sic
2336 4823 2531 4894 quippe
2553 4822 2727 4875 minus
2750 4822 2861 4874 sani
2890 4820 3075 4885 animi,
3103 4818 3495 4874 contrariorum
3521 4814 3804 4871 aﬂ‘ectuuin

2225 4932 2368 4987 szepe
2397 4916 2705 4971 mixtionem
2733 4914 3039 4969 admittunt.
3066 4912 3238 4968 Lucas
3258 4928 3384 4968 vero
3408 4922 3589 4967 narrat
3609 4911 3806 4966 dixisse

2226 5011 2480 5083 populum
2506 5026 2519 5062 :
2553 5008 2649 5063 Hic
2672 5016 2754 5063 est
2782 5007 2923 5061 Elias
2946 5048 2961 5072 ,
3004 5015 3096 5059 aut
3122 5005 3380 5060 Jeremias
3398 5046 3414 5071 ,
3444 5012 3535 5058 aut
3561 5017 3699 5058 unus
3740 5018 3807 5056 ex

2228 5101 2498 5157 veteribus
2525 5100 2797 5171 prophetis
2826 5100 2842 5168 (
2866 5097 2990 5151 Luc.
3016 5097 3071 5153 9.
3104 5096 3210 5169 8);
3251 5096 3339 5150 hic
3360 5110 3491 5151 vero
3517 5093 3810 5164 sapientius

2231 5204 2394 5259 quam
2449 5191 2541 5243 alii
2572 5204 2628 5244 se
2661 5191 2882 5258 putabat
2915 5192 2990 5245 ita
3020 5191 3221 5246 dicere.
3282 5189 3589 5245 Verisimile
3616 5202 3800 5244 autem

2236 5290 2321 5336 est
2376 5281 2530 5334 illum
2581 5281 2736 5334 initio
2776 5281 3016 5350 quidem,
3051 5297 3175 5335 cum
3208 5280 3450 5334 dicerent
3480 5295 3611 5334 esse
3637 5278 3805 5333 Joan-

2234 5390 2356 5429 nem
2377 5376 2523 5445 (nam
2579 5374 2731 5427 multi
2764 5374 2844 5428 sic
2885 5374 3177 5443 dicebant),
3222 5372 3271 5426 id
3304 5387 3549 5441 negasse,
3587 5381 3661 5438 et,
3694 5370 3808 5441 Ego

2234 5466 2387 5520 illum
2454 5466 2664 5531 occidi,
2731 5466 2975 5529 dixisse,
3045 5466 3111 5520 de
3157 5465 3301 5520 caede
3354 5466 3444 5520 illa
3509 5464 3809 5520 insolenter

2232 5559 2574 5629 gloriantem.
2615 5556 2730 5612 Hoc
2783 5558 2927 5612 enim
2956 5556 3173 5612 Marcus
3194 5567 3251 5611 et
3304 5556 3483 5613 Lucas
3515 5556 3805 5612 dixisseil-

2232 5652 2342 5705 lum
2393 5659 2653 5717 narrant,
2688 5649 2801 5721 Ego
2848 5648 3108 5703 Joannem
3140 5649 3415 5703 decollari.
3456 5650 3591 5704 Cum
3625 5659 3804 5703 autem

2233 5745 2378 5797 fama
2425 5743 2761 5812 prmaleret,
2804 5743 3023 5796 demum
3088 5743 3204 5811 ipse
3265 5743 3405 5797 idem
3448 5742 3623 5811 ipsum
3657 5740 3805 5811 quod

2234 5835 2327 5891 alii
2351 5834 2510 5890 dixit.
2529 5833 2731 5889 Deinde
2764 5848 2893 5890 vero
2913 5833 3201 5891 historiam
3228 5834 3375 5889 illam
3403 5834 3559 5891 nobis
3576 5848 3808 5904 evange-
