4108 6376
291 326 393 386 487

1317 342 1386 399 ΙΝ
1426 344 1843 406 ΜΛΤἸἪᾸΞΙΞΜ
1885 350 2115 406 ιιοΜιι..
2160 351 2389 420 XLVIII,
2422 355 2495 409 al.
2533 352 2717 410 XLIX.

3638 348 3754 404 £83

410 467 2071 498 ...___..___________________________

1770 601 2013 656 ΟΜΙΛΙΑ
2058 604 2198 656 MH'.

293 739 401 793 Καὶ
417 737 678 810 ἐγένετο,
707 738 805 794 ὅτε
825 741 1182 820 ,ἐτέλεσεν-ὀ
1215 747 1456 820 Ἰησοῦς
1487 749 1595 815 τὰς
1624 751 1973 820 παραϐολὰς

729 811 970 878 ταύτας,
1003 814 1257 884 μετῆρεν
1282 811 1534 872 ἐκεῖθεν.

361 905 590 974 α’.Τίνος
609 909 797 963 ἕνεκεν
818 908 960 972 εἷπε,
984 913 1241 977 auitae;
1276 915 1606 986 Ἐπειδὴκαί
1627 917 1791 983 ἄλλας
1811 917 1970 988 ἔμελ-

290 993 380 1046 λεν
403 997 569 1064 ἐρεῖν.
596 995 755 1055 Τίνος
781 995 838 1048 δὲ
867 996 1054 1049 ’ἑνεκεν
1079 997 1174 1049 καὶ
1198 997 1545 1067 μεταϐαίνει;
1572 1000 1854 1071 Πανταχοῦ
1879 1001 1971 1053 100

291 1080 446 1144 λόγον
480 1083 703 1151 σπεῖραι
741 1080 1080 1152 βουλόμενος.
1103 1081 1213 1136 Καὶ
1239 1083 1434 1138 ἐλθὼν
1463 1087 1551 1152 εἰς
1575 1085 1692 1154 τὴν
1718 1086 1974 1154 πατρίδα

291 1165 498 1221 αὐτοῦ.
529 1164 852 1218 ἐδίδασκεν
891 1164 1112 1230 αὐτοὺς
1153 1166 1222 1219 ἐν
1263 1165 1339 1234 τῇ
1383 1169 1708 1238 συναγωγῇ
1748 1170 1968 1223 αὐτῶν.

291 1248 403 1302 Καὶ
440 1247 602 1303 ποίαν
633 1248 868 1318 πατρίδα
900 1248 1066 1304 αὐτοῦ
1105 1249 1262 1303 καλεῖ
1289 1249 1422 1314 νῦν;
1469 1253 1622 1321 Ἐμοὶ
1666 1253 1832 1314 δοκεῖ,
1871 1253 1972 1323 τὴν

289 1331 567 1402 Ναζαρέτ.
602 1333 686 1386 00
723 1331 832 1402 γὰρ
876 1332 1171 1399 ἐποίησεν
1215 1334 1342 1386 ἐκεῖ
1390 1333 1676 1405 δυνάμεις
1709 1337 1968 1400 πολλὰς,

292 1415 494 1484 φησίν·
544 1417 602 1468 ἐν
656 1415 713 1469 δὲ
766 1417 1140 1487 Καπερναοὺμ
1186 1417 1409 1488 ἐποίησε
1462 1422 1699 1490 σημεῖα·
1749 1419 1831 1472 διὸ
1877 1421 1971 1472 καὶ

291 1499 466 1567 ἔλεγε·
498 1501 608 1555 Καὶ
632 1500 736 1561 σὺ.
757 1502 1174 1572 Καπερναοὺμ,
1198 1504 1236 1567 ἡ
1257 1500 1367 1565 ἕως
1393 1503 1497 1557 τοῦ
1531 1505 1792 1571 οιῖφανοῦ
1809 1507 1972 1571 ὑψω-

292 1584 484 1650 θεῖσα,
510 1584 620 1651 ἓως
645 1585 794 1650 ᾅδου
821 1585 1310 1654 καταϐιϐασθήσῃ
1327 1587 1394 1618 ⁷ο·
1428 1587 1518 1641 ὅτι
1535 1587 1972 1655 είένΣοδόμοις

289 1667 572 1738 ἐγένοντο
612 1671 672 1724 αἱ
728 1669 1015 1738 δυνάμεις
1036 1674 1094 1724 αἱ
1127 1672 1439 1740 γενόμεναι
1475 1671 1546 1724 ἐν
1573 1671 1696 1733 σοί,
1728 1669 1973 1737 ἔμειναν

289 1750 369 1805 ἂν
414 1752 591 1822 μέχρι
624 1751 732 1820 τῆς
757 1755 801 1785 τ¹
845 1753 1134 1823 σήμερον.
1179 1753 1382 1807 Ἐλθὼν
1429 1754 1486 1808 δὲ
1540 1757 1689 1816 ἐκεῖ,
1720 1754 1827 1807 τῶν
1874 1755 1973 1826 μὲν

293 1837 537 1907 σημείων
561 1836 910 1908 καθυφίησιν.
934 1836 1072 1890 ὥστε
1100 1837 1174 1908 μὴ
1199 1839 1278 1901 εἰς
1303 1836 1528 1890 πλείονα
1555 1838 1752 1900 αὐτοὺς
1779 1837 1972 1905 φθόνον

291 1919 582 1980 ἐκκαῦσαι,
615 1921 750 1992 μηδὲ
786 1923 1115 1990 κατακρῖναι
1143 1919 1426 1990 μειζόνως.
1453 1922 1549 1990 τῆς
1574 1921 1832 1985 ἀπιστίας
1852 1923 1972 1974 ἐπιο

290 2002 637 2072 τεινομένης·
681 2003 1031 2056 διδασκαλίαν
1070 2004 1128 2056 δὲ
1181 2002 1522 2074 προτείνεται
1573 2003 1682 2056 τῶν
1729 2003 1972 2074 σημείων

291 2084 393 2139 οὐκ
421 2085 642 2140 ἔλαττον
671 2086 856 2158 θαῦμα
888 2087 1132 2156 ἔχουσαν.
1162 2088 1225 2140 Οἱ
1253 2085 1362 2158 γὰρ
1391 2086 1568 2140 πάντα
1591 2086 1829 2158 ἀνόητοι,
1854 2087 1973 2140 δέον

292 2167 571 2239 θαυμάσαι
599 2171 692 2224 καί
732 2170 1075 2240 ἐκπλαγῆναι
1110 2169 1218 2223 τῶν
1249 2169 1559 2239 λεγομένων
1587 2168 1685 2240 τὴν
1717 2168 1971 2241 δύναμιν,

291 2247 436 2307 οὗτοι
485 2253 542 2307 δὲ
592 2253 900 2308 τούναντίον
939 2256 985 2288 ⁷³
1028 2253 1456 2320 ἐξευτελίζουσιν
1511 2254 1676 2308 αὐτὸν
1721 2253 1830 2307 ἀπὸ
1875 2255 1971 2308 τοῦ

290 2335 576 2401 δοκοῦντος
613 2333 751 2392 εἶναι
780 2338 988 2408 πατρός
1013 2356 1027 2369 ·
1059 2338 1302 2406 καίτοιγε
1344 2336 1517 2391 πολλὰ
1561 2337 1768 2392 τούτων
1796 2355 1973 2410 παρα-

290 2416 560 2487 δείγματα
592 2418 806 2490 ἔχοντες
841 2422 955 2482 τοῖς
986 2418 1294 2490 ἔμπροσθεν
1325 2419 1559 2488 χρόνοις,
1590 2419 1688 2472 καὶ
1719 2420 1973 2489 πατέρων

292 2501 524 2572 ἀσήμων
552 2503 832 2571 γενναίους
863 2503 1168 2574 ἑωρακότες
1213 2503 1427 2565 παῖδας.
1465 2503 1576 2557 Καὶ
1605 2503 1714 2573 γὰρ
1753 2505 1782 2556 0
1810 2504 1974 2558 Δαυῖδ

292 2584 546 2648 εὐτελοῦς
579 2602 724 2648 τινος
763 2581 832 2656 ἦν
877 2584 1124 2656 γεωργοῦ
1164 2585 1256 2639 τοῦ
1297 2585 1532 2640 Ἰεσσαί·
1583 2586 1679 2640 καὶ
1715 2589 1743 2641 ὁ
1789 2586 1974 2656 Ἀμὼς

291 2667 518 2720 αἰπόλου
549 2670 680 2731 παῖς
703 2669 750 2700 ⁷³
786 2669 878 2722 καὶ
914 2669 1076 2732 αὐτὸς
1106 2669 1352 2732 αἰπόλος·
1389 2658 1484 2723 καὶ
1521 2671 1549 2722 0
1582 2671 1823 2740 Μωῦσῆς
1854 2671 1911 2724 δὲ
1942 2672 1972 2725 0

291 2749 590 2819 νομοθέτης
633 2751 838 2820 σφόδρα
870 2751 1037 2805 αὐτοῦ
1077 2752 1374 2806 ἀποδέοντα
1420 2753 1544 2822 ἔσχε
1579 2754 1808 2824 πατέρα.
1844 2754 1974 2809 Δέον

292 2828 385 2887 οὖν
405 2833 492 2888 διὰ
518 2834 678 2888 τοῦτο
714 2835 947 2904 μάλιστα
970 2837 1298 2907 προσκυνεῖν
1325 2836 1416 2890 καί
1441 2837 1858 2908 ἐκπλήττεσθαι.
1891 2839 1974 2891 ὅτι

292 2916 549 2972 τοιούτων
570 2918 646 2972 ὢν
668 2920 716 2951 ⁷⁵
741 2918 969 2973 τοιαῦτα
994 2919 1292 2989 ἐφθέγγετο
1313 2937 1326 2950 ⁶
1357 2919 1577 2990 εὔδηλον
1605 2920 1736 2992 γὰρ.
1763 2921 1842 2975 ὅτι
1875 2922 1973 2976 οὐκ

293 2998 354 3065 ἐξ
391 3000 740 3073 ἀνθρωπίνης
784 3004 1103 3072 ἐπιμελείας
1137 2999 1237 3073 ἦν,
1273 3004 1408 3058 ἀλλὰ
1445 3004 1596 3069 θείας
1635 3004 1882 3076 χάριτος·
1924 3006 1973 3057 οἰ

293 3085 350 3138 δὲ
377 3085 426 3117 ⁷⁵
451 3086 544 3154 ἀφ’
569 3082 645 3139 ὧν
683 3086 789 3139 ἔδει
817 3084 1140 3157 θαυμάζειν,
1171 3087 1279 3141 ἀπὸ
1310 3089 1515 3141 τούτων
1542 3086 1968 3158 καταφρονοῦσι.

295 3171 544 3243 Συνεχῶς
593 3172 650 3226 δὲ
691 3176 813 3235 ταῖς
839 3172 885 3203 ⁷⁸
925 3175 1272 3240 συναγωγαῖς
1319 3174 1708 3245 ἐπιχωριάζει,
1756 3174 1842 3226 ἵνα
1897 3173 1970 3242 μὴ

293 3256 585 3320 διαπαντδς
628 3257 720 3310 ἐπὶ
767 3256 864 3325 τῆς
913 3256 1121 3326 ἐρήμου
1164 3257 1533 3326 διατρίϐοντος
1576 3256 1741 3311 αὐτοῦ
1773 3255 1974 3326 μᾶλλον

295 3339 768 3410 κατηγορήσωσιν,
793 3337 869 3401 ὡς
902 3339 1290 3409 ἀποσχίζοντος
1315 3340 1410 3394 καὶ
1438 3342 1504 3411 τῇ
1534 3339 1779 3411 πολιτείᾳ
1808 3355 1976 3408 μαχο-

301 3423 484 3493 μένου.
521 3421 982 3493 Ἐκπληττόμενοι
1006 3423 1185 3476 τοίνυν
1216 3425 1310 3476 καὶ
1341 3424 1400 3476 ἐν
1437 3423 1644 3494 ἀπορίᾳ
1676 3422 1829 3484 ὄντες
1861 3423 1976 3474 ἕλε-

296 3520 425 3571 γον·
459 3503 649 3558 Πόθεν
689 3504 838 3571 αὕτη
867 3506 904 3573 ἡ
944 3507 1130 3575 σοφία
1172 3507 1382 3576 τούτῳ,
1429 3507 1526 3560 καί
1565 3511 1622 3562 αἱ
1652 3505 1974 3574 δυνάμεις;

297 3587 417 3656 ἦτοι
456 3587 524 3640 τὰ
571 3588 770 3657 σημεῖα
812 3587 1067 3658 δυνάμεις
1117 3589 1430 3653 καλοῦντες,
1473 3591 1506 3661 ἢ
1549 3589 1641 3643 καὶ
1677 3587 1846 3658 αὐτὴν
1879 3588 1976 3658 τὴν

299 3670 512 3737 σοφίαν.
529 3672 650 3740 οὐχ
679 3666 857 3737 οὗτός
881 3671 1052 3725 ἐστιν
1078 3675 1109 3725 ὀ
1133 3673 1240 3727 τοῦ
1270 3673 1551 3738 τέκτονος
1577 3674 1704 3738 υἱός
1724 3687 1742 3735 ;
1766 3671 1976 3726 Οὐκοῦν

302 3754 486 3824 μεῖζον
534 3754 596 3806 τὸ
641 3753 848 3823 θαῦμα,
899 3755 997 3807 καὶ
1044 3754 1243 3809 πλείων
1278 3757 1322 3787 ⁷⁷
1359 3758 1390 3825 ἡ
1429 3755 1707 3825 ἔκπληξις.
1754 3755 1900 3824 Οὐχί
1935 3755 1974 3822 ἠ

295 3837 492 3908 μήτηρ
519 3835 704 3890 αὐτοῦ
747 3835 982 3904 λέγεται
1025 3835 1175 3908 [494]
1209 3839 1442 3903 Μαρίας
1489 3837 1587 3899 καὶ
1638 3839 1692 3890 οἱ
1725 3835 1978 3904 ἀδελφοὶ

298 3921 488 3976 αὐτοῦ
533 3920 802 3985 Ἰάκωϐος
835 3919 934 3974 καὶ
972 3919 1183 3988 Ἰωσῆς
1219 3921 1317 3974 καὶ
1347 3923 1544 3990 Σίμων
1580 3921 1678 3974 καὶ
1711 3919 1977 3986 Ἰούδαςξ

299 4001 398 4054 καί
436 4005 495 4056 αἰ
521 4002 774 4072 ἁδελφαί
801 4002 990 4056 αὐτοῦ
1020 4003 1156 4072 οὑχί
1194 4002 1383 4058 πᾶσαι
1418 4004 1556 4072 παρ’
1584 4002 1726 4070 ἡμῖν
1749 4002 1795 4035 ’⁸
1821 4005 1978 4064 εἰσι;

299 4089 493 4141 Πόθεν
518 4088 707 4154 τούτῳ
728 4086 1011 4152 ταῦταης
1050 4089 1157 4141 Καὶ
1178 4087 1683 4148 ἐσκανδαλίζοντο
1707 4086 1776 4140 ἐν
1795 4087 1975 4151 αὐτῷ.

384 4172 546 4241 Ὁρᾷς
579 4171 661 4224 ὅτι
705 4173 764 4224 ἐν
791 4173 855 4240 τῇ
893 4169 1149 4240 Ναζαρὲτ
1175 4170 1478 4239 διελέγετο;
1519 4171 1654 4241 Οὐχὶ
1693 4171 1912 4240 ἀδελφοὶ
1933 4171 1979 4203 ⁸⁸

301 4254 491 4319 αὐτοῦ,
523 4257 707 4326 φησὶν,
739 4257 768 4310 ὁ
803 4256 951 4310 δεῖνα
992 4255 1086 4308 καὶ
1115 4256 1144 4308 0
1191 4255 1340 4308 δεῖνά
1367 4255 1505 4320 εἰσι;
1539 4255 1650 4307 Καὶ
1695 4255 1749 4308 τί
1777 4255 1977 4321 τοῦτο;

314 4336 596 4392 Ἐντεῦθεν
624 4339 732 4409 γὰρ
767 4339 913 4408 ὑμᾶς
946 4336 1181 4407 μάλιστα
1210 4337 1291 4400 εἰς
1321 4337 1504 4389 πίστιν
1527 4336 1819 4405 ὲνάγεσθαι
1846 4335 1974 4389 ἔδει.

315 4419 479 4474 Ἀλλὰ
528 4421 639 4492 γὰρ
687 4421 921 4492 πονηρὸν
963 4421 992 4474 0
1030 4419 1256 4489 φθόνος,
1298 4420 1393 4472 καὶ
1447 4419 1624 4490 ἐαυτῷ
1663 4418 1981 4491 περιπίπτει

303 4503 586 4568 πολλάκις.
614 4505 680 4557 Ἀ
710 4505 818 4576 γὰρ
841 4500 906 4575 ἦν
932 4503 1208 4574 παράδοξα
1243 4504 1336 4556 καί
1360 4502 1672 4573 θαυμαστά,
1703 4504 1795 4556 καὶ
1821 4503 1980 4556 ἱκανὰ

301 4588 504 4650 αὐτοὺς
543 4587 970 4655 ἐφελκύσασθαι,
1011 4587 1182 4639 ταῦτα
1222 4586 1464 4649 ἐκείνους
1505 4586 1876 4650 ἐσκανδάλιζε.
1914 4586 1979 4639 Τί

300 4666 395 4724 οὖν
427 4672 456 4724 0
488 4670 721 4742 Χριστος
754 4669 888 4740 πρός
917 4668 1144 4732 αὐτούςς
1185 4669 1306 4721 Οὐκ
1341 4668 1471 4721 ἐστι
1505 4667 1836 4735 προφήτης,
1871 4686 1980 4737 φη-

304 4753 412 4815 σίν,
435 4752 665 4820 ἄτιμος,
687 4754 736 4805 εἰ
752 4751 838 4820 μὴ
860 4752 930 4804 ἐν
950 4751 1025 4819 τῇ
1048 4749 1285 4819 πατρίδι
1305 4749 1512 4813 αὑτοῦ,
1532 4750 1628 4803 καί
1649 4748 1804 4817 ὲντῇ
1823 4750 1982 4817 οἰκίᾳ

303 4835 510 4890 αὐτοῦ.
530 4836 639 4890 Καὶ
657 4837 769 4889 οὐκ
785 4836 1054 4902 ἐποίησε.
1078 4835 1211 4906 φησὶ
1232 4834 1300 4896 ⁸¹,
1323 4832 1609 4902 δυνάμεις
1626 4833 1862 4899 πολλὰς
1884 4834 1983 4888 διὰ

301 4918 418 4987 τὴν
433 4918 723 4973 ἀπιστίαν
740 4919 956 4973 αὐτῶν.
976 4919 1032 4972 '0
1054 4919 1110 4972 δὲ
1130 4919 1344 4981 Λουκᾶς
1361 4934 1514 4986 φησι·
1533 4917 1642 4970 Καὶ
1665 4918 1775 4970 οὐκ
1789 4916 1985 4983 ἐποίη-

305 5021 422 5057 σεν
446 5002 571 5056 ἐκεῖ
600 5002 820 5071 σημεῖα
852 5001 1073 5056 πολλὰ.
1119 5001 1310 5054 Καίτοι
1340 5000 1563 5071 ποιῆσαι
1606 4998 1751 5061 εἰκὸς
1783 4994 1870 5069 ἦν.
1920 4999 1982 5051 Εἰ

305 5087 415 5156 γὰρ
439 5085 501 5137 τὸ
528 5084 904 5154 θαυμάζεσθαι
944 5083 1094 5154 αὐτῷ
1125 5082 1429 5155 προεχώρει
1467 5081 1581 5152 (καὶ
1606 5081 1836 5150 γάρικαὶ
1862 5081 1981 5134 τότε

305 5169 690 5240 ἐθαυμάζετο),
732 5169 875 5228 τίνος
912 5169 1098 5222 ἕνεκεν
1147 5168 1246 5222 οὐκ
1277 5167 1566 5236 ἐποίησεν;
1590 5165 1712 5217 Ὅτι
1744 5165 1804 5218 00
1847 5163 1984 5236 πρὸς

305 5251 566 5315 ἐπίδειξιν
583 5252 776 5304 ξϐλεπε
799 5251 895 5322 τὴν
913 5250 1127 5315 ἑαυτοῦ,
1150 5249 1285 5303 ἀλλά
1303 5248 1438 5320 πρὸς
1452 5248 1512 5301 τὸ
1532 5246 1759 5310 ἐκείνοις
1783 5265 1844 5299 συ
1853 5245 1983 5318 μφέ-

307 5352 417 5408 ρον.
444 5334 647 5388 Τούτου
670 5334 849 5387 τοίνυν
884 5335 958 5404 μὴ
993 5331 1422 5405 προχωροῦντος,
1447 5331 1665 5401 παρεῖδε
1685 5330 1745 5383 τὸ
1767 5329 1983 5395 ἑαυτοῦ,

306 5419 449 5472 ὥστε
487 5420 560 5490 μὴ
596 5418 694 5489 τὴν
722 5418 944 5471 κόλασιν
974 5419 1156 5481 αὐτοῖς
1199 5416 1450 5486 αὐξῆσαι.
1479 5414 1672 5469 Καίτοι
1705 5415 1806 5486 δρα
1848 5414 1986 5484 μετά

307 5503 477 5556 πόσον
521 5502 658 5573 πρὸς
689 5502 890 5566 αὐτοὺς
929 5498 1062 5572 ἦλθε
1097 5500 1308 5573 χρόνον,
1341 5500 1438 5553 καὶ
1469 5499 1642 5570 πόσην
1669 5499 1714 5530 ⁸³
1746 5498 1985 5570 σημείων

380 5651 427 5682 το
449 5648 737 5720 καταϐήσῃ
765 5650 836 5703 Κ.
912 5650 954 5681 ⁷¹
976 5649 1076 5717 τῆς
1097 5647 1304 5720 nmLG.
1337 5645 1403 5702 Η.

310 5714 464 5782 οὗτος
503 5719 578 5792 ll._
596 5714 916 5792 Récﬁpllllly
933 5714 1154 5773 luciuur
1309 5728 1382 5792 _el
1400 5718 1648 5792 interm).

311 5808 421 5861 om3
456 5792 527 5843 K.
563 5788 621 5842 ι..
663 5860 668 5861 ί
699 5787 754 5822 ⁷⁶ί
773 5789 918 5861 ταῖς]
960 5793 1016 5842 ἐν
1047 5793 1164 5852 ταῖς
1201 5789 1265 5842 Κ.
1400 5787 1478 5856 Ep

313 5863 337 5914 1
376 5860 550 5925 Mosa.

1283 6002 1327 6033 ⁸ο
1353 5999 1419 6053 τὰ
1457 5998 1621 6052 αὑτοῦ
1645 5998 1782 6054 Mor.
1809 6001 1938 6055 Bcn.

316 6004 416 6069 Ep.
449 5999 586 6057 Mox,
609 6003 742 6071 φησὶ
770 6018 880 6056 om.
908 6003 971 6056 (Ξ.
1007 6000 1073 6055 ll.
1108 6002 1176 6054 Κ.

1485 5647 1523 5679 ⁷⁸
1551 5638 1696 5700 οὗτοι
1717 5646 1773 5700 δὲ
1791 5647 2100 5700 τούναντίον
2123 5663 2234 5700 om.
2258 5644 2322 5700 Κ.
2359 5643 2419 5697 L.
2446 5643 2546 5710 Ep.

1752 5717 1796 5748 ⁷⁸
1840 5718 1977 5770 τοιοῦ

2117 5717 2192 5769 ὢν
2222 5718 2291 5768 Η.
2331 5716 2401 5768 Κ.
2478 5715 2524 5746 ⁷⁸
2562 5714 2618 5784 οἱ,
2656 5711 2734 5784 δὲ]
2777 5712 2868 5764 καὶ
2898 5713 2960 5765 G.
2998 5715 3045 5765 οί
3087 5714 3141 5766 δὲ
3174 5711 3432 5783 xa‘c'Rc-g.
3477 5714 3597 5768 (388.
3633 5718 3677 5766 οἱ
3707 5715 3765 5767 δὲ

1573 5783 1614 5819 ⁷⁷
1649 5787 1869 5858 πλείων]
1905 5790 1992 5843 Sic
2035 5787 2099 5841 H.
2130 5789 2192 5842 K.
2223 5787 2282 5839 L.
2310 5788 2475 5858 Vulgo
2510 5783 2732 5858 μείζιυνζ

629 5860 675 5892 ⁷⁸
695 5856 1095 5925 ταῦταΓπὰντα
1144 5861 1211 5913 Κ.
1239 5858 1410 5911 ταῦτα
1443 5857 1616 5929 πάντα
1807 5856 2016 5929 Μοειιιι.

315 5929 377 5984 11⁴
410 5923 552 6000 L4).
579 5947 630 6000 p.
668 5923 982 5999 ἤνεγκανιι.
1058 5932 1102 5961 ⁸³
1135 5928 1610 6000 δύναμινιγσοφίαν
1743 5928 1803 5981 L.
1841 5923 1977 5985 I'avél

2085 5945 2149 5987 us
2179 5927 2364 5985 Vens.
2407 5923 2416 5926 ⁷
2442 5927 2483 5959 ⁸⁸
2512 5927 2656 5997 ὅμως
2688 5923 2754 5984 Η.
2786 5923 2845 5978 L.

2072 748 2336 814 ἐπίδειξιν
2358 767 2369 778 '
2403 749 2516 802 ἀλλ’
2549 750 2669 802 οὐδὲ
2705 748 2877 811 οὕτως
2911 750 3238 818 ἀνήνεγκαν,
3288 748 3424 803 ἀλλά
3467 748 3625 802 πάλιν
3664 748 3749 812 ἐξ·

2072 835 2321 888 εκαίοντο
2358 833 2435 903 τῷ
2464 833 2662 902 φθόνῳ.
2698 835 2852 897 Τίνος
2880 829 2972 887 οὖν
3003 835 3186 887 ἕνεκεν
3218 834 3312 886 καὶ
3340 834 3495 901 ὀλίγα
3526 833 3748 902 ἐποίησε

2074 916 2308 983 σημεῖα;
2334 914 2451 966 Ἵνα
2492 912 2566 983 μὴ
2604 914 2867 982 λέγωσιν·
2914 913 3120 982 Ἰατρὲ,
3165 913 3542 982 θεράπευσον
3569 931 3751 968 σεαυο

2071 999 2212 1048 τόν·
2255 998 2343 1051 ἵνα
2376 997 2450 1067 μὴ
2491 997 2711 1065 λέγωσι,
2751 996 3013 1067 Πολέμιος
3054 1000 3188 1068 ἡμῖν
3232 1000 3349 1050 ἐστι
3388 997 3482 1050 καὶ
3535 997 3750 1067 ἐχθρὸς.

2073 1081 2167 1134 καὶ
2220 1081 2347 1144 τοὺς
2387 1081 2622 1143 οἰκείους
2677 1083 2923 1150 ὑπερορᾷ
2947 1098 2958 1111 ’
2996 1081 3082 1133 ἵνα
3137 1083 3212 1151 μὴ
3259 1081 3488 1150 λέγωσιν
3514 1119 3528 1144 ,
3565 1082 3647 1132 ὃτι
3688 1082 3754 1132 Εἰ

2072 1162 2315 1232 ἐγεγόνει
2345 1165 2570 1232 σημεῖα,
2604 1163 2698 1215 καὶ
2734 1164 2894 1232 ἡμεῖς
2929 1163 3328 1233 ἐπιστεύσαμεν
3356 1164 3440 1217 ἄν.
3468 1163 3567 1216 Διά
3594 1161 3753 1214 τοῦτο

2072 1248 2167 1300 καὶ
2195 1246 2441 1316 ἐποίησε,
2464 1246 2557 1298 καὶ
2577 1245 2780 1317 ἐπέσχε
2803 1264 2815 1276 ·
2841 1251 2902 1298 τὺ
2929 1246 3048 1316 μὲν,
3071 1247 3157 1299 ἵνα
3180 1246 3242 1298 τὸ
3261 1245 3427 1298 αὑτοῦ
3450 1242 3712 1314 πληρώση
3736 1257 3750 1270 ⁸

2072 1330 2133 1384 τὸ
2167 1330 2246 1394 δὲ,
2287 1329 2375 1383 ἵνα
2411 1329 2484 1401 μὴ
2519 1329 2763 1392 ἐκείνους
2797 1328 3057 1398 μειζόνως
3100 1329 3423 1400 κατακρίνῃ.
3471 1327 3754 1395 Ἐννόησον

2071 1415 2128 1467 δὲ
2153 1413 2266 1467 τῶν
2299 1413 2610 1483 λεγομένων
2642 1412 2739 1482 τὴν
2768 1412 2998 1482 δύναμιν
3012 1413 3078 1480 ⁸³,
3103 1414 3235 1466 ὅπου
3262 1429 3327 1480 γε
3363 1411 3456 1464 καὶ
3493 1410 3598 1464 ὑπὸ
3626 1409 3754 1479 φθό-

2071 1513 2162 1550 νου
2199 1495 2556 1565 κατεχόμενοι
2582 1493 2781 1566 όμοίως
2809 1495 2857 1527 ⁸⁸
2885 1495 3215 1566 ἐθαύμαζον.
3263 1495 3403 1547 Ἀλλ’
3434 1493 3623 1563 ὥσπερ
3659 1491 3754 1544 ἐπὶ

2071 1578 2178 1632 τῶν
2207 1578 2384 1650 ἔργων
2406 1581 2467 1633 ού
2491 1580 2554 1633 τὸ
2573 1577 2866 1649 γινόμενον
2895 1580 3222 1649 μέμφονται,
3238 1578 3351 1630 ἀλλ’
3375 1579 3553 1640 αἰτίας
3585 1575 3752 1629 πλάτ-

2071 1679 2256 1716 τουσιν
2284 1663 2384 1716 οὐκ
2417 1661 2604 1726 οὔσας,
2635 1663 2914 1731 λέγοντες·
2955 1665 3051 1716 Ἐν
3086 1663 3446 1723 Βεελζεϐοὺλ
3475 1661 3755 1716 ἐκϐάλλει

2072 1745 2144 1798 τὰ
2196 1745 2502 1816 δαιμόνια·
2545 1745 2690 1800 οὕτω
2734 1747 2829 1800 καὶ
2875 1745 3130 1813 ἐνταῦθα,
3163 1747 3224 1800 οὐ
3268 1746 3366 1818 τὴν
3405 1743 3756 1799 διδασκαλίαν

2073 1827 2378 1892 αἰτιῶνται,
2431 1827 2548 1881 ἀλλ’
2593 1828 2688 1881 ἐπὶ
2730 1828 2828 1898 τὴν
2886 1827 3162 1881 εὐτέλειαν
3211 1828 3620 1897 καταφεύγουσι
3662 1825 3756 1878 τοῦ

2073 1910 2281 1978 γένους.
2302 1913 2374 1966 Σὺ
2398 1912 2454 1965 δέ
2489 1928 2578 1983 μοι
2611 1912 2802 1964 σκόπει
2827 1912 2926 1982 τὴν
2956 1913 3257 1966 ἐπιείκειαν
3283 1913 3376 1966 τοῦ
3402 1910 3754 1973 Διδασκάλου,

2074 1995 2192 2059 πῶς
2231 1996 2430 2060 αὐτοὺς
2458 1997 2556 2067 οὐχ
2589 1995 2820 2068 ὑϐρίζει,
2857 1996 2992 2050 ἀλλὰ
3031 1999 3166 2067 μετὰ
3200 1997 3400 2068 πολλῆς
3431 1997 3530 2066 τῆς
3555 1995 3755 2066 ἡμερό-

2073 2080 2234 2149 τητός
2267 2097 2464 2152 φησιν·
2514 2083 2636 2135 Οὐκ
2683 2080 2816 2134 ἔστι
2849 2081 3163 2150 προφήτης
3201 2081 3428 2150 ἄτιμος,
3468 2083 3521 2134 εἰ
3563 2080 3649 2149 μὴ
3689 2078 3759 2132 ἐν

2073 2159 2150 2230 τῇ
2175 2162 2414 2231 πατρίδι
2445 2161 2654 2216 αὐτοῦ.
2678 2163 2787 2216 Καὶ
2818 2164 2940 2216 οὐδὲ
2970 2164 3206 2217 ἐνταῦθα
3238 2163 3393 2234 ἔστη,
3415 2163 3551 2217 ἀλλὰ
3587 2177 3757 2234 προσ·

2073 2249 2263 2317 έθηκε,
2294 2246 2405 2300 Καὶ
2460 2246 2532 2299 ἐν
2568 2244 2644 2313 τῇ
2687 2247 2845 2312 οἰκίᾳ
2883 2245 3104 2300 αὑτοῦ·
3141 2247 3266 2316 ἐμοὶ
3297 2247 3447 2300 δοκεῖ
3490 2247 3584 2299 καὶ
3633 2246 3757 2307 τοὺς

2072 2332 2337 2400 ἀδελφοὺς
2353 2329 2726 2400 αἰνιττόμενος
2742 2329 2868 2392 τοὺς
2889 2328 3085 2382 ἐαυτοῦ
3106 2330 3262 2382 τοῦτο
3287 2329 3756 2402 προστεθεικέναι.

2146 2415 2210 2486 β’.
2254 2412 2343 2466 Ἐν
2369 2412 2426 2465 δέ
2456 2413 2534 2482 τῷ
2558 2413 2744 2482 Λουκᾷ
2769 2410 2866 2464 καὶ
2899 2413 3321 2484 παραδείγματα
3348 2412 3540 2466 τούτου
3573 2412 3757 2479 τίθησι

2073 2499 2269 2568 λέγων,
2302 2499 2384 2552 ὄτι
2417 2497 2539 2552 οὐδὲ
2579 2497 2769 2560 Ἠλίας
2810 2493 2942 2568 ἦλθε
2979 2497 3115 2566 πρὸς
3159 2497 3288 2560 τοὺς
3325 2496 3582 2560 οἰκείους,
3621 2496 3758 2548 ἀλλὰ

2073 2584 2210 2655 πρὸς
2239 2583 2338 2653 τὴν
2371 2580 2668 2651 ἀλλόφυλον
2699 2581 2902 2652 χήραν·
2943 2579 3064 2632 οὐδὲ
3097 2581 3228 2650 παρ’
3259 2579 3564 2633 Ἐλισσαίου
3601 2578 3758 2640 ἄλλος

2072 2683 2158 2729 τις
2191 2662 2534 2735 ἐθεραπεύθη
2571 2662 2794 2732 λεπρὸς,
2850 2662 2967 2715 ἀλλ’
3005 2662 3038 2733 ἢ
3086 2664 3114 2715 0
3151 2662 3447 2732 ἀλλόφυλος
3499 2661 3758 2731 Νεεμάν·

2087 2748 2420 2821 Ἰσραηλῖται
2441 2747 2498 2800 δὲ
2520 2745 2644 2800 οὕτε
2675 2744 2736 2800 εὖ
2767 2745 2989 2810 ἔπαθον,
3019 2745 3142 2799 οὔτε
3166 2743 3223 2800 εὖ
3253 2748 3539 2816 ἐποίησαν,
3563 2745 3678 2799 ἀλλ’
3704 2745 3756 2797 οἰ
3842 2804 3855 2818 ν

2075 2832 2237 2900 ξένοι.
2288 2831 2473 2885 Ταῦτα
2505 2831 2562 2884 δὲ
2605 2830 2772 2899 λέγει,
2811 2828 3090 2900 πανταχοῦ
3128 2829 3344 2893 δεικνὺς
3378 2831 3475 2898 τὴν
3516 2829 3760 2898 πονηρὰν

2075 2915 2256 2969 αὐτῶν
2279 2915 2590 2986 συνήθειαν,
2624 2915 2718 2967 καὶ
2756 2913 2840 2966 ὃτι
2887 2912 3040 2965 οὐδὲν
3069 2913 3156 2965 ἐπ’
3184 2911 3348 2965 αὑτοῦ
3388 2912 3598 2981 γίνεται
3635 2929 3761 2964 και-

2075 2998 2186 3052 νόν.
2233 3000 2329 3050 Ἐν
2366 2998 2578 3062 ἐκείνῳ
2615 2994 2695 3061 τῷ
2742 2995 2927 3062 καιρῷ
2965 2994 3238 3064 ἤκουσεν
3284 2995 3538 3064 Ἡρώδης
3590 2999 3622 3048 ὀ
3668 3011 3761 3047 τε-

2073 3081 2335 3151 τράρχης
2363 3082 2478 3148 τὴν
2509 3078 2706 3146 ἀκοὴν
2733 3077 2961 3146 Ἰησοῦ.
2997 3077 3054 3131 '0
3085 3078 3194 3149 γὰρ
3230 3076 3484 3148 βασιλεὺς
3512 3077 3762 3149 Ἡρώδης

2074 3168 2102 3219 0
2145 3165 2335 3219 τούτου
2365 3163 2547 3233 πατὴρ
2588 3160 2991 3226 τετελευτηκὼς
3026 3157 3116 3232 ἦν,
3147 3163 3176 3215 0
3204 3162 3275 3214 τά
3302 3162 3491 3214 παιδία
3535 3161 3758 3215 ἀνελών.

2075 3248 2188 3317 Οὐχ
2211 3246 2399 3310 άπλῶς
2422 3245 2574 3318 [495]
2604 3245 2661 3299 δὲ
2690 3246 2778 3299 τὸν
2807 3245 2998 3316 καιρὸν
3029 3245 3452 3314 ἐπισημαίνεται
3479 3246 3507 3296 0
3531 3247 3762 3312 εὐαγγε-

2073 3329 2283 3400 λιστὴς,
2313 3329 2427 3382 ἀλλ’
2459 3329 2546 3382 ἵνα
2585 3327 2764 3402 μάθῃς
2789 3327 2880 3382 τὸν
2915 3327 3083 3397 τῦφον
3126 3326 3220 3380 τοῦ
3247 3328 3512 3398 τυράννου
3539 3328 3633 3380 καὶ
3664 3327 3762 3397 τὴν

2073 3413 2384 3484 ὀλιγωρίαν.
2410 3413 2544 3466 Οὐδὲ
2567 3412 2673 3485 γάρ
2700 3414 2760 3466 ἐν
2789 3411 3100 3483 προοιμίοις
3130 3411 3301 3482 ἔμαθε
3330 3412 3398 3464 τά
3429 3412 3549 3465 κατ’
3575 3410 3762 3473 αὐτὸν,

2073 3497 2210 3551 ἀλλὰ
2245 3496 2381 3568 μετά
2439 3495 2632 3568 χρόνον
2672 3495 2922 3568 ἄπειρον.
2965 3495 3208 3548 Τοιοῦτοι
3247 3495 3357 3566 γὰρ
3390 3496 3439 3547 οί
3487 3497 3545 3547 ἐν
3599 3494 3763 3547 δυνα-

2077 3579 2284 3643 στείαις
2315 3580 2408 3632 καὶ
2434 3579 2604 3632 πολὺν
2634 3579 2723 3632 τὸν
2744 3579 2906 3648 ὄγκον
2936 3577 3426 3650 περιϐεϐλημένοι·
3463 3578 3558 3648 ὀψὲ
3589 3577 3763 3633 ταῦτα

2080 3661 2458 3733 μανθάνουσι,
2497 3662 2586 3715 διὰ
2620 3661 2681 3716 τὺ
2716 3663 2791 3734 μὴ
2843 3662 3014 3716 πολὺν
3053 3661 3236 3715 αὐτῶν
3269 3662 3538 3715 ποιεῖσθαι
3580 3662 3760 3731 λόγον.

2078 3748 2150 3800 Σὺ
2177 3745 2234 3800 δέ
2272 3763 2363 3817 μοι
2417 3746 2609 3801 σκόπει
2650 3746 2841 3818 ἡλίκον
2877 3748 2909 3817 ἡ
2956 3748 3158 3819 ἀρετή·
3188 3748 3270 3800 ὅτι
3319 3747 3412 3800 καὶ
3445 3746 3764 3817 τετελευτη-

2077 3829 2216 3883 κότα
2241 3828 2404 3882 αὐτὸν
2426 3828 2654 3892 δέδοικε,
2687 3829 2782 3880 καὶ
2807 3829 2912 3881 ὑπὸ
2933 3829 2980 3862 ⁸⁵
3009 3829 3105 3882 τοῦ
3146 3826 3313 3898 φόϐου
3344 3829 3438 3882 καὶ
3472 3829 3601 3900 περί
3630 3829 3764 3881 ἀνα-

2081 3913 2326 3975 στάσεως
2371 3910 2673 3980 φιλοσοφεῖ.
2699 3907 2851 3965 Εἷπε
2877 3912 3009 3982 γὰρ,
3044 3913 3199 3984 φησὶ,
3242 3913 3368 3979 τοῖς
3409 3913 3625 3966 παισὶν
3652 3915 3765 3967 αὐ-

2079 3995 2250 4048 τοῦ·-
2286 3989 2477 4060 Οὗτός
2527 3994 2701 4048 ἐστιν
2748 3993 3050 4063 Ἰωάννης,
3105 3995 3178 4049 ὃν
3225 3995 3338 4066 ἐγὼ
3401 3995 3761 4050 ἀπέκτεινα·

2079 4073 2256 4143 οὗτος
2309 4077 2540 4146 ἀνέστη
2593 4076 2662 4130 ἐκ
2713 4076 2832 4131 τῶν
2876 4077 3134 4146 νεκρῶν·
3193 4079 3290 4132 καὶ
3333 4077 3432 4133 διὰ
3480 4079 3657 4132 τοῦτο
3702 4080 3765 4132 al

2080 4160 2368 4230 δυνάμεις
2397 4160 2754 4230 ἐνεργοῦσιν
2776 4160 2847 4214 ἐν
2871 4160 3051 4226 αὐτῷ.
3083 4158 3239 4225 Εἶδες
3268 4161 3358 4214 τὸν
3394 4161 3558 4230 φόϐον
3584 4162 3766 4214 ἐπιτε-

2080 4247 2349 4317 ταμένως
2378 4245 2512 4297 Οὐδὲ
2551 4245 2661 4315 γὰρ
2694 4244 2816 4298 τότε
2851 4246 3088 4312 ἐξειπεῖν
3123 4247 3423 4318 ἐτόλμησεν
3464 4246 3588 4311 ἔξω,
3628 4245 3765 4299 ἀλλά

2083 4333 2176 4384 καὶ
2206 4331 2326 4385 τότε
2353 4333 2464 4392 τοῖς
2488 4330 2727 4392 οἰκέταις
2753 4329 2898 4398 λέγει
2925 4332 3036 4393 τοῖς
3060 4331 3278 4385 ἑαυτοῦ.
3315 4330 3455 4383 Ἀλλ’
3489 4332 3640 4401 ὅμως
3670 4331 3764 4382 καὶ

2083 4413 2222 4481 αῦτη
2247 4416 2280 4484 ἡ
2309 4412 2436 4478 δόξα
2477 4413 2844 4484 στρατιωτικὴ
2874 4413 2969 4466 καὶ
3009 4414 3338 4485 παράλογος.
3376 4415 3486 4468 Καὶ
3525 4415 3632 4484 γὰρ
3672 4415 3767 4467 καὶ

2087 4496 2272 4549 πολλοὶ
2295 4497 2604 4567 ἀνέστησαν
2634 4495 2740 4547 ἀπὸ
2764 4497 2995 4566 νεκρῶν,
3023 4497 3116 4549 καὶ
3147 4497 3324 4560 οὐδεὶς
3349 4497 3500 4549 οὐδὲν
3520 4496 3761 4550 τοιοῦτον

2079 4581 2394 4650 εἰργάσατο.
2429 4581 2584 4632 Δοκεῖ
2621 4579 2678 4631 δέ
2710 4595 2800 4648 μοι
2832 4581 2926 4632 καί
2963 4580 3274 4648 φιλοτιμίας
3303 4577 3440 4633 εἶναι
3473 4581 3566 4633 καὶ
3592 4581 3759 4649 φόϐου

2079 4666 2149 4718 τά
2198 4665 2440 4736 ῥήματα.
2474 4663 2727 4716 Τοιοῦτον
2766 4665 2875 4734 γάρ
2921 4665 2977 4716 αἰ
3026 4665 3213 4734 ἄλογοι
3252 4666 3454 4736 ψυχαί·
3505 4664 3764 4718 ἐναντίων

2085 4745 2231 4816 μίξιν
2279 4746 2526 4815 δέχονται
2560 4744 2751 4797 παθῶν
2803 4744 3084 4809 πολλάκις.
3122 4747 3179 4800 '0
3213 4746 3270 4799 δὲ
3320 4747 3537 4810 Λουκᾶς
3576 4763 3763 4814 φησιν,

2085 4832 2168 4884 ὅτι
2193 4829 2243 4882 οἰ
2279 4829 2425 4898 ὄχλοι
2453 4828 2658 4897 ἔλεγον·
2686 4824 2873 4892 Οὗτός
2887 4829 3057 4881 ἐστιν
3096 4830 3323 4895 Ἠλίας,
3352 4830 3389 4896 ἣ
3407 4831 3699 4898 Ἱερεμίας,
3725 4832 3764 4895 ἣ

2089 4912 2208 4967 τῶν
2227 4911 2551 4980 προφητῶν
2565 4907 2653 4977 εἷς
2672 4910 2791 4965 τῶν
2812 4912 3096 4979 ἀρχαίων·
3125 4909 3278 4976 οὗτος
3305 4915 3381 4976 δὲ,
3408 4915 3480 4977 ὡς
3501 4914 3562 4983 δή
3584 4933 3635 4967 τι
3658 4914 3766 4967 τῶν

2088 4998 2264 5052 ἄλλων
2295 4998 2604 5067 σοφώτερον
2634 4997 2827 5064 λέγων,
2865 5004 3020 5048 τοῦτο
3054 4998 3292 5067 εἴρηκεν.
3341 4999 3497 5061 Εἰκὸς
3521 4998 3574 5050 δὲ
3603 4999 3767 5051 αὑτὸν

2090 5081 2357 5152 πρότερον
2377 5081 2475 5152 μὲν
2501 5082 2637 5152 πρὸς
2653 5081 2779 5144 τοὺς
2803 5079 3058 5147 λέγοντας
3074 5080 3234 5133 αὑτὸν
3251 5075 3388 5135 εἶναι
3409 5082 3499 5135 τὸν
3515 5083 3767 5152 Ἰωάννην

2091 5164 2298 5234 (πολλοὶ
2326 5165 2436 5236 γὰρ
2462 5164 2746 5218 καὶτοῦτο
2794 5163 3014 5231 ἔλεγον)
3057 5164 3376 5232 ἀρνεῖσθαι,
3418 5165 3511 5219 καὶ
3563 5165 3764 5232 λέγειν,

2089 5247 2171 5301 ὄτι
2200 5247 2342 5317 Ἐγὼ
2382 5247 2545 5301 αὑτὸν
2578 5245 2895 5309 ἀπέκτεινα,
2933 5245 3386 5316 φιλοτιμούμενον
3413 5249 3506 5300 καί
3533 5249 3764 5319 ἐναϐρυ-

2089 5333 2337 5403 νόμενον.
2367 5332 2538 5384 Τοῦτο
2558 5332 2665 5401 γάρ
2697 5331 2793 5383 καὶ
2828 5332 2857 5382 ὀ
2892 5331 3110 5401 Μάρκος
3133 5331 3227 5383 καὶ
3259 5334 3287 5384 0
3322 5332 3537 5394 Λουκᾶς
3575 5349 3762 5402 φησιν,

2089 5416 2170 5468 ὃτι
2211 5415 2417 5484 ἔλεγεν,
2459 5416 2539 5468 ὅτι
2584 5413 2725 5482 Ἐγὼ
2757 5412 3046 5480 Ἰωάννην
3087 5414 3523 5483 ἀπεκεφάλισα.
3563 5416 3673 5485 Τῆς
3709 5415 3766 5470 δὲ

2093 5500 2282 5571 φήμης
2317 5497 2600 5570 ἀρθείσης,
2624 5496 2810 5549 λοιπὸν
2840 5497 2933 5549 καὶ
2960 5496 3122 5561 αὐτὸς
3143 5497 3210 5551 τὰ
3243 5498 3382 5551 αὐτὰ
3408 5499 3452 5529 ⁸⁵
3476 5497 3622 5567 λέγει
3655 5499 3766 5560 τοῖς

2622 5643 2829 5716 ’ξ-τξαῖς
2847 5656 2978 5716 _m_rn.
3093 5637 3472 5716 _0010g]'_o01og
3504 5643 3569 5716 Κἶ
3601 5645 3767 5707 αὐτὸς

3057 5785 3571 5870 ἡμῖν1.πρ3)ς.ἡμὶιξ
3604 5785 3664 5868 ιι-
3701 5785 3763 5839 ι»-

2795 5854 2838 5885 ⁸¹
2871 5852 3036 5978 (97101;
3059 5852 3342 5909 δίη]ίέκεῖ
3371 5852 3475 5907 li.”
3517 5858 3560 5885 ⁸³
3584 5857 3765 5907 πόσων

2795 5923 2845 5978 [ι-
2951 5925 2971 5955 ⁸
3042 5926 3110 5978 πὸ
3145 5928 3208 5982 (ἰ.
3251 5942 3303 5995 p.
3345 5941 3398 5996 p.
3425 5926 3519 5980 καὶ
3552 5941 3662 5980 om.
3699 5924 3763 5979 Κ.

2096 5861 2141 5891 ⁸ο
2174 5859 2224 5910 οἱ
2265 5857 2482 5926 ἀδελφοὶ
2513 5857 2580 5908 Κ.
2630 5855 2688 5908 L.
