4134 6372
364 327 475 383 689

361 442 596 503 πολλοῖς.
636 437 769 496 Εἶτα
819 443 911 496 καὶ
951 444 1047 515 τὴν
1093 448 1336 517 ἱστορίαν
1385 450 1519 519 ήμῖν
1565 452 1593 502 6
1643 450 2039 521 εύαγγελιστὴς

360 534 645 604 δ.ηγεῖται.
690 536 799 587 Kal
827 536 879 587 τί
911 536 1112 606 δήποτε
1154 539 1216 590 ού
1257 540 1683 610 προηγουμένως
1712 542 1883 612 αὐτὴν
1922 545 2037 595 εἱσ-

360 623 606 690 ήγαγεν;
643 614 765 676 Ὅτι
809 625 903 677 καὶ
948 624 992 655 ⁸⁷
1042 627 1074 695 ή
1122 627 1273 679 πᾶσα
1320 629 1679 697 πραγματεία
1719 630 1922 693 αὐτοῖς,
1972 630 2042 685 τὰ

360 712 488 780 περὶ
533 710 626 762 τοῦ
679 712 919 779 Χριστοῦ
952 712 1158 765 εἰπεῖν·
1192 715 1287 767 καὶ
1336 715 1488 769 οὐδὲν
1521 715 1803 770 ἐποιοῦντο
1847 717 2039 771 τούτου

361 801 643 869 πάρεργον
670 800 879 870 ἓτερον.
915 800 1055 871 πλὴν
1084 802 1133 853 εί
1168 801 1244 873 μὴ
1286 802 1447 856 πάλιν
1477 805 1555 867 είς
1583 803 1644 857 τὸ
1670 804 1803 857 αὐτὸ
1842 822 2041 858 συντε-

360 885 473 938 ὶείν
531 886 776 955 ἔμελλεν.
829 887 1038 941 Οὐκοῦν
1076 888 1186 941 οὐδ’
1226 889 1291 942 ἂν
1336 890 1433 941 νῦν
1479 891 1896 961 ἐμνημόνευσαν
1942 892 2041 961 τῆς

363 974 625 1045 ἱστορίας,
656 976 704 1026 εί
733 974 806 1044 μὴ
830 974 917 1028 διά
946 974 1038 1028 τὸν
1062 974 1315 1045 Χριστὸν,
1342 978 1435 1031 καὶ
1456 977 1544 1031 διὰ
1571 978 1632 1030 τὸ
1656 978 1834 1047 λέγειν
1871 978 2042 1050 Ἡρώ-

359 1062 479 1132 δην,
508 1065 588 1115 ὅτι
615 1062 816 1133 ἀνέστη
847 1064 1075 1127 ἐκεῖνος.
1112 1065 1171 1116 'U
1209 1065 1266 1117 δέ
1296 1063 1522 1136 Μάρκος
1564 1068 1754 1136 φησὶν,
1785 1067 1867 1120 ὅτι
1910 1067 2040 1137 σφό-

360 1148 463 1216 δρα
520 1148 681 1218 ἐτίμα
720 1149 811 1201 τὸν
854 1148 1023 1220 ἄνδρα
1075 1150 1103 1203 6
1147 1150 1413 1221 Ἥρώδης,
1454 1152 1549 1205 καὶ
1600 1152 1770 1206 ταῦτα
1822 1153 2040 1223 ἐλεγχό-

365 1251 526 1304 μενος
554 1236 619 1289 ⁸⁸.
656 1236 923 1290 Τοσοῦτον
973 1240 1118 1290 ἐστιν
1171 1239 1205 1308 ῆ
1258 1240 1450 1309 ἀρετή.
1499 1236 1631 1293 Εἶτα
1685 1241 2042 1312 διηγούμενος

361 1323 504 1376 οῦτω
534 1324 719 1392 φησίνο
761 1324 814 1376 Ὁ
846 1325 958 1393 γὰρ
986 1325 1239 1393 Ἡρώδης
1261 1327 1567 1394 κρατήσας
1598 1329 1704 1380 τὸν
1733 1328 2037 1395 Ἰωάννην,

361 1410 586 1478 ἔδησεν
614 1414 822 1476 αὐτὸν,
859 1413 957 1465 καὶ
993 1398 1159 1467 ἕθεῗο
1194 1414 1264 1465 ἐν
1290 1413 1556 1482 φυλακῇ,
1586 1415 1682 1468 διὰ
1726 1416 2042 1483 Ἡρωδιάδα

364 1498 479 1565 τὴν
514 1500 773 1568 γυναῖκα
814 1502 1115 1554 Φιλίππου
1145 1500 1250 1553 τοῦ
1280 1501 1551 1571 ἀδελφοῦ
1598 1503 1806 1557 αὐτοῦ.
1830 1506 2042 1574 Ἔλεγε

361 1588 472 1655 γὰρ
506 1586 667 1653 αὐτῷ
697 1588 726 1640 6
756 1588 1221 1655 ’Ῑωάννης·Ὀύκ
1246 1589 1451 1653 ἔξεστί
1483 1606 1582 1643 σοι
1619 1590 1786 1660 ἔχειν
1823 1593 2037 1661 αὑτήν.

363 1676 474 1728 Καὶ
504 1675 696 1729 θέλων
724 1676 912 1731 αὐτόν
945 1677 1311 1742 ἀποκτεῖναι,
1337 1677 1598 1747 ἐφοϐήθη
1622 1680 1667 1711 ⁸⁹
1695 1679 1804 1732 τόν
1829 1680 2038 1749 ὄχλον,

362 1766 452 1817 ὅτι
482 1765 562 1830 ὡς
590 1764 910 1834 προφήτην
931 1766 1120 1819 αὑτὸν
1144 1762 1332 1836 εἶχον.
1362 1770 1470 1821 Kal
1497 1768 1640 1832 τίνος
1672 1768 1860 1821 ἕνεκεν
1890 1770 2041 1822 οὐδὲν

362 1852 548 1924 ἐκείνῃ
589 1852 935 1918 διαλέγεται,
984 1839 1125 1906 ἀλλά
1168 1854 1246 1925 τῷ
1301 1855 1485 1927 ἀνδρί;
1536 1856 1659 1909 Ὅτι
1708 1857 2041 1928 κυριώτερος

362 1935 516 2003 οὗτος
543 1937 631 2012 ἦν.
664 1941 806 2011 Ὅρα
836 1941 892 1994 δὲ
933 1942 1051 2004 πῶς
1094 1942 1376 2013 ἀνεπαχθῆ
1412 1947 1640 1997 ποιεῖται
1677 1944 1776 2015 τὴν
1804 1962 2043 2016 κατηγο·

364 2028 508 2099 ρίαν,
549 2030 627 2091 ὼς
680 2029 923 2099 ἱστορίαν
970 2029 1329 2101 διηγούμενος
1374 2032 1595 2101 μᾶλλον,
1640 2032 2041 2104 ἢκατηγορίαν

361 2116 618 2183 εἰσάγων.
667 2118 975 2171 Γενεσίων
1024 2118 1092 2171 δὲ
1144 2119 1454 2188 ἀγομένων
1493 2120 1539 2153 ⁸⁸
1589 2120 1697 2174 τοῦ
1754 2120 2039 2188 Ἡρώδου.

362 2206 550 2275 φησὶν,
582 2205 899 2274 ὠρχήσατο
931 2208 969 2274 ή
1019 2207 1282 2275 θυγάτηρ
1331 2206 1444 2276 τῆς
1476 2206 1819 2274 Ἡρωδιάδος
1854 2209 1924 2261 ἐν
1962 2208 2043 2274 τῷ

362 2292 550 2361 μέσῳ,
583 2293 683 2346 καί
710 2293 895 2361 ἤρεσε
918 2292 998 2359 τῷ
1030 2294 1267 2362 Ἡρώδῃ.
1290 2295 1355 2346 Ὢ
1381 2295 1680 2364 συμπόσιον
1705 2294 2039 2349 διαϐολικόνί

361 2381 407 2432 ὦ
446 2382 673 2453 θέατρον
706 2384 995 2437 σατανικόν
1018 2384 1029 2436 ι
1060 2383 1105 2436 ὣ
1126 2385 1442 2456 παράνομος
1462 2384 1712 2455 ὄρχησις,
1735 2384 1828 2437 καὶ
1854 2384 2043 2455 μισθὸς

359 2470 636 2539 ὀρχήσεως
674 2470 1167 2542 παρανομώτεροςί
1200 2472 1360 2536 Φόνος
1393 2474 1502 2543 γάρ
1547 2476 1575 2526 6
1613 2473 1830 2525 πάντων
1867 2473 2042 2540 φόνων

361 2556 720 2626 ἐναγέστερος
765 2557 1051 2628 ἐτολμᾶτο,
1097 2559 1190 2611 καὶ
1223 2559 1251 2611 ὁ
1284 2559 1675 2627 στεφανοῦσθαι
1713 2562 1807 2613 καὶ
1834 2561 2043 2631 ἀνακη-

363 2644 653 2715 ρύττεσθαι
700 2645 851 2713 ἄξιος
921 2647 1070 2719 [496]
1116 2650 1172 2700 ἐν
1218 2649 1296 2717 τῷ
1346 2650 1496 2718 μέσῳ
1542 2650 1941 2718 κατεσφάττετο
1965 2652 2041 2684 "-

365 2737 459 2787 καὶ
484 2736 545 2788 τὸ
574 2735 680 2788 τῶν
700 2735 970 2806 δαιμόνων
996 2738 1255 2808 τρόπαιον
1289 2739 1382 2789 ἐπὶ
1404 2738 1502 2808 τῆς
1528 2738 1807 2809 τραπέζης
1836 2740 2040 2792 ἵστατο.

365 2824 476 2875 Καὶ
507 2826 534 2876 6
559 2823 758 2894 τρόπος
784 2824 840 2876 δέ
867 2825 965 2895 τῆς
992 2824 1147 2895 νίκης
1168 2825 1275 2878 τῶν
1299 2826 1605 2896 γενομένων
1631 2827 1801 2893 ἄξιος.
1840 2828 2042 2897 Ὠρχή-

362 2927 515 2964 σατο
544 2911 673 2981 γὰρ,
726 2912 911 2982 φησὶν,
949 2912 987 2978 ’ή
1029 2911 1287 2981 θυγάτηρ
1325 2910 1435 2980 τῆς
1463 2913 1810 2981 Ἡρωδιάδος
1858 2916 1927 2968 ἐν
1966 2914 2045 2981 τῷ

360 2998 546 3066 μέσῳ,
578 2998 675 3052 καὶ
697 2998 883 3066 ἤρεσε
904 2997 983 3063 τῷ
1008 2998 1431 3068 Ἠρώδῃ.”Οθεν
1445 3002 1575 3069 μεθ’
1602 3000 1782 3069 ὅρκου
1804 3000 2041 3070 ὤμοσεν

361 3085 516 3154 αὐτῇ
532 3085 743 3140 δοῦναι
764 3085 794 3141 ὃ
823 3086 899 3139 ἂν
923 3086 1260 3155 αἰτήσηται.
1280 3088 1339 3141 Ἠ
1360 3086 1427 3139 δὲ
1439 3088 1902 3155 προϐιϐασθεῖσα
1926 3088 2045 3143 ὑπὸ

362 3172 472 3241 τῆς
484 3175 730 3243 μητρὸς,
753 3176 864 3241 Δός
887 3175 1231 3244 μοι,φησὶν,
1257 3169 1372 3228 ὦδε
1386 3174 1484 3228 ἐπὶ
1515 3176 1722 3229 πίνακι
1738 3175 1854 3243 τὴν
1866 3194 2046 3245 κεφα-

364 3262 488 3328 λὴν
523 3261 803 3317 Ἰωάννου
833 3262 940 3315 τοῦ
987 3262 1349 3316 Βαπτιστοῦ.
1388 3264 1619 3316 Διπλοῦν
1666 3263 1726 3317 τὸ
1759 3262 2044 3334 ἔγκλημα,

364 3350 458 3402 καὶ
492 3351 573 3403 ὃτι
602 3350 894 3421 ὠρχήσατο
914 3391 928 3416 ,
965 3350 1059 3403 καὶ
1090 3351 1172 3403 ὅτι
1204 3351 1391 3422 ήρεσε,
1435 3351 1526 3404 καὶ
1566 3350 1737 3414 οὓτως
1779 3352 1971 3422 ’ήρεσεν
2000 3350 2045 3380 ⁹²

368 3438 446 3500 ὡς
481 3438 578 3491 καὶ
610 3438 767 3507 φόνον
793 3437 980 3491 λαϐεῖν
1012 3438 1103 3491 τὸν
1146 3439 1354 3509 μισθόν.
1388 3435 1541 3502 Εἶδες
1572 3439 1690 3502 πῶς
1719 3438 1897 3508 ώμός;
1928 3438 2046 3502 πῶς

365 3525 690 3597 ἀναίσθητος
725 3527 808 3593 ⁰³;
858 3527 975 3591 πῶς
1020 3528 1286 3598 ἀνόητος;
1322 3528 1546 3581 Ἑαυτὸν
1604 3528 1701 3599 μὲν
1742 3528 1851 3599 γὰρ
1897 3528 2045 3599 ὅρκῳ

368 3612 672 3666 ὑπεύθυνον
704 3616 881 3667 ποιεῖ’
914 3616 1129 3686 ἐκείνην
1167 3614 1224 3668 δέ
1258 3615 1453 3681 κυρίαν
1486 3615 1587 3684 τῆς
1617 3615 1885 3685 αἰτήσεως
1914 3614 2046 3666 καθ-

368 3700 598 3771 ίστησιν.
643 3701 862 3773 Ἐπειδὴ
891 3701 947 3755 δὲ
981 3698 1088 3755 εἶδε
1120 3703 1182 3754 τὸ
1226 3703 1392 3755 κακὸν
1438 3704 1519 3755 ὅτι
1554 3702 1737 3772 ἐξέϐη,
1776 3702 2042 3772 ἐλυπήθη,

368 3788 532 3859 φησί·
583 3790 826 3859 καίτοιγε
868 3790 928 3855 ἐξ
987 3791 1163 3862 ἀρχῆς
1204 3792 1393 3862 ἔδησεν
1426 3791 1473 3822 ⁸³
1519 3791 1700 3845 αὐτόν.
1749 3790 1906 3855 Τίνος
1951 3788 2045 3844 οῦν

364 3876 549 3928 ἐνεκεν
610 3877 897 3943 λυπεῖται;
950 3880 1203 3932 Τοιοῦτον
1250 3880 1284 3950 ἡ
1342 3880 1548 3949 ἁρετή;
1592 3880 1687 3932 καὶ
1734 3878 1885 3950 παρὰ
1932 3883 2046 3943 τοῖς

366 3967 557 4028 κακοῖς
591 3965 870 4037 θαύματος
903 3967 995 4019 καὶ
1027 3968 1264 4020 ἐπαίνων
1298 3966 1443 4030 ἀξία.
1478 3966 1616 4019 Ἀλλ’
1642 3966 1687 4019 ὣ
1718 3966 1819 4037 τῆς
1852 3984 2043 4037 μαινο-

366 4054 564 4123 μένηςί
599 4052 717 4106 δέον
745 4055 837 4106 καὶ
857 4054 1027 4124 αὐτὴν
1049 4055 1169 4086 ³⁸⁸³⁸
1201 4054 1521 4125 θαυμάζειν,
1552 4054 1669 4107 δέον
1699 4058 2042 4124 προσκυνεῖν,

363 4142 446 4194 ὅτι
478 4143 685 4211 ῆμυνεν
720 4141 1073 4216 ὑϐριζομένη,
1095 4144 1139 4174 ³⁷
1173 4144 1207 4213 ἡ
1237 4142 1294 4195 δὲ
1329 4145 1424 4196 καὶ
1455 4143 1957 4211 συγκατασκευάζει
1985 4144 2044 4196 τὸ

364 4230 567 4299 δρᾶμα,
605 4229 701 4282 καὶ
741 4229 942 4298 παγίδα
973 4231 1177 4301 τίθησι,
1214 4232 1308 4283 καὶ
1350 4232 1490 4284 αἰτεῖ
1532 4231 1691 4301 χάριν
1722 4232 2037 4301 σατανικήν.

374 4316 437 4370 '0
468 4316 536 4369 δὲ
553 4316 750 4370 ἔδεισε
777 4317 873 4370 διὰ
901 4318 947 4350 ⁸⁸
976 4318 1116 4384 τοὺς
1149 4318 1386 4386 ὅρκους,
1410 4319 1570 4389 φησὶ,
1594 4319 1694 4375 καὶ
1722 4319 1865 4383 τοὺς
1892 4336 2041 4373 συν-

364 4405 820 4475 ανακειμένους.
858 4406 967 4458 Kal
989 4406 1106 4469 πῶς
1142 4407 1202 4459 τὸ
1240 4407 1619 4478 χαλεπώτερον
1656 4408 1757 4461 ούκ
1794 4408 2036 4472 ἐδεισαςς

365 4492 428 4544 El
455 4492 564 4563 γὰρ
599 4492 661 4545 τὸ
708 4492 993 4563 μάρτυρας
1022 4492 1165 4563 ἔχειν
1204 4494 1489 4564 ἐπιορκίας
1530 4494 1833 4559 ἐδεδοίκεις,
1862 4495 2041 4565 πολλῴ

369 4582 565 4650 μᾶλλον
594 4581 896 4652 φοϐηθῆναι
930 4581 1097 4652 ἐχρῆν
1134 4583 1349 4653 σφαγῆς
1374 4582 1517 4635 οὕτω
1549 4584 1868 4653 παρανόμου
1900 4585 2037 4655 μάρ-

364 4685 534 4739 τυρας
572 4669 715 4740 ἐχειν
743 4669 1049 4731 τοσούτους.
1826 4720 1845 4729 η

433 4764 502 4825 γ’.
544 4757 764 4828 Ἐπειδὴ
799 4757 854 4811 δέ
886 4758 1115 4820 πολλοὺς
1140 4757 1378 4828 ἠγοῦμαι
1422 4757 1517 4811 καὶ
1557 4755 1649 4808 τοῦ
1674 4755 2036 4827 ἐγκλήματος,

362 4846 484 4898 ὅθεν
503 4848 531 4897 ὁ
548 4844 705 4914 φόνος
734 4846 778 4878 ⁹⁹
810 4845 1026 4917 ἐτέχθη,
1062 4847 1161 4916 τὴν
1205 4846 1460 4899 ὑπόθεσιν
1486 4846 1718 4913 ἀγνοεῖν,
1745 4846 2041 4913 ἀναγκαῖον

364 4935 639 4988 καὶτοῦτο
666 4935 921 5001 ἐξειπεῖν,
951 4935 1040 4989 ἴνα
1068 4936 1276 5006 μάθητε
1307 4935 1400 4988 τοῦ
1432 4934 1723 5006 νομοθέτου
1763 4935 1863 5005 τὴν
1909 4934 2037 4986 σύν-

364 5038 500 5073 εσιν.
535 5022 630 5085 Τίς
654 5018 747 5075 οῦν
780 5018 848 5093 ῆν
880 5026 908 5077 6
939 5024 1163 5085 παλαιὸς
1192 5025 1375 5094 νόμος,
1407 5022 1465 5076 ὃν
1494 5023 1841 5092 κατεπάτησε
1874 5022 1973 5092 μὲν
2012 5023 2041 5074 6

376 5110 644 5180 Ἡρώδης,
678 5110 955 5180 ἐξεδίκησε
985 5112 1039 5165 δὲ
1074 5115 1102 5165 6
1143 5113 1424 5182 Ἰωάννης;
1474 5111 1579 5163 Τοῦ
1624 5111 2044 5181 τελευτήσαντος

362 5200 587 5263 ἄπαιδος
609 5201 709 5271 τὴν
747 5204 979 5269 γυναῖκα
1008 5200 1087 5272 τῷ
1122 5200 1335 5271 ἀδελφῷ
1367 5200 1604 5253 δίδοσθαι
1650 5200 1777 5253 ἔδει.
1826 5200 2045 5269 Ἐπειδὴ

1086 332 1143 386 S.
1178 333 1461 388 JOANNIS
1499 335 1980 391 CIIRYSOS'I‘OMI
2017 337 2337 393 ANCIIIEP.
2377 337 2926 394 ('IONS'I'ANTINOP.

3721 338 3827 394 490

2140 454 2244 522 γάρ
2276 454 2705 524 ἀπαραμύθητον
2735 454 2903 506 κακὸν
2932 455 2960 505 6
2990 453 3215 515 θάνατος
3247 450 3335 525 ἦν,
3371 457 3461 509 καὶ
3484 457 3659 513 πάντα
3684 448 3819 534 ύπέρ

2140 541 2282 610 ζωῆς
2303 540 2775 610 ἐπραγματεύετο,
2823 541 3101 609 νομοθετεῖ
3130 546 3322 612 γαμεῖν
3354 544 3444 595 τὸν
3468 545 3642 609 ζῶντα
3674 550 3816 601 ἀδελ-

2141 627 2259 696 φὸν,
2295 628 2388 680 καὶ
2440 630 2526 680 ἐπ’
2553 628 2778 698 ὀνόματι
2816 628 2909 681 τοῦ
2944 628 3389 700 τετελευτηκότος
3414 633 3476 685 τὸ
3509 635 3821 706 τικτόμενον

2140 716 2321 769 καλεῖν
2340 716 2571 777 παιδίον,
2598 716 2741 770 ὥστε
2794 718 2867 790 μὴ
2898 718 3175 773 διαπεσεῖν
3206 720 3305 792 τὴν
3347 721 3524 775 οίκίαν
3548 725 3648 795 τὴν
3680 726 3820 777 ἐκεί-

2140 821 2253 857 νου.
2286 803 2349 857 Εί
2380 804 2490 875 γάρ
2520 805 2653 875 μηδὲ
2673 808 2687 837 ¹
2717 806 2913 869 παῖδας
2938 806 3129 876 ἔμελλε
3164 809 3593 879 καταλιμπάνειν
3617 814 3645 866 6
3671 830 3821 865 τετε-

2140 890 2439 962 λευτηκὼς,
2464 892 2600 962 ὅπερ
2637 892 2865 964 μεγίστη
2908 893 3003 946 τοῦ
3052 893 3280 948 θανάτου
3314 896 3429 949 ἐστὶ
3480 899 3821 969 παραμυθία,

2139 980 2437 1049 ἀνήκεστον
2478 979 2702 1049 ἔμελλεν
2757 977 2896 1035 εἶναι
2944 980 3005 1033 τὸ
3032 982 3244 1046 πένθος.
3278 982 3375 1036 Διά
3407 984 3468 1054 δὴ
3525 984 3681 1038 τοῦτο
3726 989 3821 1040 ἐπ-

2141 1069 2261 1138 ενόη
2271 1085 2326 1120 σε
2344 1068 2441 1138 τὴν
2460 1067 2784 1138 παραψυχὴν
2797 1068 3000 1139 ταύτην
3023 1072 3049 1123 6
3067 1071 3356 1141 νομοθέτης
3386 1075 3497 1136 τοῖς
3518 1074 3583 1126 ἐκ
3610 1074 3824 1141 φύσεως

2140 1156 2345 1209 παίδων
2392 1158 2894 1228 ἀπεστερημένοις,
2930 1159 3025 1212 καὶ
3078 1158 3139 1211 τὸ
3185 1159 3500 1229 τικτόμενον
3538 1162 3823 1217 ἐκέλευσεν

2140 1245 2333 1316 ἐκείνῳ
2370 1246 2701 1314 λογίζεσθαι.
2731 1249 2921 1310 Ὀντος
2949 1247 3006 1300 δὲ
3038 1248 3244 1311 παιδὸς,
3271 1249 3451 1303 οὐκέτι
3479 1252 3660 1320 ἐφεῖτο
3683 1255 3704 1286 ⁸
3732 1247 3823 1309 οὗ·

2139 1351 2230 1396 τος
2254 1335 2282 1387 6
2306 1334 2502 1403 γάμος.
2534 1334 2640 1386 Kal
2668 1334 2811 1397 τίνος
2830 1334 3043 1398 ἐνεκεν;
3078 1335 3261 1405 φησίν·
3281 1339 3329 1389 εί
3346 1336 3454 1407 γάρ
3480 1339 3651 1411 ἐτέρῳ
3674 1341 3822 1409 ἐξῆν,

2140 1421 2321 1492 πολλῷ
2352 1421 2550 1491 μᾶλλον
2602 1420 2680 1491 τῷ
2711 1421 2945 1493 ἀδελφῷ.
2984 1423 3267 1493 Οὐδαμῶς.
3308 1426 3561 1479 Βούλεται
3592 1427 3702 1498 γὰρ
3734 1430 3825 1481 ἐκ·

2138 1508 2406 1562 τείνεσθαι
2434 1509 2532 1579 τὴν
2550 1508 2888 1576 συγγένειαν,
2924 1510 3017 1562 καὶ
3048 1510 3246 1573 πολλὰς
3279 1506 3417 1563 εἶναι
3447 1513 3544 1575 τὰς
3568 1514 3825 1583 ἀφορμάς

2140 1594 2239 1663 τῆς
2260 1593 2393 1663 πρὸς
2431 1592 2691 1663 ἀλλήλους
2729 1593 3076 1655 οἱκειώσεως.
3134 1595 3285 1647 Διατί
3340 1592 3434 1648 οὖν
3470 1597 3564 1650 καὶ
3599 1597 3823 1660 ἄπαιδος

2141 1680 2585 1751 τελευτήσαντος,
2625 1682 2725 1733 ούκ
2778 1681 2935 1745 ἀλλος
2966 1682 3198 1753 ἐγάμει;
3246 1683 3368 1736 Ὅτι
3405 1685 3505 1737 οὐκ
3545 1685 3611 1739 ἂν
3650 1685 3823 1748 οὕτως

2140 1768 2401 1839 ἐνομίσθη
2433 1768 2527 1821 τοῦ
2561 1769 2886 1831 ἀπελθόντος
2916 1766 3055 1822 εἶναι
3110 1770 3172 1822 τὸ
3211 1772 3444 1825 παιδίον·
3480 1773 3598 1826 νυνὶ
3638 1773 3695 1826 δὲ
3727 1773 3822 1826 τοῦ

2137 1854 2369 1925 ἀδελφοῦ
2396 1858 2732 1927 σπείροντος,
2766 1857 2989 1909 πιθανὸν
3012 1857 3071 1909 τὸ
3102 1857 3342 1928 σόφισμα
3389 1859 3598 1927 ἐγίνετο
3632 1861 3673 1914 ⁸.
3697 1860 3822 1912 Ἀλ-

2138 1942 2246 2007 λως
2277 1962 2336 1996 τε
2362 1945 2483 1997 ούδέ
2513 1944 2760 2015 ἀνάγκην
2790 1941 2933 2015 εἶχεν
2958 1945 3144 2015 ἐτερος
3167 1945 3265 2016 τὴν
3308 1947 3482 2000 οἰκίαν
3508 1949 3699 2017 στῆσαι
3728 1948 3822 2000 τοῦ

2137 2032 2585 2102 τετελευτηκότος
2615 2032 2637 2063 ⁸
2662 2049 2675 2062 ·
2712 2024 2866 2096 οὗτος
2898 2033 2954 2086 δὲ
2977 2032 3038 2085 τὸ
3065 2033 3172 2087 ἀπὸ
3196 2034 3297 2102 τῆς
3332 2033 3649 2108 συγγενείας
3676 2033 3823 2107 [497]

2139 2118 2403 2190 ἐκέκτητο
2439 2119 2734 2189 δικαίωμα.
2788 2120 2942 2174 Ἐπεὶ
2974 2115 3066 2172 οὖν
3106 2120 3135 2172 6
3168 2119 3409 2191 Ἡρώδης
3439 2120 3649 2173 παιδίον
3676 2120 3821 2191 ἐχου-

2142 2224 2241 2261 σαν
2266 2207 2363 2279 τὴν
2388 2211 2619 2277 γυναῖκα
2649 2207 2739 2262 τοῦ
2765 2207 2998 2277 ἀδελφοῦ
3028 2208 3201 2279 ἔγημε
3224 2249 3241 2275 ,
3298 2208 3385 2261 διὰ
3414 2208 3571 2261 τοῦτο
3602 2209 3823 2277 ἐγκαλεῖ

2140 2296 2170 2349 6
2210 2297 2482 2367 Ἰωάννης,
2518 2299 2610 2351 καὶ
2635 2297 2859 2365 ἐγκαλεῖ
2893 2297 3242 2367 συμμέτρως,
3276 2295 3414 2367 μετά
3446 2297 3545 2368 τῆς
3606 2299 3823 2368 παρρη-

2143 2384 2264 2447 σίας
2284 2385 2376 2437 καὶ
2404 2384 2502 2455 τὴν
2531 2386 2832 2438 ἐπιείκειαν
2858 2384 3297 2455 ἐπιδεικνύμενος
3330 2384 3371 2439 ³.
3409 2385 3480 2438 Σὺ
3503 2385 3557 2437 δέ
3582 2402 3672 2455 μοι
3700 2385 3819 2439 σκό·

2142 2488 2254 2536 πει,
2280 2473 2427 2534 ὅπως
2455 2473 2516 2525 τὸ
2551 2473 2778 2542 θέατρον
2809 2473 2927 2526 ὅλον
2970 2472 3275 2525 σατανικόν.
3322 2471 3546 2542 Πρῶτον
3583 2473 3681 2542 μὲν
3715 2474 3823 2545 γὰρ

2144 2558 2255 2611 ἀπὸ
2312 2558 2486 2629 μέθης
2514 2561 2607 2613 καὶ
2636 2559 2847 2629 τρυφῆς
2884 2560 3245 2630 συνειστήκει.
3290 2558 3412 2612 ὅθεν
3439 2559 3589 2613 οὐδὲν
3623 2559 3689 2612 ἂν
3732 2559 3824 2628 γέ-

2142 2664 2286 2700 νοιτο
2324 2648 2493 2716 ὑγιές.
2519 2647 2802 2720 Δεύτερον,
2837 2650 2963 2712 τοὺς
2999 2647 3192 2710 θεατὰς
3217 2646 3646 2717 διεφθαρμένους
3687 2641 3822 2718 εἶχε,

2143 2736 2238 2789 καὶ
2266 2735 2358 2787 τὸν
2394 2736 2679 2806 ἑστιάτορα
2712 2736 2965 2790 ἁπάντων
3006 2734 3462 2807 παρανομώτερον
3492 2736 3531 2789 ⁸.
3561 2735 3823 2807 Τρίτον,ή

2142 2826 2330 2897 τέρψις
2363 2826 2396 2893 ἡ
2426 2824 2755 2895 παράλογος.
2812 2824 3102 2895 Τέταρτον.
3140 2827 3173 2893 ἡ
3207 2825 3369 2895 κόρη,
3401 2824 3468 2875 δι’
3492 2824 3558 2894 ἢν
3582 2825 3824 2894 παράνο-

2149 2929 2246 2982 μος
2278 2908 2345 2982 ἦν
2375 2914 2401 2964 6
2423 2912 2617 2981 γάμος,
2632 2912 2698 2982 ἢν
2730 2911 2823 2964 καὶ
2852 2911 3188 2982 κρύπτεσθαι
3211 2912 3335 2977 ἔδει,
3357 2911 3437 2974 ’ὡς
3464 2910 3824 2983 ὑϐριζομένης

2147 3002 2283 3071 αὐτῇ
2325 3001 2473 3069 ττῆς
2526 3000 2750 3071 μητρὸς,
2798 3000 3174 3071 ἐπεισέρχεται
3227 2999 3674 3069 ἐμπομπεύουσα,
3732 2998 3824 3052 καὶ

2148 3089 2352 3156 πόρνας
2385 3090 2600 3151 ἁπάσας
2621 3088 3047 3159 ἀποκρύπτουσα
3071 3091 3102 3160 ή
3128 3088 3415 3159 παρθένος.
3443 3089 3553 3141 Kal
3580 3089 3608 3140 6
3636 3086 3824 3157 καιρὸς

2145 3174 2201 3227 δὲ
2237 3176 2296 3227 ού
2336 3176 2532 3246 μικρὸν
2557 3177 2638 3237 εἰς
2689 3176 3025 3246 κατηγορίαν
3056 3175 3297 3227 συντελεῖ
3334 3178 3432 3245 τῆς
3482 3172 3824 3245 παρανομίας

2144 3263 2368 3333 ταύτης.
2406 3265 2535 3315 Ὅτε
2568 3262 2675 3333 γὰρ
2710 3263 2869 3315 αὑτὸν
2903 3264 3242 3333 εὐχαριστεῖν
3268 3263 3435 3333 ἐχρῆν
3466 3261 3545 3331 τῷ
3574 3261 3710 3331 Θεῷ,
3742 3262 3824 3313 ὅτι

2146 3350 2284 3403 κατά
2308 3351 2405 3420 τὴν
2439 3351 2650 3421 ἡμέραν
2689 3350 2904 3420 ἐκείνην
2939 3352 3018 3412 εἰς
3043 3350 3158 3420 φῶς
3196 3350 3357 3403 αὑτὸν
3389 3351 3584 3420 ἡγαγε,
3616 3349 3735 3402 τότε
3758 3347 3825 3401 τά

2146 3437 2441 3507 παράνομα
2489 3440 2670 3490 ἐκεῖνα
2698 3437 2871 3508 τολμᾷ
2900 3438 2943 3468 δ’
2970 3438 3058 3489 ὅτε
3117 3437 3277 3490 λῦσαι
3320 3438 3493 3508 ἐχρῆν
3521 3436 3823 3506 δεδεμένον,

2144 3525 2267 3577 τότε
2305 3526 2519 3596 σφαγὴν
2556 3528 2668 3588 τοῖς
2690 3525 2910 3595 δεσμοῖς
2940 3525 3315 3597 προστίθησιν.
3366 3523 3682 3587 Ἀκούσατε,
3716 3522 3825 3577 τῶν

2145 3613 2451 3681 παρθένων,
2485 3612 2683 3682 μᾶλλον
2712 3612 2768 3664 δὲ
2794 3612 2886 3666 καὶ
2915 3613 3022 3664 τῶν
3044 3612 3464 3683 γεγαμημένων,
3490 3612 3608 3665 ὅσαι
3638 3614 3694 3664 ἐν
3714 3612 3827 3672 τοῖς

2140 3694 2347 3770 ἐτέρων
2376 3700 2574 3770 γάμοις
2606 3699 2830 3752 τοιαῦτα
2864 3701 3194 3771 ἀσχημονεῖν
3238 3699 3621 3770 καταδέχεσθε,
3678 3698 3827 3753 ἁλλό·

2148 3803 2304 3856 μεναι
2332 3788 2426 3841 καὶ
2451 3788 2721 3859 πηδῶσαι,
2776 3788 2868 3842 καὶ
2895 3789 2994 3860 τὴν
3024 3790 3207 3859 κοινὴν
3234 3788 3689 3859 καταισχύνουσαι
3722 3786 3825 3857 φύ-

2148 3891 2250 3927 σιν.
2291 3875 2584 3929 Ἀκούσατε
2613 3877 2728 3941 καὶ,
2760 3876 2971 3948 ἄνδρες,
3000 3877 3114 3929 ὅσοι
3141 3878 3209 3929 τὰ
3236 3877 3503 3946 πολυτελῆ
3544 3876 3820 3945 συμπόσια

2144 3966 2239 4018 καὶ
2267 3966 2436 4038 μέθης
2462 3967 2701 4037 γέμοντα
2728 3966 2973 4020 διώκετε·
3014 3967 3107 4020 καὶ
3132 3966 3344 4019 δείσατε
3369 3965 3462 4018 τοῦ
3492 3965 3736 4018 διαϐόλου
3763 3965 3827 4018 τὸ

2148 4054 2438 4128 βάραθρον.
2498 4056 2608 4108 Kal
2653 4056 2759 4127 γὰρ
2791 4055 2933 4109 οὕτω
2958 4055 3101 4109 κατά
3135 4055 3333 4123 κράτος
3381 4048 3489 4106 εἷλε
3527 4053 3618 4107 τὸν
3644 4052 3825 4107 ἄθλιον

2146 4143 2353 4195 ἐκεῖνον
2381 4143 2525 4209 τότε,
2553 4144 2629 4205 ὼς
2661 4144 2856 4214 ὀμόσαι
2881 4144 2975 4197 καὶ
3006 4142 3075 4196 τὰ
3106 4142 3278 4213 ἡμίση
3314 4141 3497 4195 δοῦναι
3544 4143 3643 4212 τῆς
3671 4142 3827 4211 βασι-

2146 4229 2317 4293 λείας.
2350 4230 2517 4282 Τοῦτο
2541 4230 2651 4299 γὰρ
2676 4232 2704 4283 6
2752 4232 2977 4301 Μάρκος
3008 4234 3192 4301 φησὶν,
3223 4232 3306 4283 ὅτι
3332 4232 3592 4300 Ὤμοσεν
3645 4227 3822 4296 αὐτῇ,

2147 4316 2237 4369 ὅτι
2267 4317 2297 4370 ὃ
2316 4314 2435 4377 ,ἐάν
2455 4334 2533 4386 με
2560 4316 2850 4385 αἰτήσῃς,
2879 4316 3049 4370 δώσω
3096 4332 3217 4382 σοι,
3263 4316 3373 4382 ἕως
3404 4317 3665 4385 ἡμίσους
3713 4314 3825 4382 τῆς

2140 4408 2463 4473 ,βασιλείας
2508 4426 2647 4477 μου.
2682 4406 2949 4461 Τοσούτου
2977 4408 3075 4478 τὴν
3104 4408 3278 4479 ἀρχὴν
3310 4409 3535 4478 ἐτιμᾶτο
3563 4409 3661 4477 τὴν
3695 4408 3821 4459 ἐαυ-

2144 4496 2260 4561 τοῦ,
2300 4496 2443 4550 οῦτω
2490 4496 2745 4563 καθάπαξ
2781 4496 3122 4566 αἰχμάλωτος
3157 4497 3260 4548 ὑπὸ
3289 4494 3383 4549 τοῦ
3438 4494 3645 4559 πάθους
3702 4495 3824 4562 ἐγέ-

2146 4602 2266 4639 νετο
2295 4586 2337 4648 ³,
2374 4584 2448 4646 ὡς
2476 4584 2542 4636 δι’
2573 4584 2797 4655 ὄρχησιν
2823 4584 2991 4653 αὐτῆς
3021 4585 3438 4657 παραχωρῆσαι.
3476 4584 3586 4636 Kal
3614 4582 3666 4635 τί
3696 4583 3823 4635 θαυ-

2151 4672 2363 4741 μάξεις,
2392 4672 2440 4723 εἰ
2472 4671 2593 4724 τότε
2624 4671 2797 4725 ταῦτα
2820 4671 3029 4739 ἐγίνετο
3060 4672 3123 4735 ¹⁰,
3161 4674 3294 4725 ὅπου
3316 4688 3379 4740 γε
3414 4671 3505 4725 καὶ
3534 4671 3648 4734 νῦν,
3685 4670 3823 4741 μετὰ

2144 4759 2415 4829 τοσαύτην
2454 4759 2787 4827 φιλοσοφίαν,
2847 4758 3123 4828 ὀρχήσεως
3169 4760 3353 4811 ἐνεκεν
3386 4759 3494 4812 τῶν
3527 4758 3824 4829 μαλακιζο-

2152 4847 2328 4916 μένων
2350 4846 2553 4899 τούτων
2575 4846 2710 4899 νέων
2759 4846 2943 4899 πολλοὶ
2991 4847 3085 4900 καὶ
3109 4848 3208 4910 τάς
3236 4847 3411 4915 ψυχὰς
3440 4845 3619 4899 αύτῶν
3650 4845 3823 4897 ἐπιδι-

2146 4933 2350 4995 δόασιν,
2387 4932 2506 4986 οὐδέ
2531 4933 2774 5003 ἀνάγκην
2804 4933 3016 5004 ἔχοντες
3046 4934 3239 5004 ὃρκου;
3280 4932 3414 4986 Ὑπὸ
3444 4932 3552 5005 γὰρ
3582 4932 3679 5003 τῆς
3708 4932 3823 5003 ήδο-

2149 5022 2247 5091 νῆς
2284 5020 2617 5091 αἰχμάλωτοι
2651 5021 2962 5091 γινόμενοι,
3026 5021 3278 5093 καθάπερ
3312 5020 3628 5091 βοσκήματα
3660 5019 3820 5087 ἀγον-

2148 5127 2259 5174 ται,
2286 5104 2431 5182 ᾗπερ
2461 5108 2527 5161 ἂν
2560 5109 2590 5160 6
2618 5107 2777 5172 λύκος
2805 5108 2966 5181 σύρῃ.
3003 5111 3068 5162 Ὃ
3115 5110 3179 5182 δὴ
3230 5111 3324 5163 καὶ
3354 5110 3476 5162 τότε
3510 5109 3745 5178 ἔπασχεν
3792 5105 3822 5155 ὁ

2152 5196 2442 5270 παραπλῆξ
2480 5197 2707 5262 ἐκεῖνος,
2748 5196 2838 5250 δύο
2870 5198 2939 5251 τὰ
2988 5197 3188 5269 ἔσχατα
3211 5200 3251 5229 ¹¹
3281 5198 3729 5269 παραφρονήσας,
3762 5197 3821 5248 τό

436 5293 479 5324 ⁸⁷
512 5292 607 5366 καὶ
655 5308 766 5346 οιη.
794 5291 866 5366 Κ.
886 5293 948 5348 L.
973 5294 1177 5366 αὐτοῖς]
1203 5289 1418 5366 αόιίεῆν
1446 5292 1512 5347 H.
1538 5293 1636 5366 EQ.
1672 5292 1959 5366 Y_ulgatym
1991 5296 2040 5346 αί

2138 5292 2155 5345 5
2192 5293 2359 5366 εοίιιεΔ
2380 5298 2558 5366 ιιιις-ιιιιτ
2588 5288 2686 5366 β..-
2730 5290 2775 5322 ⁸⁸
2797 5290 3175 5366 ἐλεγχόμενος]
3210 5288 3634 5366 ιιάό.-ύπξαύτοῦ

365 5364 486 5418 Mox
513 5365 660 5416 ἐστιν
694 5365 900 5434 οω.ηΚ.
934 5365 1103 5419 Paulo
1133 5362 1255 5434 p'usl
1281 5362 1423 5417 οῦτω
1461 5362 1659 5418 0m.L.
1688 5364 1786 5432 Ep.

364 5436 412 5467 9°
458 5434 765 5503 γενομένων
782 5433 845 5487 G.
921 5434 965 5465 ⁹¹
1006 5433 1373 5488 κατείκόπτετο
1394 5434 1456 5489 Κ.
1484 5434 1546 5488 L.
1624 5435 1668 5467 “
1698 5435 1791 5487 καὶ
1831 5433 2003 5497 οὕτως

1862 5364 1906 5395 ⁸⁸
1960 5365 2206 5432 ἐφοϐεῖτο
2241 5362 2305 5415 G.
2344 5360 2612 5432 ἐφοβήθη]
2635 5359 2786 5413 ἔθετο
2816 5362 2871 5432 ἐν
2901 5359 3301 5432 δεσμωτηρίῳ·
3329 5359 3529 5432 ἐφοὸήθ

2038 5434 2233 5504 ἤρεσεν
2255 5430 2486 5504 Din-.11.-
2519 5430 2609 5504 lt-g
2655 5432 2703 5504 ’ἲ
2730 5431 3051 5504 ἀναέῖοητος
3074 5432 3116 5503 ;]

3607 5359 3716 5429 γὰρ
3748 5358 3815 5411 Η.

3162 5430 3287 5485 add.
3337 5430 3453 5493 πῶς
3478 5430 3732 5500 μαλακὸς,
3746 5430 3815 5480 Κ.

368 5498 609 5575 μαλακὸς
641 5520 739 5573 pro
781 5504 1104 5574 ἀναίσθητος
1138 5507 1296 5559 habet
1327 5505 1385 5560 L.
1463 5506 1509 5536 ’δ
1533 5504 1732 5556 ἔδεισεν
1760 5504 1823 5557 Κ.
1848 5505 1940 5558 Ge.
2019 5506 2038 5536 ⁸

368 5576 565 5623 κιρίιιὶι
588 5577 638 5623 in
666 5574 733 5623 (ἶ.
760 5575 878 5623 δέον
905 5579 1251 5623 προσκυνεῖν-
1294 5576 1414 5623 δέον
1445 5577 1539 5623 καὶ
1581 5575 1743 5623 αὑτὸν
1784 5574 2040 5623 θαυμάζει

2138 5505 2189 5556 al
2210 5501 2408 5623 αὑτὴνὲ
2428 5500 2517 5553 Sic
2547 5499 2611 5554 Η.
2646 5501 2808 5553 αὑτὸν
2839 5498 2971 5555 Edd.
3008 5498 3263 5557 Clallsula
3298 5498 3491 5582 δέον..ί
3518 5498 3819 5570 θαυμάζειν

2138 5576 2187 5623 ς.
2222 5573 2267 5623 6.
2295 5589 2354 5623 π.
2415 5613 2427 5623 .
2465 5572 2557 5623 καὶ
2591 5570 2889 5623 θαυμάζειν
2919 5573 3079 5623 αὑτὸν
3101 5571 3163 5623 L.
3240 5573 3283 5603 ⁹⁷
3317 5572 3510 5623 lucum
3542 5574 3709 5623 codex
3743 5570 3815 5623 M.

363 5573 565 5646 excidi;
588 5577 638 5627 in
666 5574 733 5629 G.
760 5575 878 5646 δέον
905 5573 1251 5646 προσκυνεῖν,
1294 5576 1414 5646 δέον
1445 5577 1539 5628 καὶ
1581 5575 1743 5628 αὑτὸν
1784 5574 2040 5646 θαυμάζει

2138 5576 2187 5626 ί.
2222 5573 2267 5627 δ.
2295 5589 2354 5624 π.

2415 5613 2427 5625 .
2465 5572 2557 5624 καὶ
2591 5570 2889 5639 θαυμάζειν
2919 5573 3079 5625 αὑτὸν
3101 5571 3163 5627 L.
3240 5573 3283 5603 ⁹⁷
3317 5572 3510 5639 Incipit.
3542 5574 3709 5624 codex
3743 5570 3815 5623 M.

364 5647 409 5724 ’f'
445 5644 709 5724 6lijnadli.
760 5644 869 5715 γὰρ
1000 5645 1511 5724 συνανακειμένους]
1563 5646 1687 5724 adi.
1732 5641 1983 5724 ἐκέλευσε
2015 5645 2040 5697 6

2138 5661 2235 5723 ιναι
2259 5659 2381 5724 alus.
2412 5644 2664 5724 ἁμερίῳ
2686 5645 2942 5724 ail'lmegp
2970 5659 3019 5724 v_.
3278 5641 3726 5724 cum‘Uonossg.
3761 5650 3818 5724 ει

364 5720 516 5771 Anu.
540 5711 783 5776 Ἑιιιιειιι,
816 5711 1035 5784 μτωίίκυ
1061 5716 1152 5769 καὶ
1176 5711 1333 5769 habél
1359 5717 1420 5768 Ι-Ι.
1449 5711 1511 5769 Ιιῖ
1536 5734 1584 5768 ν.
1624 5714 1690 5768 12
1722 5716 1922 5784 πτῶμα
1949 5731 2040 5782 pro

2138 5711 2238 5783 ὂμα
2271 5713 2430 5766 habet
2461 5711 2523 5767 L.
2601 5713 2646 5784 Ῡθ
2676 5712 2866 5784 φθόνος
2891 5712 2955 5765 G.
2999 5713 3058 5766 Ι...
3082 5713 3151 5766 Μ.
3182 5718 3333 5784 Ann.
3412 5714 3428 5743 ¹
3466 5716 3599 5782 μήτε
3634 5712 3708 5784 Μ.
3741 5711 3819 5782 μὴ

368 5787 431 5840 ϐ.
536 5786 787 5855 ’ἐφίεται
817 5781 883 5840 C.
910 5786 1103 5855 ἠφίετο
1150 5786 1226 5839 Μ.
1305 5788 1325 5816 ³
1356 5786 1570 5853 ἐγένετο
1595 5784 1651 5838 ι..
1693 5781 1899 5848 "Amo;
1919 5786 1975 5839 δέ
2010 5784 2072 5837 ι..
2101 5781 2172 5836 ML
2250 5784 2270 5813 ⁵
2297 5784 2496 5855 στῆσαι
2536 5783 2629 5835 τοῦ
2658 5781 2795 5853 τετ.]
2820 5784 3132 5855 ,ἀναστῆσαι
3161 5783 3271 5855 τὴν
3288 5781 3497 5855 ἐκείνου
3534 5784 3609 5855 Μ.
3732 5781 3818 5855 6y?-

368 5851 713 5929 δεικνύμενος
758 5855 823 5910 ll.
1039 5857 1361 5929 ἀτιμότερον
1378 5851 1726 5929 G.__Allerulu
1763 5865 1988 5929 Διυοιιῐιιι·
2021 5856 2040 5929 ί

2140 5851 2412 5929 ηιμ-Μυκ
2446 5856 2480 5922 ἡ
2520 5864 2646 5929 ante
2684 5851 2992 5929 παράλογος
3014 5851 3124 5929 ὸιιι.
3406 5852 3611 5929 [αὐτῇ
3646 5851 3816 5929 αὐτῆς

371 5927 428 6009 ξι.
461 5927 533 5980 Μ.
556 5921 675 5997 ’ριν-
707 5944 821 6009 Eam
847 5926 948 6009 ρο.
976 5921 1215 6009 μητρὲ]
1243 5921 1345 6009 _a;dd
1452 5926 1507 5979 δέ
1536 5926 1631 6009 καὶ
1657 5925 1883 6009 (ihs-av:
1921 5925 2040 5977 Paul

2138 5921 2233 6009 ξύει
2254 5921 2688 6009 ,ἐκπρμπεύουρα
2712 5921 2786 6009 ‘GL
2814 5921 2876 5975 K.
2912 5923 3011 6008 Μ..
3060 5925 3080 5955 ⁸
3113 5926 3375 6009 τολμῇται
3396 5925 3461 5982 G.
3670 5922 3817 5975 λύειν

372 5998 432 6050 L.
458 6009 510 6051 el
533 6014 675 6053 corr.
708 5997 771 6051 Η.

847 6000 867 6028 ⁹
902 5994 1108 6064 ἐγίνετο
1141 5994 1213 6050 (Ξῖ
1240 5996 1305 6049 H.
1340 5994 1530 6065 γέγονε
1557 5999 1629 6049 Κ.
1706 5996 1748 6026 ³ο
1789 5996 2005 6063 ἐγένετο
2040 5994 2174 6048 Edd.

2254 5995 2294 6024 “
2328 5994 2582 6063 αἴσχιστα
2615 5993 2749 6047 Ειίιι.
2776 6010 2829 6064 p.
2864 6010 2916 6063 p.
2946 5995 3021 6065 τῷ
3041 6014 3099 6049 τε
3132 5993 3218 6053 bis
3245 5996 3317 6051 Μ.
