4108 6376
403 335 504 388 ιεθ

402 456 519 509 lisla
550 463 750 509 narrat.
783 455 851 511 Et
876 470 971 510 cur
993 470 1097 511 non
1122 454 1262 509 illam
1287 455 1654 525 prmmiserat?
1682 455 1815 521 Quia
1846 454 1900 507 in
1923 469 1989 508 eo

402 555 546 601 totus
570 558 707 614 erat,
735 558 791 601 ut
819 546 1014 601 Christi
1044 558 1191 617 gesta
1217 546 1549 602 describeret
1574 588 1589 611 ,
1634 547 1873 615 nihilque
1896 561 1987 601 ex-

400 649 482 691 tra
513 654 622 692 rem
651 640 995 707 evangelista:
1023 638 1317 702 dicebant,
1357 639 1458 692 nisi
1510 637 1563 692 id
1593 639 1660 692 ad
1686 637 1988 692 institutum

397 744 552 784 suum
585 730 895 786 referretur.
920 730 1034 785 Non
1056 746 1184 801 ergo
1204 730 1342 785 hanc
1362 730 1638 784 historiam
1664 744 1991 785 commemo-

397 834 609 880 rassent
631 867 647 888 ,
681 826 783 880 nisi
813 835 1034 895 propter
1058 824 1326 880 Christum
1351 865 1367 890 ,
1412 833 1468 879 et
1492 823 1591 879 nisi
1631 823 1871 879 Herodes
1908 823 1989 878 di-

397 920 569 973 xisset
606 917 865 973 Joannem
916 917 1294 974 resurrexisse.
1336 917 1545 972 Marcus
1592 915 1742 987 (Cap.
1786 916 1839 971 6.
1891 915 1987 987 9.0)

398 1026 527 1065 vero
565 1011 640 1065 ait
675 1009 935 1066 Joannem
967 1026 1158 1080 magno
1200 1010 1251 1064 in
1284 1010 1484 1065 honore
1522 1009 1687 1065 fuisse
1712 1008 1851 1079 apud
1882 1008 1986 1063 He-

396 1106 605 1171 rodem,
651 1105 858 1160 etiamsi
902 1104 991 1161 hic
1033 1104 1102 1158 ab
1133 1104 1222 1159 illo
1247 1104 1673 1173 redargueretur.
1705 1101 1872 1156 Tanta
1900 1116 1987 1157 res

395 1204 480 1251 est
500 1196 687 1250 virtus.
712 1194 916 1250 Deinde
941 1210 1161 1250 narrare
1184 1194 1263 1249 sic
1291 1194 1464 1264 pergit
1488 1212 1501 1247 :
1529 1194 1584 1249 5.
1611 1191 1836 1247 Herodes
1853 1192 1986 1246 enim

395 1304 515 1340 cum
541 1288 777 1341 tenuisset
809 1285 1101 1349 Joannem,
1130 1287 1305 1355 ligavit
1332 1302 1444 1339 eum
1464 1327 1478 1348 ,
1509 1294 1557 1337 et
1596 1284 1765 1353 posuit
1789 1285 1841 1337 in
1868 1299 1984 1336 car-

395 1396 561 1432 cerem
592 1388 799 1449 propter
822 1377 1169 1432 Herodiadem
1195 1393 1404 1430 uxorem
1430 1374 1663 1445 Philippi
1689 1375 1864 1446 fratris
1882 1374 1980 1427 sui.

395 1472 451 1525 ι.
482 1470 692 1524 Dicebat
716 1470 850 1523 enim
894 1470 973 1523 illi
998 1468 1225 1523 Joannes
1248 1483 1267 1521 :
1294 1465 1415 1521 Non
1444 1466 1557 1521 licet
1585 1467 1673 1519 tibi
1702 1466 1885 1519 habere
1921 1466 1986 1519 il-

395 1563 521 1615 lum.
556 1562 607 1617 5.
642 1560 707 1613 Et
725 1562 895 1615 volens
922 1577 1035 1615 eum
1064 1560 1365 1627 interﬁcere,
1395 1560 1563 1611 timuit
1593 1557 1843 1620 turbam‘,
1866 1558 1985 1628 quia

394 1655 523 1706 sicut
556 1653 853 1722 prophetam
883 1669 996 1705 eum
1023 1650 1290 1705 habebant.
1322 1650 1433 1704 Cur
1460 1666 1567 1705 non
1600 1650 1980 1715 Ilerodiadem,

394 1745 489 1799 sed
521 1745 666 1799 illum
692 1744 1015 1815 alloquitur?
1061 1745 1194 1813 Quia
1236 1744 1537 1814 praecipuus
1566 1744 1655 1797 ille
1681 1752 1817 1798 erat.
1853 1743 1984 1798 Vide

392 1838 665 1906 quomodo
687 1838 1085 1892 accusationem
1117 1838 1291 1890 minus
1317 1850 1599 1890 onerosam
1628 1836 1804 1901 faciat,
1837 1836 1907 1889 ita
1927 1846 1984 1889 ut

394 1930 615 1984 historia
639 1930 815 2000 potius
840 1946 999 1999 quam
1029 1929 1299 1984 accusatio
1330 1926 1578 1982 videatur
1606 1941 1748 1982 esse.
1779 1927 1831 1982 6.
1856 1927 1983 1982 Cum

389 2032 561 2086 autem
588 2022 822 2074 natalitia
854 2019 1076 2074 Herodis
1104 2027 1376 2089 agerentur
1394 2060 1409 2085 ,
1438 2018 1642 2073 saltavit
1669 2018 1779 2087 ﬁlia
1810 2017 1980 2073 Hero-

388 2113 561 2167 diadis
588 2115 643 2167 in
668 2114 835 2167 medio
859 2155 873 2179 ,
919 2122 966 2166 et
995 2113 1188 2182 placuit
1223 2110 1437 2165 Herodi.
1462 2111 1507 2166 Ο
1534 2112 1833 2165 convivium
1862 2111 1979 2165 dia-

391 2206 657 2259 bolicum!
690 2222 722 2260 o
752 2205 1017 2260 theatrum
1049 2204 1379 2259 satanicum!
1412 2219 1445 2257 o
1477 2204 1710 2274 iniquam
1740 2204 1979 2258 saltatio-

390 2315 549 2363 nem,
599 2314 663 2353 ac
704 2298 1009 2354 mercedem
1052 2298 1351 2352 saltationis
1402 2296 1740 2367 iniquiorem.
1791 2294 1979 2352 Catdes

387 2392 535 2445 enim
562 2391 799 2453 omnium
846 2389 1222 2445 scelestissima
1252 2388 1603 2458 peragebatur
1624 2428 1639 2453 ,
1670 2395 1727 2442 et
1762 2388 1851 2457 qui
1890 2403 1981 2443 co-

388 2484 569 2538 ronari
616 2492 672 2537 et
713 2484 973 2538 celebrari
1013 2483 1349 2547 merebatur,
1396 2482 1447 2535 in
1495 2481 1671 2535 medio
1707 2481 1979 2551 jugulatus

386 2585 473 2630 est
520 2593 533 2628 :
580 2574 881 2630 daemonum
934 2584 1192 2643 tropzeum
1238 2574 1290 2628 in
1337 2587 1519 2628 mensa
1567 2581 1803 2628 erectum
1857 2573 1975 2627 fuit.

387 2668 639 2723 Victoriae
666 2667 855 2723 modus
879 2666 1091 2721 caeteris
1118 2666 1284 2737 gestis
1309 2664 1501 2736 dignus
1532 2664 1648 2719 luit.
1675 2663 1808 2718 Nam
1843 2662 1971 2719 Sul-

387 2762 531 2827 tavit,
565 2759 755 2830 inquit,
786 2757 895 2825 ﬁlia
917 2756 1229 2811 Herodiadis
1256 2757 1309 2809 in
1338 2756 1524 2821 medio,
1554 2766 1601 2809 et
1632 2756 1825 2823 placuit
1864 2753 1975 2809 He-

384 2852 520 2906 rodi.
570 2852 624 2906 7.
660 2850 807 2906 Unde
841 2850 1184 2921 jurejurando
1222 2850 1486 2920 aﬁirmavit
1523 2865 1578 2902 se
1619 2848 1696 2901 illi
1738 2848 1977 2901 daturum

385 2945 733 3015 quodcumque
762 2944 977 3014 petierit.
1009 2942 1063 2997 8.
1092 2940 1199 2996 Illa
1240 2958 1356 2995 vero
1385 2959 1416 2994 a
1447 2950 1609 2994 matre
1638 2940 1934 3009 prtemonita
1959 2981 1972 3003 ,

385 3038 468 3093 Da
488 3038 633 3104 mihi,
667 3039 760 3103 ait,
790 3038 874 3090 hic
899 3038 954 3092 in
981 3037 1120 3091 disco
1146 3045 1299 3106 caput
1319 3034 1537 3088 Joannis
1575 3033 1841 3102 Baptistae.
1866 3032 1973 3086 Du-

385 3131 504 3200 plex
530 3132 750 3197 crimen,
776 3140 831 3186 et
852 3130 994 3201 quod
1021 3129 1246 3195 saltarit,
1270 3137 1324 3184 et
1345 3127 1485 3197 quod
1513 3126 1790 3197 placuerit,
1819 3135 1975 3195 atque

385 3222 454 3276 ita
486 3223 764 3291 placuerit,
795 3232 853 3276 ut
882 3221 1057 3276 caedes
1084 3222 1159 3275 illi
1186 3235 1286 3291 pro
1314 3220 1563 3275 mercede
1587 3229 1749 3273 esset.
1785 3218 1972 3273 Viden’

383 3330 543 3383 quam
574 3315 829 3386 crudelis,
863 3330 1029 3385 quam
1055 3314 1387 3373 insensatus,
1412 3324 1574 3377 quam
1605 3326 1835 3366 vesanus
1860 3310 1971 3365 sit?

368 3406 697 3465 =Juramento
720 3426 778 3465 se
802 3409 1094 3464 obnoxium
1122 3406 1332 3473 reddit;
1364 3407 1442 3461 illi
1473 3418 1602 3459 vero
1619 3406 1711 3460 dat
1728 3411 1969 3475 potesta-

385 3507 490 3553 tem
520 3498 734 3569 petendi
777 3515 896 3568 qum
934 3499 1085 3553 velit.
1115 3496 1248 3553 Cum
1286 3507 1464 3551 autem
1502 3496 1634 3550 vidit
1676 3496 1802 3564 quid
1844 3495 1969 3550 mali

386 3591 510 3645 hinc
538 3591 795 3654 evenerit,
827 3588 1164 3645 Contristatus
1202 3598 1294 3655 est,
1326 3587 1531 3657 inquit;
1562 3602 1882 3656 quamquam
1903 3588 1972 3642 ab

380 3681 537 3737 initio
562 3684 818 3752 ligavcrat
842 3684 1034 3752 ipsum.
1064 3680 1173 3735 Cur
1195 3695 1324 3751 ergo
1351 3679 1738 3735 contristatur?
1779 3679 1972 3750 Hujus-

383 3776 527 3830 modi
549 3783 633 3830 est
661 3774 827 3829 virtus
851 3791 864 3827 :
893 3774 1053 3829 etiam
1081 3772 1223 3843 apud
1252 3771 1528 3842 improbos
1553 3771 1893 3828 admirationi
1917 3782 1971 3827 et

384 3867 525 3923 laudi
556 3876 656 3923 est.
689 3865 818 3930 Sed,
845 3881 879 3921 o
905 3865 1158 3920 furiosam
1185 3864 1486 3927 mulierem,
1519 3879 1637 3932 quae
1664 3878 1785 3917 cum
1811 3877 1971 3933 opor-

384 3967 522 4013 teret
547 3957 695 4011 illum
735 3955 985 4010 admirari
1016 3969 1080 4009 ac
1108 3953 1394 4019 venerari,
1426 3952 1567 4023 quod
1597 3954 1765 4022 ipsam
1793 3954 1861 4008 ab
1890 3953 1971 4007 in-

381 4052 519 4121 juria
549 4049 866 4114 vindicaret,
893 4047 1078 4102 drama
1106 4056 1275 4101 totum
1307 4046 1541 4110 ordinat,
1572 4045 1820 4115 laqueum
1854 4054 1971 4098 ten-

382 4144 477 4206 dit,
512 4143 840 4213 gratiamque
869 4143 1001 4211 petit
1029 4138 1345 4194 satanieam.
1373 4137 1429 4194 9.
1462 4136 1490 4191 Ι
1496 4155 1584 4207 pse
1606 4147 1773 4191 autem
1802 4136 1966 4189 timuit

384 4243 588 4303 propter
603 4232 992 4303 jusjurandum,
1024 4233 1213 4302 inquit,
1242 4240 1290 4285 et
1318 4230 1471 4285 simul
1497 4229 1854 4283 recumbentes.
1901 4228 1969 4282 Et

383 4340 477 4379 cur
502 4325 643 4395 quod
670 4325 882 4395 gravius
916 4332 1032 4378 erat
1054 4340 1159 4379 non
1188 4321 1457 4377 timuisti?
1486 4321 1618 4376 Nam
1646 4321 1690 4375 si
1716 4321 1857 4391 quod
1885 4329 1969 4376 te-

385 4425 492 4471 stes
524 4416 740 4486 perjurii
770 4415 967 4471 habere
998 4414 1350 4479 formidabas,
1382 4413 1549 4467 multo
1574 4413 1742 4484 magis
1764 4413 1967 4468 caedem

387 4508 672 4563 formidare
715 4508 996 4579 oportebat
1023 4507 1094 4562 ita
1121 4507 1377 4577 iniquam,
1407 4519 1529 4560 cum
1560 4513 1638 4560 tot
1664 4513 1826 4560 testes
1852 4506 1968 4575 ejus

389 4598 631 4653 haberes.

454 4691 509 4745 5.
551 4690 684 4756 Quia
718 4704 847 4744 vero
866 4698 993 4758 puto
1032 4690 1226 4744 multos
1260 4687 1615 4744 accusationis
1641 4702 1707 4743 ex
1734 4703 1837 4759 qua
1865 4703 1969 4743 ca:-

389 4781 479 4837 des
507 4792 624 4837 orta
652 4791 736 4837 est
764 4791 1136 4853 argumentum
1168 4782 1414 4851 ignorare
1433 4822 1448 4845 ,
1482 4782 1846 4836 necessarimn
1884 4789 1969 4836 est

389 4875 488 4930 hoc
509 4875 670 4930 etiam
699 4874 901 4941 dicere,
933 4884 990 4928 ut
1020 4874 1339 4945 legislatoris
1369 4874 1703 4945 prudentiam
1724 4874 1963 4929 discatis.

388 4964 638 5031 Quasnam
668 4979 798 5036 ergo
826 4976 977 5020 vetus
1008 4966 1090 5019 lex
1131 4964 1216 5018 illa
1243 4973 1396 5030 erat,
1436 4981 1596 5036 quam
1632 4965 1965 5021 conculcavit

390 5056 655 5125 llerodes,
681 5068 736 5113 et
760 5057 1049 5113 vindicavit
1068 5057 1345 5113 Joannes?
1372 5057 1500 5129 Ejus
1520 5058 1607 5128 qui
1642 5058 1756 5113 sine
1783 5058 1967 5113 liberis

391 5158 682 5203 moreretur
700 5164 920 5203 uxorem
945 5149 1090 5202 fratri
1116 5148 1232 5203 dari
1258 5148 1539 5218 oportebat
1565 5146 1742 5218 (Deut.
1768 5148 1861 5204 25.
1883 5148 1963 5219 5).

390 5240 516 5304 Quia
536 5240 676 5294 enim
693 5254 797 5294 non
816 5239 1144 5295 consolabile
1155 5238 1350 5294 malum
1370 5253 1513 5294 mors
1529 5248 1643 5294 erat
1656 5282 1671 5305 ,
1689 5249 1743 5294 et
1754 5254 1851 5310 pro
1862 5240 1967 5294 vita

390 5333 647 5388 servanda
675 5334 805 5388 nihil
834 5350 939 5388 non
964 5333 1155 5403 agitur,
1185 5333 1355 5404 legem
1386 5333 1599 5395 statuit,
1635 5344 1693 5387 ut
1721 5334 1808 5402 qui
1840 5331 1969 5387 vivit

393 5438 606 5480 uxorem
641 5425 818 5481 fratris
849 5426 1086 5481 defuncti
1132 5427 1333 5493 ducat,
1376 5438 1431 5481 et
1473 5426 1641 5481 lilium
1685 5427 1812 5482 hinc
1840 5443 1966 5497 pro-

391 5529 622 5572 creatum
653 5520 845 5572 mortui
870 5520 1086 5574 nomine
1112 5529 1284 5585 vocet,
1316 5520 1387 5574 ita
1415 5531 1472 5573 ut
1496 5520 1689 5573 domus
1715 5520 1831 5589 ejus
1859 5536 1964 5573 non

393 5610 615 5666 excidat.
641 5610 696 5667 Si
718 5612 861 5667 enim
887 5623 1131 5668 mortuus
1158 5613 1295 5669 filios
1322 5629 1431 5668 non
1460 5612 1824 5682 relinquebat,
1847 5628 1967 5681 qua:

402 5801 411 5819 τ
455 5747 470 5776 ¹
504 5748 903 5819 ῳιιὶιιαηιζιειιιᾳιιι
929 5762 942 5819 ξ
969 5756 1023 5799 ει
1045 5748 1201 5819 volens
1222 5763 1332 5800 eum
1364 5746 1655 5815 interﬁcere,
1680 5748 1835 5813 posuit
1858 5762 1967 5800 eum

394 5815 441 5855 tu
463 5822 671 5873 currere,
695 5811 848 5863 timuit
868 5812 993 5864 enim
1017 5811 1222 5864 turbant.

1321 332 1387 388 IN
1428 331 1835 390 MATTIIzEUM
1876 326 2105 386 HOMIL.
2150 330 2374 388 XLVIII.
2414 335 2485 392 al.
2528 336 2711 393 XLIX.

3575 340 3679 395 490

2108 458 2281 507 tamen
2320 454 2546 509 maxima
2594 465 2678 511 est
2719 457 2908 513 mortis
2946 457 3243 513 consolatio
3266 496 3282 522 ,
3328 457 3681 513 intolerabilis

2095 541 2270 598 luctus
2309 544 2515 602 futurus
2538 557 2678 603 erat.
2717 546 2843 604 Ideo
2871 548 3143 619 legislator
3177 552 3316 604 hanc
3352 549 3676 604 consolatio-

2096 650 2217 689 nem
2256 637 2580 707 excogitavit
2625 639 2724 703 iis,
2747 640 2940 709 quibus
2971 649 3160 695 natura
3193 639 3330 697 lilios
3358 651 3676 710 negaverat,

2093 737 2149 782 et
2178 728 2501 784 nasciturum
2533 730 2672 785 illius
2702 732 2918 787 nomine
2946 734 3125 788 vocari
3155 733 3431 804 praicepit.
3458 732 3513 789 Si
3548 749 3678 789 vero

2093 829 2335 875 mortuus
2356 819 2519 875 [ilium
2548 823 2893 893 relinqueret,
2913 832 3039 878 tunc
3063 838 3169 879 non
3194 824 3393 879 licitum
3413 833 3529 878 erat
3548 839 3677 879 cono

2094 912 2338 968 nubium.
2369 913 2437 968 Et
2473 929 2570 968 cur
2598 915 2622 970 ?
2653 916 2861 985 inquies
2892 933 2906 970 :
2948 932 3069 971 nam
3108 919 3152 972 si
3179 917 3332 972 alteri
3361 919 3554 974 licebat
3578 917 3677 972 du-

2090 1016 2243 1064 cere,
2279 1004 2449 1060 multo
2491 1007 2661 1076 magis
2710 1007 2880 1062 fratri.
2928 1007 3273 1078 Nequaquam
3316 1025 3329 1063 :
3369 1010 3480 1064 vult
3533 1010 3675 1064 enim

2089 1095 2402 1152 afﬁnitatem
2430 1099 2679 1165 extendi,
2713 1109 2769 1154 et
2798 1101 2994 1154 multas
3024 1101 3205 1156 haberi
3232 1102 3543 1157 occasiones
3579 1118 3675 1157 co-

2088 1189 2353 1255 gnationis
2379 1189 2645 1246 ineundae.
2694 1192 2759 1247 Et
2799 1207 2895 1247 cur
2920 1192 3011 1249 illo
3035 1191 3150 1249 sine
3175 1194 3359 1250 liberis
3393 1195 3665 1261 defuncto,

2090 1294 2193 1333 non
2220 1280 2355 1335 alius
2377 1280 2574 1338 ducere
2602 1286 2856 1354 poterat?
2881 1284 3014 1354 Quia
3043 1287 3120 1341 sic
3150 1303 3256 1342 non
3287 1298 3499 1358 putatus
3536 1290 3670 1345 fuis-

2087 1380 2169 1425 set
2206 1386 2326 1426 esse
2368 1374 2561 1428 mortui
2588 1376 2726 1430 filius
2766 1393 2781 1429 :
2829 1392 2969 1431 nunc
2994 1393 3120 1431 vero
3159 1379 3457 1435 seminante
3484 1380 3670 1447 fratre,

2090 1464 2375 1533 probabilis
2410 1476 2527 1522 erat
2552 1467 2792 1523 inventio
2821 1469 2933 1524 illa.
2955 1471 3203 1541 Alioquin
3234 1487 3360 1527 vero
3382 1482 3672 1529 extraneus

2089 1569 2194 1609 non
2234 1566 2470 1625 putasset
2496 1561 2922 1615 constituendam
2965 1576 3087 1618 esse
3131 1562 3365 1619 defuncti
3407 1564 3668 1620 domum:

2089 1646 2177 1701 hic
2199 1657 2376 1702 autem
2408 1652 2738 1720 cognationis
2769 1653 2858 1723 jus
2894 1654 3142 1709 habebat.
3183 1655 3316 1721 Quia
3345 1672 3473 1725 ergo
3499 1658 3670 1713 IIero-

2086 1738 2182 1794 des
2212 1756 2429 1795 uxorem
2455 1742 2631 1797 fratris
2647 1744 2750 1810 sui,
2770 1760 2889 1814 quae
2913 1746 3113 1814 prolem
3141 1745 3387 1811 habebat,
3407 1748 3554 1803 duxit
3568 1749 3667 1823 (a),

2087 1832 2208 1886 ideo
2263 1844 2477 1889 accusat
2541 1836 2687 1889 illum
2749 1836 3012 1906 Joannes,
3073 1847 3128 1893 et
3182 1840 3457 1896 moderate
3512 1842 3670 1897 simul

2085 1932 2245 1992 atque
2283 1924 2451 1980 libere
2489 1935 2723 1981 accusat.
2754 1926 2837 1983 Tu
2875 1943 3001 1983 vero
3043 1928 3172 1982 mihi
3202 1930 3503 1996 considera,
3533 1949 3667 2002 quu-

2084 2014 2245 2068 modo
2284 2016 2552 2071 theatrum
2600 2026 2766 2072 totum
2811 2019 3104 2073 satanicum
3135 2028 3190 2076 et
3227 2021 3548 2077 diabolicum
3575 2024 3667 2079 sit.

2084 2105 2265 2161 Primo
2292 2109 2432 2162 enim
2470 2109 2726 2164 ebrietate
2755 2118 2810 2166 et
2838 2110 3045 2166 deliciis
3072 2112 3381 2179 constabat,
3416 2114 3559 2171 unde
3583 2117 3668 2171 ni-

2085 2196 2160 2252 hil
2185 2213 2372 2253 sanum
2402 2200 2530 2254 oriri
2559 2210 2782 2270 poterat.
2826 2200 3094 2269 Secundo,
3114 2214 3445 2273 spectatores
3484 2222 3669 2262 corru-

2084 2296 2203 2356 ptos
2222 2288 2467 2356 habebat,
2496 2300 2548 2344 et
2571 2292 2920 2362 excipientem
2941 2294 3175 2347 omnium
3196 2296 3446 2351 maxime.
3465 2297 3666 2363 Tertio,

2082 2378 2453 2437 delectationis
2494 2397 2662 2452 genus
2691 2384 2899 2439 ratione
2924 2399 3169 2439 vacuum.
3198 2387 3431 2455 Quarto,
3464 2391 3664 2459 puella,

2083 2486 2302 2545 propter
2331 2491 2490 2547 quam
2528 2478 2851 2533 connubium
2880 2488 3064 2534 contra
3104 2480 3285 2550 legem
3326 2491 3472 2549 erat,
3507 2500 3668 2552 quam

2082 2571 2337 2626 occultari
2379 2573 2689 2642 oportebat,
2748 2582 2934 2643 utpote
2986 2573 3179 2643 injuria
3219 2573 3410 2629 alfecta
3456 2586 3663 2644 matre,

2082 2663 2375 2733 ingreditur
2414 2678 2535 2718 sese
2568 2674 2884 2731 ostentans,
2927 2665 3074 2734 virgo
3116 2666 3428 2722 meretrices
3467 2681 3659 2721 omnes

2081 2754 2406 2823 impudentia
2452 2770 2732 2825 superans.
2761 2755 2996 2824 Tempus
3042 2758 3203 2812 etiam
3252 2774 3359 2812 non
3402 2758 3667 2813 modicam

2080 2848 2146 2902 ad
2167 2849 2589 2903 criminationem
2621 2850 2813 2919 iniquae
2856 2849 2934 2903 rei
2961 2864 3147 2905 ansam
3190 2851 3410 2919 praibet.
3443 2852 3666 2920 Quando

2080 2941 2220 2995 enim
2242 2942 2522 3009 oportebat
2545 2955 2666 2995 eum
2692 2941 2889 3011 gratias
2906 2940 3107 2997 referre
3131 2942 3259 3009 Deo,
3286 2942 3428 3011 quod
3456 2943 3548 2998 illo
3577 2943 3665 2998 die

2080 3032 2250 3101 ipsum
2292 3033 2345 3086 in
2367 3032 2539 3087 lucem
2568 3033 2923 3101 produxisset,
2959 3043 3085 3090 tunc
3127 3033 3309 3103 iniqua
3355 3034 3442 3088 illa
3473 3050 3662 3105 aggre-

2078 3124 2221 3179 ditur
2252 3143 2265 3179 :
2314 3124 2524 3195 quando
2553 3125 2785 3179 vinctum
2819 3124 3029 3180 solvere
3054 3126 3355 3195 oportebat,
3387 3134 3511 3179 tunc
3547 3127 3664 3180 vin-

2078 3216 2214 3270 culis
2254 3215 2458 3270 cazdem
2498 3214 2701 3284 adjicit.
2732 3215 2929 3271 Audite
2971 3223 3235 3285 quotquot
3280 3216 3363 3270 vel
3409 3216 3661 3286 virgines,
3716 3252 3719 3253 ν

2077 3309 2160 3363 vel
2187 3307 2346 3363 etiam
2376 3306 2611 3362 maxime
2646 3314 2848 3375 nuptae,
2897 3310 3100 3366 alienas
3128 3307 3337 3382 nuptias
3368 3307 3448 3368 sic
3471 3310 3659 3367 detul-

2076 3417 2205 3477 pare
2240 3399 2468 3470 audetis,
2509 3404 2787 3470 saltantes,
2818 3402 3191 3473 tripudiantes,
3234 3414 3289 3459 et
3316 3420 3655 3462 communem

2076 3509 2320 3553 naturam
2347 3496 2778 3551 dehonestantes.
2806 3496 2999 3550 Audite
3020 3497 3200 3563 etiam,
3221 3498 3340 3563 viri,
3383 3500 3473 3570 qui
3511 3515 3660 3555 sum-

2077 3599 2264 3658 ptuosa
2289 3589 2553 3654 convivia,
2571 3588 2828 3643 ebrietate
2849 3587 3003 3657 plena
3025 3588 3301 3642 sectamini
3326 3605 3340 3642 :
3370 3597 3424 3643 et
3441 3591 3662 3645 metuite

2074 3680 2272 3735 diaboli
2320 3678 2652 3734 barathrum.
2704 3679 2836 3734 Nam
2895 3678 2966 3733 ita
3009 3679 3356 3733 vehementer
3397 3680 3656 3735 miserum

2078 3781 2205 3826 tunc
2246 3771 2394 3825 illum
2438 3772 2651 3836 invasit,
2682 3780 2738 3823 ut
2760 3770 2965 3839 juraret
2999 3785 3057 3824 se
3099 3770 3376 3825 dimidium
3404 3772 3552 3842 regni
3577 3774 3662 3827 sui

2074 3865 2320 3918 daturum
2349 3878 2489 3919 esse.
2522 3863 2654 3919 Illud
2703 3863 2845 3917 enim
2892 3862 3100 3917 Marcus
3128 3862 3296 3917 dicit:
3333 3863 3532 3917 Juravit
3558 3865 3658 3931 illi,

2079 3955 2438 4023 Quodcumque
2475 3954 2673 4026 petieris
2700 3970 2733 4007 a
2759 3969 2838 4006 me
2875 3954 3005 4007 dabo
3034 3954 3158 4020 tibi,
3204 3970 3359 4023 usque
3399 3955 3467 4007 ad
3503 3955 3661 4008 diuti-

2074 4047 2216 4100 dium
2252 4046 2395 4117 regni
2431 4047 2527 4099 mei
2556 4048 2576 4117 (
2607 4045 2772 4099 Marc.
2806 4045 2858 4100 6.
2890 4044 2963 4099 25
2986 4045 3023 4114 ).
3058 4044 3214 4099 Tanti
3257 4046 3462 4101 scilicet
3498 4046 3659 4103 ditio-

2074 4155 2197 4195 nem
2241 4155 2393 4194 suam
2423 4138 2691 4205 faciebat;
2721 4139 2792 4192 ita
2832 4138 3117 4207 voluptatis
3156 4138 3398 4207 Captivus
3436 4150 3572 4204 erat,
3604 4149 3662 4194 ut

2073 4233 2340 4290 saltationi
2377 4232 2491 4289 haac
2527 4232 2868 4288 concederet.
2909 4231 3113 4303 Ecquid
3163 4232 3406 4299 miraris,
3443 4233 3488 4288 si
3535 4243 3659 4289 tunc

2074 4326 2189 4382 haec
2214 4324 2351 4381 facta
2373 4334 2515 4389 sunt,
2536 4323 2749 4394 quando
2777 4338 2919 4379 nunc
2948 4324 3111 4379 etiam
3141 4333 3422 4394 postquam
3456 4334 3656 4379 tantam

2074 4418 2322 4474 inivimus
2353 4416 2762 4486 philosophiam,
2807 4416 2877 4469 ob
2919 4415 3159 4470 mollium
3186 4414 3494 4485 hujusmodi
3528 4433 3659 4485 pue-

2073 4525 2255 4564 rorum
2285 4508 2624 4563 saltationem
2669 4507 2820 4561 multi
2865 4507 3070 4561 animas
3106 4520 3232 4561 suas
3274 4506 3657 4576 prodiderunt,

2073 4602 2199 4657 licet
2220 4600 2507 4671 juramenti
2531 4599 2850 4654 necessitate
2865 4599 3102 4653 adstricti
3134 4614 3239 4652 non
3266 4599 3490 4653 essent?
3519 4599 3654 4655 Nam

2072 4712 2101 4749 a
2140 4695 2425 4765 voluptate
2459 4693 2654 4762 captivi
2701 4691 2913 4747 abducti
2945 4692 3093 4761 quasi
3142 4690 3372 4759 pecudes
3405 4701 3655 4762 aguntur,

2071 4802 2178 4856 quo
2222 4786 2377 4856 lupus
2414 4785 2533 4840 illos
2582 4785 2820 4839 traxerit.
2864 4784 2919 4838 Id
2945 4783 3086 4854 quod
3118 4793 3244 4838 tunc
3287 4783 3376 4839 ille
3420 4783 3655 4845 furiosus

2073 4893 2261 4948 passus
2304 4887 2423 4943 est,
2452 4879 2560 4933 duo
2604 4877 2903 4947 turpissima
2947 4886 3281 4946 perpetrans,
3333 4887 3387 4932 et
3414 4878 3555 4948 quod
3589 4879 3657 4932 il-

2074 4972 2179 5025 lam
2219 4970 2489 5026 dominam
2518 4969 2707 5025 fecerit
2750 4969 2828 5023 sic
2857 4968 3149 5031 furiosam,
3194 4969 3395 5024 ebriam
3424 4979 3481 5025 et
3520 4970 3660 5027 nihil

2072 5064 2196 5118 mali
2231 5050 2567 5118 recusantem
2596 5078 2612 5127 ;
2640 5070 2695 5116 et
2727 5060 2867 5131 quod
2904 5060 3223 5114 necessitate
3254 5059 3547 5130 juramenti
3583 5063 3653 5117 ita

2071 5168 2131 5210 se
2156 5154 2522 5210 obstrinxerit.
2554 5153 2624 5208 At
2664 5152 2790 5207 licet
2831 5151 2923 5207 ille
2951 5160 3057 5205 tam
3091 5152 3301 5220 iniquus
3339 5163 3514 5220 esset,
3550 5155 3660 5208 ini-

2070 5246 2227 5316 quior
2262 5255 2438 5301 tamen
2480 5254 2534 5299 et
2565 5252 2790 5316 tyranno
2832 5250 2886 5297 et
2924 5242 3101 5312 puella
3128 5252 3241 5297 erat
3284 5244 3498 5301 mulier.
3542 5244 3654 5314 lpsa

2073 5340 2215 5394 enim
2250 5338 2362 5393 haec
2388 5337 2526 5392 mala
2547 5336 2725 5391 omnia
2755 5345 2810 5390 et
2828 5344 2995 5390 totum
3019 5334 3202 5389 drama
3235 5332 3488 5390 fabricata
3519 5348 3651 5401 erat,

2072 5448 2193 5503 quae
2234 5441 2409 5486 tamen
2448 5430 2672 5501 gratiam
2711 5428 2985 5499 propheta:
3013 5426 3213 5483 habere
3247 5426 3540 5484 debuisset.
3571 5428 3661 5483 Fi-

2073 5524 2140 5580 lia
2169 5525 2365 5595 quippe
2389 5524 2486 5592 ipsi
2520 5537 2721 5576 morem
2747 5535 2940 5592 gerens
2968 5531 3023 5574 et
3052 5522 3279 5591 turpiter
3304 5522 3432 5591 egit,
3470 5532 3522 5576 et
3550 5526 3655 5573 sal-

2073 5617 2221 5680 tavit,
2268 5623 2324 5669 et
2359 5613 2561 5669 caedem
2611 5612 2763 5683 petiit
2788 5654 2810 5683 ,_
2847 5612 3193 5682 Herodesque
3230 5612 3299 5666 ab
3348 5613 3460 5683 ipsa
3497 5615 3647 5683 quasi

2138 5746 2211 5811 (ii)
2248 5751 2389 5811 Juxta
2411 5743 2555 5811 alios,
2573 5743 2924 5811 ideoqloaunes
2954 5745 3195 5811 accusavit
3227 5742 3651 5811 lterodem.quod,

2076 5806 2295 5872 Philippo
2313 5810 2461 5859 fratre
2483 5807 2637 5858 adhuc
2659 5807 2875 5865 vivente,
2892 5806 3044 5869 ipsius
3067 5817 3272 5855 uxorem
3291 5806 3531 5855 duxisset.
