4108 6376
463 350 558 404 191
1157 344 1214 400 S.
1251 342 1529 401 JOANNIS
1563 333 2039 397 CHRYSOSTOMI
2079 332 2392 393 ARCHIEP.
2434 337 2966 399 CONSTANTINOP.

466 477 660 531 sagena
718 467 907 531 captus
958 466 1058 517 est.
1102 458 1474 528 Videu’quam
1512 455 1755 527 apposite
1802 453 2048 510 Christus

465 556 661 610 dixerit
695 572 708 607 :
746 553 847 620 Qui
874 561 1011 605 amat
1044 560 1235 621 patrem
1263 562 1351 604 aut
1381 559 1592 603 matrem
1619 548 1734 619 plus
1766 563 1920 620 quam
1948 562 2048 611 me,

467 663 568 699 non
597 656 668 699 est
690 663 766 699 me
790 644 972 715 dignus
996 640 1219 712 (Matth.
1266 642 1352 697 10.
1386 642 1488 712 57)
1515 639 1689 694 ‘INam
1715 640 1759 694 si
1790 637 1879 693 illa
1912 636 2051 692 hanc

466 748 689 807 sequuta
741 744 886 791 esset
930 735 1099 804 legem
1125 775 1141 801 ,
1192 748 1297 788 non
1343 742 1420 787 tot
1462 732 1605 802 leges
1640 730 1911 793 violasset,
1942 743 2048 783 non

469 830 607 885 hanc
632 829 831 884 ert-dem
874 834 1251 896 perpetrasset.
1283 825 1414 881 Nam
1440 824 1566 895 quid
1595 824 1693 878 hac
1721 821 2050 877 immanitate

469 924 736 985 deterius,
767 921 968 976 cmdem
1012 927 1071 973 ut
1107 920 1329 988 gratiam
1358 917 1627 987 postulare
1652 956 1668 982 ,
1700 913 1901 970 ezedem
1946 911 2050 966 ini-

466 1033 644 1087 quam,
679 1015 880 1095 cuidem
925 1014 1061 1067 inter
1084 1012 1287 1083 epulas,
1318 1010 1518 1066 easdem
1545 1009 1754 1081 publice
1785 1016 1837 1064 et
1876 1007 2049 1076 impu-

469 1111 659 1166 denter
692 1108 909 1178 petitam
943 1108 965 1159 ?
994 1105 1176 1174 Neque
1220 1104 1362 1159 enim
1401 1116 1643 1158 seorsum
1674 1099 1902 1155 accessit
1939 1098 2054 1153 haec

468 1202 695 1273 petitura
718 1242 732 1265 ,
765 1199 858 1254 sed
904 1196 1136 1269 publice,
1160 1204 1215 1250 et
1256 1195 1424 1265 posita
1463 1193 1631 1257 larva,
1663 1190 1806 1246 nudo
1842 1190 2049 1260 capite,

467 1293 663 1347 diaboli
716 1306 811 1345 usa
857 1288 1189 1359 patrocinio,
1223 1286 1338 1341 haec
1383 1285 1473 1339 illo
1502 1285 1661 1339 modo
1705 1282 1923 1353 loquuta
1948 1291 2051 1336 est.

468 1386 599 1443 Nam
634 1384 684 1438 id
729 1382 974 1438 diabolus
1021 1379 1217 1444 effecit,
1248 1387 1305 1432 ut
1346 1377 1433 1431 illa
1475 1376 1675 1431 saltans
1700 1374 1957 1445 placeret,
1999 1380 2057 1427 et

473 1478 739 1533 Herodem
792 1484 919 1529 tunc
968 1482 1203 1542 caperet.
1252 1470 1349 1527 Uhi
1392 1470 1535 1525 enim
1563 1468 1809 1534 saltatio,
1839 1466 1909 1521 ibi
1935 1464 2052 1520 dia-

470 1570 645 1624 holus.
674 1568 858 1639 Neque
885 1567 1027 1621 enim
1057 1565 1177 1620 ideo
1206 1563 1371 1634 pedes
1416 1562 1568 1617 nobis
1595 1560 1744 1615 dedit
1784 1560 1952 1625 Deus,
1998 1566 2058 1612 ut

469 1661 536 1717 iis
567 1661 792 1729 turpiter
830 1668 1041 1712 utamur
1060 1697 1073 1718 .
1102 1655 1195 1710 sed
1235 1663 1292 1709 ut
1320 1664 1464 1709 recte
1489 1652 1797 1724 gradiamur
1824 1666 1839 1717 ;
1868 1664 1975 1705 non
1999 1658 2058 1704 ut

470 1751 695 1822 perinde
725 1760 885 1820 atque
927 1747 1116 1803 cameli
1153 1746 1409 1801 saltemus
1449 1745 1469 1815 (
1498 1758 1620 1799 nam
1645 1753 1703 1799 et
1726 1742 1917 1798 cameli
1947 1741 2055 1797 sal-

479 1854 655 1901 tantes
693 1845 954 1913 ingratum
986 1840 1348 1911 spectaculum
1398 1838 1597 1905 edunt,
1630 1837 1905 1907 multoque
1944 1851 2058 1890 ma-

469 1938 551 2005 gis
580 1936 904 2003 mulieres),
947 1932 1040 1987 sed
1087 1940 1144 1986 ut
1176 1946 1298 1985 cum
1329 1930 1534 2001 angelis
1561 1929 1787 1986 choreas
1813 1943 2057 1999 agamus.

470 2028 525 2085 Si
569 2029 710 2083 enim
761 2039 957 2095 corpus
1007 2023 1058 2078 id
1101 2037 1265 2093 agens
1308 2030 1462 2092 turpe
1509 2029 1620 2085 est,
1666 2019 1835 2075 multo
1890 2019 2059 2087 magis

469 2123 668 2178 anima.
711 2120 800 2177 Sic
827 2120 1025 2174 saltant
1051 2118 1326 2174 dmmones
1378 2134 1392 2171 :
1438 2116 1516 2172 sic
1539 2115 1826 2172 adulantur
1857 2113 2059 2170 dmmo—

471 2229 599 2269 num
630 2212 877 2268 ministri.

539 2307 594 2361 4.
625 2305 729 2361 Sed
761 2304 1068 2375 petitionem
1110 2303 1279 2373 ipsam
1315 2301 1613 2359 considera.
1646 2299 1731 2354 Da
1758 2299 1916 2365 mihi,
1948 2300 2055 2365 ait,

472 2398 553 2452 hic
579 2398 633 2454 in
660 2397 797 2451 disco
826 2407 976 2469 caput
1004 2396 1222 2450 Joannis
1252 2392 1513 2465 Baptista.
1546 2391 1733 2448 Vidcn’
1772 2391 2056 2461 impuden-

473 2499 602 2556 tem,
628 2504 747 2559 quae
772 2497 935 2542 totam
959 2487 1169 2543 diabolo
1196 2501 1256 2542 se
1282 2484 1527 2540 dedidit?
1555 2483 1870 2554 Dignitatem
1896 2481 2059 2538 Joan-

471 2582 557 2635 nis
583 2591 862 2646 memorat,
892 2594 1064 2649 neque
1089 2588 1264 2634 tamen
1289 2578 1367 2632 sic
1389 2576 1675 2640 erubescit,
1704 2575 1797 2631 sed
1825 2589 1890 2630 ac
1918 2575 1962 2628 si
1990 2574 2059 2631 de

470 2673 593 2726 cibo
621 2673 870 2743 quopiam
902 2672 1228 2741 loqueretur,
1259 2670 1339 2724 sic
1366 2683 1577 2724 sacrum
1601 2676 1657 2724 et
1683 2667 1895 2723 beatum
1925 2665 2058 2721 illud

470 2775 631 2835 caput
671 2766 722 2820 in
760 2764 911 2821 disco
949 2763 1124 2819 efferri
1171 2760 1569 2835 petitaNullam
1606 2758 1762 2814 affert
1797 2773 2054 2814 causam:

472 2873 645 2928 neque
670 2858 813 2914 enim
845 2865 1088 2927 poterat;
1126 2855 1221 2911 sed
1260 2853 1574 2925 simpliciter
1602 2853 1793 2923 quaerit
1831 2852 2057 2905 aliorum

472 2951 862 3006 calamitatibus
883 2950 1153 3004 honorari.
1176 2947 1290 3003 Non
1309 2947 1464 3013 dixit,
1485 2945 1738 3001 Introduc
1765 2945 1909 2999 illum
1931 2943 2056 3009 huc,

473 3055 529 3101 et
558 3045 769 3100 immola
802 3064 816 3100 ε
851 3058 1021 3113 neque
1049 3043 1191 3097 enim
1233 3040 1475 3097 morituri
1516 3038 1766 3110 loquendi
1810 3037 2058 3093 fiduciam

475 3136 704 3191 tulisset.
736 3135 869 3190 Nam
901 3135 1118 3189 timebat
1143 3132 1227 3187 vel
1256 3132 1471 3188 mactati
1509 3145 1698 3187 vocem
1733 3129 1917 3185 audire
1944 3138 2056 3185 ter-

473 3227 679 3281 ribilem
707 3244 719 3283 :
743 3240 915 3296 neque
935 3225 1074 3281 enim
1092 3225 1263 3295 capite
1285 3223 1622 3277 mulctandus
1643 3222 1909 3277 tacuisset.
1936 3221 2059 3277 Ideo

475 3318 582 3370 ait:
614 3315 696 3369 Da
717 3315 839 3369 mihi
866 3315 948 3369 hic
970 3316 1022 3368 in
1044 3315 1180 3369 disco
1206 3334 1221 3371 :
1251 3328 1371 3367 nam
1396 3312 1626 3383 linguam
1646 3312 1793 3369 illam
1812 3314 2058 3369 silentem

475 3408 656 3462 videre
689 3408 866 3477 cupio.
904 3405 1087 3476 Neque
1113 3406 1348 3477 effugere
1375 3406 1545 3461 solum
1584 3406 1725 3460 illius
1760 3405 2057 3476 reprehen-

473 3501 652 3554 siones
677 3498 906 3565 volebat,
933 3498 1026 3552 sed
1050 3498 1305 3553 insultare
1321 3496 1516 3567 jacenti
1539 3507 1593 3553 et
1617 3496 1861 3553 deridere
1885 3498 2054 3553 illum.

475 3592 615 3647 Deus
640 3606 769 3645 vero
798 3589 848 3644 id
882 3590 1139 3659 permisit,
1175 3603 1275 3645 nec
1315 3589 1514 3644 fulmen
1544 3603 1775 3659 superne
1805 3589 1968 3656 misit,
2001 3598 2059 3645 ut

475 3682 836 3754 impudentem
876 3682 1019 3737 illam
1053 3680 1243 3737 faciem
1280 3681 1621 3737 combureret
1649 3699 1663 3736 :
1697 3696 1869 3751 neque
1900 3681 2059 3752 jussit

475 3786 670 3831 terram
703 3774 847 3830 hiatu
883 3784 1053 3829 totum
1084 3774 1212 3830 illud
1252 3774 1493 3844 iniquum
1534 3762 1839 3830 eonvivium
1868 3774 2056 3830 absor-

472 3868 601 3922 bere
627 3909 642 3931 ,
684 3878 742 3922 ut
780 3867 938 3922 simul
978 3868 1177 3936 justum
1210 3866 1407 3922 clarius
1434 3874 1715 3922 coronaret
1738 3908 1753 3931 ,
1785 3876 1842 3922 et
1874 3866 1938 3921 iis
1966 3868 2055 3938 qui

472 3960 649 4029 iniqua
697 3959 905 4029 passuri
950 3970 1132 4029 postea
1179 3968 1397 4024 essent,
1441 3973 1684 4029 magnam
1732 3959 2059 4029 relinqueret

472 4054 915 4108 consolationem.
949 4053 1238 4108 Audiamus
1279 4053 1439 4123 igitur
1477 4059 1741 4123 quotquot
1766 4052 1833 4107 ab
1863 4052 2057 4121 iniquis

473 4146 777 4199 hominibus
798 4146 977 4217 gravia
1004 4145 1232 4215 patimur
1254 4144 1378 4199 dum
1406 4155 1552 4200 recte
1575 4145 1821 4199 vivimus.
1845 4145 2055 4201 Etenim

472 4249 600 4293 tunc
629 4239 766 4293 Deus
795 4253 983 4307 passus
1012 4247 1093 4292 est
1116 4252 1235 4292 eum
1259 4278 1273 4302 ,
1301 4238 1387 4307 qui
1421 4238 1472 4291 iu
1502 4237 1787 4293 solitudine
1812 4238 2053 4304 vixerat,

470 4333 561 4401 qui
592 4333 643 4386 in
672 4346 804 4386 zona
837 4330 1078 4400 pellicea,
1108 4330 1199 4401 qui
1240 4331 1293 4383 in
1334 4330 1530 4397 cilicio,
1562 4332 1895 4400 pr0phetam,
1929 4347 2054 4401 pro-

470 4424 648 4495 phetis
691 4424 948 4492 majorem
973 4464 987 4487 ,
1026 4438 1133 4492 quo
1180 4423 1356 4476 nullus
1392 4422 1562 4492 major
1604 4438 1854 4492 umquam
1884 4422 2057 4479 fuerat

471 4518 614 4572 inter
640 4524 796 4571 natos
824 4514 1107 4570 mulierum
1151 4513 1368 4585 (Matth.
1401 4514 1489 4569 11.
1530 4515 1665 4582 11),
1695 4513 1921 4568 interfici
1962 4530 2057 4585 per

471 4610 701 4682 puellam
758 4608 1081 4678 impudicam
1130 4616 1186 4665 et
1236 4617 1537 4676 corruptam
1592 4607 1927 4662 meretricem
1963 4616 2057 4662 :et

470 4704 589 4759 lucc
613 4704 739 4758 dum
769 4702 975 4757 divinas
1004 4702 1148 4772 leges
1177 4709 1434 4756 tueretur.
1464 4699 1589 4754 Haec
1617 4699 1794 4769 itaque
1821 4700 2059 4771 cogitan-

471 4806 583 4860 tes,
625 4795 858 4851 feramus
898 4808 1159 4864 generose
1196 4792 1373 4847 omnia
1409 4807 1758 4863 quaecumque
1802 4794 2051 4862 patimur.

469 4886 602 4941 Nam
632 4897 685 4943 et
715 4898 842 4941 tunc
869 4884 1203 4955 sanguinaria
1244 4883 1335 4937 illa
1375 4892 1429 4938 et
1468 4883 1643 4952 iniqua
1689 4892 1891 4937 tantum
1936 4897 2056 4939 sese

470 4981 537 5035 de
563 4995 649 5044 eo,
676 4980 764 5049 qui
788 4980 889 5033 sibi
911 4978 1151 5033 dolorem
1178 4977 1447 5043 attulerat,
1471 4976 1777 5042 vindicavit,
1800 4986 2054 5047 quantum

467 5074 657 5139 νυιιιίι,
682 5075 814 5127 iram
839 5082 1001 5126 totam
1024 5072 1251 5135 satiavit,
1274 5080 1329 5126 et
1349 5070 1488 5124 Deus
1509 5069 1559 5123 id
1583 5069 1855 5139 permisit:
1879 5084 2057 5139 quam-

467 5184 628 5241 quam
656 5167 786 5222 nihil
808 5166 883 5221 illi
903 5165 1137 5221 Joannes
1156 5164 1384 5228 dixerat,
1408 5177 1507 5218 nec
1527 5163 1670 5217 illam
1691 5170 2051 5226 accusaverat,

468 5262 562 5316 sed
590 5261 761 5313 virum
789 5269 1013 5314 tantum.
1045 5257 1150 5313 Sed
1178 5256 1499 5312 conscientia
1529 5256 1752 5311 acerbus
1779 5264 2056 5311 accusator

469 5363 609 5409 erat.
639 5352 872 5421 Ideoque
893 5351 945 5405 in
973 5350 1177 5420 majora
1200 5348 1515 5418 erumpebat
1539 5350 1697 5417 mala,
1723 5347 1933 5414 dolens,
1961 5347 2054 5403 sti-

467 5448 627 5503 mulis
651 5447 877 5518 agitata;
908 5445 1171 5515 simulque
1197 5442 1541 5499 dedecoravit
1564 5456 1772 5510 omnes,
1799 5441 2049 5511 seipsam,

469 5541 653 5603 tiliam,
671 5541 951 5595 dimissum
973 5538 1166 5604 virum,
1189 5537 1454 5591 viventem
1482 5538 1769 5602 moechum,
1797 5544 1852 5591 et
1874 5535 2050 5605 priora

468 5649 721 5704 superare
746 5633 1007 5689 certabat.
1036 5632 1091 5687 Si
1116 5631 1290 5696 doles,
1320 5630 1512 5698 inquit,
1536 5628 1676 5699 quod
1705 5629 1794 5683 ille
1817 5629 2052 5684 mmche-

470 5740 587 5791 tur,
616 5745 715 5796 ego
758 5729 908 5784 illum
949 5725 1268 5784 homicidam
1298 5723 1483 5781 faciam
1510 5765 1525 5792 ,
1555 5733 1607 5779 et
1639 5724 1937 5779 accusantis
1966 5722 2048 5778 in-

468 5821 829 5879 tcrfectorem.

3642 349 3747 406 692

2230 447 2635 521 Imprudentium
2655 456 3061 526 juramentorum
3088 466 3137 515 et
3164 460 3511 531 fornicationis
3533 462 3741 522 damna.

2154 572 2226 583 —-
2253 543 2445 600 Audite
2468 558 2729 618 quotquot
2753 549 2892 604 ultra
2917 567 3079 621 quam
3104 552 3182 607 fas
3216 564 3300 610 est
3338 558 3593 615 uxoribus
3633 563 3745 624 pls-

2154 650 2277 692 cere
2304 637 2546 695 studetis.
2579 641 2772 697 Audite
2796 653 3055 714 quotquot
3074 647 3214 701 circa
3239 663 3324 703 res
3352 650 3581 707 incertas
3601 652 3746 722 jura-

2156 739 2335 783 menta
2365 732 2636 799 praebetis,
2665 734 2889 805 aliisque
2918 737 3169 805 perniciei
3201 749 3389 795 vestae
3426 751 3742 811 potestatem

2156 819 2421 888 tribuitis,
2448 836 2512 877 ac
2547 823 2697 879 vobis
2736 824 3042 881 barathrum
3082 828 3337 886 effoditis.
3380 832 3472 888 Sic
3507 834 3744 892 Herodes

2156 910 2333 978 periit.
2365 911 2594 969 Putabat
2631 915 2774 969 enim
2819 916 2988 986 ipsam
3017 919 3288 991 quidpiam
3331 925 3577 981 convivio
3615 942 3746 981 cou-

2156 1011 2468 1060 seutaneum
2498 1006 2781 1075 petituram
2803 1023 2945 1074 esse,
2973 1011 3308 1082 puellamque
3330 1015 3381 1068 in
3408 1017 3746 1074 solemnitate

2157 1104 2211 1149 et
2249 1094 2387 1149 inter
2419 1097 2624 1166 epulas,
2656 1114 2769 1153 rem
2803 1102 3090 1170 gratiosam
3120 1112 3175 1158 et
3203 1104 3402 1172 lretam,
3434 1123 3539 1163 non
3568 1120 3743 1165 autem

2157 1196 2315 1258 caput
2337 1189 2437 1243 viri
2471 1191 2852 1258 postulaturam
2878 1208 3036 1262 esse;
3073 1206 3128 1252 et
3149 1196 3411 1269 deceptus
3434 1210 3536 1255 est.
3590 1205 3744 1259 Atta-

2158 1294 2279 1332 men
2313 1280 2444 1335 nihil
2478 1282 2667 1337 horum
2700 1284 2872 1352 ipsum
2906 1287 3166 1358 purgabit.
3208 1290 3434 1346 Etiamsi
3475 1293 3618 1348 enim
3657 1295 3744 1351 illa

2157 1383 2278 1425 cum
2306 1370 2429 1426 feris
2458 1374 2802 1442 pugnantium
2832 1376 3066 1433 virorum
3098 1381 3332 1436 animum
3362 1382 3633 1450 habuerit,
3663 1397 3744 1442 at-

2160 1471 2335 1518 tamen
2367 1479 2470 1519 nou
2499 1464 2677 1521 decuit
2703 1469 2848 1523 illum
2880 1485 2939 1526 se
2964 1473 3034 1526 ita
3065 1472 3437 1542 decipiendum
3468 1478 3707 1547 prtebere
3726 1521 3741 1546 ,

2162 1571 2263 1612 nec
2292 1558 2570 1626 tyrannico
2593 1559 2811 1631 obsequi
2840 1562 3083 1632 imperio.
3107 1565 3286 1621 Primo
3309 1569 3474 1635 enim,
3496 1571 3615 1641 quis
3637 1587 3743 1627 non

2159 1645 2441 1702 exhorruit
2474 1663 2683 1704 sacrmn
2720 1650 2850 1706 illud
2885 1662 3045 1723 caput
3070 1655 3255 1711 videns
3284 1660 3595 1729 sanguinem
3626 1663 3743 1716 stil-

2160 1736 2302 1803 lare,
2332 1747 2387 1793 et
2411 1739 2550 1794 inter
2573 1740 2758 1810 epulas
2785 1744 3018 1812 reponi?
3047 1746 3116 1799 At
3141 1761 3247 1801 non
3284 1746 3496 1818 iniquus
3525 1751 3611 1805 ille
3643 1751 3747 1807 He-

2161 1828 2353 1896 rodes,
2401 1845 2508 1885 non
2552 1832 2927 1888 exsecrabilior
2968 1835 3058 1890 illo
3102 1838 3314 1892 mulier.
3355 1839 3512 1895 Tales
3551 1843 3746 1912 quippe

2159 1932 2284 1978 sunt
2310 1924 2619 1981 meretrices
2643 1943 2658 1981 :
2682 1927 2919 1982 omnium
2948 1929 3386 1998 petulantissima:
3410 1944 3463 1989 et
3487 1936 3747 1992 crudelis-

2160 2017 2331 2073 simae.
2359 2018 2490 2073 Nam
2516 2020 2559 2074 si
2582 2034 2681 2075 nos
2705 2020 2820 2077 haec
2838 2021 3114 2078 audientes
3138 2025 3613 2094 perhorrescimus,
3637 2044 3743 2098 quo

2159 2110 2339 2165 animo
2366 2109 2530 2168 fuisse
2564 2111 2856 2183 putandum
2896 2126 2979 2168 est
3014 2129 3109 2171 eos
3134 2117 3222 2186 qui
3265 2117 3379 2173 haec
3413 2119 3539 2189 ipsis
3576 2123 3745 2178 oculis

2159 2202 2485 2257 cernerent?
2508 2202 2635 2273 quid
2661 2202 2803 2274 passi
2830 2212 2955 2259 sunt
2980 2206 3219 2261 convivae
3245 2216 3403 2278 caput
3425 2225 3613 2266 recens
3633 2226 3747 2266 am-

2160 2302 2401 2362 putatum
2442 2301 2497 2348 et
2545 2294 2857 2365 sanguinem
2901 2294 3146 2352 videntes
3190 2298 3241 2352 in
3282 2299 3459 2354 medio
3501 2303 3745 2358 convivio

2159 2384 2455 2455 repositum
2480 2385 2503 2439 ?
2532 2385 2600 2439 At
2628 2401 2733 2440 non
2763 2388 3100 2456 sanguinaria
3133 2389 3218 2443 illa
3248 2398 3302 2445 et
3331 2390 3460 2461 ipsis
3492 2392 3637 2447 furiis
3663 2394 3743 2447 fe-

2158 2474 2338 2530 rocior
2366 2474 2459 2530 illo
2485 2487 2752 2531 commota
2784 2475 2882 2531 fuit
2908 2479 3248 2548 spectaculo,
3280 2481 3373 2537 sed
3400 2484 3697 2539 exsultabat
3726 2503 3741 2540 :

2158 2568 2328 2638 atqui,
2353 2567 2454 2623 etsi
2484 2584 2588 2623 non
2615 2569 2852 2634 aliunde,
2880 2586 2945 2626 ex
2974 2572 3091 2628 solo
3118 2581 3335 2643 aspectu
3365 2575 3554 2631 saltem
3594 2577 3743 2631 fasti-

2158 2660 2304 2714 dium
2342 2675 2701 2732 nauseamque
2739 2663 3037 2733 ingenerari
3077 2680 3173 2735 par
3212 2675 3348 2721 erat.
3380 2667 3576 2723 Verum
3615 2670 3744 2725 nihil

2159 2750 2459 2821 hujusmodi
2492 2766 2647 2823 passa
2677 2762 2760 2808 est
2790 2754 2876 2809 illa
2903 2756 3214 2826 sanguinem
3245 2758 3431 2814 sitiens
3470 2760 3743 2831 propheti-

2160 2857 2302 2897 cum.
2332 2841 2477 2898 Talis
2504 2851 2587 2898 est
2624 2843 2904 2900 fornicatio
2932 2864 2945 2900 :
2980 2861 3084 2900 non
3119 2848 3342 2904 lascivos
3378 2859 3582 2906 tantum
3608 2894 3623 2919 ,
3651 2853 3744 2908 sed

2160 2941 2214 2988 et
2242 2933 2535 2989 homicidas
2579 2935 2763 2992 efficit.
2807 2937 2940 2993 Nam
2979 2939 3222 2995 adulterii
3251 2942 3456 3013 cupida:
3496 2946 3744 3001 mulieres

2160 3024 2228 3080 ad
2255 3025 2455 3082 eadem
2486 3037 2609 3083 sunt
2636 3038 2834 3099 parata:
2862 3031 3096 3086 virorum
3116 3074 3132 3100 ,
3162 3036 3249 3103 qui
3280 3035 3470 3104 injuria
3498 3035 3744 3094 afficiun-

2161 3126 2279 3185 tur;
2306 3135 2404 3176 nec
2429 3136 2587 3177 unam
2612 3131 2815 3177 tantum
2842 3123 2924 3180 vel
2951 3123 3104 3194 duas,
3127 3126 3219 3181 sed
3242 3136 3296 3183 et
3317 3128 3619 3186 innumeras
3642 3147 3747 3189 cae-

2160 3210 2256 3266 des
2286 3212 2399 3267 tieri
2436 3212 2591 3269 facile
2615 3216 2939 3271 curaverint.
2970 3217 3230 3274 Similium
3262 3235 3422 3290 porro
3451 3221 3744 3282 facinorum

2163 3302 2315 3357 multi
2355 3312 2517 3359 testes
2554 3313 2697 3361 sunt.
2739 3306 2795 3362 ld
2837 3309 2996 3363 etiam
3044 3309 3134 3364 illa
3173 3319 3299 3367 tunc
3338 3311 3495 3381 fecit,
3527 3329 3747 3385 sperans

2162 3402 2363 3449 tantum
2395 3395 2598 3451 facinus
2627 3398 2679 3452 in
2708 3397 3027 3455 oblivionem
3060 3402 3270 3458 tandem
3296 3419 3415 3459 esse
3442 3415 3741 3462 venturum.

2161 3482 2269 3539 Sed
2306 3487 2632 3543 contrarium
2673 3503 2893 3558 prorsus
2930 3494 3107 3548 evenit
3138 3510 3150 3547 :
3183 3509 3308 3549 nam
3347 3496 3502 3568 longe
3533 3498 3745 3556 clariori

2160 3590 2294 3632 voce
2323 3585 2504 3647 postea
2530 3577 2767 3638 Joannes
2791 3582 3060 3638 clamavit.

2231 3670 2286 3725 5.
2319 3669 2558 3740 Nequitia
2591 3674 2661 3726 ad
2697 3690 2918 3744 presens
2942 3686 3137 3747 tempus
3160 3679 3321 3733 soluat
3358 3681 3584 3751 respicit.
3609 3681 3746 3737 Pec-

2159 3772 2326 3815 catum
2352 3780 2453 3818 non
2481 3766 2662 3835 tegitur
2688 3784 2776 3837 per
2802 3769 2945 3823 aliud
2972 3780 3248 3839 peccatum,
3274 3773 3364 3827 sed
3391 3791 3480 3844 per
3505 3778 3747 3846 perniten-

2160 3854 2303 3907 tt'am.
2328 3854 2564 3911 Convivia
2588 3873 2650 3912 ea:
2672 3859 2865 3929 rapinis
2894 3872 3040 3930 parta
3061 3879 3211 3935 quam
3239 3864 3431 3919 odiosa.
3452 3896 3525 3907 —
3550 3866 3743 3923 Verum

2159 3947 2391 4016 nequitia
2417 3947 2483 4003 ad
2516 3964 2750 4018 praesens
2778 3961 2977 4007 tantum
3006 3962 3214 4024 tempus
3237 3957 3471 4026 respicit,
3501 3958 3641 4015 sicut
3665 3960 3743 4015 fe-

2159 4039 2489 4107 bricitantes,
2521 4058 2642 4098 cum
2669 4059 2861 4115 aquam
2890 4046 3132 4116 frigidam
3164 4049 3533 4120 intempestive
3564 4063 3747 4123 postu-

2160 4132 2291 4188 lant.
2314 4134 2523 4189 Etenim
2547 4135 2647 4191 nisi
2669 4149 3031 4195 accusatorem
3049 4140 3361 4211 jugulasset,
3391 4142 3595 4199 facinus
3617 4144 3744 4199 illud

2160 4241 2267 4281 non
2315 4226 2385 4281 ita
2428 4228 2731 4299 evulgatum
2776 4229 2983 4286 fuisset.
3031 4232 3283 4301 Discipuli
3328 4248 3558 4304 namque
3592 4234 3742 4304 ejus,

2159 4321 2373 4391 quando
2402 4323 2454 4377 in
2482 4337 2753 4380 carcerem
2791 4324 3064 4395 conjectus
3101 4325 3238 4390 fuit,
3271 4325 3401 4380 nihil
3442 4326 3743 4396 hujusmodi

2159 4414 2410 4471 dixerunt
2439 4432 2598 4472 :cum
2625 4427 2800 4473 autem
2829 4418 3134 4474 interfectus
3163 4418 3280 4485 fuit,
3310 4429 3418 4473 tum
3450 4419 3595 4475 necis
3620 4435 3747 4475 cau-

2159 4521 2272 4561 sam
2296 4507 2568 4577 publicare
2588 4510 2754 4564 coacti
2781 4519 2924 4564 sunt.
2955 4510 3259 4565 Adulteram
3285 4511 3535 4581 obtegere
3562 4513 3746 4582 cupie-

2161 4599 2322 4667 bant,
2352 4615 2452 4656 nec
2486 4601 2690 4656 alienas
2718 4602 3047 4657 calamitates
3085 4602 3385 4672 publicare;
3417 4617 3539 4657 cum
3566 4613 3744 4661 autem

2160 4693 2213 4749 in
2248 4694 2498 4750 narrandi
2542 4696 2915 4751 necessitatem
2955 4696 3164 4751 deducti
3198 4704 3351 4762 sunt,
3388 4706 3513 4752 tunc
3541 4695 3746 4752 facinus

2160 4801 2320 4842 omne
2348 4795 2650 4842 recensent.
2680 4787 2759 4842 Ne
2786 4788 2904 4858 quis
2933 4786 3074 4842 enim
3104 4801 3318 4841 causam
3348 4787 3511 4843 caedis
3548 4788 3743 4843 malam

2160 4892 2281 4933 esse
2309 4879 2687 4948 suspicaretur,
2722 4888 2779 4934 ut
2811 4880 2860 4933 in
2892 4878 3107 4934 Theuda
3134 4886 3189 4934 et
3213 4877 3347 4933 Juda
3377 4879 3620 4951 contigit,
3655 4896 3747 4935 ve-

2161 4987 2275 5027 ram
2316 4970 2479 5027 caadis
2519 4986 2731 5026 causam
2778 4971 2976 5026 referre
3013 4981 3291 5042 coguntur.
3334 4970 3517 5040 Itaque
3545 4980 3746 5041 quanto

2162 5065 2330 5136 magis
2369 5072 2641 5134 peccatum
2671 5064 2943 5120 occultare
2971 5063 3071 5118 hoc
3101 5064 3260 5118 modo
3286 5062 3524 5118 volueris
3548 5103 3564 5129 ,
3599 5071 3747 5119 tanto

2162 5158 2331 5228 magis
2348 5156 2477 5212 illud
2493 5155 2729 5226 evulgas.
2746 5157 3024 5211 Peccatum
3042 5157 3183 5209 enim
3204 5170 3306 5210 non
3326 5170 3422 5225 per
3437 5156 3637 5225 peccati
3652 5154 3745 5209 ad.

2162 5251 2511 5306 ditamentum
2538 5250 2752 5319 tegitur,
2772 5248 2863 5303 sed
2891 5264 2985 5317 per
3002 5249 3366 5317 pteniteutiam
3388 5258 3441 5303 et
3462 5248 3746 5303 confessio-

2161 5359 2305 5401 nem.
2335 5341 2612 5411 Perpende
2639 5352 2813 5395 autem
2841 5340 3105 5409 quomodo
3135 5339 3250 5394 haec
3275 5339 3598 5409 evangelista
3625 5354 3745 5392 mo-

2160 5438 2347 5492 derate
2372 5442 2582 5499 narret,
2611 5444 2665 5489 et
2692 5442 2945 5503 quantum
2976 5432 3097 5487 licet
3127 5432 3328 5486 crimen
3361 5432 3584 5486 minuat.
3612 5429 3744 5485 Nam

2160 5528 2426 5586 Herodem
2452 5527 2503 5582 id
2533 5525 2723 5581 fecisse
2751 5524 2879 5578 dicit
2909 5533 3123 5594 propter
3147 5522 3505 5594 juramentum
3535 5532 3592 5577 et
3614 5536 3746 5576 cou-

2162 5623 2308 5677 vivas
2330 5662 2344 5685 ,
2374 5622 2652 5690 ipsumque
2678 5616 3051 5672 contristatum
3080 5614 3244 5670 fuisse
3276 5633 3289 5668 :
3318 5614 3385 5669 de
3410 5612 3584 5683 puella
3618 5626 3745 5667 vero

2161 5716 2289 5771 dicit
2314 5714 2481 5785 ipsam
2511 5729 2541 5768 a
2569 5722 2739 5767 matre
2769 5708 3137 5779 praemonitam
3167 5706 3328 5760 fuisse
3350 5745 3364 5769 ,
3395 5713 3453 5759 et
3479 5712 3637 5773 caput
3661 5710 3744 5755 at-

2164 5812 2346 5867 tulisse
2374 5810 2545 5875 matri,
2578 5823 2639 5864 ac
2670 5808 2712 5862 si
2745 5806 2966 5871 diceret,
2998 5801 3141 5857 Illius
3163 5799 3309 5871 jussa
3336 5796 3743 5870 exsequebatur.
