4108 6376
373 241 477 296 495

377 357 577 427 μᾶλλον
624 358 792 428 αὐτὴν
842 359 1232 428 ἐκπομπεύεις.
1287 359 1553 431 Ἀμαρτία
1601 360 1706 429 γὰρ
1755 359 1851 428 οὐχ
1897 357 2043 430 1500]

374 436 648 506 ἁμαρτίας
682 437 965 509 προσθήκῃ
992 437 1310 507 κρύπτεται,
1359 439 1494 492 άλλά
1536 439 1795 511 μετανοίᾳ
1828 441 1922 492 καὶ
1954 439 2031 504 ἐξ·

373 514 717 584 ομολογήσει.
747 515 854 568 Θέα
883 516 940 568 δὲ
976 516 1067 569 τὸν
1111 518 1536 589 εὐαγγελιστὴν,
1570 517 1688 580 πῶς
1719 518 2044 588 ἀνεπαχθῶς

373 595 550 647 πάντα
590 595 877 662 διηγεῖται,
915 598 1008 649 καὶ
1033 596 1107 659 ὼς
1136 593 1248 650 οἷόν
1278 598 1338 650 τέ
1368 599 1515 650 ἐστιν
1544 596 1694 667 αὐτῷ
1730 598 1824 651 καὶ
1849 597 2046 651 ἀπολο-

372 673 494 742 γίαν
522 674 848 746 συντίθησιν.
886 675 1056 747 Ὑπὲρ
1088 675 1186 744 μὲν
1215 677 1324 747 γάρ
1361 674 1457 728 τοῦ
1492 675 1730 747 Ἡρώδου
1758 677 1924 744 φησί·
1959 676 2047 731 διὰ

372 753 498 815 τοὺς
519 754 715 823 ὅρκους
744 754 836 805 καὶ
864 755 988 815 τοὺς
1014 755 1634 824 συνανακειμένους,καὶ
1662 755 1743 808 ὅτι
1765 755 2006 826 ἐλυπήθη
2027 771 2041 785 ·

372 833 499 902 περί
527 833 583 885 δὲ
613 833 708 902 τῆς
739 832 927 904 κόρης,
959 834 1041 886 ὅτι
1088 834 1516 904 προϐιϐασθεῖσα
1547 834 1652 886 ὑπὸ
1675 834 1775 904 τῆς
1817 834 2042 905 μητρὸς,

372 911 465 963 καὶ
489 911 570 961 ὅτι
595 911 790 981 ἤνεγκε
820 914 884 979 τῇ
921 913 1086 981 μητρὶ
1113 912 1211 982 τῆν
1245 911 1546 982 κεφαλην³¹
1565 929 1578 941 ο
1604 911 1804 966 ὡσανεὶ
1835 913 2042 981 ἔλεγεν,

383 988 625 1057 Ἐκείνης
654 989 714 1039 :5
754 990 1080 1060 πρόσταγμα
1137 989 1397 1061 ἐπλήρου.
1451 990 1524 1043 Οὐ
1581 991 1689 1063 γὰρ
1740 992 1879 1062 ὑπὲρ
1937 992 2045 1045 τῶν

370 1066 554 1130 κακῶς
590 1067 926 1137 πασχόντων,
959 1068 1072 1120 ἀλλ’
1101 1069 1238 1138 ὑπὲρ
1270 1068 1378 1120 τῶν
1422 1068 1716 1121 ποιούντων
1763 1069 1808 1100 ³⁸
1854 1069 2046 1138 ἀλγοῦ-

371 1163 455 1200 σιν
513 1148 562 1199 οἱ
624 1146 824 1200 δίκαιοι
901 1147 1135 1212 πάντες,
1197 1146 1383 1217 ἐπειδὴ
1447 1148 1539 1199 καὶ
1602 1140 1749 1200 οὗτοι
1808 1150 2044 1219 μάλιστα

369 1226 419 1277 οἱ
470 1226 768 1296 πάσχοντές
824 1228 928 1280 εἰσι
986 1227 1190 1290 κακῶς.
1245 1225 1380 1278 Οὐδὲ
1448 1225 1557 1295 γὰρ
1624 1228 1876 1299 Ἰωάννης
1928 1227 2046 1296 ἡδί-

371 1322 525 1377 κητο,
567 1307 682 1359 ἀλλ’
727 1299 873 1360 οῦτοι
920 1309 968 1360 οί
1010 1307 1184 1361 ταῦτα
1230 1307 1275 1338 ³⁸
1322 1308 1826 1370 κατασκευάσαντες
1879 1307 2041 1362 οὓτω.

372 1383 419 1414 ³⁸
453 1384 686 1447 Τούτους
732 1387 822 1438 καί
859 1388 1018 1456 ἡμεῖς
1049 1384 1365 1456 μιμώμεθα.
1389 1386 1484 1439 καὶ
1513 1387 1588 1457 μὴ
1625 1388 2045 1458 ἐπεμϐαίνωμεν

369 1465 490 1525 ταῖς
522 1464 630 1516 τῶν
653 1465 877 1535 πλησίον
904 1466 1234 1536 ἁμαρτίαις,
1268 1466 1382 1518 ἀλλ’
1415 1467 1538 1522 ὅσον
1570 1468 1635 1520 άν
1667 1467 1782 1541 δέῃ,
1820 1469 2046 1522 συσκιά-

371 1543 572 1614 ζωμεν.
614 1545 996 1616 Ἀναλάϐωμεν
1038 1546 1326 1614 φιλόσοφον
1355 1546 1554 1618 ψυχήν.
1599 1548 1709 1600 K01
1737 1550 1846 1618 γάρ
1886 1550 1978 1603 καί
2017 1551 2046 1602 ὁ

345 1623 760 1694 οεύαγγελιστὴς
791 1624 930 1694 ὑπὲρ
961 1624 1168 1696 πόρνης
1198 1625 1293 1676 καὶ
1339 1625 1624 1694 μιαιφόνου
1655 1628 1915 1695 γυναικὸς
1940 1629 2046 1682 δια-

369 1702 660 1780 λεγόμενος
695 1704 1007 1774 ἀνεπαχθὴς
1037 1705 1276 1771 ἐγένετο,
1310 1705 1385 1766 ὡς
1407 1701 1518 1758 οἷόν
1547 1723 1607 1758 τε
1631 1703 1721 1778 ἦν.
1761 1708 1896 1761 Οὐδέ
1935 1709 2044 1780 γὰρ

369 1779 543 1846 εἶπεν,
572 1783 705 1836 ’Υπὺ
731 1783 830 1851 τῆς
857 1784 1140 1853 μιαιφόνου
1169 1783 1264 1836 καὶ
1298 1783 1546 1852 ἐναγοῦς,
1571 1785 1728 1849 ἀλλά,
1757 1779 2042 1855 Προϐιϐαὲ

368 1861 585 1914 σθεῖσα
613 1862 732 1916 ὑπὸ
761 1860 873 1928 τῆς
891 1863 1136 1930 μητρὸς,
1166 1861 1273 1915 ἀπὸ
1300 1862 1408 1914 τῶν
1432 1863 1827 1936 εὐφημοτέρων
1863 1867 2044 1920 καλῶν

369 1942 664 2011 ὀνομάτων.
687 1941 758 1992 Σὺ
781 1941 838 1993 δέ
865 1943 956 1992 καὶ
978 1941 1221 2012 ὑϐρίζεις
1254 1941 1348 1993 καὶ
1377 1945 1709 2013 κακηγορεῖς
1730 1944 1775 1976 ³⁸
1802 1944 1892 1999 τὸν
1911 1945 2047 2017 πλη-

371 2020 483 2072 σίον
507 2061 522 2087 ,
557 2021 649 2072 καὶ
701 2020 800 2072 οὐκ
851 2020 916 2072 ἄν
957 2020 1212 2090 ἀνάσχοιό
1231 2019 1276 2050 ³⁸
1314 2036 1443 2072 ποτε
1480 2021 1846 2094 λελυπηκότος
1873 2025 2046 2088 οὕτως

370 2099 600 2168 ἀδελφοῦ
637 2098 970 2172 μνησθῆναι,
1001 2100 1073 2163 ὼς
1110 2103 1314 2162 ἐκεῖνος
1350 2101 1449 2172 τῆς
1485 2101 1711 2173 πόρνης,
1743 2103 1878 2158 ἀλλὰ
1908 2106 2047 2174 μετά

371 2177 569 2248 πολλῆς
601 2181 697 2249 τῆς
731 2178 1024 2249 θηριωδίας
1051 2178 1145 2231 καὶ
1178 2177 1287 2230 τῶν
1315 2179 1555 2243 ὀνειδῶν,
1585 2180 1676 2233 τὸν
1725 2182 1961 2254 πονηρὸν
1979 2183 2044 2243 ³⁷,

368 2259 460 2312 τὸν
513 2259 840 2329 κακοῦργον,
887 2259 977 2312 τὸν
1013 2258 1264 2324 ὓπουλον,
1314 2260 1408 2312 τὸν
1448 2261 1697 2332 ἀνόητον,
1740 2263 1833 2315 καὶ
1877 2263 2048 2316 πολλὰ

370 2339 454 2391 ἓτε
464 2355 530 2409 ρα
550 2339 907 2410 χαλεπώτερα
931 2338 1137 2393 τούτων
1167 2338 1368 2393 καλῶν.
1387 2341 1494 2392 Καὶ
1514 2339 1622 2410 γὰρ
1644 2341 1898 2413 ἐκθηριού
1909 2343 2047 2413 μεθα

375 2417 594 2487 μᾶλλον,
619 2418 713 2471 καὶ
743 2417 817 2480 ῶς
850 2419 976 2489 περὶ
998 2417 1316 2485 ἀλλογενοῦς
1351 2418 1637 2489 ἀνθρώπου
1667 2420 2044 2491 διαλεγόμεθα,

371 2495 722 2562 κακίζοντες,
769 2496 1168 2567 λοιδορούμενοι
1187 2497 1252 2562 ³⁸,
1307 2497 1638 2568 ὑϐρίζοντες.
1685 2499 1824 2552 Ἀλλ’
1863 2501 1961 2570 οὐχ
1998 2503 2047 2553 οἱ

370 2575 514 2643 ἆγιοι
547 2573 720 2638 οὕτως
740 2591 754 2605 ·
783 2575 920 2628 ἀλλά
944 2575 1204 2646 θρηνοῦσι
1235 2575 1434 2646 μᾶλλον
1464 2577 1589 2639 τοὺς
1611 2577 2046 2650 ἁμαρτάνοντας,

369 2655 402 2725 ἦ
439 2655 804 2725 καταρῶνται.
849 2653 1021 2706 Τοῦτο
1073 2654 1136 2726 δὴ
1177 2656 1272 2707 καὶ
1315 2658 1476 2726 ἡμεῖς
1511 2657 1775 2726 ποιῶμεν,
1813 2659 1906 2712 καὶ
1951 2659 2047 2712 δα-

371 2733 628 2804 κρύωμεν
657 2736 755 2804 τὴν
792 2734 1126 2802 Ἡρωδιάδα,
1171 2735 1420 2798 καὶτοὺς
1473 2735 1687 2804 ἐκείνην
1728 2737 2044 2807 ζηλοῦντας.

369 2813 546 2866 Πολλά
575 2813 684 2884 γάρ
703 2813 797 2866 καὶ
825 2813 921 2865 νῦν
949 2813 1175 2865 τοιαῦτα
1200 2813 1479 2880 συμπόσια
1504 2815 1712 2882 γίνεται
1736 2835 1748 2847 ·
1777 2817 1881 2870 κᾶν
1906 2819 1980 2889 μὴ
2000 2818 2044 2851 ³³

382 2892 635 2962 Ἰωάννης
669 2892 989 2961 ἀναιρῆται,
1036 2889 1174 2942 ἀλλὰ
1219 2889 1314 2942 τοῦ
1344 2891 1582 2959 Χριστοῦ
1621 2892 1692 2945 τὰ
1742 2895 1876 2967 μέλη
1899 2936 1914 2958 ,
1950 2897 2047 2949 καὶ

369 2970 551 3040 πολλῷ
587 2971 984 3042 χαλεπώτερον.
1017 2971 1094 3023 Οὐ
1124 2971 1232 3040 γὰρ
1281 2971 1523 3042 κεφαλὴν
1559 2974 1802 3028 αἰτοῦσιν
1833 2976 1926 3029 ἐπὶ
1955 2978 2047 3028 πί-

368 3052 564 3103 νακιοὶ
601 3051 695 3102 νῦν
725 3050 1069 3122 ὀρχούμενοι,
1107 3049 1242 3102 ἀλλά
1271 3050 1367 3113 τὰς
1395 3049 1573 3120 ψυχάς
1615 3052 1723 3105 τῶν
1762 3055 2045 3126 ἀνακειμέ-

369 3129 558 3182 νωνδο.
604 3131 773 3182 Ὅταν
817 3130 925 3200 γὰρ
965 3129 1185 3193 δούλους
1233 3129 1489 3192 αὐτοίδςδι
1543 3131 1775 3197 ποιῶσι,
1825 3135 1918 3186 καὶ
1970 3137 2044 3197 εἰς

371 3209 721 3280 παρανόμους
752 3209 960 3276 ἔρωτας
990 3210 1182 3276 ἄγωσι,
1233 3209 1329 3261 καὶ
1377 3209 1582 3280 πόρνας
1623 3211 2044 3283 ἐπιτειχίζωσιν,

369 3291 489 3360 οὐχ).
532 3290 630 3362 τὴν
676 3290 918 3361 κεφαλὴν
957 3289 1292 3358 ἀναιροῦσιν,
1339 3288 1475 3340 ἀλλὰ
1507 3289 1605 3360 τὴν
1648 3292 1826 3363 ψυχὴν
1880 3295 2049 3362 σφάτ-

368 3386 543 3431 τουσι,
575 3371 794 3440 μοιχοὺς
825 3370 1182 3441 ἐργαζόμενοι
1227 3367 1322 3419 καὶ
1354 3368 1644 3440 θηλυδρίας
1675 3374 1766 3424 καὶ
1793 3372 2045 3444 πόρνους.

371 3451 444 3501 Οὐ
479 3451 588 3520 γὰρ
631 3447 692 3519 δή
729 3466 818 3518 μοι
851 3450 1016 3520 ἐρεῖς,
1061 3447 1134 3510 ὼς
1189 3447 1482 3516 οἰνωμένος
1525 3451 1618 3502 καὶ
1665 3451 1898 3521 μεθύων,
1955 3453 2050 3507 καὶ

369 3532 606 3597 γυναῖκα
653 3529 991 3599 ὀρχουμένην
1015 3529 1109 3579 καὶ
1134 3526 1592 3596 αἰσχρολογοῦσαν
1635 3532 1806 3602 ὀρῶν,
1839 3534 1900 3584 οὐ
1947 3534 2051 3585 πά-

375 3624 525 3677 σχεις
549 3626 601 3660 τι
631 3608 762 3676 7:95;
791 3606 981 3678 αὐτὴν,
1013 3607 1133 3659 οὐδέ
1157 3606 1364 3679 ἐκφέρῃ
1387 3607 1522 3676 πρὸς
1553 3608 1791 3663 ἀσωτίαν
1821 3611 1926 3664 ὐπὸ
1949 3611 2050 3682 τῆς

374 3686 567 3758 ἡδονῆς
617 3689 946 3756 ἡττώμενος.
981 3687 1090 3739 K01
1124 3687 1350 3755 πάσχεις
1392 3687 1568 3739 ἐκεῖνο
1604 3688 1664 3740 τὸ
1699 3691 1948 3760 φρικτὸν,
1980 3692 2051 3745 τά

379 3766 513 3836 μέλη
546 3767 637 3819 τοῦ
662 3765 895 3837 Χριστοῦ
929 3766 1062 3836 μέλη
1101 3765 1305 3836 πόρνης
1336 3766 1584 3820 ποιῶν⁶²,
1623 3767 1684 3821 lsi
1719 3770 1827 3838 γὰρ
1859 3772 1950 3823 καὶ
1976 3771 2052 3842 μὴ

375 3847 408 3916 ἠ
458 3846 704 3918 θυγάτηρ
740 3846 1065 3918 Ἡρωδιάδος
1095 3847 1378 3916 πάρεστιν,
1415 3846 1529 3898 ἀλλ’
1557 3850 1586 3900 5
1616 3847 1683 3900 δι’
1718 3850 1930 3918 ἐκείνης
1963 3852 2054 3922 ὀρ-

377 3926 688 3996 χησάμενος
718 3927 842 3978 τότε
891 3925 1135 3987 διάϐολος
1176 3925 1270 3978 καὶ
1311 3927 1398 3982 διὰ
1431 3927 1637 3979 τούτων
1685 3929 1898 3999 χορεύει
1933 3929 2049 3990 νῦν,

378 4006 473 4058 καὶ
515 4006 613 4068 τάς
653 4005 833 4074 ψυχάς
870 4005 978 4057 τῶν
1025 4006 1396 4074 ἀνακειμένων
1431 4005 1824 4076 ξαίχμαλώτους
1875 4009 2054 4062 λαϐὼν

376 4083 613 4138 ἄπεισιν.
664 4085 726 4136 Εἰ
760 4083 816 4136 δὲ
853 4084 1010 4154 ὑμεῖς
1042 4082 1268 4136 δύνασθε
1303 4085 1473 4155 μέθης
1521 4085 1702 4156 μένειν
1732 4087 1910 4150 ἐκτὸς,
1939 4088 2052 4140 ἀλλ’

377 4164 572 4234 ἐτέρας
619 4166 924 4216 κοινωνεῖτε
973 4164 1250 4233 ἁμαρτίας
1295 4164 1774 4234 χαὶεπωτάτης⁶³ο
1804 4167 1898 4219 καὶ
1943 4167 2051 4238 γὰρ

377 4242 588 4295 πολλῶν
623 4242 886 4314 ἁρπαγῶν
921 4243 988 4295 τὰ
1017 4242 1240 4295 τοιαῦτα
1277 4246 1437 4314 γέμει
1468 4245 1763 4314 συμπόσια.
1811 4246 1902 4316 Μὴ
1942 4249 2051 4318 γάρ

380 4323 561 4392 μοιτά
587 4324 968 4394 παρακείμενα
984 4321 1026 4352 ⁵⁸
1049 4323 1185 4392 κρέα
1215 4321 1350 4394 ἴδῃς,
1375 4324 1509 4394 μηδέ
1536 4325 1663 4386 τοὺς
1689 4325 2048 4390 πλακοῦντας·

376 4401 514 4455 ἀλλά
546 4403 710 4456 πόθεν
759 4403 1096 4456 συνείλεκται
1140 4401 1340 4463 ἐννόει,
1378 4402 1530 4474 [501]
1583 4405 1676 4456 καὶ
1710 4403 1830 4472 ὄψει
1869 4405 1951 4458 ὅτι
1995 4405 2054 4471 ἐξ

377 4484 641 4553 ἐπηρείας
679 4484 777 4537 καὶ
827 4482 1136 4546 πλεονεξίας
1166 4483 1261 4533 καὶ
1290 4481 1408 4550 βίας
1454 4483 1545 4535 καὶ
1595 4483 1866 4552 ἁρπαγῆς.
1914 4483 2051 4536 Ἀλλ’

376 4564 477 4616 οὐκ
503 4563 648 4618 ἔστιν
673 4566 736 4617 ἐκ
762 4563 966 4617 τούτων
995 4562 1190 4625 ταῦτα,
1221 4561 1374 4630 φησί.
1407 4561 1498 4631 Μὴ
1529 4561 1739 4629 γένοιτο
1758 4579 1770 4590 ο
1799 4561 1918 4614 οὐδέ
1941 4564 2051 4634 γὰρ

377 4641 490 4712 ἐγὼ
517 4642 798 4714 βούλομαι.
836 4644 982 4714 Πλὴν
1011 4645 1058 4694 εἰ
1085 4642 1178 4693 καὶ
1205 4641 1410 4694 τούτων
1439 4638 1756 4710 καθαρεύοι,
1797 4639 1916 4692 οὐδέ
1959 4640 2050 4693 οὗ⁹

375 4739 484 4786 τως
546 4723 905 4793 ἐγκλημάτων
961 4724 1028 4776 τὰ
1098 4720 1360 4790 πολυτελῆ
1429 4719 1620 4772 δεῖπνα
1679 4719 2046 4786 ἀπήλλακται.

381 4804 648 4859 Ἄκουσον
676 4803 806 4870 γοῦν
836 4805 927 4854 καὶ
967 4801 1134 4872 χωρίς
1159 4801 1362 4854 τούτων
1389 4798 1502 4862 πῶς
1529 4797 1752 4866 ἐγκαλεῖ
1778 4801 1805 4850 ὁ
1831 4800 2047 4870 προφή-

377 4901 496 4952 της,
527 4880 668 4936 οὕτω
708 4882 911 4950 λέγων’
946 4881 1087 4934 Οὐαὶ
1121 4883 1173 4932 οἱ
1214 4879 1493 4944 πίνοντες
1523 4879 1630 4933 τὸν
1655 4877 2049 4946 διυλισμένον

377 4959 567 5028 οἶνον,
601 4961 701 5015 καὶ
727 4962 798 5016 τὰ
829 4958 1028 5028 πρῶτα
1049 4960 1212 5029 μύρα
1237 4959 1559 5028 χρώμενοι.
1607 4957 1770 5029 Ὀρᾷς
1815 4958 1930 5021 πῶς
1955 4959 2048 5012 καὶ

447 5121 491 5152 ³¹
520 5120 630 5191 τὴν,
671 5116 1083 5191 κεφαλὴνῇιηιι..
1135 5115 1268 5191 Μοιζ.
1321 5113 1454 5168 Ben.
1531 5115 1575 5146 ³¹
1622 5113 1955 5191 ποιούντων]

377 5192 424 5226 ³⁸
471 5189 663 5260 Incipit
698 5191 759 5242 τὸ

1155 244 1214 299 S.
1257 241 1545 298 JOANNIS
1583 236 2076 298 CHRYSOSTOMI
2119 237 2441 294 ARCHIEP.
2479 237 3030 296 CONSTANTINOP.

3716 237 3831 285 495

2147 359 2362 430 τρυφῆς
2416 361 2744 430 κατηγορεῖ;
2799 357 2933 412 Οὐδὲ
2977 355 3088 427 γὰρ
3116 353 3432 419 πλεονεξίαν
3467 353 3698 410 ἐνταῦθα
3741 357 3834 408 αἱ·

2146 441 2349 504 τιᾶται,
2385 440 2500 493 ἀλλ’
2535 440 2776 494 ἀσωτίαν
2812 438 2992 510 μόνον.

2220 526 2294 582 ς’.
2336 521 2445 572 Καὶ
2489 521 2552 572 σὺ
2600 520 2698 590 μὲν
2739 520 2818 582 εἰς
2863 515 3131 587 ἀμετρίαν
3159 513 3390 577 εσθίεις.
3433 515 3462 568 5
3507 513 3564 567 δέ
3595 516 3835 586 Χριστὸς

2146 595 2267 650 οὐδὲ
2305 597 2384 660 εἰς
2411 597 2620 666 χρείαν⁶
2649 597 2712 649 σὺ
2731 597 2778 628 ⁸⁵
2813 595 2911 666 μὲν
2934 591 3273 654 πλακοῦντας
3294 590 3600 662 διαφόρους,
3623 594 3835 657 ἐκεῖνος

2145 675 2203 729 δὲ
2232 675 2353 728 οὐδὲ
2391 675 2556 746 ἄρτον
2607 673 2768 744 ξηρόν
2789 691 2802 705 ·
2854 673 2917 725 σὺ
2952 671 3150 724 Θάσιον
3195 666 3355 729 οἶνον.
3385 671 3577 742 ἐκείνῳ
3617 671 3674 725 δὲ
3707 673 3833 726 οὐδὲ

2145 752 2353 823 ψυχρὸν
2393 754 2675 816 ἐπέδωκας
2705 753 2964 824 ποτήριον
3007 750 3264 820 διψῶντι·
3305 751 3367 804 σὺ
3401 752 3497 820 μὲν
3529 753 3620 806 ἐπὶ
3650 769 3834 822 στρω-

2152 835 2290 903 μνῆς
2315 833 2531 904 ἁπαλῆς
2575 834 2668 886 καὶ
2690 830 3143 900 πεποικιλμένης.
3171 832 3199 883 5
3219 828 3274 882 δὲ
3302 828 3404 882 51:5
3429 829 3523 882 :06
3553 830 3765 900 κρυμοῦ
3784 831 3835 863 ⁸⁸

2147 912 2536 983 διαφθείρεται.
2585 913 2676 965 Διὸ
2709 912 2812 965 κᾶν
2846 910 3160 976 πλεονεξίας
3211 906 3483 984 καθαράᾖ
3518 912 3586 965 τά
3617 912 3830 976 δεῖπνα,

2149 993 2244 1044 καὶ
2271 991 2446 1055 οὕτως
2477 993 2686 1045 50:11:"
2727 991 2931 1060 ἐναγῆ,
2981 991 3063 1043 ὅτι
3105 990 3168 1042 σὺ
3207 989 3305 1056 μὲν
3345 989 3486 1062 ὑπὲρ
3513 990 3612 1062 τὴν
3637 993 3833 1060 χρείαν

2151 1074 2329 1126 πάντα
2360 1075 2552 1136 ποιεῖς,
2579 1071 2770 1140 ἐκείνῳ
2793 1071 2849 1124 δέ
2876 1070 2995 1124 οὐδέ
3014 1077 3112 1140 τὴν
3128 1074 3317 1139 χρείαν
3337 1071 3510 1133 δίδως,
3538 1072 3631 1125 καὶ
3654 1072 3832 1126 ταῦτα

2147 1151 2428 1222 ἐντρυφῶν
2461 1155 2572 1214 τοῖς
2605 1151 2794 1206 αὐτοῦ.
2837 1149 2976 1203 Ἀλλ’
3016 1153 3065 1203 εἰ
3091 1151 3279 1213 7:0:55;
3312 1151 3409 1221 95v
3439 1152 3831 1222 ἐπετρόπευες,

2147 1232 2242 1283 καὶ
2273 1228 2452 1283 λαϐὼν
2482 1229 2550 1282 τά
2579 1230 2742 1284 αὐτοῦ
2763 1271 2778 1294 ,
2817 1228 3129 1301 περιεώρας
3162 1229 3324 1282 αὐτὸν
3361 1231 3417 1282 ἐν
3441 1233 3553 1293 τοῖς
3579 1232 3832 1300 ἐσχάτοις

2147 1308 2295 1372 ὄντα,
2345 1309 2573 1380 μυρίους
2620 1308 2687 1361 ἂν
2723 1308 2879 1379 ἔσχες
2909 1309 3285 1379 κατηγόρους,
3317 1309 3411 1362 καὶ
3448 1309 3546 1378 τὴν
3573 1309 3680 1360 ἀπὸ
3717 1309 3831 1361 τῶν

2148 1388 2328 1458 νόμων
2353 1388 2558 1451 ἔδωκας
2583 1387 2647 1441 ἂν
2683 1388 2838 1457 δίκην
2858 1403 2874 1419 ο
2909 1387 2978 1440 τὰ
3005 1386 3061 1440 δὲ
3089 1387 3183 1439 τοῦ
3217 1386 3456 1458 Χριστοῦ
3485 1386 3687 1450 λαϐὼν,
3729 1388 3832 1440 καὶ

2147 1465 2291 1519 οὕτω
2337 1466 2514 1538 μάτην
2546 1466 2881 1530 ἀναλίσκων,
2923 1467 3022 1536 οὐχ
3051 1467 3158 1537 ἡγῇ
3190 1465 3381 1519 δώσειν
3410 1466 3675 1532 εὐθύνας;
3717 1467 3830 1521 K01

2149 1546 2321 1599 ταῦτα
2363 1547 2423 1599 οὐ
2459 1547 2722 1617 περὶτῶν
2771 1547 2868 1610 τὰς
2911 1547 3114 1617 πόρνας
3152 1550 3271 1610 ταῖς
3312 1546 3614 1617 τραπέζαις
3646 1547 3830 1601 αὐτῶν

2150 1626 2550 1694 ἐπεισαγόντων
2573 1626 2738 1695 λέγωο
2762 1626 2919 1697 (7:95;
2936 1627 3044 1696 γὰρ
3069 1625 3312 1688 ἐκείνους
3337 1624 3511 1689 οὐδείς
3538 1643 3627 1694 μοι
3643 1625 3827 1693 λόγος,

2147 1707 2335 1777 ὥσπερ
2377 1705 2497 1758 οὐδὲ
2524 1704 2660 1777 πρὸς
2692 1706 2819 1768 τοὺς
2865 1705 3096 1774 κύναςο)
3128 1705 3248 1757 οὐδέ
3296 1705 3426 1775 7:591
3480 1705 3588 1757 τῶν
3631 1705 3830 1758 πλεον-

2146 1786 2448 1838 εκτούντων
2486 1784 2580 1837 καὶ
2622 1784 2837 1853 ἐτέρους
2863 1782 3296 1854 γαστριζόντων’
3341 1783 3503 1850 (οὐδέ
3541 1782 3650 1854 γάρ
3689 1785 3829 1855 πρὸς

2146 1863 2340 1927 αὐτούς
2368 1863 2482 1916 ἐστί
2503 1863 2556 1915 τί
2591 1881 2678 1934 μοι
2707 1864 2902 1924 κοινὸν,
2927 1862 3115 1932 ῶσπερ
3143 1863 3263 1915 οὐδέ
3291 1861 3427 1932 πρὸς
3457 1865 3583 1926 τοὺς
3606 1864 3828 1935 χοίρους

2146 1944 2303 1998 x01“
2349 1943 2475 2006 τοὺς
2507 1941 2770 2011 λύκους·)
2810 1943 2947 1997 ἀλλά
2981 1943 3110 2013 περί
3150 1941 3258 1994 τῶν
3306 1940 3686 1996 ἀπολαυόντων
3728 1944 3830 2014 μέν

2145 2024 2242 2092 τῆς
2277 2023 2413 2086 ἰδίας
2451 2023 2661 2086 οὐσίας,
2695 2024 2755 2076 οὐ
2786 2022 3176 2094 μεταδιδόντων
3199 2021 3254 2074 δέ
3289 2021 3517 2092 ἐτέροις,
3547 2025 3674 2094 7:591
3714 2022 3828 2077 τῶν

2145 2099 2214 2153 τὰ
2258 2101 2486 2170 πατρῷα
2525 2102 3032 2172 καταναλισκόντων
3079 2101 3283 2164 ἁπλῶς.
3338 2101 3472 2154 Οὐδὲ
3516 2103 3623 2174 γάρ
3675 2096 3826 2157 οῦτοι

2146 2181 2479 2252 κατηγορίας
2505 2181 2679 2245 ἐκτός.
2709 2181 2831 2244 Πῶς
2852 2182 2982 2251 γάρ,
3011 2181 3131 2235 εἰπέ
3159 2199 3268 2252 μοι,
3295 2181 3555 2256 διαφεύξῃ
3588 2200 3828 2250 κατηγο-

2151 2259 2272 2330 ρίαν
2294 2261 2387 2312 καί
2410 2260 2730 2329 ἐγκλήματα
2752 2260 2818 2323 ⁸³,
2844 2261 2972 2312 ὅταν
2994 2261 3021 2312 5
3040 2261 3136 2330 μέν
3164 2259 3461 2331 παράσιτός
3491 2279 3584 2314 σου
3605 2262 3829 2330 γαστρί-

2148 2337 2306 2406 ζηται
2343 2338 2437 2390 καὶ
2471 2340 2499 2391 5
2525 2338 2671 2391 κύων
2701 2337 2988 2408 παρεστὼς
3002 2338 3070 2400 ⁵ο,
3114 2341 3142 2391 ὁ
3180 2338 3237 2390 δέ
3278 2338 3512 2408 Χριστὸς
3541 2339 3673 2409 μηδέ
3699 2339 3825 2392 τού-

2145 2433 2254 2469 των
2285 2417 2431 2483 ἄξιός
2474 2434 2554 2470 σοι
2585 2418 2874 2486 φαίνηται;
2908 2418 3035 2470 ὅταν
3059 2420 3086 2470 5
3131 2417 3226 2486 μὲν
3272 2417 3412 2488 ὑπὲρ
3435 2417 3666 2484 γέλωτος
3701 2436 3827 2471 τοσ-

2147 2495 2288 2549 αῦτα
2324 2495 2613 2568 λαμϐάνῃ,
2659 2498 2687 2549 ὁ
2725 2496 2783 2549 δὲ
2823 2497 2962 2566 ὑπὲρ
3012 2496 3286 2566 βασιλείας
3325 2495 3567 2567 οὐρανῶν
3606 2498 3726 2550 οὐδὲ
3762 2498 3825 2550 τὸ

2147 2575 2436 2630 πολλοστὸν
2466 2577 2706 2641 τούτων;
2739 2578 2833 2629 καὶ
2854 2579 2881 2630 5
2906 2577 3003 2646 μὲν
3034 2577 3119 2630 ἵνα
3141 2594 3192 2629 τι
3223 2577 3352 2648 εῖπῃ
3381 2577 3593 2629 ἀστεῖον
3613 2577 3827 2648 ἐμπλη-

2151 2655 2298 2717 σθεὶς
2327 2653 2590 2724 ἀπῆλθεν,
2625 2649 2778 2718 οὗτος
2805 2655 2862 2708 δὲ
2891 2654 3104 2719 διδάξας
3134 2655 3311 2725 ἡμᾶς,
3357 2654 3391 2708 ἃ
3433 2654 3508 2726 μὴ
3555 2656 3822 2725 μαθόντες

2149 2734 2298 2786 οὐδὲν
2329 2733 2394 2787 ἂν
2431 2733 2537 2786 τῶν
2573 2733 2748 2786 κυνῶν
2775 2733 3115 2804 διεφέρομεν,
3148 2732 3266 2786 οὐδέ
3301 2732 3408 2785 τῶν
3435 2734 3615 2786 αὐτῶν
3645 2734 3825 2802 ἀξιοῦ-

2147 2828 2236 2863 ται
2269 2812 2496 2882 ἐκείνῳ;
2529 2813 2774 2882 Φρίττεις
2802 2813 3014 2865 ἀκούων
3034 2813 3076 2843 δι
3101 2829 3115 2877 ;
3144 2811 3352 2864 Οὐκοῦν
3380 2812 3568 2884 φρῖξον
3592 2815 3685 2867 57:1
3715 2814 3824 2868 τῶν

2149 2889 2345 2960 ἔργων.
2381 2891 2616 2943 Ἔκϐαλε
2640 2893 2762 2956 τοὺς
2789 2895 3142 2961 παρασίτους,
3167 2891 3260 2943 καὶ
3289 2891 3512 2963 ποίησον
3547 2911 3819 2962 συγκαταο

2149 2970 2423 3022 κλίνεσθαί
2461 2987 2544 3022 σοι
2593 2970 2682 3023 τὸν
2713 2970 2967 3040 Χριστόν.
3002 2971 3097 3022 "Av
3129 2969 3270 3022 ἀλῶν
3303 2969 3349 3000 ⁵⁸
3386 2973 3688 3043 κοινωνήσῃ
3730 2972 3825 3026 καὶ

2147 3049 2428 3121 τραπέζης
2450 3091 2466 3115 ,
2503 3051 2715 3120 ἥμερος
2761 3049 2914 3101 ἔσται
2963 3065 3044 3099 σοι
3084 3048 3320 3111 δικάζων
3343 3064 3355 3078 ·
3388 3045 3526 3102 οἶδεν
3559 3049 3823 3103 αἰδεῖσθαι

2148 3129 2446 3199 τράπεζαν.
2474 3131 2537 3182 Εἰ
2563 3132 2670 3199 γάρ
2707 3128 2900 3198 λῃσταὶ
2932 3128 3098 3191 ἴσασι,
3127 3127 3308 3198 πολλῷ
3340 3128 3539 3198 μᾶλλον
3565 3131 3593 3182 ὁ
3622 3129 3826 3182 Δεσπό-

2149 3225 2266 3278 της.
2304 3209 2585 3280 Ἐννόησον
2614 3207 2743 3276 γοῦν
2787 3208 2886 3277 τὴν
2915 3206 3118 3278 πόρνην
3161 3207 3374 3280 ἐκείνην
3405 3209 3521 3273 πῶς
3545 3209 3651 3262 ἀπὸ
3687 3225 3820 3279 :90-

2151 3289 2322 3359 πέζης
2345 3288 2630 3342 ἐδικαίωσε
2653 3289 2721 3352 ⁵³,
2741 3288 2832 3340 καὶ
2851 3288 3054 3356 Σίμωνι
3077 3287 3324 3350 ὀνειδίζει
3364 3287 3557 3356 λέγων·
3588 3291 3825 3364 Φίλημά

2144 3386 2247 3438 μοι
2280 3372 2392 3423 οὐκ
2427 3368 2676 3434 ἔδωκας.
2709 3369 2770 3420 Εἰ
2798 3368 2904 3438 γὰρ
2942 3369 3015 3437 μὴ
3042 3365 3302 3418 ποιοῦντά
3332 3384 3390 3420 σε
3409 3369 3582 3422 ταῦτα
3610 3372 3819 3442 τρέφει,

2151 3447 2328 3518 πολλῷ
2371 3449 2570 3519 μᾶλλον
2612 3446 2871 3500 ποιοῦντα
2901 3445 3214 3514 ἀμείψεται.
3257 3444 3406 3517 [502]
3449 3448 3539 3517 Μὴ
3568 3450 3702 3519 πρὸς
3733 3452 3825 3506 τὸν

2153 3532 2360 3599 πένητα
2393 3529 2527 3600 ἴδῃς,
2571 3529 2651 3581 ὃτι
2683 3526 2869 3598 ῥυπῶν
2901 3526 3261 3596 προσέρχεται
3291 3528 3384 3579 καὶ
3422 3528 3646 3598 αὐχμῶν
3667 3549 3679 3561 ο
3710 3532 3824 3586 ἀλλ’

2153 3602 2422 3678 ἐννόησον,
2475 3608 2556 3659 ὅτι
2604 3609 2631 3659 5
2671 3605 2905 3676 Χριστὸς
2945 3603 3013 3657 δι’
3043 3605 3250 3658 ἐκείνου
3293 3606 3560 3661 ἐπιϐαίνει
3589 3609 3686 3680 τῆς
3728 3612 3825 3680 σῆς

2152 3688 2325 3747 οἰκίας
2345 3729 2360 3752 ,
2398 3689 2491 3742 καὶ
2523 3687 2728 3742 παῦσαι
2757 3687 2858 3756 τῆς
2887 3687 3167 3757 ὠμότητος
3198 3688 3292 3739 καὶ
3319 3687 3428 3742 τῶν
3462 3690 3688 3761 ἀπηνῶν
3725 3695 3816 3764 ῥη-

2157 3773 2361 3842 μάτων,
2401 3766 2483 3831 οἷς
2530 3771 2616 3822 ἀεὶ
2664 3769 2886 3832 πλύνεις
2930 3769 3113 3832 τοὺς⁵¹⁵
3159 3769 3502 3838 προσιόντας,
3547 3773 3822 3839 ἐπιθέτας,

2155 3852 2377 3921 ἀργοὺς,
2410 3849 2504 3902 καὶ
2547 3850 2708 3920 ἕτερα
2749 3846 3102 3918 χαλεπώτερα
3125 3848 3328 3900 τούτων
3359 3850 3562 3904 καλῶν.
3599 3853 3708 3904 Καὶ
3740 3853 3824 3906 λο-

2155 3931 2329 3996 γίζου,
2358 3929 2484 3980 ὅταν
2508 3928 2679 3979 ταῦτα
2706 3927 2896 4000 λέγῃς,
2927 3928 2975 3978 οί
3001 3925 3292 3996 παράσιτοι
3327 3930 3457 3981 ποῖα
3490 3928 3624 3999 ἔργα
3657 3948 3824 3985 κατα.

2157 4006 2480 4072 σκευάζουσι
2501 4023 2520 4071 ;_
2571 4005 2622 4058 τί
2674 4006 2772 4076 τὴν
2827 4005 3004 4058 οἰκίαν
3049 4003 3319 4072 ὠφελοῦσι
3367 4007 3466 4074 τὴν
3520 4010 3650 4078 σήν;
3695 4011 3820 4064 Ἡδὺ

2156 4086 2371 4148 πάντως
2401 4102 2480 4139 σοι
2520 4084 2730 4138 ποιοῦσι
2761 4083 2820 4136 :5
2835 4084 2878 4115 ⁵⁵
2913 4083 3166 4154 ἄριστον;
3201 4084 3309 4136 K01
3343 4085 3458 4148 πῶς
3484 4087 3580 4156 ήδύ
3602 4129 3616 4151 ,
3662 4091 3822 4160 ραπι..

2160 4166 2373 4235 ζόμενοι
2397 4166 2489 4218 καὶ
2512 4165 2712 4234 αἰσχρά
2734 4165 2982 4231 λέγοντες
3002 4179 3017 4227 ;
3041 4163 3150 4216 Καὶ
3178 4163 3231 4214 τί
3252 4163 3442 4218 τούτου
3474 4167 3821 4241 ἀηδέστερον,

2157 4248 2283 4300 ὅταν
2306 4245 2397 4298 τὸν
2424 4245 2542 4298 κατ’
2568 4245 2752 4296 εἰκόνα
2783 4243 2916 4295 Θεοῦ
2945 4244 3233 4313 γενόμενον
3255 4244 3489 4317 τύπτῃς,
3514 4249 3606 4299 καὶ
3630 4249 3693 4300 ἐκ
3726 4250 3822 4320 τῆς

2157 4328 2238 4388 είς
2288 4325 2492 4376 ἐκεῖνον
2544 4322 2752 4392 ὕϐρεως
2795 4322 2986 4394 τέρψιν
3030 4323 3207 4394 ἑαυτῴ
3263 4326 3540 4397 συνάγῃς,
3598 4328 3820 4401 θέατρον

2156 4403 2324 4458 ποιῶν
2363 4401 2462 4474 τὴν
2507 4403 2705 4467 οἰκίαν,
2756 4402 2849 4454 καὶ
2893 4401 3075 4472 μίμων
3123 4403 3346 4474 πληρῶν
3390 4406 3449 4457 τὸ
3503 4410 3821 4478 συμπόσιον,

2154 4485 2246 4536 καὶ
2283 4481 2408 4544 τοὺς
2441 4482 2532 4534 ἐπὶ
2560 4482 2660 4548 τῆς
2693 4482 2894 4551 σκηνῆς
2920 4482 2966 4512 ⁸⁸⁵
3006 4481 3373 4553 ἐξυρημένους
3426 4487 3762 4558 μιμούμενος
3791 4489 3819 4541 5

2153 4562 2377 4632 εὐγενὴς
2411 4563 2504 4614 καὶ
2545 4561 2857 4629 ἐλεύθερος;
2893 4561 3002 4614 K01
3046 4563 3154 4633 γὰρ
3189 4564 3340 4615 κα“ι⁶⁷
3375 4565 3493 4618 ἐκεῖ
3520 4569 3691 4635 γέλως
3732 4572 3822 4623 καὶ.

2158 4642 2498 4712 ῥαπίσματα.
2533 4641 2718 4694 Ταῦτα
2752 4637 2846 4695 οὖν
2877 4643 3070 4712 ἡδονὴν
3104 4643 3307 4706 καλεῖς,
3338 4648 3459 4699 είπέ
3491 4666 3601 4718 μοι,
3636 4649 3672 4702 ἃ
3703 4650 3823 4703 πολ-

2149 4720 2256 4773 λῶν
2275 4721 2402 4786 άξια
2426 4721 2675 4790 δακρύων
2703 4723 2867 4784 ἐστὶν,
2899 4720 2935 4774 ἃ
2962 4721 3170 4774 πολλῶν
3189 4721 3403 4794 θρήνων
3429 4727 3526 4779 καὶ
3547 4729 3819 4798 οἰμωγῶν;

2151 4799 2246 4852 καὶ
2276 4799 2392 4852 δέον
2417 4802 2496 4862 είς
2526 4800 2639 4868 βίον
2672 4800 2869 4863 αὐτοὺς
2917 4801 3173 4870 ἐμϐαλεῖν
3219 4803 3523 4869 σπουδαῖον,
3567 4807 3685 4861 δέον
3716 4828 3822 4863 πα.-

2154 4878 2396 4950 ραινέσαι
2437 4878 2506 4932 τά
2533 4879 2758 4942 δέοντα,
2807 4881 2870 4931 σὺ
2914 4880 2971 4933 δὲ
3017 4883 3095 4944 είς
3137 4883 3421 4954 ἐπιορκίας
3467 4887 3560 4939 καὶ
3607 4890 3822 4959 ῥήματα

2148 4960 2356 5013 ἄτακτα
2383 4960 2619 5028 ἐνάγεις,
2672 4962 2765 5014 καὶ
2808 4961 2997 5031 τέρψιν
3035 4961 3098 5014 τὸ
3138 4965 3368 5035 πρᾶγμα
3402 4965 3606 5032 καλεῖς,
3635 4969 3728 5022 καὶ
3762 4970 3822 5022 τὸ

2022 5115 2349 5192 ἀδικούντων
2392 5116 2457 5192 G.
2516 5118 2583 5192 ﬂ.
2638 5119 2716 5192 K._
2761 5119 2830 5173 Μ.
2908 5121 2954 5152 ³³
2981 5119 3184 5192 ταῦτα]
3227 5122 3296 5175 τά
3345 5124 3568 5179 τοιαῦτα
3626 5127 3690 5182 G.
3751 5129 3816 5183 Η.

793 5185 1001 5256 ἠθικόν.
1050 5189 1174 5258 δην.
1225 5187 1374 5258 Αιίη.
1423 5185 1972 5258 μιμησὼμεθαμΕάιι.

2157 5191 2479 5258 κατηγορεῖς
2539 5189 2602 5244 G.
2673 5190 2741 5243 M.
2790 5192 2880 5242 :5v
2938 5191 3054 5258 7:1,]
3097 5192 3163 5244 τᾶ

2673 5190 2741 5272 _M.
2790 5192 2880 5242 :5v
2938 5190 3204 5272 7:1,]-:¢I{v
3261 5193 3350 5248 7:1.
3401 5213 3540 5252 rorr.
3589 5196 3654 5250 (ἶ.
3699 5200 3819 5263 τοὺς

377 5263 467 5344 πλ.
500 5255 634 5344 ξὲάθ.
712 5261 755 5290 ⁵⁵
777 5255 1028 5344 ἀνάσχοις
1059 5257 1195 5310 Edd.
1221 5256 1288 5344 ἀγ
1317 5255 1618 5344 οιξμῆιόζΜ.
1651 5326 1674 5337 υ
1699 5257 1740 5286 ⁸⁷
1768 5255 1877 5344 τῶγ
1925 5273 2046 5344 ποξτ

2151 5276 2178 5310 ν
2206 5255 2369 5344 ᾳζηε
2519 5259 2718 5344 ὓείιιμθ
2738 5271 2894 5344 ηρυδιι
2917 5255 3239 5344 κακοῦργον,
3277 5267 3438 5334 vulgo
3470 5267 3560 5344 τόν
3588 5255 3818 5344 πονηρόν

375 5334 674 5394 inculcant,
711 5325 1115 5398 rvfragdinlibns
1135 5329 1291 5380 codd.
1371 5327 1413 5357 ³⁸
1439 5326 1801 5398 λοιδοροῦντες
1840 5325 1900 5378 L.

376 5405 418 5437 "
464 5403 688 5465 ἑαυτοὺς
722 5401 785 5455 G.
832 5396 897 5452 11⁷.
937 5398 1005 5451 Μ.
1054 5399 1241 5451 invilis
1288 5399 1522 5466 lnlerpp.
1573 5396 1840 5467 ποιήσωσι
1893 5397 1956 5450 G.
1995 5396 2067 5449 M.

1980 5327 2158 5405 δί’-κάν.
2175 5328 2291 5405 γάρ.
2309 5327 2382 5399 μὴ
2421 5330 2554 5405 Sav_._
2582 5332 2675 5383 καὶ
2691 5327 2796 5405 γάρ
2839 5332 2910 5405 μὴ
3086 5327 3627 5405 ξῗίσυναναιῖειμένων
3663 5327 3812 5395 HTE.

2147 5399 2202 5478 εἰ
2225 5400 2445 5478 πόρνης.
2473 5402 2607 5478 μέλη
2652 5399 2922 5478 ποιῶν
2960 5401 3026 5457 H.
3084 5402 3146 5456 K.
3192 5403 3350 5478 μέλη
3377 5399 3817 5478 ἀπεργαζόμενος

376 5475 579 5544 πόρνης
629 5472 764 5525 Edd.
839 5472 886 5502 ⁸³
923 5469 1134 5544 ἑτέραις
1166 5486 1218 5544 κ.
1261 5468 1554 5544 ἁμαρτίαις
1595 5466 2132 5544 χαλεπωτάταιςϐη
2387 5466 2822 5544 Ἥἐπικείμενα
2993 5490 3044 5542 p.
3085 5489 3138 5543 p.
3179 5466 3447 5544 άλλὸίκαὶ
3487 5466 3814 5535 ἶπόθένἘόθξ

377 5493 446 5528 πο
487 5493 579 5544 νης
629 5493 764 5525 mm.
839 5493 886 5502 "
923 5493 1134 5539 ετεραις
1166 5493 1218 5521 κ.
1261 5493 1553 5537 upupam;
1597 5493 2026 5545 xan5vuwnuwang'

377 5545 423 5578 "
452 5493 548 5599 ἓίυ
585 5545 801 5598 codims
843 5551 1035 5616 prgam:
1081 5542 1148 5593 K.
1188 5541 1255 5616 i9.
1295 5556 1405 5616 (Jun
1450 5541 1846 5616 ipurrcndemnl
1882 5552 2046 5616 0131111:

2159 5493 2225 5523 Π.
2265 5493 2333 5525 1n.
2415 5493 2456 5501 "
2503 5493 2822 5542 επικειμενα
2881 5493 2942 5525 ιλ.
2993 5493 3044 5542 p.
3085 5493 3138 5543 p.
3179 5493 3313 5526 αΛΛα
3354 5493 3447 5528 και
3489 5493 3649 5531 πουεν
3685 5493 3814 5535 mu.

2151 5541 2299 5616 ιΙιηΙ.
2331 5557 2515 5616 ιιείιιιιιΔ
2555 5544 2621 5616 a_d
2657 5559 2716 5616 _v.
2748 5543 2944 5616 ἡδονῆς
2990 5561 3040 5616 ιι.
3079 5544 3182 5597 502
3209 5543 3268 5597 Β.
3306 5555 3361 5598 tu
3410 5551 3816 5616 pretiosissimas

375 5617 644 5686 placentas
675 5631 745 5686 ιιοῄ
763 5606 871 5666 libi:
897 5610 994 5665 Ge.
1021 5609 1415 5686 {03111111911003
1438 5607 1707 5686 placentas
1732 5606 2046 5686 {\‘rln.._Ell-HIJ

2156 5625 2180 5662 ι·
2201 5611 2271 5686 σὺ
2305 5606 2589 5686 μένῙι-ους]
2616 5606 2964 5686 πλακοῦντας
2985 5615 3311 5685 ἀδιαφόρως,
3346 5606 3490 5671 milia
3519 5631 3813 5676 memorata

377 5677 657 5741 R-arielulo.
735 5684 781 5716 ⁸⁸
810 5681 1054 5756 κρυμνοῦ
1089 5679 1223 5756 ΙξέΙιΙ.
1255 5680 1701 5756 Arlicul_um__mn.
1733 5677 1798 5729 Η.
1845 5677 1921 5756 ⁸⁸⁷
1945 5679 2046 5756 εἰσι

2154 5720 2165 5731 .
2201 5677 2316 5756 H._'
2341 5677 2538 5756 δέ’-καὶ]
2571 5677 2696 5736 inid.
2724 5685 2877 5756 7:95;
2920 5684 2990 5738 M.
3014 5677 3143 5756 τοὺς
3167 5677 3384 5742 όιιιξὺίδ
3418 5690 3481 5743 G.
3518 5689 3582 5742 ll.
3661 5692 3703 5722 “
3727 5693 3817 5745 καὶ

378 5757 698 5826 ἐγκλήματα
729 5747 937 5836 οιιιξῼέ
968 5750 1056 5836 ΙΙ.⁹
1100 5752 1146 5782 ⁸ο
1170 5747 1530 5836 παρεστηκὼς
1566 5748 1626 5800 Η.
1657 5758 1710 5836 (ἓ
1734 5764 1812 5816 pr.
1935 5751 2046 5801 57:0

2151 5751 2339 5836 ττηκὼς
2362 5753 2431 5807 Μ.
2461 5747 2678 5836 ςιῖιυιϊ.
2837 5757 2879 5784 ⁸⁸
2912 5755 3299 5836 ἀκούωνῌαό,
3339 5759 3515 5836 ταῦτα
3585 5761 3630 5792 ⁸⁸
3653 5760 3816 5836 ἀλῶν]

379 5817 751 5909 ᾀλλωηζΑιιφθ.
803 5819 1192 5909 διδιέδεκαίωσε]
1232 5819 1320 5901 εἰς
1374 5817 1434 5872 L.
1469 5817 1861 5909 ιᾼινιιξηίίευιιιξί
1892 5835 2014 5874 cum

2151 5817 2444 5909 ..ἐπρίιῃσεν
2471 5826 2693 5909 ἥμερον.
2731 5817 3274 5909 itt‘lq110‘l'19'x-pil.JSav.
3349 5831 3395 5861 ⁵⁸
3419 5833 3543 5892 τοὺς
3597 5849 3707 5887 om.
3749 5817 3813 5890 (Ξῖ

381 5898 447 5952 H.
525 5898 571 5930 "
601 5895 680 5969 τὸ]
704 5895 793 5951 τὸν
817 5894 888 5949 Μ.
923 5894 1046 5949 Mox
1076 5889 1200 5964 μυεῖ
1222 5889 1428 5960 τύπτῃς
1469 5891 1581 5945 hiat
1606 5890 1692 5945 hic
1726 5890 1894 5948 codex
1933 5906 2046 5962 usq!

2151 5894 2192 5950 .d
2219 5893 2278 5946 :5
2302 5889 2709 5966 595909.501
2737 5889 2818 5949 (ἔξ
2875 5896 2933 5971 ⁵⁸-
2963 5889 3080 5956 Vid.
3109 5899 3295 5955 adnol.

3773 5903 3788 5920 υ

3400 5902 3444 5934 ⁵⁷
3482 5904 3574 5956 καὶ
3615 5919 3724 5960 om.
3749 5903 3790 5961 (ἰ
