4108 6376
373 318 480 374 ωδ

374 435 488 490 Non
517 435 659 489 enim
691 435 759 491 de
800 437 865 491 iis
901 437 990 507 qni
1029 439 1166 493 mala
1211 440 1510 507 patiuntur,
1543 441 1636 495 sed
1671 442 1738 497 de
1777 443 1842 496 iis
1869 443 1960 511 qui

374 529 509 581 mala
540 527 791 594 inferunt,
821 528 1003 584 dolere
1031 531 1203 584 solent
1227 531 1350 600 justi
1381 547 1588 598 omnes,
1616 534 1735 602 quia
1768 533 1819 586 hi
1848 549 1962 587 ma-

371 622 516 672 xime
552 626 679 673 sunt
710 620 800 690 qui
837 621 975 676 male
1016 622 1308 691 patiuntur.
1348 621 1530 694 Neque
1557 608 1698 680 em’m
1729 623 1960 681 Joannes

373 709 530 764 laesus
556 708 685 775 fuit,
717 711 812 766 sed
855 712 889 766 ii
928 713 1018 782 qui
1057 713 1171 768 hazc
1209 713 1494 770 machinati
1533 724 1678 771 sunt.
1715 716 1822 771 llos
1860 732 1959 772 nos
2011 735 2018 744 ‘

370 817 580 872 quoque
601 803 892 870 imitemur,
918 821 1092 876 neque
1113 806 1428 862 iusultemus
1454 807 1684 876 peccatis
1707 808 1954 878 proximi,

369 898 462 948 Sed
493 906 745 964 quantum
772 895 852 951 fas
878 909 960 953 est
982 899 1309 954 occultemus
1334 916 1416 955 ca.
1448 901 1692 956 Animum
1724 902 1961 973 philoso-

371 985 585 1056 phicum
610 1003 961 1044 assumamus.
991 991 1198 1046 Etenim
1230 992 1551 1063 evangelista
1580 994 1648 1048 de
1675 997 1956 1051 meretrice

369 1088 423 1133 ct
460 1081 797 1150 sanguinaria
840 1081 1067 1137 muliere
1105 1083 1377 1139 moderate
1409 1094 1667 1154 quantum
1695 1086 1842 1141 licuit
1872 1087 1955 1141 lo-

365 1179 562 1241 quutus
585 1182 684 1228 est.
712 1172 828 1228 Non
850 1175 991 1229 enim
1012 1174 1166 1242 dixit,
1194 1178 1236 1229 A
1265 1177 1599 1247 sanguinaria
1623 1187 1678 1234 et
1703 1179 1950 1248 scelesta,

367 1261 482 1326 sed,
508 1264 551 1316 A
574 1273 733 1318 matre
753 1266 1069 1334 prmonita,
1095 1266 1486 1323 honestioribus
1507 1284 1632 1324 usus
1658 1270 1949 1327 vocabulis.

367 1351 445 1406 Tu
475 1370 600 1408 vero
630 1357 928 1424 proximum
954 1358 1275 1412 contumelia
1300 1371 1355 1413 et
1379 1359 1619 1414 convicio
1638 1359 1827 1425 afﬁcis,
1854 1377 1952 1417 nec

367 1447 435 1500 ita
463 1447 703 1503 modeste
730 1460 882 1518 potes
908 1448 975 1504 de
1005 1449 1166 1504 fratre
1188 1451 1278 1520 qui
1311 1461 1361 1506 te
1392 1451 1580 1520 injuria
1611 1452 1848 1508 alfecerit
1875 1456 1952 1509 Io-

364 1542 490 1611 qui,
522 1552 573 1595 ιιι
617 1543 707 1598 ille
741 1543 810 1598 de
854 1545 1136 1599 meretrice
1164 1545 1511 1614 loquebatur,
1543 1547 1636 1602 sed
1663 1548 1948 1603 admodum

366 1633 631 1702 ferociter,
660 1647 714 1691 et
738 1652 858 1691 cum
885 1637 1206 1706 opprobriis,
1233 1638 1519 1694 scelestum
1546 1656 1721 1707 vocas,
1752 1642 1953 1712 impro-

365 1727 487 1782 bum
513 1769 527 1791 ,
559 1729 764 1784 vafrum
788 1772 801 1793 ,
845 1731 1062 1784 stultum
1083 1772 1099 1797 ,
1128 1740 1177 1786 el
1220 1732 1410 1786 similia
1451 1733 1674 1788 adhibes
1711 1734 1946 1791 nomina.

361 1819 491 1875 Nam
514 1820 797 1876 efferamur
822 1823 1040 1877 omnino
1065 1832 1118 1877 et
1144 1823 1291 1892 quasi
1319 1824 1386 1878 de
1412 1825 1704 1896 alienigena
1736 1826 1949 1883 homine

361 1913 647 1982 loquimur,
677 1913 1081 1985 maledicentes,
1109 1915 1362 1969 conviciis
1385 1925 1438 1970 et
1463 1916 1800 1972 contumeliis
1827 1915 1914 1970 afﬁ
1933 1949 1946 1958 -

359 2006 580 2060 cientes.
605 2007 674 2059 At
695 2022 798 2060 non
823 2007 893 2060 ita
915 2017 1060 2062 certe
1084 2008 1252 2062 sancti
1277 2025 1290 2060 :
1319 2007 1411 2062 sed
1441 2008 1615 2078 potius
1641 2018 1948 2077 peccatores

358 2095 561 2166 lugent,
588 2112 746 2168 quam
777 2097 904 2166 ipsis
936 2097 1275 2153 maledicunt.
1303 2097 1416 2153 Hoc
1445 2108 1499 2152 et
1523 2113 1622 2153 nos
1649 2100 1902 2154 faciamus
1929 2119 1941 2155 :

361 2189 633 2259 lugeamus
674 2189 1063 2254 llerodiadem,
1096 2199 1150 2244 et
1185 2205 1279 2244 eos
1322 2191 1410 2260 qui
1461 2191 1604 2244 illam
1649 2191 1941 2246 imitantur.

359 2280 519 2334 Multa
555 2297 782 2352 namque
810 2280 968 2337 etiam
1000 2296 1143 2335 nunc
1182 2279 1484 2350 huiusmodi
1517 2283 1762 2337 convivia
1791 2284 1942 2338 cele-

359 2370 601 2426 brantur.
627 2375 800 2443 Atque
824 2373 1029 2426 etiamsi
1059 2371 1291 2427 Joannes
1317 2388 1425 2426 non
1453 2373 1815 2440 interﬁciatur,
1847 2377 1941 2432 sed

357 2461 554 2517 Christi
591 2464 830 2519 membra
858 2465 1015 2534 longe
1041 2468 1256 2535 gravius
1284 2465 1629 2534 impetuntur.
1656 2467 1770 2522 Non
1799 2471 1940 2524 enim

355 2566 512 2624 caput
542 2556 592 2609 in
620 2556 769 2611 disco
794 2566 981 2626 petunt
1012 2557 1046 2611 ii
1069 2558 1158 2628 qui
1186 2573 1326 2612 nunc
1353 2558 1675 2628 tripudiant,
1701 2563 1794 2617 sed
1821 2567 1941 2619 aui-

354 2666 471 2704 mas
497 2652 655 2707 simul
695 2654 1141 2710 recumbentium.
1165 2655 1296 2710 Cum
1325 2668 1501 2712 autem
1541 2659 1658 2713 illos
1689 2660 1739 2713 in
1770 2663 1940 2715 servi-

355 2753 523 2800 tutem
554 2745 890 2818 redegerint,
921 2757 974 2803 et
1007 2749 1072 2802 ad
1106 2750 1315 2820 iniquos
1356 2751 1665 2807 induxerint
1692 2767 1937 2822 amores,

323 2840 773 2915 _meretricesque
820 2839 1201 2907 adhibuerint,
1242 2857 1347 2897 non
1391 2853 1547 2912 caput
1586 2844 1935 2911 abscindunt,

353 2931 446 2985 sed
471 2930 702 2985 animam
719 2932 980 3002 jugulant,
1007 2934 1132 2988 dum
1157 2934 1280 2989 illos
1299 2934 1559 3001 moechos,
1582 2935 1936 3003 effeminatos,

352 3028 406 3076 et
428 3022 667 3077 exoletos
692 3022 939 3078 reddunt.
969 3023 1149 3093 Neque
1170 3025 1312 3080 enim
1340 3024 1466 3078 mili
1495 3025 1714 3090 dixeris,
1741 3036 1790 3081 te
1817 3028 1940 3082 vino

351 3109 562 3183 captum
590 3124 642 3167 et
668 3113 877 3169 ebrium
911 3116 1189 3170 mulierem
1216 3117 1520 3184 saltantem,
1543 3133 1661 3186 qua:
1687 3119 1936 3174 obscmna

352 3204 614 3273 loquitur,
646 3205 761 3260 sine
789 3207 895 3261 ullo
925 3208 1372 3277 concupiscentiae
1412 3219 1556 3262 motu
1589 3191 1804 3276 videre,
1840 3225 1936 3264 ue—

351 3316 452 3370 que
489 3301 756 3373 voluptate
797 3305 991 3358 victum
1029 3304 1095 3358 ad
1137 3305 1404 3359 lasciviam
1446 3303 1590 3358 ferri.
1629 3305 1761 3359 Illud
1790 3317 1936 3377 certe

349 3391 603 3448 horribile
633 3396 862 3463 pateris,
893 3405 950 3451 ut
990 3397 1228 3452 membra
1258 3394 1457 3451 Christi
1497 3394 1662 3451 facias
1695 3397 1936 3451 membra

347 3486 663 3541 meretricis.
689 3485 821 3540 Nam
859 3488 957 3542 etsi
1001 3503 1105 3542 non
1140 3486 1280 3541 adsit
1319 3487 1424 3540 ﬁlia
1462 3486 1807 3552 Ilerodiadis,
1841 3485 1932 3541 sed

346 3579 435 3647 qui
468 3594 560 3646 per
596 3578 737 3632 illam
775 3585 899 3633 tunc
941 3579 1158 3632 saltavit
1193 3577 1437 3632 diabolus
1462 3620 1475 3641 ,
1514 3594 1609 3648 per
1641 3579 1756 3633 illas
1796 3594 1935 3634 nunc

345 3672 570 3724 choreas
608 3670 753 3740 agit,
783 3670 999 3740 abitque
1041 3669 1248 3724 animas
1286 3669 1731 3724 discumbentium
1770 3685 1933 3739 agens

346 3764 599 3832 captivas.
633 3762 785 3831 Quod
826 3764 872 3818 si
913 3778 1006 3818 vos
1045 3763 1270 3832 potestis
1298 3761 1613 3817 ebrietatem
1647 3761 1816 3816 vitare
1837 3802 1852 3827 ,
1880 3770 1936 3815 at

345 3856 564 3910 alterius
601 3856 800 3925 peccati
838 3856 1132 3926 gravissimi
1167 3854 1448 3925 participes
1487 3853 1615 3908 estis
1649 3871 1660 3906 :
1694 3854 1934 3923 plurimis

344 3959 573 4022 namque
601 3951 804 4021 rapinis
846 3949 1145 4019 hujusmodi
1177 3948 1416 4003 convivia
1447 3956 1712 4002 constant.
1740 3946 1816 4000 Nc
1841 3962 1934 4015 ap-

344 4043 544 4112 positas
564 4057 753 4097 carnes
768 4041 1092 4110 ,geSpexeris,
1116 4055 1215 4095 nec
1234 4041 1532 4110 placentas;
1551 4038 1644 4093 sed
1667 4039 1932 4093 undenam

344 4135 460 4191 haec
482 4136 706 4190 collecta
735 4135 841 4190 sint
868 4135 1062 4204 cogita,
1091 4143 1144 4188 et
1173 4133 1376 4187 videbis
1405 4133 1491 4188 illa
1519 4147 1583 4188 ex
1609 4131 1850 4196 avaritia,
1878 4140 1934 4186 et

342 4229 416 4289 vi.
449 4237 505 4284 et
534 4229 716 4297 rapina
747 4227 1030 4297 proﬁcisci.
1064 4225 1284 4292 Verum,
1316 4226 1543 4296 inquies,
1575 4224 1688 4280 hazc
1723 4239 1827 4278 non
1860 4225 1928 4279 ita

342 4329 492 4388 parta
521 4327 682 4384 sunt;
710 4319 886 4373 absit!
934 4318 987 4372 id
1027 4333 1125 4386 ego
1167 4318 1386 4372 minime
1426 4317 1602 4370 velim.
1649 4314 1843 4370 Verum
1883 4317 1929 4371 si

343 4414 443 4469 hac
469 4414 521 4468 in
547 4422 697 4484 parte
725 4412 972 4468 convivia
1001 4412 1108 4466 sint
1131 4426 1258 4480 pura
1280 4451 1295 4474 ,
1325 4425 1430 4462 non
1460 4416 1636 4463 tamen
1669 4407 1756 4462 illa
1779 4423 1928 4462 sum-

344 4519 528 4580 ptuosa
574 4507 816 4562 convivia
861 4519 1078 4575 prorsus
1121 4513 1248 4559 sunt
1293 4503 1518 4558 crimine
1557 4515 1745 4556 vacua.
1792 4501 1928 4555 Audi

343 4600 482 4654 enim
527 4597 796 4670 quomodo
837 4597 927 4651 illa
969 4596 1053 4651 vel
1099 4593 1416 4663 supradictis
1461 4607 1626 4647 vacua
1671 4591 1928 4661 pr0pheta

343 4691 701 4762 reprehendat
728 4690 810 4745 his
840 4689 1020 4744 verbis
1049 4706 1062 4742 :
1103 4686 1191 4742 Vat
1217 4687 1301 4757 qui
1329 4686 1491 4740 bibitis
1525 4685 1824 4756 defwcatum
1852 4685 1930 4738 vi-

343 4798 480 4844 tium,
507 4793 552 4836 et
579 4781 844 4853 unguentis
869 4779 1046 4850 primis
1077 4777 1322 4848 ungimini
1345 4776 1522 4843 (Amos
1565 4778 1618 4831 6.
1650 4773 1727 4846 6).
1766 4774 1928 4830 Vides

337 4875 568 4946 qualiter
590 4873 676 4929 hic
692 4873 910 4928 delicias
932 4869 1286 4940 reprehendat
1305 4869 1328 4922 ἲ
1348 4866 1532 4938 Neque
1546 4867 1687 4922 enim
1712 4865 1794 4920 his
1819 4881 1929 4921 ver-

337 4965 423 5021 bis
449 4966 726 5020 avaritiam
754 4963 1074 5028 insectatur,
1103 4961 1197 5016 sed
1225 4959 1420 5014 elfusas
1445 4959 1666 5014 delicias
1697 4967 1922 5014 tantum.

411 5058 464 5111 6.
507 5057 585 5112 Tu
613 5055 854 5112 comedis
881 5055 1019 5109 ultra
1060 5067 1365 5108 mensuram
1389 5093 1404 5112 ,
1432 5067 1552 5106 cum
1583 5049 1826 5105 Christus
1859 5065 1927 5105 ne

338 5150 553 5221 quidem
595 5148 898 5204 necessaria
926 5145 1147 5211 habeat;
1183 5154 1238 5197 tu
1268 5144 1539 5212 placentas
1572 5140 1775 5195 affatim
1795 5180 1810 5203 ,
1837 5140 1927 5195 ille

341 5257 409 5296 ne
438 5256 625 5310 panem
661 5239 876 5310 quidem
922 5236 1167 5300 aridum;
1219 5244 1274 5288 tu
1313 5233 1567 5286 Thasium
1603 5231 1786 5284 vinum
1817 5230 1923 5297 (a),

339 5333 440 5402 ipsi
473 5348 605 5387 vero
647 5347 714 5387 ne
760 5331 982 5385 calicem
1021 5326 1236 5397 quidem
1280 5339 1433 5394 aquae
1479 5322 1685 5393 frigida:
1726 5321 1926 5376 sitienti

338 5423 568 5488 dedisti;
601 5434 654 5477 tu
685 5423 738 5476 in
770 5423 910 5476 lecto
949 5419 1098 5474 molli
1149 5427 1202 5472 et
1241 5425 1432 5470 ornato
1458 5415 1600 5484 iaces
1622 5455 1638 5479 ,
1679 5413 1767 5468 ille
1797 5428 1926 5468 vero

337 5516 654 5587 subfrigido
683 5529 808 5569 aere
830 5513 994 5583 alget.
1027 5509 1234 5566 Idcirco
1249 5507 1458 5564 etiamsi
1500 5503 1724 5560 avarit'ia
1760 5521 1926 5560 vacua

401 5671 476 5735 (α)
510 5670 668 5735 Thasii
691 5669 790 5735 vini
813 5668 929 5717 olim
948 5665 1266 5735 celeberrimi
1271 5661 1484 5735 __m_eutio
1515 5657 1926 5735 frequenshahe:

339 5721 421 5844 ultr
456 5721 586 5797 ἰηιυά
629 5734 918 5796 scriptores,
954 5728 1198 5789 Plautum,
1240 5723 1471 5787 Plinium,
1514 5721 1831 5782 Athenazum,
1873 5724 1929 5772 et

339 5810 366 5844 a

1331 323 1398 382 IN
1433 323 1840 382 MATTHEUII
1879 325 2110 410 HOMII...
2155 327 2387 386 XLVIII.
2426 333 2498 388 al.
2539 334 2728 394 XLIX.

3540 356 3650 415 ,494

2068 455 2247 499 essent
2275 447 2516 504 convivia
2542 459 2651 516 tua,
2674 462 2850 510 tamen
2879 456 3002 513 ideo
3025 457 3281 530 flagitiosa
3325 475 3450 521 sunt
3467 509 3484 535 ,
3509 474 3653 541 quod

2068 544 2124 591 tu
2162 551 2323 608 supra
2374 545 2745 601 necessitatem
2802 551 2981 606 omnia
3037 552 3234 623 facias,
3281 557 3355 613 illi
3407 575 3536 614 vero
3585 582 3653 619 ne

2065 627 2280 697 quidem
2308 635 2604 688 necessaria
2637 637 2897 706 prmbeas,
2925 656 3046 697 cum
3097 660 3160 699 ex
3209 648 3375 716 ipsius
3401 649 3556 708 bonis
3597 655 3650 709 in

2064 719 2274 777 deliciis
2303 725 2467 780 vivas.
2496 726 2658 784 Certe
2695 731 2739 785 si
2771 734 2921 802 pueri
2951 737 3244 808 cujuspiam
3288 751 3432 799 tutor
3459 762 3606 802 esses
3631 790 3649 813 ,

2065 812 2302 883 etipsius
2333 815 2470 874 bona
2489 821 2890 890 administrans,
2916 827 3087 898 ipsum
3115 831 3166 886 in
3203 837 3463 892 extremis
3501 842 3649 908 posi-

2063 913 2176 961 tum
2221 909 2560 981 despiceres,
2611 929 2896 976 sexcentos
2941 923 3169 981 haberes
3193 941 3554 996 accusatores,
3587 951 3650 990 ac

2063 1003 2356 1058 secundum
2406 1004 2552 1076 leges
2597 1024 2783 1080 poenas
2827 1013 2985 1070 dares
3018 1033 3032 1070 :
3064 1032 3186 1073 cum
3221 1033 3398 1076 autem
3428 1039 3489 1077 ea
3529 1040 3648 1096 qua:

2060 1090 2259 1148 Christi
2292 1105 2413 1150 sunt
2433 1102 2730 1170 acceperis,
2759 1112 2814 1158 et
2847 1105 2924 1160 sic
2949 1105 3143 1163 frustra
3172 1111 3407 1167 insunias
3425 1155 3441 1181 ,
3467 1090 3644 1170 anuou

2063 1195 2218 1255 putas
2245 1197 2297 1244 te
2326 1192 2588 1247 rationem
2625 1196 2957 1253 redditurum
2987 1203 3154 1257 esse?
3182 1204 3309 1260 Haec
3353 1223 3513 1277 porro
3538 1226 3644 1264 non

2059 1277 2128 1334 de
2177 1279 2279 1335 illis
2305 1282 2446 1350 dico,
2496 1285 2585 1355 qui
2624 1290 2936 1346 meretrices
2973 1294 3041 1348 ad
3097 1312 3334 1353 mensam
3385 1301 3644 1359 inducunt

2060 1369 2422 1444 (illisquippe
2448 1392 2554 1430 non
2598 1380 2767 1450 magis
2801 1396 2959 1452 quam
2994 1387 3214 1442 canibus
3261 1390 3636 1465 loquendum),

2060 1478 2159 1516 nec
2187 1464 2254 1519 de
2283 1468 2584 1534 raptoribus
2606 1473 2694 1540 qui
2721 1473 2946 1528 aliorum
2987 1486 3201 1534 ventres
3229 1481 3449 1551 implent
3470 1487 3486 1553 (
3511 1464 3642 1542 nihil

2057 1556 2200 1610 enim
2233 1571 2517 1615 commune
2560 1576 2681 1616 cum
2724 1564 2828 1619 illis
2860 1565 3032 1622 habeo
3055 1611 3070 1634 ,
3098 1579 3155 1624 nt
3179 1587 3278 1627 nec
3313 1591 3434 1629 cum
3463 1581 3642 1647 porcis

2056 1645 2140 1701 vel
2161 1647 2353 1719 lupis),
2388 1650 2482 1704 sed
2511 1650 2578 1706 de
2599 1652 2702 1707 illis
2722 1656 2896 1726 agitur
2923 1661 3011 1727 qui
3038 1660 3192 1716 bonis
3220 1645 3594 1725 fruuntur'suis
3621 1712 3638 1735 ,

2057 1756 2156 1796 nec
2179 1743 2300 1828 aliis
2345 1743 2668 1815 largiuntur;
2710 1749 2780 1804 de
2804 1750 2869 1804 iis
2889 1753 2978 1821 qui
3007 1765 3227 1822 paterna
3265 1758 3403 1812 bona
3444 1761 3638 1820 frustra

2053 1845 2393 1891 consumunt.
2421 1835 2605 1908 Neque
2627 1841 2769 1895 enim
2798 1841 2850 1896 hi
2892 1845 3116 1902 crimine
3141 1851 3290 1904 vacui
3322 1862 3466 1908 sunt.
3504 1855 3636 1911 Nam

2053 1927 2343 1996 quomodo,
2377 1944 2582 1998 quaeso,
2619 1935 2986 1991 accusationes
3023 1947 3079 1993 et
3128 1942 3338 2010 culpam
3390 1945 3634 2017 effugias,

2053 2021 2266 2089 quando
2313 2024 2576 2091 parasitus
2605 2035 2846 2082 ventrem
2891 2031 3093 2100 implet,
3138 2045 3196 2088 ut
3240 2049 3294 2091 et
3329 2040 3498 2106 canis,
3540 2045 3631 2110 qui

2050 2113 2256 2177 adstat;
2279 2114 2404 2169 dum
2431 2115 2676 2172 Christus
2705 2135 2771 2174 ne
2801 2120 2903 2176 hoc
2923 2123 3136 2192 quidem
3159 2126 3416 2184 beneﬁcio
3445 2130 3636 2202 dignus

2050 2209 2191 2278 apud
2221 2219 2271 2263 te
2295 2207 2562 2266 habetur?
2587 2213 2800 2283 quando
2829 2213 2891 2280 is,
2916 2217 3004 2286 qui
3031 2220 3195 2274 risum
3226 2232 3404 2278 movet
3431 2266 3446 2289 ,
3491 2205 3635 2282 tarda

2048 2302 2272 2371 accipit;
2301 2302 2389 2357 ille
2408 2315 2608 2373 autem,
2635 2305 2726 2376 qui
2749 2323 2968 2378 regnum
2985 2312 3237 2368 cazlorum
3256 2314 3306 2368 in
3333 2318 3632 2374 mercedem

2048 2392 2225 2460 oll‘ert,
2252 2410 2320 2449 ne
2372 2396 2649 2452 minimam
2689 2399 2902 2468 quidem
2931 2401 3121 2457 horum
3175 2408 3419 2474 partem?
3457 2410 3546 2465 ille
3576 2421 3635 2466 ut

2049 2485 2218 2541 facete
2258 2487 2456 2557 aliquid
2498 2487 2658 2555 dicat,
2705 2491 2928 2547 satiatus
2966 2493 3103 2560 abit;
3137 2495 3223 2552 hic
3265 2513 3396 2554 vero
3441 2501 3528 2568 qui
3567 2519 3631 2556 ea

2047 2576 2224 2642 docet,
2255 2592 2375 2647 quae
2403 2578 2508 2632 nisi
2538 2577 2882 2636 didicerimus
2901 2624 2917 2649 ,
2949 2583 3077 2638 nihil
3112 2600 3141 2639 a
3171 2588 3392 2642 canibus
3419 2589 3632 2646 differe-

2047 2686 2189 2730 mus.
2219 2685 2325 2724 non
2354 2670 2542 2726 eodem
2579 2689 2686 2740 quo
2713 2674 2803 2730 ille
2832 2675 3093 2731 beneﬁcio
3119 2679 3398 2749 dignatur?
3430 2683 3629 2741 Horre-

2045 2765 2152 2817 scis
2180 2761 2293 2818 haec
2307 2762 2613 2820 audiendo?
2638 2765 2900 2822 liorresce
2919 2783 3048 2839 ergo
3075 2769 3142 2824 de
3169 2770 3341 2827 factis.
3365 2773 3511 2844 Ejiee
3533 2793 3627 2846 pa-

2045 2855 2262 2922 rasitos,
2291 2867 2345 2911 et
2364 2855 2449 2912 fac
2474 2867 2647 2913 tecum
2671 2859 2993 2916 accumbere
3023 2862 3313 2920 Chrismm.
3354 2867 3408 2922 Si
3441 2870 3552 2924 sale
3575 2881 3630 2926 et

2045 2963 2229 3003 mensa
2260 2961 2432 3005 tecum
2459 2952 2957 3021 communicaverit,
2987 2968 3296 3012 mansuetus
3343 2959 3438 3014 tibi
3463 2961 3629 3030 judex

2044 3040 2147 3092 erit
2176 3058 2189 3094 :
2223 3041 2362 3097 solet
2384 3044 2616 3098 revereri
2664 3059 2925 3098 mensam.
2957 3046 3012 3100 Si
3055 3063 3283 3118 namque
3315 3051 3363 3105 id
3395 3053 3628 3110 latrones

2043 3131 2276 3196 faciant.
2309 3145 2507 3205 quanto
2536 3139 2705 3207 magis
2742 3138 3041 3194 Dominus?
3077 3140 3262 3212 Cogita
3301 3145 3442 3199 enim
3489 3165 3626 3216 qitu-

2045 3228 2204 3281 modo
2220 3229 2557 3284 meretricem
2584 3231 2726 3284 illam
2747 3246 2776 3285 a
2794 3247 2976 3286 mensa
3000 3242 3055 3287 ut
3063 3233 3260 3302 justam
3280 3236 3624 3307 laudaverit‘,

2041 3333 2105 3372 ac
2127 3317 2329 3373 Simoni
2369 3321 2774 3390 exprobraverit
2820 3323 3007 3379 dicens
3043 3344 3056 3380 :
3091 3325 3340 3382 Osculum
3368 3331 3495 3387 milii
3522 3349 3624 3387 nou

2043 3410 2225 3464 dediin
2252 3410 2272 3484 (
2303 3410 2429 3466 Luc.
2463 3413 2514 3466 7.
2542 3415 2612 3470 45
2639 3416 2683 3484 ).'
2703 3414 2854 3481 Quod
2882 3415 2927 3470 si
2956 3425 3007 3470 te
3034 3415 3150 3472 lucc
3190 3435 3296 3473 non
3342 3420 3624 3477 facientem

2043 3503 2230 3568 nutrit,
2266 3504 2436 3559 multo
2465 3506 2635 3576 magis
2678 3504 2963 3562 facientem
2995 3509 3242 3566 mercede
3282 3511 3522 3567 donabit.
3549 3515 3632 3578 Ne,

2041 3597 2253 3667 inopem
2274 3597 2560 3668 despicias,
2583 3597 2726 3669 quod
2750 3599 2996 3655 sordidus
3014 3611 3068 3655 et
3089 3601 3359 3672 squalidus
3373 3605 3624 3674 accedat;

2040 3688 2136 3743 sed
2163 3688 2360 3759 cogita,
2387 3689 2659 3744 Christum
2689 3707 2784 3760 per
2810 3691 2981 3760 ipsum
3009 3691 3226 3746 domum
3263 3701 3405 3748 tuam
3434 3696 3582 3751 adire
3605 3741 3622 3763 ,

2043 3797 2110 3837 ne
2139 3784 2329 3853 pergas
2355 3782 2500 3836 illum
2534 3783 2839 3839 inhumanis
2880 3786 3059 3839 verbis
3098 3786 3365 3842 incessere
3385 3829 3400 3854 ,
3431 3790 3624 3858 quibus

2040 3875 2356 3930 accedentes
2403 3874 2667 3932 lacessere
2723 3878 2902 3940 soles,
2952 3877 3286 3946 importunus
3342 3881 3622 3948 vocando,

2040 3970 2243 4023 otiosos
2267 4009 2280 4032 ,
2308 3969 2755 4040 gravioribusque
2797 3971 2918 4025 aliis
2945 3971 3250 4026 nominibus
3281 3975 3622 4042 appellando.

2039 4060 2250 4130 Cogitcs
2279 4061 2438 4116 velim
2470 4062 2682 4131 quando
2706 4061 2822 4116 haec
2850 4063 3002 4126 dicis,
3031 4079 3148 4133 qua:
3176 4065 3267 4119 tibi
3285 4082 3445 4135 opera
3477 4083 3627 4135 para-

2037 4156 2124 4209 siti
2148 4155 2363 4221 faciant,
2393 4170 2460 4208 an
2487 4154 2540 4209 in
2580 4155 2758 4224 aliquo
2796 4154 3038 4210 familiari
3075 4157 3150 4210 rei
3185 4166 3286 4210 tuae
3311 4158 3417 4212 sint
3447 4159 3622 4212 utiles.

2037 4246 2348 4310 Prandium,
2404 4247 2633 4316 inquies,
2680 4246 2895 4301 suavius
2942 4246 3190 4301 reddunt.
3241 4249 3307 4303 Et
3356 4251 3624 4318 quomodo

2037 4339 2271 4399 suavius,
2295 4336 2420 4391 dum
2443 4337 2612 4406 alapis
2634 4335 2912 4391 czeduntur
2927 4351 2990 4392 ac
3016 4339 3186 4406 turpia
3205 4339 3533 4408 loquuntur?
3559 4342 3626 4396 Et

2035 4432 2161 4498 quid
2192 4430 2290 4484 hac
2317 4444 2376 4483 re
2403 4429 2676 4483 insuavius
2704 4469 2718 4492 ,
2763 4427 2978 4498 quando
3017 4427 3062 4481 is
3099 4431 3187 4497 qui
3231 4431 3295 4483 ad
3337 4431 3622 4502 imaginem

2035 4523 2130 4577 Dei
2163 4522 2331 4575 factus
2361 4529 2444 4575 est
2461 4521 2704 4588 caaditur,
2729 4529 2862 4574 etex
2883 4519 2982 4574 hac
2996 4521 3318 4576 contumelia
3350 4524 3622 4593 voluptate

2036 4611 2288 4679 afﬁceris,
2319 4611 2462 4666 aedes
2479 4619 2598 4665 tuas
2617 4611 2669 4665 in
2701 4609 2964 4664 theatrum
2990 4621 3330 4678 convertens,
3353 4629 3415 4667 ac
3441 4615 3622 4668 mimis

2039 4701 2346 4756 convivium
2362 4699 2593 4768 replens,
2607 4699 2961 4768 scenicosque
2973 4714 3129 4755 rasos
3142 4699 3513 4763 imitaris,cum
3529 4713 3619 4754 no-

2041 4789 2418 4858 bilisliberque
2439 4789 2512 4841 sis
2525 4787 2689 4842 ?Nam
2708 4789 2780 4842 ibi
2799 4789 2944 4844 risus
2955 4790 3187 4859 etalapae
3199 4789 3621 4847 visuntur.Haac-

2039 4881 2180 4945 eine,
2205 4895 2412 4950 quaeso,
2440 4879 2766 4949 Voluptatem
2799 4881 3058 4950 appellas,
3088 4895 3208 4950 quae
3241 4881 3426 4937 multis
3454 4882 3619 4953 digna

2041 4981 2172 5027 sunt
2193 4972 2465 5042 Iacrymis,
2481 4970 2696 5027 fletibus
2710 5013 2724 5037 ,
2743 4974 3203 5043 gemitibus?rum
3227 4984 3502 5044 oporteret
3520 4991 3614 5032 eos

2033 5074 2100 5127 ad
2127 5073 2287 5125 vitam
2320 5068 2540 5139 probam
2571 5081 2845 5131 revocare,
2871 5065 2938 5120 ad
2962 5065 3196 5120 ofﬁcium
3226 5066 3448 5132 hortari,
3473 5079 3526 5122 tu
3547 5067 3617 5124 ad

2035 5166 2291 5238 periuria,
2323 5164 2595 5232 verbaque
2634 5160 2806 5229 turpia
2853 5173 3131 5230 provocas,
3159 5167 3216 5214 et
3244 5157 3349 5214 hoc
3371 5159 3618 5229 volupta-

2033 5269 2140 5315 tem
2166 5256 2440 5328 appellas?
2464 5253 2711 5324 quodque
2731 5251 2796 5305 ad
2823 5250 3120 5322 gehennam
3137 5249 3302 5318 ducit,
3333 5250 3619 5320 voluptatis

2033 5359 2404 5422 argumentum
2425 5362 2544 5402 esse
2571 5345 2762 5416 putas?
2783 5345 2913 5398 Cum
2931 5343 3074 5397 enim
3101 5343 3274 5399 facete
3292 5343 3418 5413 quid
3439 5343 3620 5399 dicere

2034 5442 2252 5513 parasiti
2295 5455 2398 5494 non
2431 5447 2687 5508 possunt,
2728 5434 3048 5504 iuramentis
3094 5448 3158 5490 ac
3201 5434 3450 5505 perjuriis
3497 5449 3619 5489 sese

2035 5533 2160 5588 hinc
2182 5531 2490 5601 expediunt.
2535 5527 2780 5583 Ilazccine
2825 5526 2937 5582 risu
2982 5525 3183 5597 digna?
3222 5541 3400 5580 annon
3445 5524 3619 5595 potius

2102 5775 2280 5824 quta
2297 5769 2437 5824 savii.
2458 5768 2723 5842 legendum
2745 5774 2900 5833 esset,
2918 5779 2951 5818 a
2964 5778 3130 5824 mensa
3149 5771 3311 5818 autem
3331 5764 3582 5819 reddider.
