4108 6376
249 353 356 410 J95

1334 356 1402 412 IN
1443 357 1857 418 MATTIUEUM
1897 361 2134 418 HOMIL.
2175 363 2362 419 XLIX.
2407 365 2478 419 al.
2527 362 2590 417 L.

3593 365 3695 420 496

249 476 470 548 γεέννης
495 470 752 544 πρόξενον
799 471 995 544 ἡδονῆς
1041 469 1178 527 εἶναι
1211 472 1470 527 ὑπόθεσιν
1500 473 1778 544 νομίζεις;
1814 477 1926 529 Καὶ
2026 476 2150 529 ϐλία
2177 477 2441 540 λαϐόντας
2471 477 2564 531 τὸν
2593 476 2734 530 θεῖον
2764 441 2927 547 νόμον
2956 475 3368 544 ἀναγινώσκειν.
3397 478 3584 532 Ἥδιόν
3615 499 3697 536 σοι

247 563 352 633 γὰρ
393 562 522 614 δταν
563 557 918 628 ἀπορήσωσιν
982 557 1215 611 ἀστείων
1260 557 1542 627 ῥημάτων,
1595 560 1776 628 ὅρκοις
1831 560 1926 612 καὶ
2023 559 2194 613 ταῦτα
2222 559 2737 632 ὑπηρετήσονται,ἢ
2782 562 2986 613 ἐκεῖνα.
3021 559 3208 612 Ταῦτα
3241 560 3338 629 μὲν
3369 563 3478 632 γάρ
3507 563 3603 615 καὶ
3636 566 3696 617 σὲ

246 644 551 714 ἐπιορκίαις
577 640 638 695 16
667 641 774 693 πᾶν
809 639 1139 694 διαλύονται.
1169 639 1356 693 Ταῦτα
1388 635 1482 694 οὖν
1507 640 1742 708 γέλωτος
1775 641 1922 708 ἄξια,

247 728 356 780 ἀλλ’
378 728 478 779 οὐκ
497 722 746 794 ὀδυρμῶν
776 722 872 775 καὶ
898 722 1188 792 δακρύων;
1233 723 1342 775 Καὶ
1364 723 1449 786 τίς
1478 722 1545 776 ἂν
1578 721 1752 775 ταῦτα
1781 725 1924 777 είποι

248 810 367 865 νοῦν
397 808 535 879 ἔχων
556 825 572 868 ;

311 889 377 955 ζ’.
419 891 527 942 Καὶ
559 888 734 942 ταῦτα
779 888 945 956 λέγω,
991 887 1054 941 οὐ
1100 886 1326 941 κωλύων
1360 886 1654 958 τρέφεσθαι
1702 889 1920 954 αὐτοὺς,

246 972 379 1027 ἀλλά
400 973 474 1044 μὴ
499 972 590 1024 ἐπὶ
605 970 830 1044 τοιαύτῃ
851 970 1022 1041 αἰτίᾳ.
1047 970 1517 1041 Ψιλανθρωπίάςί68
1546 969 1656 1042 γὰρ
1684 973 1718 1042 ἡ
1747 976 1921 1046 τροφὴ

244 1059 344 1126 τὴν
391 1055 647 1109 ὑπόθεσιν
693 1055 882 1124 ἐχέτω,
931 1053 1006 1123 μὴ
1040 1051 1359 1124 ὠμότητος·
1408 1052 1574 1116 ἐλεον,
1627 1053 1702 1125 μὴ
1742 1053 1917 1126 ὓϐριν.

245 1141 367 1194 Ὀτι
397 1139 566 1210 πένης
598 1138 737 1202 ἐστὶ,
769 1137 992 1209 θρέψον,
1020 1138 1102 1190 ὅτι
1133 1135 1366 1207 Χριστὸς
1388 1136 1669 1207 τρέφεται,
1699 1137 1920 1208 θρέψον·

246 1225 322 1296 μὴ
369 1223 557 1289 ἐπειδὴ
605 1220 873 1275 σατανικά
917 1219 1128 1288 εἰσάγει
1160 1221 1402 1291 ῥήματα,
1452 1222 1546 1275 καὶ
1589 1221 1689 1293 τὴν
1727 1223 1920 1276 ἐαυτοῦ

244 1309 594 1377 καταισχύνει
624 1307 790 1376 ζωήν.
823 1305 912 1375 Μὴ
947 1305 1060 1378 ἴδῃς
1088 1302 1250 1357 αὐτὸν
1283 1303 1481 1366 ἔξωθεν
1503 1304 1762 1372 γελῶντα,
1786 1305 1922 1360 ἀλλά

242 1391 304 1446 τὸ
339 1390 575 1453 συνειδὸς
625 1389 878 1454 ἐξέτασον
894 1389 963 1454 ³⁹,
1009 1388 1104 1442 καί
1133 1391 1252 1441 τότε
1282 1388 1402 1458 ὄψει
1452 1387 1712 1458 μυριάκις
1759 1391 1921 1444 αὐτὸν

244 1473 419 1544 ἐαυτῷ
444 1471 854 1543 καταρώμενον,
886 1472 981 1524 καὶ
1016 1471 1290 1533 στένοντα,
1339 1470 1435 1524 καὶ
1483 1471 1825 1542 ὀδυρόμενον.
1855 1475 1919 1527 El

242 1558 299 1611 δὲ
333 1558 433 1610 οὐκ
460 1556 845 1618 ἐπιδείκνυται,
875 1555 970 1608 καί⁵
999 1554 1158 1608 τοῦτο
1191 1555 1280 1608 διά
1308 1555 1390 1609 σέ.
1422 1556 1704 1609 Ἔστωσαν
1739 1556 1919 1610 τοίνυν

241 1641 516 1712 ἄνθρωποι
546 1639 774 1709 πένητες
807 1638 902 1691 καὶ
947 1637 1220 1710 ἐλεύθεροι
1263 1640 1312 1692 οἱ
1336 1639 1380 1670 ⁶⁰
1422 1639 1662 1694 σύσσιτοι
1691 1657 1806 1704 σου,
1843 1639 1918 1712 μὴ

241 1727 507 1796 ἐπίορκοι,
547 1723 682 1794 μηδέ
721 1724 896 1791 μῖμοι.
939 1722 1001 1773 Εἰ
1033 1721 1090 1774 δὲ
1125 1721 1303 1792 βούλει
1333 1723 1428 1775 καὶ
1457 1723 1558 1793 τῆς
1577 1725 1782 1794 τροφῆς
1819 1725 1916 1776 αὐ-

241 1810 366 1872 τοὺς
392 1806 626 1876 ἀμοιϐὴν
651 1804 969 1873 ἀπαιτῆσαι,
997 1804 1272 1870 κέλευσον,
1297 1803 1362 1857 ἂν
1391 1804 1540 1857 ἴδωσί
1579 1822 1632 1858 τι
1658 1805 1764 1858 τῶν
1788 1806 1915 1859 ἀτό-

241 1910 363 1946 πων
415 1890 720 1960 γινόμενον,
761 1886 1077 1956 ἐπιπλῆξαι,
1127 1887 1489 1958 παραινέσαι,
1537 1889 1917 1942 συναντιλαϐέ-

243 1977 367 2031 σθαι
386 1976 428 2007 ⁶¹
460 1975 558 2042 τῆς
585 1973 725 2026 κατά
758 1971 857 2040 τὴν
885 1970 1060 2023 οἰκίαν
1083 1969 1418 2039 ἐπιμελείας,
1435 1970 1534 2040 τῆς
1563 1969 1668 2022 τῶν
1690 1971 1916 2024 οἰκετῶν

243 2059 600 2131 προστασίας.
648 2054 845 2117 Παῖδας
870 2055 914 2085 “
953 2053 1129 2123 έχειςς
1169 2055 1356 2108 Κοινοὶ
1401 2054 1636 2125 πατέρες
1675 2055 1916 2108 ἔστωσαν

243 2145 488 2208 ἐκείνων,
549 2139 688 2212 μετά
747 2138 842 2192 σοῦ
900 2139 1000 2209 τὴν
1052 2139 1386 2209 προστασίαν
1451 2138 1912 2208 διανεμέσθωσαν,

240 2227 410 2299 κέρδη
445 2241 529 2277 σοι
563 2224 876 2294 φερέτωσαν
909 2222 978 2276 τά
1015 2220 1094 2291 τῷ
1145 2220 1264 2292 Θεῷ
1309 2221 1457 2290 φίλα.
1509 2221 1600 2284 Εἰς
1647 2223 1915 2292 ἐμπορίαν

239 2311 438 2373 αὐτοὺς
467 2307 670 2380 ἔμϐαλε
699 2305 1095 2377 πνευματικήν.
1126 2304 1246 2358 Κᾶν
1293 2304 1408 2376 ἴδῃς
1423 2305 1471 2337 ⁸⁸
1493 2305 1746 2376 δεόμενον
1781 2321 1913 2373 προ·
1945 2369 1948 2374 _

243 2394 490 2456 στασίας,
542 2391 793 2457 ἐπίταξον
844 2389 1128 2460 βοηθῆσαι,
1165 2388 1421 2442 κέλευσον
1471 2388 1910 2460 διακονήσασθαι.

237 2478 338 2532 Διά
365 2477 571 2531 τούτων
598 2475 796 2548 θήρευε
829 2474 956 2537 τοὺς
989 2474 1193 2540 ξένους,
1240 2473 1329 2526 διὰ
1357 2473 1562 2526 τούτων
1608 2473 1758 2526 ένδυε
1788 2472 1916 2536 τούς

238 2562 502 2633 γυμνοὺς,
534 2559 623 2614 διά
642 2558 845 2612 τούτων
874 2559 955 2620 εἰς
976 2557 1349 2628 δεσμωτήριον
1381 2557 1588 2627 πέμπε,
1621 2557 1719 2618 τὰς
1747 2555 1916 2623 ἀνάγ-

238 2659 340 2708 κας
392 2645 490 2698 λύε
539 2643 640 2706 τὰς
684 2641 990 2713 ἀλλοτρίας.
1045 2640 1264 2712 Ταύτην
1319 2658 1400 2693 σοι
1465 2640 1756 2693 διδότωσαν
1813 2639 1915 2709 τῆς

236 2728 448 2802 τροφῆς
474 2727 576 2799 τὴν
621 2725 878 2796 ἀμοιϐὴν,
908 2725 1009 2795 τὴν
1041 2725 1136 2777 καί⁵
1170 2725 1229 2777 σὲ
1259 2724 1354 2778 καὶ
1384 2723 1646 2786 ἐκείνους,
1673 2721 1914 2791 ὠφελοῦ-

239 2829 341 2867 σαν
358 2813 423 2874 “,
439 2811 532 2866 καὶ
557 2809 814 2879 οὐδεμίαν
845 2808 1188 2878 κατάγνωσιν
1213 2806 1574 2878 ἔχουσαν.Διά
1593 2805 1797 2858 τούτων
1819 2807 1914 2859 καὶ

237 2897 274 2968 ἠ
313 2895 468 2966 φιλία
509 2893 796 2962 σφίγγεται
849 2891 1071 2962 μᾶλλον.
1112 2889 1227 2944 Νῦν
1281 2889 1380 2961 μὲν
1431 2889 1540 2958 γὰρ
1579 2889 1683 2941 κᾶν
1715 2887 1913 2941 δοκῶσι

240 2977 532 3048 φιλεῖσθαι,
566 2975 680 3029 ἀλλ’
710 2975 857 3046 ὅμως
892 2973 1258 3044 αἰσχύνονται,
1283 2971 1357 3036 ὼς
1381 2971 1506 3042 εἰκῆ
1534 2971 1736 3036 ζῶντες
1759 2968 1909 3043 [505]

239 3061 395 3134 παρά
424 3060 536 3114 σοί*
565 3059 631 3113 ἀν
659 3058 715 3112 δὲ
757 3057 933 3112 ταῦτα
958 3056 1164 3111 ἀνύωσι
1185 3098 1202 3124 ,
1235 3059 1329 3111 καί
1374 3057 1528 3110 αὐτοὶ
1569 3055 1747 3128 ῥᾴδιον
1796 3055 1913 3108 δια-

241 3145 538 3208 κείσονται,
557 3142 651 3195 καί
681 3141 744 3194 σὺ
768 3140 916 3211 ἥδιον
943 3139 1179 3210 θρέψεις,
1218 3139 1313 3192 ἆτε
1340 3139 1403 3190 οὐ
1432 3138 1609 3210 μάτην
1633 3135 1910 3201 δαπανῶν,

241 3231 486 3283 κάκεῖνοι
523 3226 661 3298 μετά
689 3224 1001 3297 παρρησίας
1037 3240 1120 3276 σοι
1149 3222 1460 3276 συνέσονται
1505 3222 1598 3274 καὶ
1623 3224 1722 3292 τῆς
1745 3237 1914 3291 προσ-

238 3313 483 3383 ηκούσης
531 3310 862 3382 ἐλευθερίας,
904 3308 999 3362 καὶ
1032 3308 1066 3378 ἡ
1088 3306 1231 3360 οἰκία
1264 3322 1358 3358 σου
1390 3305 1513 3359 ἀντὶ
1552 3305 1782 3376 θεάτρου
1822 3305 1915 3356 ἐκ-

238 3395 438 3465 κλησία
466 3411 548 3446 σοι
573 3394 886 3463 γενήσεται,
916 3391 1011 3444 καὶ
1056 3393 1086 3444 6
1133 3389 1377 3451 διάϐολος
1408 3387 1786 3459 δραπετεύσει,
1819 3389 1913 3440 καὶ

237 3480 267 3532 6
293 3477 529 3551 Χριστὸς
569 3474 934 3529 εἰσελεύσεται
962 3474 1057 3527 καὶ
1080 3475 1108 3527 6
1132 3472 1242 3526 τῶν
1261 3471 1507 3540 ἀγγέλων
1529 3472 1709 3541 χορός.
1733 3471 1908 3524 Ὅπου

238 3561 347 3633 γάρ
373 3563 402 3614 6
420 3559 676 3630 Χριστὸς,
702 3559 926 3612 ἐκεῖκαὶ
943 3557 988 3589 ⁸⁵
1015 3557 1064 3610 οί
1087 3555 1308 3625 ἄγγελοι
1329 3570 1343 3585 ο
1369 3555 1501 3607 ὅπου
1526 3554 1584 3606 δέ
1618 3555 1646 3607 6
1673 3552 1912 3624 Χριστὸς

238 3649 335 3698 καὶ
365 3647 416 3698 οἱ
440 3644 682 3713 ἄγγελοι,
709 3643 824 3694 ἐκεῖ
839 3641 884 3673 ⁸⁸
926 3642 956 3694 6
981 3639 1228 3711 οὐρανὸς,
1260 3639 1377 3690 ἐκεῖ
1405 3637 1520 3706 φῶς
1555 3636 1649 3690 τοῦ
1684 3636 1910 3708 ἡλιακοῦ

237 3729 428 3783 τούτου
463 3727 829 3798 φαιδρότερον.
861 3725 925 3778 Εί
953 3724 1011 3778 δέ
1048 3725 1143 3777 καὶ
1170 3723 1364 3794 ἑτέραν
1391 3721 1570 3792 βούλει
1614 3721 1682 3775 δι’
1730 3721 1910 3774 αὐτῶν

238 3811 584 3883 καρποῦσθαι
609 3808 975 3881 παράκλησιν,
1004 3807 1257 3862 κέλευσον
1275 3807 1341 3874 ⁸⁷,
1385 3806 1580 3878 σχολὴν
1616 3805 1787 3875 ἀγων,
1827 3804 1910 3874 βι-

2023 644 2310 707 κάκείνους
2353 645 2498 697 ποιεῖ
2540 643 2898 713 σεμνοτέρους
2919 659 2933 672 ’
2985 644 3167 696 ἐκεῖνα
3193 643 3249 695 δὲ
3283 643 3525 707 ἅπαντας
3561 645 3698 716 ὁμοῦ

2023 726 2394 797 καταισχύνει·
2427 727 2486 780 σὲ
2519 727 2616 797 μὲν
2642 727 2717 790 ὼς
2747 725 3004 797 ὑϐριστὴν
3030 727 3124 778 καὶ
3146 725 3422 797 πάροινον,
3458 728 3697 791 ἐκείνους

2020 807 2077 862 δέ
2125 810 2200 872 ὠς
2252 808 2465 872 ἀθλίους
2507 811 2600 863 καὶ
2656 809 3123 882 γαστριμάργους.
3175 809 3272 860 ’Ἂν
3322 809 3419 879 μὲν
3459 809 3571 880 γάρ
3611 811 3698 878 ἐφ’

2023 891 2179 962 ῦϐρει
2225 894 2430 964 τρέφῃς
2455 935 2471 958 ,
2532 895 2928 964 χαλεπώτερον,
2966 892 2999 963 ἢ
3050 894 3099 944 εί
3140 891 3379 955 ἀνεῖλες·
3415 891 3481 945 ἂν
3519 892 3576 946 δὲ
3609 895 3696 945 ἐπ’

2020 975 2258 1048 ὠφελείᾳ
2300 979 2394 1029 καὶ
2419 977 2624 1048 κέρδει,
2672 975 3085 1048 χρησιμώτερον
3119 975 3301 1040 πάλιν,
3342 975 3374 1045 ἢ
3405 977 3455 1028 εἰ
3489 978 3694 1044 ἀπαγο-

2023 1059 2216 1128 μένους
2260 1057 2358 1130 τὴν
2404 1060 2498 1112 ἐπὶ
2527 1059 2743 1129 θανάτῳ
2771 1061 3134 1129 ἐπανήγαγες.
3187 1059 3297 1110 Καὶ
3335 1058 3429 1110 νῦν
3459 1060 3556 1128 μὲν
3592 1060 3697 1112 τῶν

2019 1141 2248 1194 οἰκετῶν
2297 1141 2496 1212 μᾶλλον
2538 1143 2735 1206 αὐτοὺς
2783 1139 3185 1211 καταισχύνεις,
3239 1141 3335 1194 καὶ
3393 1142 3441 1192 οί
3487 1142 3694 1196 οἰκέται

2019 1224 2241 1280 πλείονα
2268 1224 2474 1279 τούτων
2519 1224 2701 1295 ἔχουσι
2747 1225 3060 1297 παρρησίαν
3109 1225 3204 1278 καὶ
3253 1224 3533 1297 ἐλεύθερον
3566 1243 3693 1278 συν-

2019 1308 2188 1371 ειδόςο
2220 1308 2341 1361 τότε
2368 1308 2425 1361 δὲ
2452 1308 2561 1360 τῶν
2589 1308 2838 1376 ἀγγέλων
2871 1308 3083 1380 ἐργάσῃ
3117 1307 3286 1370 ίσους.
3334 1296 3694 1370 Καῖτούτους

2017 1391 2193 1446 τοίνυν
2227 1391 2324 1444 καὶ
2356 1391 2551 1444 σαυτὸν
2579 1391 2886 1458 ἀπάλλαξον
2913 1392 2981 1455 ⁸⁸,
3006 1392 3100 1444 καὶ
3136 1390 3333 1455 ἐξελὼν
3358 1392 3420 1444 16
3447 1391 3556 1444 τῶν
3593 1409 3693 1444 πα-

2019 1475 2255 1546 ρασίτων
2283 1473 2475 1544 ὄνομα,
2503 1474 2787 1537 συσσίτους
2805 1473 2978 1536 κάλει,
3011 1474 3105 1526 καὶ
3129 1472 3373 1526 ἐκϐαλὼν
3400 1475 3498 1544 τὴν
3520 1475 3565 1505 ⁶⁹
3583 1473 3692 1527 τῶν

2018 1558 2288 1622 κολάκων,
2347 1559 2447 1627 τὴν
2495 1556 2606 1610 τῶν
2647 1557 2816 1626 φίλων
2874 1557 3106 1610 ἐπιτίθει
3149 1559 3536 1629 προσηγορίαν.
3592 1558 3691 1611 Διά

2014 1637 2174 1691 τοῦτο
2214 1639 2438 1702 καὶτὰς
2468 1639 2649 1708 φιλίας
2690 1639 2943 1710 ἐποίησεν
2981 1641 3009 1692 6
3052 1638 3204 1704 Θεὸς,
3246 1643 3346 1692 οὐκ
3392 1640 3486 1692 ἐπὶ
3533 1640 3690 1711 κακῷ

2016 1722 2123 1775 τῶν
2172 1723 2508 1793 φιλουμένων
2541 1723 2781 1776 καὶτῶν
2829 1723 3147 1791 φιλούντων,
3197 1723 3314 1776 ἀλλ’
3363 1723 3449 1775 ἐπ’
3498 1723 3690 1794 ἀγαθῷ

2017 1804 2112 1856 καὶ
2152 1803 2428 1874 χρησίμῳ.
2471 1797 2642 1856 Αὐται
2690 1805 2748 1856 δέ
2794 1807 2849 1858 αί
2899 1804 3071 1872 φιλίαι
3118 1805 3300 1876 πάσης
3349 1804 3546 1875 ἔχθρας
3584 1809 3692 1860 εἰσὶ

2015 1885 2410 1958 χαλεπώτεραι.
2443 1888 2602 1957 Παρὰ
2623 1887 2722 1957 μὲν
2749 1888 2859 1958 γὰρ
2887 1887 2994 1940 τῶν
3026 1887 3262 1958 ἐχθρῶν,
3290 1886 3356 1940 ἀν
3389 1887 3686 1960 ἐθέλωμεν,

2015 1970 2111 2022 καὶ
2142 1970 2532 2042 κερδαίνομεν*
2581 1972 2734 2042 παρά
2781 1972 2838 2024 δέ
2879 1971 3083 2024 τούτων
3112 1974 3324 2041 ἀνάγκη
3345 1970 3391 2003 ⁷⁸
3429 1973 3522 2024 καὶ
3558 1973 3691 2042 βλά-

2015 2053 2245 2108 πτεσθαι
2293 2055 2532 2118 πάντως.
2572 2055 2664 2126 Μὴ
2706 2056 2770 2126 δὴ
2805 2056 3000 2125 κάτεχε
3033 2053 3254 2123 φίλους,
3310 2053 3514 2124 βλάϐης
3545 2056 3690 2108 διδα-

2017 2139 2277 2203 σκάλουςο
2327 2141 2402 2210 μὴ
2437 2140 2633 2210 κάτεχε
2665 2140 2851 2209 φίλους
2899 2137 3179 2212 τραπέζης
3216 2137 3413 2208 μᾶλλον
3445 2138 3478 2209 ἢ
3508 2139 3690 2208 φιλίας

2014 2222 2249 2294 ἐραστὰς
2282 2223 2462 2287 ὄντας.
2514 2225 2576 2275 OE
2603 2223 2712 2293 γὰρ
2740 2221 2968 2274 τοιοῦτοι
3003 2223 3224 2284 πάντες,
3258 2220 3324 2274 ἀν
3351 2220 3448 2292 τὴν
3476 2223 3690 2294 τρυφὴν

2014 2306 2345 2377 καταλύσῃς,
2381 2305 2704 2360 καταλύουσι
2736 2307 2828 2358 καὶ
2856 2307 2954 2376 τὴν
2983 2305 3164 2374 φιλίαν
3184 2319 3198 2334 ’
3231 2307 3280 2358 οί
3303 2305 3358 2357 δὲ
3391 2306 3457 2358 δι’
3485 2308 3688 2378 ἀρετήν

2015 2405 2098 2442 σοι
2131 2391 2381 2452 συνόντες
2406 2429 2420 2451 ,
2460 2389 2680 2460 μένουσι
2712 2387 3005 2459 διηνεκῶς,
3037 2390 3215 2441 πᾶσαν
3262 2389 3516 2458 φέροντες
3558 2389 3689 2441 ἀνω-

2017 2472 2237 2542 μαλίαν.
2261 2473 2333 2526 Τὸ
2356 2473 2411 2527 δέ
2435 2472 2545 2526 τῶν
2578 2472 2892 2544 παρασίτων
2921 2471 3096 2540 γένος,
3126 2472 3220 2524 καί
3244 2472 3598 2542 ἀμύνονταί’¹ι
3628 2489 3688 2524 σε

2013 2555 2307 2619 πολλάκις,
2358 2557 2455 2609 καὶ
2507 2555 2752 2626 πονηρὰν
2797 2554 3137 2625 περιτιθέασι
3171 2555 3348 2620 δόξαν.
3410 2554 3688 2609 Ἐντεῦθεν

2013 2642 2144 2706 γοῦν
2183 2637 2411 2702 πολλοὺς
2455 2639 2564 2692 τῶν
2608 2637 2909 2709 ἐλευθέρων
2953 2635 3071 2691 οἶδα
3116 2639 3359 2711 πονηρὰς
3393 2639 3688 2710 ὑπολήψεις

2011 2720 2310 2784 λαϐόνταςο
2362 2723 2459 2774 καὶ
2497 2723 2548 2774 οἱ
2585 2720 2684 2790 μὲν
2725 2721 2820 2774 ἐπὶ
2849 2721 3216 2790 γοητείαιςτί,
3262 2722 3310 2774 οί
3343 2722 3400 2775 δὲ
3435 2723 3526 2775 ἐπὶ
3568 2740 3687 2792 μοι·

2013 2803 2187 2873 χείαις
2227 2803 2321 2855 καὶ
2365 2803 2570 2856 παίδων
2598 2803 2922 2874 διαφθοραῖς
2971 2804 3352 2874 διεϐλήθησαν.
3385 2805 3550 2858 Ὅταν
3576 2805 3687 2877 γάρ

2016 2886 2181 2957 μηδὲν
2205 2884 2362 2956 ἔργον
2385 2884 2602 2955 ἔχωσιν,
2629 2885 2743 2938 ἀλλ’
2773 2885 2897 2956 εἰκῆ
2924 2885 3017 2939 τὸν
3042 2886 3250 2939 ἑαυτῶν
3283 2885 3419 2951 ζῶσι
3452 2887 3584 2957 βίον,
3609 2887 3686 2949 ὡς

2012 2965 2187 3020 ταύτά
2231 2966 2637 3037 διακονούμενοι
2691 2970 2803 3030 τοῖς
2860 2969 3018 3020 παισὶ
3034 2969 3081 3000 ⁷³
3131 2968 3284 3040 παρά
3327 2969 3542 3034 πολλοῖς
3584 2970 3686 3023 ὐπ-

2013 3050 2351 3106 οπτεύονται.
2396 3053 2507 3105 Καὶ
2547 3051 2703 3122 δόξης
2744 3051 2924 3104 τοίνυν
2982 3053 3206 3116 ἑαυτοὺς
3257 3051 3685 3116 ἀπαλλάττοντες

2015 3138 2278 3206 πονηρᾶς,
2309 3135 2402 3189 καὶ
2431 3135 2539 3206 πρὸ
2577 3136 2794 3188 πάντων
2824 3135 2924 3205 τῆς
2953 3135 3253 3207 μελλούσης
3298 3139 3543 3208 γεέννης,
3588 3137 3686 3191 καὶ

2014 3217 2084 3270 τά
2123 3218 2200 3288 τῷ
2235 3217 2354 3289 Θεῴ
2378 3219 2638 3272 δοκοῦντα
2678 3219 2980 3283 ποιοῦντες,
3010 3221 3106 3290 τὴν
3132 3220 3442 3293 διαϐολικὴν
3479 3221 3684 3292 ταύτην

2014 3301 2409 3372 καταλύσωμεν
2446 3301 2755 3373 συνήθειαν,
2792 3303 2879 3355 ἵνα
2909 3303 3004 3356 καὶ
3033 3302 3301 3368 ἐσθίοντες
3325 3307 3419 3358 καὶ
3439 3306 3683 3368 πίνοντες

2017 3385 2193 3438 πάντα
2233 3385 2311 3447 εἰς
2354 3383 2510 3450 δόξαν
2556 3385 2692 3438 Θεοῦ
2754 3385 3018 3457 ποιῶμεν,
3055 3389 3150 3440 καὶ
3199 3388 3299 3459 τῆς
3343 3391 3471 3462 παρ’
3515 3389 3681 3443 αὐτοῦ

2016 3466 2172 3537 δόξης
2214 3464 2649 3536 ἀπολαύσωμεν
2682 3461 2748 3539 ἧς
2797 3468 3008 3536 γένοιτο
3056 3471 3262 3532 πάντας
3305 3461 3453 3541 ἡμᾶς
3498 3473 3683 3524 ἐπιτυ-

2013 3553 2150 3619 χεῖν,
2185 3551 2366 3621 χάριτι
2408 3551 2503 3604 καί¹
2532 3551 2910 3623 φιλανθρωπίᾳ
2937 3554 3030 3604 τοῦ
3072 3552 3276 3624 Κυρίου
3307 3553 3466 3626 ὴμῶν
3506 3553 3681 3626 Ἰησοῦ

2012 3634 2272 3706 Χριστοῦ,
2299 3628 2343 3702 ᾧ
2373 3636 2406 3706 ἡ
2434 3633 2560 3699 δόξα
2603 3637 2698 3688 καί⁵
2734 3635 2796 3688 16
2839 3635 3059 3706 κράτος,
3117 3635 3212 3691 νῦν
3243 3639 3337 3691 καὶ
3363 3639 3449 3692 ἀεὶ
3473 3639 3567 3692 καὶ¹
3600 3640 3680 3703 είς

2011 3717 2136 3780 τοὺς
2168 3717 2366 3781 αἰῶνας
2393 3717 2502 3770 τῶν
2534 3715 2766 3772 αἰώνων.
2810 3718 3000 3789 Ἀμήν.

315 3923 361 3955 ⁸⁸
385 3920 800 3991 Φιλανθρωπίαν
834 3918 901 3991 Κ.
935 3933 990 3991 p_.
1017 3933 1072 3988 ι).
1103 3915 1546 3991 ὠμότηταϐτμΚ.
1618 3915 1666 3991 ξς
1705 3913 1910 3991 ἐξέταζε

2011 3913 2086 3991 ig“.
2108 3983 2153 3991 __
2165 3911 2210 3944 ⁸ο
2234 3912 2290 3991 ὀί
2318 3925 2429 3991 οφ.
2458 3907 2622 3991 (ἶκηζ
2778 3908 3363 3991 συναντιλαμϐάνεσθαι
3392 3909 3552 3991 Gil.
3582 3912 3677 3968 sed

238 3994 329 4048 hic
363 3992 419 4046 in
455 3988 852 4044 marfalterum
891 3988 1068 4041 habet.

1146 3983 1190 4018 δ’
1214 3983 1409 4040 Παιδία
1439 3987 1572 4039 Edd.
1618 3984 1836 4037 Παιδίον
1869 3983 1932 4039 L.

239 4067 363 4118 lect.
397 4063 466 4117 ad
504 4079 556 4130 p.
586 4061 690 4115 240
712 4060 772 4114 Β.
811 4055 1094 4130 βοηθῆσαι]
1125 4057 1246 4130 add.
1277 4055 1703 4130 θεραπεῦσαι-(ἒ.

2014 4053 2102 4107 itis
2123 4052 2358 4130 lli’lcrpp:

2034 3983 2078 4014 ⁸³
2108 3980 2243 4054 ἴδῃς]
2277 3983 2403 4035 add.
2427 3979 2550 4054 τινά
2788 3981 2858 4054 Κ.
2884 3988 2936 4054 ιιι
2966 3982 3045 4054 εἰς
3069 3975 3244 4054 ειιίιξὶι
3277 3981 3404 4054 Say.
3440 3983 3675 4054 (Juvat.

2439 4047 2851 4123 ⁶⁸ώφελοῦ9αν]
2871 4050 3146 4121 ὠφελῆσαι
3179 4049 3482 4123 δυναμένην
3512 4051 3578 4107 G.
3608 4052 3672 4108 ll.

237 4134 282 4166 “
315 4135 412 4186 καὶ
439 4119 548 4184 οιιῖ.
580 4130 643 4184 G.
671 4130 736 4183 Η.
765 4119 979 4183 υὲίηὶιεέ
1003 4119 1116 4182 huic
1143 4119 1353 4197 ὅπουδέ
1375 4128 1403 4197 6
1436 4125 1665 4197 Χριστὸς
1691 4125 1857 4197 καὶ-οἱ
1888 4126 1910 4178 ὃ

2011 4130 2110 4197 ελοι
2138 4138 2242 4197 ηομ
2267 4119 2572 4197 ῇοὺθιιίηίξ.
2608 4119 2788 4197 [1169.
2820 4119 3067 4197 ξυγκειιᾶ
3095 4119 3556 4197 [αἰετὼ-ιμίιὸιΑΑ
3569 4140 3676 4197 rm_.

237 4203 281 4234 “
310 4201 452 4336 ἐκεῖ]
471 4200 596 4254 add.
631 4204 722 4253 καὶ
761 4199 897 4254 Edd.
996 4198 1038 4230 ⁸⁷
1067 4198 1251 4251 κέλευε
1280 4196 1344 4250 Κ.
1380 4195 1442 4249 L.

237 4283 362 4328 ante
390 4276 418 4326 ὲ
452 4270 586 4325 ελὼν
605 4285 716 4324 om.
746 4269 808 4324 L.
883 4269 928 4301 ⁸³
945 4266 1066 4336 τὴν]
1095 4267 1156 4320 τὸ
1174 4268 1239 4324 G.
1274 4267 1337 4322 H.
1366 4267 1430 4321 Κ.
1474 4335 1477 4336 ν
1507 4268 1526 4299 '

1563 4211 1615 4264 p.
1651 4191 2022 4264 λαμϐάνοντας
2071 4191 2136 4247 G.

2445 4191 2490 4221 ⁸⁸
2519 4189 2849 4261 ἀπάλλαξον]
2869 4260 2872 4261 ν
2896 4191 3164 4261 διιὼτῶν
3194 4192 3451 4244 τοιούτων
3481 4189 3545 4244 G.
3582 4195 3676 4246 καίΙ

237 4283 362 4328 ante
390 4259 586 4336 ἐξελὼν
605 4285 716 4324 om.
746 4269 808 4324 L.
883 4269 928 4301 ⁸³
945 4266 1066 4341 τὴν]
1095 4267 1156 4320 τὸ
1174 4268 1239 4324 G.
1274 4267 1337 4322 H.
1366 4267 1430 4321 K.
1475 4259 1817 4406 ”⁷⁰’ἀνάγκη1]
1847 4265 1910 4318 ad

237 4343 301 4400 G.
332 4342 397 4396 Κ.
476 4343 519 4373 ⁷¹
545 4341 808 4406 ἀμύνεται
827 4347 881 4394 εἰ
907 4337 1215 4406 περιτίθησι
1237 4337 1302 4393 G.
1335 4337 1398 4392 Η.
1438 4335 1502 4390 Κ.
1540 4335 1793 4406 πονηρὰν.
1843 4336 1908 4389 ad

2011 4265 2157 4316 πᾶσα
2187 4261 2320 4316 Edd.
2341 4260 2438 4315 καὶ
2477 4277 2585 4314 om.
2611 4259 2675 4313 Κ.
2706 4261 2767 4313 ι..
2807 4259 3045 4332 πάντως]
3075 4263 3223 4314 πᾶσα
3246 4263 3310 4314 Κ.
3336 4261 3458 4315 Mox
3485 4262 3543 4316 δὲ
3562 4279 3674 4317 nm.

2011 4335 2127 4406 ιπέρ
2151 4331 2342 4406 σοῦϐ.
2372 4330 2443 4406 Π.
2479 4331 2717 4406 αιΙάεσοι
2864 4400 2877 4406 _
2897 4331 2963 4406 ff
2998 4332 3248 4406 γοητείας
3277 4331 3340 4388 G.
3377 4331 3442 4386 Κ.
3474 4331 3531 4386 L.
3558 4351 3674 4405 μοι-

237 4343 301 4400 G.
332 4342 397 4396 Κ.
433 4330 451 4336 ⁷
476 4343 519 4373 ⁷¹
545 4341 808 4411 ἀμύνεται
827 4347 881 4394 εἰ
900 4330 1302 4411 περιτίθησι-6.
1540 4330 1817 4411 ⁸πονηρὰν]
1843 4336 1910 4411 ad_

2011 4335 2127 4411 ιπέρ
2151 4331 2342 4411 σοῦ-(Ξ.
2372 4330 2443 4411 Π.
2479 4331 2718 4411 αιΙάχσοι

2919 4331 2963 4405 ⁷3
2998 4331 3248 4405 γρηῖείας
3277 4331 3340 4388 G.
3377 4331 3442 4386 Κ.
3474 4331 3531 4386 L.
3558 4351 3676 4405 μοι-

237 4399 389 4486 χείας
407 4421 461 4467 el.
487 4399 779 4482 διαφθορὰς
798 4411 863 4466 G.
897 4409 963 4464 Κ.
983 4399 1050 4442 ’⁷⁸
1067 4399 1245 4481 παὶσὶ]
1280 4410 1415 4462 πᾶσι
1446 4406 1512 4461 H.
1540 4406 1606 4460 K.
1626 4399 1739 4470 τοῖς
1772 4399 1910 4460 ﬁam“

2011 4421 2050 4457 ι.
2079 4399 2140 4456 L.
2177 4401 2294 4457 Vid.
2319 4403 2504 4456 aduot.
2533 4399 2770 4472 πολλοῖς]
2793 4400 3000 4454 πολλῶν
3023 4399 3156 4456 Edd.

1757 4578 2001 4635 OMIAIA
2035 4578 2172 4632 ΜΘ’.

234 4679 390 4756 [504]
433 4680 717 4756 Ἀκούσας
747 4676 816 4756 δὲ
852 4679 884 4731 ό
904 4677 952 4709 ⁷⁵
989 4674 1238 4756 Ἰησοῦς,
1263 4668 1902 4756 ἀκεᾈιξφησεκξῖκρῖᾷεν

303 4738 390 4805 ἐν’
407 4751 596 4814 πλοίῳ
625 4738 712 4814 εἰξ
748 4747 969 4817 ἔρημον
993 4738 1335 4818 τόπσνᾎιαί
1367 4738 1559 4818 i811»:-
1592 4738 1898 4818 xui-4x94}:

303 4838 528 4886 σαντες
565 4806 618 4873 οἱ
664 4806 866 4888 ὄχλοι,
905 4817 1332 4885 ἠκολούθησαν
1379 4808 1540 4877 αὐτῷ
1591 4807 1736 4878 πεζῇ
1778 4806 1898 4863 ἀπὸ

304 4890 523 4946 πασῶν
553 4887 670 4943 τῶν
700 4887 960 4942 πόλεων.

301 5021 372 5068 α’.
412 5013 554 5082 Ὅρα
576 5006 850 5080 πανταχοῦ
883 5006 1043 5060 αὐτὸν
1075 5003 1477 5076 ἀναχωροῦντα,
1516 5001 1611 5055 καὶ
1636 5002 1722 5055 ὅτε
1757 5016 1899 5072 παρ-

233 5099 388 5169 εδόθη
422 5097 694 5164 Ἰωάννης,
734 5093 828 5146 καὶ
867 5091 956 5143 ὅτε
997 5088 1258 5162 ἀνῃρέθη,
1292 5087 1388 5141 καὶ
1431 5087 1520 5139 ὅτε
1561 5086 1802 5156 ἥκουσαν
1845 5083 1896 5136 οί

245 5168 487 5234 Ἰουδαῖοι
527 5180 607 5232 ὅτι
656 5176 872 5238 πλείους
922 5173 1169 5244 μαθητὰς
1215 5172 1376 5224 ποιεῖ.
1409 5169 1492 5222 Τά
1522 5169 1632 5239 γὰρ
1677 5168 1896 5220 πλείονα

231 5258 718 5332 ἀνθρωπινώτερον
756 5255 1003 5327 βούλεται
1046 5254 1288 5317 διοικεῖν,
1330 5251 1542 5306 οὐδέπω
1566 5249 1661 5304 τοῦ
1698 5250 1892 5321 καιροῦ

233 5345 522 5406 καλοῦντος
551 5339 943 5410 ἀπογυμνῶσαι
980 5338 1077 5407 τὴν
1103 5336 1332 5407 θεότητα
1370 5333 1558 5404 σαφῶς
1578 5333 1645 5387 ⁷⁵.
1675 5333 1768 5386 Διὸ
1800 5333 1895 5386 καὶ

229 5433 341 5494 τοῖς
389 5427 654 5500 μαθηταῖς
695 5425 871 5492 ἔλεγε,
921 5421 1111 5493 μηδενί
1140 5421 1330 5483 εἰπεῖν,
1361 5419 1442 5472 δτι
1486 5416 1648 5480 αὐτός
1692 5419 1838 5500 ἐστιν
1867 5417 1895 5469 6

231 5499 464 5584 Χριστός
488 5525 501 5538 ·
553 5508 690 5580 μετά
723 5507 832 5578 γάρ
874 5505 972 5576 τὴν
1003 5503 1314 5556 ’ἀνάστασιν
1347 5502 1394 5534 ⁷⁸
1437 5500 1687 5554 ἐϐούλετο
1735 5499 1892 5554 τοῦτο

231 5595 482 5662 γενέσθαι
524 5589 961 5662 γνωριμώτερον.
988 5587 1151 5641 Ὅθεν
1179 5589 1290 5650 τοῖς
1335 5585 1472 5648 τέως
1505 5584 1891 5662 διαπιστήσασι

231 5656 336 5730 τῶν
372 5656 729 5731 Ἰουδαίων-σύ
764 5656 968 5744 σφόδρα
993 5667 1061 5743 ἦν
1107 5671 1298 5742 βαρὺς,
1329 5669 1465 5724 ἀλλά
1502 5656 1596 5722 κάλ
1639 5685 1888 5736 συγγνω-

298 5787 344 5816 ⁷⁶
371 5785 478 5838 Καὶ
500 5782 735 5844 ἀκούσας
758 5785 787 5835 6
823 5779 959 5833 Edd.
992 5777 1109 5832 Mox
1144 5778 1332 5832 πασῶν
1354 5793 1465 5832 om.
1495 5775 1555 5829 L.
1586 5778 1609 5830 1
1637 5774 1807 5845 Musq.

2006 4665 2245 4738 μονικός.
2286 4665 2669 4738 Ἀναχωρήσας
2703 4665 2759 4719 δέ
2804 4664 2903 4718 οὐκ
2944 4663 3162 4718 ἄπεισιν
3206 4664 3286 4726 είς
3333 4662 3507 4729 πόλιν,
3554 4664 3671 4720 ἀλλ’

2001 4753 2080 4814 είς
2127 4750 2352 4820 ἔρημον,
2397 4751 2490 4803 καλ⁸
2532 4753 2589 4803 ἐν
2617 4750 2808 4820 πλοίῳ,
2854 4747 2995 4801 ὥστε
3039 4747 3243 4818 μηδένα
3282 4746 3668 4818 ἀκολουθῆσαι.

2001 4832 2074 4885 Σὺ
2097 4831 2152 4884 δέ
2182 4849 2272 4903 μοι
2300 4832 2491 4884 σκόπει
2520 4831 2637 4895 πῶς
2678 4834 2726 4884 οι
2776 4831 3014 4902 μαθηταὶ
3049 4830 3296 4882 Ἰωάννου
3325 4828 3509 4882 λοιπὸν
3544 4832 3671 4902 μάλ·

1999 4915 2089 4969 λον
2118 4914 2473 4986 ᾠκειώθησαν
2506 4914 2584 4985 τῷ
2622 4913 2816 4984 Ἰησοῦ.
2842 4913 3005 4967 Αὐτοὶ
3028 4912 3071 4944 ⁷⁷
3101 4913 3208 4982 γάρ
3241 4913 3378 4964 εἰσιν
3410 4913 3460 4965 οί
3489 4913 3669 4984 ἀπηγ-

1999 4998 2254 5068 γελκότες
2275 4996 2420 5068 αὐτῷ
2448 4997 2508 5050 16
2529 4997 2891 5067 γεγενημένον
2905 5013 2918 5026 ·
2953 4996 3046 5049 καὶ
3071 4995 3179 5066 γάρ
3210 4997 3418 5059 πάντας
3439 4996 3484 5028 ⁷⁸
3503 4998 3669 5066 ἀφέν-

1996 5097 2110 5145 τες,
2153 5083 2240 5134 ἐπ’
2265 5081 2426 5134 αὐτὸν
2461 5079 2867 5149 καταφεύγουσι
2909 5079 3110 5132 λοιπόν.
3145 5076 3333 5141 Οὕτως
3372 5079 3434 5132 οὐ
3469 5081 3667 5152 μικρὸν

1997 5165 2136 5237 μετά
2182 5168 2281 5236 τῆς
2329 5166 2612 5235 συμφοράς
2650 5165 2744 5217 καὶ
2788 5163 2858 5217 τά
2905 5163 3005 5235 ήδη
3059 5162 3186 5233 παρ’
3221 5160 3389 5214 αὐτοῦ
3441 5161 3528 5216 διά
3565 5164 3665 5233 τῆς

1992 5249 2340 5320 ἀποκρίσεως
2415 5249 2632 5318 ἐκείνης
2666 5249 2712 5278 ⁷³
2773 5245 3199 5317 οἰκονομηθέντα
3274 5243 3658 5316 κατώρθωσεν.

2004 5332 2164 5386 Ἀλλά
2201 5333 2345 5395 τίνος
2373 5331 2557 5384 ἕνεκεν
2591 5331 2720 5401 πρὶν
2750 5329 2782 5400 ἢ
2817 5329 3146 5398 ἀπαγγεῖλαι
3187 5328 3386 5391 αὐτοὺς
3421 5329 3521 5381 οὐκ
3562 5329 3661 5382 ἀν-

1991 5415 2257 5487 εχώρησε,
2292 5415 2530 5482 καίτοιγε
2571 5413 2686 5484 ᾔδει
2729 5413 2822 5466 καὶ
2851 5412 2982 5482 πρὶν
3030 5412 3064 5482 ἢ
3109 5411 3437 5479 ἀπαγγεῖλαι
3477 5409 3539 5463 16
3566 5427 3663 5480 γεμ-

1990 5499 2316 5570 γενημένον;
2364 5498 2588 5560 Δεικνύς
2645 5495 2734 5549 διὰ
2786 5495 3003 5550 πάντων
3049 5496 3152 5566 τῆς
3197 5495 3509 5565 οἰκονομίας
3559 5493 3659 5564 τὴν

1991 5581 2268 5652 ἀλήθειαν.
2303 5581 2378 5632 Οὐ
2408 5581 2515 5650 γὰρ
2543 5579 2606 5648 δὴ
2639 5578 2800 5647 μόνον
2829 5583 2894 5649 τῇ
2936 5577 3077 5648 ὕψει,
3107 5578 3242 5632 ἀλλά
3282 5579 3376 5631 καὶ
3413 5579 3523 5640 τοῖς
3566 5574 3660 5650 ερ-

1991 5683 2108 5735 γοις
2144 5665 2302 5718 τοῦτο
2330 5663 2650 5716 πιστοῦσθαι
2675 5663 2944 5728 ἐϐούλετο,
2976 5663 3065 5718 διὰ
3095 5663 3156 5716 16
3193 5661 3388 5716 εἰδέναι
3417 5661 3512 5714 τοῦ
3542 5660 3659 5715 διαρ

1884 5775 1928 5805 ⁷⁵
1951 5775 2116 5841 ἀπογ.
2147 5773 2309 5827 αὐτοῦ
2340 5772 2439 5842 τὴν
2467 5771 2516 5823 Θ.
2555 5788 2605 5825 σ.
2645 5768 2705 5823 L.
2734 5772 2832 5842 τὴν
2854 5771 2902 5825 θ.
2937 5770 3251 5842 ἀποκρύψαι
3282 5769 3393 5842 (8οὰ
3435 5769 3485 5822 in
3514 5783 3653 5842 m_ar.

232 5855 636 5923 ἀπογυμνῶσαι)
683 5839 746 5923 av,
783 5853 859 5923 Κ.
896 5851 1239 5923 ἀποκαλύψαι
1284 5849 1381 5917 τὴν
1529 5845 1692 5923 αὐτοῦ
1738 5839 1787 5923 σῖ
1839 5845 1901 5898 H.

2011 5865 2045 5912 ιν
2075 5839 2129 5898 θ.
2180 5839 2524 5923 ἀποκαλξύιζιαι
2563 5842 2748 5923 λοιπὸν
2789 5839 2843 5894 ’σ.
2897 5843 2960 5923 ϐ.
2998 5839 3300 5923 Συίείίιυρξ
3331 5839 3650 5923 ﬁ'rmalnl‘lllf.

232 5907 275 5958 δ”
306 5907 970 5994 ἀνάστασιν]ἰιι1(1.γαύτοῦ
1017 5907 1167 5978 ΕΜ]
1197 5907 1638 5991 γνωριμώτερον]
1672 5915 1910 5988 γνώριμο

2011 5907 2115 5972 Λα.
2153 5917 2195 5947 ⁷⁷
2222 5915 2406 5987 Αὐτοὶ]
2444 5907 2532 5970 Sic
2563 5913 2622 5968 L.
2655 5910 2749 5984 Ep.
2781 5915 2962 5969 caeleri
2993 5907 3172 5968 Οὐτὸι.
3247 5912 3293 5946 ’⁸
3311 5911 3486 5966 πάντα
3513 5907 3654 5965 ΕΜ.

232 5997 275 6028 ’³
301 5997 389 6051 Sic
416 5995 471 6051 L.
499 5989 793 6051 lim-caeleri
825 5989 1069 6050 ἐκείνοις.
