4108 6376
303 351 407 408 197

298 484 535 526 attamen
563 485 628 525 ea
654 485 813 543 quam
841 487 870 525 a
900 470 1116 526 Christo
1139 473 1478 542 excipiebant
1506 489 1734 541 merces,
1780 484 1890 530 stu-

298 565 445 620 dium
488 580 674 619 eorum
707 564 865 635 longe
886 565 1191 633 superabat.
1224 564 1428 620 Idcirco
1459 566 1616 636 hujus
1660 550 1893 622 curatio-

295 658 379 711 nis
407 671 625 710 causam
658 658 807 726 ponit
832 698 845 718 ,
878 672 1071 726 nempe
1122 657 1520 712 miserationem
1547 699 1562 725 ,
1590 657 1890 713 miseratio-

293 764 438 813 nem,
471 749 731 818 inquam,
760 748 1132 803 vehementem
1182 769 1195 804 :
1238 762 1534 818 omnesque
1581 759 1751 804 curat.
1796 750 1893 805 llic

293 840 449 895 fidem
480 856 585 895 non
614 841 832 910 expetit.
862 840 993 894 Nam
1012 839 1153 910 quod
1185 840 1461 905 accedant,
1485 840 1627 911 quod
1649 841 1890 895 civitates

292 932 614 1003 relinquant,
643 932 786 1002 quod
814 932 1094 1002 diligenter
1115 932 1289 1000 ipsum
1315 941 1577 1001 quaerant,
1599 934 1739 1003 quod
1768 949 1887 987 cum

292 1026 382 1078 illo
413 1034 682 1089 maneant,
718 1024 996 1093 ingruente
1019 1022 1179 1087 fame,
1215 1023 1373 1077 Iidem
1399 1024 1607 1078 illorum
1634 1025 1885 1079 declarat.

290 1118 557 1171 Alimenta
590 1131 749 1185 porro
782 1116 885 1168 illis
928 1115 1363 1184 suppeditaturus
1387 1126 1489 1170 est.
1522 1115 1579 1170 Id
1620 1131 1749 1169 vero
1778 1131 1884 1169 non

289 1227 317 1264 a
339 1210 519 1278 seipse
542 1207 686 1272 facit,
709 1207 802 1262 sed
831 1215 1105 1276 exspectat
1124 1206 1299 1262 donec
1324 1214 1564 1277 rogetur,
1596 1206 1726 1261 illud
1747 1222 1891 1261 sem-

288 1317 384 1371 per
411 1302 723 1365 observans,
763 1309 820 1354 ut
843 1299 953 1369 jam
982 1298 1113 1366 dixi,
1145 1313 1214 1353 ne
1234 1300 1382 1368 prior
1410 1298 1477 1353 ad
1506 1298 1762 1353 miracula
1792 1313 1886 1367 pa-

289 1393 481 1447 tranda
511 1407 569 1446 se
597 1392 854 1455 conferat,
883 1390 976 1445 sed
1004 1400 1224 1461 rogatus
1248 1398 1474 1444 tantum.
1510 1390 1580 1444 At
1603 1406 1699 1444 cur
1730 1406 1887 1446 nemo

287 1500 355 1539 ex
388 1483 540 1538 turba
562 1483 823 1539 accedens
848 1481 1119 1536 Christum
1145 1496 1242 1552 pro
1266 1481 1395 1551 ipsis
1421 1483 1674 1552 rogavit?
1695 1483 1885 1538 Mirum

290 1575 344 1629 in
392 1574 608 1628 modum
638 1572 1023 1628 reverebantur
1063 1573 1256 1642 ipsum,
1285 1584 1445 1642 atque
1472 1588 1536 1627 ex
1581 1573 1749 1642 ipsius
1790 1588 1887 1628 au-

284 1666 461 1721 diendi
484 1674 538 1720 et
556 1664 811 1735 sequendi
829 1665 1115 1729 desiderio,
1141 1680 1209 1719 ne
1226 1663 1421 1718 famem
1440 1665 1654 1734 quidem
1682 1667 1885 1721 sentie-

287 1763 435 1814 bant.
460 1759 646 1829 Neque
672 1759 916 1829 discipuli
944 1774 1041 1828 pro
1065 1758 1217 1813 turba
1242 1759 1443 1829 precati
1474 1770 1615 1823 sunt,
1643 1771 1700 1814 ut
1722 1762 1889 1816 aleret

283 1867 397 1917 eos,
425 1852 548 1922 quia
576 1851 751 1905 adhuc
786 1850 1206 1921 imperfectiores
1260 1861 1433 1904 erant.
1486 1851 1624 1918 Quid
1674 1851 1879 1920 igitur?

284 1945 372 1999 15.
416 1943 634 2014 Vespere
660 1953 826 1997 autem
854 1947 990 2014 facto
1015 1983 1030 2005 ,
1060 1943 1269 2012 inquit,
1298 1952 1614 1996 accesserunt
1643 1943 1882 2011 discipuli

281 2039 389 2107 ejus
414 2036 633 2090 dicentes
663 2052 681 2090 :
710 2035 943 2090 Desertus
972 2044 1044 2088 est
1074 2036 1233 2100 locus,
1272 2044 1319 2088 et
1358 2036 1484 2088 hora
1514 2036 1630 2106 jam
1662 2047 1878 2105 praeter-

280 2129 386 2182 iit:
411 2128 605 2181 dimitte
665 2127 857 2193 turbas,
890 2136 941 2178 ut
975 2138 1148 2181 euntes
1188 2136 1355 2180 emant
1399 2127 1498 2181 sibi
1536 2144 1693 2183 escas.
1751 2128 1882 2184 Nam

280 2222 325 2276 si
372 2230 494 2291 post
536 2221 732 2275 factum
787 2220 1100 2274 miraculum
1151 2219 1267 2289 ejus
1309 2219 1461 2274 obliti
1500 2229 1645 2284 sunt,
1676 2220 1719 2274 si
1768 2232 1886 2289 post

279 2325 490 2386 sportas
518 2317 633 2371 illas
681 2315 935 2385 putabant
986 2314 1136 2369 illum
1188 2314 1255 2369 de
1300 2314 1525 2384 panibus
1557 2313 1723 2383 loqui,
1757 2327 1880 2367 cum

281 2407 573 2461 doctrinam
599 2406 989 2461 Pharisaeorum
1014 2404 1335 2459 fermentum
1364 2404 1647 2474 appellavit
1668 2403 1881 2475 (Matth.

280 2499 369 2555 16.
401 2500 455 2570 6)
491 2515 505 2554 :
535 2500 701 2553 multo
747 2500 922 2553 minus
946 2540 961 2565 ,
992 2512 1114 2553 cum
1171 2497 1279 2552 tale
1328 2498 1537 2567 signum
1594 2511 1881 2566 numquam

278 2593 582 2659 vidissent,
631 2591 921 2662 quidquam
974 2590 1277 2660 hujusmodi
1329 2590 1649 2660 suspicaturi
1703 2596 1880 2643 erant.

280 2685 502 2740 Etiamsi
547 2684 695 2753 prius
742 2685 941 2737 multos
976 2691 1218 2738 curasset
1253 2682 1526 2749 infirmos,
1550 2697 1657 2735 non
1704 2691 1882 2735 tamen

280 2781 398 2835 ideo
426 2778 566 2849 quod
593 2779 659 2834 de
692 2778 913 2847 panibus
944 2779 1178 2831 futurum
1206 2784 1326 2831 erat
1352 2774 1774 2845 exspectabant:
1808 2774 1878 2827 ita

278 2879 433 2926 erant
453 2870 627 2926 adhuc
649 2868 965 2939 imperfecti.
984 2867 1062 2922 Tu
1085 2883 1212 2922 vero
1236 2867 1364 2921 mihi
1396 2866 1639 2920 Doctoris
1663 2864 1878 2934 sapien-

280 2966 404 3018 tiam
446 2962 735 3033 perpende,
768 2960 1036 3030 quomodo
1064 2960 1209 3029 ipsos
1238 2960 1385 3014 clare
1411 2958 1478 3013 ad
1504 2957 1662 3012 Iidem
1701 2964 1878 3012 vocet.

278 3056 460 3123 Neque
489 3055 630 3109 enim
656 3054 833 3108 statim
857 3052 1013 3116 dixit,
1040 3052 1191 3107 Alam
1217 3066 1312 3106 eos
1340 3068 1353 3104 :
1381 3066 1556 3121 neque
1576 3050 1719 3106 enim
1751 3049 1881 3106 illud

276 3147 433 3203 facile
462 3146 717 3202 credituri
758 3154 932 3200 erant.
966 3142 1070 3196 Sed
1102 3142 1231 3211 quid
1263 3142 1433 3196 di\it?
1465 3139 1553 3194 I6.
1586 3136 1741 3193 Jesus
1772 3154 1871 3190 au-

280 3230 763 3300 tem,inquit,dixit
777 3234 851 3284 eis
868 3243 886 3279 .'
911 3229 1035 3284 Non
1065 3228 1248 3283 habent
1279 3244 1477 3285 necesse
1503 3228 1593 3292 ire,
1624 3227 1740 3280 date
1776 3226 1880 3280 illis

277 3344 363 3382 vos
385 3327 716 3381 manducare.
757 3325 875 3381 Non
901 3325 1067 3391 dixit,
1102 3324 1252 3379 Dabo
1295 3324 1406 3387 eis;
1434 3321 1527 3378 sed
1548 3364 1563 3388 ,
1596 3321 1704 3376 Vos
1731 3321 1876 3376 date.

276 3419 408 3475 Nam
436 3420 587 3474 illum
624 3418 798 3473 adhuc
836 3429 893 3472 ut
919 3416 1192 3471 hominem
1221 3414 1508 3469 habebant.
1540 3411 1619 3467 Illi
1652 3428 1780 3466 veru
1810 3426 1878 3466 ne

279 3522 404 3568 tunc
428 3512 641 3583 quidem
663 3510 729 3565 ad
750 3510 940 3565 altiora
966 3509 1263 3579 eriguntur,
1289 3505 1382 3561 sed
1404 3504 1578 3559 adhuc
1605 3514 1661 3558 ut
1676 3503 1878 3557 homini

277 3605 611 3677 respondent
648 3622 662 3658 :
706 3604 793 3659 I7.
828 3602 951 3657 Non
977 3602 1218 3655 habemus
1245 3598 1343 3652 nisi
1368 3598 1585 3668 quinque
1608 3613 1765 3668 panes
1784 3636 1800 3662 ,
1831 3605 1879 3650 et

277 3700 404 3753 duos
433 3700 611 3768 pisces.
642 3696 762 3752 Ideo
789 3695 994 3750 Marcus
1019 3692 1169 3766 (Cap.
1187 3688 1348 3762 8.17)
1369 3689 1463 3751 ait,
1494 3689 1639 3758 ipsos
1670 3704 1775 3743 non
1799 3688 1880 3743 in-

278 3790 548 3844 tellexisse
586 3788 638 3843 id
668 3787 810 3857 quod
860 3784 1168 3848 dicebatur,
1197 3790 1315 3837 erat
1361 3780 1503 3835 enim
1557 3794 1652 3834 cor
1689 3794 1877 3834 eorum

278 3891 625 3937 occaecatum.
679 3880 812 3949 Quia
862 3878 1020 3949 igitur
1062 3876 1237 3930 adhuc
1265 3874 1409 3928 lmmi
1454 3874 1729 3943 repebant,
1759 3888 1878 3943 qua:

277 3989 374 4028 sua
428 3983 583 4028 erant
614 3971 725 4041 jam
768 3970 969 4025 inducit
997 3978 1050 4023 et
1076 3971 1191 4021 ait:
1227 3967 1314 4022 18.
1360 3965 1552 4033 A!ferte
1589 3965 1706 4020 illos
1748 3965 1871 4018 mihi

280 4068 400 4121 huc.
423 4066 649 4121 Etiamsi
677 4064 818 4119 enim
845 4063 1090 4118 desertus
1116 4070 1199 4116 est
1220 4060 1392 4122 locus.
1423 4060 1517 4114 sed
1561 4059 1607 4113 is
1655 4060 1745 4129 qui
1788 4075 1877 4113 or-

280 4161 405 4214 bem
430 4159 525 4213 alit
552 4157 637 4212 hic
661 4157 850 4222 adest;
888 4155 987 4210 etsi
1042 4169 1168 4208 vero
1211 4151 1343 4207 hora
1393 4152 1636 4217 transiit,
1668 4150 1763 4206 sed
1794 4152 1837 4205 is
1857 4190 1873 4217 ,

279 4251 370 4320 qui
400 4251 547 4305 hora:
567 4248 839 4318 subjectus
867 4262 972 4300 non
996 4254 1098 4309 est,
1118 4243 1227 4315 jam
1253 4258 1350 4298 vos
1378 4242 1685 4312 alloquitur.
1704 4241 1874 4297 Joan-

286 4358 383 4398 nes
408 4342 428 4414 (
458 4341 587 4411 Cap.
617 4341 671 4396 6.
698 4340 770 4410 9)
828 4354 961 4393 vero
987 4337 1061 4391 ait
1105 4351 1269 4406 panes
1304 4334 1631 4390 hordeaccos
1676 4333 1876 4400 fuisse;

283 4448 456 4504 neque
484 4434 601 4487 sine
621 4446 780 4486 causa
810 4428 1029 4498 adjicit,
1056 4428 1148 4483 sed
1179 4437 1236 4481 ut
1261 4440 1359 4481 nos
1386 4425 1626 4479 instituat
1663 4424 1727 4478 ad
1761 4424 1878 4478 lau-

285 4538 392 4581 tam
421 4539 662 4580 mensam
693 4520 1134 4579 eonculeandam.
1175 4519 1321 4574 Talis
1368 4533 1561 4587 nempe
1596 4524 1714 4572 erat
1755 4532 1876 4587 pro-

284 4621 565 4690 phetarum
615 4634 821 4674 mensa.
852 4616 938 4673 I9.
995 4614 1123 4671 Cum
1148 4616 1301 4685 igitur
1345 4615 1618 4682 accepisset
1661 4614 1879 4683 quinque

284 4729 442 4782 panes
460 4753 475 4776 ,
507 4720 553 4765 et
582 4711 708 4764 duos
738 4710 898 4779 pisces
923 4750 938 4774 ,
970 4718 1016 4761 et
1054 4706 1289 4778 jussisset
1316 4705 1485 4758 turbas
1512 4705 1800 4758 recumbere
1826 4704 1881 4758 in

284 4805 444 4872 [.
472 4802 745 4871 respiciens
770 4802 824 4855 in
861 4802 1041 4855 caelum
1069 4797 1319 4852 benedixit
1349 4813 1368 4852 :
1396 4813 1605 4867 cumque
1629 4797 1878 4868 fregisset,

282 4895 422 4949 dedit
467 4895 730 4966 discipulis
768 4894 913 4956 suis,
944 4891 1183 4958 discipuli
1229 4899 1397 4943 autem
1439 4889 1596 4944 turbis
1637 4905 1656 4944 :
1702 4889 1792 4945 20.
1834 4900 1883 4944 et

282 4987 711 5040 manducaverunt
736 5000 926 5047 omnes,
953 4993 998 5037 et
1021 4982 1237 5038 saturati
1262 4992 1379 5035 sunt
1408 4997 1428 5035 :
1446 4990 1494 5036 et
1521 4980 1739 5035 tulerunt
1757 4982 1882 5036 reli-

282 5081 431 5143 quias
486 5082 884 5149 fragmentorum
934 5076 1201 5129 duodecim
1250 5074 1495 5143 cophinos
1549 5074 1745 5142 plenos.
1786 5072 1878 5127 2|.

289 5171 709 5226 Manducantium
736 5178 906 5223 autem
949 5168 1043 5238 fuit
1068 5182 1305 5221 numerus
1326 5165 1484 5234 ferme
1507 5165 1724 5235 quinque
1758 5165 1876 5219 mil-

285 5266 358 5318 lia
385 5265 608 5317 uirorum
631 5303 648 5329 ,
675 5261 894 5331 exceptis
939 5257 1233 5312 mulieribus
1256 5268 1304 5311 et
1334 5257 1523 5327 pueris.

356 5356 412 5411 2.
437 5354 665 5410 Christus
691 5354 840 5407 modo
867 5368 981 5416 suo,
1010 5351 1162 5405 modo
1189 5349 1365 5404 Patris
1393 5350 1595 5404 nomine
1619 5365 1773 5421 agens
1792 5388 1807 5411 ,
1834 5359 1885 5402 et

285 5460 485 5504 natura
519 5458 568 5502 et
595 5445 847 5501 missionis
875 5444 1186 5498 divinitatem
1211 5441 1457 5513 probauit.
1488 5442 1619 5496 Ante
1657 5457 1880 5495 mensam

288 5542 468 5613 gratiis
507 5539 736 5611 agenda.
769 5537 958 5592 Contra
990 5534 1300 5589 Marcionem
1336 5544 1384 5588 et
1425 5533 1787 5589 Manichatum.
1810 5563 1883 5576 -

286 5635 397 5687 Cur
418 5632 654 5703 respexit
680 5631 731 5684 in
760 5629 950 5685 caelum
976 5636 1031 5683 et
1057 5626 1375 5683 benedixit?
1402 5626 1473 5682 Ut
1496 5627 1827 5692 crederetur,
1851 5641 1881 5680 a

286 5726 446 5783 Patre
493 5726 666 5794 ipsum
708 5724 968 5787 exivisse,
1011 5720 1218 5791 ipsique
1259 5719 1518 5790 mqualem
1555 5735 1694 5777 esse.
1736 5720 1883 5787 Qua-

286 5837 405 5878 rum
450 5835 628 5878 rerum
671 5818 1016 5891 probationes
1053 5829 1293 5886 pugnare
1333 5825 1520 5870 mutuo
1546 5814 1880 5871 videbantur.

1334 356 1399 411 IN
1437 355 1843 416 MATTIIEUM
1882 361 2111 420 HOMIL.
2158 367 2341 426 XLIX.
2394 372 2463 427 al.
2508 372 2568 429 L.

3479 389 3583 442 498

1997 480 2371 553 [
2396 490 2811 554 demonstrabat.
2843 496 2983 566 quod
3004 499 3182 554 omnia
3207 514 3328 555 cum
3354 511 3585 571 potesta-

2000 586 2050 630 te
2077 576 2305 642 faecret;
2331 597 2361 635 a
2389 582 2547 638 Patre
2573 600 2699 639 vero
2732 587 2903 656 ipsum
2934 605 3089 659 esse,
3121 607 3230 647 non
3272 593 3381 648 alio
3422 597 3585 653 modo

1994 670 2367 739 credidissent,
2395 692 2553 746 quam
2582 681 2627 733 si
2654 696 2772 735 eum
2806 683 3104 741 humilitate
3128 688 3294 742 multa
3324 699 3378 744 et
3402 694 3581 745 omnia

1992 763 2058 816 ad
2090 762 2260 834 ipsum
2306 768 2542 825 referens
2579 786 2930 843 operaretur,
2964 788 3019 832 et
3063 790 3278 835 vocaret
3314 782 3381 836 ad
3419 798 3581 854 opera

1993 869 2111 924 qua:
2128 855 2344 916 fiebant.
2374 860 2493 916 Ideo
2514 878 2685 931 neque
2707 865 2828 932 hoc,
2860 882 3031 937 neque
3054 869 3181 925 illud
3206 881 3407 927 tantum
3435 875 3581 940 facit,

1993 957 2051 1002 ut
2080 960 2361 1022 utrumque
2400 956 2786 1024 conlirmetnr;
2815 960 2910 1014 sed
2949 963 3108 1017 modo
3146 979 3267 1019 cum
3300 976 3589 1034 potestate,

1990 1043 2151 1097 modo
2180 1045 2390 1101 Patrem
2436 1050 2711 1114 invocans,
2742 1055 2990 1109 nnracula
3022 1056 3151 1113 edit.
3182 1058 3383 1114 Deinde
3410 1076 3476 1114 ne
3508 1062 3589 1114 vi-

1988 1133 2207 1190 deretur
2227 1136 2325 1193 hac
2346 1139 2397 1193 in
2420 1156 2478 1194 re
2498 1156 2671 1211 pugna
2700 1144 2942 1212 quadam
2960 1162 3100 1214 esse,
3121 1148 3171 1202 in
3191 1150 3487 1205 minoribus
3519 1150 3585 1208 ad

1988 1227 2176 1282 crelum
2204 1230 2437 1299 respicit;
2454 1232 2503 1286 in
2524 1233 2811 1302 majoribus
2834 1252 2959 1290 vero
2979 1252 3097 1292 cum
3126 1249 3387 1308 potestate
3402 1240 3586 1297 omnia

1990 1318 2134 1382 facit,
2169 1331 2223 1377 ut
2247 1322 2424 1379 discas
2449 1327 2609 1380 etiam
2642 1327 2695 1382 in
2726 1330 3021 1386 minoribus
3051 1332 3200 1387 illum
3233 1350 3337 1389 non
3365 1334 3585 1391 aliunde

1991 1424 2306 1479 petestatem
2332 1417 2595 1487 accipere,
2615 1421 2707 1475 sed
2731 1420 2996 1479 honorare
3014 1425 3222 1481 Patrem
3245 1442 3423 1482 suum.
3448 1426 3582 1482 Cum

1978 1507 2130 1560 enim
2164 1518 2377 1576 peccata
2406 1510 2627 1577 dimisit,
2654 1521 2709 1567 et
2737 1514 3037 1583 paradisum
3068 1519 3297 1587 aperuit,
3324 1529 3381 1574 ut
3407 1536 3471 1575 eo
3502 1520 3584 1576 Ia-

1990 1608 2195 1654 trunem
2222 1601 2603 1671 introduceret,
2636 1614 2836 1662 etcum
2867 1607 3034 1679 legem
3063 1619 3298 1665 veterem
3325 1628 3446 1667 cum
3476 1613 3575 1667 im-

1990 1690 2136 1757 perio
2158 1690 2449 1761 abrogavit,
2469 1708 2696 1764 cumque
2714 1709 3003 1754 sexcentos
3024 1712 3262 1755 mortuos
3281 1705 3578 1769 suscitavit,

1988 1799 2136 1840 mare
2180 1785 2445 1852 frenavit,
2491 1799 2697 1844 secreta
2750 1790 3025 1847 hominum
3069 1795 3324 1865 aperuit,
3360 1797 3573 1851 oculum

1987 1876 2188 1930 creavit
2207 1919 2221 1942 ,
2248 1894 2367 1947 qua:
2398 1879 2489 1934 Dei
2528 1880 2693 1935 solius
2721 1897 2883 1952 opera
2910 1893 3035 1937 sunt
3062 1925 3078 1950 ,
3104 1895 3160 1939 ct
3186 1901 3291 1940 non
3316 1886 3535 1941 alterius
3558 1929 3573 1953 ,

1989 1982 2276 2035 numquam
2306 1985 2531 2038 precans
2557 1971 2860 2026 inducitur:
2884 1989 3003 2029 cum
3032 1991 3159 2030 vero
3194 1991 3357 2045 panes
3386 1994 3575 2047 snper-

1985 2057 2258 2115 abnndare
2283 2061 2506 2125 curavit,
2535 2063 2675 2132 quod
2705 2063 2768 2118 iis
2793 2065 3043 2121 omnibus
3073 2066 3227 2137 longe
3254 2071 3431 2123 minus
3455 2080 3573 2137 est,

1987 2160 2112 2206 tunc
2142 2154 2193 2206 in
2219 2154 2409 2208 cadum
2442 2156 2692 2224 respicit:
2717 2157 2874 2211 simul
2905 2158 3018 2213 tunc
3035 2175 3153 2229 quin
3179 2160 3285 2214 dixi
3320 2162 3575 2231 probans,

1985 2244 2249 2316 simulque
2280 2246 2532 2302 erudiens
2555 2263 2683 2314 nos,
2707 2264 2774 2303 ne
2797 2260 2922 2306 ante
2948 2265 3187 2305 mensam
3215 2256 3533 2323 attingamus
3555 2295 3574 2320 ,

1983 2350 2142 2404 quam
2164 2337 2364 2406 gratias
2391 2338 2659 2407 egerimus
2685 2340 2734 2393 ei
2760 2340 2851 2410 qui
2885 2340 3039 2395 nobis
3059 2357 3235 2396 escam
3265 2345 3485 2409 przebet.
3509 2344 3577 2399 Et

1983 2442 2081 2481 cur
2108 2443 2272 2497 panes
2302 2444 2406 2484 non
2436 2429 2559 2485 fecit
2581 2446 2648 2485 ex
2669 2446 2772 2485 non
2802 2434 3175 2488 exstantibus?
3199 2434 3265 2490 Ut
3293 2435 3575 2491 Marcionis

1983 2531 2038 2575 et
2067 2521 2344 2576 Manichaai
2373 2537 2466 2576 ora
2488 2523 2807 2589 Obstrueret,
2832 2526 3063 2594 quicum
3086 2543 3192 2581 non
3217 2542 3336 2582 esse
3361 2538 3574 2583 creatu-

1986 2625 2092 2669 tem
2120 2615 2531 2682 asseverabant,
2563 2625 2617 2670 et
2647 2632 2740 2684 per
2770 2617 2884 2686 ipsa
2913 2633 3076 2687 opera
3106 2618 3356 2685 doceret,
3385 2619 3572 2674 visibi-

1984 2706 2054 2761 Iia
2079 2707 2256 2761 omnia
2284 2707 2399 2777 ejus
2428 2723 2546 2762 esse
2569 2717 2624 2762 et
2656 2723 2821 2778 opera
2858 2718 2912 2763 et
2945 2719 3220 2766 creaturas
3285 2753 3300 2778 ,
3326 2712 3576 2767 ostende-

1982 2807 2170 2867 retque
2199 2813 2259 2852 se
2290 2797 2492 2852 fructus
2510 2798 2660 2867 dare,
2683 2800 2773 2869 qui
2798 2799 2866 2854 ab
2892 2800 3045 2855 initio
3071 2801 3299 2855 dixerit:
3321 2801 3574 2855 Germinet

1981 2894 2125 2940 terra
2147 2886 2360 2940 herbam
2384 2889 2546 2956 freni;
2575 2896 2647 2947 et,
2676 2886 2921 2941 Educant
2942 2904 3093 2954 aqua:
3110 2888 3322 2956 reptilia
3347 2886 3560 2939 anima-

1983 2995 2102 3032 rum
2122 2979 2438 3033 viventium
2466 2977 2617 3043 (Gen.
2646 2980 2697 3034 l.
2720 2982 2779 3034 Il
2802 2992 2852 3034 et
2874 2980 2990 3050 20).
3007 2980 3196 3049 Neque
3216 2979 3359 3032 enim
3380 2977 3562 3032 minus

1981 3070 2086 3126 hoc
2115 3082 2197 3125 est
2237 3071 2347 3125 illo.
2378 3069 2509 3124 Nam
2539 3070 2639 3124 etsi
2671 3069 2757 3124 illa
2797 3070 2903 3124 sint
2940 3086 3006 3125 ex
3048 3085 3156 3124 non
3198 3070 3571 3137 exstantibus,

1978 3173 2214 3219 attamen
2242 3179 2309 3218 ex
2336 3179 2471 3233 aqua
2497 3173 2658 3228 sunt;
2688 3178 2859 3233 neque
2903 3163 3080 3217 minus
3120 3173 3203 3217 est
3230 3179 3295 3217 ex
3335 3163 3571 3233 quinque

1982 3254 2208 3323 panibus
2234 3262 2310 3309 tot
2336 3270 2500 3323 panes
2532 3256 2844 3323 producere,
2869 3263 2923 3308 et
2947 3254 3120 3324 pisces
3146 3254 3327 3307 itidem
3354 3270 3570 3320 augere,

1981 3362 2140 3415 quam
2180 3362 2245 3401 ex
2273 3355 2413 3401 terra
2443 3345 2687 3417 proferre
2716 3345 2976 3414 fructum,
3006 3356 3060 3401 ct
3085 3361 3152 3400 cx
3184 3348 3335 3415 aquis
3363 3346 3570 3415 reptilia

1978 3440 2244 3502 viventia;
2272 3440 2414 3510 quod
2458 3441 2667 3509 signum
2710 3449 2825 3495 erat
2854 3441 3025 3509 ipsum
3062 3449 3116 3493 et
3146 3450 3301 3494 terrae
3344 3449 3397 3493 et
3438 3439 3571 3492 mari

1980 3533 2262 3602 imperare.
2287 3532 2417 3601 Quia
2445 3534 2587 3588 enim
2615 3534 2668 3587 in
2700 3533 2923 3587 infirmis
2944 3548 3155 3602 semper
3183 3534 3329 3603 signa
3358 3533 3574 3599 edebat,

1978 3627 2186 3683 confert
2209 3636 2264 3683 et
2285 3627 2584 3683 universale
2612 3628 2947 3690 beneficium,
2972 3642 3041 3681 ne
3071 3627 3219 3680 multi
3247 3636 3574 3696 spectatores

1983 3727 2186 3773 tantum
2227 3728 2409 3773 essent
2433 3733 2618 3772 eorum
2658 3734 2778 3788 quae
2807 3717 2924 3771 aliis
2953 3718 3367 3788 contingebant,
3398 3717 3490 3771 sed
3518 3728 3574 3772 et

1980 3810 2083 3879 ipsi
2108 3808 2250 3864 dono
2273 3807 2594 3864 fruerentur.
2626 3809 2692 3863 Et
2715 3808 2856 3879 quod
2882 3808 3123 3863 mirabile
3148 3809 3346 3863 Judwis
3367 3808 3575 3863 videba-

1982 3910 2068 3955 tur
2094 3901 2147 3954 in
2173 3900 2387 3955 deserto
2411 3940 2426 3966 ,
2454 3916 2575 3955 cum
2602 3900 2843 3954 dicerent
2866 3915 2879 3952 :
2906 3899 3172 3969 Numquid
3195 3908 3241 3953 et
3268 3916 3451 3967 panem
3482 3917 3574 3968 po-

1980 3994 2093 4048 terit
2120 3994 2264 4058 dare,
2291 4001 2378 4046 aut
2399 4009 2581 4063 parare
2601 4008 2825 4046 mensam
2850 3992 2903 4046 in
2928 3993 3125 4046 deserto
3141 3989 3313 4061 (Psal.
3333 3991 3419 4046 77.
3440 3990 3533 4062 20)
3551 3992 3576 4042 ?

1983 4086 2085 4141 hoc
2108 4086 2221 4155 ipse
2246 4085 2500 4154 operibus
2529 4083 2792 4139 exhibuit.
2816 4081 3046 4153 Ideoque
3075 4084 3125 4137 in
3155 4083 3425 4137 desertum
3455 4082 3575 4136 illos

1980 4176 2240 4241 adduxit,
2271 4185 2324 4229 ut
2355 4176 2471 4229 sine
2510 4174 2617 4228 ulla
2662 4187 2880 4244 prorsus
2921 4173 3229 4243 suspicione
3258 4172 3575 4227 miraculum

1980 4267 2151 4331 eret,
2177 4281 2438 4336 nemoque
2466 4273 2693 4335 putaret,
2718 4264 3000 4334 quemdam
3027 4263 3257 4319 vicinum
3282 4264 3457 4318 vicum
3485 4279 3575 4332 pa-

1982 4376 2103 4414 nem
2129 4360 2182 4414 in
2222 4374 2462 4413 mensam
2504 4356 2765 4412 intulisse.
2797 4356 3000 4411 Idcirco
3027 4370 3131 4410 non
3174 4355 3349 4410 locum
3377 4354 3573 4421 modo,

1982 4451 2078 4507 sed
2122 4451 2283 4505 etiam
2330 4450 2515 4505 horam
2563 4459 2844 4504 memorat.
2876 4448 3035 4505 Aliud
3078 4449 3237 4503 etiam
3283 4447 3571 4511 discimus,

1983 4561 2175 4616 nempe
2202 4544 2581 4614 discipulorum
2606 4543 3021 4614 philosophiam,
3053 4558 3210 4613 quam
3232 4542 3314 4598 vel
3342 4544 3395 4596 in
3416 4543 3578 4597 rebus

1984 4638 2301 4694 necessariis
2326 4637 2688 4703 exhibebant,
2717 4647 2771 4692 et
2797 4645 3052 4707 quantum
3086 4636 3306 4691 delicias
3351 4650 3575 4705 sperne-

1982 4742 2122 4788 rent.
2150 4732 2284 4787 Nam
2308 4731 2587 4786 duodecim
2611 4747 2731 4786 cum
2762 4739 2963 4798 essent,
2995 4732 3229 4802 quinque
3258 4745 3423 4800 panes
3454 4739 3573 4783 tan-

1986 4835 2098 4880 tum
2126 4824 2362 4894 duosque
2394 4825 2567 4893 pisces
2609 4823 2907 4888 habebant;
2934 4840 3101 4894 usque
3143 4823 3278 4878 adeo
3314 4838 3570 4893 corporea

1962 4916 2382 4986 despiciebant,
2408 4916 2808 4986 spiritualiaque
2835 4916 3008 4972 solum
3039 4915 3327 4982 curabant;
3355 4916 3462 4971 imo
3505 4932 3577 4971 ne

1986 5026 2150 5078 pauca
2178 5009 2263 5064 illa
2298 5025 2420 5079 qua:
2448 5008 2713 5063 habebant
2741 5009 3047 5075 retinuere,
3075 5008 3174 5064 sed
3201 5009 3367 5081 rogati
3406 5009 3574 5065 dede~

1985 5114 2129 5159 runt.
2162 5103 2291 5159 Inde
2317 5103 2585 5158 discamus
2609 5144 2624 5168 ,
2651 5103 2751 5157 etsi
2783 5117 2947 5172 pauca
2980 5102 3133 5157 nobis
3152 5103 3258 5156 sint
3279 5145 3299 5170 ,
3324 5103 3413 5158 illa
3440 5119 3571 5173 ege-

1984 5199 2069 5253 nis
2105 5212 2227 5253 esse
2272 5195 2613 5267 proferenda.
2639 5195 2782 5249 iussi
2821 5210 2950 5264 ergo
2996 5204 3201 5265 septem
3245 5195 3364 5250 illos
3410 5211 3575 5265 partes

1983 5289 2204 5356 efferre,
2234 5304 2341 5343 non
2369 5288 2588 5343 dicunt:
2611 5286 2729 5354 Quo
2772 5287 2930 5357 igitur
2955 5286 3076 5341 cibo
3107 5295 3291 5355 postea
3318 5296 3529 5342 utemur
3548 5290 3573 5340 ?

1984 5383 2129 5438 unde
2155 5381 2350 5437 famem
2377 5381 2565 5435 sedare
2583 5379 2914 5449 poterimus?
2937 5379 3030 5435 sed
3059 5380 3236 5433 statim
3259 5390 3568 5450 paruerunt.

1984 5473 2188 5528 Praeter
2219 5487 2282 5527 ea
2322 5487 2443 5543 quae
2477 5483 2635 5541 supra
2663 5469 2895 5525 diximus
2913 5511 2929 5536 ,
2953 5470 3074 5525 ideo
3096 5469 3305 5526 videtur
3328 5469 3574 5526 Christus

2103 5757 2303 5826 Quidam
2325 5768 2436 5826 cum
2456 5755 2646 5826 Morel,
2667 5760 2714 5807 et
2736 5768 2886 5826 opera
2904 5761 2951 5806 et
2970 5754 3326 5826 possessionem.

2103 5816 2316 5882 Quidam,
2338 5819 2546 5871 educant
2564 5829 2704 5883 aqua:
2721 5817 2934 5870 animant
2955 5816 3198 5883 reptiliwu
3218 5816 3488 5868 viventium.
