4108 6376
573 325 678 382 699

570 456 634 495 ex
658 440 740 494 his
759 439 984 510 panibus
1001 439 1206 511 signum
1229 441 1408 503 edere,
1430 455 1487 495 ut
1507 441 1649 509 ipsos
1667 442 1732 496 ad
1753 441 1907 496 ﬁdem
1925 441 2156 496 deduce-

567 542 651 588 ret
674 552 687 588 :
709 534 883 588 adhuc
907 534 1049 589 enim
1078 535 1398 588 infirmiores
1418 544 1588 589 erant.
1611 536 1946 605 Quapmpter
1975 537 2026 590 in
2052 552 2158 592 ca:-

568 625 675 679 lum
701 626 934 695 respicit.
962 626 1199 681 Aliorum
1222 627 1416 697 quippe
1441 628 1711 698 signorum
1730 632 1893 685 multa
1911 631 2153 700 exempla

566 714 851 782 habebant;
874 717 1030 785 hujus
1058 726 1232 771 autem
1263 718 1483 773 nullum.
1514 721 1776 789 Acceptos
1802 722 1961 791 igitur
1990 739 2153 792 panes

566 807 749 877 fregit,
769 817 823 861 et
851 822 946 876 per
971 807 1261 877 discipulos
1285 808 1459 871 dedit,
1486 810 1587 864 hoc
1613 811 1806 866 collato
1833 813 1960 882 ipsis
1986 814 2151 869 hono—

565 912 650 957 re:
678 914 775 953 nec
801 899 1020 953 honoris
1055 890 1258 954 tantum
1292 916 1449 956 causa
1481 901 1630 965 fecit,
1660 903 1752 958 sed
1786 913 1860 969 ut,
1903 920 2022 959 cum
2049 905 2152 960 mi-

561 991 797 1045 raculum
823 1003 1122 1057 cernerent,
1149 1008 1320 1063 neque
1347 993 1504 1048 ﬁdem
1535 1007 1808 1065 negarem,
1841 996 1925 1052 vel
1967 1008 2147 1067 postea

561 1081 725 1151 ipsius
754 1083 1219 1147 obliviscerentur,
1250 1100 1370 1139 cum
1402 1085 1529 1155 ipsae
1556 1102 1744 1142 manus
1769 1104 1954 1143 eorum
1988 1100 2149 1145 testes

557 1183 755 1228 essent.
802 1175 1135 1246 Quapmpter
1178 1177 1323 1247 prius
1376 1178 1615 1245 permisit
1668 1188 1725 1233 ut
1778 1181 1945 1236 turba:
1994 1182 2147 1238 famis

556 1282 715 1321 sensu
740 1268 1069 1334 laborarent,
1100 1270 1530 1339 exspectavitque
1558 1281 1613 1326 ut
1644 1272 1716 1326 illi
1747 1274 2068 1329 accederent
2092 1284 2146 1331 et

556 1359 967 1430 interrogarent.
983 1361 1087 1417 Per
1100 1362 1243 1431 ipsos
1266 1364 1388 1417 item
1406 1363 1568 1432 jussit
1586 1365 1788 1433 plebem
1809 1367 2138 1434 recumbere,

556 1466 654 1519 per
674 1452 821 1521 ipsos
846 1469 1058 1522 quoque
1082 1454 1381 1520 distribuit,
1413 1456 1652 1526 singulos
1678 1459 1889 1526 propria
1928 1460 2142 1515 confes-

554 1545 705 1600 sione
732 1555 788 1600 et
813 1547 1063 1612 Operibns
1093 1550 1274 1602 volens
1298 1564 1691 1619 prmoccnpare.
1723 1552 1921 1606 Idcirco
1949 1553 2017 1605 ah
2040 1554 2141 1609 illis

556 1654 717 1705 panes
745 1640 953 1707 accipit,
983 1650 1039 1694 ut
1057 1642 1223 1695 multa
1250 1643 1323 1696 rei
1353 1643 1649 1697 testimonia
1672 1653 1871 1708 essent,
1896 1660 1959 1701 ac
1982 1646 2142 1701 mira-

551 1730 656 1784 culi
703 1741 1045 1787 monumenla
1088 1733 1365 1789 haberent.
1390 1733 1523 1788 Nam
1551 1736 1593 1789 si
1626 1734 1708 1789 his
1749 1738 1819 1790 ita
1858 1737 2023 1806 gestis
2059 1737 2137 1792 rei

551 1821 701 1875 obliti
727 1832 870 1889 sunt,
901 1823 1025 1894 quid
1054 1825 1322 1890 fecissent,
1351 1828 1393 1880 si
1422 1842 1535 1880 rem
1562 1842 1667 1880 non
1696 1828 1765 1881 ita
1792 1828 2138 1884 adornasset?

548 1913 707 1968 .Iubet
734 1916 892 1969 etiam
925 1917 1043 1972 illos
1072 1917 1123 1971 in
1156 1920 1298 1974 faeno
1322 1918 1678 1986 discumbere,
1708 1920 1890 1975 turbas
1916 1920 1982 1975 ad
2016 1922 2135 1990 phi-

538 2006 934 2077 losophandum
964 2009 1038 2081 (α)
1061 2011 1363 2067 instituens.
1387 2012 1501 2067 Non
1524 2014 1664 2067 enim
1697 2022 1899 2068 tantum
1925 2015 2136 2070 volebat

546 2098 615 2153 ali
645 2114 891 2169 corpora,
924 2101 1016 2156 sed
1044 2102 1276 2157 animam
1303 2118 1511 2173 quoque
1543 2103 1764 2159 institui.

617 2192 671 2245 ὅ.
714 2192 792 2247 Ex
828 2193 949 2249 loco
997 2194 1192 2265 igitur,
1222 2212 1287 2251 ex
1331 2211 1396 2251 eo
1425 2197 1564 2267 quod
1611 2198 1821 2253 nonnisi
1869 2213 2034 2269 panes
2077 2210 2133 2257 et

545 2281 719 2350 pisces
761 2284 952 2352 daret,
981 2286 1227 2356 quodque
1269 2287 1455 2342 eadem
1500 2298 1554 2342 et
1605 2289 1656 2343 iu
1701 2292 1971 2345 communi
2016 2290 2131 2347 dari

540 2376 776 2445 jusserit,
800 2394 899 2433 nec
925 2380 1057 2433 alius
1081 2380 1198 2449 plus
1226 2395 1383 2450 quam
1409 2381 1546 2436 alius
1572 2381 1835 2449 habuerit,
1866 2384 2131 2441 humilita-

540 2480 670 2537 tem,
696 2472 1123 2541 temperantiam,
1150 2475 1534 2545 caritatemque
1555 2474 1754 2543 docuit,
1781 2478 2049 2548 voluitque
2072 2486 2129 2533 ut

541 2562 653 2629 pari
676 2573 857 2618 essent
871 2579 1058 2620 omnes
1078 2581 1202 2636 erga
1225 2566 1357 2619 alios
1376 2566 1590 2633 all'ectu,
1605 2577 1659 2623 et
1681 2570 1857 2624 omnia
1879 2572 2127 2627 omnibus

537 2657 839 2709 communia
884 2671 1006 2711 esse
1053 2659 1417 2726 pulareut..Et
1459 2659 1641 2715 fractis
1688 2662 1950 2730 panibus,
1978 2661 2128 2719 dedit

536 2761 632 2800 eos
668 2746 976 2816 discipulis,
1006 2748 1251 2821 discipuli
1302 2766 1428 2806 vero
1466 2752 1625 2822 plebi.
1671 2752 1915 2825 Quinque
1962 2770 2125 2825 panes
2178 2823 2185 2831 ε

538 2837 731 2892 fractos
757 2838 925 2905 dedit,
953 2851 1007 2895 et
1037 2842 1108 2895 illi
1132 2843 1366 2913 quinque
1396 2844 1447 2899 in
1477 2846 1721 2900 manibus
1742 2847 2121 2917 discipulorum

536 2931 587 2984 in
618 2931 775 2988 fontis
803 2949 1005 2989 morem
1035 2936 1413 2993 seaturiebant.
1443 2937 1625 3009 Neque
1652 2938 1736 2995 hic
1772 2942 1920 2996 Stetit
1962 2942 2124 2998 mira-

531 3025 713 3079 culum
738 3042 751 3078 :
776 3026 869 3081 sed
910 3026 961 3082 id
1005 3026 1129 3083 fecit
1169 3030 1414 3084 utetiam
1444 3032 1978 3100 superabundarent,
2012 3048 2119 3089 non

533 3118 693 3171 modo
724 3134 906 3189 panes,
937 3118 1030 3175 sed
1060 3128 1114 3175 et
1146 3120 1468 3192 fragmenta;
1502 3131 1560 3176 ut
1585 3122 1887 3179 oswnderet
1910 3124 2117 3180 illorum

533 3228 727 3281 panum
774 3213 870 3267 has
905 3228 1025 3270 esse
1073 3215 1357 3286 reliquias,
1388 3224 1550 3287 utque
1590 3216 1838 3273 absentes
1857 3234 2069 3289 quoque
2098 3220 2116 3252 ⁸

530 3314 752 3375 possent
788 3305 838 3361 id
868 3306 1007 3375 quod
1038 3315 1243 3377 gestum
1273 3316 1389 3362 erat
1413 3307 1673 3363 ediscere.
1710 3308 1911 3364 Idcirco
1936 3310 2118 3366 turbas

528 3399 736 3453 esurire
784 3399 1061 3468 permisit,
1093 3416 1160 3455 ne
1188 3401 1306 3470 quis
1349 3409 1597 3470 putaret,
1624 3402 1674 3457 id
1719 3403 1860 3472 quod
1904 3412 2114 3474 gestum

518 3499 643 3544 erat
657 3505 773 3544 esse
787 3490 1134 3562 phantasiam.
1158 3492 1386 3560 Ideoque
1404 3492 1684 3549 duodecim
1714 3494 1971 3564 cophinos
1996 3496 2119 3552 red-

527 3584 730 3640 undare
761 3585 1032 3654 permisit,
1065 3593 1124 3639 ut
1165 3594 1219 3639 et
1260 3585 1424 3641 Judas
1463 3603 1618 3641 suum
1652 3596 1907 3656 portaret.
1936 3588 2117 3645 Potuit

525 3679 684 3729 etiam
714 3676 880 3745 ipsam
907 3675 1096 3731 sedare
1122 3676 1318 3732 famem
1340 3719 1355 3743 ,
1388 3677 1482 3733 sed
1506 3680 1624 3747 ejus
1651 3682 1940 3749 potentiam
1976 3697 2112 3752 apo-

525 3770 647 3825 stoli
695 3784 801 3825 non
846 3770 1156 3825 novissent:
1189 3786 1311 3825 nam
1355 3781 1410 3826 et
1459 3772 1559 3826 sub
1605 3772 1715 3827 Elia
1765 3771 1867 3828 hoc
1912 3772 2111 3830 factum

527 3866 718 3921 fuerat.
745 3866 821 3920 De
849 3864 946 3920 hac
973 3867 1043 3920 ita
1064 3866 1345 3937 stupefacti
1376 3874 1501 3921 sunt
1529 3866 1697 3922 ,ἰυάωί
1715 3909 1730 3929 ,
1762 3877 1820 3923 ut
1844 3868 1991 3923 illum
2022 3885 2111 3926 re-

522 3976 643 4030 gem
671 3961 996 4015 constituere
1024 3961 1255 4026 vellent;
1285 3962 1375 4030 qui
1415 3972 1591 4017 tamen
1623 3962 1675 4016 in
1716 3963 1834 4017 aliis
1867 3964 2033 4033 signis
2060 3964 2110 4020 id

523 4069 811 4123 numquam
848 4062 1199 4109 tentaverant.
1229 4054 1356 4123 Quis
1385 4070 1514 4125 ergo
1555 4055 1732 4110 verbis
1759 4058 2106 4125 expresserit,

520 4160 627 4215 quo
666 4152 820 4213 pacto
848 4160 1012 4214 panes
1047 4145 1206 4200 fontis
1232 4161 1380 4200 more
1419 4146 1778 4201 scaturirent?
1803 4162 1910 4216 quo
1955 4158 2110 4217 pacto

508 4232 573 4291 in
614 4236 901 4292 solitudine
939 4235 1197 4292 ﬂuerent?
1225 4236 1493 4307 quomodo
1536 4246 1615 4291 tot
1657 4236 1961 4293 hominibus
1989 4238 2106 4294 fuc-

519 4332 625 4385 rint
649 4330 780 4385 satis
801 4332 824 4383 ?
848 4331 979 4385 Nam
1006 4329 1284 4400 quinquies
1313 4330 1457 4385 mille
1481 4340 1650 4396 erant,
1680 4347 1786 4387 non
1815 4334 2107 4388 numeratis

518 4422 833 4478 mulieribus
860 4431 915 4478 et
937 4422 1193 4493 parvulis,
1213 4436 1331 4492 qua:
1354 4420 1584 4476 maxima
1609 4423 1787 4491 pepuli
1807 4423 1943 4489 laus,
1963 4425 2105 4494 quod

499 4516 569 4567 ‘et
584 4515 838 4569 mulieres
853 4523 908 4569 et
928 4514 1021 4567 viri
1044 4513 1258 4568 Christo
1274 4512 1559 4568 haererent.
1575 4512 1851 4580 Quomodo
1868 4514 2106 4584 reliquiae

515 4607 706 4663 fuere?
733 4608 945 4662 Etenim
972 4605 1075 4662 hoc
1096 4608 1271 4676 priore
1294 4621 1400 4660 non
1425 4606 1602 4661 minus
1626 4616 1727 4661 est.
1761 4607 1827 4661 Et
1853 4616 1928 4662 tot
1956 4607 2105 4663 fuere

499 4696 809 4768 fragmenta
830 4740 845 4766 ,
878 4707 937 4752 ut
964 4697 1180 4768 cophini
1218 4696 1492 4767 discipulis
1532 4712 1686 4766 pares
1712 4713 1935 4752 numero
1959 4739 1975 4765 ,
2006 4715 2104 4755 nec

515 4791 716 4860 plures,
737 4806 835 4846 nec
850 4791 1130 4861 pauciores
1149 4799 1347 4846 essent.
1362 4794 1591 4860 Accepta
1612 4791 1768 4861 igitur
1784 4790 2100 4862 fragmenta,

513 4899 618 4937 non
647 4884 837 4950 turbis,
870 4885 962 4939 sed
992 4884 1266 4953 discipulis
1292 4884 1436 4939 dedit
1456 4901 1469 4938 :
1489 4885 1686 4939 etenim
1720 4886 1886 4941 turbae
1912 4886 2105 4957 imper-

512 4977 759 5033 fectiores
784 4986 939 5033 erant
964 4977 1259 5046 discipulis.

583 5070 771 5125 Christi
806 5072 857 5125 in
884 5072 1133 5127 miraculo
1163 5071 1597 5141 multiplicationis
1624 5087 1811 5140 panum
1839 5072 2099 5126 sinceritas

509 5174 558 5219 et
595 5164 859 5218 modestia.
890 5164 1170 5219 Ostentatio
1220 5165 1478 5237 fugienda.
1510 5166 1589 5218 Ad
1636 5182 1835 5221 sacrant
1875 5183 2098 5221 mensam

508 5274 609 5327 quo
659 5266 805 5326 pacto
851 5257 1213 5311 accedendum.
1244 5288 1315 5298 —
1351 5256 1514 5327 Signo
1561 5268 1737 5312 autem
1792 5259 1970 5322 facto,
2001 5258 2091 5314 22.

509 5347 698 5404 Statim
727 5351 886 5420 coegit
915 5348 1189 5417 discipulos
1214 5349 1404 5402 intrare
1432 5350 1483 5402 in
1513 5349 1766 5418 navigium
1790 5391 1805 5414 ,
1833 5358 1881 5401 ct
1904 5365 2095 5417 prtece-

504 5445 624 5497 dere
664 5460 779 5498 eum
821 5443 889 5497 ad
936 5443 1220 5497 ulteriore»:
1268 5444 1432 5512 ripam
1460 5483 1475 5509 ,
1507 5444 1664 5496 donec
1692 5443 1801 5513 ipse
1827 5442 2097 5497 dimitteret

570 5631 587 5661 ¹
616 5626 701 5678 Alii
725 5627 903 5686 ferunt,
928 5640 1107 5686 omnes,
1133 5639 1237 5688 pro,
1260 5625 1472 5689 absentes
1494 5637 1711 5689 quoque;
1736 5625 1895 5689 minus
1906 5632 2070 5689 recte.

566 5692 639 5753 (a)
674 5704 902 5753 ASperum
925 5691 1119 5753 vivendi
1139 5687 1330 5753 genus,
1360 5687 1516 5753 quale
1548 5687 1699 5753 estin
1739 5687 1868 5736 foeno
1890 5687 2097 5753 discum-

505 5748 646 5812 bere,
671 5748 765 5802 cibi
786 5752 1009 5803 sumendi
1034 5748 1197 5814 causa,
1223 5748 1571 5815 philosophiam
1595 5751 1693 5807 hic,
1718 5756 1772 5799 ut
1800 5762 1933 5812 saepe
1956 5748 2090 5810 alias,

503 5824 644 5866 vocat
663 5815 1043 5881 Cluysostomus.

1310 323 1365 380 S.
1393 323 1671 380 JOANNIS
1705 319 2182 378 CHRYSOS'I‘IMII
2211 319 2527 378 ARCHIEP.
2567 324 3100 385 CONSTANTINOP.

3746 335 3846 389 500

2267 442 2457 494 turbas.
2488 441 2621 497 Nam
2658 444 2702 499 si
2732 459 2969 514 praesens
2994 446 3268 502 videretur
3293 447 3342 503 id
3383 461 3481 518 per
3514 448 3842 519 phantasiam

2260 529 2486 597 fecisse,
2517 547 2621 587 non
2664 536 2956 591 secundum
2995 538 3077 592 rei
3121 540 3437 606 veritatem,
3467 540 3662 595 absens
3698 553 3843 598 certe

2258 636 2364 675 non
2394 622 2543 677 item.
2576 624 2806 695 Ideoque
2841 638 3091 682 accurato
3121 630 3350 683 examini
3394 630 3589 685 factum
3620 636 3843 701 permit-

2260 722 2376 767 tens
2394 756 2410 780 ,
2440 729 2565 780 eos,
2594 717 2684 785 qui
2715 730 3064 774 monumenta
3093 729 3147 774 et
3176 721 3540 790 probationem
3572 724 3839 793 signorum

2255 815 2588 875 acceperant,
2614 808 2775 877 jussit
2803 808 2871 864 ab
2896 824 2955 864 se
2979 812 3234 880 separari.
3263 812 3513 883 Alioquin
3542 829 3693 882 vero,
3720 831 3840 871 cum

2254 912 2443 966 magna
2487 912 2738 968 operatus
2786 901 2991 969 fuerat,
3027 904 3209 959 turbas
3246 913 3301 960 et
3340 905 3630 977 discipulos
3673 908 3743 962 ab
3783 924 3840 964 se

2255 989 2602 1058 removebat,
2646 1001 2707 1046 ut
2755 993 2909 1049 nobis
2958 995 3207 1050 suaderet
3249 1012 3507 1066 nusquam
3553 998 3836 1056 humanam

2250 1080 2475 1147 gloriam
2494 1091 2548 1136 et
2567 1097 2753 1138 auram
2782 1098 2903 1140 esse
2927 1086 3371 1156 persequendam,
3408 1104 3582 1159 neque
3610 1092 3836 1146 multitu-

2249 1171 2428 1228 dinem
2458 1176 2849 1233 attrahendam.
2867 1179 3001 1234 Cum
3023 1191 3199 1236 autem
3218 1181 3365 1249 dicit,
3389 1182 3582 1255 Coegit,
3601 1185 3835 1243 declarat

2249 1265 2538 1337 discipulos
2575 1270 2691 1339 ejus
2721 1273 3016 1340 praesentia:
3043 1274 3267 1329 multum
3312 1276 3552 1332 haesisse.
3586 1278 3653 1333 Et
3690 1282 3834 1336 misit

2247 1371 2341 1412 eos
2365 1400 2380 1424 ,
2412 1360 2580 1415 turbae
2607 1370 2665 1415 ut
2692 1363 2903 1419 videtur
2930 1365 3157 1421 vitandae
3194 1381 3349 1423 causa
3375 1410 3391 1435 ,
3420 1370 3533 1440 ipse
3560 1383 3737 1428 autem
3778 1376 3830 1431 in

2247 1460 2482 1505 montem
2499 1453 2710 1509 volebat
2724 1457 3033 1524 ascendere,
3054 1466 3110 1512 ut
3137 1473 3234 1514 nos
3250 1459 3487 1529 doceret,
3507 1464 3713 1519 turbam
3731 1482 3829 1523 nec

2244 1544 2456 1600 assidue
2473 1545 2927 1615 frequentandam,
2952 1565 3125 1619 neque
3140 1566 3353 1622 semper
3369 1552 3667 1624 fugiendam
3685 1572 3824 1626 esse,

2243 1636 2335 1689 sed
2369 1646 2650 1709 utrumque
2675 1640 2741 1694 ad
2764 1642 3039 1697 utilitatem
3070 1643 3389 1713 faciendum,
3420 1655 3475 1701 et
3501 1649 3823 1716 alternatim,

2243 1738 2401 1796 prout
2429 1729 2613 1797 decet,
2636 1732 2919 1802 agendum.
2950 1734 3223 1791 Discamus
3249 1747 3304 1791 et
3328 1753 3423 1792 nos
3449 1754 3660 1810 quoque
3699 1742 3824 1797 .Iesu

2240 1821 2458 1877 Christo
2487 1823 2713 1891 hmrere,
2742 1841 2847 1880 non
2880 1842 2976 1895 pro
3006 1827 3352 1896 impetrandis
3379 1832 3706 1887 sensibilium
3735 1850 3824 1890 re-

2239 1930 2357 1970 rum
2399 1916 2554 1972 donis
2578 1960 2593 1985 ,
2626 1935 2693 1974 ne
2738 1919 2788 1974 id
2818 1920 2971 1975 nobis
3011 1921 3208 1990 probro
3245 1922 3401 1977 detur
3425 1923 3563 1979 sicut
3602 1925 3818 1981 Judteis.

2242 2006 2478 2073 Qutrritis
2504 2026 2583 2063 me
2605 2051 2620 2078 ,
2654 2010 2825 2081 inquit
2848 2053 2863 2079 ,
2896 2028 2997 2066 non
3022 2014 3140 2083 quia
3165 2014 3311 2085 signa
3337 2015 3530 2070 vidistis
3548 2057 3562 2080 ,
3593 2019 3682 2071 sed
3705 2020 3823 2088 quia

2237 2116 2300 2153 ea;
2345 2100 2559 2169 panibus
2605 2104 2886 2157 comedistis
2930 2114 2975 2157 et
3018 2106 3233 2159 saturati
3261 2107 3378 2161 estis
3411 2106 3587 2178 (Joan.
3618 2110 3673 2165 6.
3702 2110 3819 2180 9.6).

2237 2190 2360 2248 Ideo
2385 2209 2488 2248 non
2515 2192 2820 2265 frequenter
2848 2198 2949 2252 hoc
2971 2198 3179 2268 signum
3206 2198 3350 2264 facit,
3375 2201 3467 2256 sed
3491 2202 3571 2258 bis
3595 2213 3817 2272 tantum,

2235 2293 2294 2338 ut
2331 2285 2597 2341 discerent
2628 2302 2733 2342 non
2761 2290 2931 2343 ventri
2964 2304 3083 2345 esse
3125 2291 3463 2346 serviendum
3484 2333 3500 2360 ,
3528 2293 3621 2369 sed
3658 2296 3819 2364 spiri-

2236 2377 2467 2432 tualibus
2503 2379 2717 2433 assidue
2753 2378 3084 2436 haerendum.
3116 2381 3207 2436 llis
3235 2398 3334 2437 nos
3359 2399 3571 2455 quoque
3611 2384 3817 2441 haerea-

2233 2484 2351 2523 mus
2376 2510 2392 2537 ,
2419 2479 2473 2525 et
2517 2487 2820 2541 quaeramus
2867 2490 3056 2543 panem
3102 2475 3368 2531 caelestem
3393 2518 3409 2543 ,
3456 2492 3561 2547 quo
3600 2490 3817 2549 accepto

2230 2578 2448 2619 omnem
2482 2565 2791 2621 swcularem
2837 2581 3020 2622 curam
3066 2567 3358 2638 ejiciamus.
3389 2570 3520 2626 Nam
3563 2572 3607 2625 si
3650 2573 3723 2627 illi
3763 2583 3817 2628 et

2230 2655 2417 2711 domos
2438 2668 2491 2713 et
2529 2657 2773 2712 civitates
2797 2665 2852 2713 et
2875 2668 3128 2728 cognatos
3168 2670 3222 2715 et
3257 2664 3436 2716 omnia
3464 2662 3811 2728 dimiserunt,

2229 2757 2389 2818 atque
2431 2749 2482 2802 in
2526 2750 2813 2805 solitudine
2859 2751 3241 2817 versabantur,
3288 2753 3628 2824 instanthue
3676 2755 3815 2809 fame

2229 2856 2334 2894 non
2361 2841 2716 2899 recedebant:
2740 2842 2906 2896 multo
2927 2843 3093 2913 magis
3119 2858 3216 2897 nos
3240 2858 3361 2898 cum
3385 2843 3451 2899 ad
3482 2845 3637 2900 talem
3664 2861 3814 2900 men-

2227 2950 2341 2989 sam
2372 2934 2676 2991 accedimus
2701 2978 2716 3000 ,
2748 2936 3003 3006 majorem
3033 2936 3288 2993 exhibere
3324 2946 3538 3006 oportet
3579 2938 3813 3008 philoso-

2226 3026 2404 3096 phiam
2437 3035 2491 3082 et
2528 3027 2880 3098 spiritualium
2908 3043 3145 3083 amorem
3166 3070 3181 3093 ,
3215 3030 3593 3101 sensibiliaque
3629 3042 3811 3100 postea

2224 3135 2485 3190 quaerere.
2518 3120 2651 3175 Nam
2680 3129 2735 3174 ct
2762 3120 2836 3175 illi
2862 3120 3268 3187 accusabantur,
3301 3137 3407 3177 non
3434 3122 3572 3193 quod
3600 3138 3811 3193 quaere-

2223 3224 2345 3268 rent
2369 3213 2542 3282 ipsum
2570 3223 2788 3284 propter
2815 3229 3036 3284 panem;
3066 3213 3160 3269 sed
3186 3213 3326 3284 quod
3343 3224 3621 3284 propterea
3636 3215 3807 3270 solum

2221 3314 2540 3375 quarrereut,
2568 3316 2623 3360 et
2650 3316 2867 3376 propter
2895 3305 2995 3360 hoc
3020 3305 3306 3375 praecipue.
3330 3304 3461 3359 Nam
3486 3305 3531 3359 si
3558 3306 3676 3376 quis
3697 3321 3807 3360 ma-

2220 3414 2322 3465 gna
2349 3398 2486 3453 dona
2518 3398 2794 3468 despiciat,
2820 3401 2997 3467 parvis
3020 3406 3197 3451 autem
3224 3396 3445 3463 haereat,
3466 3412 3585 3467 qua:
3606 3397 3807 3468 despici

2218 3494 2333 3547 vult
2359 3493 2402 3548 is
2431 3492 2519 3563 qui
2550 3492 2660 3557 dat,
2686 3491 2755 3547 ab
2776 3491 2876 3546 illis
2904 3491 3063 3547 etiam
3092 3489 3327 3545 excidit:
3352 3497 3412 3544 ut
3436 3491 3690 3552 contra,si
3717 3489 3808 3546 illa

2218 3585 2604 3647 desideremus,
2634 3584 2746 3640 haec
2768 3585 2927 3639 etiam
2953 3582 3133 3653 adjicit
3153 3600 3166 3634 :
3185 3598 3306 3637 nam
3331 3582 3444 3638 hmc
3468 3582 3520 3637 in
3546 3583 3809 3639 accessio-

2218 3693 2341 3733 nem
2370 3678 2596 3743 dantur;
2622 3678 2692 3731 ita
2724 3692 2915 3745 nempe
2938 3676 3063 3730 vilia
3102 3685 3227 3729 sunt
3248 3715 3264 3740 ,
3293 3675 3338 3729 si
3362 3689 3483 3729 cum
3516 3674 3620 3728 illis
3660 3690 3808 3729 com-

2218 3779 2510 3840 parentur,
2542 3769 2755 3824 etiamsi
2803 3783 2991 3839 magna
3037 3768 3337 3823 videantur.
3384 3767 3498 3823 Non
3544 3784 3673 3838 ergo
3723 3768 3806 3824 his

2217 3862 2547 3929 Studeamus,
2578 3871 2736 3931 atque
2764 3876 2952 3916 eorum
2980 3860 3092 3915 sive
3122 3860 3535 3930 possessionem,
3568 3864 3681 3916 sive
3707 3862 3808 3931 pri-

2215 3957 2483 4010 vationem
2532 3954 2923 4011 indifferentem
2975 3956 3332 4010 arbitremur:
3356 3954 3803 4026 quemadmodum

2214 4058 2270 4104 et
2308 4049 2447 4113 Joh,
2489 4048 2576 4117 qui
2623 4064 2721 4103 nec
2765 4047 3118 4118 praesentibus
3169 4046 3439 4113 haerebat,
3486 4062 3585 4102 nec
3631 4048 3804 4102 ablata

2214 4142 2507 4211 quarebat.
2537 4140 2669 4195 Nam
2702 4153 2930 4211 χρήματα
2957 4155 3059 4193 non
3085 4138 3164 4193 sic
3188 4148 3462 4201 vocantur,
3493 4149 3549 4192 ut
3577 4154 3637 4193 ea
3663 4139 3806 4194 defo-

2213 4235 2422 4290 diamus
2447 4275 2462 4300 ,
2490 4234 2583 4289 sed
2613 4243 2671 4289 ut
2700 4234 2764 4287 iis
2805 4241 3060 4303 quantum
3101 4230 3257 4285 decet
3287 4240 3516 4285 utamur.
3546 4233 3625 4285 Ac
3668 4232 3806 4287 sicut

2212 4328 2404 4382 artifex
2425 4326 2650 4396 quisque
2675 4340 2823 4380 suam
2848 4322 3003 4378 habet
3022 4333 3212 4388 artem,
3230 4322 3308 4377 sic
3324 4322 3494 4388 dives,
3518 4324 3606 4392 qui
3634 4324 3805 4379 nescit

2212 4419 2454 4474 a'rariam
2478 4427 2669 4479 artem,
2700 4432 2798 4471 nec
2828 4415 3001 4469 navim
3032 4412 3315 4477 fabricari,
3344 4428 3445 4468 nec
3473 4422 3674 4477 texere,
3705 4430 3803 4469 nec

2212 4513 2497 4577 aediﬁcare,
2521 4527 2620 4568 nec
2648 4510 2788 4566 aliud
2820 4510 2995 4566 simile
3020 4509 3313 4579 quidpiam,
3335 4509 3504 4565 discat
3526 4510 3725 4566 divitiis
3748 4521 3803 4566 ut

2211 4608 2362 4662 decet
2382 4608 2476 4672 uti,
2506 4616 2560 4662 et
2586 4606 2768 4678 egenis
2789 4604 2988 4677 largiri,
3014 4604 3396 4676 melioremque
3421 4605 3527 4661 illis
3552 4607 3803 4665 omnibus

2209 4714 2379 4758 artem
2409 4701 2642 4758 callebit.

2267 4798 2318 4852 4.
2337 4795 2686 4851 Misericordia
2702 4795 2753 4847 in
2768 4809 3011 4865 pauperes
3030 4808 3115 4847 ars
3133 4791 3489 4863 pretiosissima
3504 4800 3593 4847 est.
3612 4790 3800 4847 Contra

2207 4889 2513 4958 voluptatem
2556 4886 2781 4940 ciborum
2823 4894 2867 4938 et
2910 4884 3109 4938 laxant.
3140 4882 3364 4938 —Nam
3412 4883 3527 4938 haec
3566 4897 3650 4939 est
3696 4884 3800 4938 illis

2207 4981 2454 5037 omnibus
2502 4979 2705 5033 artibus
2749 4977 3049 5032 sublimior.
3098 4977 3263 5046 Hujus
3304 4976 3516 5032 ofﬁcina
3569 4978 3623 5031 in
3666 4978 3801 5032 cmlo

2206 5081 2405 5129 structa
2430 5078 2531 5126 est.
2561 5071 2686 5125 Hmc
2720 5084 2829 5123 non
2858 5084 2922 5123 ex
2974 5069 3115 5123 ferro
3150 5068 3234 5124 vel
3278 5084 3388 5124 aere
3422 5068 3677 5123 adornata
3706 5085 3800 5122 or-

2205 5181 2340 5237 gana
2378 5165 2576 5229 habet,
2603 5162 2698 5217 sed
2740 5178 2805 5216 ex
2833 5162 3156 5232 benignitate
3180 5170 3234 5215 et
3261 5161 3535 5215 voluntate
3563 5162 3604 5213 ¹.
3631 5161 3799 5231 Hujus

2206 5258 2334 5312 artis
2359 5256 2603 5312 Christus
2631 5255 2818 5310 doctor
2838 5262 2939 5317 est,
2959 5268 3167 5309 necnon
3190 5253 3305 5322 ejus
3332 5253 3508 5308 Pater.
3542 5252 3671 5307 Nam
3699 5254 3795 5315 ait,

2205 5350 2380 5405 Estote
2406 5349 2752 5403 misericordes
2776 5350 2904 5402 sicut
2927 5357 2973 5401 et
3005 5345 3162 5400 Pater
3187 5355 3343 5400 vester
3365 5346 3450 5415 qui
3477 5354 3551 5398 est
3580 5345 3631 5397 in
3658 5346 3799 5398 cadis

2206 5441 2357 5513 (an.
2382 5440 2437 5494 6.
2469 5440 2584 5506 56).
2611 5438 2868 5509 Quodque
2895 5438 3136 5493 mirabile
3165 5445 3279 5498 est,
3310 5451 3431 5491 cum
3471 5436 3541 5490 ita
3572 5444 3799 5489 ca-teras

2204 5535 2525 5599 antecellat,
2572 5549 2679 5588 non
2723 5532 2906 5587 labore
2948 5531 3031 5586 vel
3087 5541 3326 5600 tempore
3368 5544 3503 5600 opus
3542 5528 3702 5583 habet
3736 5536 3797 5580 ut

2205 5635 2555 5683 exerceatur:
2579 5623 2775 5679 sufﬁcit
2810 5624 2951 5678 enim
2991 5622 3127 5677 velle
3149 5661 3163 5686 ,
3199 5630 3255 5678 et
3284 5630 3451 5677 totum
3494 5619 3796 5692 perlectum

2273 5812 2289 5840 ι
2326 5807 2437 5858 Duo
2460 5816 2587 5868 Mss,
2612 5807 2697 5858 sed
2717 5818 2781 5857 ex
2805 5804 2924 5856 bona
2948 5804 3199 5855 voluntate.
