4108 6376
365 369 462 424 501
1094 316 1099 321 ί
1130 366 1189 423 S.
1229 364 1513 421 JOANNIS
1550 360 2037 420 CHRYSOSTOMI
2075 359 2403 417 ARCIIIEP.
2445 356 2992 415 CONSTANTINOP.
3715 354 3822 409 50%

359 486 416 539 δὲ
449 481 544 537 καὶ
579 482 637 535 τὸ
685 481 837 545 τέλος
870 480 1040 550 αὑτῆς
1069 474 1181 532 οἷόν
1213 480 1350 530 ἐστι.
1375 476 1441 530 Τί
1471 472 1564 529 οῦν
1592 477 1743 528 ἐστιν
1768 476 1939 544 αὐτῆς
1978 474 2041 527 τὸ
2143 472 2578 544 ἀπαγορεύοντος
2596 472 2662 532 ⁸⁷,
2705 471 2798 524 καὶ
2816 470 2937 523 τότε
2965 470 3201 543 αἰσθήσῃ
3229 471 3323 523 τοῦ
3355 471 3608 537 γέλωτος.
3641 473 3705 525 Τί
3726 467 3820 525 οῦν

360 563 544 625 τέλος;
588 562 647 613 'O
683 561 932 632 οὐρανὸς,
968 562 1037 613 τὰ
1061 560 1105 591 ³⁸
1144 562 1201 610 ὲν
1233 561 1345 620 τοῖς
1369 559 1618 627 οὐρανοῖς
1639 556 1838 624 ἀγαθὰ,
1862 557 1895 626 ή
1917 555 2044 619 δόξα
2143 556 2348 617 ἐκεῖνός
2381 571 2513 623 φησι
2538 555 2669 621 ;Μή
2791 554 3230 632 πλέγμασινᾋῆ
3262 553 3492 632 χρυσῷ,
3524 555 3561 620 ἢ
3600 569 3825 621 μαργα-

360 643 395 710 ή
436 641 744 713 ἀπόρρητος
776 640 982 708 ἐκείνη,
1016 640 1071 690 al
1094 638 1460 705 πνευματικαὶ
1484 635 1775 699 παστάόες,
1808 637 1859 687 αἱ
1917 652 2043 703 φαι-

360 718 482 791 δρα).
516 720 818 789 λαμπάδες,
841 723 873 789 ή
909 720 1046 788 μετά
1082 716 1174 770 τοῦ
1206 716 1461 785 Νυμφίου
1492 714 1756 786 διαγωγὴ,
1793 714 1861 767 τὰ
1884 713 2040 781 ἀλλα,

360 802 395 853 ἃ
433 800 622 869 μηδεὶς
654 799 830 867 λόγος,
865 799 1002 869 μηδὲ
1040 798 1166 860 νοῦς
1210 794 1559 866 παραστῆσαι
1598 794 1842 847 δύναται.
1879 793 2044 845 ’Ὥστε

360 880 454 931 καὶ
486 879 732 932 ἐντεῦθεν
776 878 946 947 πολλὴ
995 877 1129 947 πρὸς
1167 875 1266 938 τὰς
1306 874 1472 937 ἄλλας
1502 874 1636 944 αύτῇ
1657 874 1702 904 ³⁸
1729 876 1761 945 ή
1788 873 2039 943 διαφορά.

361 957 483 1009 Τῶν
535 958 643 1030 γὰρ
676 956 879 1026 τεχνῶν
929 958 983 1009 αί
1029 956 1248 1016 πλείους
1278 953 1413 1023 πρὸς
1435 953 1479 984 ³⁸
1522 953 1612 1005 τὸν
1655 953 1899 1023 παρόντα
1932 953 2044 1023 βίον

362 1038 469 1089 εἰσὶ
502 1038 762 1107 χρήσιμοι
803 1038 958 1105 ἡμῖν,
1022 1034 1159 1104 αὕτη
1218 1034 1274 1085 δὲ
1329 1032 1580 1103 καὶπρὸς
1608 1032 1705 1102 τὴν
1748 1033 2046 1101 μέλλουσαν

360 1115 528 1186 ζωήν.
554 1114 613 1167 Εἰ
642 1115 699 1167 δὲ
724 1114 831 1167 τῶν
864 1116 943 1176 εἰς
974 1113 1034 1166 τὸ
1065 1112 1239 1184 παρὸν
1260 1114 1305 1144 ³⁸
1341 1114 1472 1182 ἡμῖν
1500 1112 1814 1178 ἀναγκαίων
1841 1111 2045 1181 τεχνῶν

358 1192 610 1245 τοσοῦτον
642 1194 990 1263 διενήνοχεν,
1040 1187 1149 1245 οἷον
1188 1192 1438 1261 ἰατρικῆς
1482 1190 1647 1258 λέγω,
1697 1191 1792 1243 καὶ
1836 1190 2044 1243 οἰκοδο-

363 1271 552 1341 μικῆς,
579 1273 801 1325 καὶτῶν
837 1273 1013 1327 ἄλλων
1042 1273 1150 1322 τῶν
1182 1269 1461 1336 τοιούτων,
1495 1270 1674 1337 πολλῷ
1714 1270 1913 1339 μᾶλλον
1935 1268 2045 1323 τῶν

360 1350 553 1414 ἄλλων,
599 1353 665 1415 ἃς
700 1351 754 1404 εἴ
798 1369 881 1414 τις
912 1349 1159 1422 ἀκριϐῶς
1208 1351 1535 1416 ἐξετάσειεν.
1577 1350 1699 1402 οὑδὲ
1744 1350 1940 1418 τέχνας
1980 1349 2047 1403 ἂν

360 1427 499 1482 εἶναι
532 1432 688 1500 φαίη.
724 1430 885 1484 Ὅθεν
919 1432 1093 1497 ἔγωγε
1130 1429 1227 1492 τὰς
1266 1429 1429 1492 ἄλλας
1472 1428 1573 1492 τάς
1612 1430 1872 1499 περιττάς
1925 1429 2045 1482 οὑδὲ

359 1510 553 1579 τέχνας
581 1511 793 1581 εἴποιμι
830 1511 895 1564 ἂν
921 1504 1081 1561 εἶναι.
1114 1508 1223 1560 Ποῦ
1250 1507 1359 1576 γὰρ
1391 1508 1422 1576 ἡ
1455 1508 1793 1579 ὀψαρτυτικὴ
1826 1509 1919 1560 καὶ
1946 1510 1977 1578 ἡ
2000 1508 2044 1538 ³³

360 1591 729 1660 καρυκευτικὴ
771 1590 1033 1659 χρήσιμοι
1083 1589 1250 1657 ἡμῖν;
1294 1585 1579 1654 Οὑδαμοῦο
1612 1586 1747 1638 ἀλλά
1792 1587 1887 1638 καὶ
1919 1585 2049 1653 σφό-

358 1668 461 1735 δρα
494 1669 755 1739 ἄχρηστοι
785 1673 878 1721 καί
902 1667 1183 1739 βλαϐεραὶ,
1216 1662 1430 1734 σώματι
1462 1664 1555 1717 καὶ
1588 1665 1735 1736 ψυχῇ
1784 1665 2043 1734 λυμαινόο

362 1764 543 1816 μεναι,
598 1748 675 1818 τῷ
721 1749 819 1818 τήν
869 1749 1085 1818 μητέρα
1137 1745 1245 1797 τῶν
1291 1746 1615 1814 νοσημάτων
1656 1746 1910 1798 ἁπάντων
1950 1745 2046 1797 καὶ

359 1825 468 1879 τῶν
491 1828 535 1857 ³⁸
565 1828 905 1897 παθημάτων
941 1827 1039 1897 τὴν
1071 1825 1286 1896 τρυφὴν
1334 1824 1471 1893 μετὰ
1499 1823 1699 1893 πολλῆς
1732 1824 2045 1892 ἐπεισάγειν

358 1905 459 1975 τῆς
484 1906 817 1976 φιλοτιμίας.
846 1907 921 1958 Οὑ
975 1905 1133 1974 μόνον
1160 1903 1216 1955 δὲ
1244 1902 1470 1966 ταύτας,
1507 1902 1621 1954 ἀλλ’
1645 1903 1768 1955 οὐδὲ
1800 1903 1900 1974 τὴν
1935 1904 2045 1965 ζω-

359 1985 656 2053 γραφικὴν,
675 1984 794 2037 οὑδέ
824 1983 921 2053 τὴν
944 1983 1289 2051 ποικιλτικήν
1328 1981 1533 2049 εἴποιμ’
1563 1981 1629 2034 ἂν
1654 1981 1827 2049 ἔγωγε
1849 1980 2045 2050 τέχνην

359 2052 499 2114 εἷναι
521 2080 534 2093 ·
565 2052 644 2124 είς
676 2065 785 2134 γάρ
813 2052 1059 2130 δαπάνην
1093 2061 1261 2130 μόνην
1290 2052 1625 2129 ἐμϐάλλουσι
1648 2058 2046 2133 περιττήν.Τάς

357 2141 414 2194 δὲ
470 2142 660 2211 τέχνας
704 2160 810 2194 των
868 2141 1184 2208 ἀναγκαίων
1237 2140 1331 2191 καὶ
1390 2142 1724 2209 συνεχόντων
1764 2140 1919 2210 ήμῶν
1945 2143 2045 2213 τὴν

359 2221 507 2291 ζωὴν
543 2222 881 2292 παρεκτικάς
913 2219 1054 2273 εἶναι
1098 2220 1178 2272 δεῖ
1231 2221 1326 2271 καὶ
1378 2220 1912 2284 κατασκευαστικάς.
1945 2223 2046 2275 Διά

358 2300 468 2370 γὰρ
493 2300 649 2353 τοῦτο
697 2303 793 2353 καὶ
823 2301 1013 2369 σοφίαν
1042 2300 1174 2369 ἡμῖν
1201 2299 1400 2352 ἔδωκεν
1423 2299 1451 2350 ὁ
1482 2299 1635 2363 Θεὸς,
1667 2300 1755 2353 ἵνα
1793 2299 2044 2372 εὕρωμεν

362 2380 638 2448 μεθόδους,
677 2381 743 2432 δι’
783 2377 858 2432 ὧν
904 2379 1249 2449 δυνησόμεθα
1294 2380 1386 2432 τὸν
1433 2379 1546 2448 βίον
1601 2384 1921 2450 συγκροτεῖν
1953 2382 2043 2436 τὸν

357 2457 645 2528 ἡμέτερον.
685 2459 757 2510 Τὸ
785 2457 841 2511 δὲ
871 2457 1035 2523 ζιὺδια
1068 2458 1341 2526 γίνεσθαι,
1373 2458 1489 2527 ἢέν
1510 2458 1732 2527 τοίχοις,
1763 2458 1793 2526 ή
1825 2461 1882 2510 ἐν
1916 2460 2045 2530 ίμα⁴

357 2538 514 2604 τίοις,
565 2538 666 2589 ποῦ
707 2540 1015 2607 χρήσιμον;
1048 2538 1169 2589 εἰπέ
1208 2555 1316 2606 μοι.
1352 2537 1452 2589 Διά
1491 2536 1553 2606 δὴ
1604 2536 1760 2590 τοῦτο
1803 2541 1895 2591 καὶ
1936 2540 2043 2593 τῶν

359 2616 904 2687 ὑποδηματορράφων
931 2617 1026 2667 καὶ
1055 2616 1162 2668 τῶν
1196 2615 1446 2684 ὑφαντῶν
1476 2615 1645 2668 πολλά
1692 2618 2044 2688 περικόπτειν

359 2695 469 2747 ἔδει
498 2697 597 2764 τῆς
649 2696 865 2765 τέχνης.
919 2696 1027 2746 Kal
1058 2697 1167 2766 γάρ
1213 2698 1303 2747 ἐπὶ
1330 2695 1391 2746 τὸ
1426 2695 1691 2764 βάναυσον
1724 2698 1792 2749 τά
1826 2697 2043 2751 πλείονα

357 2778 532 2846 αυτῆς
588 2777 877 2846 ἐξήγαγον,
938 2776 997 2827 τὸ
1028 2778 1325 2843 ἀναγκαῖον
1351 2775 1520 2844 αὐτῆς
1549 2774 1957 2847 διαφθείραντες
1976 2778 2040 2841 ³⁸,

358 2857 525 2929 τέχνῃ
552 2857 911 2927 κακοτεχνίαν
970 2855 1254 2926 μίξαντες·
1288 2856 1315 2907 ὃ
1356 2857 1451 2909 καὶ
1496 2857 1528 2925 ή
1568 2857 1883 2928 οἰκοδομικὴ
1911 2858 2045 2909 ἐπα-

360 2937 470 2990 θεν.
525 2936 664 2988 Ἀλλ’
694 2936 880 3006 ὥσπερ
905 2935 1131 3005 ταύτην,
1162 2935 1266 2999 ἕως
1298 2935 1363 2988 ἂν
1403 2936 1580 2998 οίκίας
1595 2936 1641 2966 ⁸⁰
1665 2936 1920 3005 οἰκοδομῇ
1949 2936 2043 2988 καὶ

357 3017 419 3069 οὑ
454 3016 675 3087 θέατρα,
711 3017 781 3069 τά
830 3033 890 3068 τε
920 3018 1191 3083 ἀναγκαῖα
1223 3016 1317 3067 καὶ
1339 3016 1400 3068 ού
1449 3014 1678 3086 περιττὰ
1717 3015 2038 3085 ἐργάζηται,

355 3094 553 3165 τέχνην
582 3095 762 3148 καλῶ·
796 3094 938 3147 οὕτω
967 3096 1061 3148 καὶ
1102 3097 1199 3165 τὴν
1245 3095 1568 3165 ὑφαντικὴν,
1609 3094 1713 3154 ἕως
1752 3094 1817 3147 ἂν
1852 3096 2043 3164 ίμάτια

357 3176 485 3244 ποιῇ
518 3176 611 3227 καὶ
657 3173 1029 3245 ἐπιϐλήματα,
1060 3173 1197 3226 ἀλλά
1243 3173 1317 3244 μὴ
1346 3174 1447 3237 τὰς
1494 3174 1734 3244 ἀράχνας
1784 3174 2039 3243 μιμῆται,

360 3254 455 3305 καὶ
473 3254 640 3306 πολὺν
672 3255 918 3326 καταχέῃ
936 3255 1026 3306 τὸν
1050 3254 1265 3321 γέλωτα
1287 3255 1381 3307 καὶ
1399 3254 1497 3324 τὴν
1524 3254 1782 3322 βλακείαν
1809 3253 2038 3321 ἄφατον,

358 3335 555 3403 τέχνην
579 3334 847 3403 ὀνομάζω.
882 3334 994 3386 Kal
1023 3334 1122 3404 τὴν
1145 3332 1295 3405 [ἕω]
1326 3334 1433 3384 τῶν
1463 3332 1952 3401 ὑποδηματοποιῶν
1973 3334 2041 3398 ⁵³,

356 3412 462 3475 ἓως
496 3412 562 3465 ἂν
594 3413 922 3483 ὑποδήματα
940 3415 1092 3483 ποιῇ,
1117 3413 1218 3465 οὑκ
1253 3413 1612 3482 ἀποστερήσω
1636 3412 1697 3464 τὸ
1718 3412 1819 3482 τῆς
1848 3412 2044 3482 τέχνης

356 3493 528 3563 ὄνομα
546 3494 623 3524 δ’·
682 3495 812 3546 ὅταν
865 3493 922 3545 δὲ
964 3495 1091 3555 τοὺς
1152 3492 1348 3563 ἄνδρας
1385 3494 1461 3553 εἰς
1507 3495 1575 3545 τά
1611 3490 1721 3544 τῶν
1768 3492 2043 3559 γυναικῶν

356 3572 529 3645 ἐξάγῃ
563 3575 839 3643 σχήματα,
872 3572 963 3625 καὶ
1002 3571 1398 3643 μαλακίζεσθαι
1456 3574 1582 3643 ποιῇ
1626 3572 1713 3624 διὰ
1748 3573 1858 3625 τῶν
1912 3575 2045 3625 ὑπο-

356 3654 614 3723 δημάτων
642 3655 737 3705 καὶ
774 3652 1129 3721 θρύπτεσθαι,
1171 3652 1308 3723 μετά
1354 3651 1463 3704 τῶν
1499 3650 1775 3723 βλαϐερῶν
1819 3654 1913 3705 καὶ
1948 3670 2045 3705 πε-

359 3734 557 3805 ριττῶν
594 3734 762 3803 αὐτὴν
794 3732 1050 3803 τάξομεν,
1098 3733 1193 3785 καὶ
1239 3733 1360 3785 οὑδὲ
1392 3733 1584 3802 τέχνην
1621 3730 1873 3802 ἐροῦμεν.
1936 3730 2044 3783 Kal

355 3812 471 3867 οἶδα
539 3815 658 3877 μὲν.
716 3815 797 3866 ὅτι
844 3813 1058 3875 πολλοῖς
1112 3811 1433 3883 μικρολόγος
1488 3805 1626 3863 εἶναι
1680 3810 1821 3863 δοκῶ
1872 3811 2045 3864 ταῦτα

358 3894 884 3965 περιεργαζόμενος·
922 3893 982 3945 οὑ
1038 3891 1145 3961 μὴν
1194 3892 1281 3944 διά
1312 3889 1469 3943 τοῦτο
1516 3891 1917 3960 ἀποστήσομαι.
1972 3893 2045 3943 Τὸ

355 3974 464 4042 γὰρ
510 3973 765 4025 ἁπάντων
812 3972 984 4023 αίτιον
1014 3971 1122 4022 τῶν
1154 3969 1340 4023 κακῶν
1388 3968 1566 4032 τοῦτο,
1608 3968 1670 4021 τὸ
1723 3971 1817 4021 καὶ
1870 3970 2044 4042 μικρὰ

355 4055 534 4105 ταῦτα
567 4053 744 4105 δοκεῖν
772 4046 912 4104 εἶναι
945 4050 1013 4102 τά
1064 4049 1460 4120 ἁμαρτήματα,
1494 4049 1589 4101 καὶ
1615 4048 1703 4101 διὰ
1730 4048 1886 4101 τοῦτο
1913 4051 1944 4101 ά
1956 4067 2045 4119 με.

359 4131 589 4185 λεῖσθαι.
633 4132 742 4185 Kal
766 4130 828 4183 τί
876 4129 1089 4191 τούτου,
1126 4130 1313 4196 φησὶν,
1338 4127 1713 4199 εὐτελέστερον
1737 4128 2043 4199 ἁμάρτημα

355 4211 552 4278 γένοιτ’
608 4209 696 4272 ἂν,
729 4208 1245 4277 κεκαλλωπισμένον
1291 4206 1433 4275 ἔχειν
1480 4207 1732 4277 ὑπόδημα
1782 4209 1875 4260 καὶ
1905 4210 2042 4261 ἀπο-

357 4287 590 4347 στίλϐον,
617 4289 711 4341 καὶ⁷
737 4286 814 4357 τῷ
841 4287 962 4339 ποδὶ
992 4287 1444 4356 προσηρτημένον
1479 4285 1544 4345 ⁸³,
1578 4286 1689 4353 εἴγε
1717 4287 1811 4339 καὶ
1860 4288 2041 4358 ἀμάρ-

351 4384 505 4438 τημα
529 4366 688 4419 τοῦτο
740 4366 924 4418 καλεῖν
963 4366 1145 4431 δοκεῖ;
1197 4364 1461 4417 Βούλεσθε
1502 4361 1594 4418 οὖν
1643 4367 1912 4436 ἐπαφήσω
1941 4368 2041 4438 τὴν

355 4446 603 4515 γλῶτταν
637 4442 807 4517 αὐτῷ,
849 4446 943 4498 καὶ
974 4445 1135 4510 δείξω
1174 4445 1273 4515 τὴν
1316 4444 1702 4515 ἀσχημοσύνην
1728 4446 1827 4515 ὅση
1845 4446 1910 4508 ⁸⁸,
1947 4449 2042 4500 καὶ

352 4528 453 4580 οὑκ
487 4526 793 4598 ὀργιεῖσθε;
829 4524 1046 4578 Μᾶλλον
1077 4524 1156 4585 δέ,
1200 4525 1301 4577 κᾶν
1328 4523 1721 4595 ὀργίζησθε,οὑ
1753 4524 1920 4588 πολύς
1950 4544 2040 4596 μοι

352 4605 531 4674 λόγος.
581 4607 692 4659 Kal
744 4606 853 4674 γὰρ
907 4606 1061 4673 ὑμεῖς
1108 4604 1269 4656 αίτιοι
1319 4603 1418 4673 τῆς
1462 4603 1702 4665 ἀνοίαςδε⁵
1725 4603 1949 4674 ταύτης,
1991 4608 2039 4658 οἰ

355 4686 494 4757 μηδέ
544 4687 853 4756 ἁμάρτημα
898 4680 1040 4737 εἶναι
1088 4681 1419 4752 νομίζοντες,
1465 4682 1559 4735 καὶ
1595 4682 1843 4735 ἐντεῦθεν
1893 4684 2041 4753 ἡμᾶς

2135 635 2352 700 ρίταις,
2378 633 2417 701 ἢ
2450 631 2741 700 ἱματισμῷ
2771 630 3109 684 πολυτελεῖ.
3143 630 3297 694 Τίνος
3322 627 3414 685 οῦν
3444 633 3509 686 ἂν
3535 636 3653 701 είης
3693 648 3825 699 συγ-

2144 710 2369 782 γνώμης
2417 711 2586 776 ἀξιος,
2623 712 2752 764 ὅταν
2801 712 2868 779 τῇ
2926 711 3290 783 γεγαμημένῃ
3330 712 3404 781 μὴ
3439 714 3829 783 ἐπιτρέποντος

2146 790 2359 843 Παύλου
2396 790 2663 860 πολυτελῆ
2709 790 2898 860 ίμάτια
2936 789 3100 859 ἔχειν,
3146 790 3212 842 σὺ
3248 793 3343 845 καὶ
3372 793 3464 844 ἐπὶ
3503 793 3570 844 τά
3620 790 3826 860 ὑποδή-

2150 888 2296 939 ματα
2338 870 2437 942 τὴν
2471 871 2728 939 βλακείαν
2778 869 2981 939 ταύτην
3032 870 3264 941 ἐξάγῃς,
3316 873 3409 925 καὶ
3449 872 3616 943 μυρία
3660 888 3828 925 κατα-

2148 951 2421 1021 σκευάζῃς
2444 952 2581 1019 ὑπὲρ
2608 950 2708 1020 τῆς
2737 950 3142 1019 καταγελάστου
3175 950 3423 1021 ὑϐρεως;
3456 953 3564 1005 Kal
3596 952 3705 1022 γὰρ
3734 949 3830 1003 καὶ

2148 1030 2281 1092 ναῦς
2314 1032 2607 1100 πήγνυται,
2634 1030 2727 1084 καὶ
2756 1030 2996 1099 ὲρέται¹⁵⁸
3028 1030 3440 1099 καταλέγονται,
3461 1033 3554 1085 καὶ
3575 1031 3829 1102 πρωρεὺς

2147 1111 2241 1163 καὶ
2271 1111 2632 1182 κυϐερνήτης,
2661 1113 2754 1164 καὶ
2786 1112 2954 1164 ίστίον
2988 1111 3439 1174 ἀναπετάννυται,
3473 1112 3565 1165 καὶ
3589 1112 3828 1178 πέλαγος

2147 1192 2509 1252 πλεῖταινκαλ.
2526 1195 2758 1259 γυναῖκα
2782 1192 2876 1245 καὶ
2907 1190 3093 1244 παιδία
3120 1192 3214 1244 καὶ
3244 1193 3479 1263 πατρίδα
3518 1193 3700 1261 ἀφεὶς.
3733 1191 3829 1244 καὶ

2145 1271 2245 1341 τὴν
2281 1269 2475 1323 ἑαυτοῦ
2505 1270 2683 1340 ψυχὴν
2722 1272 2750 1323 6
2793 1271 3035 1338 ἔμπορος
3077 1270 3324 1323 ἐκδίδωσι
3354 1270 3585 1339 κύμασι,
3616 1271 3710 1324 καὶ
3749 1270 3830 1333 εἰς

2146 1349 2246 1420 τὴν
2273 1349 2381 1401 τῶν
2399 1349 2444 1379 ’⁵⁸
2479 1348 2771 1419 βαρϐάρων
2803 1349 3021 1418 ἔρχεται
3064 1348 3271 1418 χώραν,
3302 1351 3396 1403 καὶ
3438 1350 3664 1420 μυρίους
3698 1350 3829 1402 ὑπο-

2151 1429 2300 1496 μένει
2334 1428 2609 1491 κινδύνους
2631 1428 2718 1480 διὰ
2743 1427 2916 1481 ταῦτα
2934 1429 3002 1479 τὰ
3028 1429 3265 1498 νήματα,
3286 1428 3372 1482 ἵνα
3403 1430 3467 1482 σὺ
3496 1429 3634 1498 μετά
3651 1432 3829 1484 πάντα

2148 1510 2330 1561 ἐκεῖνα
2360 1506 2538 1560 λαϐὼν
2565 1510 2656 1561 ἐπὶ
2687 1507 2794 1561 τῶν
2843 1508 3210 1578 ὑποδημάτων
3256 1510 3595 1581 διαρῤάψῃς,
3632 1512 3728 1563 καὶ
3768 1511 3829 1563 τὸ

2147 1589 2322 1659 δέρμα
2359 1587 2729 1661 καλλωπίσῃς.
2779 1588 2890 1641 Kal
2917 1590 2970 1640 τί
3022 1589 3227 1659 ταύτης
3255 1590 3355 1659 τῆς
3387 1590 3611 1657 ἀλογίας
3646 1594 3827 1663 χεῖρον

2147 1669 2344 1736 γένοιτ’
2383 1668 2479 1733 ἇν;
2521 1667 2658 1719 Ἀλλ’
2688 1668 2749 1720 οὐ
2800 1669 2870 1721 τὰ
2900 1668 3107 1721 παλαιά
3151 1669 3398 1731 τοιαῦτα,
3450 1670 3564 1722 ἀλλ’
3600 1671 3827 1740 ἀνδράσι

2146 1747 2449 1816 πρέποντα.
2486 1746 2650 1800 Ὅθεν
2709 1746 2886 1815 ἔγωγε
2946 1748 3249 1816 προσδοκῶ.
3301 1750 3494 1819 χρόνου
3549 1751 3828 1819 προϊόντος

2145 1828 2271 1890 τοὺς
2296 1827 2449 1890 νέους
2500 1829 2626 1891 τοὺς
2674 1829 2803 1897 παρ’
2835 1829 2966 1898 ἡμῖν
2992 1829 3037 1860 ⁸ο
3082 1830 3179 1883 καὶ
3207 1829 3480 1897 γυναικῶν
3505 1830 3828 1900 ὑποδήματα

2148 1911 2393 1976 σχήσειν,
2423 1906 2516 1959 καὶ
2537 1906 2639 1960 οὑκ
2663 1906 3062 1975 αἰσχυνεῖσθαι.
3092 1908 3204 1962 Kal
3232 1909 3293 1961 τὸ
3319 1909 3720 1981 χαλεπώτερον,
3746 1915 3826 1967 ὃτι

2146 1986 2194 2037 οί
2224 1985 2467 2055 πατέρες
2495 1984 2667 2038 ταῦτα
2691 1985 2928 2054 ὁρῶντες
2967 1985 3067 2039 οὐκ
3101 1987 3521 2054 ἀγανακτοῦσιν,
3570 1989 3707 2042 ἀλλά
3732 1992 3826 2045 καὶ

2145 2063 2437 2135 ἀδιάφορον
2469 2063 2530 2116 τὸ
2563 2066 2797 2135 πρᾶγμα
2848 2059 2989 2118 εἶναι
3039 2066 3340 2136 νομίζουσι.
3398 2066 3662 2121 Βούλεσθε
3687 2072 3827 2124 είπω

2145 2144 2240 2197 καὶ
2267 2144 2327 2196 τὸ
2365 2143 2445 2196 ἐτι
2480 2143 2882 2213 χαλεπώτερον,
2907 2146 2989 2198 ὅτι
3014 2145 3109 2197 καὶ
3139 2147 3386 2215 πενήτων
3425 2147 3593 2199 ὄντων
3617 2149 3827 2201 πολλῶν

2144 2222 2316 2275 ταῦτα
2364 2223 2574 2291 γίνεται
2600 2240 2614 2289 ;
2667 2222 2931 2276 Βούλεσθε
2957 2227 3034 2287 είς
3069 2224 3233 2294 μέσον
3262 2226 3456 2293 ἀγάγω
3479 2226 3568 2279 τὸν
3593 2227 3827 2297 Χριστὸν

2142 2302 2291 2354 τὸν⁵¹
2317 2302 2671 2373 λιμώττοντα,
2712 2303 2803 2357 τὸν
2834 2304 3065 2373 γυμνὸν,
3098 2303 3188 2357 τὸν
3220 2304 3497 2374 ἀλώμενον
3527 2306 3823 2377 πανταχοῦ,

2144 2382 2233 2435 τὸν
2270 2381 2589 2451 δεδεμένον;
2633 2383 2741 2435 Kal
2772 2384 2953 2435 πόσων
2983 2386 3082 2437 οὐκ
3101 2384 3167 2441 ἂν
3199 2387 3345 2454 εἴητε
3378 2385 3637 2456 σκηπτῶν
3665 2388 3823 2451 ἄξιοι,

2144 2463 2351 2514 ἐκεῖνον
2386 2460 2485 2532 μὲν
2515 2462 2721 2531 τροφῆς
2752 2462 3057 2530 ἀναγκαίας
3095 2464 3402 2535 ἀποροῦντα
3440 2467 3825 2536 περιορῶντες,

2143 2544 2211 2595 τὰ
2234 2542 2480 2611 δέρματα
2504 2542 2559 2593 δὲ
2594 2541 2730 2611 μετὰ
2769 2544 3041 2611 τοσαύτης
3074 2544 3506 2609 καλλωπίζοντες
3532 2545 3630 2614 τῆς
3663 2562 3828 2599 σπου-

2142 2620 2268 2691 δῆς;
2289 2622 2398 2674 Kal
2415 2620 2574 2684 αὑτὸς
2597 2622 2693 2689 μὲν
2726 2620 2875 2693 [511]
2895 2623 3055 2691 ἡνίκα
3073 2627 3182 2685 τοῖς
3206 2624 3474 2693 μαθηταῖς
3496 2626 3823 2693 ἐνομοθέτει,

2143 2701 2264 2754 οὑδὲ
2297 2700 2484 2764 ἁπλῶς
2534 2701 2859 2770 ὑποδήματα
2894 2702 3038 2770 ἔχειν
3087 2702 3423 2772 ἑπέτρεπεν’
3466 2706 3627 2773 ἡμεῖς
3670 2704 3725 2756 δέ
3763 2706 3826 2758 οὐ

2147 2780 2306 2849 μόνον
2347 2782 2573 2849 γυμνοῖς
2601 2782 2759 2832 ποσὶν
2789 2781 2889 2834 οὑκ
2929 2781 3235 2850 ἀνεχόμεθα
3271 2782 3525 2851 βαδίζειν,
3561 2782 3674 2835 ἀλλ’
3706 2784 3828 2837 οὐδὲ

2146 2860 2556 2929 ὑποδεδεμένοις
2583 2861 2628 2892 ³⁸
2683 2861 2760 2923 ὡς
2810 2860 3159 2912 ὑποδεδέσθαι
3216 2860 3315 2914 δεῖ.
3374 2860 3438 2913 Τί
3491 2861 3669 2913 τοίνυν
3726 2862 3827 2931 τῆς

2151 2939 2424 3009 ἀκοσμίας
2450 2939 2656 3008 ταύτης
2681 2941 2860 3009 χεῖρον
2878 2940 3072 3007 γένοιτ’
3099 2940 3163 2992 ἀν
3186 2957 3200 3004 ;
3227 2940 3279 2991 τί
3301 2940 3394 2992 τοῦ
3428 2940 3695 3008 γέλωτος;
3718 2940 3829 2995 Καὶ

2148 3019 2257 3088 γάρ
2302 3018 2481 3089 ψυχῆς
2522 3021 2638 3072 ἐστι
2695 3018 3044 3089 μαλαχώδους
3075 3019 3136 3072 τὸ
3173 3021 3428 3089 πρᾶγμα,
3462 3020 3552 3073 καὶ
3583 3022 3829 3089 ἀπηνοῦς

2146 3100 2239 3151 καὶ
2267 3097 2425 3169 ὠμῆς
2453 3138 2467 3159 ,
2512 3101 2607 3152 καὶ
2641 3101 2931 3171 περιέργου
2970 3099 3063 3151 καὶ
3104 3100 3484 3168 ματαιοπόνου,
3543 3099 3676 3152 Πότε
3719 3100 3828 3169 γὰρ

2144 3176 2430 3247 δυνήσεται
2461 3178 2744 3248 ἀναγκαίῳ
2776 3178 2881 3230 τινὶ
2921 3178 3208 3246 προσέχειν
3233 3178 3261 3228 6
3286 3179 3415 3248 περὶ
3466 3177 3635 3231 ταῦτα
3663 3179 3709 3210 ⁵³
3758 3180 3827 3233 τὰ

2148 3257 2378 3324 περιττά
2427 3256 2833 3327 ήσχολημένοςς
2895 3256 3023 3309 πότε
3069 3256 3315 3322 ἀνέξεται
3358 3258 3385 3310 6
3435 3257 3678 3322 τοιοῦτος
3709 3259 3828 3323 νέος

2146 3335 2323 3406 ψυχῆς
2351 3331 2806 3408 ἐπιμελήσασθαι,
2837 3336 2869 3404 ἢ
2894 3337 3145 3405 ἐννοῆσαι
3174 3338 3257 3389 ὃτι
3279 3336 3381 3389 κᾶν
3403 3336 3579 3406 ψυχὴν
3608 3339 3721 3407 ἔχει
3742 3337 3823 3403 ⁵⁵;

2144 3416 2254 3467 Kal
2314 3415 2423 3485 γὰρ
2484 3415 2806 3485 μικρολόγος
2863 3414 3015 3467 ἔσται
3067 3415 3095 3467 6
3147 3415 3216 3468 τὰ
3265 3414 3488 3468 τοιαῦτα
3525 3413 3825 3485 θαυμάζειν

2146 3496 2626 3566 ἀναγκαζόμενος,
2683 3496 2778 3548 καὶ
2848 3494 2997 3564 ὠμὸς
3049 3496 3078 3546 6
3120 3493 3209 3546 διὰ
3250 3495 3423 3546 ταῦτα
3454 3493 3565 3546 τῶν
3597 3496 3827 3563 πτωχῶν

2145 3575 2386 3645 ἀμελῶν,
2431 3575 2527 3628 καὶ
2575 3574 2774 3645 ἀρετῆς
2835 3572 3039 3643 ἕρημος
3082 3575 3110 3625 6
3156 3575 3337 3626 πᾶσαν
3389 3575 3468 3636 είς
3500 3573 3673 3627 ταῦτα
3703 3592 3828 3629 κατ-

2145 3656 2452 3707 αναλίσκων
2499 3654 2596 3719 τὴν
2638 3653 2894 3724 σπουδήν.
2940 3653 2999 3705 Ὀ
3046 3653 3152 3725 γάρ
3192 3653 3451 3722 νημάτων
3476 3654 3698 3724 ἀρετὴν,
3732 3656 3827 3709 καὶ

2146 3735 2455 3804 χρωμάτων
2482 3732 2661 3795 ἄνθος,
2686 3732 2781 3785 καλ⁸
2823 3733 2949 3793 τοὺς
2981 3730 3205 3793 κισσοῦς
3228 3731 3351 3793 τοὺς
3383 3729 3492 3782 ἀπὸ
3520 3731 3628 3784 τῶν
3652 3734 3826 3786 τοιού-

2145 3829 2250 3863 των
2271 3813 2605 3881 ὑφασμάτων
2646 3810 3163 3881 περιεργαζόμενος,
3191 3810 3320 3862 πότε
3353 3810 3432 3871 είς
3472 3808 3561 3862 τὸν
3599 3811 3826 3881 οὐρανὸν

2144 3890 2431 3962 δυνήσεται
2471 3890 2637 3955 ἰδεῖν;
2692 3890 2823 3941 πότε
2882 3889 2943 3942 τὸ
2974 3890 3090 3942 ἐκεῖ
3131 3888 3466 3957 θαυμάσεται
3485 3888 3529 3919 ⁸⁵
3573 3889 3765 3953 κάλλος
3795 3894 3824 3945 6

2146 3971 2282 4040 πρὸς
2305 3970 2501 4032 κάλλος
2538 3968 2872 4038 ἐπτοημένος,
2912 3969 3221 4039 δερμάτων,
3245 3968 3339 4020 καὶ
3356 3969 3531 4038 χαμαὶ
3571 3968 3822 4036 κύπτων;

2144 4048 2255 4100 Καὶ
2279 4050 2307 4101 6
2353 4048 2449 4117 μὲν
2478 4046 2609 4109 Θεὸς
2638 4045 2841 4104 ἔτεινεν
2861 4045 3110 4116 οὐρανὸν,
3158 4045 3252 4098 καὶ
3280 4044 3429 4115 ἥλιον
3464 4046 3687 4114 ἀνῆψεν,
3715 4048 3826 4100 ἄνω

2145 4144 2239 4179 σου
2267 4126 2367 4190 τὰς
2391 4125 2541 4194 ὄψεις
2578 4125 2783 4177 ἕλκων⁸
2813 4125 2877 4177 σὺ
2918 4124 2975 4175 δὲ
3017 4124 3165 4177 κάτω
3202 4123 3396 4176 σαυτὸν
3431 4126 3524 4176 καὶ
3558 4123 3695 4193 πρὸς
3727 4125 3827 4195 τήν

2147 4205 2253 4275 γῆν
2280 4204 2420 4258 κατὰ
2467 4206 2592 4267 τοὺς
2639 4204 2855 4275 χοίρους
2894 4203 3070 4257 νεύειν
3110 4201 3464 4272 ἀναγκάζεις.
3492 4203 3682 4273 καὶτῷ
3711 4204 3827 4257 δια-

2150 4284 2291 4354 ϐόλῳ
2323 4282 2505 4355 πείθῃ.
2538 4283 2646 4334 Kal
2688 4284 2797 4353 γὰρ
2841 4284 2870 4335 ὁ
2914 4282 3150 4352 πονηρὸς
3196 4281 3403 4350 δαίμων
3427 4276 3580 4344 οὗτος
3621 4282 3825 4354 ταύτην

2144 4365 2407 4431 ἐπενόησε
2433 4365 2532 4432 τὴν
2577 4363 2997 4433 ἀσχημοσύνην,
3038 4362 3246 4415 ἐκείνου
3265 4362 3312 4394 ⁵⁸
3346 4378 3405 4413 σε
3455 4361 3549 4413 τοῦ
3598 4363 3824 4427 κάλλους

2144 4442 2395 4510 ἀπάγων.
2425 4442 2523 4495 Διά
2547 4441 2704 4495 τοῦτό
2735 4459 2795 4494 σε
2827 4441 3063 4495 ἐνταῦθα
3086 4442 3327 4505 εἵλκυσε,
3362 4443 3457 4495 καὶ
3500 4444 3822 4513 παρευδοκι-

2148 4526 2328 4592 μεῖται
2386 4521 2517 4584 Θεὸς
2564 4522 2791 4592 ούρανδν
2843 4522 3057 4584 δεικνὺς
3124 4522 3230 4575 ὑπὸ
3276 4521 3521 4574 διαϐόλου
3581 4522 3824 4593 δέρματα

2142 4602 2444 4665 δεικνύντος
2472 4619 2487 4634 ο
2517 4602 2716 4672 μᾶλλον
2748 4602 2805 4654 δὲ
2831 4603 2950 4655 οὑδὲ
2973 4602 3219 4672 δέρματα
3241 4618 3254 4632 ο
3279 4602 3372 4653 καὶ
3394 4602 3501 4670 γὰρ
3529 4602 3623 4654 καὶ
3652 4600 3823 4654 ταῦτα

2150 4682 2288 4753 ἔργα
2320 4682 2475 4735 Θεοῦο
2503 4681 2639 4734 ἀλλά
2682 4681 2938 4751 βλακείαν
2969 4685 3063 4734 καὶ
3106 4681 3486 4750 κακοτεχνίαν.
3532 4683 3640 4734 Kal
3674 4682 3825 4735 κάτω

352 4765 758 4833 ἀναγκάζοντες
799 4767 876 4828 είς
915 4763 1015 4835 τήν
1048 4761 1381 4833 κατηγορίαν
1407 4762 1508 4831 τῆς
1541 4762 1778 4827 ἀσωτίας
1804 4763 2041 4834 ἐμϐῆναι
2152 4766 2232 4823 εἰς
2272 4762 2371 4829 τὴν
2393 4760 2497 4830 γῆν
2539 4760 2710 4813 νεύων
2766 4762 2794 4813 6
2827 4761 2948 4824 νέος
2974 4758 3264 4831 περίεισιν,
3284 4761 3312 4812 6
3344 4760 3413 4812 τά
3444 4761 3500 4813 ἐν
3528 4762 3639 4822 τοῖς
3660 4760 3851 4828 οὐρα-⁵

352 4843 581 4914 ταύτης.
2147 4846 2258 4904 νοίς
2304 4840 2614 4909 φιλοσοφεῖν
2666 4840 2999 4903 κελευσθεὶς,
3031 4840 3230 4911 μᾶλλον
3282 4837 3825 4908 ἐγκαλλωπιζόμενος

427 4932 489 4979 ε’.
530 4923 667 4994 Φέρε
698 4918 790 4977 οῦν
820 4922 951 4974 αὑτὸ
984 4921 1354 4991 ἐξετάσωμεν,
1406 4922 1504 4975 καὶ
1553 4921 1753 4991 ἴδωμεν
1797 4922 1980 4975 ὁποῖόν
1997 4922 2044 4955 ⁸⁸
2146 4921 2377 4986 τούτοις,
2420 4921 2450 4989 ἢ
2501 4922 2549 4973 εί
2597 4920 2706 4973 τῶν
2758 4920 3010 4990 μεγάλων
3048 4937 3103 4973 τι
3160 4918 3542 4989 κατωρθωκὼς
3597 4914 3687 4989 ἦν,
3729 4918 3824 4969 καὶ

355 5006 473 5056 ἐστι
504 5004 692 5056 κακόν.
730 5003 898 5054 ’Ὀταν
926 5002 1035 5072 γὰρ
1064 5003 1132 5055 τά
1170 5000 1479 5072 νήματατά
1504 5001 1727 5071 σηρικὰ,
1756 5000 1791 5054 ἀ
1824 5002 1958 5072 μηδὲ
1987 5004 2046 5055 ἐν
2150 5000 2473 5071 ἀκροϐατῶν
2526 5001 2618 5053 ἐπὶ
2654 5001 2755 5069 τῆς
2811 5001 3039 5071 ἀγορᾶς,
3075 5001 3170 5054 καὶ
3222 5000 3397 5063 λύπας
3440 5000 3534 5052 καὶ
3584 4997 3823 5067 ἀθυμίας

360 5084 598 5155 ἱματίοις
634 5082 957 5150 ὑφαίνεσθαι
1000 5083 1185 5145 καλὸν,
1226 5081 1401 5135 ταῦτα
1437 5083 1494 5134 ἐν
1532 5081 1842 5151 ὑποδήμασι
1890 5082 2045 5154 διαρ-
2149 5081 2400 5133 ἐντεῦθεν
2446 5080 2646 5131 τίκτων
2671 5078 2848 5149 ἐαυτῷ
2893 5081 3173 5150 περιττάς,
3208 5079 3282 5149 μὴ
3312 5078 3515 5148 μολύνῃ
3542 5077 3622 5147 τῷ
3668 5078 3823 5146 πηλῷ

358 5165 631 5237 ράπτητε,
656 5163 829 5233 πόσης
853 5162 1083 5232 ὕϐρεως,
1110 5162 1277 5215 πόσου
1309 5161 1548 5230 γέλωτος
1573 5160 1747 5214 ταῦτα
1791 5158 1951 5224 ἀξιας
1986 5164 2049 5217 Εί
2152 5162 2420 5232 χειμῶνος
2463 5162 2635 5223 ὄντος,
2685 5163 2759 5231 μή
2818 5162 3037 5232 καλύψῃ
3078 5162 3155 5231 τῷ
3198 5160 3456 5231 κονιορτῴ
3485 5160 3673 5231 θέρους
3704 5162 3824 5212 ἐπιο

348 5245 408 5297 δὲ
448 5245 547 5315 τῆς
580 5245 859 5314 ἡμετέρας
894 5243 1075 5312 ψήφου
1103 5244 1495 5313 καταφρονεῖς,
1531 5241 1768 5295 ἄκουσον
1812 5242 1910 5313 τῆς
1952 5242 2049 5295 τοῦ
2155 5243 2395 5306 στάντος.
2435 5243 2499 5295 Τί
2556 5242 2755 5309 λέγεις,
2818 5243 3105 5314 ἄνθρωπε;
3141 5242 3238 5311 τὴν
3264 5242 3442 5311 ψυχὴν
3488 5240 3707 5295 ἃπασαν
3742 5242 3823 5304 εἰς

352 5325 573 5379 Παύλου
614 5324 823 5395 φωνῆς,
877 5321 1016 5393 μετά
1069 5320 1272 5392 πολλῆς
1317 5321 1414 5392 τῆς
1465 5321 1826 5393 σφοδρότητος
1870 5321 2048 5378 ταῦτα
2155 5325 2324 5394 πηλὸν
2354 5323 2582 5394 ἔρριψας
2611 5322 2696 5376 διὰ
2723 5321 2927 5391 ταύτης
2956 5323 3053 5393 τῆς
3079 5322 3335 5386 ἀσωτίας,
3353 5322 3447 5373 καὶ
3464 5324 3639 5391 χαμαὶ
3671 5337 3826 5391 συρο-

418 5463 581 5538 ³³γτὰ1
613 5464 708 5538 καὶ
749 5460 920 5538 ’τὰ-Μ.
978 5459 1233 5538 βίαὺτῇ]
1265 5459 1355 5538 S_ic
1394 5459 1516 5538 dqu
1568 5474 1664 5538 pr_o
1709 5460 2040 5538 vulgatoraﬁ

2173 5464 2320 5538 quod
2354 5472 2574 5538 Illelll‘lll'
2600 5462 2665 5517 G.
2704 5462 2929 5538 Lami]
3172 5462 3311 5532 αὐτῆ
3341 5460 3497 5538 ⁸(εἱο).
3529 5460 3822 5538 ΙΙ.-ταύτης

350 5529 584 5605 οιιη]‹ιοιῖ
615 5536 788 5607 ὃρνχ-
819 5532 864 5564 ⁸⁸
895 5529 1059 5607 πρὸς]
1092 5529 1221 5607 adt};
1247 5531 1408 5607 μόνον
1448 5529 1977 5607 Ηειχρήσιμοιίᾐιιιίιί.
2012 5555 2043 5607 μ

2145 5556 2170 5587 ν
2192 5529 2282 5590 ’Κ.
2314 5534 2447 5603 πρὸς
2472 5534 2563 5586 τὸν
2604 5552 2668 5607 π.
2710 5535 2869 5603 μόνον
2905 5529 3045 5607 ἡμῖν
3071 5536 3178 5585 εἰσι
3212 5529 3310 5607 χρ.
3338 5532 3450 5607 βίον
3576 5535 3823 5607 δριμιυιις

351 5600 585 5677 καὶῖειιι.
639 5604 705 5659 G.
891 5600 1104 5677 "jtpb;
1129 5600 1197 5654 τά
1222 5602 1465 5677 παρόν-τα
1496 5600 1578 5677 HL
1736 5602 1782 5677 f7
1804 5600 1850 5677 ζὴ
1875 5622 1987 5660 om.
2013 5600 2043 5661 ’(

2145 5607 2176 5659 ἱ-
2204 5624 2256 5677 p-
2281 5621 2333 5671 ρο
2358 5600 2609 5677 ’χρήσιμα
2630 5600 3363 5677 (ἰίχρήσιμὸςλιμκρήάίμη
3400 5602 3460 5677 IS;
3496 5602 3563 5677 Μ·
3616 5603 3687 5677 3‘?
3712 5601 3819 5677 τῶν

350 5696 461 5734 om.
497 5676 558 5730 L.
596 5677 691 5729 καὶ
736 5675 845 5729 τῶν
875 5669 1215 5744 παθημάτων
1238 5669 1347 5725 oui.
1387 5670 1458 5723 M.
1491 5742 1498 5744 _
1537 5670 1580 5701 ”
1601 5669 2005 5744 διαφθείροντες
2035 5685 2043 5725 1

2145 5669 2218 5731 Κί
2280 5669 2323 5707 ⁸ο
2355 5669 2691 5727 οἰκίανἘιΙιΙ.
2735 5669 2930 5744 ι)ιό
2965 5675 3023 5725 ού
3058 5669 3370 5744 ὺίἔήιιέέὺιξιιὶ
3415 5673 3475 5726 K.
3506 5674 3564 5726 L.
3604 5674 3735 5726 ἀλλά
3755 5674 3825 5724 τα

351 5753 436 5803 ἀν.
472 5750 563 5801 καὶ
594 5748 669 5817 μὴ
700 5747 768 5799 τὰ
792 5765 848 5800 π.
984 5740 1624 5817 -ίίίὺποδηματορράφων
1646 5740 1708 5793 Κ.
1991 5750 2034 5779 δ³

2145 5749 2166 5801 ῦ
2198 5766 2247 5801 τ.
2268 5764 2319 5799 τ.
2353 5746 2614 5813 ὀνόματος
2652 5744 2713 5798 ll.
2737 5740 2875 5799 'M'o'x
2915 5745 3160 5817 ἐξαγάγῃ
3199 5742 3262 5817 G_.
3390 5744 3529 5817 ||_|_fl':_l
3556 5746 3824 5813 στήσομεν

352 5837 451 5888 ιιι-υ
478 5812 710 5889 τάξόμέν
737 5815 948 5889 dan.
984 5815 1044 5870 L.
1110 5815 1166 5889 ff
1200 5817 1289 5889 εἰς
1314 5813 1375 5889 ιη
1410 5817 1544 5889 Mor.
1578 5812 1758 5889 cantet-ﬁ
1799 5821 2343 5889 προσήρμοσμένονκ
2392 5817 2580 5889 δδόσην
2606 5818 2675 5889 K_.
2748 5818 2793 5848 ⁸⁵
2836 5814 3043 5889 ἀνοίαςι
3073 5812 3474 5889 ἀπεχθείας-ιι.
3598 5812 3654 5889 οι
3683 5830 3819 5889 mar.

447 5890 566 5967 XM.
605 5883 793 5967 ᾑιίιιρί.
894 5888 938 5919 ⁴⁴¹
956 5890 1080 5967 δσον
1330 5884 1375 5967 ξ⁷
1399 5883 2598 5967 ἀπαγορευούσῃςμζίίιμξ-ῆ·χρυσῷ1.χρυσίου
2624 5886 2701 5967 ϐλ
2720 5887 2941 5967 χρμσίιρλ
3132 5886 3488 5967 χρυρίῳΠΗ...
3517 5885 3561 5915 ⁴⁸
3589 5884 3822 5967 ἐργάται

353 5962 419 6016 (ὶ.
452 5960 520 6012 51.
603 5963 646 5993 ’⁵³
675 5959 783 6012 τῶν
806 5976 919 6013 om.
950 5959 1013 6013 (ἶ.
1042 5957 1104 6010 Κ.
1138 5954 1209 6027 Μ.
1235 5956 1535 6027 ἀπέρχεται
1562 5952 1697 6006 Ειίιί.
1776 5955 1821 5988 ⁵⁰
1853 5958 1981 6027 ὑμῖν
2004 5961 2043 6014 G

2145 5952 2255 6015 :K.
2293 5952 2494 6009 Ἳίτόν
2524 5974 2633 6009 om.
2663 5952 2832 6011 (ΗΜ.
2898 5952 2942 5988 δ’
2967 5952 3320 6027 ὑποδεδέσθαι
3354 5953 3411 6007 L.
3587 5952 3822 6007 “uitta

355 6046 466 6089 om.
494 6031 555 6086 li.
591 6032 650 6086 L.
681 6030 749 6084 Μ.
828 6032 872 6063 ⁵³
908 6030 1150 6097 ἔχειιδίυ
1192 6026 1250 6080 ι..
1295 6028 1473 6080 ueteri
1507 6025 1623 6095 ἔχῃ.
1659 6040 1711 6093 p.
1739 6041 1788 6093 p.
1811 6025 1957 6082 ἐστὶν
1979 6031 2043 6086 G.

2159 6029 2229 6083 M.
2303 6032 2348 6063 ⁵⁵
2383 6030 2661 6094 θαυμάσαι
2696 6028 2756 6080 K.
2792 6027 2852 6081 L.
2886 6027 2955 6083 Μ.
3024 6028 3069 6059 ⁵⁸
3098 6026 3172 6082 ὡς.
3203 6027 3411 6078 ἐκείνου
3437 6025 3504 6080 G.
