4108 6376
359 338 454 392 501

358 464 461 507 est.
497 450 782 506 Videamus
809 464 1052 521 quoque,
1085 451 1202 520 quis
1236 451 1354 504 finis
1382 451 1521 505 illius
1547 451 1637 505 sit.
1663 452 1796 518 Quis
1825 461 1944 505 tau-

355 547 478 599 dem
509 543 630 598 finis
660 544 802 599 illius
831 543 948 599 est?
974 543 1174 598 Ca-lum
1194 585 1210 611 ,
1241 553 1294 598 et
1321 543 1552 597 cmlestia
1581 542 1717 598 bona
1745 543 1947 613 :gloria

357 636 446 690 illa
472 635 774 700 ineﬂ‘abilis,
794 634 1096 706 spirituales
1116 635 1352 698 thalami,
1372 633 1634 705 fulgentes
1650 633 1943 705 lampades,

358 727 614 781 habitatio
653 741 774 780 cum
811 741 1043 796 sponso;
1075 726 1327 794 alia-quae
1355 725 1533 779 nullus
1562 739 1760 789 sermo,
1803 725 1946 780 nulla

354 833 508 873 mens
526 817 800 872 declarare
819 827 1014 887 potest;
1031 817 1098 872 ita
1123 828 1180 872 ut
1203 817 1371 872 hacin
1391 825 1541 886 parte
1563 817 1720 887 longe
1736 816 1804 872 ab
1829 816 1948 871 aliis

352 910 727 965 differat.Nam
753 911 945 964 artium
972 909 1240 980 pleraeque
1259 909 1327 964 ad
1351 925 1590 980 praisens
1613 909 1785 966 solum
1811 919 1945 965 tent-

351 1018 448 1072 pus
463 1003 617 1057 utiles
631 1011 754 1056 sunt
776 1001 948 1066 nobis,
973 1002 1088 1056 huic
1109 1017 1237 1055 vero
1254 1002 1411 1056 etiam
1428 1001 1492 1054 ad
1510 999 1740 1056 futuram
1762 1001 1941 1056 vitam.

345 1093 407 1151 Si
437 1106 617 1150 autem
643 1095 712 1149 ita
746 1093 923 1149 differt
951 1094 1019 1149 ab
1049 1094 1112 1148 iis
1137 1095 1340 1148 artibus
1378 1109 1498 1164 quae
1530 1092 1686 1148 nobis
1714 1093 1767 1148 in
1801 1110 1943 1163 prie-

348 1187 487 1242 senti
517 1188 626 1241 vita
652 1196 777 1241 sunt
802 1185 1142 1251 necessariae,
1170 1194 1226 1239 ut
1251 1200 1283 1239 a
1310 1185 1586 1249 medicina,
1617 1184 1942 1240 architecto-

350 1280 467 1334 nica
493 1289 548 1334 et
580 1280 842 1334 similibus
868 1321 880 1340 ,
908 1279 1078 1332 multo
1113 1277 1286 1347 magis
1312 1277 1379 1332 ab
1404 1278 1522 1332 aliis
1542 1319 1558 1343 ,
1587 1293 1721 1347 quas
1749 1279 1795 1333 si
1821 1280 1942 1348 quis

346 1380 598 1428 accurate
642 1373 883 1442 exploret
907 1414 921 1436 ,
956 1387 1128 1441 neque
1169 1381 1312 1425 artes
1360 1386 1482 1425 esse
1522 1369 1736 1426 dixerit.
1765 1371 1942 1439 Quare

344 1479 444 1534 ego
473 1463 609 1518 alias
639 1462 934 1533 superﬂuas
963 1478 1071 1516 non
1113 1476 1210 1532 pro
1239 1461 1441 1517 artibus
1478 1461 1670 1516 habeo.
1698 1463 1780 1517 Ad
1810 1463 1938 1534 qttid

341 1554 486 1608 enim
529 1553 837 1623 coquinaria
884 1562 936 1607 et
977 1552 1378 1607 salsamentaria
1421 1552 1575 1607 nobis
1620 1553 1818 1608 utiles?
1857 1553 1939 1608 Ad

343 1647 471 1701 nihil
491 1658 643 1703 certe
670 1665 684 1700 :
711 1648 816 1700 imo
846 1645 1000 1701 valde
1030 1645 1246 1700 inutiles
1275 1654 1331 1702 et
1349 1647 1529 1700 noxia:
1556 1655 1710 1710 sunt,
1736 1661 1856 1718 quae
1885 1657 1940 1702 et

340 1755 536 1808 corpus
565 1751 619 1795 et
643 1740 874 1793 animant
907 1739 1244 1805 labefactant,
1276 1738 1416 1810 quod
1445 1739 1753 1795 morborum
1783 1742 1938 1811 argri-

342 1833 690 1903 tudinumque
719 1834 952 1887 omnium
981 1842 1206 1887 matrem
1240 1832 1564 1902 voluptatem
1590 1848 1709 1886 cum
1743 1848 1935 1904 pompa

340 1939 530 1994 magna
561 1920 958 1978 inducantan
979 1937 1080 1979 nec
1106 1923 1388 1992 picturam,
1405 1938 1506 1978 uec
1535 1921 1933 1994 pltrygionicam

336 2027 481 2070 artes
527 2016 743 2085 pmprie
782 2015 1032 2070 dixerim.
1076 2014 1210 2070 Nam
1261 2015 1315 2070 in
1355 2014 1656 2085 superﬂuos
1692 2025 1963 2085 sumptus.

340 2124 438 2164 uos
483 2109 792 2178 conjiciunt.
825 2111 983 2164 Artes
1021 2123 1151 2164 vero
1195 2109 1565 2174 necessarias,
1609 2125 1728 2179 qua:
1768 2108 1931 2164 vitam

337 2212 577 2256 nostram
599 2210 919 2266 sustentant,
942 2201 1096 2256 nobis
1125 2202 1426 2256 necessaria
1454 2201 1729 2272 praebeant
1755 2213 1809 2258 et
1833 2220 1932 2274 ap-

336 2303 526 2367 parent
549 2301 777 2363 oportet.
813 2292 936 2348 Ideo
960 2307 1191 2362 namque
1215 2293 1526 2362 sapientiam
1561 2292 1750 2348 indidit
1776 2295 1932 2350 nobis

338 2385 496 2448 Deus,
523 2393 577 2437 ut
605 2385 934 2438 inveniamus
965 2383 1269 2449 methodos,
1298 2383 1451 2454 queis
1475 2385 1742 2454 possimus
1768 2387 1929 2442 vitam

332 2494 651 2533 conservare
673 2489 906 2533 nostram
933 2496 948 2534 :
971 2479 1288 2534 animalcula
1311 2494 1438 2534 vero
1459 2491 1548 2533 aut
1571 2480 1619 2534 in
1641 2480 1930 2549 parietibus

331 2586 424 2628 aut
448 2574 501 2627 in
523 2573 759 2628 vestibus
784 2583 1171 2641 repraesentare
1188 2573 1252 2627 ad
1269 2573 1417 2643 quid,
1438 2588 1642 2642 quaeso,
1663 2573 1789 2628 utile
1809 2573 1929 2628 est?

333 2665 457 2720 Ideo
481 2681 546 2720 ex
577 2664 957 2720 calceariomut
1001 2673 1054 2717 et
1103 2680 1167 2718 ex
1217 2673 1478 2718 textorum
1517 2665 1723 2718 artibus
1762 2665 1925 2719 multa

331 2758 621 2814 resccanda
655 2769 836 2812 essent
862 2776 874 2810 :
901 2773 1021 2810 nam
1051 2757 1118 2811 ad
1157 2757 1340 2812 luxum
1372 2757 1534 2811 multa
1565 2757 1924 2823 deduxerunt,

330 2863 385 2908 et
422 2851 563 2922 quod
597 2852 958 2906 necessarium
984 2861 1100 2905 erat
1140 2848 1530 2904 labefactarunt
1555 2892 1569 2914 ,
1595 2850 1696 2903 arti
1729 2849 1924 2903 malum

328 2945 611 2999 artificium
657 2942 1048 3004 admiscentes;
1100 2941 1240 3013 quod
1291 2943 1451 2998 etiam
1498 2942 1924 2998 architectonice

329 3035 539 3091 accidit.
569 3035 672 3089 Sed
704 3045 761 3089 ut
789 3036 953 3096 hanc,
987 3034 1158 3089 donec
1185 3020 1348 3099 iedes,
1376 3050 1482 3088 non
1515 3044 1689 3088 autent
1716 3034 1922 3088 theatra

328 3136 714 3197 azdificaverit,
762 3149 823 3188 ac
881 3131 1222 3210 necessaria,
1273 3147 1377 3186 non
1430 3142 1605 3185 autem
1658 3130 1922 3199 superﬂua

327 3229 603 3296 Struxerit,
635 3236 804 3283 artem
836 3226 1041 3280 vocabo
1066 3243 1078 3279 :
1101 3226 1179 3280 sic
1208 3235 1260 3280 et
1291 3227 1569 3280 textoriam
1591 3268 1603 3286 ,
1636 3227 1807 3280 donec
1833 3242 1923 3280 vc-

327 3321 578 3376 sdmenta
620 3319 801 3375 fecerit
829 3329 883 3374 et
917 3327 1227 3373 assum'enta
1248 3360 1262 3382 ,
1295 3332 1394 3372 nec
1423 3334 1647 3372 araneas
1681 3318 1878 3372 imitata
1903 3360 1919 3381 ,

325 3413 550 3468 multum
579 3412 745 3468 risum
771 3409 1086 3467 excitaverit
1106 3425 1170 3465 ac
1196 3409 1474 3465 mollitiem
1504 3411 1773 3481 ingentem
1791 3453 1805 3476 ,
1828 3425 1920 3466 ar-

325 3515 431 3560 tem
472 3519 624 3559 voco.
654 3502 868 3559 Necnon
906 3503 1222 3557 calceariam
1261 3510 1467 3566 artem,
1497 3501 1669 3556 donec
1712 3501 1922 3556 calceos

326 3599 545 3660 fecerit,
571 3598 700 3652 artis
733 3598 948 3651 nomine
978 3613 1081 3652 non
1130 3596 1379 3666 privabo;
1403 3610 1520 3650 cum
1553 3606 1730 3649 autem
1777 3596 1922 3651 viros

325 3693 375 3746 in
404 3691 683 3746 mulierum
718 3693 940 3745 fortnam
974 3688 1266 3745 traduxerit
1295 3730 1310 3752 ,
1341 3689 1530 3742 molles
1557 3701 1607 3742 et
1639 3688 1918 3743 effemina—

325 3795 407 3838 tos
432 3799 499 3840 ex
527 3784 828 3837 calceorum
859 3783 1027 3836 forma
1057 3781 1271 3845 fecerit,
1299 3795 1422 3835 cum
1451 3781 1624 3835 noxiis
1649 3787 1702 3833 et
1729 3794 1918 3848 super-

321 3876 444 3930 lluis
470 3877 610 3930 illaut
645 3875 956 3930 locabimus.
988 3875 1112 3930 Scio
1143 3889 1228 3929 me
1255 3873 1437 3928 multis
1465 3873 1631 3926 videri
1674 3873 1724 3924 in
1758 3872 1917 3926 mini-

322 3973 423 4026 mis
441 3971 659 4025 nimium
681 3971 949 4025 immorari
967 3988 978 4023 :
997 3985 1168 4040 neque
1184 3978 1359 4024 tamen
1373 3967 1646 4022 absistam.
1666 3966 1916 4022 Omnium

320 4063 517 4133 quippe
549 4063 811 4118 malorum
841 4077 998 4117 causa
1047 4061 1162 4116 haec
1190 4069 1274 4116 est
1300 4102 1315 4126 ,
1342 4075 1409 4116 eo
1449 4060 1590 4130 quod
1635 4059 1783 4129 parvi
1829 4059 1915 4114 illa

322 4166 535 4223 peccata
565 4157 820 4210 momenti
854 4171 975 4210 esse
1005 4154 1304 4218 videantur,
1329 4161 1383 4208 et
1407 4150 1528 4208 ideo
1559 4151 1912 4220 negligantur.

323 4247 394 4301 Et
418 4246 545 4317 quid
576 4246 679 4300 hoc
707 4247 910 4310 levius,
945 4246 1182 4315 inquies,
1211 4252 1488 4313 peccatum
1517 4258 1767 4312 umquam
1800 4241 1914 4296 fue-

319 4340 409 4400 rit.
442 4356 562 4395 cum
593 4341 713 4410 quis
742 4341 953 4395 calceos
978 4339 1140 4393 habet
1167 4347 1387 4393 ornatos
1411 4352 1475 4392 ae
1501 4335 1787 4406 fulgentes,
1819 4350 1914 4404 pe-

319 4433 476 4487 dibus
504 4442 732 4500 aptatos.
764 4433 804 4484 si
833 4443 1010 4487 tamen
1037 4430 1138 4486 hoc
1168 4437 1442 4500 peccatum
1467 4427 1763 4484 vocandum
1791 4427 1915 4483 est?

321 4525 493 4579 Vultis
541 4525 696 4592 igitur
738 4525 882 4577 illum
929 4521 1246 4593 aggrediar,
1295 4522 1384 4591 qui
1428 4521 1507 4576 sic
1559 4521 1790 4590 loquitur
1817 4561 1831 4584 ,
1861 4529 1915 4574 et

317 4627 517 4686 quanta
551 4616 627 4669 rei
665 4615 792 4669 insit
830 4614 1108 4684 turpitudo
1135 4613 1460 4670 ostendam?
1500 4627 1676 4666 annon
1710 4613 1911 4666 irasce-

320 4707 448 4759 tniui
473 4706 628 4760 ?lmo
656 4705 864 4760 etiamsi
905 4704 1207 4760 irascamini
1240 4746 1254 4769 ,
1290 4719 1394 4758 non
1423 4703 1647 4756 multum
1689 4700 1911 4756 curabo.

317 4795 448 4850 Nam
490 4812 584 4851 vos
625 4805 782 4850 tanta:
812 4796 1129 4859 ἱηείιιὶριιιὶιιι
1172 4810 1330 4849 causa
1371 4795 1500 4847 estis
1525 4837 1538 4855 ,
1569 4793 1656 4862 qui
1688 4807 1800 4847 rem
1845 4808 1914 4846 ne

320 4898 592 4956 peccatum
629 4887 842 4956 quidem
888 4903 1008 4940 esse
1048 4889 1282 4956 putatis,
1317 4901 1519 4955 nosque
1562 4883 1682 4940 ideo
1723 4883 1914 4954 cogitis

319 4980 370 5032 in
401 4979 698 5047 hujusmodi
732 4979 912 5031 lnvum
945 4979 1146 5032 invehi.

389 5072 443 5126 5.
487 5069 672 5124 Contra
698 5071 874 5124 luxum
902 5071 954 5123 in
983 5068 1186 5124 calceis.
1214 5100 1280 5110 —
1307 5071 1419 5141 Age
1450 5070 1608 5140 igitur
1639 5070 1692 5124 id
1721 5070 1902 5140 explo-

316 5176 495 5216 remus
519 5203 534 5224 ,
563 5161 948 5232 videamusque
976 5172 1233 5232 quantmn
1259 5163 1328 5216 sit
1353 5162 1573 5216 malum.
1603 5161 1739 5217 Cum
1768 5161 1908 5216 enim

318 5253 490 5308 serica
537 5249 622 5306 ﬁla
649 5292 665 5317 ,
697 5267 816 5322 qua:
855 5269 923 5305 ne
963 5253 1016 5305 in
1057 5252 1390 5307 vestimentis
1418 5252 1634 5321 quidem
1675 5253 1911 5306 inserere

319 5344 602 5397 honestum
625 5353 728 5407 est,
755 5345 806 5397 in
835 5343 1030 5398 calceis
1058 5343 1325 5409 iuseratis,
1349 5353 1545 5414 quanta
1566 5341 1908 5408 contumelia,

316 5447 517 5505 quanto
541 5437 649 5491 risu
673 5437 785 5492 lure
807 5437 964 5507 digna
984 5447 1109 5492 sunt
1123 5441 1148 5490 τ
1172 5435 1228 5492 Si
1250 5453 1376 5493 vero
1395 5437 1714 5492 sententiam
1735 5451 1911 5492 meam

316 5529 572 5600 despims,
598 5531 720 5584 audi
749 5531 970 5585 Paulum
996 5546 1118 5584 cum
1143 5545 1332 5601 magna
1355 5530 1687 5586 vehementia
1709 5529 1761 5585 id
1787 5545 1913 5600 pro-

319 5622 590 5677 hibentem
617 5663 632 5687 ,
674 5633 724 5678 et
772 5632 897 5677 tunc
940 5623 1216 5678 ridiculam
1264 5637 1374 5676 rem
1423 5637 1543 5678 esse
1587 5621 1904 5687 comperies.

316 5716 453 5781 Quid
485 5732 614 5786 ergo
646 5716 721 5770 ait
757 5715 890 5771 ille?
927 5714 1048 5769 Non
1079 5716 1134 5768 in
1165 5716 1307 5768 tortis
1335 5715 1557 5769 crinibus
1577 5757 1590 5776 ,
1623 5725 1711 5767 aut
1741 5730 1867 5768 auro
1888 5757 1901 5775 ,

319 5818 408 5859 att:
435 5807 721 5876 margaritis
745 5850 759 5869 ,
792 5806 869 5860 vel
893 5815 1023 5860 veste
1046 5806 1265 5875 pretiosa
1287 5806 1305 5874 (
1329 5807 1380 5859 Ι.
1418 5805 1550 5859 Tim.
1577 5805 1631 5859 2.
1666 5805 1699 5861 9
1722 5807 1762 5878 ).
1796 5805 1908 5873 Qua

681 5921 947 5978 l‘arttot.
983 5920 1101 5977 Gtt.
1151 5917 1363 5976 LVI“.

1350 326 1422 390 ἰΝ
1463 325 1870 392 ΜΛΤΤΙΠΕΠΜ
1913 329 2140 394 ΙΙΟΜΠι.
2186 335 2368 396 XLIX.
2413 343 2481 399 al.
2525 343 2586 398 L.

3549 353 3652 410 5θὲ

2066 455 2222 522 igitur
2251 455 2405 510 venia
2429 455 2620 527 dignus
2659 456 2824 513 fueris
2847 500 2862 522 ,
2904 459 3115 530 quando
3145 460 3338 518 Paulus
3365 466 3516 520 uxori
3550 477 3650 519 tua:

2061 563 2166 602 non
2207 549 2464 617 permittit
2491 558 2640 606 veste
2667 550 2897 620 pretiosa
2927 551 3003 606 uti
3028 592 3042 617 ,
3081 553 3128 608 si
3159 563 3211 608 tu
3250 553 3431 610 luxum
3459 555 3647 626 hujus-

2060 642 2201 697 modi
2251 644 2303 698 in
2351 644 2560 700 calceos
2604 644 2865 714 inducas,
2912 646 3164 718 milleque
3208 649 3380 704 modis
3421 665 3649 719 appares

2059 749 2170 789 rem
2215 735 2287 790 ita
2325 737 2766 792 contumeliosam
2796 747 2852 794 et
2881 737 3205 795 ridiculam?
3243 739 3377 796 Nam
3406 741 3551 796 illam
3578 742 3647 798 ob

2047 843 2271 883 'CtltJSum
2302 831 2451 884 navis
2477 831 2823 894 construitur,
2853 832 3081 902 remiges
3107 833 3494 900 conducuntur,
3525 851 3648 904 pro-

2055 938 2128 976 r:e
2148 923 2338 977 ductor
2363 931 2416 977 et
2441 923 2763 994 gubernator
2784 924 3151 990 instituuntur,
3183 927 3360 982 velum
3387 927 3646 997 expandi-

2049 1023 2158 1078 tur,
2186 1015 2397 1084 pelagus
2424 1015 2700 1085 trajicitur,
2727 1016 2926 1070 relictis
2948 1031 3134 1083 uxore,
3160 1017 3342 1073 liberis
3361 1028 3415 1074 et
3434 1020 3605 1090 patria
3622 1062 3637 1084 ,

2051 1117 2319 1161 mercator
2359 1108 2518 1160 vitam
2563 1107 2809 1162 ﬂuctibus
2841 1110 3162 1174 committit,
3197 1111 3356 1180 inque
3391 1111 3643 1166 barbaro-

2051 1216 2168 1254 rum
2201 1200 2468 1270 regionem
2500 1199 2850 1270 proticiscitur
2871 1241 2887 1266 ,
2915 1200 3062 1255 mille
3090 1199 3338 1270 periculis
3367 1204 3642 1273 expositus

2048 1292 2115 1346 ad
2164 1293 2276 1347 haec
2324 1293 2406 1345 lila
2444 1291 2800 1362 comparanda
2825 1332 2840 1357 ,
2873 1299 2933 1346 ut
2967 1301 3088 1360 post
3127 1293 3241 1348 haec
3265 1295 3444 1350 omnia
3491 1305 3544 1349 tu
3586 1296 3639 1351 in

2047 1384 2242 1439 calceis
2270 1383 2356 1438 illa
2383 1398 2566 1438 assuas
2585 1393 2642 1438 et
2663 1383 2866 1438 corium
2889 1397 3070 1438 ornes.
3101 1383 3300 1455 Ecquid
3325 1394 3469 1441 tanta
3496 1385 3662 1441 insa?

2047 1474 2132 1528 nia
2161 1474 2439 1528 deterius?
2465 1474 2530 1529 At
2565 1483 2806 1529 veterum
2834 1476 2996 1530 calcei
3038 1491 3142 1529 tton
3181 1475 3313 1530 tales
3341 1485 3511 1543 erant,
3541 1477 3636 1533 sed

2045 1566 2230 1636 quales
2267 1566 2494 1622 decebat
2525 1567 2690 1620 viros.
2720 1565 3078 1634 Quamobrem
3107 1581 3314 1632 vereor,
3348 1583 3415 1623 ne
3444 1582 3636 1639 proce-

2043 1657 2205 1712 dente
2236 1666 2504 1727 tcmpore,
2531 1658 2898 1712 adolescentes
2927 1657 3064 1727 apud
3096 1672 3189 1712 vos
3220 1658 3500 1714 mulierum
3527 1659 3638 1715 cal-

2039 1751 2152 1805 ceis
2178 1760 2416 1816 utantur,
2442 1751 2600 1821 idque
2619 1751 2736 1806 sine
2761 1751 2982 1821 pudore.
3006 1751 3266 1824 Quodque
3292 1752 3506 1823 gravius
3528 1763 3632 1821 cst,

2043 1843 2157 1897 haec
2186 1843 2428 1899 videntes
2457 1852 2636 1914 patres
2665 1859 2769 1898 non
2801 1843 3164 1916 Indignamur,
3197 1844 3292 1901 sed
3322 1861 3434 1902 rem
3461 1856 3519 1902 ut
3548 1847 3632 1902 itt-

2039 1934 2373 1990 difl'erentcm
2418 1935 2632 1992 habent.
2679 1936 2922 1992 Voltisne
2953 1947 3013 1992 ut
3041 1937 3167 2007 quid
3213 1939 3372 1993 etiam
3417 1939 3634 2011 gravius

2038 2026 2291 2082 afferam?
2316 2027 2440 2084 Haec
2464 2028 2535 2083 ita
2562 2028 2693 2082 fiunt
2711 2027 2839 2084 dum
2863 2029 3011 2083 multi
3035 2039 3270 2100 egestate
3293 2043 3625 2100 premuntur.

2038 2116 2211 2173 Vultis
2239 2119 2292 2174 in
2321 2119 2553 2175 medium
2579 2119 2838 2175 adducam
2861 2119 3131 2176 Christum
3160 2124 3504 2188 esurientem,
3533 2140 3632 2178 nu-

2036 2211 2186 2273 dum,
2219 2211 2450 2282 undique
2476 2223 2724 2281 captum.
2760 2213 3036 2268 vinctum?
3067 2211 3136 2266 Et
3163 2224 3291 2284 quot
3320 2214 3630 2270 fulminibus

2036 2302 2180 2371 digni
2207 2316 2314 2356 non
2339 2302 2509 2367 eritis,
2531 2303 2656 2356 dum
2680 2302 2828 2357 illum
2852 2303 3116 2372 negligitis
3142 2305 3448 2359 necessario
3469 2321 3632 2376 egen-

2037 2407 2142 2449 tem
2173 2394 2296 2450 cibo
2319 2436 2334 2461 ,
2363 2404 2418 2450 et
2455 2394 2623 2464 pelles
2651 2410 2770 2450 cum
2803 2403 2951 2450 tanto
2979 2396 3156 2451 studio
3181 2398 3494 2452 exornatis?
3537 2399 3632 2454 llle

2033 2487 2249 2556 quidem
2279 2502 2401 2541 cum
2431 2486 2703 2556 discipulis
2747 2487 2916 2556 legem
2947 2487 3098 2541 datet
3119 2529 3135 2553 ,
3166 2503 3236 2542 ne
3267 2488 3627 2544 calceamenta

2033 2578 2248 2649 quidem
2287 2577 2490 2634 habere
2519 2578 2761 2648 permisit
2804 2597 2816 2630 :
2861 2594 2959 2631 uos
2985 2595 3111 2633 vero
3137 2595 3241 2633 non
3285 2579 3444 2634 modo
3472 2583 3630 2636 nudis

2030 2671 2258 2741 pedibus
2283 2670 2531 2726 incedere
2555 2686 2657 2726 uoo
2681 2671 3028 2733 sustinemus,
3057 2671 3150 2726 sed
3177 2687 3353 2741 neque
3376 2673 3629 2728 calceatis

2034 2763 2124 2817 if'lo
2149 2778 2256 2833 quo
2278 2773 2551 2832 Oporteret
2580 2761 2760 2816 modo.
2784 2763 2920 2830 Quid
2949 2762 3049 2816 hac
3073 2762 3403 2818 absurditate
3433 2765 3628 2834 pejus?

2030 2857 2155 2928 quid
2205 2858 2372 2927 magis
2417 2856 2739 2910 ridiculum?
2783 2855 2915 2911 Illud
2955 2866 3104 2911 certe
3142 2855 3304 2911 animi
3333 2857 3626 2912 ctfeminati

2029 2960 2130 3011 est,
2166 2948 2463 3012 inhumani,
2495 2947 2654 3002 nimis
2678 2947 2878 3003 curiosi
2899 2989 2914 3010 ,
2945 2949 3242 3004 vanissimi.
3273 2949 3628 3016 Quandonam

2029 3043 2223 3112 poterit
2255 3042 2568 3095 necessarim
2595 3041 2672 3095 rei
2698 3041 3006 3096 incumbere
3025 3082 3041 3107 ,
3073 3041 3162 3109 qui
3193 3041 3272 3095 his
3299 3056 3622 3110 supervaca-

2029 3133 2146 3188 neis
2184 3133 2393 3202 deditus
2431 3133 2555 3188 est?
2602 3132 2816 3202 quando
2852 3133 3067 3200 juvenis
3097 3134 3399 3203 hujusmodi
3431 3135 3624 3190 animus

2027 3239 2211 3279 curam
2235 3223 2471 3290 habebit,
2491 3224 2572 3278 vel
2596 3225 2848 3295 cogitabit
2869 3226 3027 3280 etiam
3051 3240 3111 3281 se
3131 3226 3362 3280 animam
3389 3226 3623 3282 habere?

2026 3317 2158 3373 Nam
2187 3319 2505 3374 vanissimas
2530 3322 2751 3374 omnino
2779 3320 2882 3375 erit
2907 3321 2994 3388 qui
3023 3320 3138 3374 haec
3166 3320 3346 3372 mirari
3378 3320 3620 3390 compel-

2027 3411 2203 3476 letur,
2237 3422 2293 3467 et
2335 3413 2751 3468 immanissimus
2776 3456 2790 3479 ,
2823 3414 2911 3482 qui
2960 3414 3042 3467 his
3087 3415 3319 3469 intentus
3362 3427 3622 3484 pauperes

2025 3504 2293 3576 negligat;
2322 3505 2516 3559 virtute
2540 3520 2758 3564 vacuus.
2791 3506 2880 3575 qui
2911 3514 3074 3559 totam
3102 3506 3262 3560 vitam
3291 3507 3342 3560 in
3376 3506 3478 3561 hoc
3502 3515 3622 3560 stu-

2024 3599 2114 3654 dio
2142 3597 2420 3668 impendit.
2453 3597 2582 3651 Nam
2610 3598 2699 3668 qui
2729 3598 2937 3652 filorum
2969 3599 3350 3667 przestantiam,
3375 3599 3618 3654 colorum

2023 3689 2211 3745 ﬂorem
2237 3731 2254 3756 ,
2299 3689 2618 3759 ltedera'que
2658 3690 2889 3758 speciem
2934 3706 2963 3744 a
3005 3691 3094 3744 tali
3129 3699 3339 3747 textura
3366 3690 3620 3745 emissam

2023 3785 2236 3837 curiose
2263 3781 2541 3851 perquirit,
2571 3780 2909 3852 quandonam
2941 3783 3139 3850 poterit
3168 3784 3354 3835 crelnm
3383 3783 3620 3852 respice-

2022 3875 2120 3931 re?
2148 3875 2361 3945 quando
2386 3889 2673 3945 supernam
2702 3873 2842 3927 illam
2869 3873 3319 3944 pulchritudinem
3339 3874 3620 3929 mirabitur

2024 3971 2103 4034 is,
2154 3969 2242 4039 qui
2297 3982 2498 4037 pronus
2551 3966 2603 4020 in
2654 3975 2849 4021 terram
2901 3965 3116 4036 pellium
3173 3965 3618 4036 pulchritudinem

2023 4061 2286 4116 miratur?
2314 4061 2453 4115 Deus
2478 4059 2694 4130 quidem
2725 4059 2966 4115 extendit
2993 4059 3207 4123 cadum,
3233 4059 3401 4112 solem
3425 4073 3619 4116 accen-

2021 4154 2132 4217 dit,
2165 4154 2452 4223 oculosque
2480 4162 2600 4208 tuos
2630 4167 2840 4207 sursum
2874 4153 3068 4217 trahit,
3112 4161 3168 4204 tu
3202 4166 3328 4205 vero
3359 4159 3410 4206 te
3442 4152 3616 4220 ipsum

2021 4247 2167 4317 cogis
2207 4260 2396 4300 versus
2436 4253 2634 4300 terram
2671 4258 2952 4314 porcorum
2991 4245 3161 4298 instar
3187 4243 3472 4312 respicere,
3503 4243 3620 4296 dia.

2020 4339 2250 4410 boloque
2301 4353 2501 4392 morem
2546 4337 2711 4408 geris.
2759 4335 2890 4390 Nam
2938 4336 3052 4403 ipse
3094 4334 3359 4405 malignus
3405 4335 3616 4390 datmon

2022 4427 2158 4483 hanc
2183 4427 2564 4498 turpitudinem
2589 4427 2940 4498 excogitavit,
2964 4437 3022 4480 ut
3059 4435 3113 4481 te
3149 4426 3216 4480 ab
3257 4426 3342 4480 illa
3380 4425 3619 4496 pulchri-

2021 4521 2203 4575 tudine
2227 4529 2526 4587 averteret;
2567 4520 2688 4574 ideo
2718 4529 2770 4574 te
2806 4519 2942 4575 istuc
2969 4519 3222 4582 attraxit,
3251 4519 3618 4590 postponitur-

2019 4628 2121 4682 que
2143 4614 2301 4678 Deus,
2319 4613 2507 4667 caelum
2525 4611 2835 4678 ostendens,
2850 4609 3065 4666 diabolo
3081 4610 3247 4680 pelles
3263 4611 3580 4665 monstranti
3596 4627 3613 4676 ;

2021 4704 2130 4756 imo
2157 4718 2260 4757 non
2292 4703 2481 4772 pelles,
2514 4702 2596 4756 ha:
2620 4703 2816 4772 quippe
2842 4711 2969 4756 sunt
2995 4701 3090 4756 Dei
3115 4716 3285 4772 opus;
3318 4700 3414 4756 sed
3441 4701 3618 4757 molli-

2020 4796 2147 4850 tiem
2167 4795 2449 4867 quamdam
2472 4804 2526 4850 et
2549 4796 2836 4864 pessimum
2860 4793 3165 4848 artificium.
3190 4793 3280 4848 Sic.
3301 4794 3616 4848 adolescens

2020 4902 2218 4957 pronus
2244 4902 2429 4942 versus
2459 4895 2654 4940 terram
2683 4885 2964 4951 circumit,
2992 4886 3080 4955 qui
3107 4885 3338 4940 cmlestia
3371 4885 3614 4955 philoso-

2022 4979 2170 5048 phari
2197 4979 2378 5048 jussus
2407 4987 2524 5043 est,
2561 4978 2835 5048 magisque
2861 4977 2927 5032 de
2958 4964 3043 5031 his
3065 4976 3352 5047 gloriatur,
3381 4993 3539 5048 quam
3568 4978 3614 5031 si

2019 5069 2146 5137 quid
2184 5085 2433 5139 magnum
2463 5079 2716 5138 operatus
2749 5077 2930 5133 esset,
2961 5068 3143 5138 sicque
3173 5068 3405 5122 molliter
3433 5080 3488 5122 et
3515 5067 3612 5123 dc-

2020 5163 2176 5218 licatc
2201 5178 2298 5232 per
2324 5161 2494 5217 forum
2531 5161 2729 5216 incedit
2752 5203 2767 5224 ,
2794 5177 3084 5216 maerorem
3125 5161 3224 5215 sibi
3260 5162 3612 5232 doloremque

2016 5257 2344 5320 concilians,
2386 5271 2455 5311 ne
2497 5255 2674 5310 hieme
2712 5255 2923 5309 calceos
2969 5254 3082 5309 luto
3121 5255 3510 5320 commaculet,
3541 5270 3612 5308 ne

2018 5360 2202 5406 testate
2225 5351 2442 5420 pulvere
2466 5349 2693 5419 operiat.
2720 5347 2854 5414 Quid
2882 5346 3036 5413 dicis,
3063 5362 3096 5402 ο
3122 5347 3323 5402 homo?
3350 5346 3611 5402 animam-

2019 5461 2087 5500 ne
2119 5454 2282 5500 totam
2324 5445 2376 5498 in
2417 5444 2584 5498 lutum
2615 5442 2893 5510 conjecisti
2925 5457 3020 5512 per
3049 5439 3355 5512 huiusmodi
3385 5441 3566 5495 luxum
3590 5483 3608 5506 ,

2017 5553 2144 5593 num
2189 5537 2330 5591 illam
2377 5537 2522 5590 humi
2564 5536 2865 5591 devolutam
2910 5536 3172 5607 uegligis,
3217 5544 3272 5590 et
3310 5533 3382 5590 do
3417 5535 3613 5590 calceis

2017 5639 2125 5685 tant
2157 5629 2313 5684 anxie
2341 5629 2586 5700 cogitas?
2629 5629 2785 5684 Disce
2824 5643 2979 5684 usum
3013 5645 3199 5684 eorum
3225 5671 3238 5693 ,
3269 5637 3325 5684 et
3351 5628 3615 5684 erubesco

2018 5721 2161 5790 quod
2194 5721 2321 5776 tanti
2349 5721 2436 5775 illa
2467 5720 2648 5776 facias.
2691 5719 2824 5774 Nam
2853 5721 3018 5776 calcei
3058 5720 3180 5776 ideo
3218 5720 3419 5776 inventi
3446 5731 3567 5774 sunt
3594 5762 3609 5778 .

2024 5813 2081 5860 ut
2109 5805 2277 5861 lutum
2305 5815 2358 5861 et
2387 5820 2598 5862 caenum
2624 5805 2827 5861 calcent
2856 5849 2870 5870 ,
2904 5820 3001 5860 nec
3032 5821 3136 5859 non
3164 5805 3397 5860 maculas
3421 5815 3606 5860 omnes

3276 5912 3318 5972 3
