4108 6376
442 328 551 385 δῶ

438 456 559 512 quae
606 439 658 494 in
705 436 1009 509 pavimento
1048 432 1309 487 visuntur.
1355 430 1414 485 Si
1452 438 1632 483 autem
1670 426 1721 481 id
1752 425 1891 480 ferre
1922 440 2028 479 non

442 543 596 601 potes
620 571 635 596 ,
666 530 815 585 solve
842 527 965 583 illos
993 536 1046 581 et
1074 542 1101 579 a
1131 525 1269 579 collo
1295 521 1561 592 suspende
1585 563 1601 589 ,
1628 520 1711 576 vel
1736 519 1891 589 capiti
1923 517 2032 574 cir-

441 636 727 692 cumpone.

511 714 565 770 6.
609 714 716 768 Vos
741 712 954 783 quidem
984 710 1168 766 ridetis
1201 708 1317 764 inec
1344 707 1654 774 audientes;
1700 719 1800 775 ego
1824 719 1951 759 vero
1977 720 2031 758 ιιι

440 806 703 877 laerymas
727 788 953 876 erumpe
981 805 1163 857 videns
1201 803 1414 857 illorum
1442 799 1702 855 insaniam
1726 841 1741 865 ,
1770 808 1825 852 et
1850 796 2033 867 hujus-

442 898 587 953 modi
615 913 819 953 curam.
845 897 976 953 Nam
1004 897 1254 951 libentius
1281 895 1356 949 illi
1383 907 1577 964 corpus
1598 892 1711 947 luto
1731 905 2033 945 commacu-

438 994 613 1049 larent
638 1035 651 1058 ,
680 1008 838 1062 quam
869 991 1169 1061 lmjusmodi
1200 990 1429 1044 calceos.
1478 987 1613 1042 Hinc
1644 986 1721 1041 illi
1752 985 2035 1040 levissimis

438 1085 604 1140 dediti
649 1084 817 1149 ﬁunt,
851 1092 1011 1155 atque
1047 1084 1147 1137 alia
1180 1083 1385 1138 ratione
1416 1080 1656 1151 pecuniae
1696 1079 1856 1133 avidi.
1901 1077 2033 1131 Nam

438 1178 532 1247 qui
563 1179 615 1232 in
646 1177 761 1232 lucc
796 1179 984 1232 insano
1009 1176 1186 1231 studio
1213 1175 1339 1230 ferri
1368 1175 1563 1229 assueti
1590 1182 1754 1235 sunt,
1788 1172 1839 1225 in
1869 1171 2035 1226 vesti-

440 1270 543 1324 bus
568 1269 621 1323 in
647 1269 873 1339 aliisque
892 1268 1139 1323 omnibus
1160 1267 1325 1322 multa
1351 1266 1623 1320 insmnant
1647 1274 1703 1319 et
1728 1263 2036 1333 impendant

444 1369 675 1431 oportet.
721 1360 822 1429 Qui
866 1361 910 1416 si
954 1360 1292 1414 ambitiosum
1322 1366 1527 1427 patrem
1557 1356 1786 1419 habeat,
1813 1363 2037 1424 augetur

441 1453 558 1523 ejus
585 1455 815 1509 absurda
842 1454 1138 1523 cupiditas;
1170 1454 1215 1507 si
1242 1468 1484 1518 avarum,
1512 1451 1720 1522 cogitur
1743 1451 1843 1504 alia
1873 1449 2037 1519 turpi-

444 1555 527 1601 tcr
573 1545 822 1616 aggredi,
857 1556 914 1601 ut
954 1562 1142 1601 aurum
1182 1546 1249 1601 ad
1296 1545 1435 1600 hunc
1472 1554 1738 1614 sumptum
1769 1545 2033 1600 corradat.

440 1638 577 1693 Hinc
606 1639 757 1693 multi
783 1639 1026 1708 juvenes,
1060 1648 1115 1694 et
1142 1639 1363 1694 formam
1395 1654 1543 1693 suam
1571 1638 1955 1701 vendiderunt,
1983 1648 2038 1692 et

442 1731 659 1799 parasiti
687 1730 909 1785 divitum
952 1731 1126 1785 effecti
1158 1740 1316 1795 sunt,
1348 1731 1557 1801 aliaque
1586 1731 1799 1785 servilia
1826 1730 2039 1785 subiere

443 1824 780 1890 ministeria,
827 1834 883 1879 ut
926 1823 1012 1879 his
1058 1824 1363 1879 facultatem
1412 1824 1690 1894 explendae
1734 1823 2038 1892 cupiditatis

443 1925 706 1971 emerent.
746 1916 898 1983 Quod
928 1917 1092 1987 igitur
1121 1916 1209 1973 hic
1248 1918 1486 1987 pecunia}
1514 1914 1697 1973 amans
1738 1918 1943 1973 futurus
1968 1919 2039 1973 sit

444 2018 499 2063 et
543 2008 845 2064 levissimus
885 2020 1046 2081 atque
1087 2009 1153 2065 ad
1203 2010 1502 2066 necessaria
1551 2011 1771 2065 omnino
1813 2026 2035 2076 socors;

448 2101 677 2172 hincque
711 2102 940 2157 futurum
977 2103 1049 2158 sit
1085 2112 1145 2158 ut
1180 2104 1283 2158 alia
1323 2104 1604 2161 admittere
1635 2115 1847 2175 peccata
1882 2120 2040 2177 coga-

446 2202 554 2257 tur,
584 2209 649 2248 ex
680 2194 838 2249 dictis
866 2194 1205 2252 manifestum
1233 2207 1316 2252 est
1347 2215 1360 2250 :
1390 2198 1530 2267 quod
1561 2198 1686 2253 item
1719 2198 2040 2255 inhumanus

446 2286 517 2339 sit
544 2286 748 2341 futurus
775 2296 828 2343 ct
852 2304 1001 2344 vanae
1022 2290 1206 2359 gloriae
1231 2290 1484 2360 cupidus,
1514 2306 1672 2345 nemo
1699 2292 1905 2346 inficias
1930 2302 2037 2348 eat.

434 2378 773 2435 ‘lnhumauus
816 2397 973 2447 cum,
1014 2382 1130 2437 viso
1171 2398 1438 2453 paupere,
1479 2398 1661 2439 amore
1698 2393 1919 2461 ornatus
1956 2386 2039 2440 sui

446 2472 653 2537 ductus,
681 2489 747 2528 ne
772 2473 1041 2543 respicere
1065 2474 1280 2543 quidem
1307 2474 1632 2545 dignabitur,
1662 2476 1757 2530 scd
1780 2476 1905 2530 dum
1932 2476 2041 2530 cal-

448 2580 575 2620 ceos
603 2582 734 2622 auro
763 2577 986 2622 exornat
1010 2609 1026 2633 ,
1068 2568 1215 2622 illum
1246 2567 1387 2624 fame
1416 2579 1730 2639 pereuntem
1759 2570 2038 2641 despiciet.

448 2655 613 2711 Vnum
662 2659 845 2728 gloria:
890 2658 1151 2728 cupidus,
1202 2659 1327 2713 dum
1373 2660 1425 2713 in
1470 2660 1704 2720 minimis
1748 2661 2043 2716 videntium

448 2752 895 2806 existimationem
927 2754 1105 2807 venari
1148 2752 1336 2809 doctus
1370 2754 1817 2825 deprehendetur.
1861 2756 2043 2826 Neque

450 2844 590 2896 enim
626 2854 752 2912 puto
779 2844 970 2899 ducem
1000 2844 1071 2900 de
1109 2846 1429 2901 exercitibus
1470 2855 1524 2902 et
1569 2849 1784 2917 tropaeis
1820 2851 1932 2903 suis
1970 2850 2042 2904 ita

438 2934 705 3003 gloriari,
746 2944 801 2990 ut
836 2936 1086 3005 juvenem
1130 2938 1278 2992 illum
1329 2939 1592 3008 perditum
1632 2940 1701 2995 de
1739 2942 2039 2997 calceorum

451 3034 667 3093 ornatu,
698 3026 764 3082 tle
794 3029 1122 3085 vestimentis
1148 3030 1524 3096 defluentibus,
1548 3034 1615 3087 de
1641 3048 1792 3087 coma
1818 3034 2040 3103 capitis:

451 3134 771 3190 quamquam
811 3121 923 3175 hmc
951 3122 1127 3178 omnia
1165 3124 1426 3180 artificum
1454 3127 1679 3181 aliorum
1708 3142 1870 3198 opera
1897 3140 2040 3185 sunt.

438 3210 603 3275 Quod
630 3212 673 3265 si
697 3212 762 3266 de
788 3213 975 3268 alienis
998 3230 1101 3268 non
1132 3215 1382 3270 desinunt
1407 3233 1541 3274 vane
1564 3219 1804 3290 gloriari,
1829 3223 2045 3291 quando

451 3303 527 3371 de
548 3305 659 3358 suis
685 3303 975 3360 desinent?
1002 3306 1117 3360 Alia
1149 3324 1360 3379 quoque
1387 3310 1620 3366 dicerem
1650 3312 1731 3366 his
1755 3314 1999 3383 graviora
2029 3333 2042 3369 :

439 3403 506 3449 at
532 3395 825 3466 luecvobis
853 3398 982 3453 satis
1015 3408 1157 3453 sunt.
1191 3399 1286 3456 llic
1315 3416 1443 3471 ergo
1467 3401 1626 3458 ﬁnem
1652 3404 1836 3458 orandi
1865 3404 2045 3462 facere

448 3488 665 3555 oportet
694 3504 707 3540 :
738 3486 853 3543 hazc
890 3488 1087 3559 quippe
1131 3489 1240 3545 dixi
1279 3502 1463 3547 contra
1510 3495 1909 3564 contentiosos,
1952 3501 2043 3569 qui

455 3580 566 3632 rem
590 3578 736 3663 nihil
781 3580 997 3635 absurdi
1045 3582 1240 3639 habere
1278 3583 1543 3641 dicebant.
1585 3587 1652 3643 Et
1687 3589 1799 3644 scio
1828 3589 2042 3659 quidem

454 3673 649 3735 multos
679 3688 748 3729 ex
784 3674 1074 3744 juvenibus
1098 3692 1166 3731 ne
1195 3676 1351 3733 dictis
1378 3678 1591 3748 quidem
1621 3680 1900 3737 attendere
1922 3724 1936 3749 ,
1972 3683 2043 3739 ita

453 3775 577 3820 sunt
615 3766 747 3821 ebrii
774 3809 787 3833 ,
820 3776 874 3822 et
914 3766 1038 3823 huic
1076 3768 1265 3824 morbo
1293 3769 1488 3825 addicti
1515 3788 1528 3836 ;
1560 3787 1731 3844 neque
1758 3781 1934 3829 tamen
1965 3776 2041 3831 si-

453 3858 668 3913 lendum
705 3867 837 3913 erat.
877 3858 1005 3913 Nam
1042 3870 1219 3930 patres
1248 3872 1425 3917 mente
1448 3864 1565 3918 sani
1592 3905 1608 3930 ,
1655 3864 1801 3935 ipsos
1829 3866 1895 3921 ad
1924 3883 2042 3923 mo-

452 3951 675 4015 destiam
724 3952 980 4009 inducere
1022 3964 1295 4023 poterunt.
1356 3956 1434 4011 Ne
1478 3958 1623 4012 dicas
1664 3958 1859 4029 igitur,
1901 3959 2043 4014 Nihil

456 4043 596 4108 hinc,
631 4043 759 4097 nihil
786 4044 909 4100 inde
936 4044 1014 4117 (a)
1039 4063 1052 4100 :
1077 4046 1179 4101 hoc
1203 4048 1397 4118 quippe
1416 4090 1431 4116 ,
1462 4049 1563 4105 hoc
1589 4052 1765 4105 omnia
1793 4066 2039 4121 pessum-

515 4174 587 4238 (a)
625 4176 809 4249 Dictum
831 4178 893 4226 ab
923 4177 1317 4249 adolescentibus
1353 4180 1475 4249 illis,
1500 4197 1623 4249 quos
1662 4188 1816 4249 carpit
1839 4185 2042 4249 Chryso-

450 4244 653 4296 stomus,
681 4241 765 4301 qui
782 4238 950 4288 luxum
974 4254 1203 4304 magnum
1230 4244 1279 4292 in
1296 4238 1475 4294 calceis
1498 4238 1614 4308 ipsis
1638 4238 1956 4298 exhibebant:

1160 322 1215 375 S.
1245 317 1523 375 JOANNIS
1560 310 2032 372 CHRYSOSTOMI
2076 310 2396 368 ARCIIIEP.
2439 311 2971 369 CONSTANTINOP.

3623 313 3729 370 5N

2137 423 2302 479 dedit.
2334 426 2625 496 Oportebat
2653 427 2797 481 enim
2826 426 2946 481 illos
2978 425 3289 487 instituere.
3316 434 3367 482 et
3395 426 3447 483 in
3473 428 3539 483 iis
3561 467 3577 494 ,
3608 444 3729 499 qua:

2138 516 2357 569 minima
2384 515 2699 570 videbantur
2724 531 2845 572 esse
2870 558 2885 584 ,
2920 516 3175 571 honestos
3210 515 3441 573 reddere
3462 560 3478 585 ,
3511 533 3728 588 magna-

2137 607 2314 661 nimos
2338 650 2352 674 ,
2384 617 2819 663 ornamentorum
2849 616 3283 678 contemptores;
3328 610 3406 664 sic
3434 609 3578 664 enim
3610 610 3729 664 illos

2137 701 2191 755 in
2234 701 2437 770 magnis
2476 705 2632 755 etiam
2667 702 2956 771 prmclaros
2998 716 3384 756 inveniremus.
3415 701 3552 770 Quid
3584 703 3728 756 enim

2137 792 2525 847 elementorum
2554 791 2827 860 disciplina
2856 792 3055 846 vilius?
3084 794 3330 847 Attamen
3363 808 3430 847 ex
3458 808 3518 847 ea
3550 792 3731 847 rheto-

2136 899 2245 951 res,
2268 883 2540 954 sophistae,
2566 894 2617 939 et
2643 885 2942 955 philosophi
2965 885 3215 939 evadunt.
3240 885 3297 940 Si
3322 884 3436 940 tunc
3459 885 3726 955 ignorent,

2137 973 2224 1028 illa
2252 988 2540 1045 numquam
2572 975 2761 1029 scient.
2795 974 2920 1029 Ηωο
2945 984 3121 1030 autem
3153 975 3385 1030 diximus
3414 991 3520 1031 non
3549 975 3729 1045 pueris

2139 1074 2342 1120 tantum
2363 1107 2380 1133 ,
2412 1066 2505 1121 sed
2532 1066 2693 1121 etiam
2720 1066 3029 1122 mulieribus
3055 1075 3108 1122 et
3138 1067 3353 1137 puellis.
3397 1065 3505 1122 Illae
3531 1067 3729 1137 quippe

2137 1168 2263 1214 sunt
2310 1158 2496 1213 iisdem
2545 1159 2790 1214 obnoxia:
2832 1161 3103 1230 peccatis;
3166 1161 3274 1215 imo
3321 1169 3469 1215 tanto
3516 1160 3726 1230 magis,

2138 1261 2339 1321 quanto
2366 1251 2745 1307 modestiorem
2773 1252 2927 1307 decet
2955 1267 3075 1306 esse
3102 1252 3382 1323 virginem.
3413 1252 3542 1318 Qua:
3569 1251 3730 1322 igitur

2138 1346 2245 1403 illis
2279 1347 2417 1402 dicta
2451 1357 2604 1414 sunt,
2636 1350 2784 1403 vobis
2814 1350 2972 1403 ctiam
3010 1348 3149 1404 dicta
3187 1359 3400 1418 putate,
3437 1362 3504 1402 ne
3536 1346 3724 1402 eadem

2139 1449 2462 1509 repetamus.
2508 1441 2640 1495 Nam
2684 1452 2893 1509 tempus
2928 1452 3011 1495 est
3051 1451 3109 1496 ut
3143 1457 3445 1498 sermonem
3480 1440 3728 1513 precibus

2144 1526 2598 1583 claudamusNos
2612 1545 2740 1595 ergo
2757 1528 3040 1581 nobiscutn
3062 1530 3221 1580 simul
3239 1538 3406 1590 orate,
3426 1528 3725 1593 utjuveues

2145 1622 2238 1692 qui
2262 1623 2328 1675 ad
2356 1620 2659 1675 Ecclesiam
2686 1621 2981 1690 pertinent,
3019 1619 3266 1673 modeste
3288 1618 3468 1671 vivere
3487 1616 3727 1671 maxime

2147 1714 2381 1784 possint,
2420 1722 2476 1768 et
2505 1713 2572 1769 ad
2617 1722 2955 1769 senectutem
3001 1709 3388 1767 condecentem
3422 1709 3727 1779 pervenire.

2140 1806 2271 1861 Nam
2298 1806 2376 1860 eis
2399 1806 2487 1876 qui
2531 1822 2639 1862 non
2671 1816 3029 1877 temperanter
3052 1808 3274 1872 vivunt,
3303 1822 3408 1861 non
3435 1805 3726 1877 optandum

2141 1907 2194 1952 ut
2235 1907 2566 1954 senectutem
2596 1909 2984 1970 asscquantur,
3026 1900 3146 1955 illos
3178 1914 3308 1955 vero
3336 1899 3426 1971 qui
3458 1899 3511 1953 in
3537 1898 3729 1968 juven-

2142 1997 2255 2045 tute
2280 2004 2436 2044 senes
2462 1990 2736 2046 imitantur
2757 2035 2774 2059 ,
2807 2006 2997 2061 precor
3021 2002 3314 2047 extremam
3344 1991 3607 2060 attingere
3634 2003 3727 2043 ca-

2142 2071 2347 2150 nitiem,
2367 2092 2422 2138 et
2442 2084 2730 2153 praeclaros
2751 2084 2887 2139 ﬁlios
2908 2085 3144 2155 gignere,
3166 2084 3257 2154 qui
3280 2082 3516 2153 patribus
3534 2082 3729 2153 gaudio

2142 2179 2291 2243 sint,
2338 2179 2391 2232 in
2429 2178 2724 2250 primisque
2764 2178 2877 2234 Deo
2914 2179 3152 2233 omnium
3192 2178 3497 2245 conditori,
3540 2191 3731 2247 precor

2143 2270 2270 2326 item
2311 2281 2371 2325 ut
2411 2270 2657 2325 morbum
2699 2270 2859 2324 animi
2906 2285 3123 2325 omnem
3163 2270 3379 2340 abigat,
3422 2284 3529 2325 non
3569 2269 3731 2323 modo

2143 2379 2265 2418 eum
2296 2362 2387 2433 qui
2417 2363 2470 2417 in
2496 2362 2689 2418 calceis
2714 2371 2768 2418 et
2797 2364 3125 2418 veSIimentis
3154 2362 3571 2431 deprehenditur
3590 2405 3606 2425 ,
3634 2362 3731 2418 sed

2144 2464 2199 2511 et
2240 2456 2400 2510 alium
2448 2471 2858 2526 quemcumque.
2908 2455 3041 2510 Nam
3084 2457 3442 2511 adolescentia
3491 2455 3731 2526 neglecta

2144 2548 2333 2603 similis
2360 2555 2443 2603 est
2470 2547 2682 2602 incultae
2713 2556 2888 2613 terrae,
2917 2563 3036 2619 quae
3068 2547 3263 2601 multas
3294 2548 3524 2618 undique
3549 2548 3731 2618 Spiuas

2144 2643 2328 2712 gignit.
2380 2641 2733 2697 lmmittamus
2771 2657 2896 2713 ergo
2935 2642 3103 2698 sancti
3146 2642 3375 2712 Spiritus
3419 2643 3593 2714 ignem
3621 2685 3637 2709 ,
3679 2653 3731 2700 et

2146 2735 2314 2790 malas
2359 2734 2519 2790 hasce
2557 2734 2873 2805 cupiditates
2904 2750 3150 2800 uramus;
3190 2734 3386 2789 inculta
3414 2750 3539 2790 arva
3568 2751 3734 2791 exco-

2147 2830 2338 2896 lamus,
2359 2840 2417 2883 ut
2435 2844 2618 2884 semen
2642 2829 2847 2899 possint
2866 2828 3167 2897 suscipere;
3191 2838 3245 2885 et
3258 2829 3501 2898 juniores
3523 2839 3734 2884 nostros

2146 2922 2335 2976 alienis
2361 2920 2580 2976 senibus
2618 2920 2968 2990 sapientiores
2996 2919 3364 2975 exbibeamus.
3410 2920 3542 2975 Nam
3572 2920 3735 2975 mira-

2147 3013 2255 3068 bile
2288 3013 2443 3084 plane
2473 3012 2598 3067 illud
2629 3021 2745 3079 est,
2778 3028 2899 3067 cum
2927 3013 2979 3066 in
3012 3012 3290 3081 juventute
3318 3012 3566 3082 splendet
3599 3020 3734 3067 tem-

2150 3108 2389 3179 perantia
2409 3148 2426 3173 ,
2452 3122 2572 3161 cum
2602 3116 2788 3161 contra
2821 3107 2866 3161 is
2886 3148 2899 3172 ,
2929 3106 3015 3175 qui
3048 3108 3100 3161 in
3132 3115 3406 3161 senectute
3432 3115 3736 3176 temperans

2148 3209 2231 3256 cst
2254 3243 2268 3267 ,
2312 3217 2415 3255 non
2458 3201 2529 3255 ita
2570 3215 2815 3271 magnam
2846 3199 3043 3255 referat
3072 3199 3375 3255 mercedem
3396 3241 3411 3265 ,
3446 3199 3535 3269 qui
3565 3198 3737 3252 retatis

2148 3292 2441 3347 subsidium
2464 3290 2676 3346 habeat.
2707 3290 2837 3345 Illud
2865 3300 3041 3345 autem
3069 3291 3259 3344 mirum
3282 3298 3384 3355 est,
3415 3289 3467 3344 in
3489 3288 3737 3345 ﬂuetibus

2149 3385 2528 3457 tranquillitate
2554 3383 2655 3439 frui
2680 3425 2695 3450 ,
2733 3393 2787 3438 et
2818 3382 2871 3437 in
2898 3382 3114 3438 fornace
3140 3397 3245 3437 non
3272 3381 3550 3447 comburi,
3577 3391 3737 3451 atque

2149 3479 2201 3534 in
2223 3479 2501 3549 juventute
2523 3493 2631 3532 non
2660 3477 2924 3531 lascivire.
2950 3475 3073 3530 Haec
3098 3474 3274 3545 itaque
3299 3476 3477 3530 animo
3497 3473 3739 3528 recolen-

2152 3582 2268 3637 tes,
2309 3571 2580 3627 imitemur
2618 3570 2828 3625 beatum
2876 3570 3023 3624 illum
3063 3568 3351 3638 Josephum
3379 3608 3395 3633 ,
3433 3566 3521 3637 qui
3561 3565 3614 3620 in
3654 3564 3737 3619 bis

2149 3665 2396 3722 omnibus
2424 3664 2742 3733 conSpicuus
2766 3661 2886 3728 fuit,
2917 3671 2974 3716 ut
3002 3662 3215 3717 easdem
3243 3674 3376 3731 quas
3400 3659 3487 3713 ille
3512 3671 3736 3713 coronas

2150 3774 2495 3830 assequamur
2524 3776 2538 3812 :
2570 3758 2760 3828 quibus
2790 3758 2988 3810 utinam
3018 3769 3206 3810 omnes
3240 3754 3537 3823 patiamur,
3568 3750 3737 3820 gratia

2150 3860 2204 3908 et
2247 3851 2572 3922 benignitate
2618 3850 2825 3904 Domini
2870 3848 3037 3903 nostri
3075 3847 3201 3903 Jesu
3240 3845 3479 3909 Christi,
3523 3843 3736 3914 quicum

2150 3944 2294 3999 Patri
2318 3944 2485 4015 gloria
2512 3952 2570 3999 et
2594 3943 2751 3998 simul
2778 3942 2997 4013 Spiritui
3024 3951 3228 4008 sancto,
3256 3955 3397 3995 nunc
3423 3947 3479 3995 et
3502 3952 3737 4009 semper,

2149 4049 2201 4093 ct
2238 4039 2289 4091 in
2319 4037 2513 4092 saecula
2544 4036 2878 4091 surculorum.
2909 4036 3095 4089 Amen.

452 4379 3725 4408 W

1684 4521 2027 4584 HOMILIA
2077 4523 2149 4584 L.
2182 4520 2268 4583 al.
2302 4520 2403 4580 LI.

452 4684 578 4738 CAP.
621 4685 708 4738 Η.
758 4701 809 4737 v.
852 4685 942 4741 2'5.
978 4683 1049 4739 Et
1087 4686 1297 4741 dimissa
1337 4688 1504 4754 turba,
1536 4689 1759 4744 ascendit
1797 4690 1851 4744 in
1899 4707 2043 4745 mon-

523 4787 619 4829 tem
648 4777 786 4831 solus
813 4794 978 4831 orare.
1014 4776 1232 4848 Vespere
1260 4789 1427 4833 autent
1457 4783 1613 4851 facta,
1644 4782 1783 4836 salus
1816 4793 1923 4835 erat
1950 4782 2040 4837 ibi.

520 4867 610 4921 24.
646 4866 902 4922 Ναυὶειιια
930 4879 1098 4923 autent
1137 4870 1253 4939 jam
1292 4871 1344 4923 in
1391 4872 1554 4926 medio
1584 4873 1713 4925 mari
1751 4873 2043 4943 jacmbatur

521 4959 759 5028 ﬂuctibus
789 4977 808 5013 :
837 4971 944 5015 erat
976 4962 1107 5016 enim
1128 4964 1411 5017 contrarius
1441 4974 1631 5017 ventus.

524 5053 574 5105 1.
608 5051 847 5107 Solitudo
874 5054 1254 5124 tranquillitatis
1294 5066 1469 5111 mater.
1500 5087 1572 5097 —
1591 5056 1700 5113 Cur
1726 5059 1775 5112 in
1804 5069 2040 5115 montem

452 5145 727 5199 ascendit?
769 5146 838 5200 Ut
865 5161 961 5202 nos
987 5147 1197 5214 doceat,
1233 5147 1572 5204 commodum
1600 5164 1720 5205 esse
1745 5150 2039 5218 desertum,

452 5235 787 5289 commodam
817 5236 1180 5304 solitudinem,
1211 5253 1332 5293 cum
1360 5239 1469 5294 Deo
1495 5240 1899 5311 supplicandum
1939 5252 2040 5297 est.

452 5325 577 5382 Ideo
603 5342 745 5396 saepe
773 5327 993 5385 deserta,
1029 5330 1179 5397 petit,
1225 5329 1403 5401 ibique
1442 5341 1716 5400 pernoctat
1759 5347 1939 5402 orans,
1987 5345 2045 5389 ut

453 5434 551 5473 nos
579 5428 816 5478 moneat.
847 5428 903 5473 et
942 5427 1151 5489 tempus
1188 5429 1241 5475 et
1277 5420 1448 5476 locum
1491 5422 1556 5476 ad
1597 5425 1878 5494 tranquille
1918 5440 2042 5494 prc-

453 5512 679 5566 eandem
703 5524 1057 5581 opportunum
1085 5528 1204 5567 esse
1232 5513 1600 5582 quaerendum.
1632 5516 1875 5571 Solitudo
1899 5518 2043 5572 enim

453 5605 847 5675 tranquillitatis
888 5614 1059 5659 mater
1089 5614 1191 5671 est,
1224 5606 1525 5675 quietisque
1561 5608 1861 5675 portus.rab
1897 5609 2043 5662 omni

456 5711 551 5752 nos
583 5698 808 5750 tumultu
832 5696 1082 5754 liberans.
1117 5695 1207 5749 llic
1236 5696 1449 5766 quidem
1495 5696 1576 5750 his
1606 5695 1677 5751 de
1715 5700 1890 5751 causis
1921 5698 2045 5752 illuc

456 5790 692 5845 ascendit
724 5809 735 5843 :
766 5790 1008 5861 discipuli
1055 5806 1180 5845 vero
1223 5804 1432 5845 rursum
1471 5789 1716 5845 fluctibus
1754 5791 2038 5861 agitantur,

2148 4697 2204 4744 et
2229 4695 2545 4755 tempestate
2582 4693 2642 4739 ut
2671 4693 2796 4739 ante
2834 4685 3122 4755 jactantur.
3167 4682 3275 4737 Sed
3321 4692 3447 4737 tunc
3492 4683 3641 4738 illum
3687 4681 3739 4735 iu

2146 4782 2387 4837 navicula
2423 4781 2679 4835 habentes
2706 4779 2822 4834 haec
2852 4777 3215 4848 patiebantur;
3259 4792 3400 4831 nunc
3425 4787 3600 4832 autem
3641 4779 3739 4833 soli

2148 4885 2273 4927 sunt
2299 4883 2352 4927 ct
2377 4872 2601 4927 seorsim
2629 4869 2808 4941 positi.
2857 4869 3065 4924 Etenim
3099 4868 3217 4922 illos
3258 4866 3512 4938 paulatim
3552 4879 3604 4923 et
3646 4885 3741 4940 per

2144 4968 2342 5036 gradus
2392 4965 2457 5021 ad
2499 4964 2699 5035 majora
2744 4962 2962 5025 inducit,
2991 4970 3050 5016 ut
3077 4961 3255 5016 omnia
3299 4960 3506 5016 fortiter
3545 4960 3736 5017 ferant.

2148 5060 2369 5121 Idcirco,
2399 5073 2519 5113 cum
2566 5054 2909 5126 periclitaturi
2940 5054 3170 5124 primum
3208 5064 3380 5120 erant,
3408 5053 3595 5108 aderat
3619 5055 3740 5123 qui-
3766 5056 3769 5057 ⁷

2146 5152 2292 5217 dem,
2322 5149 2414 5205 scd
2437 5148 2756 5212 dormiebat,
2790 5157 2847 5200 ut
2866 5154 3062 5217 prtcsto
3081 5156 3224 5201 esset
3242 5144 3306 5200 ad
3327 5144 3581 5200 auxilium
3606 5160 3741 5216 pra:-

2147 5241 2395 5298 standum
2433 5258 2445 5293 :
2478 5254 2619 5294 nunc
2648 5254 2774 5293 vero
2805 5246 2862 5292 ut
2904 5236 3092 5306 majori
3134 5236 3253 5290 illos
3295 5235 3549 5306 patientia
3580 5250 3740 5291 exer-

2146 5343 2285 5399 ceat,
2339 5347 2443 5387 non
2493 5331 2543 5385 id
2601 5330 2757 5396 facit,
2807 5329 2900 5383 sed
2947 5327 3133 5391 abest,
3193 5338 3246 5382 et
3286 5329 3337 5381 in
3386 5325 3565 5383 medio
3603 5327 3740 5382 mari

2148 5418 2408 5492 permittit
2431 5429 2803 5491 tempestatem
2834 5420 3076 5485 excitari,
3108 5428 3164 5473 ut
3186 5418 3326 5473 nulla
3363 5417 3473 5474 fere
3502 5433 3625 5489 spes
3648 5433 3739 5473 sa-

2148 5515 2272 5569 lutis
2298 5522 2626 5584 superesset,
2660 5522 2715 5568 et
2740 5521 2846 5567 tota
2874 5521 3034 5566 nocte
3065 5510 3187 5565 sinit
3227 5526 3321 5565 eos
3352 5508 3602 5564 ﬁuctibus
3629 5510 3741 5580 agi-

2148 5608 2269 5672 tari,
2305 5616 2364 5660 ut
2390 5621 2597 5671 eorum,
2629 5613 2776 5673 puto,
2809 5612 3134 5659 excaecatum
3174 5616 3268 5656 cor
3304 5600 3567 5655 incitaret.
3596 5599 3741 5654 Talis

2147 5698 2341 5767 quippe
2366 5712 2452 5752 res
2472 5704 2555 5751 est
2587 5698 2765 5762 timor,
2794 5710 2954 5766 quem
2982 5704 3036 5749 et
3062 5702 3349 5763 tempestas
3376 5700 3432 5748 et
3470 5707 3573 5746 nox
3606 5690 3742 5745 inlc-

2146 5788 2509 5845 rt-imnt.Cum
2555 5788 2961 5860 compunctione
2996 5796 3174 5841 autem
3216 5785 3301 5840 illa
3347 5784 3426 5839 sui
3471 5779 3747 5838 desidctio
