4108 6376
346 349 453 407 505

346 465 561 537 πρῶτον
594 462 927 518 κινδυνεύειν
967 461 1214 532 ἔμελλον,
1261 462 1444 533 παρῆν
1479 462 1600 534 μὲν,
1654 462 1909 517 ἐκάθευδε
1942 463 2021 527 δὲ,

344 554 485 609 ὥστε
508 552 564 618 ἐξ
599 552 815 621 ἑτοίμου
850 549 1032 603 δοῦναι
1059 550 1157 620 τὴν
1188 550 1544 620 παραμυθίαν
1566 550 1750 614 αὐτοῖς
1772 568 1784 580 ·
1827 553 1944 604 νυνὶ
1967 552 2023 604 δὲ

342 640 435 693 ἐπὶ
482 640 703 710 μείζονα
742 639 890 707 ἄγων
934 638 1131 700 αὐτοὺς
1157 637 1455 708 ὑπομονὴν,
1502 638 1622 690 οὐδὲ
1666 638 1823 691 τοῦτο
1855 641 2022 703 ποιεῖ,

339 727 457 782 ἀλλ’
496 729 705 790 ἄπεισι,
750 728 844 781 καὶ
873 728 943 779 ἐν
978 726 1122 797 μέσῃ
1177 724 1420 796 θαλάσσῃ
1466 728 1742 797 συγχωρεῖ
1782 727 1876 779 τὸν
1912 744 2026 798 χειο

343 816 498 887 μῶνα
536 814 900 885 διεγερθῆναι,
941 813 1017 876 ὡς
1060 812 1195 883 μηδὲ
1232 814 1600 885 προσδοκῆσαί
1640 815 1805 868 ποθεν
1835 815 2025 869 ἐλπίδα

346 906 641 974 σωτηρίας,
675 904 769 956 καὶ
797 903 924 972 ὃλην
949 903 1051 971 τὴν
1078 901 1251 954 νύκτα
1284 900 1509 971 ἀφίησιν
1536 903 1735 966 αὐτοὺς
1762 904 1992 957 κλυδωνί
2009 937 2021 944 -

338 990 551 1053 ζεσθαι,
582 989 866 1058 διεγείρων
890 985 1041 1057 [514]
1062 986 1263 1047 αὐτῶν,
1291 985 1367 1049 ὡς
1395 981 1572 1056 οἶμαι⁹
1607 988 2024 1059 πεπωρωμένην

340 1073 437 1145 τὴν
486 1072 735 1143 καρδίαν.
778 1070 889 1122 Kal
923 1070 1032 1140 γὰρ
1069 1068 1309 1121 τοιοῦτον
1348 1069 1377 1120 0
1417 1068 1600 1139 φόϐος,
1646 1070 1707 1123 ὃν
1753 1070 1891 1141 μετά
1927 1071 2024 1124 τοῦ

340 1156 607 1227 χειμῶνος
642 1154 736 1208 καὶ
769 1155 797 1206 0
830 1153 1019 1223 καιρὸς
1053 1154 1215 1205 ποιεῖ.
1263 1152 1415 1204 Μετά
1455 1152 1511 1206 δὲ
1543 1154 1641 1222 τῆς
1682 1155 2024 1219 κατανύξεως

330 1240 437 1292 καὶ
480 1241 561 1302 εἰς
608 1237 900 1308 ἐπιθυμίαν
955 1236 1173 1305 μείζονα
1208 1235 1404 1299 αὐτοὺς
1436 1235 1655 1289 ἐνέϐαλε
1698 1238 1797 1307 τὴν
1835 1237 2024 1301 αὐτοῦ,

338 1324 438 1375 οιαὶ
505 1323 585 1384 εἰς
647 1322 867 1391 μνήμην
910 1319 1155 1389 διηνεκῆ.
1211 1318 1311 1371 Διὰ
1361 1318 1425 1389 δὴ
1477 1318 1630 1372 τοῦτο
1664 1320 1766 1372 οὐκ
1824 1320 2026 1384 εὐθέως

342 1406 524 1467 αὐτοῖς
575 1403 813 1474 ἐπέστη’
880 1401 1131 1469 Τετάρτῃ
1184 1400 1294 1470 γὰρ
1356 1399 1623 1469 φυλακῇ,
1694 1402 1850 1473 φησὶ,
1914 1401 2026 1471 τῆς

339 1487 561 1551 νυκτὸς
589 1481 738 1556 ἦλθε
762 1484 913 1554 πρὸς
931 1484 1154 1549 αὐτοὺς
1184 1483 1525 1549 περιπατῶν
1544 1484 1642 1537 ἐπὶ
1667 1480 1776 1553 τῆς
1798 1483 2025 1541 θαλάσ-

340 1588 458 1640 σης
479 1589 493 1602 ·
534 1570 806 1624 παιδεύων
835 1564 1032 1632 αὐτοὺς
1062 1569 1137 1640 μὴ
1177 1570 1387 1639 ταχέως
1435 1569 1585 1622 λύσιν
1613 1569 1891 1641 ἐπιζητεῖν
1915 1572 2024 1625 τῶν

342 1654 674 1725 συνεχόντων
707 1653 916 1717 δεινῶν,
957 1653 1093 1706 ἀλλά
1134 1652 1321 1723 φέρειν
1372 1652 1441 1704 τά
1487 1655 1869 1723 συμπίπτοντα
1907 1671 2021 1723 γεν·

341 1738 527 1801 ναίως.
559 1737 690 1791 Ὅτε
738 1736 868 1805 γοῦν
908 1736 1317 1809 προσεδόκησαν
1358 1736 1867 1807 ἀπαλλαγήσεσθαι,
1900 1738 2021 1791 τότε

339 1822 578 1891 ἐπετάθη
608 1821 771 1873 πάλιν
798 1823 825 1873 ὁ
861 1822 1041 1889 φόϐος.
1096 1820 1342 1885 Ἰδόντες
1366 1819 1474 1889 γὰρ
1511 1821 1717 1882 αὑτὸν,
1763 1822 1945 1892 φησὶν,
1970 1825 2024 1874 οἱ

334 1906 591 1976 μαθηταὶ
609 1904 1051 1971 περιπατοῦντα
1074 1905 1171 1955 ἐπὶ
1197 1902 1307 1969 τῆς
1328 1903 1670 1969 θαλάσσης,
1702 1902 2025 1972 ἐταράχθη-

339 2006 480 2051 σαν,
516 1987 801 2057 λέγοντες
832 1986 1155 2055 φάντασμα
1183 1978 1359 2048 εἶναι,
1402 1985 1503 2038 καὶ
1549 1986 1669 2039 ἀπὸ
1698 1986 1804 2040 τοῦ
1834 1986 2022 2055 φόϐου

339 2072 623 2139 ἔκραξαν.
681 2071 790 2123 Kal
840 2070 948 2141 γὰρ
980 2071 1066 2123 ἀεὶ
1094 2069 1250 2122 τοῦτο
1290 2070 1467 2121 ποιεῖ’
1514 2070 1643 2122 ὅταν
1683 2068 1853 2142 μέλλῃ
1875 2070 2024 2125 λύειν

338 2157 408 2209 τὰ
434 2156 605 2219 δεινὰ,
638 2155 803 2225 ἔτερα
824 2153 1183 2224 χαλεπώτερα
1217 2154 1415 2222 ἐπάγει
1454 2154 1549 2207 καὶ
1577 2154 1959 2225 φοϐερώτερα·
1995 2157 2025 2209 ὃ

338 2241 403 2311 δὴ
437 2241 530 2293 καὶ
556 2239 676 2292 τότε
708 2238 928 2308 συνέϐη.
964 2239 1119 2290 Μετὰ
1147 2238 1256 2309 γὰρ
1284 2237 1376 2290 τοῦ
1410 2237 1678 2308 χειμῶνος
1712 2240 1804 2291 καὶ
1842 2240 1877 2309 ἡ
1901 2238 2024 2308 ὄψις

340 2326 538 2387 αὐτοὺς
579 2324 880 2395 ἐθορύϐησε
914 2322 1007 2375 τοῦ
1055 2322 1323 2393 χειμῶνος
1357 2322 1456 2392 οὐχ
1496 2317 1678 2392 ἦττον.
1728 2322 1826 2375 Διά
1865 2322 2023 2375 τοῦτο

338 2408 459 2462 ούδέ
500 2408 561 2461 τὸ
611 2408 798 2470 σκότος
864 2406 1073 2471 ἔλυσεν,
1130 2406 1249 2458 οὐδὲ
1294 2404 1525 2475 φανερὸν
1573 2405 1765 2458 ἑαυτὸν
1820 2405 2023 2470 εὐθέως

339 2492 617 2564 ἐποίησεν,
653 2490 892 2559 ἀλείφων
917 2491 1134 2553 αὐτοὺς,
1180 2490 1315 2560 ὅπερ
1355 2487 1530 2553 εἶπον,
1567 2492 1625 2543 ἐν
1656 2493 1726 2561 τῇ
1773 2490 2024 2563 συνεχείᾳ

338 2576 449 2630 τῶν
487 2574 669 2643 φόϐων
707 2572 936 2633 τούτων,
988 2573 1082 2625 καὶ
1133 2572 1404 2626 παιδεύων
1453 2569 1592 2625 εῖναι
1639 2573 2019 2645 καρτερικούς.

339 2658 511 2712 T0610
542 2658 636 2711 καλ⁵
663 2658 757 2709 ἐπὶ
798 2656 891 2708 τοῦ
928 2655 1048 2708 Ἰὼϐ
1078 2656 1355 2725 ἐποίησεν·
1395 2657 1482 2709 ὅτε
1512 2656 1621 2728 γὰρ
1652 2656 1842 2725 ἔμελλε
1876 2657 2022 2711 λύειν

338 2740 454 2813 [τὸν
494 2742 658 2811 φόϐον
700 2739 876 2809 καὶ¹¹³Ι
917 2740 1007 2792 τὸν
1050 2740 1379 2809 πειρασμὸν.
1418 2740 1541 2793 τότε
1570 2741 1630 2793 τὸ
1667 2740 1820 2804 τέλος
1866 2740 2024 2810 χαλε-

340 2823 586 2892 πώτερον
608 2825 759 2876 εἴασε
784 2822 1036 2890 γενέσθαι
1064 2839 1076 2852 ο
1109 2824 1170 2875 06
1194 2822 1282 2876 διὰ
1301 2823 1393 2875 τὸν
1417 2823 1526 2875 τῶν
1558 2822 1766 2877 παίδων
1789 2824 2020 2877 θάνατον

339 2906 503 2974 λέγω,
530 2905 625 2958 καὶ
647 2905 715 2957 τὰ
750 2904 969 2974 ῥήματα
998 2904 1098 2971 τῆς
1129 2904 1409 2972 γυναικὸς.
1442 2902 1580 2955 άλλά
1614 2903 1703 2957 διὰ
1736 2903 1807 2956 τὰ
1841 2903 2020 2969 ὀνείδη

338 2989 406 3042 τά
448 2988 554 3040 τῶν
599 2987 859 3046 οἰκετῶν,
899 2990 967 3039 τὰ
1003 2986 1111 3039 τῶν
1166 2987 1353 3054 φίλων.
1402 2989 1510 3039 Καὶ
1551 2988 1641 3039 ὅτε
1681 2987 1774 3039 τὸν
1824 2987 2016 3039 Ἰακὼϐ

338 3071 665 3143 ἐξαρπάζειν
701 3071 890 3140 ἔμελλε
922 3071 1023 3140 τῆς
1067 3073 1123 3123 ἐν
1157 3074 1222 3142 τῇ
1269 3070 1393 3142 ξένῃ
1422 3071 1813 3143 ταλαιπωρίας,
1836 3073 2017 3143 ἀφῆκε

336 3154 683 3225 διεγερθῆναι
712 3155 804 3207 καὶ
831 3154 1053 3223 μείζονα
1076 3153 1330 3221 γενέσθαι
1355 3153 1447 3207 τὸν
1477 3153 1726 3226 θόρυϐον.
1777 3156 1885 3208 Kal
1909 3158 2016 3225 γὰρ

338 3239 366 3290 0
391 3237 655 3309 κηδεστὴς
688 3233 1013 3289 καταλαϐὼν
1045 3235 1274 3287 θάνατον
1314 3235 1547 3303 ὴπείλει.
1587 3238 1682 3289 καὶ
1719 3240 1838 3306 μετ’
1871 3240 2017 3291 ἐκεῖ-

336 3337 426 3373 νον
449 3320 494 3352 ⁸⁸
521 3322 549 3373 ὁ
581 3319 806 3388 ἀδελφὸς
829 3318 1168 3388 διαδέχεσθαι
1194 3318 1423 3387 μέλλων,
1454 3320 1544 3371 τὸν
1578 3319 1706 3391 περὶ
1724 3320 1832 3373 τῶν
1858 3323 2019 3391 ἐσχά-

336 3422 445 3458 των
478 3404 829 3475 ἐπεκρέμασε
857 3402 1123 3455 κίνδυνον.
1168 3402 1387 3471 Ἐπειδὴ
1427 3402 1537 3474 γὰρ
1583 3405 1683 3456 οὐκ
1712 3403 1789 3457 ἔνι
1830 3406 1925 3458 καὶ⁹
1959 3409 2016 3459 ὲν

336 3488 536 3559 μακρῷ
566 3487 744 3559 χρόνῳ
773 3486 864 3539 καὶ
896 3485 1142 3555 σφοδρῶς
1170 3486 1550 3555 πειράζεσθαι,
1583 3488 1712 3540 ὅταν
1746 3489 2014 3559 μέλλωσιν

319 3576 609 3629 ,ἐκϐαίνειν
655 3576 779 3637 τοὺς
830 3573 1047 3641 ἀγῶνας
1097 3574 1147 3624 οί
1192 3572 1411 3635 δίκαιοι,
1448 3574 1770 3644 βουλόμενος
1820 3577 2017 3641 αὐτοὺς

338 3659 499 3711 πλέον
544 3658 869 3729 κερδαίνειν,
920 3656 1181 3710 ἐπιτείνει
1229 3656 1298 3708 τά
1336 3659 1632 3728 γυμνάσια.
1689 3661 1754 3712 Ὃ
1794 3661 1889 3713 καὶ
1924 3662 2018 3713 ἐπὶ

334 3742 432 3796 τοῦ
470 3741 721 3811 Ἀϐραὰμ
749 3740 994 3810 ἐποίησε,
1030 3741 1120 3793 τὸν
1148 3739 1191 3770 ³⁸
1220 3739 1445 3810 ἔσχατον
1478 3738 1638 3795 ἆθλον
1663 3742 1754 3795 τὸν
1779 3742 1873 3796 τοῦ
1901 3763 2019 3798 παι-

336 3829 426 3892 δὸς
482 3829 612 3891 θείς.
675 3827 833 3881 Οὕτω
867 3829 976 3898 γὰρ
1007 3827 1098 3879 καὶ
1141 3828 1351 3897 φορητά
1404 3827 1555 3880 ἔσται
1612 3828 1681 3881 τά
1745 3830 2015 3900 ἀφόρητα,

337 3919 467 3970 ὃταν
499 3918 591 3969 ἐπὶ
646 3915 839 3987 θύραις
883 3917 1156 3985 ἐπάγηται
1211 3916 1379 3983 ἐγγὺς
1438 3916 1626 3985 ἔχοντα
1674 3916 1771 3989 τὴν
1837 3918 2013 3972 ἀπαλ-

338 4001 529 4069 λαγήν.
580 3999 750 4052 Τοῦτο
806 3999 870 4067 δὴ
922 4000 1016 4050 καὶ
1049 3999 1168 4050 τότε
1218 4000 1460 4068 ἐποίησε,
1510 4002 1603 4052 καὶ
1637 4001 1697 4053 06
1752 4002 2017 4072 πρότερον

338 4083 689 4151 ἀπεκάλυψεν
750 4081 941 4134 ἑαυτὸν
1002 4083 1032 4133 0
1094 4082 1360 4153 Χριστὸς,
1418 4084 1523 4147 ἕως
1589 4084 1678 4137 ὅτε
1753 4085 2014 4156 ἔκραξαν.

342 4168 493 4236 ’Ὀσῳ
522 4166 631 4236 γὰρ
675 4164 987 4217 ἐπετείνετο
1016 4164 1085 4217 τὰ
1126 4165 1226 4235 τῆς
1254 4166 1516 4231 ἀγωνίας,
1546 4167 1783 4239 τοσούτῳ
1816 4169 2015 4239 μᾶλλον

339 4251 632 4321 ἠσμένιζον
683 4250 796 4291 “-“
851 4248 1015 4302 αὐτοῦ
1065 4251 1161 4320 τὴν
1211 4247 1532 4319 παρουσίαν.
1592 4244 1765 4316 Εἶτα,
1826 4253 2015 4324 ἐπειδὴ

339 4336 596 4406 ἐϐόησαν,
646 4333 831 4403 φησὶν,
890 4331 1127 4398 Εὐθέως
1201 4332 1510 4400 ἐλάλησεν
1558 4335 1764 4399 αὐτοῖς
1822 4338 1855 4389 ό
1911 4338 2015 4405 ’1η-

338 4418 490 4482 σοῦς
549 4416 743 4486 λέγων
772 4431 785 4444 ·
846 4417 1148 4483 Θαρσεῖτε,
1202 4417 1317 4487 ἐγώ
1360 4419 1478 4485 εἰμι
1504 4434 1517 4447 ·
1563 4417 1651 4487 μὴ
1710 4419 2010 4487 φοϐεῖσθε.

336 4498 507 4555 Τοῦτο
539 4500 600 4552 τὸ
638 4499 792 4571 ῥῆμα
841 4499 932 4551 τὸν
966 4498 1130 4567 φόϐον
1181 4500 1359 4561 ἔλυσε,
1411 4501 1507 4554 καὶ
1561 4501 1832 4573 θαρρῆσαι
1872 4520 2015 4576 παρ-

336 4584 652 4638 εσκεύασεν.
697 4583 914 4654 Ἐπειδὴ
936 4583 1044 4654 γὰρ
1075 4583 1183 4636 ἀπὸ
1211 4584 1310 4653 τῆς
1351 4584 1528 4655 ὄψεως
1575 4586 1735 4640 αὑτὸν
1759 4588 1859 4641 ούκ
1903 4589 2015 4657 ἐγί-

337 4684 564 4730 νωσκον,
614 4666 707 4720 καὶ
759 4666 848 4719 διὰ
900 4665 962 4719 τὺ
1002 4667 1305 4737 παράδοξον
1345 4670 1443 4737 τῆς
1490 4669 1749 4738 βαδίσεως
1784 4672 1878 4723 καὶ
1925 4673 2014 4726 διὰ

336 4753 426 4805 τὸν
461 4752 675 4823 καιρὸν,
720 4751 828 4805 ἀπὸ
858 4750 961 4819 τῆς
992 4752 1177 4821 φωνῆς
1209 4751 1365 4822 δῆλον
1406 4752 1598 4806 ἑαυτὸν
1628 4754 1789 4810 ποιεῖ.
1822 4754 1887 4807 Τί
1926 4752 2019 4810 οὖν

337 4836 366 4889 0
394 4837 618 4906 Πέτρος,
666 4837 695 4889 ὁ
744 4834 1022 4905 πανταχοῦ
1066 4833 1268 4905 θερμὸς
1303 4834 1398 4888 καὶ
1427 4836 1516 4889 ἀεὶ⁹
1540 4836 1647 4889 τῶν
1670 4837 1846 4891 ἄλλων
1885 4856 2012 4910 προ-

338 4919 559 4988 πηδῶν;
590 4919 788 4985 Κύριε,
813 4921 866 4971 εὶ
886 4918 968 4971 σὺ
1001 4912 1075 4981 εἴ,
1112 4917 1271 4988 φησὶ,
1316 4917 1616 4973 κέλευσόν
1644 4937 1722 4990 με
1761 4920 1912 4989 πρὸς
1941 4923 2017 4976 σὲ

334 5002 535 5055 ἐλθεῖν
556 5002 651 5053 ἐπὶ
673 5001 745 5054 τὰ
765 5001 973 5055 ὕδατα.
1001 5003 1115 5055 Οὐκ
1136 4997 1481 5066 είπεν,Εὖξαι
1503 5003 1596 5056 καὶ
1615 5004 2016 5074 παρακάλεσον,

336 5086 491 5150 ἀλλὰ,
534 5084 862 5139 Κέλευσον.
906 5081 1061 5149 Εἶδες
1102 5085 1243 5156 πόση
1287 5086 1321 5157 ἡ
1364 5085 1672 5158 θερμότης;
1698 5087 1836 5160 πόση
1866 5091 1900 5159 ή
1928 5090 2017 5143 πί-

338 5187 483 5236 στις;
533 5170 787 5236 Καίτοιγε
822 5170 887 5222 ἐκ
926 5169 1116 5223 τούτου
1161 5169 1428 5240 πολλαχοῦ
1474 5170 1793 5236 κινδυνεύει,
1824 5174 1889 5227 ἐκ
1916 5173 2008 5227 τοῦ

336 5252 477 5325 πέρα
507 5252 603 5305 τοῦ
654 5252 853 5323 μέτρου
895 5249 1098 5317 ζητεῖν.
1136 5253 1245 5306 Kal
1287 5252 1397 5323 γὰρ
1446 5255 1540 5307 καὶ
1584 5254 1821 5309 ἐνταῦθα
1874 5257 2008 5310 πολὺ

339 5337 480 5407 μέγα
494 5337 750 5407 ἐζήτησε,
768 5334 1068 5406 δι’ἀγάπην
1088 5336 1267 5405 μόνον,
1288 5338 1350 5389 06
1368 5336 1434 5389 δι’
1450 5338 1725 5404 ἐπίδειξιν.
1749 5339 1885 5394 Οὐδὲ
1903 5342 2012 5412 γὰρ

336 5417 477 5483 εἷπε,
509 5417 781 5473 Κέλευσὸν
812 5434 878 5489 με
912 5418 1127 5488 βαδίσαι
1153 5421 1245 5472 ἐπὶ
1262 5421 1333 5473 τά
1370 5420 1539 5475 ὕδατα
1561 5440 1574 5452 ·
1604 5423 1896 5497 ἀλλὰβίῑὶ]
1921 5426 2009 5490 τίς

336 5502 647 5557 Κέλευσόν
683 5519 760 5571 με
787 5501 986 5556 ἐλθεῖν
1009 5502 1159 5569 πρὸς
1187 5504 1281 5557 σέ.
1325 5504 1515 5568 Οὐδεὶς
1546 5506 1654 5577 γὰρ
1691 5506 1863 5572 οὕτως
1894 5511 2014 5579 ἐφί-

335 5585 415 5639 λει
436 5588 525 5641 τὸν
563 5589 795 5659 Ἰησοῦν.
852 5587 1025 5641 Τοῦτο
1055 5588 1146 5642 καὶ
1187 5587 1327 5659 μετά
1374 5588 1472 5660 τὴν
1501 5590 1796 5644 ἀνάστασιν
1825 5594 2015 5665 ἐποίη-

405 5767 612 5857 "Q1133
667 5770 1025 5857 inclgsimqs,
1066 5787 1175 5857 pop
1227 5773 1535 5857 _e.xs.ta‘nt‘in
1583 5772 1750 5857 Κεφ.
1792 5773 1867 5857 Μἱ
1900 5793 2003 5857 nep
2032 5780 2097 5857 jn
2124 5780 2247 5857 _su§s
2307 5780 2563 5857 Ιεςςειίιιιγῑ⁸
2593 5784 2946 5857 Interpretes.
3024 5789 3143 5831 ἐδ-θ’
3168 5790 3255 5847 Sic
3289 5791 3356 5847 Π.
3404 5792 3465 5848 L.
3495 5792 3538 5847 E

333 5839 712 5928 ἠσμεδίξεντεέι
783 5845 828 5875 ⁹¹
856 5841 1145 5915 ὲτέέέτρ-ειῐκε]
1175 5844 1297 5928 39d.-
1316 5843 1523 5928 διάξὴν
1552 5846 1909 5928 Ἶῖλέἤνέτρδὲ
1930 5849 2089 5928 αὐτὸν
2110 5839 2421 5928 εγᾴπηγῦέ

338 5927 427 5963 ται
455 5910 519 5964 G.
560 5911 623 5966 K.
670 5913 736 5965 Μ.

340 5981 514 6037 media
545 5999 599 6053 p.
626 5983 747 6037 518.
807 5981 863 6016 ί⁹⁶
890 5981 1215 6056 προελθόντα
1245 5984 1379 6040 Edd.

1156 349 1221 403 VS.
1262 348 1548 403 JOANNlS
1590 328 2070 403 CHRYSOSTOM
2112 341 2433 401 ARCIIIEP.
2474 346 3024 405 CONSTANTINOP.

3696 336 3801 397 5'06

2127 479 2255 518 σεν’
2324 465 2425 519 οὐκ
2481 464 2735 536 ἠνέσχετο
2798 462 2934 535 μετὰ
2989 460 3095 515 τῶν
3157 459 3332 514 ἄλλων
3394 456 3569 513 ἐλθεῖν
3595 505 3609 528 ,
3668 465 3803 520 ἀλλᾶ

2125 549 2526 619 προεπήδησεν.
2569 549 2645 601 O6
2678 547 2776 619 τὴν
2808 547 3030 615 ἀγάπην
3072 544 3128 596 δὲ
3161 544 3341 615 μόνον,
3383 545 3519 599 ἀλλά
3566 551 3661 602 καὶ
3701 552 3802 619 τὴν

2126 633 2307 685 πίστιν
2327 631 2715 684 ἐπιδείκνυται.
2771 631 2845 681 O6
2895 630 3007 698 γὰρ
3032 627 3191 696 μόνον
3224 628 3565 693 ἐπίστευσεν,
3602 632 3684 684 ὅτι
3712 634 3802 684 a6-

2125 716 2214 779 τὸς
2272 716 2488 769 δύναται
2532 715 2853 785 περιπατεῖν
2882 712 2977 764 ἐπὶ
3006 712 3106 779 τῆς
3131 710 3429 781 θαλάσσης,
3458 712 3573 766 ἀλλ’
3594 716 3676 768 δτι
3708 718 3803 770 καὶ

2127 801 2346 869 ἐτέρους
2369 800 2583 865 ἐνάγειν
2651 799 2747 850 καὶ
2778 794 3039 864 ἐπιθυμεῖ
3059 793 3273 863 ταχέως
3302 794 3471 861 ἐγγὺς
3509 795 3676 849 αὑτοῦ
3710 816 3802 866 γε-

2126 881 2331 934 νέσθαι.
2371 881 2434 933 '0
2461 881 2530 933 δὲ
2577 875 2767 939 εἷπεν,
2819 875 3013 931 Ἐλθέ.
3075 876 3182 929 Καὶ
3234 875 3497 941 καταϐὰς
3536 877 3654 931 ἀπὸ
3696 880 3803 933 τοῦ

2125 964 2342 1018 πλοίου
2370 967 2402 1018 ό
2433 963 2674 1032 Πέτρος,
2710 958 3149 1030 περιεπάτησεν
3191 958 3291 1011 ἐπὶ
3322 963 3395 1012 τὰ
3440 959 3650 1024 ὕδατα,
3704 964 3805 1017 καί

2123 1043 2273 1115 ἦλθε
2332 1047 2483 1116 πρὸς
2540 1048 2648 1099 τὸν
2699 1044 2955 1112 Ἰησοῦν.
3004 1042 3257 1096 Βλέπων
3307 1042 3375 1095 δὲ
3416 1043 3523 1097 τὸν
3582 1046 3801 1114 ἄνεμον

2127 1134 2403 1201 ἰσχυρὸν,
2435 1130 2721 1200 ἐφοϐήθη,
2746 1130 2843 1184 καί
2876 1127 3214 1197 ἀρξάμενος
3251 1127 3801 1193 καταποντίζεσθαι,

2124 1215 2339 1283 ἐκραξε
2358 1215 2571 1284 λέγων·
2604 1215 2803 1282 Κύριε,
2833 1210 3040 1265 σῶσόν
3072 1227 3172 1279 με.
3217 1210 3452 1275 Εὐθέως
3508 1211 3576 1264 δὲ
3619 1216 3652 1266 ό
3696 1214 3800 1280 ’1η-

2124 1299 2278 1363 σοῦς
2313 1298 2586 1364 ἐκτείνας
2613 1296 2728 1363 τὴν
2770 1296 2938 1365 χεῷα
2970 1295 3293 1349 ἐπελάϐετο
3328 1296 3537 1362 αὑτοῦ,
3582 1296 3683 1351 καί
3706 1298 3804 1351 λέι

2124 1401 2211 1453 γει
2251 1380 2442 1447 αὐτῷ·
2503 1382 2902 1450 Ὀλιγόπιστε,
2958 1382 3044 1444 εἷς
3115 1380 3172 1432 τί
3218 1378 3585 1445 ἐδίστασας;
3633 1378 3806 1433 Τοῦτο

2125 1464 2218 1518 τοῦ
2278 1464 2545 1537 προτέρου
2603 1464 3053 1535 παραδοξότερον.
3120 1465 3218 1514 Διά
3269 1462 3427 1515 10610
3479 1464 3596 1532 μετ’
3629 1464 3807 1516 ἐκεῖνο

2122 1548 2282 1603 τοῦτο
2314 1549 2544 1617 γίνεται.
2571 1549 2701 1600 ’Ὀτε
2722 1548 2831 1617 γὰρ
2854 1548 3073 1613 ἔδειξεν,
3113 1548 3195 1599 ὅτι
3241 1549 3433 1616 κρατεῖ
3462 1546 3562 1616 τῆς
3599 1546 3803 1600 θαλάσο

2126 1652 2262 1705 σης,
2306 1632 2426 1686 τότε
2482 1633 2575 1685 καὶ
2633 1634 2726 1686 ἐπὶ
2782 1632 2843 1684 τὸ
2894 1632 3335 1703 θαυμαστότερον
3384 1630 3566 1699 ἐξάγει
3608 1628 3668 1685 10
3708 1648 3805 1703 ση-

2130 1718 2298 1787 μεῖον.
2326 1715 2461 1768 Τότε
2513 1714 2611 1785 μὲν
2664 1714 2773 1786 γὰρ
2827 1717 2941 1778 τοῖς
2981 1716 3205 1786 ἀνέμοις
3252 1714 3556 1784 ἐπετίμησε
3602 1714 3801 1785 μόνον·

2125 1800 2244 1853 νυνὶ
2268 1800 2324 1852 δὲ
2360 1800 2451 1852 καὶ
2477 1798 2637 1862 αὐτὸς
2671 1798 2899 1869 βαδίζει,
2938 1799 3032 1851 καὶ
3064 1798 3236 1869 ἑτέρῳ
3286 1800 3609 1870 παραχωρεῖ
3646 1797 3805 1852 τοῦτο

2126 1885 2335 1936 ποιεῖν’
2366 1883 2501 1953 ὅπερ
2543 1884 2591 1935 εἰ
2645 1882 2797 1952 παρὰ
2846 1883 2946 1953 τὴν
2994 1881 3173 1952 ἀρχὴν
3226 1880 3478 1950 γενέσθαι
3527 1876 3801 1945 ἐκέλευσε,

2125 1969 2226 2021 οὐκ
2249 1967 2317 2021 ἂν
2351 1968 2551 2038 ὁμοίως
2580 1968 2906 2033 κατεδέξατο
2926 1968 2954 2020 ὁ
2986 1966 3216 2037 Πέτρος,
3252 1964 3341 2018 διὰ
3371 1964 3434 2019 τὸ
3469 1965 3697 2037 μηδέπω
3716 1982 3806 2019 τοι

2133 2051 2235 2104 σαύ
2271 2068 2370 2121 την
2400 2049 2703 2120 κεκτῆσθαι
2728 2049 2927 2103 πίστιν.

2293 2151 2449 2216 Τίνος
2478 2148 2571 2206 06v
2591 2152 2779 2205 ἐνεκεν
2819 2152 2867 2184 ⁸³
2891 2153 2918 2205 0
2948 2149 3181 2221 Χριστὸς
3210 2147 3507 2220 ἐπέτρεψες
3541 2149 3653 2203 Kal
3693 2149 3803 2218 γάρ

2124 2239 2173 2291 εί
2204 2234 2377 2301 εἶπεν,
2411 2239 2487 2291 O6
2507 2235 2753 2300 δύνασαι,
2787 2234 2948 2289 πάλιν
2972 2234 3172 2305 θερμὸς
3203 2233 3281 2285 ὢν
3300 2234 3552 2287 ἀντεῖπεν
3588 2235 3674 2289 ἄν.
3705 2238 3803 2289 Διά

2124 2322 2281 2375 τοῦτο
2337 2322 2444 2375 ἀπὸ
2493 2322 2602 2374 τῶν
2650 2322 2993 2393 πραγμάτων
3049 2318 3210 2371 αὑτὸν
3259 2319 3461 2382 πείθει,
3497 2320 3584 2372 ἵνα
3625 2321 3704 2384 είς
3741 2321 3805 2372 10

2129 2402 2320 2473 μέλλον
2348 2403 2713 2475 σωφρονισθῇ.
2758 2403 2900 2455 Ἀλλ’
2928 2400 3048 2453 οὐδὲ
3080 2400 3254 2463 οὕτως
3302 2402 3576 2472 ἀνέχεται.
3612 2402 3800 2455 Καται-

2125 2487 2225 2550 ϐάς
2253 2486 2431 2538 τοίνυν
2470 2486 2883 2551 κλυδωνίζεται·
2934 2483 3174 2555 ἐφοϐήθη
3224 2483 3353 2557 γάρ.
3402 2484 3513 2537 Kal
3548 2483 3706 2537 10610
3742 2484 3804 2537 τὸ

2125 2569 2414 2623 κλυδώνιον
2471 2570 2693 2639 ἐποίησε
2718 2585 2731 2599 ο
2773 2569 2864 2623 τὸν
2893 2568 2949 2621 δὲ
2985 2567 3149 2636 φόϐον
3180 2569 3209 2621 0
3238 2566 3439 2639 ἄνεμος
3483 2568 3798 2639 εἰργάσατο.

2136 2654 2194 2706 Ὀ
2215 2654 2272 2705 δὲ
2320 2652 2573 2724 Ἰωάννης
2621 2653 2807 2723 φησὶν,
2854 2652 2936 2706 ὅτι
2973 2653 3234 2707 Ἧθελον
3262 2651 3470 2705 λαϐεῖν
3498 2650 3687 2705 αὐτὸν
3713 2651 3804 2716 είς

2124 2737 2190 2791 τὸ
2223 2737 2460 2800 πλοῖον,
2502 2735 2601 2790 καί
2645 2738 2862 2803 εὐθέως
2907 2737 2974 2789 τὸ
3019 2735 3236 2789 πλοῖον
3279 2734 3517 2804 ἐγένετο
3562 2737 3649 2800 είς
3687 2734 3804 2801 τὴν

2124 2821 2270 2892 γῆν,
2328 2825 2414 2887 εὶς
2471 2820 2553 2889 ἢν
2613 2820 2882 2889 ὑπῆγον·
2932 2820 2994 2872 τὸ
3059 2820 3193 2872 αὐτὸ
3248 2818 3312 2890 δὴ
3381 2819 3539 2871 τοῦτο
3601 2817 3799 2887 δηλῶν.

2126 2908 2289 2959 Ὥστε
2341 2906 2640 2977 μελλόντων
2684 2905 2862 2958 αὐτῶν
2910 2904 3045 2976 πρὸς
3087 2906 3153 2975 τῇ
3198 2906 3269 2975 γῇ
3318 2904 3583 2972 γίνεσθαι,
3630 2903 3801 2971 ἐπέϐη

2124 2990 2219 3042 τοῦ
2240 2990 2448 3042 πλοίου.
2490 2988 2749 3051 Καταϐἀς
2800 2989 2979 3041 τοίνυν
3019 2988 3127 3041 ἀπὸ
3160 2988 3252 3040 106
3299 2988 3508 3050 πλοίου,
3541 2986 3679 3057 πρὸς
3711 2988 3802 3041 a6-

2132 3075 2222 3127 τὸν
2261 3074 2348 3145 ᾔει
2375 3074 2443 3137 ⁵³,
2497 3076 2595 3142 οὐχ
2636 3071 2779 3126 οὕτω
2824 3071 2901 3143 τῷ
2939 3075 3262 3143 περιπατεῖν
3290 3073 3382 3125 ἐπὶ
3422 3071 3530 3124 τῶν
3570 3071 3799 3135 ὑδάτων,

2124 3157 2197 3219 ὼς
2226 3157 2303 3226 τῷ
2333 3157 2471 3228 πρὸς
2518 3157 2679 3210 αὐτὸν
2728 3156 2984 3227 ἔρχεσθαι
3031 3157 3255 3226 χαίρων.
3292 3156 3401 3209 Kal
3429 3154 3523 3209 106
3557 3155 3801 3226 μείζονος

2130 3240 2572 3311 περιγενόμενος,
2600 3239 2707 3293 ἀπὸ
2747 3240 2839 3292 τοῦ
2871 3240 3149 3303 ἐλάττονος
3179 3240 3368 3311 ἔμελλε
3423 3242 3651 3311 πάσχειν
3702 3259 3801 3294 κα-

2126 3324 2257 3389 κῶς,
2299 3325 2400 3393 τῆς
2432 3324 2525 3377 τοῦ
2564 3325 2765 3394 ἀνέμου
2806 3323 2949 3391 λέγω
2998 3323 3197 3395 ῥύμης,
3240 3325 3301 3377 06
3357 3323 3456 3394 τῆς
3511 3323 3799 3394 θαλάττης.

2127 3406 2377 3459 Τοιοῦτον
2400 3407 2508 3479 γὰρ
2544 3410 2577 3478 ἡ
2618 3406 2930 3476 ἀνθρωπίνη
2975 3406 3134 3474 φύσις
3155 3423 3168 3437 ·
3207 3406 3466 3470 πολλάκις
3488 3408 3556 3461 τὲ
3589 3409 3803 3478 μεγάλα

2124 3489 2487 3561 κατορθοῦσα,
2523 3492 2580 3544 ἐν
2621 3493 2732 3553 τοῖς
2766 3490 3042 3542 ἐλάττοσιν
3076 3490 3380 3560 ἐλέγχεται.

2195 3589 2379 3649 Οἷονὸ
2435 3594 2622 3655 Ἠλίας
2674 3593 2768 3646 ἐπὶ
2826 3594 2926 3662 τῆς
2999 3593 3235 3658 Ἰεζάϐελ
3301 3596 3537 3650 ἔπαθεν’
3600 3592 3711 3652 οἷον
3772 3600 3804 3652 0

2124 3679 2363 3749 Μωῦσῆς
2388 3679 2480 3730 ἐπὶ
2505 3678 2598 3730 τοῦ
2629 3678 2926 3747 Αἰγυπτίου
2952 3696 2965 3709 ’
2996 3674 3106 3731 οἷον
3139 3682 3167 3731 0
3201 3680 3362 3734 Δαυῒδ
3406 3683 3497 3734 ἐπὶ
3523 3682 3624 3751 τῆς
3659 3683 3802 3756 Βηρο·

2128 3762 2308 3814 σαϐεέ.
2340 3761 2496 3814 Οὕτω
2515 3761 2579 3831 δὴ
2610 3761 2704 3814 καὶ
2735 3757 2889 3823 0610;
2908 3778 2921 3791 '
2955 3761 3034 3814 ἔτι
3066 3762 3158 3814 τοῦ
3187 3763 3350 3830 φόϐου
3401 3766 3803 3835 ἐνακμάζοντος

2125 3846 2381 3917 ἐπιϐῆναι
2407 3847 2517 3899 τῶν
2549 3846 2757 3900 ὑδάτων
2790 3845 3087 3917 ἐθάρρησε,
3148 3847 3286 3917 πρὸς
3322 3848 3377 3900 δέ
3422 3848 3519 3917 τὴν
3546 3850 3640 3902 τοῦ
3672 3851 3800 3904 ἀνέ-

2129 3949 2229 4000 μου
2270 3929 2507 4001 ἐμϐολὴν
2540 3929 2723 3983 ούκέτι
2753 3929 2992 3999 ἠδυνήθη
3045 3932 3254 3998 στῆναι.
3293 3932 3387 3983 xal
3427 3932 3599 3986 1a61a
3633 3934 3801 4001 ἐγγὺς

2124 4014 2199 4065 ὢν
2224 4012 2317 4065 τοῦ
2350 4012 2610 4084 Χριστοῦ.
2644 4011 2834 4075 Οὕτως
2876 4012 3027 4065 οὐδὲν
3076 4013 3275 4080 ὠφελεῖ
3320 4016 3485 4082 ἐγγὺς
3536 4012 3670 4069 εἶναι
3703 4017 3800 4070 τοῦ

2126 4094 2385 4166 Χριστοῦ,
2424 4095 2497 4166 μὴ
2533 4095 2713 4148 πίστει
2766 4096 2894 4149 δντα
2922 4095 3108 4164 ἐγγύς.
3138 4098 3307 4150 Τοῦτο
3333 4098 3389 4151 δὲ
3420 4098 3514 4151 καὶ
3549 4101 3607 4153 τὸ
3635 4101 3799 4171 μέσον

2123 4179 2331 4232 ἐδείκνυ
2361 4179 2411 4210 ⁸⁸
2446 4178 2541 4232 τοῦ
2588 4178 2918 4234 Διδασκάλου
2949 4180 3042 4232 καὶ
3086 4178 3176 4231 τοῦ
3215 4181 3476 4251 μαθητοῦ,
3526 4185 3619 4236 καὶ
3673 4186 3802 4249 τοὺς

2123 4266 2312 4330 ἄλλους
2342 4267 2729 4339 παρεμυθεῖτο.
2764 4268 2825 4319 Et
2850 4268 2958 4338 γὰρ
2994 4268 3217 4320 ἐπὶτῶν
3244 4268 3337 4321 δύο
3368 4270 3610 4339 ἀδελφῶν
3660 4272 3800 4341 ἠγα-

2123 4350 2422 4419 νάκτησαν,
2490 4351 2671 4421 πολλῷ
2729 4351 2929 4422 μᾶλλον
2980 4350 3213 4404 ἐνταῦθα
3238 4367 3251 4380 ο
3301 4350 3452 4404 οὕπω
3504 4352 3612 4425 γὰρ
3660 4349 3799 4423 ἦσαν

2123 4433 2444 4505 Πνεύματος
2492 4434 2806 4504 ἠξιωμένοι.
2860 4436 3012 4489 Μετὰ
3064 4435 3121 4488 δὲ
3201 4434 3374 4489 ταῦτα
3426 4436 3484 4488 06
3541 4438 3791 4492 τοιοῦτοι.

2123 4517 2407 4587 Πανταχοῦ
2461 4518 2592 4587 γοῦν
2632 4518 2744 4571 τῶν
2799 4519 3081 4589 πρωτείων
3137 4520 3527 4592 παραχωροῦσι
3563 4521 3642 4592 τῷ
3691 4524 3798 4577 Πέ-

2123 4617 2258 4672 τρῳ,
2318 4600 2414 4654 καὶ
2466 4603 2524 4653 ἐν
2582 4604 2701 4665 ταῖς
2745 4602 3111 4674 δημηγορίαις
3165 4604 3326 4657 αὑτὸν
3382 4606 3797 4675 προϐάλλονται,

2124 4685 2273 4758 [516]
2308 4686 2551 4755 καίτοιγε
2576 4687 2963 4759 ἀγροικότερον
2986 4688 3093 4742 τῶν
3116 4688 3290 4744 ἄλλων
3312 4690 3671 4762 διακείμενον.
3687 4695 3797 4748 Kal

2118 4770 2381 4823 διατίοὺκ
2413 4770 2643 4834 ἐπέταξε
2682 4774 2796 4834 τοῖς
2840 4773 3064 4843 ἀνέμοις
3098 4774 3431 4838 παύσασθαι,
3488 4775 3601 4829 ἀλλ’
3636 4778 3799 4843 αὐτὸς

2119 4854 2365 4917 ἐκτείνας
2390 4854 2488 4923 τὴν
2532 4858 2688 4925 χεῖρα
2713 4855 3013 4910 ἐπελάϐετο
3042 4858 3243 4925 αὐτοῦ;
3291 4860 3415 4913 Ὀτι
3444 4861 3545 4931 τῆς
3585 4864 3796 4916 ἐκείνου

2119 4937 2355 4999 πίστεως
2386 4936 2512 4990 ἔδει.
2545 4937 2714 4991 Ὅταν
2753 4938 2864 5009 γὰρ
2898 4940 2966 4993 τά
2992 4942 3120 5011 παρ’
3146 4942 3303 5012 ἡμῶν
3342 4942 3670 5017 ἐλλιμπάνῃ,
3700 4946 3797 4997 καὶ
3834 4992 3837 4997 .

2116 5020 2187 5073 τὰ
2209 5019 2363 5091 παρά
2388 5020 2483 5079 τοῦ
2518 5020 2656 5074 Θεοῦ
2678 5022 2912 5076 ῖσταται.
2938 5026 3164 5087 Δεικνὺς
3194 5025 3371 5079 τοίνυν
3401 5028 3483 5080 ὅτι
3511 5028 3610 5099 οὐχ
3640 5030 3673 5098 ὴ
3700 5029 3796 5082 τοῦ
3836 5018 3841 5029 ’

2116 5100 2318 5171 ἀνέμου
2341 5099 2569 5171 ἐμϐολὴ,
2593 5100 2709 5155 ἀλλ’
2740 5103 2775 5172 ή
2802 5100 3013 5155 ἐκείνου
3055 5104 3398 5172 όλιγοπιστία
3415 5106 3515 5177 τὴν
3541 5124 3797 5179 περιτρο-

2122 5184 2230 5255 πὴν
2254 5184 2569 5255 εἰργάσατο,
2595 5185 2759 5256 φησίν
2778 5202 2793 5215 ο
2822 5189 2927 5253 El;-
2945 5188 3005 5240 τί
3024 5188 3378 5257 ἐδίστασας,
3409 5191 3794 5262 ὀλιγόπιστε;

2107 5269 2270 5320 Ὥστε
2302 5270 2349 5320 εί
2377 5268 2449 5338 μὴ
2478 5270 2511 5339 ἡ
2543 5269 2729 5333 πίστις
2764 5270 3057 5343 ἠσθένησε,
3084 5275 3179 5327 καὶ
3212 5275 3350 5345 πρὸς
3377 5275 3466 5328 τὸν
3498 5276 3699 5347 ἄνεμον
3726 5278 3797 5333 ἂν

2109 5351 2237 5423 ἔστη
2274 5352 2490 5423 ῥᾳδίως.
2519 5353 2617 5407 Διά
2640 5370 2721 5407 τοι
2750 5353 2909 5408 τοῦτο
2932 5358 3026 5409 καὶ
3054 5358 3442 5428 ἐπιλαϐόμενος
3470 5361 3659 5422 αὑτοῦ,
3700 5360 3795 5413 τὸν

2108 5435 2307 5503 ἄνεμον
2336 5436 2403 5507 ὲᾷ
2440 5439 2615 5499 πνεῖν,
2667 5437 2841 5505 δηλῶν
2875 5438 2923 5470 ⁸⁵
2952 5441 3035 5493 ὅτι
3068 5440 3219 5494 οὐδὲν
3264 5443 3471 5507 ἐκεῖνος
3510 5443 3796 5514 παραϐλά-

2112 5532 2256 5574 πτει.
2284 5519 2412 5571 ὅταν
2442 5521 2476 5591 ὴ
2507 5521 2689 5584 πίστις
2778 5526 3081 5593 πεπηγυῖα.
3135 5526 3245 5578 Kal
3286 5526 3539 5599 καθάπερ
3580 5527 3797 5580 νεοττὸν

2112 5601 2220 5671 πρὸ
2245 5603 2438 5675 καιροῦ
2465 5605 2564 5676 τῆς
2594 5605 2788 5670 καλιᾶς
2823 5606 3107 5674 ἐξελθόντα
3138 5610 3184 5640 ⁸⁸
3212 5610 3306 5663 καὶ
3338 5611 3602 5682 μέλλοντα
3624 5629 3797 5665 κατα-

2522 5794 2556 5837 ιι
2596 5794 2946 5857 Inlerpretes.
3024 5794 3143 5831 δυ’
3168 5794 3255 5847 Sic
3289 5794 3356 5847 Η.
3404 5794 3465 5848 L.
3495 5794 3595 5864 Ep.
3632 5794 3795 5866 vulgo

2522 5855 2567 5934 ’ξ
2584 5857 2669 5934 είη
2693 5856 2756 5934 Π.
2783 5858 2851 5912 Μ.
2878 5860 3125 5934 ϐοτη-κίε
3151 5863 3366 5934 Monlef.
3459 5864 3795 5919 ’δένδείκνυ-

805 5928 863 6010 ξᾶ
895 5928 949 5983 p.
980 5914 1384 6010 παραμυθὲῖῖῖι
1413 5914 1490 5971 (ἓξ
1569 5918 1615 5948 ⁸³
1644 5914 1841 5988 δηλῶν]
1871 5917 2015 5972 δεικν

2125 5914 2245 5979 de.
2281 5914 2379 5981 inc
2401 5924 2510 5981 duo
2540 5914 2669 5981 [οιίεὶ
2701 5928 2899 5984 desum
2933 5932 2983 5985 in
3019 5914 3365 6005 έοάζιιζάἕῖ
3388 5914 3794 6010 τιιτειὶέῖὶίέξρἶ
