4108 6376
274 344 378 403 505

273 460 441 530 magis
469 456 592 512 illos
617 453 981 519 inﬂammavit,
1014 459 1073 506 ut
1102 450 1182 505 sui
1207 459 1515 520 perpetuam
1541 443 1853 499 memoriam

274 553 584 609 retinerent.
614 549 736 602 Ideo
764 563 866 601 non
901 548 1077 600 statim
1109 543 1212 596 illis
1240 540 1408 594 adfuit
1435 558 1447 593 :
1482 554 1601 591 naut
1632 536 1705 589 ait
1728 553 1742 589 :
1764 533 1854 588 25.

279 644 473 710 Quarta
519 640 747 696 custodia
790 639 949 692 noctis
991 638 1121 690 venit
1164 635 1231 687 ad
1268 650 1352 687 eos
1394 630 1659 684 ambulans
1703 641 1859 696 supra

278 752 449 801 mare;
481 744 536 788 ιιι
562 733 780 787 doceret
804 732 921 784 illos
953 743 1018 783 ne
1040 727 1297 780 malorum
1329 726 1486 778 ﬁnem
1519 722 1627 775 cito
1650 731 1859 788 quaere-

284 836 420 893 rent,
461 825 553 880 sed
594 841 714 894 quae
755 821 1067 877 accidebant
1114 818 1323 873 fortiter
1370 816 1587 870 ferrent.
1638 809 1862 879 Quando

282 922 439 991 igitur
464 916 845 987 exspectabant
883 929 942 969 se
990 911 1293 967 liberandos
1330 923 1469 971 esse,
1503 918 1612 961 tum
1651 912 1874 959 auctum

282 1023 365 1066 cst
390 1010 683 1081 periculum
708 1016 763 1063 et
796 1008 955 1061 timor
979 1005 1186 1073 major:
1218 1018 1340 1058 nam
1370 1001 1540 1071 inquit
1568 997 1692 1055 :26.
1738 996 1865 1050 Cum

282 1104 507 1159 uiderent
531 1118 645 1156 eum
668 1098 904 1170 discipuli
929 1097 1270 1151 ambulantem
1311 1109 1467 1163 supra
1496 1108 1654 1153 mare,
1681 1087 1866 1143 turbati

283 1204 418 1257 sunt,
452 1194 671 1247 dicentes
697 1193 996 1259 phantasma
1033 1203 1160 1254 esse,
1191 1196 1238 1239 et
1264 1199 1370 1254 pra:
1406 1184 1584 1236 timore
1620 1181 1868 1234 clamare.

286 1297 425 1341 runt.
455 1286 678 1353 Semper
702 1284 842 1339 enim
882 1281 984 1337 hoc
1022 1280 1148 1335 facit
1178 1298 1191 1333 :
1220 1293 1340 1334 cum
1362 1290 1629 1331 aerumnas
1668 1274 1869 1329 solutu-

287 1395 382 1435 rus
409 1387 511 1446 est,
543 1378 674 1432 alias
701 1376 975 1446 graviores
1016 1373 1178 1429 infert
1220 1384 1274 1427 et
1313 1370 1658 1426 terribiliores
1686 1386 1699 1421 :
1728 1365 1869 1437 quod

289 1472 451 1527 etiam
485 1480 609 1525 tunc
647 1468 890 1537 contigit.
932 1466 1063 1521 Nam
1103 1474 1158 1521 et
1202 1471 1510 1531 tempestas,
1559 1475 1656 1515 nec
1697 1460 1872 1514 minus

290 1564 465 1617 visum
494 1562 640 1623 illud,
674 1560 818 1628 ipsos
845 1558 1096 1623 turbavit,
1129 1555 1252 1610 ideo
1292 1569 1463 1624 neque
1489 1553 1736 1607 tenebras
1763 1550 1873 1604 sol-

292 1658 387 1723 vit,
418 1671 591 1725 neque
617 1655 850 1723 scipsum
890 1652 1067 1705 statim
1090 1648 1341 1714 ostendit,
1369 1660 1626 1702 exercens
1653 1644 1791 1703 illos,
1819 1649 1878 1695 ut

291 1749 424 1814 dixi,
450 1763 547 1818 per
572 1757 834 1801 terrorum
871 1742 1258 1807 assiduitatem,
1282 1749 1337 1794 et
1364 1740 1564 1793 docens
1587 1746 1644 1791 ut
1674 1736 1879 1806 patien.

296 1851 377 1894 tes
398 1846 598 1894 essent.
624 1837 734 1891 lloc
753 1844 809 1890 ct
838 1836 890 1889 in
917 1834 1053 1889 Jobo
1086 1832 1241 1896 fecit;
1271 1846 1392 1886 cum
1428 1831 1569 1886 enim
1601 1838 1799 1883 metum
1826 1838 1880 1881 et

295 1931 643 1985 Mutationem
677 1928 944 1982 soluturus
968 1934 1102 1991 erat,
1141 1934 1265 1978 tunc
1315 1923 1471 1977 ﬁnem
1500 1920 1736 1989 permisit
1761 1933 1881 1972 esse

295 2020 595 2091 graviorem
620 2034 635 2082 ;
677 2035 781 2071 non
828 2033 893 2072 ex
917 2026 1090 2071 morte
1118 2016 1369 2077 ﬁliorum,
1399 2028 1571 2082 neque
1600 2027 1663 2065 ex
1700 2010 1883 2064 uxoris

298 2111 475 2173 dictis,
518 2109 611 2165 sed
642 2125 709 2163 ex
734 2108 1035 2178 opprobriis
1076 2122 1351 2161 servorum
1394 2114 1450 2159 et
1480 2104 1791 2158 amicorum.
1818 2102 1886 2155 Et

297 2218 420 2256 cum
450 2200 706 2257 Jacobum
739 2201 788 2253 in
826 2201 1107 2269 peregrina
1130 2207 1272 2252 terra
1300 2214 1329 2251 a
1368 2196 1579 2251 miseria
1606 2202 1886 2263 erepturus

298 2305 437 2362 erat,
470 2296 726 2365 exagitari
757 2295 904 2349 illum
936 2305 990 2347 et
1016 2294 1271 2359 majorem
1297 2290 1499 2359 perpeti
1533 2288 1656 2343 sivit
1680 2295 1889 2357 pertur-

301 2389 594 2448 bationem.
642 2386 774 2441 Nam
829 2400 981 2440 socer
1041 2384 1156 2453 ejus
1204 2381 1593 2452 apprehensum
1647 2378 1890 2432 occidere

305 2480 630 2542 minabatur,
656 2488 711 2533 et
753 2489 871 2549 post
913 2478 1055 2531 illum
1106 2476 1271 2530 frater
1298 2475 1590 2542 excipiens,
1620 2471 1671 2525 in
1710 2482 1889 2526 extre-

305 2587 454 2625 mum
483 2571 775 2641 periculum
801 2568 1045 2639 conjecit.
1071 2566 1202 2634 Quia
1224 2567 1366 2622 enim
1395 2580 1499 2619 non
1528 2562 1892 2633 possuntjusti

306 2664 562 2719 diuturno
588 2671 828 2731 tempore
854 2663 1202 2715 vehementer
1230 2658 1446 2724 tentari,
1474 2672 1592 2711 cum
1624 2673 1685 2711 ex
1726 2665 1898 2711 certa-

312 2758 459 2813 mine
487 2755 695 2811 evasuri
721 2763 865 2809 sunt.
903 2766 962 2807 ut
988 2752 1159 2822 majus
1188 2751 1395 2805 lucrum
1425 2758 1719 2819 reportent,
1747 2764 1901 2802 exer-

308 2849 797 2918 citationesauget.
846 2846 901 2901 ιιι
946 2847 1106 2902 etiam
1138 2846 1190 2899 in
1218 2843 1523 2901 Abrahamo
1566 2841 1709 2906 fecit,
1750 2841 1901 2910 cujus

315 2951 645 3012 postremum
683 2947 956 2994 certamen
1008 2934 1364 2990 immolandus
1413 2933 1553 2988 ﬁlius
1599 2940 1714 2988 erat
1746 2930 1900 3001 (Gen.

313 3033 406 3095 22.
432 3033 508 3102 l).
536 3031 688 3088 Tunc
713 3031 853 3085 enim
882 3027 1233 3089 intolerabilia
1255 3026 1471 3081 tolerari
1493 3032 1761 3095 poterunt,
1781 3037 1903 3078 cum

318 3127 373 3181 in
399 3124 597 3196 januis,
636 3133 694 3181 ut
739 3124 809 3178 ita
839 3122 1035 3188 dicam,
1066 3120 1388 3183 inferuntur,
1432 3126 1487 3173 et
1521 3118 1627 3186 jam
1657 3117 1904 3187 proxima

318 3228 406 3276 est
433 3216 699 3272 libentia.
729 3215 841 3270 Hoc
862 3222 918 3269 et
946 3221 1071 3269 tunc
1095 3212 1239 3278 fecit,
1270 3226 1371 3266 nec
1396 3210 1544 3281 prius
1572 3208 1816 3265 Christus
1847 3223 1906 3264 se

320 3312 453 3379 ipsis
491 3308 917 3380 cognoscendum
971 3306 1248 3377 praebuit,
1294 3304 1468 3361 donec
1522 3304 1903 3358 clamaverunt.

319 3406 533 3471 Quanto
553 3402 696 3459 enim
729 3400 900 3470 major,
926 3410 1040 3454 erat
1072 3397 1372 3469 trepidatio,
1400 3406 1547 3451 tanto
1574 3395 1775 3466 gratior
1794 3395 1911 3463 ejus

320 3496 613 3570 praesentia
659 3492 940 3547 videbatur
986 3492 1134 3561 ipsis.
1183 3492 1316 3546 Cum
1367 3490 1512 3544 enim
1557 3489 1909 3553 clamassent,

320 3592 401 3644 ait
430 3605 445 3643 :
472 3589 563 3643 27.
589 3588 772 3643 Statim
800 3587 1033 3658 loquutus
1068 3594 1138 3639 est
1165 3584 1268 3639 illis
1302 3584 1455 3638 Iesus
1496 3582 1666 3637 dicens
1692 3598 1710 3637 :
1737 3582 1913 3651 Conﬁ-

324 3685 453 3749 dite,
474 3698 573 3753 ego
601 3698 733 3747 sum,
762 3680 916 3734 nolite
946 3680 1136 3733 timere.
1169 3678 1280 3733 l‘loc
1306 3676 1505 3732 dictum
1540 3677 1784 3731 timorem
1824 3691 1918 3730 ex-

326 3775 519 3839 cussit,
553 3780 607 3827 et
633 3771 876 3826 ﬁduciam
909 3770 1114 3825 indidit.
1145 3769 1279 3836 Quia
1314 3769 1455 3824 enim
1496 3768 1667 3837 ipsum
1703 3776 1828 3821 tunc
1850 3766 1921 3822 de

329 3867 465 3922 facie
491 3880 596 3919 non
623 3871 900 3928 noverant,
933 3872 985 3917 et
1009 3861 1390 3917 ob‘inauditum
1409 3860 1710 3915 ambulandi
1728 3874 1917 3929 genus,

327 3967 388 4013 et
414 3956 488 4011 ob
514 3955 685 4010 noctis
716 3965 941 4024 tempus,
990 3969 1021 4008 a
1064 3968 1194 4008 voce
1232 3967 1291 4007 se
1329 3952 1657 4008 noscendum
1694 3951 1917 4021 przcbet.

329 4046 474 4113 Quid
512 4046 671 4116 igitur
710 4046 916 4107 Petrus,
973 4059 1183 4113 semper
1236 4042 1501 4108 fervidus,
1545 4056 1759 4111 semper
1795 4051 1921 4098 ante

330 4140 469 4194 alios
498 4137 833 4209 praesiliens?
860 4136 951 4192 28.
982 4134 1219 4203 Domine,
1265 4136 1311 4191 si
1354 4144 1409 4189 tu
1451 4152 1526 4199 es,
1567 4135 1756 4204 inquit,
1796 4134 1925 4206 jube

333 4248 416 4285 nte
442 4230 613 4285 uenire
652 4230 721 4282 ad
744 4237 792 4283 te
827 4244 980 4299 super
1007 4243 1184 4293 aquas.
1225 4226 1339 4282 Non
1378 4226 1513 4281 dixit
1540 4244 1554 4280 :
1582 4227 1688 4282 Ora
1715 4235 1769 4282 et
1804 4241 1929 4297 pre-

331 4336 486 4387 care,
514 4319 611 4377 sed
639 4319 789 4373 lube.
818 4319 1005 4375 Viden’
1030 4327 1260 4390 quantus
1289 4317 1506 4375 fervor?
1525 4327 1723 4389 quanta
1755 4317 1926 4374 ﬁdes?

333 4415 670 4483 Quamquam
710 4411 834 4466 hinc
874 4426 1017 4482 saepe
1053 4411 1460 4482 periclitaretur,
1501 4410 1643 4481 quod
1672 4410 1808 4466 ultra
1850 4413 1930 4464 vi.

336 4506 483 4560 tium
515 4518 815 4558 mensuram
842 4494 1125 4573 qumreret.
1164 4504 1296 4558 Nam
1346 4502 1433 4558 hic
1475 4518 1587 4559 rem
1640 4503 1927 4558 maximam

336 4597 667 4669 postulabat,
705 4596 775 4651 ob
815 4597 1090 4652 caritatem
1128 4596 1323 4664 solum,
1369 4610 1478 4651 non
1519 4596 1585 4651 ad
1615 4597 1926 4652 ostentatio-

336 4704 489 4744 nem.
512 4686 626 4742 Non
653 4687 794 4741 enim
816 4687 968 4750 dixit,
998 4687 1133 4742 Iube
1154 4702 1238 4742 me
1255 4686 1527 4743 ambulare
1551 4702 1714 4756 super
1730 4702 1929 4757 aquas;

324 4782 439 4838 sed
463 4781 633 4851 quid?
653 4780 787 4835 Juba
825 4797 904 4835 me
934 4782 1101 4835 uenire
1122 4781 1190 4834 ad
1227 4789 1293 4834 te.
1325 4779 1495 4836 Nemo
1522 4780 1718 4852 quippe
1748 4781 1817 4834 ita
1846 4780 1935 4835 Je-

337 4890 465 4929 sum
495 4873 725 4928 amabat.
763 4872 890 4927 Illud
920 4873 1081 4928 etiam
1132 4882 1253 4943 post
1296 4872 1742 4927 resurrectionem
1784 4871 1927 4927 fecit.

336 4967 531 5039 Neque
571 4967 718 5022 enim
746 4966 998 5022 sustinuit
1035 4982 1158 5022 cum
1202 4967 1323 5022 aliis
1351 4969 1553 5033 venire,
1600 4968 1693 5023 sed
1735 4983 1937 5037 praecu-

338 5058 539 5115 currit.
571 5057 678 5114 Nec
700 5058 865 5113 modo
897 5060 1117 5126 sutoris,
1148 5060 1242 5115 sed
1271 5060 1431 5116 etiam
1465 5061 1584 5116 fidei
1629 5076 1739 5115 sum
1777 5077 1935 5131 argu-

340 5161 529 5206 menta
569 5150 791 5220 praebet.
831 5150 1015 5222 Neque
1059 5151 1232 5205 solum
1284 5151 1508 5207 credidit
1559 5168 1714 5222 posse
1763 5154 1936 5222 ipsum

339 5242 622 5298 ambulare
649 5257 809 5313 supra
828 5258 1006 5306 mare,
1038 5244 1132 5298 sed
1160 5246 1318 5299 etiam
1349 5246 1467 5300 aliis
1504 5261 1687 5315 parem
1717 5246 1940 5302 faculta-

340 5341 462 5389 tem
510 5333 642 5390 dare
684 5351 700 5388 :
739 5334 1113 5407 desideratque
1153 5337 1258 5391 cito
1294 5337 1359 5391 ad
1409 5338 1582 5408 ipsum
1634 5343 1938 5409 pervenire.

341 5424 447 5483 29.
474 5424 598 5496 Ipse
638 5435 805 5480 autem
850 5427 980 5481 dixit
1005 5443 1024 5482 :
1059 5426 1204 5483 Veni.
1249 5428 1315 5483 Et
1344 5446 1461 5484 cum
1511 5431 1841 5487 descendisset
1879 5433 1942 5487 de

345 5517 590 5572 navicula
633 5517 841 5586 Petrus,
880 5518 1173 5575 ambulabat
1199 5537 1353 5592 super
1391 5539 1568 5593 aquas,
1617 5533 1665 5578 et
1703 5525 1836 5579 venit
1873 5526 1942 5580 ad

345 5608 554 5664 Iesum.
590 5610 678 5667 50.
710 5610 809 5666 Ubi
845 5613 969 5666 vidit
1012 5623 1179 5668 autem
1213 5624 1414 5668 uentum
1452 5616 1695 5685 ualidum,
1732 5619 1943 5675 timuit:

346 5715 399 5758 et
422 5720 540 5758 cum
566 5706 793 5775 cupisset
821 5708 998 5777 mergi,
1043 5706 1279 5762 claruerit
1324 5710 1511 5776 dicens,
1562 5710 1795 5780 Domine,
1835 5714 1944 5767 sal-

349 5811 477 5850 um
499 5813 579 5852 sne
599 5801 701 5865 fac.
733 5799 823 5854 51.
856 5797 1043 5856 Statim
1083 5815 1199 5855 vero
1231 5799 1382 5856 Iesus
1425 5803 1694 5860 extendens
1737 5822 1943 5860 manum

1344 332 1415 389 IN
1456 318 1864 385 MATTIUEUM
1907 316 2138 375 HOMIL.
2183 322 2243 377 1,.
2283 324 2352 378 al.
2397 323 2481 380 Li.

1966 437 2296 506 apprehendit
2323 454 2458 503 eum,
2485 448 2531 494 et
2559 439 2681 493 dicit
2708 440 2793 494 ei:
2823 439 3055 493 Modicm
3078 440 3217 507 ﬁdei,
3257 457 3411 507 quare
3437 441 3550 496 du—

1967 529 2133 584 bitasti
2156 531 2183 583 .9
2207 530 2318 586 Hoc
2342 531 2523 601 priore
2546 531 2843 587 mirabilius
2860 541 2959 587 est.
2990 532 3111 588 Ideo
3150 542 3268 602 post
3304 533 3428 587 illud
3458 549 3550 588 ac-

1967 624 2113 678 cidit.
2143 624 2273 680 Cum
2312 626 2455 680 enim
2484 626 2807 681 ostendisset
2848 641 2908 681 se
2947 628 3079 683 mari
3111 627 3393 698 imperare,
3428 637 3553 684 tunc

1969 719 2174 788 signum
2202 719 2493 775 mirabilius
2522 719 2716 775 effecit.
2740 720 2892 775 Tunc
2912 721 3053 776 enim
3080 721 3254 775 ventis
3276 722 3582 790 imperavit.

1974 822 2212 877 uiuum;
2243 829 2384 867 nunc
2426 824 2603 869 autem
2632 823 2687 868 et
2714 814 2827 883 ipse
2859 814 3112 876 ambulat.
3145 823 3200 869 et
3240 814 3399 867 alimn
3433 830 3565 884 perm

1972 907 2131 960 mittit
2155 906 2429 961 ambulare
2462 924 2476 959 :
2505 906 2648 975 quod
2675 907 2717 960 si
2742 905 2889 960 initio
2909 906 3175 975 jussisset,
3207 922 3311 960 non
3337 907 3415 961 sic
3438 922 3554 960 cam

1974 1012 2084 1052 rem
2114 998 2435 1067 suscepisset
2462 997 2671 1064 Petrus,
2702 996 2825 1066 quia
2852 996 3085 1050 nondum
3132 1006 3275 1051 tanta
3304 996 3558 1067 praeditus

1972 1097 2087 1143 erat
2114 1088 2245 1144 ﬁde.

2045 1186 2100 1240 2.
2128 1186 2237 1240 Cur
2261 1200 2391 1254 ergo
2418 1184 2662 1238 Christus
2688 1184 2740 1238 id
2771 1184 3048 1252 permisit?
3086 1182 3218 1252 Quia
3245 1183 3290 1238 si
3316 1182 3558 1245 dixisset,

1974 1277 2091 1332 Non
2120 1286 2304 1347 potes,
2325 1277 2434 1343 ille,
2463 1277 2550 1345 qui
2580 1277 2789 1330 fervens
2806 1284 2939 1341 erat,
2962 1275 3387 1329 contradixisset.
3412 1273 3560 1328 Ideo-

1978 1385 2082 1441 que
2107 1385 2171 1423 ex
2202 1370 2313 1439 ipsa
2344 1385 2403 1424 re
2446 1369 2595 1424 illum
2625 1368 2675 1423 id
2718 1382 3025 1438 persuasum
3067 1360 3271 1422 habere
3292 1367 3477 1432 voluit,
3504 1376 3567 1441 ut

1980 1462 2034 1518 in
2073 1460 2254 1515 futuro
2292 1459 2587 1515 modestior
2610 1467 2768 1514 esset.
2812 1458 2917 1513 Sed
2959 1474 3132 1528 neque
3177 1458 3256 1512 sic
3301 1473 3360 1513 se
3391 1466 3567 1527 potest

1918 1601 1925 1605 .
1980 1556 2276 1610 continere.
2306 1552 2439 1610 Cum
2483 1553 2846 1609 descendisset
2884 1552 3062 1622 igitur,
3103 1551 3347 1606 fluctibus
3388 1550 3568 1620 exagi-

1982 1648 2191 1702 tabatur
2220 1665 2233 1700 :
2263 1646 2484 1701 timebat
2507 1646 2671 1701 enim.
2712 1644 2782 1700 Ut
2819 1645 3192 1714 exagitaretur.
3228 1643 3417 1697 fluctus
3442 1642 3571 1696 elic-

1983 1740 2082 1803 cit;
2115 1748 2172 1792 ut
2198 1738 2428 1804 timeret,
2471 1747 2691 1797 ventus.
2720 1736 2954 1791 Joannes
2996 1734 3145 1808 (Cap.
3174 1735 3228 1790 6.
3251 1734 3343 1805 εει)
3393 1743 3577 1793 autem

1986 1834 2077 1895 ait,
2102 1831 2330 1885 voluisse
2350 1846 2443 1885 eos
2464 1831 2632 1901 ipsum
2664 1830 2713 1884 in
2748 1829 3043 1883 naviculam
3070 1828 3331 1898 accipere,
3361 1835 3415 1882 et
3441 1840 3574 1881 eou-

1988 1923 2159 1976 fcstim
2200 1922 2495 1977 naviculam
2525 1922 2735 1977 venisse
2760 1922 2825 1976 ad
2858 1932 3074 1986 terram,
3102 1920 3168 1976 ad
3197 1936 3354 1991 quam
3389 1918 3576 1974 tende-

1990 2016 2151 2079 bant;
2203 2016 2429 2084 idipsum
2476 2015 2805 2085 signiﬁcans,
2837 2014 2907 2067 ita
2941 2023 2998 2068 ut
3023 2029 3144 2068 cum
3171 2014 3237 2067 ad
3266 2023 3461 2068 terram
3484 2028 3577 2081 ap-

1991 2106 2191 2175 pulsuri
2226 2116 2431 2172 essent,
2459 2105 2511 2159 in
2551 2106 2816 2175 navigium
2840 2106 3170 2159 ascenderet.
3194 2102 3325 2159 Cum
3355 2103 3580 2158 descen-

1992 2199 2195 2253 dissent
2221 2213 2348 2270 ergo
2373 2198 2440 2253 de
2465 2199 2608 2266 navi,
2642 2198 2707 2252 ad
2736 2199 2908 2266 ipsum
2938 2198 3062 2261 ibat,
3095 2214 3201 2251 non
3232 2198 3299 2250 ita
3341 2198 3579 2267 gaudens

1993 2290 2135 2361 quod
2185 2306 2343 2361 supra
2384 2307 2550 2361 aquas
2592 2291 2907 2354 ambularet,
2937 2305 3095 2359 quam
3125 2289 3263 2357 quod
3292 2288 3357 2343 ad
3407 2290 3580 2358 ipsum

1996 2385 2200 2438 veniret
2236 2402 2249 2437 :
2278 2392 2474 2438 etcum
2505 2382 2556 2437 id
2586 2382 2727 2452 quod
2756 2381 2927 2451 majus
2949 2390 3064 2436 erat
3090 2390 3486 2450 assequeretur,
3515 2396 3582 2436 ex

1998 2477 2191 2531 minori
2221 2475 2617 2546 periclitaturus
2656 2486 2792 2539 erat,
2831 2489 2861 2528 a
2894 2474 3034 2528 venti
3074 2473 3194 2527 dico
3226 2474 3446 2540 impetu,
3477 2488 3583 2528 non

2000 2584 2031 2624 a
2062 2570 2212 2623 mari.
2243 2568 2385 2622 Talis
2411 2569 2605 2638 quippe
2636 2575 2719 2621 est
2756 2565 2983 2620 humana
3021 2576 3207 2620 natura
3237 2582 3249 2617 :
3284 2580 3426 2635 saepe
3462 2579 3584 2619 cum

2004 2678 2192 2733 magna
2219 2661 2505 2731 superavit,
2532 2676 2563 2714 a
2586 2660 2880 2713 minoribus
2909 2659 3155 2712 vincitur.

2077 2753 2260 2809 Petrus
2285 2770 2387 2807 non
2415 2754 2513 2807 nisi
2538 2752 2799 2822 deﬁciente
2836 2751 2937 2817 ﬁde
2967 2767 3117 2820 super
3142 2766 3299 2820 aquas
3329 2749 3580 2803 titubavit.

2008 2846 2237 2902 Christus
2282 2846 2559 2900 divinitatis
2604 2860 2709 2899 sua:
2754 2845 2905 2913 [idem
2947 2843 3237 2897 adstruebat
3283 2841 3469 2896 nedum
3507 2844 3587 2895 de~

2008 2946 2240 2992 strueret.
2286 2936 2352 2990 In
2376 2935 2701 2989 Eucharistia
2727 2935 2892 3005 ipsum
2935 2934 3123 2989 Christi
3149 2949 3331 3003 corpus
3369 2931 3590 2986 comedi-

2010 3041 2109 3084 tur.
2126 3030 2363 3099 —Quod
2382 3030 2540 3084 etiam
2562 3029 2705 3083 Elias
2722 3029 2820 3083 sub
2841 3027 3085 3082 .lezabele
3111 3042 3300 3098 passus
3321 3034 3423 3089 est,
3451 3023 3591 3095 quod

2011 3124 2220 3196 Moyses
2239 3125 2306 3179 ab
2326 3123 2600 3195 Egyptio,
2625 3123 2790 3177 David
2818 3138 2846 3177 a
2872 3121 3155 3177 Bersabee.
3183 3119 3256 3174 Ita
3276 3128 3330 3175 et
3360 3117 3550 3173 Petrus
3578 3135 3594 3172 :

2013 3217 2243 3273 instante
2275 3216 2451 3274 adhuc
2490 3227 2695 3272 terrore
2732 3231 2894 3285 super
2920 3230 3088 3285 aquas
3123 3213 3401 3269 ambulare
3438 3226 3597 3267 ausus

2015 3321 2119 3378 est,
2148 3313 2240 3367 sed
2278 3322 2463 3367 contra
2506 3314 2651 3367 venti
2690 3312 2946 3380 impetum
2991 3321 3134 3367 stare
3175 3326 3280 3365 non
3324 3310 3514 3381 potuit,
3549 3317 3601 3365 et

2018 3405 2118 3460 hoc
2162 3420 2282 3460 cum
2318 3419 2484 3476 prope
2522 3404 2795 3459 Christum
2833 3412 2995 3459 esset.
3037 3404 3112 3458 Ita
3153 3403 3285 3458 nihil
3309 3403 3459 3473 juvat
3484 3416 3602 3458 esse

2017 3513 2185 3569 prope
2207 3498 2499 3565 Christum,
2524 3498 2628 3553 nisi
2660 3498 2764 3553 ﬁde
2793 3513 2956 3568 prope
2981 3498 3075 3552 sis.
3105 3498 3218 3553 Hoc
3245 3512 3406 3567 porro
3426 3512 3600 3567 quan-

2020 3600 2134 3645 tum
2153 3599 2296 3645 esset
2322 3589 2461 3644 inter
2485 3589 2792 3660 Magistrum
2832 3597 2887 3644 et
2910 3588 3229 3659 discipulum
3266 3588 3603 3642 intervallum

2020 3681 2272 3749 ostendit,
2298 3682 2521 3751 aliisque
2547 3680 2898 3736 consolationi
2928 3678 3043 3734 fuit.
3076 3679 3203 3733 Nam
3235 3679 3279 3732 si
3306 3677 3373 3733 de
3402 3677 3606 3734 duobus

2024 3776 2275 3832 fratribus
2316 3776 2436 3830 irati
2467 3784 2611 3842 sunt,
2652 3776 2819 3829 multo
2855 3774 3022 3844 magis
3056 3772 3145 3827 hic
3179 3772 3431 3843 indignati
3475 3771 3609 3827 fuis—

2024 3876 2189 3923 sent:
2224 3867 2461 3923 nondum
2505 3868 2646 3921 enim
2686 3866 2941 3936 Spiritum
2977 3874 3219 3921 sanctum
3271 3874 3610 3936 acceperant.

2026 3959 2131 4015 Sed
2158 3967 2343 4029 postea
2380 3974 2483 4013 non
2517 3958 2653 4013 tales
2697 3958 2931 4014 fuerunt.
2975 3956 3183 4028 Ubique
3225 3956 3368 4012 enim
3412 3957 3613 4027 primas

2029 4051 2186 4107 Petro
2201 4050 2518 4116 concedunt,
2546 4060 2601 4105 et
2628 4049 2693 4105 ad
2723 4050 3007 4106 conciones
3034 4048 3273 4119 publicas
3300 4048 3449 4103 illum
3472 4063 3614 4119 prse-

2029 4143 2226 4210 ferunt,
2252 4142 2493 4213 quamvis
2515 4142 2723 4198 caeteris
2743 4142 2925 4197 rudior
2950 4141 3237 4197 videretur.
3261 4140 3366 4198 Sed
3393 4156 3488 4196 cur
3512 4155 3616 4198 non

2030 4234 2312 4306 imperaVit
2339 4234 2511 4290 ventis
2555 4242 2615 4288 ut
2650 4236 3003 4304 quiescerent,
3051 4234 3144 4289 sed
3192 4244 3409 4291 extensa
3459 4249 3618 4290 manu

2031 4325 2384 4398 apprehendit
2431 4326 2593 4381 eum?
2621 4326 2754 4394 Quia
2792 4325 2896 4381 ﬁde
2938 4326 3104 4395 ipsius
3144 4342 3280 4397 opus
3309 4334 3442 4381 erat.
3484 4325 3620 4381 Cum

2034 4421 2176 4476 enim
2204 4427 2383 4475 nostra
2415 4419 2684 4486 desinunt,
2708 4434 2823 4489 quae
2854 4418 2947 4473 Dei
2979 4426 3103 4473 sunt
3140 4418 3299 4472 etiam
3340 4418 3616 4473 sistuntur.

2034 4511 2333 4568 Ostendens
2368 4512 2546 4582 igitur,
2578 4525 2683 4566 non
2724 4510 2866 4565 venti
2899 4512 3176 4580 impetum,
3221 4508 3316 4564 sed
3356 4507 3623 4564 modicam

2036 4604 2153 4674 ejus
2179 4604 2337 4659 ﬁdem
2376 4603 2551 4673 ipsum
2584 4602 2863 4667 evertisse,
2902 4602 3015 4656 ait:
3042 4600 3262 4655 Modica!
3288 4599 3426 4670 ﬁdei,
3467 4615 3624 4671 quare

2038 4698 2320 4752 dubitasti?
2344 4696 2523 4767 Itaque
2549 4696 2649 4751 nisi
2675 4695 2806 4751 ﬁdes
2828 4694 3034 4750 inﬁrma
3069 4693 3276 4758 fuisset,
3308 4694 3466 4747 etiam
3488 4708 3623 4747 con-

2041 4803 2123 4848 tra
2162 4800 2380 4847 ventum
2425 4790 2579 4846 facile
2630 4790 2883 4846 stetisset.
2927 4789 3260 4858 Quapropter
3304 4787 3394 4840 illo
3436 4801 3626 4856 appre-

2041 4884 2229 4949 henso,
2257 4892 2473 4937 ventum
2512 4880 2642 4937 ﬂare
2687 4881 2912 4944 sinebat,
2945 4878 3235 4935 ostendens
3274 4877 3407 4932 nihil
3449 4878 3625 4949 ipsum

2043 4976 2259 5042 laedere,
2290 4975 2336 5030 si
2374 4975 2505 5030 ﬁdes
2545 4975 2697 5030 ﬁrma
2739 4984 2905 5030 esset.
2951 4973 3022 5029 Et
3066 4972 3203 5027 sicut
3241 4971 3464 5041 pullum,
3503 4980 3627 5027 ante

2044 5077 2252 5137 tempus
2298 5083 2331 5123 e
2381 5067 2507 5122 nido
2552 5081 2851 5138 egressum,
2901 5074 2958 5120 et
2994 5064 3213 5135 jamjam
3265 5063 3625 5133 delapsurum.

2043 5172 2214 5217 mater
2240 5161 2340 5216 alis
2372 5168 2676 5215 sustentans
2712 5160 2763 5213 in
2804 5158 2982 5211 nidum
3016 5156 3239 5221 reducit,
3273 5156 3349 5210 sic
3386 5165 3440 5211 et
3477 5155 3633 5209 Chri-

2044 5263 2159 5309 stus
2196 5252 2340 5308 fecit.
2385 5251 2475 5308 '52.
2508 5249 2710 5304 Etcum
2734 5250 3071 5303 ascendissent
3097 5249 3149 5301 in
3178 5249 3476 5307 naviculam,
3514 5260 3630 5300 tunc

2045 5346 2252 5400 cessavit
2301 5354 2494 5399 ventus.
2535 5343 2691 5399 Prius
2729 5342 2941 5413 quidem
2988 5342 3236 5397 dicebant
3272 5358 3286 5395 :
3332 5340 3509 5406 Qualis
3554 5350 3630 5394 est

2047 5438 2127 5490 hic
2153 5436 2322 5501 homo,
2355 5436 2473 5505 quia
2492 5436 2621 5489 venti
2641 5444 2687 5489 et
2702 5450 2840 5488 mare
2859 5433 3095 5488 obediunt
3115 5433 3160 5488 ei
3182 5432 3392 5497 (Matth.
3420 5432 3472 5487 8.
3497 5431 3631 5502 27)?

2046 5531 2197 5586 Nunc
2217 5539 2392 5583 autem
2428 5544 2533 5583 non
2560 5530 2655 5583 sic.
2688 5528 2778 5583 35.
2814 5526 2947 5582 Nam
2987 5525 3087 5592 Qui
3114 5526 3169 5580 in
3206 5524 3437 5579 nauicula
3466 5531 3630 5591 erant,

2048 5624 2238 5694 inquit,
2278 5623 2526 5678 venientes
2554 5621 2889 5675 adoraverunt
2934 5636 3049 5674 eum
3078 5619 3297 5674 dicentes
3326 5634 3343 5671 :
3378 5616 3505 5671 Vere
3536 5615 3633 5670 Fi-

2049 5717 2147 5771 lius
2171 5715 2267 5771 Dei
2295 5732 2368 5772 es.
2412 5714 2595 5770 Viden’
2630 5712 2897 5785 quomodo
2930 5712 3179 5784 paulatim
3214 5710 3280 5765 ad
3319 5710 3632 5767 sublimiora

2050 5822 2238 5863 omnes
2263 5806 2458 5863 ducat?
2496 5806 2628 5862 Nam
2667 5807 2792 5871 quia
2829 5807 2882 5862 in
2924 5805 3055 5861 mari
3080 5803 3388 5867 ambulavit.
3423 5813 3475 5859 et
3508 5796 3655 5870 quia
