4108 6376
480 327 585 385 507

478 440 639 494 alium
664 437 823 510 jussit
851 438 904 495 id
931 437 1125 505 facere,
1158 453 1221 493 ac
1241 438 1627 509 periclitantem
1661 437 1913 497 servavit.
1938 435 2061 489 hinc

479 533 614 587 ﬁdes
653 548 839 587 eorum
884 532 1175 586 admodum
1207 539 1357 584 aucta
1409 540 1510 585 est.
1546 530 1696 584 Tunc
1735 530 1877 583 enim
1917 543 2063 581 mare

480 627 794 696 increpavit,
825 642 965 681 nunc
1005 640 1109 679 non
1151 626 1408 694 increpat,
1446 624 1550 677 alio
1578 623 1869 691 majorique
1904 621 2063 675 modo

478 719 768 787 potentiam
794 733 945 773 suam
972 716 1279 772 ostendens.
1320 714 1442 769 ideo
1485 714 1730 769 dicebant
1758 731 1773 768 :
1812 712 1936 766 Vere
1965 710 2061 765 Fi-

479 812 578 867 lius
610 811 708 866 Dei
733 828 803 866 es.
844 810 978 878 Quid
1010 810 1211 879 igitur?
1249 824 1315 862 an
1358 809 1648 877 increpavit
1683 822 1778 862 eos
1822 806 1911 875 qui
1963 807 2061 859 hoc

478 902 754 958 dicerent?
783 902 894 956 lmo
923 911 1106 955 contra
1133 901 1351 955 omnino
1381 915 1394 951 :
1426 898 1528 953 hoc
1553 898 1752 952 dictum
1780 897 1937 951 etiam
1968 897 2060 948 ﬁr-

478 995 662 1059 mavit,
693 1009 811 1048 cum
855 993 1041 1062 majori
1074 1000 1335 1061 potestate
1374 1006 1568 1045 curans
1598 1004 1689 1044 eos
1717 988 1805 1058 qui
1837 986 2059 1043 accede-

477 1094 634 1151 rent,
664 1094 718 1139 et
768 1099 873 1138 non
916 1094 974 1138 ut
1022 1092 1197 1137 antea.
1233 1082 1323 1138 5i.
1376 1080 1442 1135 Et
1483 1097 1595 1133 cum
1636 1083 2059 1149 transfretassent,

478 1177 669 1247 inquit,
700 1185 938 1230 venerunt
971 1177 1025 1229 in
1055 1186 1239 1229 terram
1274 1174 1562 1227 Genesaret.
1600 1173 1689 1227 55.
1738 1171 1801 1225 Et
1830 1188 1945 1225 cum
1971 1188 2059 1227 co-

477 1272 761 1343 gnovissent
789 1286 902 1322 eum
940 1269 1031 1322 viri
1062 1269 1161 1323 loci
1186 1268 1345 1333 illius,
1377 1268 1614 1321 miserunt
1646 1267 1699 1319 in
1725 1282 1921 1319 omnem
1962 1266 2064 1318 cir-

476 1380 593 1417 cum
625 1364 877 1434 regionem
903 1362 1069 1427 illam,
1098 1370 1143 1413 et
1173 1360 1454 1413 obtulerunt
1493 1362 1537 1411 ei
1582 1374 1752 1411 omnes
1790 1358 1920 1411 male
1950 1356 2059 1429 (Ita-

477 1456 665 1519 ltentes,
698 1456 784 1511 56.
816 1466 861 1511 et
882 1454 1123 1526 rogabant
1145 1463 1195 1506 ut
1221 1461 1476 1523 tangerent
1505 1450 1756 1520 ﬁmbriam
1786 1449 2062 1504 vestimenti

477 1548 605 1619 ejus,
634 1557 682 1601 et
708 1557 946 1619 quotquot
986 1548 1270 1616 tetigerunt,
1298 1546 1425 1598 salvi
1459 1544 1580 1615 facti
1612 1553 1747 1597 sunt.
1777 1542 1891 1596 Non
1916 1542 2058 1596 enim

475 1650 535 1694 ut
560 1640 705 1710 prius
729 1641 899 1709 ipsum
929 1639 994 1692 ad
1020 1639 1208 1692 dumos
1238 1652 1365 1692 suas
1388 1636 1688 1699 trahebant,
1721 1649 1817 1688 nec
1851 1647 2059 1701 quaere-

474 1732 604 1787 bant
633 1740 689 1787 ut
708 1748 865 1786 manu
889 1740 1147 1801 tangeret,
1171 1746 1233 1786 ac
1248 1731 1422 1786 verbis
1452 1730 1775 1799 imperaret:
1804 1727 1897 1782 sed
1931 1726 2059 1781 sub-

476 1824 654 1880 limius
680 1823 1095 1893 sapientiusque,
1138 1837 1201 1878 ac
1236 1838 1356 1878 cum
1386 1822 1569 1892 majori
1598 1821 1700 1875 ﬁde
1730 1820 2056 1874 curationem

477 1915 850 1988 impetrabant.
873 1914 1004 1969 Nam
1034 1931 1093 1971 ea
1132 1930 1250 1984 qure
1294 1915 1491 1968 ﬂuxum
1523 1912 1792 1982 sanguinis
1827 1911 2061 1980 patieba-

478 2021 582 2076 tur,
628 2010 876 2065 omnibus
917 2007 1265 2077 philosophia:
1312 2007 1469 2076 hujus
1519 2007 1767 2074 magistra
1816 2004 1933 2057 fuit.
1990 2002 2060 2059 Ut

475 2100 723 2157 ostendat
762 2109 939 2154 autem
989 2099 1336 2169 evangelista,
1384 2098 1493 2167 jam
1539 2111 1569 2149 a
1612 2096 1782 2150 multo
1821 2104 2061 2163 tempore

475 2193 650 2262 ipsum
682 2193 734 2247 in
782 2196 879 2247 has
927 2201 1106 2261 partes
1144 2190 1377 2252 venisse.
1419 2191 1535 2242 ait:
1565 2186 1692 2242 Cum
1719 2188 2060 2258 cognovissent

475 2283 569 2339 viri
590 2285 689 2339 loci
714 2285 875 2350 illius,
903 2284 1146 2338 miserunt
1166 2282 1233 2335 ad
1256 2297 1453 2336 onmem
1488 2281 1679 2334 circum
1707 2279 1980 2349 regionem,
2013 2287 2060 2330 et

476 2386 691 2448 wgrotos
720 2373 993 2443 offerebant
1015 2376 1081 2430 ei.
1108 2376 1359 2429 Attamen
1387 2382 1595 2442 tempus
1623 2388 1726 2425 non
1757 2370 1914 2425 modo
1952 2386 2059 2425 non

477 2470 634 2525 solvit
664 2470 842 2535 ﬁdem,
865 2469 958 2523 sed
985 2476 1038 2523 et
1065 2467 1320 2537 majorem
1351 2464 1545 2529 eﬁ‘ecit,
1578 2473 1631 2518 et
1654 2465 1920 2534 vigentem
1948 2479 2062 2518 ser-

474 2563 637 2617 vavit.
677 2561 976 2632 Tangamus
1018 2574 1145 2628 ergo
1186 2572 1284 2611 nos
1327 2572 1538 2627 quoque
1586 2554 1846 2608 ﬁmbriam
1895 2555 2061 2609 vesti-

476 2653 640 2708 menti
671 2652 817 2723 ejus;
847 2651 978 2717 imo,
1010 2650 1057 2705 si
1093 2650 1334 2715 velimus,
1372 2657 1539 2702 totum
1567 2647 1739 2717 ipsum
1779 2647 2058 2701 habemus.

475 2746 609 2801 Nam
632 2759 825 2815 corpus
862 2758 1005 2798 nunc
1049 2741 1205 2796 nobis
1231 2740 1559 2811 propositum
1599 2747 1713 2804 est;
1756 2754 1863 2792 non
1895 2738 2059 2794 vesti-

474 2847 713 2895 mentum
740 2848 963 2899 tantum,
992 2835 1084 2890 sed
1106 2849 1331 2905 corpus;
1352 2850 1454 2889 non
1485 2842 1542 2888 ut
1566 2840 1843 2903 tangamus
1863 2832 2061 2898 solum,

475 2932 569 2987 sed
611 2930 769 2986 etiam
800 2938 859 2984 ut
900 2928 1265 2993 eomedamus,
1314 2934 1369 2982 et
1410 2926 1687 2981 satiemur.
1728 2923 2062 2980 Accedamus

475 3028 652 3097 itaque
677 3039 799 3080 cum
832 3023 955 3088 ﬁde,
984 3022 1174 3091 singuli
1209 3028 1549 3091 aegrotantes.
1577 3019 1709 3074 Nam
1739 3020 1782 3073 si
1814 3020 1847 3073 ii
1878 3019 1966 3089 qui
2007 3019 2060 3072 iu

476 3117 743 3172 ﬁmbriam
779 3114 1079 3169 vestimenti
1118 3113 1233 3182 ejus
1267 3112 1573 3182 tangebant.
1612 3120 1811 3164 tantam
1847 3110 1946 3165 sibi
1976 3119 2062 3163 at-

473 3221 686 3264 traxere
728 3209 1000 3273 virtutem,
1047 3214 1246 3276 quanto
1280 3207 1449 3275 magis
1489 3206 1523 3258 ii
1573 3206 1661 3274 qui
1694 3214 1859 3258 totum
1890 3204 2061 3274 ipsum

473 3302 694 3358 tenent?
744 3302 1016 3356 Accedere
1053 3309 1229 3352 autem
1280 3314 1403 3351 cum
1453 3296 1558 3352 ﬁde
1588 3312 1694 3351 non
1735 3306 1819 3351 est
1858 3305 2060 3350 tantum

470 3396 807 3466 propositum
860 3408 1055 3462 corpus
1096 3393 1372 3460 accipere,
1416 3390 1512 3445 sed
1553 3405 1673 3445 cum
1724 3404 1855 3459 puro
1902 3387 2063 3443 corde

478 3496 714 3555 tangere,
748 3492 906 3553 atque
933 3485 1000 3537 ita
1031 3481 1277 3537 aﬂ'ectum
1305 3495 1442 3545 esse,
1473 3494 1537 3535 ac
1555 3480 1598 3534 si
1621 3478 1689 3533 ad
1712 3481 1885 3548 ipsum
1913 3478 2066 3533 Chri-

477 3586 618 3633 stum
645 3577 888 3631 accedas.
910 3574 1046 3642 Quid
1074 3575 1241 3641 enim,
1283 3574 1329 3629 si
1366 3588 1553 3627 vocem
1592 3573 1706 3641 ejus
1743 3588 1847 3626 non
1874 3571 2064 3625 audis?

480 3674 548 3725 At
569 3668 715 3723 vides
738 3668 881 3721 illum
901 3668 1186 3736 jacentem,
1218 3666 1327 3719 imo
1359 3680 1486 3718 vero
1520 3678 1705 3718 vocem
1733 3662 1849 3733 ejus
1890 3661 2065 3729 audis,

480 3761 747 3832 loquentis
772 3776 862 3828 per
886 3760 1260 3829 evangelistas.

552 3854 604 3906 ὃ.
636 3851 846 3906 Credite
880 3851 1057 3920 igitur,
1090 3864 1230 3903 nunc
1265 3849 1409 3902 illam
1444 3861 1651 3904 coenam
1691 3847 1973 3913 celebrari,
2012 3848 2065 3901 in

481 3961 583 4016 qua
615 3946 727 4014 ipse
751 3943 1111 3997 recumbebat.
1143 3941 1284 3996 Nihil
1305 3942 1498 4011 quippe
1526 3941 1641 3995 haec
1663 3941 1730 3995 ab
1752 3941 1839 3995 illa
1869 3940 2064 3996 diﬁ‘ert.

483 4036 666 4106 Neque
703 4036 844 4090 enim
888 4032 1026 4089 hanc
1068 4034 1226 4088 homo
1268 4033 1453 4099 efficit,
1488 4034 1631 4087 illam
1674 4033 1935 4099 Christus,
1972 4035 2065 4087 sed

486 4133 571 4185 hic
616 4131 729 4199 ipse
777 4138 1076 4198 utramque.
1126 4127 1348 4194 Quando
1399 4128 1556 4196 igitur
1598 4126 1931 4181 sacerdotem
1974 4127 2068 4179 tibi

486 4222 810 4291 prtebentem
854 4218 1020 4283 vides,
1059 4234 1125 4273 ne
1160 4226 1313 4288 putes
1347 4218 1680 4272 sacerdotem
1726 4218 1828 4273 hoc
1862 4218 2067 4282 facere;

486 4314 579 4369 sed
606 4312 798 4367 Christi
831 4326 1042 4364 manum
1086 4325 1204 4364 esse
1243 4326 1361 4379 qua:
1390 4310 1709 4364 extenditur.
1742 4310 1892 4364 Sicut
1928 4310 2070 4364 enim

486 4421 607 4459 cum
645 4402 896 4459 sacerdos
926 4401 1175 4472 baptizat,
1205 4416 1309 4454 non
1338 4402 1449 4471 ipse
1490 4402 1742 4471 baptizat,
1782 4400 1875 4455 sed
1910 4402 2067 4467 Deus,

487 4498 575 4569 qui
601 4507 762 4567 caput
790 4507 935 4551 tuum
967 4495 1213 4549 invisibili
1256 4495 1450 4549 virtute
1488 4504 1649 4560 tenet,
1681 4511 1743 4549 ac
1780 4511 1953 4565 neque
1978 4512 2073 4549 an-

485 4592 657 4661 gelus,
684 4602 855 4659 neque
890 4587 1256 4657 archangelus,
1304 4601 1402 4643 nec
1449 4586 1583 4641 alius
1608 4586 1868 4656 quispiam
1913 4587 2073 4641 audet

487 4682 745 4738 accedere
779 4692 831 4737 et
858 4691 908 4736 te
940 4691 1153 4751 tangere
1182 4698 1195 4732 :
1227 4680 1304 4734 sic
1338 4688 1393 4735 et
1418 4694 1578 4734 nunc.
1614 4679 1746 4734 Nam
1780 4695 1900 4734 cum
1932 4680 2073 4736 Deus

487 4776 633 4829 solus
663 4783 961 4844 regenerat,
990 4772 1042 4827 id
1090 4772 1181 4827 Dei
1216 4772 1381 4826 solius
1418 4772 1617 4827 donum
1645 4780 1748 4827 est.
1778 4771 1963 4827 Nonne
1993 4773 2073 4825 vi-

490 4866 585 4922 des
610 4882 704 4921 cos
740 4865 829 4935 qui
861 4865 946 4919 hic
985 4865 1039 4918 in
1084 4864 1221 4918 ﬁlios
1266 4863 1604 4933 ad0ptantur,
1655 4863 1926 4934 quomodo
1966 4879 2070 4918 non

490 4976 605 5016 rem
651 4959 820 5013 servis
863 4958 1218 5023 committant,
1265 4955 1359 5010 sed
1391 4956 1489 5024 ipsi
1529 4955 1595 5009 ad
1624 4954 1797 5010 forum
1821 4955 2072 5025 judiciale

490 5051 705 5107 adsint?
738 5049 826 5105 Sic
855 5051 992 5105 Deus
1023 5066 1127 5103 non
1154 5049 1356 5119 angelis
1395 5049 1498 5103 hoc
1539 5064 1732 5103 munus
1757 5048 2024 5103 commisit
2056 5066 2070 5103 :

491 5143 586 5199 sed
608 5142 721 5212 ipse
741 5143 893 5196 adest
912 5142 1106 5210 jubens
1136 5151 1190 5195 et
1216 5141 1402 5195 dicens
1434 5158 1447 5194 :
1480 5140 1655 5194 Nolite
1678 5156 1857 5195 vocare
1880 5153 2074 5211 patrem

491 5243 642 5306 super
667 5244 848 5289 terram
872 5234 1081 5306 (Matth.
1108 5233 1199 5288 ‘25.
1226 5232 1316 5306 9);
1346 5248 1453 5287 non
1480 5241 1538 5286 ut
1565 5243 1810 5302 parentes
1837 5242 2075 5287 contem-

494 5339 614 5395 nat;
643 5327 734 5382 sed
764 5334 819 5380 ιιι
864 5326 965 5379 illis
1003 5326 1249 5380 omnibus
1282 5324 1537 5379 factorem
1570 5334 1716 5378 tuum
1756 5332 2070 5395 anteponas,

494 5424 582 5493 qui
616 5431 666 5477 te
705 5421 842 5474 inter
873 5420 1011 5472 ﬁlios
1038 5433 1164 5473 suos
1193 5419 1492 5488 adscripsit.
1531 5417 1660 5472 Nam
1690 5418 1779 5488 qui
1832 5418 1881 5472 id
1931 5419 2074 5488 quod

494 5518 664 5585 majus
686 5523 800 5570 erat
825 5513 990 5574 dedit,
1024 5513 1123 5566 hoc
1151 5521 1250 5577 est,
1284 5514 1540 5581 seipsum,
1580 5514 1748 5566 multo
1784 5512 1953 5583 magis
1990 5511 2076 5566 di-

491 5608 737 5679 gnabitur
764 5620 917 5661 suum
943 5604 1036 5659 tibi
1064 5604 1277 5659 tradere
1316 5618 1529 5673 corpus.
1559 5604 1851 5658 Audiamus
1894 5604 2073 5673 igitur,

491 5710 545 5755 ct
582 5697 906 5764 sacerdotes,
938 5706 993 5752 et
1018 5695 1213 5750 subditi
1252 5695 1351 5762 eis,
1399 5704 1597 5764 quanto
1632 5710 1852 5749 munere
1878 5694 2076 5764 dignati

490 5788 685 5859 simus;
725 5788 1019 5858 audiamus,
1064 5795 1119 5846 et
1160 5788 1648 5859 perhorrescamus.
1688 5785 1877 5843 Sacrae
1923 5785 2077 5842 nobis

1135 324 1195 383 S.
1230 322 1508 382 JOANNIS
1542 322 2021 381 CHRYSOSTOMI
2063 322 2379 380 AItCHlEP.
2420 323 2952 383 CONSTANTINOP.

3648 331 3754 388 508

2170 451 2359 491 carnes
2387 452 2514 492 suas
2532 440 2891 495 cometlendas
2920 441 3085 505 dedit,
3115 439 3349 511 aeipsum
3379 441 3625 512 apposuit
3650 443 3752 497 imo

2168 528 2445 582 molatum.
2473 529 2603 595 Quae
2633 532 2790 601 igitur
2831 533 2982 587 nobis
3023 534 3298 587 excusatio
3345 533 3466 594 erit.
3507 548 3627 587 cum
3662 533 3754 587 tali

2166 621 2303 689 pasti
2330 621 2471 687 cibo,
2506 623 2681 677 taliter
2706 625 3028 693 peccemus?
3068 640 3187 679 cum
3226 641 3419 694 agnum
3463 624 3750 679 comeden-

2168 719 2270 777 tes,
2299 712 2406 782 lupi
2455 712 2753 769 efﬁcimur?
2792 732 2911 770 cum
2941 732 3093 772 ovem
3140 717 3542 784 manducantes,
3586 718 3754 773 instar

2168 802 2379 857 leonum
2408 806 2682 874 rupimus?
2725 807 2837 862 Hoc
2873 809 3069 878 quippe
3097 812 3407 881 mysterium
3444 826 3550 867 non
3575 812 3749 867 solum

2167 910 2195 947 a
2243 898 2422 967 rapina
2450 938 2469 963 ,
2504 899 2597 953 sed
2624 900 2787 955 etiam
2813 916 2843 954 a
2878 901 2980 957 levi
3030 903 3301 958 inimicitia
3333 921 3494 975 puros
3537 922 3758 978 semper

2166 1003 2287 1044 esse
2309 991 2482 1059 jubet.
2524 991 2655 1046 Nam
2709 994 2809 1048 hoc
2860 996 3195 1064 mysterium,
3246 996 3391 1066 pacis
3437 1008 3519 1053 est
3547 1010 3749 1070 myste-

2166 1080 2303 1135 rium
2336 1097 2351 1131 :
2384 1097 2483 1137 nec
2507 1084 2635 1138 sinit
2660 1083 2857 1141 divitiis
2896 1102 3017 1142 esse
3062 1087 3323 1143 addictos.
3373 1087 3505 1144 Nam
3552 1091 3596 1145 si
3635 1091 3757 1160 ipse

2167 1183 2385 1243 propter
2414 1190 2513 1229 nos
2555 1176 2655 1231 sibi
2702 1178 2803 1247 ipsi
2841 1193 2948 1235 non
2999 1182 3254 1250 pepercit,
3292 1198 3400 1252 quo
3445 1184 3644 1239 erimus
3669 1185 3755 1240 di-

2165 1265 2254 1333 gni
2297 1267 2557 1336 supplicio
2586 1269 2632 1322 si
2669 1269 2868 1325 divitiis
2911 1287 3213 1342 parcamus,
3265 1276 3603 1347 animamque
3650 1292 3753 1333 tte--

2164 1357 2470 1427 gligamus,
2522 1377 2617 1430 pro
2663 1378 2765 1433 qua
2828 1364 2941 1434 ipse
2991 1365 3090 1420 sibi
3145 1366 3245 1437 ipsi
3297 1384 3402 1422 non
3464 1370 3754 1438 pepercit?

2165 1452 2366 1508 Judaeis
2392 1456 2609 1525 quidem
2662 1460 2951 1527 quotannis
2988 1460 3042 1513 in
3090 1462 3402 1516 memoriam
3454 1463 3749 1519 beneﬁcio-

2166 1560 2285 1598 rum
2326 1560 2544 1601 suorum
2576 1547 2941 1603 solemnitates
2990 1550 3131 1605 Deus
3174 1552 3439 1618 instituit;
3484 1554 3577 1609 tibi
3621 1570 3747 1610 vero

2165 1636 2387 1704 singulis
2430 1653 2568 1707 pene
2608 1638 2796 1694 diebus
2847 1657 2939 1708 per
2990 1640 3107 1697 inec
3144 1656 3295 1697 sacra
3351 1645 3623 1713 mysteria.
3669 1644 3753 1701 Ne

2166 1726 2324 1795 igitur
2361 1742 2573 1784 crucem
2617 1730 2902 1786 erubescas
2936 1750 2949 1786 :
2983 1733 3095 1788 haec
3146 1735 3341 1804 quippe
3390 1744 3515 1790 sunt
3553 1736 3745 1791 decora

2166 1828 2368 1885 nostra,
2402 1821 2515 1876 hmc
2551 1832 2732 1877 nostra
2760 1825 3031 1893 mysteria,
3083 1825 3182 1881 hoc
3224 1842 3478 1882 ornantur
3502 1844 3744 1897 munere,

2166 1910 2268 1966 hoc
2290 1915 2597 1984 gloriamur.
2630 1916 2687 1971 Si
2716 1916 2922 1984 dixero,
2950 1918 3150 1973 Caelum
3178 1928 3232 1974 et
3260 1929 3455 1975 terram
3485 1922 3745 1990 extendit,

2164 2020 2311 2059 mare
2354 2005 2557 2071 effudit,
2587 2008 2876 2077 prophetas
2913 2018 2968 2065 et
3005 2012 3222 2081 angelos
3268 2014 3431 2081 misit,
3464 2014 3593 2068 nihil
3626 2016 3753 2072 huic

2163 2094 2240 2149 rei
2268 2110 2364 2164 par
2406 2095 2611 2151 dixero.
2669 2099 2779 2153 lloc
2803 2100 2997 2169 quippe
3037 2111 3197 2170 caput
3220 2111 3303 2158 est
3330 2103 3588 2159 bonorum
3626 2119 3743 2160 om-

2165 2188 2310 2242 nium
2340 2228 2356 2255 ,
2392 2189 2531 2259 quod
2564 2190 2701 2245 Filio
2740 2206 2838 2245 suo
2866 2208 2969 2245 non
3004 2196 3320 2263 pepercerit,
3363 2205 3421 2250 ut
3445 2211 3629 2253 servos
3656 2197 3752 2252 ab-

2164 2282 2421 2338 alienatos
2447 2293 2707 2338 servaret.
2731 2283 2917 2339 Nullus
2929 2301 3056 2356 ergo
3075 2286 3238 2342 ludas
3258 2287 3395 2343 hanc
3419 2288 3575 2344 adeat
3598 2306 3747 2345 men-

2164 2390 2313 2441 sam;
2370 2376 2547 2431 nullus
2592 2376 2780 2432 Simon
2824 2395 2839 2431 :
2889 2378 3049 2432 ambo
3110 2379 3253 2435 enim
3322 2395 3417 2451 per
3470 2383 3751 2437 avaritiam

2164 2469 2456 2539 perierunt.
2499 2470 2785 2541 Fugiamus
2833 2470 3008 2542 itaque
3057 2472 3158 2527 hoc
3202 2473 3529 2541 barathrum,
3575 2491 3751 2545 neque

2166 2572 2411 2629 putemus
2432 2562 2583 2616 nobis
2610 2562 2739 2617 satis
2767 2577 2885 2617 esse
2904 2562 2971 2617 ad
3004 2564 3249 2630 salutem,
3282 2565 3325 2619 si
3358 2577 3633 2635 postquam
3665 2567 3748 2620 vi-

2165 2654 2297 2707 duas
2328 2662 2384 2709 et
2405 2654 2635 2724 pupillos
2671 2655 3111 2724 exspoliavimus,
3153 2657 3399 2726 poculum
3442 2674 3660 2712 aureum
3695 2668 3749 2713 et

2164 2744 2388 2816 gemmis
2429 2752 2673 2800 ornatum
2703 2761 2904 2801 mensa:
2946 2745 3251 2801 oﬁ‘cramus.
3282 2747 3414 2802 Nam
3457 2748 3501 2803 si
3530 2749 3608 2804 vis
3649 2749 3752 2805 hoc

2164 2837 2481 2891 sacriﬁcium
2510 2836 2796 2902 honorare,
2842 2837 3073 2893 animam
3119 2838 3272 2905 oﬁ‘er,
3302 2839 3372 2893 ob
3417 2855 3575 2909 quam
3599 2839 3751 2895 Chri-

2165 2937 2279 2982 stus
2304 2928 2609 2982 immolatus
2632 2936 2715 2983 est
2744 2946 2756 2980 :
2787 2928 2925 2983 hanc
2944 2927 3104 2984 facito
3128 2944 3343 2984 auream
3378 2947 3391 2983 :
3421 2930 3467 2985 si
3489 2946 3617 2985 vero
3639 2932 3753 3000 ipsa

2166 3021 2236 3076 sit
2263 3020 2481 3090 plumbo
2504 3029 2560 3076 et
2587 3029 2720 3076 testa
2746 3020 2997 3085 deterior,
3043 3036 3135 3075 vas
3178 3030 3357 3077 autem
3399 3037 3619 3077 aureum
3658 3024 3751 3087 sit,

2166 3112 2291 3182 quid
2314 3112 2438 3167 inde
2466 3112 2595 3167 lucri
2621 3112 2644 3166 ?
2667 3111 2745 3167 Nc
2776 3112 2935 3183 igitur
2965 3114 3066 3168 hoc
3088 3128 3339 3169 curemus
3365 3115 3537 3168 solum
3568 3124 3624 3168 ut
3650 3130 3749 3168 au-

2166 3220 2259 3261 rea
2289 3219 2413 3259 vasa
2451 3204 2760 3267 oﬁ'eramus.
2804 3205 2897 3260 sed
2925 3216 2981 3260 ut
3005 3220 3071 3259 cx
3108 3205 3268 3275 justis
3295 3205 3581 3261 laboribus.
3627 3205 3753 3261 Haec

2168 3297 2367 3367 quippe
2395 3305 2520 3352 sunt
2546 3311 2679 3352 auro
2700 3296 3039 3366 pretiosiora,
3070 3312 3191 3365 qua:
3229 3311 3336 3351 non
3363 3312 3429 3351 ex
3455 3296 3671 3351 avaritia
3696 3306 3753 3350 et

2170 3388 2357 3458 rapina
2397 3397 2545 3459 parta
2594 3400 2737 3445 sunt.
2780 3389 2963 3460 Neque
2987 3390 3130 3444 enim
3156 3389 3272 3444 auri
3297 3390 3377 3443 vel
3405 3389 3609 3461 argenti
3635 3389 3753 3443 oili-

2168 3485 2286 3538 cina
2313 3491 2397 3538 est
2435 3483 2682 3551 ecclesia,
2725 3484 2820 3539 sed
2868 3484 3180 3555 angelorum
3226 3485 3509 3541 celebritas
3540 3497 3557 3540 :
3585 3501 3751 3551 quare

2170 3576 2449 3631 animabus
2470 3577 2623 3632 nobis
2649 3585 2730 3632 est
2754 3592 2888 3646 Opus
2916 3594 2932 3633 :
2957 3593 3077 3632 nam
3100 3577 3215 3633 htec
3238 3594 3360 3633 vasa
3391 3591 3610 3649 propter
3634 3580 3753 3633 ani-

2171 3683 2286 3723 mas
2323 3668 2554 3722 admittit
2602 3669 2759 3723 Deus.
2802 3669 2919 3723 Non
2971 3680 3086 3724 erat
3122 3680 3372 3740 argentea
3412 3686 3594 3725 mensa
3643 3670 3751 3736 illa,

2172 3775 2271 3815 nec
2312 3775 2506 3815 aureus
2546 3760 2766 3815 calix'in
2817 3776 2923 3830 quo
2950 3762 3261 3830 sanguinem
3303 3778 3455 3815 suum
3484 3761 3757 3831 discipulis

2171 3850 2414 3907 Christus
2435 3851 2580 3907 dedit
2612 3871 2625 3907 :
2658 3852 2752 3907 sed
2787 3861 2963 3906 tamen
3004 3854 3181 3907 omnia
3220 3854 3309 3907 illa
3338 3856 3563 3923 pretiosa
3602 3865 3757 3908 erant

2172 3952 2226 3999 et
2248 3943 2539 4010 tremenda,
2584 3944 2705 4013 quia
2746 3946 2921 3998 omnia
2987 3943 3182 4013 Spiritu
3222 3946 3421 4014 repleta
3464 3956 3633 3998 erant.
3665 3944 3759 3999 Vis

2173 4050 2367 4103 corpus
2397 4034 2591 4090 Christi
2640 4034 2943 4089 honorare?
2986 4034 3101 4090 Non
3140 4035 3404 4105 despicias
3444 4038 3614 4107 ipsum
3655 4053 3754 4091 ttu-

2174 4126 2303 4179 dnm
2333 4143 2347 4178 :
2376 4141 2548 4195 neque
2576 4125 2664 4180 hic
2692 4127 2876 4181 sericis
2902 4126 3136 4181 vestibus
3165 4126 3415 4190 honores,
3441 4129 3566 4182 toris
3580 4139 3754 4183 autem

2177 4218 2372 4288 frigore
2416 4233 2478 4273 ac
2525 4218 2761 4273 nuditate
2807 4217 3061 4272 afﬂictum
3108 4220 3362 4289 negligas.
3418 4219 3548 4273 Nam
3582 4221 3626 4275 is
3668 4222 3758 4290 qui

2176 4311 2328 4378 dixit,
2353 4309 2467 4365 Hoc
2494 4320 2567 4366 est
2600 4328 2782 4380 corpus
2810 4328 2978 4366 meum
3004 4312 3218 4382 (Matth.
3250 4312 3341 4367 26.
3369 4312 3487 4382 26),
3516 4324 3569 4369 et
3595 4313 3761 4369 verbo

2176 4420 2290 4459 rem
2321 4402 2569 4468 ﬁrmavit,
2600 4402 2738 4457 idem
2786 4403 2900 4473 ipse
2937 4403 3111 4459 dixit:
3144 4403 3463 4459 Esurientem
3504 4422 3584 4458 me
3626 4406 3758 4460 uidi-

2177 4495 2287 4561 stis,
2318 4504 2362 4548 et
2388 4511 2489 4548 non
2514 4494 2791 4549 nntriuistis
2813 4512 2831 4560 ;
2856 4502 2929 4561 et,
2960 4494 3027 4549 In
3055 4505 3298 4564 quantum
3327 4514 3429 4551 non
3456 4498 3643 4567 fecistis
3671 4497 3759 4554 ulti

2178 4588 2357 4639 horum
2395 4585 2738 4650 minimarum,
2784 4601 2873 4638 nec
2901 4584 3026 4638 mihi
3060 4586 3254 4657 fecistis
3299 4585 3508 4657 (Matth.
3540 4586 3631 4642 9.5.
3666 4586 3757 4643 ιε.

2176 4678 2291 4749 45).
2333 4678 2447 4734 Hoc
2499 4689 2646 4733 certe
2696 4693 2799 4733 non
2831 4692 2965 4747 opus
3016 4678 3173 4732 habet
3219 4680 3437 4744 amictu,
3491 4679 3585 4735 sed
3629 4695 3767 4750 puro

2178 4771 2389 4835 animo;
2415 4769 2545 4824 illud
2565 4778 2739 4825 autem
2761 4785 2947 4839 magna
2975 4785 3107 4839 opus
3130 4769 3287 4825 habet
3314 4787 3458 4826 cura.
3486 4772 3767 4828 Discamus

2179 4864 2356 4933 itaque
2399 4862 2782 4934 philosophari,
2832 4873 2885 4917 et
2927 4862 3195 4918 Christum
3237 4863 3502 4919 honorare
3554 4874 3611 4919 ttt
3649 4866 3766 4935 ipse

2180 4956 2293 5009 vult
2323 4970 2339 5009 :
2370 4970 2494 5009 nam
2520 4954 2590 5021 ei,
2619 4955 2709 5025 qui
2736 4953 3044 5022 honoratur,
3079 4954 3250 5009 honor
3275 4955 3365 5011 ille
3394 4958 3763 5022 suavissimus,

2179 5060 2340 5115 quem
2372 5046 2486 5117 ipse
2514 5055 2682 5115 optat,
2722 5062 2829 5101 non
2858 5061 3016 5117 quem
3047 5061 3146 5101 nos
3183 5056 3452 5117 putamus.
3492 5046 3766 5118 Siquidem

2181 5139 2372 5195 Petrus
2401 5154 2459 5196 se
2487 5140 2634 5194 illum
2670 5141 2930 5195 honorare
2963 5140 3200 5209 putabat,
3228 5154 3347 5195 cum
3384 5139 3660 5196 cohiberet
3696 5155 3767 5197 no

2185 5232 2346 5301 pedes
2374 5248 2501 5287 suos
2536 5232 2734 5286 lavarct
2774 5230 2953 5302 (Joan.
2982 5232 3068 5286 15.
3100 5233 3193 5301 8);
3225 5230 3321 5287 sed
3355 5231 3408 5287 id
3446 5234 3585 5303 quod
3612 5232 3765 5288 vole-

2181 5326 2273 5380 bat
2299 5342 2403 5379 non
2435 5336 2548 5380 erat
2571 5324 2763 5391 honor,
2786 5325 2879 5379 sed
2902 5340 3055 5378 secus
3082 5325 3319 5379 omnino.
3344 5324 3437 5381 Sic
3460 5334 3513 5380 et
3540 5334 3594 5380 tu
3616 5325 3765 5380 illum

2183 5420 2281 5489 ipsi
2327 5418 2519 5473 exhibe
2565 5417 2820 5472 honorem
2865 5433 3021 5486 quem
3068 5418 3184 5487 lege
3228 5418 3501 5489 praecepit,
3554 5417 3769 5473 divitias

2183 5517 2302 5563 tuas
2332 5509 2652 5580 pauperibus
2693 5523 2940 5579 erogans.
2989 5508 3170 5579 Neque
3219 5510 3360 5565 enim
3408 5510 3548 5565 vasis
3589 5509 3769 5567 aureis

2184 5617 2317 5672 Opus
2345 5602 2504 5657 habet
2529 5603 2689 5668 Deus,
2718 5601 2814 5656 sed
2838 5602 3113 5657 animabus
3141 5604 3336 5657 aureis.

2253 5694 2307 5748 4.
2348 5692 2682 5764 Eleemosyna
2708 5693 2868 5764 magis
2902 5692 3009 5747 Deo
3038 5692 3200 5763 placet
3240 5710 3389 5764 quam
3425 5709 3631 5748 munera
3669 5694 3769 5764 ipsi

2190 5785 2297 5840 sine
2338 5787 2554 5841 utilitate
2590 5785 2808 5856 proximi
2850 5795 3160 5842 consecrata.
3200 5786 3395 5844 —Hoc
3427 5802 3588 5857 porro
3624 5785 3768 5859 dico,

2464 5937 2544 5960 “ﬂ,
2558 5928 2591 5944 ..ι
2608 5924 2624 5941 ς
