4134 6372
336 467 578 532 πίπτειν,
603 469 636 540 ἡ
671 465 852 538 μήτηρ
872 466 990 528 ταῖς
1019 463 1241 536 πτέρυξι
1276 464 1687 521 διαϐαστάσασα
1729 467 1889 522 πάλιν
1916 467 2011 520 ἐπὶ

333 553 435 620 τὴν
489 548 680 602 καλιάν
735 545 879 614 ἄγει,
946 545 1088 598 οὓτω
1123 547 1216 599 καὶ
1261 545 1290 597 6
1318 546 1552 614 Χριστὸς
1595 546 1840 618 ἐποίησε.
1899 547 2012 600 Καὶ

333 629 671 684 ἐπιϐάντων
729 623 928 678 αὐτῶν
991 623 1098 678 τοῦ
1161 625 1399 691 πλοίου,
1446 627 1580 680 τότε
1622 626 1929 680 ἐπαύσατο
1978 628 2012 679 ό

335 711 578 777 ἄνεμος.
625 707 740 776 Πρὸ
779 704 970 758 τούτου
1029 705 1126 774 μὲν
1186 703 1403 771 ἔλεγον·
1459 706 1734 771 Ποταπός
1777 706 1950 758 ἐστιν
1978 707 2012 759 ὁ

335 789 646 855 ἄνθρωπος
686 781 885 849 οὗτος,
931 782 1019 836 ὅτι
1059 781 1156 836 καί
1195 786 1248 838 οἱ
1293 782 1498 852 ἄνεμοι
1543 783 1641 837 καὶ
1665 786 1704 852 ἡ
1730 785 2012 838 θάλασσα

336 867 756 932 ὑπακούουσιν
775 861 964 928 αὐτῷ;
985 863 1102 915 νυνὶ
1124 862 1180 915 δέ
1208 863 1306 932 οὐχ
1343 862 1533 926 οὕτως.
1578 867 1643 916 Ol
1678 866 1786 932 γὰρ
1817 865 1885 916 ὲν
1932 861 2013 928 τῷ

335 947 551 1011 πλοίῳ,
592 945 777 1013 φησὶν,
795 942 1078 1006 ἐλθόντες
1098 943 1569 1008 προσεκύνησαν
1604 941 1785 1006 αὐτῷ,
1813 942 2012 1010 16"}on-

334 1041 436 1088 τες
457 1040 470 1053 ·
518 1020 782 1088 Ἀληθῶς
816 1021 965 1074 Θεοῦ
997 1021 1128 1086 Υίός
1175 1017 1248 1073 εἴ.
1293 1021 1455 1092 Ὁρᾷς
1494 1022 1611 1085 πῶς
1643 1019 1786 1074 κατά
1817 1021 2010 1090 μικρὸν

334 1105 429 1157 ἐπὶ
462 1102 524 1155 τὸ
550 1101 882 1171 ὑψηλότερον
907 1102 1154 1162 ἅπαντας
1179 1096 1318 1171 ἦγες
1349 1102 1456 1153 Καὶ
1501 1102 1612 1171 γάρ
1637 1101 1743 1153 ἀπὸ
1777 1101 1870 1154 τοῦ
1917 1101 2012 1170 βα-

334 1184 482 1237 δίσαι
543 1183 603 1234 ἐν
653 1184 722 1251 τῇ
787 1179 1050 1251 θαλάσσῃ,
1093 1180 1188 1233 καὶ
1239 1180 1346 1232 ἀπὸ
1400 1179 1495 1232 τοῦ
1541 1180 1714 1251 ἑτέρῳ
1756 1179 2012 1233 κελεῦσαι

334 1263 497 1317 τοῦτο
523 1260 768 1330 ποιῆσαι,
796 1261 890 1312 καὶ
917 1259 1292 1314 κινδυνεύοντα
1311 1259 1598 1321 διασῶσαι,
1627 1260 1797 1332 πολλὴ
1829 1259 2014 1314 λοιπὸν

336 1347 373 1416 ὴ
407 1343 590 1407 πίστις
613 1339 702 1415 ἦν.
759 1341 892 1393 Τότε
917 1342 1014 1411 μέν
1036 1341 1142 1410 γὰρ
1173 1341 1473 1411 ἐπετίμησε
1509 1344 1573 1411 τῇ
1607 1341 1873 1411 θαλάσσῃ,
1896 1342 2014 1393 νυνὶ

334 1424 396 1476 δέ
419 1425 517 1477 οὐκ
537 1422 788 1492 ἐπιτιμᾷ,
817 1419 1018 1490 ἑτέρως
1050 1421 1149 1492 τὴν
1195 1419 1420 1490 δύναμιν
1462 1418 1624 1472 αὑτοῦ
1655 1419 1870 1483 δεικνὺς
1899 1438 2014 1491 μει-

337 1507 530 1570 ξόνως.
571 1501 662 1555 Διὸ
717 1505 811 1555 καὶ
862 1500 1080 1568 ἐλεγονο
1129 1501 1394 1567 Ἀληθῶς
1441 1499 1591 1553 Θεοῦ
1656 1499 1788 1564 Υίὸς
1832 1496 1906 1555 εἷ.
1949 1501 1992 1550 Τ
2000 1500 2015 1552 ί

335 1583 468 1652 οῦν;
529 1582 830 1652 ἐπετίμησε
872 1578 1032 1632 τοῦτο
1080 1580 1366 1651 είρηκόσι;
1424 1579 1745 1633 Τούναντίον
1795 1580 1893 1648 μὲν
1925 1574 2016 1632 οῦν

336 1665 508 1728 ἅπαν,
539 1663 635 1717 καὶ
668 1659 965 1714 ἐϐεϐαίωσε
996 1657 1057 1711 τὸ
1085 1658 1294 1729 λεχθὲν,
1335 1658 1476 1729 μετά
1500 1658 1745 1730 μείζονος
1767 1658 2016 1722 ἐξουσίας

335 1742 662 1814 θεραπεύων
720 1742 846 1801 τοὺς
891 1737 1255 1814 προσιόντας,
1286 1737 1380 1791 καὶ
1421 1737 1520 1808 οὐχ
1552 1737 1630 1800 ὡς
1673 1737 2013 1808 ἔμπροσθεν.

336 1813 450 1879 Κάἰ
479 1822 975 1889 διαπεράσαντες,
1011 1818 1198 1887 φησὶν,
1228 1813 1421 1887 ἦλθον
1458 1821 1547 1884 είς
1572 1816 1687 1885 τὴν
1715 1815 1833 1887 γῆν
1879 1819 2016 1870 Γενι

337 1903 625 1972 ησαρέτ.
664 1901 773 1955 Καὶ
821 1899 1171 1967 ἐπιγνόντες
1211 1897 1402 1951 αὐτὸν
1437 1900 1492 1952 οί
1538 1895 1755 1965 ἄνδρες
1787 1897 1895 1950 τοῦ
1924 1897 2019 1949 τό-

337 1999 458 2039 που
491 1984 754 2044 ἐκείνου,
788 1979 1153 2034 ἀπέστειλαν
1201 1980 1287 2042 εἰς
1319 1977 1472 2044 ὅλην
1521 1976 1636 2044 τὴν
1687 1978 2019 2044 περίχωρον

335 2065 605 2131 ἐκείνην,
638 2061 737 2114 καί
781 2057 1209 2126 προσήνεγκαν
1259 2056 1418 2122 αὐτῷ
1456 2057 1689 2123 πάντας
1723 2055 1864 2122 τοὺς
1911 2073 2018 2110 κα-

336 2145 459 2209 κῶς
480 2145 755 2213 ἔχοντας,
787 2139 882 2193 καὶ
905 2139 1289 2206 παρεκάλουν
1317 2139 1418 2191 ἵνα
1446 2138 1716 2206 ἅψωνται
1748 2138 1854 2190 τοῦ
1883 2155 2018 2205 κρα-

337 2223 573 2278 σπέδου
598 2220 704 2274 τοῦ
751 2218 983 2288 ἱματίου
1025 2217 1247 2272 αὐτοῦ·
1278 2219 1376 2271 καὶ
1420 2215 1554 2270 ὅσοι
1603 2216 1840 2283 ἥψαντο
1871 2217 2018 2268 ἐσώ-

340 2305 561 2368 θησαν.
596 2298 731 2353 Οὐδὲ
763 2298 870 2368 γὰρ
895 2296 1098 2367 ὁμοίως
1161 2297 1237 2359 ὥς
1281 2296 1546 2368 πρότερον
1575 2294 1906 2366 προσῄεσαν,
1938 2298 2018 2358 εἰς

337 2381 438 2444 τὰς
462 2379 640 2441 οἰκίας
665 2380 825 2430 αὑτὸν
855 2375 1124 2442 ἕλκοντες,
1151 2376 1248 2428 καὶ
1288 2374 1472 2446 χειρὸς
1497 2374 1642 2446 ἁφὴν
1695 2373 2019 2446 ἐπιζητοῦν-

337 2479 432 2524 τες
460 2500 474 2522 ,
523 2461 621 2514 καὶ
679 2456 1077 2529 προστάγματα
1123 2455 1211 2509 διά
1253 2456 1550 2527 ῥημάτων·
1597 2456 1714 2510 ἀλλ’
1759 2457 2019 2527 ὑψηλότε-

343 2559 438 2614 ρον
472 2538 651 2608 πολλῷ
696 2538 789 2592 καὶ
817 2536 1269 2607 φιλοσοφώτερον,
1321 2535 1418 2589 καί.
1460 2539 1597 2605 μετὰ
1629 2536 1871 2598 πλείονος
1917 2535 2019 2605 τῆς

338 2623 581 2683 πίστεως
601 2621 702 2688 τὴν
722 2618 1019 2688 θεραπείαν
1046 2617 1382 2671 ἐπεσπῶντο.
1415 2618 1479 2670 Ἠ
1514 2616 1624 2687 γὰρ
1651 2615 2020 2689 αἱμορροοῦσα

339 2701 592 2762 ἅπαντας
632 2699 833 2764 ἐδίδαξε
866 2697 1192 2765 φιλοσοφεῖν.
1225 2699 1448 2759 Δεικνὺς
1478 2697 1534 2749 δέ
1557 2698 1585 2749 6
1606 2697 2016 2766 εὐαγγελιστὴς,

338 2781 425 2832 ὅτι
486 2779 581 2831 καί⁹
627 2777 716 2829 διὰ
775 2775 970 2828 πολλοῦ
1025 2776 1219 2845 χρόνου
1271 2779 1382 2839 τοῖς
1426 2776 1645 2848 μέρεσιν
1677 2775 1868 2846 ἐπέϐη,
1913 2792 2017 2846 φη-

343 2861 453 2921 σὶν,
478 2859 561 2911 ὅτι
607 2857 992 2924 Ἑπιγνόντες
1027 2857 1080 2906 οἱ
1121 2853 1336 2922 ἄνδρες
1369 2855 1476 2907 τοῦ
1525 2855 1713 2908 τόπου
1743 2854 2020 2908 ἀπέστει-

339 2943 465 2993 λαν
523 2938 608 3004 τίς
662 2936 778 3004 τὴν
823 2935 1173 3001 περίχωρον,
1237 2934 1336 2987 καί
1384 2933 1811 3003 προσήνεγκαν
1861 2933 2021 2999 αὐτῷ

341 3019 489 3084 τοὺς
514 3013 712 3081 κακῶς
738 3015 1014 3083 ἔχοντας.
1069 3011 1206 3064 Ἀλλ’
1256 3013 1405 3082 ὅμως
1445 3015 1472 3065 6
1515 3014 1704 3083 χρόνος
1749 3014 1810 3066 οὐ
1860 3015 2018 3084 μόνον

341 3098 446 3150 οῦκ
491 3095 707 3160 ἐξέλυσε
731 3095 830 3164 τὴν
856 3094 1058 3149 πίστιν,
1106 3091 1240 3144 ἀλλά
1285 3092 1378 3142 καί¹
1429 3091 1648 3160 μείζονα
1702 3091 2014 3161 εἰργάσατο,

342 3180 441 3231 καὶ
493 3176 846 3246 ἀκμάζουσαν
895 3173 1230 3242 διετήρησεν.
1276 3170 1570 3241 ’Λψώμεθα
1608 3173 1650 3202 ’⁷
1702 3175 1879 3224 τοίνυν
1922 3177 2016 3226 καὶ

343 3259 505 3328 ἡμεῖς
543 3255 636 3309 τοῦ
676 3253 981 3326 κρασπέδου
1035 3251 1129 3306 τοῦ
1180 3253 1395 3321 ἱματίου
1447 3250 1610 3306 αὑτοῦ
1639 3269 1652 3283 ⁸
1700 3254 1899 3323 μᾶλλον
1939 3255 2013 3316 ἐέ,

344 3337 444 3390 ἐάν
492 3335 768 3406 θέλωμεν,
822 3332 942 3385 ὅλον
999 3332 1162 3385 αὐτὸν
1215 3330 1425 3401 ἔχομεν.
1501 3331 1612 3384 Καὶ
1666 3332 1772 3401 γάρ
1818 3333 1911 3385 καὶ
1957 3332 2019 3384 τὸ

346 3415 509 3486 σῶμα
541 3412 708 3468 αὑτοῦ
744 3411 1032 3482 πρόκειται
1061 3409 1156 3462 νῦν
1177 3411 1343 3479 ἡμῖν·
1395 3409 1458 3462 ού
1491 3410 1552 3462 τὸ
1581 3411 1795 3480 ἱμάτιον
1836 3411 2014 3481 μόνον,

344 3493 484 3548 ἀλλὰ
505 3491 679 3545 καὶτὸ
707 3490 894 3561 σῶμα·
930 3489 1028 3560 οὐχ
1051 3489 1192 3543 ὥστε
1227 3486 1467 3557 ἅψασθαι
1508 3488 1686 3558 μόνον,
1719 3487 1830 3541 ἀλλ’
1879 3487 2019 3540 ῶστε

345 3575 445 3628 καὶ
497 3572 691 3641 φαγεῖν
752 3569 847 3622 καὶ
909 3567 1308 3639 ἐμφορηθῆναι.
1356 3567 1797 3638 Προσερχώμεθα
1841 3568 2020 3620 τοίνυν

350 3654 491 3726 μετά
517 3652 776 3712 πίστεως,
810 3648 1042 3712 ἕκαστος
1085 3647 1369 3726 ἀσθένειαν
1403 3647 1563 3718 ἔχων.
1605 3648 1669 3701 EE
1713 3648 1822 3720 γὰρ
1849 3649 1899 3700 οί
1926 3649 2020 3702 τοῦ

347 3730 660 3803 κρασπέδου
691 3726 788 3781 τοῦ
824 3726 1038 3798 ἱματίου
1069 3725 1235 3781 αὑτοῦ
1253 3725 1520 3797 ἁψάμενοι
1545 3726 1811 3796 τοσαύτην
1837 3727 2020 3780 anxu-

347 3830 450 3866 σαν
472 3810 722 3878 δύναμιν,
749 3806 900 3878 πόσῳ
938 3804 1137 3877 μᾶλλον
1164 3805 1215 3858 οἱ
1230 3803 1350 3859 ὅλον
1368 3805 1531 3858 αὑτὸν
1564 3806 1919 3876 κατέχοντες;
1949 3806 2024 3859 Τὸ

344 3887 909 3963 δέ[51¹ί]·προσελθεῖν
935 3885 1074 3956 μετά
1097 3884 1328 3949 πίστεως
1347 3885 1408 3940 οὐ
1432 3885 1494 3939 τὸ
1513 3885 1694 3938 λαϐεῖν
1719 3887 1835 3939 ἐστι
1860 3887 2021 3957 μόνον

344 3973 410 4023 τὸ
457 3969 838 4040 προκείμενον,
895 3966 1033 4020 ἀλλά
1081 3965 1175 4018 καὶ
1223 3965 1284 4018 τὸ
1334 3965 1471 4035 μετὰ
1514 3963 1761 4036 καθαρᾶς
1794 3964 2022 4036 καρδίας

349 4050 614 4119 ἅψασθαι,
641 4047 704 4099 τὸ
729 4045 871 4099 οὕτω
917 4043 1243 4109 διακεῖσθαι,
1274 4043 1350 4107 ὼς
1397 4043 1546 4115 αὐτῷ
1595 4045 1920 4115 προσιόντας
1943 4043 2024 4115 τῷ

343 4126 593 4199 Χριστῷ.
645 4126 711 4180 Τί
759 4125 888 4196 γὰρ,
944 4127 993 4177 εἰ
1042 4124 1116 4194 μὴ
1178 4122 1362 4192 φωνῆς
1414 4122 1666 4188 ἀκούεις;
1719 4123 1857 4176 Ἀλλ’
1892 4122 2024 4193 ὁρᾷς

347 4209 512 4263 αὑτὸν
545 4205 828 4278 κείμενον·
870 4205 1067 4276 μᾶλλον
1119 4203 1175 4256 δὲ
1227 4204 1320 4256 καὶ
1354 4205 1536 4274 φωνῆς
1565 4203 1821 4268 ¹ἀκούεις,
1858 4203 2026 4272 φθεγο

346 4287 584 4358 τομένου
617 4284 781 4338 αὑτοῦ
814 4283 900 4338 διὰ
924 4284 1029 4336 τῶν
1056 4281 1474 4351 εὐαγγελιστῶν.

419 4366 491 4436 γ’.
524 4364 862 4420 Πιστεύσατε
893 4364 1090 4426 τοίνυν,
1115 4363 1196 4415 ὅτι
1241 4361 1333 4414 καὶ
1371 4361 1464 4414 νῦν
1489 4361 1663 4415 ἐκεῖνο
1712 4361 1773 4414 τὸ
1813 4359 2025 4416 δεῖπνόν

353 4449 524 4510 ἐστιν,
551 4447 609 4498 ἐν
628 4437 672 4513 ᾧ
701 4444 794 4498 καὶ
825 4442 988 4507 αὐτὸς
1007 4441 1274 4496 ἀνέκειτο.
1305 4440 1469 4494 Οὐδὲν
1501 4441 1610 4512 γάρ
1635 4443 1809 4493 ἐκεῖνο
1836 4439 2025 4494 τούτου

352 4526 680 4594 διενήνοχεν.
715 4521 854 4578 Ούδέ
903 4522 1012 4592 γὰρ
1044 4519 1203 4574 τοῦτο
1257 4521 1354 4590 μὲν
1389 4520 1674 4591 ἄνθρωπος
1719 4522 2030 4591 ἐργάζεται,

356 4605 534 4658 ἐκεῖνο
575 4604 632 4658 δέ
672 4603 853 4666 αὐτὸς,
894 4600 1031 4654 ἀλλά
1072 4599 1356 4654 καὶτοῦτο
1405 4602 1626 4654 κάκεῖνο
1654 4601 1834 4661 αὐτός.
1865 4600 2033 4652 Ὅταν

352 4685 533 4738 τοίνυν
581 4683 670 4738 τὸν
726 4683 878 4754 ἱερέα
927 4681 1233 4734 ἐπιδιδόντα
1298 4697 1379 4733 σοι
1431 4680 1566 4751 ἴδῃς,
1625 4681 1698 4752 μὴ
1746 4681 1836 4734 τὸν
1885 4679 2034 4750 ἱερέα

357 4764 547 4834 νόμιζε
606 4763 697 4815 τὸν
746 4763 902 4815 τοῦτο
972 4761 1250 4824 ποιοῦντα,
1303 4759 1440 4813 ἀλλά
1492 4761 1592 4831 τῆν
1640 4760 1734 4814 τοῦ
1794 4758 2030 4830 Χριστοῦ

354 4847 512 4915 χεῖρα
540 4838 683 4895 εἶναι
720 4842 818 4912 τῆν
846 4841 1245 4912 ἐκτεινομένην.
1292 4841 1504 4913 ’Ὠσπερ
1540 4841 1648 4914 γὰρ
1685 4843 1812 4896 ὅταν
1843 4841 2034 4911 βαπτί-

354 4924 445 4996 ζῃ,
463 4924 566 4976 οὐκ
592 4921 752 4985 αὑτός
773 4939 831 4973 σε
859 4921 1128 4990 βαπτίζει,
1146 4920 1302 4973 ἀλλ”ό
1320 4919 1450 4984 Θεός
1469 4924 1616 4974 ἐστιν
1637 4922 1665 4973 6
1679 4921 1923 4990 κατέχων
1938 4937 2030 4973 σου

352 5004 454 5072 τὴν
496 5001 738 5071 κεφαλὴν
780 5001 994 5071 ἀοράτῳ
1028 5000 1274 5070 δυνάμει,
1317 5000 1412 5054 καὶ
1443 4999 1565 5053 οὒτε
1609 5001 1858 5068 ἄγγελος,
1907 4998 2030 5053 οὔτε

353 5080 712 5150 ἀρχάγγελος,
751 5079 874 5131 οὔτε
906 5079 1060 5141 ἄλλος
1090 5097 1174 5142 τις
1212 5079 1385 5150 τολμᾷ
1411 5079 1726 5150 προσελθεῖν
1766 5079 1856 5131 καί
1893 5078 2031 5148 ἄψα-

356 5157 504 5211 σθαιο
523 5157 666 5212 οὕτω
687 5158 779 5212 καὶ
799 5157 914 5211 νῦν.
930 5159 1096 5211 Ὅταν
1109 5159 1211 5230 γὰρ
1231 5161 1263 5212 6
1278 5159 1410 5220 Θεὸς
1427 5159 1591 5228 γεννᾷ
1603 5160 1666 5223 ³⁸,
1686 5157 1849 5210 αὑτοῦ
1869 5158 2029 5227 μόνου

351 5238 502 5291 ἐστὶν
515 5241 549 5307 ἠ
560 5237 756 5309 δωρεά.
780 5237 890 5307 Οὐχ
901 5239 1032 5309 ὁρᾷς
1045 5239 1169 5301 τοὺς
1186 5239 1423 5292 υίοποιου
1432 5238 1621 5309 μένους
1633 5239 1884 5299 ἐνταῦθα,
1914 5238 2030 5302 πῶς

352 5317 415 5370 οὐ
448 5308 656 5378 δούλοις
685 5308 1036 5388 ἐπιτρέπουσι
1060 5317 1121 5371 τὸ
1159 5321 1409 5388 πρᾶγμα,
1435 5308 1577 5371 ἀλλ’
1609 5320 1762 5373 αὐτοὶ
1808 5321 2029 5392 πάρεισι

353 5395 434 5464 τῷ
481 5395 858 5465 δικαστηρίῳς
909 5396 1064 5450 Οὕτω
1111 5401 1205 5452 καὶ
1233 5401 1261 5450 6
1297 5397 1431 5461 Θεὸς
1478 5399 1577 5452 οὐκ
1631 5399 1882 5466 ἀγγέλοις
1928 5402 2028 5452 ἐπ-

355 5473 550 5544 έτρεψε
569 5478 669 5545 τὴν
698 5476 930 5546 δωρεὰν,
969 5477 1083 5530 ἀλλ’
1113 5478 1274 5541 αὐτὸς
1298 5479 1528 5547 πάρεστι
1561 5479 1796 5534 κελεύων
1826 5482 1920 5533 καὶ
1942 5479 2029 5534 λέ·

354 5570 499 5620 γων·
545 5554 644 5621 Μὴ
697 5555 994 5624 καλέσητε
1043 5556 1268 5623 πατέρα
1304 5557 1404 5609 ἐπὶ
1457 5556 1568 5624 τῆς
1606 5556 1750 5626 γῆς·
1793 5562 1892 5632 οὐχ
1943 5562 2029 5615 ἵνα

353 5633 678 5704 ἀτιμάσῃςπ
707 5636 834 5699 τοὺς
867 5638 1284 5706 γεγεννηκότας,
1309 5637 1422 5690 ἀλλ’
1453 5637 1541 5692 ἵνα
1569 5639 1783 5693 πάντων
1803 5641 2027 5698 ἐκείνων

1477 349 1542 405 IN
1587 346 2004 406 SIATTHIEUM
2041 348 2275 406 HOMIL.
2311 349 2370 406 L.
2407 350 2477 408 al.
2515 349 2596 405 LI.

3682 345 3786 396 508

2114 467 2321 539 προοῇς
2371 468 2462 522 τὸν
2518 469 2818 539 ποιήσαντα
2875 483 2935 518 σε
2989 465 3082 519 καὶ
3131 461 3480 534 ἐγγράψαντα
3531 461 3608 523 εἰς
3653 459 3780 521 τοῦς

2113 547 2306 600 ἐαυτοῦ
2355 547 2568 611 παῖδας.
2625 547 2681 599 Ὁ
2708 545 2816 618 γὰρ
2849 546 2910 598 τὸ
2941 542 3120 616 μεῖζον
3151 543 3295 605 δοὺς,
3331 540 3627 602 τουτέστιν,
3663 540 3786 592 ἐαυ-

2111 626 2203 678 τὸν
2235 626 2522 698 παραθεὶς,
2563 625 2741 696 πολλῷ
2783 624 2981 696 μᾶλλον
3010 627 3111 676 οὐκ
3131 618 3430 687 ἀπαξιώσει
3457 622 3550 674 καὶ
3573 619 3786 673 6.0606-

2113 705 2201 757 ναί
2237 722 2319 757 σοι
2361 704 2421 758 τὸ
2471 705 2650 776 σῶμα.
2714 703 3057 773 Ἀκούσωμεν
3107 702 3308 763 τοίνυν,
3345 701 3440 753 καὶ
3486 701 3652 771 ἱερεῖς
3690 701 3784 753 καὶ

2113 783 2425 854 ἀρχόμενοι,
2455 783 2599 848 τίνος
2627 783 2938 854 κατηξιώθη
2948 800 3046 853 μεν
3065 798 3080 815 ⁸
3107 780 3448 850 ἀκούσωμεν,
3469 781 3562 833 καὶ
3587 779 3785 850 φρίξω-

2117 879 2237 932 μεν·
2289 861 2411 918 Τῶν
2458 863 2627 932 ἁγίων
2683 862 2900 935 σαρκῶν
2941 861 3104 915 αὐτοῦ
3163 859 3544 935 ἐμπλησθῆναι
3588 859 3787 912 ἔδωκεν

2115 943 2267 1011 ἡμῖν,
2294 942 2486 995 ἐαυτὸν
2534 934 2813 1014 παρέθηκε
2839 939 3156 1010 τεθυμένον.
3203 939 3298 1003 Τίς
3338 934 3432 991 οὖν
3461 937 3615 990 ἔσται
3649 940 3786 991 ἁπο-

2118 1019 2273 1088 λογία
2296 1023 2448 1091 ἡμῖν,
2479 1021 2608 1075 ὅταν
2639 1021 2866 1074 τοιαῦτα
2905 1017 3230 1088 σιτούμενοι,
3263 1017 3493 1072 τοιαῦτα
3537 1015 3786 1086 ἁμαρτά-

2116 1116 2323 1169 νωμεν;
2349 1101 2479 1155 ὅταν
2510 1100 2696 1172 ἀρνίον
2741 1099 3031 1162 ἐσθίοντες,
3064 1097 3215 1150 λύκοι
3253 1096 3532 1167 γινώμεθα
3571 1099 3626 1162 ¹;
3662 1097 3788 1150 ὅταν

2117 1179 2386 1249 πρόϐατον
2446 1179 2775 1249 σιτούμενοι,
2812 1178 2954 1232 κατά
2994 1179 3119 1240 τοὺς
3154 1177 3392 1240 λέοντας.
3415 1176 3785 1246 ἀρπὰζωμενς

2116 1258 2285 1312 Τοῦτο
2303 1259 2411 1330 γὰρ
2424 1258 2484 1312 τὸ
2499 1260 2794 1330 μυστήριον
2813 1259 2874 1310 ού
2899 1257 3057 1328 μόνον
3079 1256 3356 1323 ἁρπαγῆς,
3375 1255 3510 1309 ἀλλά
3522 1257 3614 1309 καὶ
3628 1254 3788 1324 ψιλῆς

2119 1338 2316 1411 ἔχθρας
2370 1340 2694 1409 καθαρεύειν
2718 1337 2929 1390 κελεύει
2958 1336 3268 1397 διαπαντός.
3289 1336 3398 1388 Καὶ
3424 1335 3532 1407 γὰρ
3564 1336 3790 1406 εἰρήνης

2117 1419 2233 1470 ἐστί
2274 1418 2566 1489 μυστήριον
2598 1416 2756 1469 τοῦτο
2793 1416 2851 1470 τὸ
2891 1417 3208 1486 μυστήριον·
3243 1416 3341 1466 οὐκ
3379 1413 3604 1486 ἀφίησιν
3642 1415 3790 1466 ἀντι-

2118 1496 2384 1549 ποιεῖσθαι
2412 1497 2726 1567 χρημάτων.
2760 1496 2823 1548 Εἰ
2856 1495 2963 1566 γὰρ
3007 1495 3170 1558 αὐτὸς
3197 1493 3390 1548 ἐαυτοῦ
3419 1493 3518 1546 οὐκ
3539 1494 3792 1563 ἐφείσατο
3892 1546 3894 1548 ,

2115 1573 2180 1626 δι’
2201 1576 2368 1644 ἡμᾶς,
2392 1574 2535 1633 τίνος
2556 1576 2621 1628 ἂν
2651 1574 2842 1644 εἴημεν
2866 1575 3027 1641 ἄξιοι,
3051 1574 3349 1646 χρημάτων
3373 1573 3678 1643 φειδόμενοι
3697 1577 3792 1626 καὶ

2120 1651 2299 1720 ψυχῆς
2317 1652 2830 1724 ἀφειδοῦντες.ὑπὲρ
2849 1647 2916 1724 ἦς
2935 1655 3144 1717 ἐκεῖνος
3160 1654 3258 1706 οὐκ
3279 1655 3532 1721 ἐφείσατο
3564 1651 3789 1717 ἐαυτοῦ;

2121 1732 2244 1794 Τοῖς
2277 1733 2374 1802 μὲν
2402 1728 2494 1786 οὖν
2561 1733 2832 1796 Ἰουδαίοις
2869 1735 3002 1786 κατ’
3039 1734 3281 1787 ἐνιαυτὸν
3337 1735 3637 1804 ὑπόμνημα
3682 1732 3793 1786 τῶν

2119 1811 2336 1864 οίκείων
2358 1813 2697 1883 εὐεργεσιῶν
2717 1817 2838 1876 ταῖς
2861 1813 3078 1883 ἐορταῖς
3109 1814 3357 1885 ἐνέδησεν
3385 1816 3413 1866 6
3434 1813 3568 1876 Θεός
3591 1830 3604 1842 ·
3635 1815 3716 1867 σοὶ
3736 1813 3794 1867 δέ

2121 1891 2240 1942 καθ’
2296 1892 2558 1962 ἑκάστην,
2595 1891 2671 1955 ῶς
2706 1894 2903 1955 εἰπεῖν,
2935 1892 3032 1962 τὴν
3083 1893 3300 1963 ἡμέραν
3341 1892 3426 1946 διὰ
3454 1892 3658 1946 τούτων
3685 1891 3794 1945 τῶν

2122 1971 2451 2041 μυστηρίων.
2479 1972 2570 2042 Μὴ
2597 1972 2775 2024 τοίνυν
2801 1970 3056 2042 αἱσχύνου
3081 1973 3171 2024 τὸν
3197 1973 3428 2042 σταυρόν
3453 1989 3465 2001 ·
3489 1971 3660 2024 ταῦτα
3684 1971 3794 2042 γὰρ

2119 2050 2272 2118 ήμῶν
2304 2053 2417 2103 ἐστι
2453 2051 2523 2104 τὰ
2556 2053 2750 2122 σεμνὰ,
2772 2051 2946 2105 ταῦτα
2991 2054 3022 2122 ἡ
3035 2051 3149 2119 μῶν
3175 2052 3240 2105 τά
3275 2053 3582 2123 μυστήριαο
3617 2051 3792 2122 τούτῳ

2119 2130 2469 2199 κοσμούμεθα
2531 2131 2610 2200 τῷ
2667 2131 2863 2202 δώρῳ,
2935 2133 3107 2202 τούτῳ
3149 2132 3624 2202 καλλωπιζόμεθα.
3675 2131 3794 2184 Κᾶν

2118 2208 2276 2271 εἴπω,
2319 2210 2397 2261 ὅτι
2425 2209 2516 2262 τὸν
2566 2209 2792 2281 οὐρανὸν
2838 2209 3027 2274 έτεινε,
3075 2209 3172 2281 τῆν
3227 2211 3329 2280 γῆν
3353 2211 3447 2263 καὶ
3477 2209 3574 2281 τὴν
3603 2209 3796 2262 θάλασ-

2120 2307 2218 2343 σαν
2245 2290 2487 2361 ἧπλωσε,
2545 2293 2832 2363 προφήτας
2878 2293 2975 2346 καὶ
3013 2292 3277 2362 ἀγγέλους
3327 2291 3591 2362 ἐπεμψεν,
3643 2291 3794 2347 οὐδὲν

2118 2369 2228 2439 ἐρῶ
2256 2371 2388 2423 ἴσον.
2447 2371 2520 2424 Τὸ
2572 2372 2678 2442 γὰρ
2725 2372 3019 2436 κεφάλαιον
3051 2372 3157 2425 τῶν
3181 2371 3402 2440 ἀγαθῶν
3430 2372 3598 2424 τοῦτό·
3622 2375 3790 2435 ἐστιν,

2118 2449 2198 2502 δτι
2229 2449 2323 2502 τοῦ
2381 2451 2508 2504 ἰδίου
2550 2452 2680 2504 Υἰοῦ
2717 2453 2815 2505 οὐκ
2863 2453 3137 2521 ἐφείσατο,
3195 2453 3283 2506 ἵνα
3327 2452 3452 2514 τοὺς
3502 2452 3794 2522 ἀλλοτριω-

2121 2527 2312 2591 θέντας
2360 2529 2574 2593 οἰκέτας
2615 2530 2784 2601 σώσῃ.
2861 2532 3064 2600 Μηδεὶς
3129 2532 3308 2584 τοίνυν
3379 2531 3572 2594 Ἰούδας
3623 2533 3792 2603 ταύτῃ

2121 2607 2360 2678 προσίτω
2405 2611 2470 2679 τῇ
2532 2610 2799 2680 τραπέζῃ,
2857 2609 3040 2680 μηδεὶς
3088 2611 3297 2680 Σίμων·
3339 2612 3569 2681 καὶγὰρ
3617 2613 3796 2682 ἀμφό-

2121 2703 2273 2756 τεροι
2297 2686 2384 2738 διά
2418 2687 2784 2758 φιλαργυρίαν
2816 2689 3094 2742 ἀπώλοντο
3118 2683 3284 2744 οῦτοι.
3325 2690 3590 2760 Φύγωμεν
3615 2692 3794 2744 τοίνυν

2119 2765 2636 2838 τοῦτοτὸβάραθρον
2665 2767 2796 2838 μηδέ
2836 2766 3326 2840 [518ἶνομίζωμεν
3373 2770 3795 2841 άρκεῖνήμίνείς

2125 2843 2418 2912 σωτηρίαν,
2444 2846 2493 2896 εἰ
2519 2846 2691 2914 χήρας
2715 2846 2810 2899 καὶ
2837 2848 3102 2916 ὀρφανοὺς
3123 2847 3508 2911 ἀποδύσαντες,
3539 2850 3795 2919 ποτήριον

2124 2922 2358 2992 χρυσοῦν
2385 2925 2478 2976 καί
2503 2922 2877 2994 λιθοκόλλητον
2909 2926 3369 2996 προσενέγκοιμεν
3391 2929 3456 2996 τῇ
3476 2927 3494 2955 ²
3524 2927 3792 2998 τραπέζῃ.

2126 3001 2188 3053 Εἰ
2217 3001 2325 3072 γὰρ
2362 3001 2540 3072 βούλει
2589 3004 2816 3073 τιμῆσαι
2875 3007 2973 3074 τὴν
3018 3004 3224 3061 θυσίαν,
3261 3006 3358 3075 τὴν
3406 3005 3581 3075 ψυχὴν
3631 3023 3798 3075 προσ-

2126 3079 2338 3149 ένεγκε,
2370 3081 2434 3133 δι’
2461 3083 2525 3152 ῆν
2556 3085 2649 3135 καὶ
2697 3083 2888 3152 ἐτύθη·
2937 3083 3138 3152 ταύτην
3178 3086 3384 3156 χρυσῆν
3437 3084 3689 3155 ποίησον·
3730 3083 3796 3136 ἀν

2124 3157 2181 3210 δέ
2216 3159 2356 3230 αὕτη
2388 3161 2523 3232 μένῃ
2552 3161 2653 3203 ³-¹⁸
2692 3161 2939 3232 μολίϐδου
2971 3163 3065 3214 καί
3103 3163 3370 3232 ὀστράκου
3406 3163 3620 3234 χείρων,
3654 3163 3712 3216 τὸ
3741 3163 3797 3216 δέ

2125 3239 2318 3300 σκεῦος
2339 3241 2594 3310 χρυσοῦν,
2627 3241 2679 3294 τί
2708 3242 2767 3295 τὸ
2796 3243 3008 3313 κέρδο;;
3042 3243 3134 3314 Μὴ
3173 3244 3352 3296 τοίνυν
3395 3244 3550 3296 τοῦτο
3581 3243 3798 3295 σκοπῶ-

2127 3338 2250 3392 μεν,
2291 3323 2437 3385 ὅπως
2483 3325 2664 3395 χρυσᾶ
2711 3324 2878 3392 σκεύη
2925 3327 3324 3398 προσφέρωμεν
3362 3327 3520 3395 μόνον
3567 3327 3633 3390 ⁸⁸,
3680 3325 3797 3379 ἀλλ’

2125 3399 2272 3460 ὅπως
2325 3401 2423 3452 καὶ
2472 3402 2537 3454 ἐκ
2581 3402 2804 3455 δικαίων
2854 3404 3049 3458 πόνων.
3081 3403 3267 3456 Ταῦτα
3293 3405 3401 3474 γάρ
3446 3405 3659 3456 ἐστιτὰ
3701 3408 3798 3460 καὶ

2126 3478 2342 3550 χρυσῶν
2361 3479 2682 3551 τιμιώτερα,
2710 3482 2777 3534 τά
2809 3485 2975 3552 χωρὶς
2999 3482 3330 3546 πλεονεξίας.
3361 3483 3434 3534 Ού
3463 3485 3571 3554 γὰρ
3597 3500 3798 3553 χρυσο-

2126 3560 2320 3628 χοεῖον,
2372 3559 2492 3612 ούδέ
2535 3561 2966 3631 ἀργυροκοπεῖόν,
3014 3563 3161 3614 ἐστιν
3212 3563 3246 3632 ή
3303 3561 3616 3631 Ἐκκλησία,
3663 3562 3802 3616 ἀλλά

2130 3638 2440 3709 πανήγυρις
2463 3639 2740 3708 ἀγγέλων·
2765 3640 2845 3693 διὸ
2871 3641 3058 3710 ψυχῶν
3094 3642 3224 3711 ἡμῖν
3263 3641 3368 3692 δεῖ·
3405 3642 3499 3694 καὶ
3529 3645 3635 3712 γὰρ
3665 3642 3728 3714 δὴ
3753 3642 3800 3673 '°

2126 3715 2297 3770 ταῦτα
2317 3717 2405 3769 διὰ
2438 3719 2536 3779 τὰς
2565 3719 2740 3790 ψυχας
2784 3722 3068 3790 προσίεται
3094 3723 3122 3773 6
3152 3719 3305 3781 θεὸς.
3359 3721 3472 3772 Οὐκ
3507 3715 3574 3790 ῆν
3600 3723 3632 3791 ἡ
3667 3721 3800 3792 τρά-

2128 3794 2269 3859 πεζα
2296 3795 2354 3862 ἐξ
2387 3796 2628 3867 ἀργύρου
2687 3797 2807 3850 τότε
2866 3799 3071 3870 ἐκείνη,
3136 3799 3256 3851 ούδέ
3283 3799 3342 3850 τὸ
3369 3800 3624 3870 ποτήριον
3674 3817 3794 3871 χρυ.

2130 3873 2275 3938 σοῦν,
2301 3875 2360 3940 ἐξ
2380 3872 2439 3929 οὗ
2470 3875 2637 3929 ἔδωκε
2663 3880 2776 3941 τοῖς
2815 3879 3084 3948 μαθηταῖς
3125 3880 3153 3930 6
3198 3879 3433 3946 Χριστὸς
3463 3879 3524 3929 τὸ
3553 3873 3694 3946 αἷμα
3738 3880 3801 3933 τὸ

2129 3954 2355 4008 ἐαυτοῦ·
2426 3956 2560 4009 ἀλλά
2619 3957 2775 4027 τίμια
2820 3953 2889 4028 ἦν
2939 3959 3122 4012 πάντα.
3179 3959 3360 4010 ἐκεῖνα
3423 3959 3514 4010 καὶ
3571 3959 3796 4028 φρικτὰ,

2129 4033 2316 4103 ἐπειδὴ
2354 4035 2669 4106 Πνεύματος
2711 4037 2897 4106 ἔγεμε.
2946 4036 3132 4090 Βούλει
3171 4038 3398 4107 τιμῆσαι
3441 4038 3534 4090 τοῦ
3561 4039 3799 4109 Χριστοῦ

2130 4112 2190 4164 τὸ
2216 4113 2408 4183 σῶμα;
2451 4117 2541 4185 Μὴ
2577 4117 2825 4187 περιίδῃς
2867 4116 3030 4170 αὑτὸν
3084 4117 3289 4186 γυμνόν
3314 4135 3328 4148 ο
3388 4117 3520 4187 μηδὲ
3567 4117 3800 4172 ἐνταῦθα

2134 4193 2231 4261 μέν
2259 4195 2419 4248 αὑτὸν
2465 4199 2712 4266 σηρικαῖς
2765 4197 2999 4268 ἱματίοις
3045 4199 3285 4270 τιμήσῃς
3333 4197 3401 4261 ⁸⁵,
3443 4198 3547 4264 ἐξω
3596 4198 3652 4250 δέ
3694 4199 3800 4253 ὑπὸ

2132 4273 2485 4348 κρυμοῦ.καί
2532 4277 2870 4348 γυμνότητός
2921 4277 3364 4348 διαφθειρόμενον
3405 4279 3669 4348 περιῒδῃς.
3740 4279 3799 4330 ὐ

2131 4355 2240 4424 γάρ
2261 4337 2451 4416 εἰπῶν,
2489 4354 2672 4409 Τοῦτό
2699 4357 2817 4424 μού
2851 4358 2981 4410 ἐστι
3014 4357 3081 4410 τὸ
3105 4357 3296 4426 σῶμα,
3336 4357 3431 4410 καὶ
3455 4357 3531 4426 τῷ
3560 4358 3704 4428 λόγῳ
3741 4359 3801 4410 τὸ

2135 4436 2366 4504 πρᾶγμα
2402 4433 2725 4503 βεϐαιώσας,
2748 4429 2903 4498 οὗτος
2947 4431 3067 4489 εἷπε
3093 4453 3108 4468 ο
3149 4437 3452 4490 Πεινῶντὰ
3475 4453 3552 4506 με
3587 4438 3798 4502 εἴδετε,

2134 4513 2234 4567 καὶ
2265 4516 2376 4568 οὐκ
2396 4514 2714 4581 ἐθρέψατε·
2747 4517 2862 4578 καί,
2906 4517 3026 4584 Ἐφ’
3054 4516 3205 4570 ὅσον
3231 4520 3341 4571 οὐκ
3365 4517 3690 4583 ἐποιήσατε
3710 4517 3803 4570 ἐνί

2133 4597 2360 4650 τούτων
2387 4596 2504 4648 τῶν
2532 4595 2890 4665 ἐλαχίστων,
2921 4597 3062 4652 οὐδὲ
3091 4599 3221 4666 ἐμοὶ
3251 4598 3594 4662 ἐποιήσατε.
3631 4597 3804 4650 Τοῦτο

2137 4677 2236 4746 μὲν
2265 4675 2376 4745 γὰρ
2397 4676 2457 4728 οὐ
2489 4675 2660 4728 δεῖται
2695 4677 3103 4746 ἐπιϐλημάτων,
3136 4676 3270 4730 ἀλλά
3299 4677 3476 4746 ψυχῆς
3523 4676 3799 4749 καθαρᾶςο

2133 4756 2307 4807 ἐκεῖνο
2339 4754 2397 4806 δὲ
2454 4753 2655 4821 πολλῆς
2701 4755 2869 4807 δεῖται
2913 4755 3250 4825 ἐπιμελείας.
3305 4754 3580 4824 Μάθωμεν
3624 4756 3804 4810 τοίνυν

2133 4833 2463 4901 φιλοσοφεῖν,
2505 4833 2707 4885 καὶτὸν
2734 4835 2963 4903 Χριστὸν
2989 4835 3154 4904 τιμᾷν
3199 4837 3273 4897 ὡς
3305 4834 3467 4898 αὐτὸς
3519 4833 3800 4904 βούλεται·

2131 4911 2208 4980 τῷ
2243 4911 2350 4979 γὰρ
2370 4913 2668 4982 τιμωμένῳ
2702 4914 2836 4982 τιμὴ
2867 4913 3079 4982 ἡδίστη,
3116 4914 3181 4985 ἣν
3212 4913 3373 4977 αὐτὸς
3410 4914 3577 4976 θέλει,
3607 4915 3705 4984 οὐχ
3737 4916 3804 4983 ἢν

2133 4993 2294 5059 ἡμεῖς
2325 4990 2636 5061 νομίζομεν.
2690 4992 2842 5044 ’1ίῖπεί
2874 4994 2965 5044 καὶ
2994 4993 3202 5063 Πέτρος
3259 4994 3424 5064 τιμᾷν
3481 4993 3643 5046 αὑτὸν
3668 4993 3806 5064 ᾤετο

2130 5068 2208 5138 τῷ
2252 5069 2493 5123 κωλῦσαι
2549 5071 2700 5139 νίψαι
2753 5073 2875 5132 τοὺς
2924 5072 3109 5134 πόδας,
3156 5071 3272 5124 ἀλλ’
3319 5074 3421 5126 οὐκ
3473 5067 3542 5141 ἦν
3579 5074 3712 5143 τιμὴ
3743 5073 3805 5125 τὸ

2131 5147 2432 5218 γινόμενον,
2466 5149 2600 5202 ἀλλά
2628 5150 2951 5203 τούναντίον.
2984 5150 3139 5204 Οὕτω
3161 5152 3254 5204 καὶ
3291 5153 3355 5206 σὺ
3387 5152 3594 5222 ταύτην
3642 5151 3804 5206 αὑτὸν

2130 5227 2266 5296 τίμα
2312 5229 2408 5298 τῆν
2439 5231 2624 5300 τιμὴν,
2663 5234 2733 5300 ῆν
2774 5233 2935 5293 αὐτὸς
2985 5232 3399 5302 ἐνομοθέτησεν,
3447 5233 3526 5296 εἰς
3565 5233 3806 5300 πένητας
3875 5287 3877 5289 _

2130 5307 2436 5361 ἀναλίσκων
2466 5310 2554 5363 τὸν
2581 5311 2829 5364 πλοῦτον.
2881 5311 3015 5364 υύδέ
3044 5313 3152 5383 γὰρ
3211 5313 3423 5367 σκευῶν
3460 5311 3651 5384 χρείαν
3693 5311 3806 5382 ἔχει
3874 5311 3900 5371 ζ’

2129 5388 2347 5460 χρυσῶν
2394 5391 2422 5442 6
2452 5389 2602 5455 Θεὸς,
2648 5390 2782 5444 ἀλλά
2815 5391 3001 5461 ψυχῶν
3033 5392 3274 5463 χρυσῶν,

2201 5466 2262 5520 δ’.
2288 5469 2398 5520 Καὶ
2422 5468 2594 5522 ταῦτα
2613 5469 2778 5538 λέγω,
2798 5473 2856 5523 ού
2874 5473 3098 5527 κωλύων
3112 5474 3441 5544 ἀναθήματα
3462 5472 3809 5528 κατασκευάο

2130 5545 2316 5609 ζεσθαι
2342 5547 2564 5601 τοιαῦτα
2589 5566 2600 5580 ο
2634 5550 2867 5614 ἀξιῶνδέ
2890 5551 3027 5620 μετά
3056 5552 3282 5614 τούτων,
3314 5555 3406 5607 καὶ
3443 5554 3550 5625 πρὸ
3575 5554 3803 5611 τούτων.

2128 5628 2227 5697 τὴν
2248 5626 2614 5713 ἐλεημοσύνην
2629 5631 3052 5702 ποιεῖν.Δέχεται
3069 5634 3168 5704 μὲν
3185 5635 3293 5704 γάρ
3312 5635 3405 5687 καὶ
3424 5633 3808 5704 ταῦτα,πολλῷ

421 5725 466 5817 :7
819 5730 940 5817 ’ξρτι
976 5729 1057 5782 δεῖ
1081 5729 1159 5814 ῶς
1183 5729 1505 5817 τῷὶΧρΙιστιξ)
1546 5732 1944 5817 προσέρχεσθαι
1974 5736 2060 5817 τῶ
2085 5739 2239 5810 ἱερεῖ.
2265 5740 2455 5817 μύτὸς
2481 5741 2588 5817 γάρ
2626 5742 2757 5817 αὐτὸ
2797 5745 2892 5817 καὶ
2927 5743 3023 5817 νῦν
3043 5745 3339 5817 ἐργάζεται
3379 5745 3438 5799 16
3464 5747 3762 5817 μυστήριον
3788 5763 3804 5778 ·

351 5795 445 5887 ξαὶ
481 5796 586 5882 δτι.
617 5798 804 5887 ,μεῖξον
829 5799 1166 5887 ἐλεημοσύνη
1197 5791 1700 5887 ὑπὲρ’θμσίάς·¹’κ.αὶ
1720 5791 1810 5856 ’ὅτι
1836 5803 1918 5857 δεῖ
1949 5791 2164 5877 πρῶτον
2183 5791 2364 5862 ταῦτα

349 5864 395 5954 ξς
424 5867 590 5954 ζςνγᾷ
617 5867 716 5954 Sig
930 5864 1090 5954 Ᾱίῃηἒ
1125 5864 1331 5954 ulnamé:
1371 5872 1501 5927 Ben.
1531 5873 1825 5954 eeratpr;
1862 5864 2020 5954 οεοιεί

2125 5881 2359 5954 μαγεννᾷ.
2394 5864 2562 5954 Ᾰιιῗιιιῗ
2590 5883 2642 5935 Ιι.
2682 5864 2746 5935 ν..
2769 5885 2928 5954 μόνος
2949 5864 3272 5951 (ἰοιέγίωυδ,
3295 5864 3617 5954 ,Ῑυιιδιιιίὶιυδ
3644 5864 3805 5943 υὸάό.

746 5939 836 6026 Sic
863 5939 1262 6026 l‘l.-HK.'L.‘G-3.
1305 5941 1668 6026 ,ΗΜ-,νηίδα
1720 5933 1984 6026 ἀτιμάσῃ,

2125 5933 2576 6026 ςερώειειιηκρςι.
2593 5933 3806 6026 “ίι;πτ;βιέιτιξ,ξδῑμξςζῑιῖεῑίῖῖῗξςῐιῑξιῆῑεᾱ

349 6007 820 6079 προσενέγκωμεν.
878 6012 974 6051 ³-²⁸
998 6009 1153 6083 μένῃ]
1182 6011 1279 6082 μὲν
1357 6011 1412 6066 L.
1455 6012 1497 6044 "
1523 6004 1680 6083 μὸεἷον
1704 6004 1899 6071 υιιιίιὶ.
1923 6004 1982 6071 [ξ.
2028 6018 2068 6050 ³ο
2090 6004 2178 6090 δὴ]
2204 6004 2295 6073 κάξ
2321 6019 2452 6078 Edd.
2559 6004 2668 6080 6m.
