  <div class='ocr_page' id='page_1' title='image "/cluster/home/n/w/nwhite01/storage/ocr_20150623/58/nnc1.0046979956/050.png"; bbox 0 0 4108 6376; ppageno 0'>
   <div class='ocr_carea' id='block_1_1' title="bbox 320 327 432 388">
    <p class='ocr_par' dir='ltr' id='par_1_1' title="bbox 320 327 432 388">
     <span class='ocr_line' id='line_1_1' title="bbox 320 327 432 388; baseline 0 -3"><span class='ocrx_word' id='word_1_1' title='bbox 320 327 432 388; x_wconf 70' lang='lat'><strong>509</strong></span> 
     </span>
    </p>
   </div>
   <div class='ocr_carea' id='block_1_2' title="bbox 323 421 1903 509">
    <p class='ocr_par' dir='ltr' id='par_1_2' title="bbox 323 421 1903 509">
     <span class='ocr_line' id='line_1_2' title="bbox 323 421 1903 509; baseline -0.014 -13"><span class='ocrx_word' id='word_1_2' title='bbox 323 457 425 496; x_wconf 86' lang='lat' dir='ltr'><strong>non</strong></span> <span class='ocrx_word' id='word_1_3' title='bbox 451 436 594 509; x_wconf 82' lang='lat' dir='ltr'><strong>quod</strong></span> <span class='ocrx_word' id='word_1_4' title='bbox 619 432 929 507; x_wconf 78' lang='lat' dir='ltr'><strong>prohibeam</strong></span> <span class='ocrx_word' id='word_1_5' title='bbox 957 445 1026 485; x_wconf 91' lang='lat' dir='ltr'><strong>ne</strong></span> <span class='ocrx_word' id='word_1_6' title='bbox 1051 427 1174 484; x_wconf 85' lang='lat' dir='ltr'><strong>talia</strong></span> <span class='ocrx_word' id='word_1_7' title='bbox 1198 441 1413 480; x_wconf 88' lang='lat' dir='ltr'><strong>munera</strong></span> <span class='ocrx_word' id='word_1_8' title='bbox 1440 430 1782 493; x_wconf 89' lang='lat' dir='ltr'><strong>apparentur,</strong></span> <span class='ocrx_word' id='word_1_9' title='bbox 1808 421 1903 476; x_wconf 89' lang='lat' dir='ltr'><strong>sed</strong></span> 
     </span>
    </p>
   </div>
   <div class='ocr_carea' id='block_1_3' title="bbox 322 517 1905 604">
    <p class='ocr_par' dir='ltr' id='par_1_3' title="bbox 322 517 1905 604">
     <span class='ocr_line' id='line_1_3' title="bbox 322 517 1905 604; baseline -0.01 -20"><span class='ocrx_word' id='word_1_10' title='bbox 322 532 613 604; x_wconf 80' lang='lat' dir='ltr'><strong>postulans,</strong></span> <span class='ocrx_word' id='word_1_11' title='bbox 657 537 714 582; x_wconf 91' lang='lat' dir='ltr'><strong>ut</strong></span> <span class='ocrx_word' id='word_1_12' title='bbox 742 541 863 581; x_wconf 92' lang='lat' dir='ltr'><strong>cum</strong></span> <span class='ocrx_word' id='word_1_13' title='bbox 893 523 974 578; x_wconf 87' lang='lat' dir='ltr'><strong>his</strong></span> <span class='ocrx_word' id='word_1_14' title='bbox 1003 532 1058 578; x_wconf 89' lang='lat' dir='ltr'><strong>et</strong></span> <span class='ocrx_word' id='word_1_15' title='bbox 1086 528 1210 575; x_wconf 92' lang='lat' dir='ltr'><strong>ante</strong></span> <span class='ocrx_word' id='word_1_16' title='bbox 1248 519 1362 574; x_wconf 60' lang='lat' dir='ltr'><strong>haec</strong></span> <span class='ocrx_word' id='word_1_17' title='bbox 1397 517 1733 584; x_wconf 87' lang='lat' dir='ltr'><strong>eleemosyna</strong></span> <span class='ocrx_word' id='word_1_18' title='bbox 1780 529 1905 569; x_wconf 89' lang='lat' dir='ltr'><strong>ero-</strong></span> 
     </span>
    </p>
   </div>
   <div class='ocr_carea' id='block_1_4' title="bbox 319 607 1905 697">
    <p class='ocr_par' dir='ltr' id='par_1_4' title="bbox 319 607 1905 697">
     <span class='ocr_line' id='line_1_4' title="bbox 319 607 1905 697; baseline -0.011 -17"><span class='ocrx_word' id='word_1_19' title='bbox 319 635 488 697; x_wconf 79' lang='lat' dir='ltr'><strong>getur.</strong></span> <span class='ocrx_word' id='word_1_20' title='bbox 522 622 651 678; x_wconf 88' lang='lat' dir='ltr'><strong>Nam</strong></span> <span class='ocrx_word' id='word_1_21' title='bbox 675 619 792 674; x_wconf 63' lang='lat' dir='ltr'><strong>haec</strong></span> <span class='ocrx_word' id='word_1_22' title='bbox 817 617 1031 688; x_wconf 87' lang='lat' dir='ltr'><strong>quidem</strong></span> <span class='ocrx_word' id='word_1_23' title='bbox 1053 613 1265 682; x_wconf 88' lang='lat' dir='ltr'><strong>accipit,</strong></span> <span class='ocrx_word' id='word_1_24' title='bbox 1291 613 1385 667; x_wconf 90' lang='lat' dir='ltr'><strong>sed</strong></span> <span class='ocrx_word' id='word_1_25' title='bbox 1409 609 1573 665; x_wconf 91' lang='lat' dir='ltr'><strong>multo</strong></span> <span class='ocrx_word' id='word_1_26' title='bbox 1598 609 1765 678; x_wconf 88' lang='lat' dir='ltr'><strong>magis</strong></span> <span class='ocrx_word' id='word_1_27' title='bbox 1791 607 1905 662; x_wconf 92' lang='lat' dir='ltr'><strong>illa.</strong></span> 
     </span>
    </p>
   </div>
   <div class='ocr_carea' id='block_1_5' title="bbox 320 697 1908 778">
    <p class='ocr_par' dir='ltr' id='par_1_5' title="bbox 320 697 1908 778">
     <span class='ocr_line' id='line_1_5' title="bbox 320 697 1908 778; baseline -0.01 -9"><span class='ocrx_word' id='word_1_28' title='bbox 320 717 377 772; x_wconf 88' lang='lat' dir='ltr'><strong>ln</strong></span> <span class='ocrx_word' id='word_1_29' title='bbox 406 715 490 769; x_wconf 90' lang='lat' dir='ltr'><strong>bis</strong></span> <span class='ocrx_word' id='word_1_30' title='bbox 517 712 659 768; x_wconf 92' lang='lat' dir='ltr'><strong>enim</strong></span> <span class='ocrx_word' id='word_1_31' title='bbox 702 711 749 765; x_wconf 88' lang='lat' dir='ltr'><strong>is</strong></span> <span class='ocrx_word' id='word_1_32' title='bbox 793 707 884 778; x_wconf 89' lang='lat' dir='ltr'><strong>qui</strong></span> <span class='ocrx_word' id='word_1_33' title='bbox 922 706 1079 761; x_wconf 73' lang='lat' dir='ltr'><strong>offert</strong></span> <span class='ocrx_word' id='word_1_34' title='bbox 1111 704 1258 760; x_wconf 89' lang='lat' dir='ltr'><strong>solus</strong></span> <span class='ocrx_word' id='word_1_35' title='bbox 1301 703 1580 756; x_wconf 92' lang='lat' dir='ltr'><strong>utilitatem</strong></span> <span class='ocrx_word' id='word_1_36' title='bbox 1617 699 1804 766; x_wconf 80' lang='lat' dir='ltr'><strong>habet,</strong></span> <span class='ocrx_word' id='word_1_37' title='bbox 1836 697 1908 753; x_wconf 88' lang='lat' dir='ltr'><strong>ibi</strong></span> 
     </span>
    </p>
   </div>
   <div class='ocr_carea' id='block_1_6' title="bbox 319 793 1910 872">
    <p class='ocr_par' dir='ltr' id='par_1_6' title="bbox 319 793 1910 872">
     <span class='ocr_line' id='line_1_6' title="bbox 319 793 1910 872; baseline -0.009 -12"><span class='ocrx_word' id='word_1_38' title='bbox 319 821 449 860; x_wconf 75' lang='lat' dir='ltr'><strong>vero</strong></span> <span class='ocrx_word' id='word_1_39' title='bbox 493 805 654 859; x_wconf 90' lang='lat' dir='ltr'><strong>etiam</strong></span> <span class='ocrx_word' id='word_1_40' title='bbox 701 801 747 856; x_wconf 89' lang='lat' dir='ltr'><strong>is</strong></span> <span class='ocrx_word' id='word_1_41' title='bbox 786 800 876 872; x_wconf 89' lang='lat' dir='ltr'><strong>qui</strong></span> <span class='ocrx_word' id='word_1_42' title='bbox 914 798 1128 868; x_wconf 88' lang='lat' dir='ltr'><strong>accipit.</strong></span> <span class='ocrx_word' id='word_1_43' title='bbox 1176 795 1274 851; x_wconf 87' lang='lat' dir='ltr'><strong>Hic</strong></span> <span class='ocrx_word' id='word_1_44' title='bbox 1317 794 1528 849; x_wconf 88' lang='lat' dir='ltr'><strong>videtur</strong></span> <span class='ocrx_word' id='word_1_45' title='bbox 1555 793 1749 847; x_wconf 90' lang='lat' dir='ltr'><strong>donum</strong></span> <span class='ocrx_word' id='word_1_46' title='bbox 1790 807 1910 846; x_wconf 90' lang='lat' dir='ltr'><strong>esse</strong></span> 
     </span>
    </p>
   </div>
   <div class='ocr_carea' id='block_1_7' title="bbox 322 884 1910 959">
    <p class='ocr_par' dir='ltr' id='par_1_7' title="bbox 322 884 1910 959">
     <span class='ocr_line' id='line_1_7' title="bbox 322 884 1910 959; baseline -0.009 -6"><span class='ocrx_word' id='word_1_47' title='bbox 322 894 697 954; x_wconf 89' lang='lat' dir='ltr'><strong>ostentationis</strong></span> <span class='ocrx_word' id='word_1_48' title='bbox 736 891 983 956; x_wconf 85' lang='lat' dir='ltr'><strong>occasio;</strong></span> <span class='ocrx_word' id='word_1_49' title='bbox 1017 890 1086 943; x_wconf 91' lang='lat' dir='ltr'><strong>ibi</strong></span> <span class='ocrx_word' id='word_1_50' title='bbox 1127 892 1468 959; x_wconf 88' lang='lat' dir='ltr'><strong>eleemosyua</strong></span> <span class='ocrx_word' id='word_1_51' title='bbox 1512 893 1566 939; x_wconf 90' lang='lat' dir='ltr'><strong>et</strong></span> <span class='ocrx_word' id='word_1_52' title='bbox 1607 884 1910 954; x_wconf 80' lang='lat' dir='ltr'><strong>benignitas</strong></span> 
     </span>
    </p>
   </div>
   <div class='ocr_carea' id='block_1_8' title="bbox 321 975 1911 1052">
    <p class='ocr_par' dir='ltr' id='par_1_8' title="bbox 321 975 1911 1052">
     <span class='ocr_line' id='line_1_8' title="bbox 321 975 1911 1052; baseline -0.009 -9"><span class='ocrx_word' id='word_1_53' title='bbox 321 998 524 1043; x_wconf 85' lang='lat' dir='ltr'><strong>tantum</strong></span> <span class='ocrx_word' id='word_1_54' title='bbox 572 994 675 1039; x_wconf 88' lang='lat' dir='ltr'><strong>est.</strong></span> <span class='ocrx_word' id='word_1_55' title='bbox 721 983 850 1052; x_wconf 72' lang='lat' dir='ltr'><strong>Qua:</strong></span> <span class='ocrx_word' id='word_1_56' title='bbox 892 975 1033 1036; x_wconf 81' lang='lat' dir='ltr'><strong>enim</strong></span> <span class='ocrx_word' id='word_1_57' title='bbox 1064 977 1267 1035; x_wconf 87' lang='lat' dir='ltr'><strong>utilitas</strong></span> <span class='ocrx_word' id='word_1_58' title='bbox 1295 978 1340 1032; x_wconf 90' lang='lat' dir='ltr'><strong>si</strong></span> <span class='ocrx_word' id='word_1_59' title='bbox 1388 992 1567 1031; x_wconf 86' lang='lat' dir='ltr'><strong>mensa</strong></span> <span class='ocrx_word' id='word_1_60' title='bbox 1601 975 1793 1028; x_wconf 87' lang='lat' dir='ltr'><strong>Christi</strong></span> <span class='ocrx_word' id='word_1_61' title='bbox 1837 978 1911 1029; x_wconf 88' lang='lat' dir='ltr'><strong>sit</strong></span> 
     </span>
    </p>
   </div>
   <div class='ocr_carea' id='block_1_9' title="bbox 320 1066 1912 1147">
    <p class='ocr_par' dir='ltr' id='par_1_9' title="bbox 320 1066 1912 1147">
     <span class='ocr_line' id='line_1_9' title="bbox 320 1066 1912 1147; baseline -0.009 -14"><span class='ocrx_word' id='word_1_62' title='bbox 320 1079 497 1134; x_wconf 89' lang='lat' dir='ltr'><strong>aureis</strong></span> <span class='ocrx_word' id='word_1_63' title='bbox 521 1075 728 1147; x_wconf 91' lang='lat' dir='ltr'><strong>poculis</strong></span> <span class='ocrx_word' id='word_1_64' title='bbox 757 1082 972 1136; x_wconf 90' lang='lat' dir='ltr'><strong>onusta,</strong></span> <span class='ocrx_word' id='word_1_65' title='bbox 1006 1071 1122 1142; x_wconf 90' lang='lat' dir='ltr'><strong>ipse</strong></span> <span class='ocrx_word' id='word_1_66' title='bbox 1149 1084 1277 1124; x_wconf 92' lang='lat' dir='ltr'><strong>vero</strong></span> <span class='ocrx_word' id='word_1_67' title='bbox 1317 1068 1454 1123; x_wconf 89' lang='lat' dir='ltr'><strong>fame</strong></span> <span class='ocrx_word' id='word_1_68' title='bbox 1485 1069 1702 1138; x_wconf 82' lang='lat' dir='ltr'><strong>pereat‘t</strong></span> <span class='ocrx_word' id='word_1_69' title='bbox 1733 1066 1912 1120; x_wconf 87' lang='lat' dir='ltr'><strong>Primo</strong></span> 
     </span>
    </p>
   </div>
   <div class='ocr_carea' id='block_1_10' title="bbox 320 1158 1912 1234">
    <p class='ocr_par' dir='ltr' id='par_1_10' title="bbox 320 1158 1912 1234">
     <span class='ocr_line' id='line_1_10' title="bbox 320 1158 1912 1234; baseline -0.008 -12"><span class='ocrx_word' id='word_1_70' title='bbox 320 1169 648 1227; x_wconf 85' lang='lat' dir='ltr'><strong>esurientem</strong></span> <span class='ocrx_word' id='word_1_71' title='bbox 675 1165 856 1234; x_wconf 84' lang='lat' dir='ltr'><strong>imple,</strong></span> <span class='ocrx_word' id='word_1_72' title='bbox 884 1172 939 1219; x_wconf 91' lang='lat' dir='ltr'><strong>et</strong></span> <span class='ocrx_word' id='word_1_73' title='bbox 962 1173 1084 1217; x_wconf 91' lang='lat' dir='ltr'><strong>tunc</strong></span> <span class='ocrx_word' id='word_1_74' title='bbox 1107 1176 1178 1216; x_wconf 79' lang='lat' dir='ltr'><strong>ex</strong></span> <span class='ocrx_word' id='word_1_75' title='bbox 1201 1158 1648 1230; x_wconf 69' lang='lat' dir='ltr'><strong>superabundauti</strong></span> <span class='ocrx_word' id='word_1_76' title='bbox 1673 1173 1912 1212; x_wconf 86' lang='lat' dir='ltr'><strong>mensam</strong></span> 
     </span>
    </p>
   </div>
   <div class='ocr_carea' id='block_1_11' title="bbox 322 1250 1915 1330">
    <p class='ocr_par' dir='ltr' id='par_1_11' title="bbox 322 1250 1915 1330">
     <span class='ocr_line' id='line_1_11' title="bbox 322 1250 1915 1330; baseline -0.007 -15"><span class='ocrx_word' id='word_1_77' title='bbox 322 1259 438 1330; x_wconf 85' lang='lat' dir='ltr'><strong>ejus</strong></span> <span class='ocrx_word' id='word_1_78' title='bbox 461 1273 684 1314; x_wconf 80' lang='lat' dir='ltr'><strong>exorna.</strong></span> <span class='ocrx_word' id='word_1_79' title='bbox 725 1257 962 1311; x_wconf 83' lang='lat' dir='ltr'><strong>Aureum</strong></span> <span class='ocrx_word' id='word_1_80' title='bbox 989 1254 1208 1310; x_wconf 84' lang='lat' dir='ltr'><strong>calicem</strong></span> <span class='ocrx_word' id='word_1_81' title='bbox 1242 1251 1390 1317; x_wconf 90' lang='lat' dir='ltr'><strong>facis,</strong></span> <span class='ocrx_word' id='word_1_82' title='bbox 1423 1257 1481 1305; x_wconf 88' lang='lat' dir='ltr'><strong>et</strong></span> <span class='ocrx_word' id='word_1_83' title='bbox 1509 1250 1726 1304; x_wconf 87' lang='lat' dir='ltr'><strong>calicem</strong></span> <span class='ocrx_word' id='word_1_84' title='bbox 1762 1265 1915 1319; x_wconf 68' lang='lat' dir='ltr'><strong>aqua}</strong></span> 
     </span>
    </p>
   </div>
   <div class='ocr_carea' id='block_1_12' title="bbox 325 1342 1910 1418">
    <p class='ocr_par' dir='ltr' id='par_1_12' title="bbox 325 1342 1910 1418">
     <span class='ocr_line' id='line_1_12' title="bbox 325 1342 1910 1418; baseline -0.008 -12"><span class='ocrx_word' id='word_1_85' title='bbox 325 1367 430 1406; x_wconf 90' lang='lat' dir='ltr'><strong>non</strong></span> <span class='ocrx_word' id='word_1_86' title='bbox 476 1349 612 1406; x_wconf 89' lang='lat' dir='ltr'><strong>das?</strong></span> <span class='ocrx_word' id='word_1_87' title='bbox 647 1349 716 1403; x_wconf 91' lang='lat' dir='ltr'><strong>Et</strong></span> <span class='ocrx_word' id='word_1_88' title='bbox 753 1347 881 1418; x_wconf 90' lang='lat' dir='ltr'><strong>quid</strong></span> <span class='ocrx_word' id='word_1_89' title='bbox 925 1361 1059 1417; x_wconf 87' lang='lat' dir='ltr'><strong>opus</strong></span> <span class='ocrx_word' id='word_1_90' title='bbox 1103 1353 1187 1400; x_wconf 91' lang='lat' dir='ltr'><strong>est</strong></span> <span class='ocrx_word' id='word_1_91' title='bbox 1228 1359 1360 1397; x_wconf 91' lang='lat' dir='ltr'><strong>auro</strong></span> <span class='ocrx_word' id='word_1_92' title='bbox 1406 1345 1604 1397; x_wconf 82' lang='lat' dir='ltr'><strong>intexta</strong></span> <span class='ocrx_word' id='word_1_93' title='bbox 1649 1342 1910 1396; x_wconf 76' lang='lat' dir='ltr'><strong>velamina</strong></span> 
     </span>
    </p>
   </div>
   <div class='ocr_carea' id='block_1_13' title="bbox 324 1434 1911 1511">
    <p class='ocr_par' dir='ltr' id='par_1_13' title="bbox 324 1434 1911 1511">
     <span class='ocr_line' id='line_1_13' title="bbox 324 1434 1911 1511; baseline -0.007 -14"><span class='ocrx_word' id='word_1_94' title='bbox 324 1457 524 1498; x_wconf 68' lang='lat' dir='ltr'><strong>mensae</strong></span> <span class='ocrx_word' id='word_1_95' title='bbox 549 1454 830 1511; x_wconf 87' lang='lat' dir='ltr'><strong>apparare,</strong></span> <span class='ocrx_word' id='word_1_96' title='bbox 879 1438 978 1508; x_wconf 87' lang='lat' dir='ltr'><strong>ipsi</strong></span> <span class='ocrx_word' id='word_1_97' title='bbox 1020 1453 1150 1492; x_wconf 92' lang='lat' dir='ltr'><strong>vero</strong></span> <span class='ocrx_word' id='word_1_98' title='bbox 1192 1452 1258 1489; x_wconf 89' lang='lat' dir='ltr'><strong>ne</strong></span> <span class='ocrx_word' id='word_1_99' title='bbox 1301 1435 1513 1505; x_wconf 80' lang='lat' dir='ltr'><strong>quidem</strong></span> <span class='ocrx_word' id='word_1_100' title='bbox 1555 1434 1911 1488; x_wconf 89' lang='lat' dir='ltr'><strong>necessarium</strong></span> 
     </span>
    </p>
   </div>
   <div class='ocr_carea' id='block_1_14' title="bbox 325 1526 1914 1606">
    <p class='ocr_par' dir='ltr' id='par_1_14' title="bbox 325 1526 1914 1606">
     <span class='ocr_line' id='line_1_14' title="bbox 325 1526 1914 1606; baseline -0.004 -17"><span class='ocrx_word' id='word_1_101' title='bbox 325 1544 689 1606; x_wconf 79' lang='lat' dir='ltr'><strong>tegumentum</strong></span> <span class='ocrx_word' id='word_1_102' title='bbox 716 1531 988 1603; x_wconf 60' lang='lat' dir='ltr'><strong>praebere?</strong></span> <span class='ocrx_word' id='word_1_103' title='bbox 1006 1529 1134 1602; x_wconf 88' lang='lat' dir='ltr'><strong>quid</strong></span> <span class='ocrx_word' id='word_1_104' title='bbox 1154 1529 1275 1584; x_wconf 91' lang='lat' dir='ltr'><strong>inde</strong></span> <span class='ocrx_word' id='word_1_105' title='bbox 1296 1528 1467 1583; x_wconf 85' lang='lat' dir='ltr'><strong>lucri?</strong></span> <span class='ocrx_word' id='word_1_106' title='bbox 1488 1527 1619 1581; x_wconf 85' lang='lat' dir='ltr'><strong>Nam</strong></span> <span class='ocrx_word' id='word_1_107' title='bbox 1641 1527 1726 1582; x_wconf 93' lang='lat' dir='ltr'><strong>dic</strong></span> <span class='ocrx_word' id='word_1_108' title='bbox 1748 1526 1914 1582; x_wconf 85' lang='lat' dir='ltr'><strong>mihi:</strong></span> 
     </span>
    </p>
   </div>
   <div class='ocr_carea' id='block_1_15' title="bbox 324 1618 1914 1695">
    <p class='ocr_par' dir='ltr' id='par_1_15' title="bbox 324 1618 1914 1695">
     <span class='ocr_line' id='line_1_15' title="bbox 324 1618 1914 1695; baseline -0.005 -16"><span class='ocrx_word' id='word_1_109' title='bbox 324 1626 368 1679; x_wconf 95' lang='lat' dir='ltr'><strong>si</strong></span> <span class='ocrx_word' id='word_1_110' title='bbox 396 1639 553 1695; x_wconf 88' lang='lat' dir='ltr'><strong>quem</strong></span> <span class='ocrx_word' id='word_1_111' title='bbox 584 1625 792 1678; x_wconf 78' lang='lat' dir='ltr'><strong>videres</strong></span> <span class='ocrx_word' id='word_1_112' title='bbox 818 1622 1122 1676; x_wconf 89' lang='lat' dir='ltr'><strong>necessario</strong></span> <span class='ocrx_word' id='word_1_113' title='bbox 1146 1629 1391 1690; x_wconf 77' lang='lat' dir='ltr'><strong>egentem</strong></span> <span class='ocrx_word' id='word_1_114' title='bbox 1421 1619 1563 1681; x_wconf 87' lang='lat' dir='ltr'><strong>cibo.</strong></span> <span class='ocrx_word' id='word_1_115' title='bbox 1600 1627 1657 1673; x_wconf 92' lang='lat' dir='ltr'><strong>et</strong></span> <span class='ocrx_word' id='word_1_116' title='bbox 1693 1618 1809 1687; x_wconf 88' lang='lat' dir='ltr'><strong>ipso</strong></span> <span class='ocrx_word' id='word_1_117' title='bbox 1835 1618 1914 1672; x_wconf 89' lang='lat' dir='ltr'><strong>sic</strong></span> 
     </span>
    </p>
   </div>
   <div class='ocr_carea' id='block_1_16' title="bbox 327 1709 1913 1781">
    <p class='ocr_par' dir='ltr' id='par_1_16' title="bbox 327 1709 1913 1781">
     <span class='ocr_line' id='line_1_16' title="bbox 327 1709 1913 1781; baseline -0.003 -13"><span class='ocrx_word' id='word_1_118' title='bbox 327 1715 534 1781; x_wconf 73' lang='lat' dir='ltr'><strong>relicto,</strong></span> <span class='ocrx_word' id='word_1_119' title='bbox 583 1727 823 1767; x_wconf 81' lang='lat' dir='ltr'><strong>mensam</strong></span> <span class='ocrx_word' id='word_1_120' title='bbox 869 1727 1001 1767; x_wconf 89' lang='lat' dir='ltr'><strong>auro</strong></span> <span class='ocrx_word' id='word_1_121' title='bbox 1041 1711 1402 1766; x_wconf 83' lang='lat' dir='ltr'><strong>circumdares</strong></span> <span class='ocrx_word' id='word_1_122' title='bbox 1444 1719 1668 1774; x_wconf 90' lang='lat' dir='ltr'><strong>tantum,</strong></span> <span class='ocrx_word' id='word_1_123' title='bbox 1709 1725 1775 1762; x_wconf 91' lang='lat' dir='ltr'><strong>an</strong></span> <span class='ocrx_word' id='word_1_124' title='bbox 1819 1709 1913 1764; x_wconf 86' lang='lat' dir='ltr'><strong>tibi</strong></span> 
     </span>
    </p>
   </div>
   <div class='ocr_carea' id='block_1_17' title="bbox 327 1803 1910 1876">
    <p class='ocr_par' dir='ltr' id='par_1_17' title="bbox 327 1803 1910 1876">
     <span class='ocr_line' id='line_1_17' title="bbox 327 1803 1910 1876; baseline -0.001 -17"><span class='ocrx_word' id='word_1_125' title='bbox 327 1807 523 1876; x_wconf 87' lang='lat' dir='ltr'><strong>gratias</strong></span> <span class='ocrx_word' id='word_1_126' title='bbox 537 1804 782 1871; x_wconf 90' lang='lat' dir='ltr'><strong>haberet,</strong></span> <span class='ocrx_word' id='word_1_127' title='bbox 805 1820 980 1860; x_wconf 84' lang='lat' dir='ltr'><strong>annon</strong></span> <span class='ocrx_word' id='word_1_128' title='bbox 1000 1805 1173 1874; x_wconf 89' lang='lat' dir='ltr'><strong>potius</strong></span> <span class='ocrx_word' id='word_1_129' title='bbox 1193 1803 1590 1874; x_wconf 89' lang='lat' dir='ltr'><strong>indignaretur?</strong></span> <span class='ocrx_word' id='word_1_130' title='bbox 1606 1803 1740 1871; x_wconf 88' lang='lat' dir='ltr'><strong>Quid</strong></span> <span class='ocrx_word' id='word_1_131' title='bbox 1763 1819 1910 1870; x_wconf 89' lang='lat' dir='ltr'><strong>vero,</strong></span> 
     </span>
    </p>
   </div>
   <div class='ocr_carea' id='block_1_18' title="bbox 326 1895 1914 1965">
    <p class='ocr_par' dir='ltr' id='par_1_18' title="bbox 326 1895 1914 1965">
     <span class='ocr_line' id='line_1_18' title="bbox 326 1895 1914 1965; baseline -0.002 -12"><span class='ocrx_word' id='word_1_132' title='bbox 326 1899 372 1953; x_wconf 73' lang='lat' dir='ltr'><strong>si</strong></span> <span class='ocrx_word' id='word_1_133' title='bbox 402 1898 551 1952; x_wconf 92' lang='lat' dir='ltr'><strong>illum</strong></span> <span class='ocrx_word' id='word_1_134' title='bbox 580 1897 791 1953; x_wconf 83' lang='lat' dir='ltr'><strong>videres</strong></span> <span class='ocrx_word' id='word_1_135' title='bbox 813 1897 1020 1952; x_wconf 79' lang='lat' dir='ltr'><strong>detritis</strong></span> <span class='ocrx_word' id='word_1_136' title='bbox 1049 1895 1235 1964; x_wconf 83' lang='lat' dir='ltr'><strong>patinis</strong></span> <span class='ocrx_word' id='word_1_137' title='bbox 1262 1896 1502 1950; x_wconf 88' lang='lat' dir='ltr'><strong>indutum</strong></span> <span class='ocrx_word' id='word_1_138' title='bbox 1531 1905 1584 1950; x_wconf 90' lang='lat' dir='ltr'><strong>et</strong></span> <span class='ocrx_word' id='word_1_139' title='bbox 1610 1895 1803 1965; x_wconf 79' lang='lat' dir='ltr'><strong>frigore</strong></span> <span class='ocrx_word' id='word_1_140' title='bbox 1837 1895 1914 1950; x_wconf 89' lang='lat' dir='ltr'><strong>ri-</strong></span> 
     </span>
    </p>
   </div>
   <div class='ocr_carea' id='block_1_19' title="bbox 328 1985 1918 2060">
    <p class='ocr_par' dir='ltr' id='par_1_19' title="bbox 328 1985 1918 2060">
     <span class='ocr_line' id='line_1_19' title="bbox 328 1985 1918 2060; baseline -0.003 -16"><span class='ocrx_word' id='word_1_141' title='bbox 328 1997 562 2060; x_wconf 85' lang='lat' dir='ltr'><strong>gentem,</strong></span> <span class='ocrx_word' id='word_1_142' title='bbox 595 1997 650 2044; x_wconf 91' lang='lat' dir='ltr'><strong>et</strong></span> <span class='ocrx_word' id='word_1_143' title='bbox 677 1988 855 2043; x_wconf 90' lang='lat' dir='ltr'><strong>missis</strong></span> <span class='ocrx_word' id='word_1_144' title='bbox 882 1988 1137 2051; x_wconf 83' lang='lat' dir='ltr'><strong>vestibus,</strong></span> <span class='ocrx_word' id='word_1_145' title='bbox 1169 2001 1358 2041; x_wconf 91' lang='lat' dir='ltr'><strong>aureas</strong></span> <span class='ocrx_word' id='word_1_146' title='bbox 1389 1987 1487 2056; x_wconf 91' lang='lat' dir='ltr'><strong>ipsi</strong></span> <span class='ocrx_word' id='word_1_147' title='bbox 1517 1986 1791 2042; x_wconf 90' lang='lat' dir='ltr'><strong>columnas</strong></span> <span class='ocrx_word' id='word_1_148' title='bbox 1811 1985 1918 2040; x_wconf 89' lang='lat' dir='ltr'><strong>eri-</strong></span> 
     </span>
    </p>
   </div>
   <div class='ocr_carea' id='block_1_20' title="bbox 326 2077 1916 2151">
    <p class='ocr_par' dir='ltr' id='par_1_20' title="bbox 326 2077 1916 2151">
     <span class='ocr_line' id='line_1_20' title="bbox 326 2077 1916 2151; baseline -0.003 -15"><span class='ocrx_word' id='word_1_149' title='bbox 326 2096 504 2151; x_wconf 81' lang='lat' dir='ltr'><strong>geres,</strong></span> <span class='ocrx_word' id='word_1_150' title='bbox 532 2079 718 2136; x_wconf 92' lang='lat' dir='ltr'><strong>dicens</strong></span> <span class='ocrx_word' id='word_1_151' title='bbox 747 2079 801 2134; x_wconf 89' lang='lat' dir='ltr'><strong>id</strong></span> <span class='ocrx_word' id='word_1_152' title='bbox 829 2087 880 2134; x_wconf 89' lang='lat' dir='ltr'><strong>te</strong></span> <span class='ocrx_word' id='word_1_153' title='bbox 901 2079 952 2133; x_wconf 92' lang='lat' dir='ltr'><strong>in</strong></span> <span class='ocrx_word' id='word_1_154' title='bbox 982 2079 1097 2149; x_wconf 85' lang='lat' dir='ltr'><strong>ejus</strong></span> <span class='ocrx_word' id='word_1_155' title='bbox 1116 2078 1374 2132; x_wconf 85' lang='lat' dir='ltr'><strong>honorem</strong></span> <span class='ocrx_word' id='word_1_156' title='bbox 1401 2077 1616 2132; x_wconf 82' lang='lat' dir='ltr'><strong>facere?</strong></span> <span class='ocrx_word' id='word_1_157' title='bbox 1645 2079 1834 2132; x_wconf 85' lang='lat' dir='ltr'><strong>Annon</strong></span> <span class='ocrx_word' id='word_1_158' title='bbox 1857 2094 1916 2133; x_wconf 91' lang='lat' dir='ltr'><strong>se</strong></span> 
     </span>
    </p>
   </div>
   <div class='ocr_carea' id='block_1_21' title="bbox 327 2170 1915 2245">
    <p class='ocr_par' dir='ltr' id='par_1_21' title="bbox 327 2170 1915 2245">
     <span class='ocr_line' id='line_1_21' title="bbox 327 2170 1915 2245; baseline -0.004 -15"><span class='ocrx_word' id='word_1_159' title='bbox 327 2175 560 2230; x_wconf 87' lang='lat' dir='ltr'><strong>derideri</strong></span> <span class='ocrx_word' id='word_1_160' title='bbox 607 2181 840 2245; x_wconf 90' lang='lat' dir='ltr'><strong>putaret,</strong></span> <span class='ocrx_word' id='word_1_161' title='bbox 888 2181 1048 2239; x_wconf 86' lang='lat' dir='ltr'><strong>atque</strong></span> <span class='ocrx_word' id='word_1_162' title='bbox 1092 2181 1332 2228; x_wconf 82' lang='lat' dir='ltr'><strong>extrema</strong></span> <span class='ocrx_word' id='word_1_163' title='bbox 1370 2172 1689 2226; x_wconf 87' lang='lat' dir='ltr'><strong>contumelia</strong></span> <span class='ocrx_word' id='word_1_164' title='bbox 1737 2170 1915 2227; x_wconf 82' lang='lat' dir='ltr'><strong>afﬁci?</strong></span> 
     </span>
    </p>
   </div>
   <div class='ocr_carea' id='block_1_22' title="bbox 332 2261 1919 2333">
    <p class='ocr_par' dir='ltr' id='par_1_22' title="bbox 332 2261 1919 2333">
     <span class='ocr_line' id='line_1_22' title="bbox 332 2261 1919 2333; baseline -0.003 -12"><span class='ocrx_word' id='word_1_165' title='bbox 332 2268 441 2322; x_wconf 86' lang='lat' dir='ltr'><strong>lloc</strong></span> <span class='ocrx_word' id='word_1_166' title='bbox 467 2267 627 2322; x_wconf 90' lang='lat' dir='ltr'><strong>etiam</strong></span> <span class='ocrx_word' id='word_1_167' title='bbox 654 2267 796 2321; x_wconf 89' lang='lat' dir='ltr'><strong>circa</strong></span> <span class='ocrx_word' id='word_1_168' title='bbox 821 2263 1098 2320; x_wconf 89' lang='lat' dir='ltr'><strong>Christum</strong></span> <span class='ocrx_word' id='word_1_169' title='bbox 1128 2271 1336 2333; x_wconf 88' lang='lat' dir='ltr'><strong>reputa,</strong></span> <span class='ocrx_word' id='word_1_170' title='bbox 1362 2278 1484 2318; x_wconf 91' lang='lat' dir='ltr'><strong>cum</strong></span> <span class='ocrx_word' id='word_1_171' title='bbox 1512 2261 1845 2318; x_wconf 90' lang='lat' dir='ltr'><strong>errabundus</strong></span> <span class='ocrx_word' id='word_1_172' title='bbox 1864 2271 1919 2318; x_wconf 90' lang='lat' dir='ltr'><strong>et</strong></span> 
     </span>
    </p>
   </div>
   <div class='ocr_carea' id='block_1_23' title="bbox 329 2354 1916 2429">
    <p class='ocr_par' dir='ltr' id='par_1_23' title="bbox 329 2354 1916 2429">
     <span class='ocr_line' id='line_1_23' title="bbox 329 2354 1916 2429; baseline -0.004 -15"><span class='ocrx_word' id='word_1_173' title='bbox 329 2359 638 2429; x_wconf 86' lang='lat' dir='ltr'><strong>peregrinus</strong></span> <span class='ocrx_word' id='word_1_174' title='bbox 665 2359 930 2424; x_wconf 88' lang='lat' dir='ltr'><strong>circumit,</strong></span> <span class='ocrx_word' id='word_1_175' title='bbox 959 2364 1102 2411; x_wconf 88' lang='lat' dir='ltr'><strong>tecto</strong></span> <span class='ocrx_word' id='word_1_176' title='bbox 1136 2355 1407 2425; x_wconf 85' lang='lat' dir='ltr'><strong>indigens;</strong></span> <span class='ocrx_word' id='word_1_177' title='bbox 1443 2363 1495 2409; x_wconf 93' lang='lat' dir='ltr'><strong>tu</strong></span> <span class='ocrx_word' id='word_1_178' title='bbox 1539 2364 1714 2409; x_wconf 90' lang='lat' dir='ltr'><strong>autem</strong></span> <span class='ocrx_word' id='word_1_179' title='bbox 1743 2354 1834 2409; x_wconf 90' lang='lat' dir='ltr'><strong>illo</strong></span> <span class='ocrx_word' id='word_1_180' title='bbox 1862 2355 1916 2409; x_wconf 92' lang='lat' dir='ltr'><strong>in</strong></span> 
     </span>
    </p>
   </div>
   <div class='ocr_carea' id='block_1_24' title="bbox 330 2447 1917 2521">
    <p class='ocr_par' dir='ltr' id='par_1_24' title="bbox 330 2447 1917 2521">
     <span class='ocr_line' id='line_1_24' title="bbox 330 2447 1917 2521; baseline -0.002 -17"><span class='ocrx_word' id='word_1_181' title='bbox 330 2451 591 2521; x_wconf 87' lang='lat' dir='ltr'><strong>hospitem</strong></span> <span class='ocrx_word' id='word_1_182' title='bbox 629 2465 735 2504; x_wconf 91' lang='lat' dir='ltr'><strong>non</strong></span> <span class='ocrx_word' id='word_1_183' title='bbox 778 2449 1034 2514; x_wconf 88' lang='lat' dir='ltr'><strong>admisso,</strong></span> <span class='ocrx_word' id='word_1_184' title='bbox 1069 2447 1428 2518; x_wconf 85' lang='lat' dir='ltr'><strong>pavimentum</strong></span> <span class='ocrx_word' id='word_1_185' title='bbox 1469 2461 1699 2501; x_wconf 84' lang='lat' dir='ltr'><strong>exornas</strong></span> <span class='ocrx_word' id='word_1_186' title='bbox 1726 2456 1780 2503; x_wconf 88' lang='lat' dir='ltr'><strong>et</strong></span> <span class='ocrx_word' id='word_1_187' title='bbox 1820 2461 1917 2517; x_wconf 92' lang='lat' dir='ltr'><strong>pa-</strong></span> 
     </span>
    </p>
   </div>
   <div class='ocr_carea' id='block_1_25' title="bbox 329 2538 1918 2611">
    <p class='ocr_par' dir='ltr' id='par_1_25' title="bbox 329 2538 1918 2611">
     <span class='ocr_line' id='line_1_25' title="bbox 329 2538 1918 2611; baseline -0.001 -15"><span class='ocrx_word' id='word_1_188' title='bbox 329 2543 488 2598; x_wconf 83' lang='lat' dir='ltr'><strong>rietes</strong></span> <span class='ocrx_word' id='word_1_189' title='bbox 515 2541 991 2611; x_wconf 83' lang='lat' dir='ltr'><strong>columnarumque</strong></span> <span class='ocrx_word' id='word_1_190' title='bbox 1019 2538 1284 2609; x_wconf 90' lang='lat' dir='ltr'><strong>capitella,</strong></span> <span class='ocrx_word' id='word_1_191' title='bbox 1313 2547 1369 2593; x_wconf 88' lang='lat' dir='ltr'><strong>et</strong></span> <span class='ocrx_word' id='word_1_192' title='bbox 1392 2548 1675 2609; x_wconf 86' lang='lat' dir='ltr'><strong>argenteas</strong></span> <span class='ocrx_word' id='word_1_193' title='bbox 1699 2548 1918 2594; x_wconf 89' lang='lat' dir='ltr'><strong>catenas</strong></span> 
     </span>
    </p>
   </div>
   <div class='ocr_carea' id='block_1_26' title="bbox 330 2630 1920 2705">
    <p class='ocr_par' dir='ltr' id='par_1_26' title="bbox 330 2630 1920 2705">
     <span class='ocr_line' id='line_1_26' title="bbox 330 2630 1920 2705; baseline -0.003 -15"><span class='ocrx_word' id='word_1_194' title='bbox 330 2634 659 2705; x_wconf 86' lang='lat' dir='ltr'><strong>lampadibus</strong></span> <span class='ocrx_word' id='word_1_195' title='bbox 684 2634 886 2704; x_wconf 77' lang='lat' dir='ltr'><strong>alligas,</strong></span> <span class='ocrx_word' id='word_1_196' title='bbox 919 2634 1092 2703; x_wconf 90' lang='lat' dir='ltr'><strong>ipsum</strong></span> <span class='ocrx_word' id='word_1_197' title='bbox 1123 2646 1251 2686; x_wconf 92' lang='lat' dir='ltr'><strong>vero</strong></span> <span class='ocrx_word' id='word_1_198' title='bbox 1281 2632 1334 2684; x_wconf 93' lang='lat' dir='ltr'><strong>iu</strong></span> <span class='ocrx_word' id='word_1_199' title='bbox 1363 2645 1580 2685; x_wconf 88' lang='lat' dir='ltr'><strong>carcere</strong></span> <span class='ocrx_word' id='word_1_200' title='bbox 1610 2630 1827 2701; x_wconf 88' lang='lat' dir='ltr'><strong>ligatum</strong></span> <span class='ocrx_word' id='word_1_201' title='bbox 1851 2647 1920 2686; x_wconf 90' lang='lat' dir='ltr'><strong>ne</strong></span> 
     </span>
    </p>
   </div>
   <div class='ocr_carea' id='block_1_27' title="bbox 330 2724 1917 2800">
    <p class='ocr_par' dir='ltr' id='par_1_27' title="bbox 330 2724 1917 2800">
     <span class='ocr_line' id='line_1_27' title="bbox 330 2724 1917 2800; baseline -0.001 -20"><span class='ocrx_word' id='word_1_202' title='bbox 330 2727 511 2783; x_wconf 86' lang='lat' dir='ltr'><strong>videre</strong></span> <span class='ocrx_word' id='word_1_203' title='bbox 539 2727 756 2800; x_wconf 89' lang='lat' dir='ltr'><strong>quidem</strong></span> <span class='ocrx_word' id='word_1_204' title='bbox 800 2728 1055 2782; x_wconf 89' lang='lat' dir='ltr'><strong>sustines.</strong></span> <span class='ocrx_word' id='word_1_205' title='bbox 1095 2725 1220 2780; x_wconf 69' lang='grc' dir='ltr'><strong>Ητεο</strong></span> <span class='ocrx_word' id='word_1_206' title='bbox 1256 2739 1416 2794; x_wconf 90' lang='lat' dir='ltr'><strong>porro</strong></span> <span class='ocrx_word' id='word_1_207' title='bbox 1446 2724 1701 2787; x_wconf 86' lang='lat' dir='ltr'><strong>diconon</strong></span> <span class='ocrx_word' id='word_1_208' title='bbox 1732 2725 1917 2794; x_wconf 88' lang='lat' dir='ltr'><strong>prohi-</strong></span> 
     </span>
    </p>
   </div>
   <div class='ocr_carea' id='block_1_28' title="bbox 333 2815 1919 2882">
    <p class='ocr_par' dir='ltr' id='par_1_28' title="bbox 333 2815 1919 2882">
     <span class='ocr_line' id='line_1_28' title="bbox 333 2815 1919 2882; baseline -0.001 -8"><span class='ocrx_word' id='word_1_209' title='bbox 333 2819 468 2875; x_wconf 86' lang='lat' dir='ltr'><strong>bens</strong></span> <span class='ocrx_word' id='word_1_210' title='bbox 509 2829 571 2875; x_wconf 90' lang='lat' dir='ltr'><strong>ut</strong></span> <span class='ocrx_word' id='word_1_211' title='bbox 613 2818 731 2874; x_wconf 69' lang='lat' dir='ltr'><strong>hazc</strong></span> <span class='ocrx_word' id='word_1_212' title='bbox 773 2829 1086 2874; x_wconf 89' lang='lat' dir='ltr'><strong>ornamenta</strong></span> <span class='ocrx_word' id='word_1_213' title='bbox 1130 2816 1517 2882; x_wconf 90' lang='lat' dir='ltr'><strong>adhibeantur;</strong></span> <span class='ocrx_word' id='word_1_214' title='bbox 1567 2815 1661 2870; x_wconf 89' lang='lat' dir='ltr'><strong>sed</strong></span> <span class='ocrx_word' id='word_1_215' title='bbox 1705 2827 1762 2870; x_wconf 92' lang='lat' dir='ltr'><strong>ut</strong></span> <span class='ocrx_word' id='word_1_216' title='bbox 1805 2816 1919 2872; x_wconf 67' lang='lat' dir='ltr'><strong>haec</strong></span> 
     </span>
    </p>
   </div>
   <div class='ocr_carea' id='block_1_29' title="bbox 331 2909 1918 2981">
    <p class='ocr_par' dir='ltr' id='par_1_29' title="bbox 331 2909 1918 2981">
     <span class='ocr_line' id='line_1_29' title="bbox 331 2909 1918 2981; baseline -0.003 -10"><span class='ocrx_word' id='word_1_217' title='bbox 331 2913 490 2971; x_wconf 80' lang='lat' dir='ltr'><strong>etiam</strong></span> <span class='ocrx_word' id='word_1_218' title='bbox 519 2928 639 2968; x_wconf 89' lang='lat' dir='ltr'><strong>cum</strong></span> <span class='ocrx_word' id='word_1_219' title='bbox 676 2912 796 2968; x_wconf 92' lang='lat' dir='ltr'><strong>aliis</strong></span> <span class='ocrx_word' id='word_1_220' title='bbox 838 2923 1130 2978; x_wconf 89' lang='lat' dir='ltr'><strong>curentur;</strong></span> <span class='ocrx_word' id='word_1_221' title='bbox 1158 2911 1266 2967; x_wconf 92' lang='lat' dir='ltr'><strong>imo</strong></span> <span class='ocrx_word' id='word_1_222' title='bbox 1304 2910 1494 2966; x_wconf 86' lang='lat' dir='ltr'><strong>hortor</strong></span> <span class='ocrx_word' id='word_1_223' title='bbox 1527 2919 1584 2965; x_wconf 93' lang='lat' dir='ltr'><strong>ut</strong></span> <span class='ocrx_word' id='word_1_224' title='bbox 1612 2909 1727 2965; x_wconf 83' lang='lat' dir='ltr'><strong>haec</strong></span> <span class='ocrx_word' id='word_1_225' title='bbox 1769 2911 1918 2981; x_wconf 90' lang='lat' dir='ltr'><strong>prius</strong></span> 
     </span>
    </p>
   </div>
   <div class='ocr_carea' id='block_1_30' title="bbox 331 3002 1919 3075">
    <p class='ocr_par' dir='ltr' id='par_1_30' title="bbox 331 3002 1919 3075">
     <span class='ocr_line' id='line_1_30' title="bbox 331 3002 1919 3075; baseline 0 -19"><span class='ocrx_word' id='word_1_226' title='bbox 331 3021 490 3075; x_wconf 82' lang='lat' dir='ltr'><strong>quam</strong></span> <span class='ocrx_word' id='word_1_227' title='bbox 531 3004 635 3059; x_wconf 89' lang='lat' dir='ltr'><strong>alia</strong></span> <span class='ocrx_word' id='word_1_228' title='bbox 674 3005 822 3059; x_wconf 84' lang='lat' dir='ltr'><strong>ﬁant.</strong></span> <span class='ocrx_word' id='word_1_229' title='bbox 852 3003 1022 3059; x_wconf 87' lang='lat' dir='ltr'><strong>Nemo</strong></span> <span class='ocrx_word' id='word_1_230' title='bbox 1047 3005 1213 3071; x_wconf 92' lang='lat' dir='ltr'><strong>enim,</strong></span> <span class='ocrx_word' id='word_1_231' title='bbox 1244 3002 1386 3073; x_wconf 91' lang='lat' dir='ltr'><strong>quod</strong></span> <span class='ocrx_word' id='word_1_232' title='bbox 1425 3002 1612 3058; x_wconf 63' lang='lat' dir='ltr'><strong>istliaic</strong></span> <span class='ocrx_word' id='word_1_233' title='bbox 1637 3017 1742 3056; x_wconf 90' lang='lat' dir='ltr'><strong>non</strong></span> <span class='ocrx_word' id='word_1_234' title='bbox 1772 3002 1919 3058; x_wconf 91' lang='lat' dir='ltr'><strong>face-</strong></span> 
     </span>
    </p>
   </div>
   <div class='ocr_carea' id='block_1_31' title="bbox 333 3093 1920 3166">
    <p class='ocr_par' dir='ltr' id='par_1_31' title="bbox 333 3093 1920 3166">
     <span class='ocr_line' id='line_1_31' title="bbox 333 3093 1920 3166; baseline 0.001 -17"><span class='ocrx_word' id='word_1_235' title='bbox 333 3103 433 3161; x_wconf 89' lang='lat' dir='ltr'><strong>ret,</strong></span> <span class='ocrx_word' id='word_1_236' title='bbox 465 3103 746 3151; x_wconf 89' lang='lat' dir='ltr'><strong>accusatus</strong></span> <span class='ocrx_word' id='word_1_237' title='bbox 788 3110 1041 3166; x_wconf 90' lang='lat' dir='ltr'><strong>umquam</strong></span> <span class='ocrx_word' id='word_1_238' title='bbox 1072 3094 1199 3161; x_wconf 86' lang='lat' dir='ltr'><strong>fuit;</strong></span> <span class='ocrx_word' id='word_1_239' title='bbox 1247 3094 1337 3148; x_wconf 88' lang='lat' dir='ltr'><strong>illa</strong></span> <span class='ocrx_word' id='word_1_240' title='bbox 1380 3109 1508 3148; x_wconf 90' lang='lat' dir='ltr'><strong>vero</strong></span> <span class='ocrx_word' id='word_1_241' title='bbox 1533 3093 1920 3164; x_wconf 75' lang='lat' dir='ltr'><strong>negligentibus</strong></span> 
     </span>
    </p>
   </div>
   <div class='ocr_carea' id='block_1_32' title="bbox 330 3187 1916 3259">
    <p class='ocr_par' dir='ltr' id='par_1_32' title="bbox 330 3187 1916 3259">
     <span class='ocr_line' id='line_1_32' title="bbox 330 3187 1916 3259; baseline -0.001 -17"><span class='ocrx_word' id='word_1_242' title='bbox 330 3187 572 3259; x_wconf 83' lang='lat' dir='ltr'><strong>gehenna</strong></span> <span class='ocrx_word' id='word_1_243' title='bbox 599 3187 895 3259; x_wconf 88' lang='lat' dir='ltr'><strong>destinatur</strong></span> <span class='ocrx_word' id='word_1_244' title='bbox 931 3195 987 3244; x_wconf 91' lang='lat' dir='ltr'><strong>et</strong></span> <span class='ocrx_word' id='word_1_245' title='bbox 1029 3187 1164 3259; x_wconf 82' lang='lat' dir='ltr'><strong>ignis</strong></span> <span class='ocrx_word' id='word_1_246' title='bbox 1195 3187 1659 3258; x_wconf 82' lang='lat' dir='ltr'><strong>inexstinguibilis,</strong></span> <span class='ocrx_word' id='word_1_247' title='bbox 1697 3197 1749 3244; x_wconf 92' lang='lat' dir='ltr'><strong>et</strong></span> <span class='ocrx_word' id='word_1_248' title='bbox 1789 3203 1916 3258; x_wconf 85' lang='lat' dir='ltr'><strong>sup-</strong></span> 
     </span>
    </p>
   </div>
   <div class='ocr_carea' id='block_1_33' title="bbox 333 3280 1918 3352">
    <p class='ocr_par' dir='ltr' id='par_1_33' title="bbox 333 3280 1918 3352">
     <span class='ocr_line' id='line_1_33' title="bbox 333 3280 1918 3352; baseline 0.002 -19"><span class='ocrx_word' id='word_1_249' title='bbox 333 3280 551 3350; x_wconf 91' lang='lat' dir='ltr'><strong>plicium</strong></span> <span class='ocrx_word' id='word_1_250' title='bbox 580 3295 700 3338; x_wconf 90' lang='lat' dir='ltr'><strong>cum</strong></span> <span class='ocrx_word' id='word_1_251' title='bbox 727 3280 1058 3336; x_wconf 58' lang='lat' dir='ltr'><strong>daemonibus</strong></span> <span class='ocrx_word' id='word_1_252' title='bbox 1079 3281 1468 3336; x_wconf 91' lang='lat' dir='ltr'><strong>sustinendum.</strong></span> <span class='ocrx_word' id='word_1_253' title='bbox 1496 3280 1574 3337; x_wconf 89' lang='lat' dir='ltr'><strong>Ne</strong></span> <span class='ocrx_word' id='word_1_254' title='bbox 1594 3283 1770 3352; x_wconf 90' lang='lat' dir='ltr'><strong>itaque</strong></span> <span class='ocrx_word' id='word_1_255' title='bbox 1791 3281 1918 3336; x_wconf 91' lang='lat' dir='ltr'><strong>dum</strong></span> 
     </span>
    </p>
   </div>
   <div class='ocr_carea' id='block_1_34' title="bbox 329 3372 1918 3444">
    <p class='ocr_par' dir='ltr' id='par_1_34' title="bbox 329 3372 1918 3444">
     <span class='ocr_line' id='line_1_34' title="bbox 329 3372 1918 3444; baseline -0.002 -13"><span class='ocrx_word' id='word_1_256' title='bbox 329 3374 546 3432; x_wconf 85' lang='lat' dir='ltr'><strong>domum</strong></span> <span class='ocrx_word' id='word_1_257' title='bbox 575 3388 822 3441; x_wconf 81' lang='lat' dir='ltr'><strong>exornas,</strong></span> <span class='ocrx_word' id='word_1_258' title='bbox 867 3372 1125 3428; x_wconf 86' lang='lat' dir='ltr'><strong>afflictum</strong></span> <span class='ocrx_word' id='word_1_259' title='bbox 1173 3373 1393 3429; x_wconf 85' lang='lat' dir='ltr'><strong>fratrem</strong></span> <span class='ocrx_word' id='word_1_260' title='bbox 1427 3373 1692 3444; x_wconf 87' lang='lat' dir='ltr'><strong>despicias</strong></span> <span class='ocrx_word' id='word_1_261' title='bbox 1736 3393 1749 3428; x_wconf 89' lang='lat'><strong>:</strong></span> <span class='ocrx_word' id='word_1_262' title='bbox 1795 3389 1918 3428; x_wconf 90' lang='lat' dir='ltr'><strong>nam</strong></span> 
     </span>
    </p>
   </div>
   <div class='ocr_carea' id='block_1_35' title="bbox 329 3469 1917 3541">
    <p class='ocr_par' dir='ltr' id='par_1_35' title="bbox 329 3469 1917 3541">
     <span class='ocr_line' id='line_1_35' title="bbox 329 3469 1917 3541; baseline -0.001 -17"><span class='ocrx_word' id='word_1_263' title='bbox 329 3472 433 3526; x_wconf 90' lang='lat' dir='ltr'><strong>hoc</strong></span> <span class='ocrx_word' id='word_1_264' title='bbox 461 3471 713 3541; x_wconf 88' lang='lat' dir='ltr'><strong>templum</strong></span> <span class='ocrx_word' id='word_1_265' title='bbox 746 3471 843 3525; x_wconf 88' lang='lat' dir='ltr'><strong>illo</strong></span> <span class='ocrx_word' id='word_1_266' title='bbox 864 3469 1169 3541; x_wconf 87' lang='lat' dir='ltr'><strong>pretiosius.</strong></span> <span class='ocrx_word' id='word_1_267' title='bbox 1201 3469 1327 3524; x_wconf 67' lang='lat' dir='ltr'><strong>Haec</strong></span> <span class='ocrx_word' id='word_1_268' title='bbox 1353 3471 1549 3540; x_wconf 86' lang='lat' dir='ltr'><strong>quippe</strong></span> <span class='ocrx_word' id='word_1_269' title='bbox 1577 3469 1786 3524; x_wconf 88' lang='lat' dir='ltr'><strong>cimelia</strong></span> <span class='ocrx_word' id='word_1_270' title='bbox 1816 3486 1917 3540; x_wconf 84' lang='lat' dir='ltr'><strong>po-</strong></span> 
     </span>
    </p>
   </div>
   <div class='ocr_carea' id='block_1_36' title="bbox 330 3562 1914 3636">
    <p class='ocr_par' dir='ltr' id='par_1_36' title="bbox 330 3562 1914 3636">
     <span class='ocr_line' id='line_1_36' title="bbox 330 3562 1914 3636; baseline -0.001 -20"><span class='ocrx_word' id='word_1_271' title='bbox 330 3570 529 3629; x_wconf 89' lang='lat' dir='ltr'><strong>terunt,</strong></span> <span class='ocrx_word' id='word_1_272' title='bbox 557 3563 639 3619; x_wconf 91' lang='lat' dir='ltr'><strong>vel</strong></span> <span class='ocrx_word' id='word_1_273' title='bbox 666 3578 818 3634; x_wconf 89' lang='lat' dir='ltr'><strong>reges</strong></span> <span class='ocrx_word' id='word_1_274' title='bbox 845 3562 1108 3628; x_wconf 86' lang='lat' dir='ltr'><strong>infideles,</strong></span> <span class='ocrx_word' id='word_1_275' title='bbox 1139 3563 1226 3618; x_wconf 84' lang='lat' dir='ltr'><strong>vel</strong></span> <span class='ocrx_word' id='word_1_276' title='bbox 1253 3563 1484 3636; x_wconf 86' lang='lat' dir='ltr'><strong>tyranni,</strong></span> <span class='ocrx_word' id='word_1_277' title='bbox 1516 3562 1603 3617; x_wconf 85' lang='lat' dir='ltr'><strong>vel</strong></span> <span class='ocrx_word' id='word_1_278' title='bbox 1634 3562 1779 3617; x_wconf 90' lang='lat' dir='ltr'><strong>fures</strong></span> <span class='ocrx_word' id='word_1_279' title='bbox 1816 3577 1914 3616; x_wconf 92' lang='lat' dir='ltr'><strong>au-</strong></span> 
     </span>
    </p>
   </div>
   <div class='ocr_carea' id='block_1_37' title="bbox 1484 3836 1978 3901">
    <p class='ocr_par' dir='ltr' id='par_1_37' title="bbox 1484 3836 1978 3901">
     <span class='ocr_line' id='line_1_37' title="bbox 1484 3836 1978 3901; baseline -0.01 0"><span class='ocrx_word' id='word_1_280' title='bbox 1484 3837 1826 3901; x_wconf 76' lang='lat' dir='ltr'><strong>HOMILIA</strong></span> <span class='ocrx_word' id='word_1_281' title='bbox 1875 3836 1978 3899; x_wconf 87' lang='lat' dir='ltr'><strong>LI.</strong></span> 
     </span>
    </p>
   </div>
   <div class='ocr_carea' id='block_1_38' title="bbox 325 4006 1917 4076">
    <p class='ocr_par' dir='ltr' id='par_1_38' title="bbox 325 4006 1917 4076">
     <span class='ocr_line' id='line_1_38' title="bbox 325 4006 1917 4076; baseline -0.007 -6"><span class='ocrx_word' id='word_1_282' title='bbox 325 4015 456 4070; x_wconf 75' lang='lat' dir='ltr'><strong>CAP.</strong></span> <span class='ocrx_word' id='word_1_283' title='bbox 491 4015 579 4070; x_wconf 70' lang='lat'><strong>15.</strong></span> <span class='ocrx_word' id='word_1_284' title='bbox 610 4030 661 4068; x_wconf 83' lang='grc' dir='ltr'><strong>ν.</strong></span> <span class='ocrx_word' id='word_1_285' title='bbox 692 4013 742 4067; x_wconf 81' lang='grc' dir='ltr'><strong>Ι.</strong></span> <span class='ocrx_word' id='word_1_286' title='bbox 784 4011 924 4066; x_wconf 89' lang='lat' dir='ltr'><strong>Tunc</strong></span> <span class='ocrx_word' id='word_1_287' title='bbox 952 4019 1266 4066; x_wconf 84' lang='lat' dir='ltr'><strong>accesserunt</strong></span> <span class='ocrx_word' id='word_1_288' title='bbox 1299 4009 1367 4062; x_wconf 86' lang='lat' dir='ltr'><strong>ad</strong></span> <span class='ocrx_word' id='word_1_289' title='bbox 1393 4008 1570 4062; x_wconf 84' lang='lat' dir='ltr'><strong>Jesum</strong></span> <span class='ocrx_word' id='word_1_290' title='bbox 1597 4024 1627 4060; x_wconf 90' lang='lat' dir='ltr'><strong>a</strong></span> <span class='ocrx_word' id='word_1_291' title='bbox 1651 4006 1917 4076; x_wconf 80' lang='lat' dir='ltr'><strong>Jerosoly-</strong></span> 
     </span>
    </p>
   </div>
   <div class='ocr_carea' id='block_1_39' title="bbox 510 4103 1752 4168">
    <p class='ocr_par' dir='ltr' id='par_1_39' title="bbox 510 4103 1752 4168">
     <span class='ocr_line' id='line_1_39' title="bbox 510 4103 1752 4168; baseline -0.006 -7"><span class='ocrx_word' id='word_1_292' title='bbox 510 4109 603 4162; x_wconf 87' lang='lat' dir='ltr'><strong>iiiis</strong></span> <span class='ocrx_word' id='word_1_293' title='bbox 623 4109 802 4161; x_wconf 77' lang='lat' dir='ltr'><strong>scriba:</strong></span> <span class='ocrx_word' id='word_1_294' title='bbox 825 4114 870 4160; x_wconf 91' lang='lat' dir='ltr'><strong>et</strong></span> <span class='ocrx_word' id='word_1_295' title='bbox 893 4103 1141 4160; x_wconf 76' lang='lat' dir='ltr'><strong>Phariswi</strong></span> <span class='ocrx_word' id='word_1_296' title='bbox 1162 4104 1400 4168; x_wconf 77' lang='lat' dir='ltr'><strong>dicentes,</strong></span> <span class='ocrx_word' id='word_1_297' title='bbox 1437 4103 1625 4167; x_wconf 80' lang='lat' dir='ltr'><strong>Quare,</strong></span> <span class='ocrx_word' id='word_1_298' title='bbox 1648 4109 1752 4154; x_wconf 89' lang='lat' dir='ltr'><strong>etc.</strong></span> 
     </span>
    </p>
   </div>
   <div class='ocr_carea' id='block_1_40' title="bbox 401 4191 1914 4268">
    <p class='ocr_par' dir='ltr' id='par_1_40' title="bbox 401 4191 1914 4268">
     <span class='ocr_line' id='line_1_40' title="bbox 401 4191 1914 4268; baseline -0.007 -13"><span class='ocrx_word' id='word_1_299' title='bbox 401 4201 454 4256; x_wconf 73' lang='grc' dir='ltr'><strong>ί.</strong></span> <span class='ocrx_word' id='word_1_300' title='bbox 492 4200 641 4254; x_wconf 84' lang='lat' dir='ltr'><strong>Tunc</strong></span> <span class='ocrx_word' id='word_1_301' title='bbox 668 4195 1080 4268; x_wconf 87' lang='lat' dir='ltr'><strong>:quandonam?</strong></span> <span class='ocrx_word' id='word_1_302' title='bbox 1104 4194 1235 4250; x_wconf 82' lang='lat' dir='ltr'><strong>Cum</strong></span> <span class='ocrx_word' id='word_1_303' title='bbox 1264 4195 1409 4248; x_wconf 88' lang='lat' dir='ltr'><strong>inille</strong></span> <span class='ocrx_word' id='word_1_304' title='bbox 1431 4194 1579 4264; x_wconf 85' lang='lat' dir='ltr'><strong>signa</strong></span> <span class='ocrx_word' id='word_1_305' title='bbox 1607 4191 1760 4253; x_wconf 80' lang='lat' dir='ltr'><strong>fecit;</strong></span> <span class='ocrx_word' id='word_1_306' title='bbox 1793 4204 1914 4245; x_wconf 90' lang='lat' dir='ltr'><strong>cum</strong></span> 
     </span>
    </p>
   </div>
   <div class='ocr_carea' id='block_1_41' title="bbox 327 4282 1920 4352">
    <p class='ocr_par' dir='ltr' id='par_1_41' title="bbox 327 4282 1920 4352">
     <span class='ocr_line' id='line_1_41' title="bbox 327 4282 1920 4352; baseline -0.007 -5"><span class='ocrx_word' id='word_1_307' title='bbox 327 4290 571 4347; x_wconf 87' lang='lat' dir='ltr'><strong>infirmos</strong></span> <span class='ocrx_word' id='word_1_308' title='bbox 597 4305 666 4344; x_wconf 79' lang='lat' dir='ltr'><strong>ex</strong></span> <span class='ocrx_word' id='word_1_309' title='bbox 691 4297 835 4342; x_wconf 88' lang='lat' dir='ltr'><strong>tactu</strong></span> <span class='ocrx_word' id='word_1_310' title='bbox 857 4286 1081 4341; x_wconf 67' lang='lat' dir='ltr'><strong>ﬁmbriae</strong></span> <span class='ocrx_word' id='word_1_311' title='bbox 1107 4284 1333 4340; x_wconf 90' lang='lat' dir='ltr'><strong>curavit.</strong></span> <span class='ocrx_word' id='word_1_312' title='bbox 1366 4283 1490 4338; x_wconf 92' lang='lat' dir='ltr'><strong>Ideo</strong></span> <span class='ocrx_word' id='word_1_313' title='bbox 1515 4282 1658 4338; x_wconf 91' lang='lat' dir='ltr'><strong>enim</strong></span> <span class='ocrx_word' id='word_1_314' title='bbox 1689 4295 1920 4352; x_wconf 86' lang='lat' dir='ltr'><strong>evange-</strong></span> 
     </span>
    </p>
   </div>
   <div class='ocr_carea' id='block_1_42' title="bbox 327 4364 1914 4451">
    <p class='ocr_par' dir='ltr' id='par_1_42' title="bbox 327 4364 1914 4451">
     <span class='ocr_line' id='line_1_42' title="bbox 327 4364 1914 4451; baseline -0.008 -11"><span class='ocrx_word' id='word_1_315' title='bbox 327 4383 448 4440; x_wconf 89' lang='lat' dir='ltr'><strong>lista</strong></span> <span class='ocrx_word' id='word_1_316' title='bbox 477 4391 691 4451; x_wconf 87' lang='lat' dir='ltr'><strong>tempus</strong></span> <span class='ocrx_word' id='word_1_317' title='bbox 714 4379 931 4446; x_wconf 90' lang='lat' dir='ltr'><strong>indicat,</strong></span> <span class='ocrx_word' id='word_1_318' title='bbox 960 4390 1019 4434; x_wconf 89' lang='lat' dir='ltr'><strong>ut</strong></span> <span class='ocrx_word' id='word_1_319' title='bbox 1049 4364 1284 4448; x_wconf 88' lang='lat' dir='ltr'><strong>ipsorum</strong></span> <span class='ocrx_word' id='word_1_320' title='bbox 1331 4377 1600 4447; x_wconf 79' lang='lat' dir='ltr'><strong>ingentem</strong></span> <span class='ocrx_word' id='word_1_321' title='bbox 1625 4373 1914 4445; x_wconf 87' lang='lat' dir='ltr'><strong>nequitiam</strong></span> 
     </span>
    </p>
   </div>
   <div class='ocr_carea' id='block_1_43' title="bbox 326 4463 1913 4537">
    <p class='ocr_par' dir='ltr' id='par_1_43' title="bbox 326 4463 1913 4537">
     <span class='ocr_line' id='line_1_43' title="bbox 326 4463 1913 4537; baseline -0.008 -8"><span class='ocrx_word' id='word_1_322' title='bbox 326 4473 574 4530; x_wconf 90' lang='lat' dir='ltr'><strong>ostendat</strong></span> <span class='ocrx_word' id='word_1_323' title='bbox 601 4473 730 4527; x_wconf 91' lang='lat' dir='ltr'><strong>nulli</strong></span> <span class='ocrx_word' id='word_1_324' title='bbox 762 4471 1060 4527; x_wconf 87' lang='lat' dir='ltr'><strong>cedentem.</strong></span> <span class='ocrx_word' id='word_1_325' title='bbox 1091 4468 1227 4537; x_wconf 86' lang='lat' dir='ltr'><strong>Quid</strong></span> <span class='ocrx_word' id='word_1_326' title='bbox 1269 4468 1369 4524; x_wconf 89' lang='lat' dir='ltr'><strong>sibi</strong></span> <span class='ocrx_word' id='word_1_327' title='bbox 1396 4467 1508 4522; x_wconf 88' lang='lat' dir='ltr'><strong>vult</strong></span> <span class='ocrx_word' id='word_1_328' title='bbox 1535 4465 1691 4532; x_wconf 90' lang='lat' dir='ltr'><strong>illud,</strong></span> <span class='ocrx_word' id='word_1_329' title='bbox 1723 4464 1798 4519; x_wconf 83' lang='lat' dir='ltr'><strong>Ab</strong></span> <span class='ocrx_word' id='word_1_330' title='bbox 1823 4463 1913 4518; x_wconf 86' lang='lat' dir='ltr'><strong>Je-</strong></span> 
     </span>
    </p>
   </div>
   <div class='ocr_carea' id='block_1_44' title="bbox 325 4557 1914 4638">
    <p class='ocr_par' dir='ltr' id='par_1_44' title="bbox 325 4557 1914 4638">
     <span class='ocr_line' id='line_1_44' title="bbox 325 4557 1914 4638; baseline -0.008 -16"><span class='ocrx_word' id='word_1_331' title='bbox 325 4565 598 4638; x_wconf 80' lang='lat' dir='ltr'><strong>rosolymis</strong></span> <span class='ocrx_word' id='word_1_332' title='bbox 637 4565 817 4619; x_wconf 78' lang='lat' dir='ltr'><strong>scriba:</strong></span> <span class='ocrx_word' id='word_1_333' title='bbox 844 4572 891 4618; x_wconf 87' lang='lat' dir='ltr'><strong>et</strong></span> <span class='ocrx_word' id='word_1_334' title='bbox 921 4561 1214 4616; x_wconf 64' lang='lat' dir='ltr'><strong>Pharisaei?</strong></span> <span class='ocrx_word' id='word_1_335' title='bbox 1253 4561 1386 4629; x_wconf 85' lang='lat' dir='ltr'><strong>Quia</strong></span> <span class='ocrx_word' id='word_1_336' title='bbox 1429 4560 1480 4614; x_wconf 92' lang='lat' dir='ltr'><strong>in</strong></span> <span class='ocrx_word' id='word_1_337' title='bbox 1523 4559 1772 4613; x_wconf 90' lang='lat' dir='ltr'><strong>omnibus</strong></span> <span class='ocrx_word' id='word_1_338' title='bbox 1815 4557 1914 4611; x_wconf 87' lang='lat' dir='ltr'><strong>tri-</strong></span> 
     </span>
    </p>
   </div>
   <div class='ocr_carea' id='block_1_45' title="bbox 326 4649 1912 4726">
    <p class='ocr_par' dir='ltr' id='par_1_45' title="bbox 326 4649 1912 4726">
     <span class='ocr_line' id='line_1_45' title="bbox 326 4649 1912 4726; baseline -0.008 -12"><span class='ocrx_word' id='word_1_339' title='bbox 326 4659 500 4714; x_wconf 84' lang='lat' dir='ltr'><strong>bubus</strong></span> <span class='ocrx_word' id='word_1_340' title='bbox 527 4655 754 4726; x_wconf 82' lang='lat' dir='ltr'><strong>dispersi</strong></span> <span class='ocrx_word' id='word_1_341' title='bbox 789 4664 962 4717; x_wconf 87' lang='lat' dir='ltr'><strong>erant.</strong></span> <span class='ocrx_word' id='word_1_342' title='bbox 997 4663 1053 4709; x_wconf 91' lang='lat' dir='ltr'><strong>et</strong></span> <span class='ocrx_word' id='word_1_343' title='bbox 1080 4654 1131 4708; x_wconf 93' lang='lat' dir='ltr'><strong>in</strong></span> <span class='ocrx_word' id='word_1_344' title='bbox 1171 4652 1450 4708; x_wconf 89' lang='lat' dir='ltr'><strong>duodecim</strong></span> <span class='ocrx_word' id='word_1_345' title='bbox 1491 4660 1670 4722; x_wconf 88' lang='lat' dir='ltr'><strong>partes</strong></span> <span class='ocrx_word' id='word_1_346' title='bbox 1698 4649 1851 4704; x_wconf 86' lang='lat' dir='ltr'><strong>divisi</strong></span> <span class='ocrx_word' id='word_1_347' title='bbox 1895 4665 1912 4702; x_wconf 90' lang='lat'><strong>:</strong></span> 
     </span>
    </p>
   </div>
   <div class='ocr_carea' id='block_1_46' title="bbox 325 4740 1914 4838">
    <p class='ocr_par' dir='ltr' id='par_1_46' title="bbox 325 4740 1914 4838">
     <span class='ocr_line' id='line_1_46' title="bbox 325 4740 1914 4838; baseline -0.007 -33"><span class='ocrx_word' id='word_1_348' title='bbox 325 4750 422 4805; x_wconf 89' lang='lat' dir='ltr'><strong>sed</strong></span> <span class='ocrx_word' id='word_1_349' title='bbox 462 4746 892 4820; x_wconf 79' lang='lat' dir='ltr'><strong>Jerosolymitaui</strong></span> <span class='ocrx_word' id='word_1_350' title='bbox 933 4745 1144 4801; x_wconf 63' lang='lat' dir='ltr'><strong>caeteris</strong></span> <span class='ocrx_word' id='word_1_351' title='bbox 1185 4744 1468 4815; x_wconf 87' lang='lat' dir='ltr'><strong>nequiores</strong></span> <span class='ocrx_word' id='word_1_352' title='bbox 1511 4752 1684 4806; x_wconf 86' lang='lat' dir='ltr'><strong>erant,</strong></span> <span class='ocrx_word' id='word_1_353' title='bbox 1726 4751 1784 4795; x_wconf 91' lang='lat' dir='ltr'><strong>ut</strong></span> <span class='ocrx_word' id='word_1_354' title='bbox 1822 4740 1914 4838; x_wconf 58' lang='lat' dir='ltr'><strong>qui</strong></span> 
     </span>
    </p>
   </div>
   <div class='ocr_carea' id='block_1_47' title="bbox 326 4835 1911 4912">
    <p class='ocr_par' dir='ltr' id='par_1_47' title="bbox 326 4835 1911 4912">
     <span class='ocr_line' id='line_1_47' title="bbox 326 4835 1911 4912; baseline -0.006 -16"><span class='ocrx_word' id='word_1_355' title='bbox 326 4842 516 4912; x_wconf 88' lang='lat' dir='ltr'><strong>majori</strong></span> <span class='ocrx_word' id='word_1_356' title='bbox 548 4840 853 4896; x_wconf 83' lang='lat' dir='ltr'><strong>fruerentur</strong></span> <span class='ocrx_word' id='word_1_357' title='bbox 878 4838 1099 4902; x_wconf 89' lang='lat' dir='ltr'><strong>honore,</strong></span> <span class='ocrx_word' id='word_1_358' title='bbox 1129 4847 1184 4892; x_wconf 90' lang='lat' dir='ltr'><strong>et</strong></span> <span class='ocrx_word' id='word_1_359' title='bbox 1217 4837 1506 4908; x_wconf 89' lang='lat' dir='ltr'><strong>plurimum</strong></span> <span class='ocrx_word' id='word_1_360' title='bbox 1547 4835 1649 4891; x_wconf 90' lang='lat' dir='ltr'><strong>sibi</strong></span> <span class='ocrx_word' id='word_1_361' title='bbox 1689 4835 1911 4904; x_wconf 84' lang='lat' dir='ltr'><strong>arroga-</strong></span> 
     </span>
    </p>
   </div>
   <div class='ocr_carea' id='block_1_48' title="bbox 325 4927 1913 5003">
    <p class='ocr_par' dir='ltr' id='par_1_48' title="bbox 325 4927 1913 5003">
     <span class='ocr_line' id='line_1_48' title="bbox 325 4927 1913 5003; baseline -0.003 -15"><span class='ocrx_word' id='word_1_362' title='bbox 325 4945 465 4989; x_wconf 89' lang='lat' dir='ltr'><strong>rent.</strong></span> <span class='ocrx_word' id='word_1_363' title='bbox 492 4933 768 5003; x_wconf 89' lang='lat' dir='ltr'><strong>Perpende</strong></span> <span class='ocrx_word' id='word_1_364' title='bbox 791 4943 967 4986; x_wconf 89' lang='lat' dir='ltr'><strong>autem</strong></span> <span class='ocrx_word' id='word_1_365' title='bbox 997 4931 1267 5002; x_wconf 92' lang='lat' dir='ltr'><strong>quomodo</strong></span> <span class='ocrx_word' id='word_1_366' title='bbox 1295 4945 1358 4986; x_wconf 77' lang='lat' dir='ltr'><strong>ex</strong></span> <span class='ocrx_word' id='word_1_367' title='bbox 1387 4930 1500 4999; x_wconf 89' lang='lat' dir='ltr'><strong>ipsa</strong></span> <span class='ocrx_word' id='word_1_368' title='bbox 1545 4944 1638 4984; x_wconf 90' lang='lat' dir='ltr'><strong>sua</strong></span> <span class='ocrx_word' id='word_1_369' title='bbox 1679 4927 1913 4984; x_wconf 85' lang='lat' dir='ltr'><strong>interro-</strong></span> 
     </span>
    </p>
   </div>
   <div class='ocr_carea' id='block_1_49' title="bbox 324 5019 1913 5096">
    <p class='ocr_par' dir='ltr' id='par_1_49' title="bbox 324 5019 1913 5096">
     <span class='ocr_line' id='line_1_49' title="bbox 324 5019 1913 5096; baseline -0.002 -17"><span class='ocrx_word' id='word_1_370' title='bbox 324 5027 544 5096; x_wconf 85' lang='lat' dir='ltr'><strong>gatione</strong></span> <span class='ocrx_word' id='word_1_371' title='bbox 571 5026 869 5092; x_wconf 91' lang='lat' dir='ltr'><strong>capiantur.</strong></span> <span class='ocrx_word' id='word_1_372' title='bbox 898 5022 1082 5093; x_wconf 85' lang='lat' dir='ltr'><strong>Neque</strong></span> <span class='ocrx_word' id='word_1_373' title='bbox 1108 5023 1251 5077; x_wconf 92' lang='lat' dir='ltr'><strong>enim</strong></span> <span class='ocrx_word' id='word_1_374' title='bbox 1278 5021 1480 5086; x_wconf 87' lang='lat' dir='ltr'><strong>dicunt,</strong></span> <span class='ocrx_word' id='word_1_375' title='bbox 1506 5019 1614 5076; x_wconf 88' lang='lat' dir='ltr'><strong>Cur</strong></span> <span class='ocrx_word' id='word_1_376' title='bbox 1641 5033 1913 5091; x_wconf 81' lang='lat' dir='ltr'><strong>transgre-</strong></span> 
     </span>
    </p>
   </div>
   <div class='ocr_carea' id='block_1_50' title="bbox 322 5110 1914 5185">
    <p class='ocr_par' dir='ltr' id='par_1_50' title="bbox 322 5110 1914 5185">
     <span class='ocr_line' id='line_1_50' title="bbox 322 5110 1914 5185; baseline -0.003 -15"><span class='ocrx_word' id='word_1_377' title='bbox 322 5115 544 5171; x_wconf 89' lang='lat' dir='ltr'><strong>diuntur</strong></span> <span class='ocrx_word' id='word_1_378' title='bbox 583 5115 755 5185; x_wconf 89' lang='lat' dir='ltr'><strong>legem</strong></span> <span class='ocrx_word' id='word_1_379' title='bbox 787 5112 1026 5185; x_wconf 81' lang='lat' dir='ltr'><strong>Moysis?</strong></span> <span class='ocrx_word' id='word_1_380' title='bbox 1068 5112 1184 5180; x_wconf 87' lang='lat' dir='ltr'><strong>sed,</strong></span> <span class='ocrx_word' id='word_1_381' title='bbox 1233 5111 1576 5166; x_wconf 86' lang='lat' dir='ltr'><strong>Traditionem</strong></span> <span class='ocrx_word' id='word_1_382' title='bbox 1615 5110 1914 5166; x_wconf 80' lang='lat' dir='ltr'><strong>seniorum?</strong></span> 
     </span>
    </p>
   </div>
   <div class='ocr_carea' id='block_1_51' title="bbox 321 5206 1912 5280">
    <p class='ocr_par' dir='ltr' id='par_1_51' title="bbox 321 5206 1912 5280">
     <span class='ocr_line' id='line_1_51' title="bbox 321 5206 1912 5280; baseline -0.004 -14"><span class='ocrx_word' id='word_1_383' title='bbox 321 5207 479 5266; x_wconf 84' lang='lat' dir='ltr'><strong>Unde</strong></span> <span class='ocrx_word' id='word_1_384' title='bbox 510 5208 684 5280; x_wconf 89' lang='lat' dir='ltr'><strong>palam</strong></span> <span class='ocrx_word' id='word_1_385' title='bbox 711 5216 814 5274; x_wconf 92' lang='lat' dir='ltr'><strong>est,</strong></span> <span class='ocrx_word' id='word_1_386' title='bbox 845 5208 1010 5262; x_wconf 88' lang='lat' dir='ltr'><strong>multa</strong></span> <span class='ocrx_word' id='word_1_387' title='bbox 1033 5206 1343 5262; x_wconf 86' lang='lat' dir='ltr'><strong>sacerdotes</strong></span> <span class='ocrx_word' id='word_1_388' title='bbox 1364 5206 1666 5270; x_wconf 91' lang='lat' dir='ltr'><strong>innovasse,</strong></span> <span class='ocrx_word' id='word_1_389' title='bbox 1699 5206 1912 5261; x_wconf 90' lang='lat' dir='ltr'><strong>etiamsi</strong></span> 
     </span>
    </p>
   </div>
   <div class='ocr_carea' id='block_1_52' title="bbox 320 5297 1914 5374">
    <p class='ocr_par' dir='ltr' id='par_1_52' title="bbox 320 5297 1914 5374">
     <span class='ocr_line' id='line_1_52' title="bbox 320 5297 1914 5374; baseline -0.001 -18"><span class='ocrx_word' id='word_1_390' title='bbox 320 5301 533 5374; x_wconf 76' lang='lat' dir='ltr'><strong>Moyses</strong></span> <span class='ocrx_word' id='word_1_391' title='bbox 569 5315 762 5370; x_wconf 89' lang='lat' dir='ltr'><strong>magno</strong></span> <span class='ocrx_word' id='word_1_392' title='bbox 784 5309 1008 5364; x_wconf 89' lang='lat' dir='ltr'><strong>terrore,</strong></span> <span class='ocrx_word' id='word_1_393' title='bbox 1041 5298 1327 5368; x_wconf 90' lang='lat' dir='ltr'><strong>multisque</strong></span> <span class='ocrx_word' id='word_1_394' title='bbox 1355 5298 1512 5352; x_wconf 90' lang='lat' dir='ltr'><strong>minis</strong></span> <span class='ocrx_word' id='word_1_395' title='bbox 1543 5297 1794 5353; x_wconf 89' lang='lat' dir='ltr'><strong>adhibitis</strong></span> <span class='ocrx_word' id='word_1_396' title='bbox 1818 5313 1914 5354; x_wconf 86' lang='lat' dir='ltr'><strong>ve-</strong></span> 
     </span>
    </p>
   </div>
   <div class='ocr_carea' id='block_1_53' title="bbox 327 5389 1910 5462">
    <p class='ocr_par' dir='ltr' id='par_1_53' title="bbox 327 5389 1910 5462">
     <span class='ocr_line' id='line_1_53' title="bbox 327 5389 1910 5462; baseline -0.002 -14"><span class='ocrx_word' id='word_1_397' title='bbox 327 5397 518 5449; x_wconf 88' lang='lat' dir='ltr'><strong>tuisset</strong></span> <span class='ocrx_word' id='word_1_398' title='bbox 543 5408 611 5448; x_wconf 90' lang='lat' dir='ltr'><strong>ne</strong></span> <span class='ocrx_word' id='word_1_399' title='bbox 637 5392 765 5462; x_wconf 91' lang='lat' dir='ltr'><strong>quid</strong></span> <span class='ocrx_word' id='word_1_400' title='bbox 791 5391 1070 5456; x_wconf 86' lang='lat' dir='ltr'><strong>adderent,</strong></span> <span class='ocrx_word' id='word_1_401' title='bbox 1103 5392 1186 5445; x_wconf 91' lang='lat' dir='ltr'><strong>vel</strong></span> <span class='ocrx_word' id='word_1_402' title='bbox 1223 5390 1518 5445; x_wconf 90' lang='lat' dir='ltr'><strong>demerent.</strong></span> <span class='ocrx_word' id='word_1_403' title='bbox 1551 5389 1671 5444; x_wconf 89' lang='lat' dir='ltr'><strong>Non</strong></span> <span class='ocrx_word' id='word_1_404' title='bbox 1696 5390 1910 5460; x_wconf 87' lang='lat' dir='ltr'><strong>adjicie-</strong></span> 
     </span>
    </p>
   </div>
   <div class='ocr_carea' id='block_1_54' title="bbox 319 5478 1909 5555">
    <p class='ocr_par' dir='ltr' id='par_1_54' title="bbox 319 5478 1909 5555">
     <span class='ocr_line' id='line_1_54' title="bbox 319 5478 1909 5555; baseline -0.003 -14"><span class='ocrx_word' id='word_1_405' title='bbox 319 5489 386 5541; x_wconf 85' lang='lat' dir='ltr'><strong>tis</strong></span> <span class='ocrx_word' id='word_1_406' title='bbox 411 5488 480 5541; x_wconf 86' lang='lat' dir='ltr'><strong>ad</strong></span> <span class='ocrx_word' id='word_1_407' title='bbox 506 5485 731 5552; x_wconf 76' lang='lat' dir='ltr'><strong>verbum,</strong></span> <span class='ocrx_word' id='word_1_408' title='bbox 757 5484 892 5555; x_wconf 89' lang='lat' dir='ltr'><strong>quod</strong></span> <span class='ocrx_word' id='word_1_409' title='bbox 918 5499 1008 5554; x_wconf 87' lang='lat' dir='ltr'><strong>ego</strong></span> <span class='ocrx_word' id='word_1_410' title='bbox 1039 5483 1278 5552; x_wconf 76' lang='lat' dir='ltr'><strong>prwcipio</strong></span> <span class='ocrx_word' id='word_1_411' title='bbox 1303 5481 1439 5537; x_wconf 81' lang='lat' dir='ltr'><strong>vobis</strong></span> <span class='ocrx_word' id='word_1_412' title='bbox 1473 5478 1642 5551; x_wconf 82' lang='lat' dir='ltr'><strong>hodie,</strong></span> <span class='ocrx_word' id='word_1_413' title='bbox 1688 5500 1777 5536; x_wconf 83' lang='lat' dir='ltr'><strong>nec</strong></span> <span class='ocrx_word' id='word_1_414' title='bbox 1811 5500 1909 5536; x_wconf 86' lang='lat' dir='ltr'><strong>au-</strong></span> 
     </span>
    </p>
   </div>
   <div class='ocr_carea' id='block_1_55' title="bbox 316 5575 1908 5650">
    <p class='ocr_par' dir='ltr' id='par_1_55' title="bbox 316 5575 1908 5650">
     <span class='ocr_line' id='line_1_55' title="bbox 316 5575 1908 5650; baseline -0.001 -19"><span class='ocrx_word' id='word_1_415' title='bbox 316 5579 491 5650; x_wconf 74' lang='lat' dir='ltr'><strong>feretis</strong></span> <span class='ocrx_word' id='word_1_416' title='bbox 516 5577 578 5632; x_wconf 88' lang='lat' dir='ltr'><strong>ab</strong></span> <span class='ocrx_word' id='word_1_417' title='bbox 603 5595 660 5632; x_wconf 87' lang='lat' dir='ltr'><strong>eo</strong></span> <span class='ocrx_word' id='word_1_418' title='bbox 691 5575 869 5649; x_wconf 85' lang='lat' dir='ltr'><strong>(Deut.</strong></span> <span class='ocrx_word' id='word_1_419' title='bbox 891 5577 944 5631; x_wconf 74' lang='grc'><strong>4.</strong></span> <span class='ocrx_word' id='word_1_420' title='bbox 971 5575 1053 5648; x_wconf 77' lang='grc'><strong>2).</strong></span> <span class='ocrx_word' id='word_1_421' title='bbox 1082 5575 1359 5645; x_wconf 80' lang='lat' dir='ltr'><strong>Nihiloque</strong></span> <span class='ocrx_word' id='word_1_422' title='bbox 1385 5575 1562 5631; x_wconf 89' lang='lat' dir='ltr'><strong>minus</strong></span> <span class='ocrx_word' id='word_1_423' title='bbox 1585 5589 1718 5630; x_wconf 89' lang='lat' dir='ltr'><strong>nova</strong></span> <span class='ocrx_word' id='word_1_424' title='bbox 1752 5575 1908 5630; x_wconf 86' lang='lat' dir='ltr'><strong>indii-</strong></span> 
     </span>
    </p>
   </div>
   <div class='ocr_carea' id='block_1_56' title="bbox 318 5667 1904 5735">
    <p class='ocr_par' dir='ltr' id='par_1_56' title="bbox 318 5667 1904 5735">
     <span class='ocr_line' id='line_1_56' title="bbox 318 5667 1904 5735; baseline -0.002 -10"><span class='ocrx_word' id='word_1_425' title='bbox 318 5669 548 5733; x_wconf 85' lang='lat' dir='ltr'><strong>cebant;</strong></span> <span class='ocrx_word' id='word_1_426' title='bbox 584 5679 644 5725; x_wconf 90' lang='lat' dir='ltr'><strong>ut</strong></span> <span class='ocrx_word' id='word_1_427' title='bbox 670 5670 771 5724; x_wconf 93' lang='lat' dir='ltr'><strong>hoc</strong></span> <span class='ocrx_word' id='word_1_428' title='bbox 799 5677 934 5735; x_wconf 89' lang='lat' dir='ltr'><strong>erat,</strong></span> <span class='ocrx_word' id='word_1_429' title='bbox 977 5685 1045 5722; x_wconf 86' lang='lat' dir='ltr'><strong>ne</strong></span> <span class='ocrx_word' id='word_1_430' title='bbox 1075 5667 1236 5722; x_wconf 88' lang='lat' dir='ltr'><strong>illotis</strong></span> <span class='ocrx_word' id='word_1_431' title='bbox 1265 5667 1510 5722; x_wconf 88' lang='lat' dir='ltr'><strong>manibus</strong></span> <span class='ocrx_word' id='word_1_432' title='bbox 1538 5667 1904 5734; x_wconf 86' lang='lat' dir='ltr'><strong>comedereiit,</strong></span> 
     </span>
    </p>
   </div>
   <div class='ocr_carea' id='block_1_57' title="bbox 318 5759 1904 5835">
    <p class='ocr_par' dir='ltr' id='par_1_57' title="bbox 318 5759 1904 5835">
     <span class='ocr_line' id='line_1_57' title="bbox 318 5759 1904 5835; baseline -0.005 -13"><span class='ocrx_word' id='word_1_433' title='bbox 318 5769 381 5822; x_wconf 72' lang='lat' dir='ltr'><strong>tit</strong></span> <span class='ocrx_word' id='word_1_434' title='bbox 406 5761 594 5835; x_wconf 83' lang='lat' dir='ltr'><strong>pocula</strong></span> <span class='ocrx_word' id='word_1_435' title='bbox 616 5769 672 5819; x_wconf 88' lang='lat' dir='ltr'><strong>et</strong></span> <span class='ocrx_word' id='word_1_436' title='bbox 687 5775 813 5818; x_wconf 88' lang='lat' dir='ltr'><strong>vasa</strong></span> <span class='ocrx_word' id='word_1_437' title='bbox 834 5775 983 5834; x_wconf 66' lang='lat' dir='ltr'><strong>aenea</strong></span> <span class='ocrx_word' id='word_1_438' title='bbox 1007 5759 1310 5828; x_wconf 88' lang='lat' dir='ltr'><strong>abluerent,</strong></span> <span class='ocrx_word' id='word_1_439' title='bbox 1334 5767 1393 5814; x_wconf 87' lang='lat' dir='ltr'><strong>ut</strong></span> <span class='ocrx_word' id='word_1_440' title='bbox 1418 5773 1536 5817; x_wconf 88' lang='lat' dir='ltr'><strong>sese</strong></span> <span class='ocrx_word' id='word_1_441' title='bbox 1554 5759 1904 5831; x_wconf 85' lang='lat' dir='ltr'><strong>baptizarent.</strong></span> 
     </span>
    </p>
   </div>
   <div class='ocr_carea' id='block_1_58' title="bbox 1381 305 2538 367">
    <p class='ocr_par' dir='ltr' id='par_1_58' title="bbox 1381 305 2538 367">
     <span class='ocr_line' id='line_1_58' title="bbox 1381 305 2538 367; baseline -0.003 -1"><span class='ocrx_word' id='word_1_442' title='bbox 1381 311 1445 367; x_wconf 83' lang='lat' dir='ltr'><strong>IN</strong></span> <span class='ocrx_word' id='word_1_443' title='bbox 1483 307 1890 366; x_wconf 64' lang='lat' dir='ltr'><strong>MATTHA‘IIJH</strong></span> <span class='ocrx_word' id='word_1_444' title='bbox 1920 305 2149 365; x_wconf 71' lang='grc' dir='ltr'><strong>ιιυωι.</strong></span> <span class='ocrx_word' id='word_1_445' title='bbox 2191 307 2279 364; x_wconf 82' lang='lat' dir='ltr'><strong>Li.</strong></span> <span class='ocrx_word' id='word_1_446' title='bbox 2319 308 2391 362; x_wconf 88' lang='lat' dir='ltr'><strong>al.</strong></span> <span class='ocrx_word' id='word_1_447' title='bbox 2433 307 2538 362; x_wconf 68' lang='lat' dir='ltr'><strong>LII.</strong></span> 
     </span>
    </p>
   </div>
   <div class='ocr_carea' id='block_1_59' title="bbox 3492 309 3596 367">
    <p class='ocr_par' dir='ltr' id='par_1_59' title="bbox 3492 309 3596 367">
     <span class='ocr_line' id='line_1_59' title="bbox 3492 309 3596 367; baseline 0.029 -2"><span class='ocrx_word' id='word_1_448' title='bbox 3492 309 3596 367; x_wconf 83' lang='lat' dir='ltr'><strong>5l0</strong></span> 
     </span>
    </p>
   </div>
   <div class='ocr_carea' id='block_1_60' title="bbox 2017 418 3596 492">
    <p class='ocr_par' dir='ltr' id='par_1_60' title="bbox 2017 418 3596 492">
     <span class='ocr_line' id='line_1_60' title="bbox 2017 418 3596 492; baseline 0.001 -17"><span class='ocrx_word' id='word_1_449' title='bbox 2017 420 2193 487; x_wconf 87' lang='lat' dir='ltr'><strong>ferre;</strong></span> <span class='ocrx_word' id='word_1_450' title='bbox 2239 435 2588 490; x_wconf 64' lang='lat' dir='ltr'><strong>quiecunique</strong></span> <span class='ocrx_word' id='word_1_451' title='bbox 2637 434 2765 475; x_wconf 90' lang='lat' dir='ltr'><strong>vero</strong></span> <span class='ocrx_word' id='word_1_452' title='bbox 2809 419 3035 492; x_wconf 87' lang='lat' dir='ltr'><strong>bcuig-ue</strong></span> <span class='ocrx_word' id='word_1_453' title='bbox 3079 419 3130 473; x_wconf 92' lang='lat' dir='ltr'><strong>in</strong></span> <span class='ocrx_word' id='word_1_454' title='bbox 3171 418 3389 475; x_wconf 76' lang='lat' dir='ltr'><strong>fratrem</strong></span> <span class='ocrx_word' id='word_1_455' title='bbox 3431 419 3596 476; x_wconf 70' lang='lat' dir='ltr'><strong>facies</strong></span> 
     </span>
    </p>
   </div>
   <div class='ocr_carea' id='block_1_61' title="bbox 2013 510 3596 583">
    <p class='ocr_par' dir='ltr' id='par_1_61' title="bbox 2013 510 3596 583">
     <span class='ocr_line' id='line_1_61' title="bbox 2013 510 3596 583; baseline 0.001 -16"><span class='ocrx_word' id='word_1_456' title='bbox 2013 513 2359 576; x_wconf 80' lang='lat' dir='ltr'><strong>esurientem,</strong></span> <span class='ocrx_word' id='word_1_457' title='bbox 2391 511 2751 583; x_wconf 86' lang='lat' dir='ltr'><strong>peregrinum,</strong></span> <span class='ocrx_word' id='word_1_458' title='bbox 2779 511 3000 576; x_wconf 89' lang='lat' dir='ltr'><strong>nudum,</strong></span> <span class='ocrx_word' id='word_1_459' title='bbox 3025 525 3092 566; x_wconf 85' lang='lat' dir='ltr'><strong>ne</strong></span> <span class='ocrx_word' id='word_1_460' title='bbox 3112 510 3354 566; x_wconf 84' lang='lat' dir='ltr'><strong>diabolus</strong></span> <span class='ocrx_word' id='word_1_461' title='bbox 3381 512 3596 581; x_wconf 87' lang='lat' dir='ltr'><strong>quidem</strong></span> 
     </span>
    </p>
   </div>
   <div class='ocr_carea' id='block_1_62' title="bbox 2014 602 3596 675">
    <p class='ocr_par' dir='ltr' id='par_1_62' title="bbox 2014 602 3596 675">
     <span class='ocr_line' id='line_1_62' title="bbox 2014 602 3596 675; baseline -0.001 -16"><span class='ocrx_word' id='word_1_462' title='bbox 2014 605 2210 675; x_wconf 87' lang='lat' dir='ltr'><strong>poterit</strong></span> <span class='ocrx_word' id='word_1_463' title='bbox 2229 603 2460 670; x_wconf 87' lang='lat' dir='ltr'><strong>auferre,</strong></span> <span class='ocrx_word' id='word_1_464' title='bbox 2487 603 2584 659; x_wconf 89' lang='lat' dir='ltr'><strong>sed</strong></span> <span class='ocrx_word' id='word_1_465' title='bbox 2609 603 2662 658; x_wconf 93' lang='lat' dir='ltr'><strong>in</strong></span> <span class='ocrx_word' id='word_1_466' title='bbox 2689 603 2940 658; x_wconf 87' lang='lat' dir='ltr'><strong>thesauro</strong></span> <span class='ocrx_word' id='word_1_467' title='bbox 2961 602 3199 659; x_wconf 83' lang='lat' dir='ltr'><strong>manebit</strong></span> <span class='ocrx_word' id='word_1_468' title='bbox 3217 604 3433 658; x_wconf 89' lang='lat' dir='ltr'><strong>intacto.</strong></span> <span class='ocrx_word' id='word_1_469' title='bbox 3459 604 3596 672; x_wconf 89' lang='lat' dir='ltr'><strong>Quid</strong></span> 
     </span>
    </p>
   </div>
   <div class='ocr_carea' id='block_1_63' title="bbox 2016 695 3598 767">
    <p class='ocr_par' dir='ltr' id='par_1_63' title="bbox 2016 695 3598 767">
     <span class='ocr_line' id='line_1_63' title="bbox 2016 695 3598 767; baseline -0.001 -16"><span class='ocrx_word' id='word_1_470' title='bbox 2016 697 2172 766; x_wconf 89' lang='lat' dir='ltr'><strong>igitur</strong></span> <span class='ocrx_word' id='word_1_471' title='bbox 2199 697 2274 751; x_wconf 92' lang='lat' dir='ltr'><strong>ait</strong></span> <span class='ocrx_word' id='word_1_472' title='bbox 2315 696 2437 751; x_wconf 86' lang='lat' dir='ltr'><strong>ille?</strong></span> <span class='ocrx_word' id='word_1_473' title='bbox 2467 695 2725 767; x_wconf 83' lang='lat' dir='ltr'><strong>Pauperes</strong></span> <span class='ocrx_word' id='word_1_474' title='bbox 2751 696 3002 752; x_wconf 82' lang='lat' dir='ltr'><strong>uobiscum</strong></span> <span class='ocrx_word' id='word_1_475' title='bbox 3031 711 3227 766; x_wconf 85' lang='lat' dir='ltr'><strong>semper</strong></span> <span class='ocrx_word' id='word_1_476' title='bbox 3260 695 3472 762; x_wconf 81' lang='lat' dir='ltr'><strong>habetis,</strong></span> <span class='ocrx_word' id='word_1_477' title='bbox 3517 712 3598 750; x_wconf 83' lang='lat' dir='ltr'><strong>me</strong></span> 
     </span>
    </p>
   </div>
   <div class='ocr_carea' id='block_1_64' title="bbox 2015 787 3596 862">
    <p class='ocr_par' dir='ltr' id='par_1_64' title="bbox 2015 787 3596 862">
     <span class='ocr_line' id='line_1_64' title="bbox 2015 787 3596 862; baseline 0.001 -22"><span class='ocrx_word' id='word_1_478' title='bbox 2015 798 2180 841; x_wconf 82' lang='lat' dir='ltr'><strong>autem</strong></span> <span class='ocrx_word' id='word_1_479' title='bbox 2205 804 2402 859; x_wconf 76' lang='lat' dir='ltr'><strong>semper</strong></span> <span class='ocrx_word' id='word_1_480' title='bbox 2424 803 2525 841; x_wconf 88' lang='lat' dir='ltr'><strong>nou</strong></span> <span class='ocrx_word' id='word_1_481' title='bbox 2555 788 2742 842; x_wconf 82' lang='lat' dir='ltr'><strong>habetis</strong></span> <span class='ocrx_word' id='word_1_482' title='bbox 2776 787 2986 859; x_wconf 80' lang='lat' dir='ltr'><strong>(Matth.</strong></span> <span class='ocrx_word' id='word_1_483' title='bbox 3015 787 3106 843; x_wconf 70' lang='grc'><strong>26.</strong></span> <span class='ocrx_word' id='word_1_484' title='bbox 3138 787 3249 862; x_wconf 74' lang='lat' dir='ltr'><strong>il).</strong></span> <span class='ocrx_word' id='word_1_485' title='bbox 3292 787 3417 844; x_wconf 85' lang='lat' dir='ltr'><strong>Ideo</strong></span> <span class='ocrx_word' id='word_1_486' title='bbox 3453 789 3596 843; x_wconf 89' lang='lat' dir='ltr'><strong>enim</strong></span> 
     </span>
    </p>
   </div>
   <div class='ocr_carea' id='block_1_65' title="bbox 2016 880 3596 951">
    <p class='ocr_par' dir='ltr' id='par_1_65' title="bbox 2016 880 3596 951">
     <span class='ocr_line' id='line_1_65' title="bbox 2016 880 3596 951; baseline -0.001 -16"><span class='ocrx_word' id='word_1_487' title='bbox 2016 882 2246 936; x_wconf 82' lang='lat' dir='ltr'><strong>maxime</strong></span> <span class='ocrx_word' id='word_1_488' title='bbox 2270 880 2636 936; x_wconf 88' lang='lat' dir='ltr'><strong>misericordia</strong></span> <span class='ocrx_word' id='word_1_489' title='bbox 2667 881 2865 936; x_wconf 91' lang='lat' dir='ltr'><strong>moveri</strong></span> <span class='ocrx_word' id='word_1_490' title='bbox 2891 889 3120 951; x_wconf 90' lang='lat' dir='ltr'><strong>oportet,</strong></span> <span class='ocrx_word' id='word_1_491' title='bbox 3165 882 3287 950; x_wconf 87' lang='lat' dir='ltr'><strong>quia</strong></span> <span class='ocrx_word' id='word_1_492' title='bbox 3317 896 3422 935; x_wconf 92' lang='lat' dir='ltr'><strong>non</strong></span> <span class='ocrx_word' id='word_1_493' title='bbox 3452 897 3596 936; x_wconf 89' lang='lat' dir='ltr'><strong>sem-</strong></span> 
     </span>
    </p>
   </div>
   <div class='ocr_carea' id='block_1_66' title="bbox 2018 973 3598 1044">
    <p class='ocr_par' dir='ltr' id='par_1_66' title="bbox 2018 973 3598 1044">
     <span class='ocr_line' id='line_1_66' title="bbox 2018 973 3598 1044; baseline 0.002 -17"><span class='ocrx_word' id='word_1_494' title='bbox 2018 989 2112 1043; x_wconf 90' lang='lat' dir='ltr'><strong>per</strong></span> <span class='ocrx_word' id='word_1_495' title='bbox 2137 973 2394 1028; x_wconf 87' lang='lat' dir='ltr'><strong>habemus</strong></span> <span class='ocrx_word' id='word_1_496' title='bbox 2418 973 2566 1032; x_wconf 75' lang='lat' dir='ltr'><strong>iﬂum</strong></span> <span class='ocrx_word' id='word_1_497' title='bbox 2594 975 2939 1039; x_wconf 88' lang='lat' dir='ltr'><strong>esurientem,</strong></span> <span class='ocrx_word' id='word_1_498' title='bbox 2967 974 3061 1031; x_wconf 89' lang='lat' dir='ltr'><strong>sed</strong></span> <span class='ocrx_word' id='word_1_499' title='bbox 3096 975 3148 1030; x_wconf 89' lang='lat' dir='ltr'><strong>in</strong></span> <span class='ocrx_word' id='word_1_500' title='bbox 3189 975 3436 1044; x_wconf 47' lang='lat' dir='ltr'><strong>praesenti</strong></span> <span class='ocrx_word' id='word_1_501' title='bbox 3477 987 3598 1030; x_wconf 84' lang='lat' dir='ltr'><strong>tan-</strong></span> 
     </span>
    </p>
   </div>
   <div class='ocr_carea' id='block_1_67' title="bbox 2019 1067 3596 1140">
    <p class='ocr_par' dir='ltr' id='par_1_67' title="bbox 2019 1067 3596 1140">
     <span class='ocr_line' id='line_1_67' title="bbox 2019 1067 3596 1140; baseline 0.001 -18"><span class='ocrx_word' id='word_1_502' title='bbox 2019 1076 2128 1122; x_wconf 84' lang='lat' dir='ltr'><strong>tum</strong></span> <span class='ocrx_word' id='word_1_503' title='bbox 2155 1067 2284 1122; x_wconf 91' lang='lat' dir='ltr'><strong>vita.</strong></span> <span class='ocrx_word' id='word_1_504' title='bbox 2315 1067 2470 1134; x_wconf 87' lang='lat' dir='ltr'><strong>Quod</strong></span> <span class='ocrx_word' id='word_1_505' title='bbox 2509 1067 2555 1122; x_wconf 90' lang='lat' dir='ltr'><strong>si</strong></span> <span class='ocrx_word' id='word_1_506' title='bbox 2586 1068 2718 1122; x_wconf 85' lang='lat' dir='ltr'><strong>velis</strong></span> <span class='ocrx_word' id='word_1_507' title='bbox 2762 1077 2928 1122; x_wconf 87' lang='lat' dir='ltr'><strong>totam</strong></span> <span class='ocrx_word' id='word_1_508' title='bbox 2957 1068 3080 1122; x_wconf 85' lang='lat' dir='ltr'><strong>dicti</strong></span> <span class='ocrx_word' id='word_1_509' title='bbox 3123 1067 3239 1140; x_wconf 87' lang='lat' dir='ltr'><strong>ejus</strong></span> <span class='ocrx_word' id='word_1_510' title='bbox 3281 1069 3596 1125; x_wconf 88' lang='lat' dir='ltr'><strong>sententiam</strong></span> 
     </span>
    </p>
   </div>
   <div class='ocr_carea' id='block_1_68' title="bbox 2018 1157 3596 1228">
    <p class='ocr_par' dir='ltr' id='par_1_68' title="bbox 2018 1157 3596 1228">
     <span class='ocr_line' id='line_1_68' title="bbox 2018 1157 3596 1228; baseline 0.001 -14"><span class='ocrx_word' id='word_1_511' title='bbox 2018 1158 2281 1226; x_wconf 88' lang='lat' dir='ltr'><strong>ediscere,</strong></span> <span class='ocrx_word' id='word_1_512' title='bbox 2327 1157 2471 1214; x_wconf 87' lang='lat' dir='ltr'><strong>audi.</strong></span> <span class='ocrx_word' id='word_1_513' title='bbox 2505 1159 2620 1216; x_wconf 82' lang='lat' dir='ltr'><strong>Hoc</strong></span> <span class='ocrx_word' id='word_1_514' title='bbox 2655 1159 2722 1214; x_wconf 91' lang='lat' dir='ltr'><strong>ad</strong></span> <span class='ocrx_word' id='word_1_515' title='bbox 2751 1159 3040 1228; x_wconf 90' lang='lat' dir='ltr'><strong>discipulos</strong></span> <span class='ocrx_word' id='word_1_516' title='bbox 3078 1159 3278 1215; x_wconf 83' lang='lat' dir='ltr'><strong>dictum</strong></span> <span class='ocrx_word' id='word_1_517' title='bbox 3325 1175 3429 1214; x_wconf 93' lang='lat' dir='ltr'><strong>non</strong></span> <span class='ocrx_word' id='word_1_518' title='bbox 3474 1159 3596 1226; x_wconf 87' lang='lat' dir='ltr'><strong>fuit,</strong></span> 
     </span>
    </p>
   </div>
   <div class='ocr_carea' id='block_1_69' title="bbox 2018 1251 3596 1317">
    <p class='ocr_par' dir='ltr' id='par_1_69' title="bbox 2018 1251 3596 1317">
     <span class='ocr_line' id='line_1_69' title="bbox 2018 1251 3596 1317; baseline 0 -10"><span class='ocrx_word' id='word_1_519' title='bbox 2018 1253 2225 1307; x_wconf 90' lang='lat' dir='ltr'><strong>etiamsi</strong></span> <span class='ocrx_word' id='word_1_520' title='bbox 2257 1253 2328 1306; x_wconf 89' lang='lat' dir='ltr'><strong>ita</strong></span> <span class='ocrx_word' id='word_1_521' title='bbox 2368 1251 2610 1307; x_wconf 91' lang='lat' dir='ltr'><strong>videatur</strong></span> <span class='ocrx_word' id='word_1_522' title='bbox 2634 1295 2649 1317; x_wconf 90' lang='lat'><strong>,</strong></span> <span class='ocrx_word' id='word_1_523' title='bbox 2701 1252 2795 1307; x_wconf 90' lang='lat' dir='ltr'><strong>sed</strong></span> <span class='ocrx_word' id='word_1_524' title='bbox 2832 1252 3180 1307; x_wconf 90' lang='lat' dir='ltr'><strong>imbecillitati</strong></span> <span class='ocrx_word' id='word_1_525' title='bbox 3219 1253 3454 1308; x_wconf 85' lang='lat' dir='ltr'><strong>mulieris</strong></span> <span class='ocrx_word' id='word_1_526' title='bbox 3495 1253 3596 1307; x_wconf 89' lang='lat' dir='ltr'><strong>ad-</strong></span> 
     </span>
    </p>
   </div>
   <div class='ocr_carea' id='block_1_70' title="bbox 2018 1344 3600 1414">
    <p class='ocr_par' dir='ltr' id='par_1_70' title="bbox 2018 1344 3600 1414">
     <span class='ocr_line' id='line_1_70' title="bbox 2018 1344 3600 1414; baseline 0.003 -16"><span class='ocrx_word' id='word_1_527' title='bbox 2018 1354 2256 1414; x_wconf 76' lang='lat' dir='ltr'><strong>aptatum</strong></span> <span class='ocrx_word' id='word_1_528' title='bbox 2285 1352 2387 1398; x_wconf 91' lang='lat' dir='ltr'><strong>est.</strong></span> <span class='ocrx_word' id='word_1_529' title='bbox 2427 1344 2561 1412; x_wconf 91' lang='lat' dir='ltr'><strong>Quia</strong></span> <span class='ocrx_word' id='word_1_530' title='bbox 2587 1344 2728 1399; x_wconf 89' lang='lat' dir='ltr'><strong>enim</strong></span> <span class='ocrx_word' id='word_1_531' title='bbox 2757 1344 2931 1398; x_wconf 88' lang='lat' dir='ltr'><strong>adhuc</strong></span> <span class='ocrx_word' id='word_1_532' title='bbox 2960 1345 3320 1414; x_wconf 90' lang='lat' dir='ltr'><strong>imperfectior</strong></span> <span class='ocrx_word' id='word_1_533' title='bbox 3346 1353 3482 1412; x_wconf 86' lang='lat' dir='ltr'><strong>erat,</strong></span> <span class='ocrx_word' id='word_1_534' title='bbox 3523 1347 3600 1402; x_wconf 90' lang='lat' dir='ltr'><strong>illi</strong></span> 
     </span>
    </p>
   </div>
   <div class='ocr_carea' id='block_1_71' title="bbox 2017 1435 3591 1505">
    <p class='ocr_par' dir='ltr' id='par_1_71' title="bbox 2017 1435 3591 1505">
     <span class='ocr_line' id='line_1_71' title="bbox 2017 1435 3591 1505; baseline 0.003 -17"><span class='ocrx_word' id='word_1_535' title='bbox 2017 1451 2146 1489; x_wconf 90' lang='lat' dir='ltr'><strong>vero</strong></span> <span class='ocrx_word' id='word_1_536' title='bbox 2174 1435 2270 1505; x_wconf 90' lang='lat' dir='ltr'><strong>ipsi</strong></span> <span class='ocrx_word' id='word_1_537' title='bbox 2299 1435 2511 1491; x_wconf 91' lang='lat' dir='ltr'><strong>molesti</strong></span> <span class='ocrx_word' id='word_1_538' title='bbox 2554 1445 2726 1502; x_wconf 85' lang='lat' dir='ltr'><strong>erant,</strong></span> <span class='ocrx_word' id='word_1_539' title='bbox 2768 1447 2826 1490; x_wconf 93' lang='lat' dir='ltr'><strong>ut</strong></span> <span class='ocrx_word' id='word_1_540' title='bbox 2856 1436 2996 1490; x_wconf 90' lang='lat' dir='ltr'><strong>illam</strong></span> <span class='ocrx_word' id='word_1_541' title='bbox 3025 1436 3287 1491; x_wconf 89' lang='lat' dir='ltr'><strong>solaretur</strong></span> <span class='ocrx_word' id='word_1_542' title='bbox 3316 1436 3430 1493; x_wconf 56' lang='lat' dir='ltr'><strong>haec</strong></span> <span class='ocrx_word' id='word_1_543' title='bbox 3456 1437 3591 1493; x_wconf 90' lang='lat' dir='ltr'><strong>dice-</strong></span> 
     </span>
    </p>
   </div>
   <div class='ocr_carea' id='block_1_72' title="bbox 2019 1529 3602 1600">
    <p class='ocr_par' dir='ltr' id='par_1_72' title="bbox 2019 1529 3602 1600">
     <span class='ocr_line' id='line_1_72' title="bbox 2019 1529 3602 1600; baseline 0 -16"><span class='ocrx_word' id='word_1_544' title='bbox 2019 1529 2126 1584; x_wconf 83' lang='lat' dir='ltr'><strong>bat.</strong></span> <span class='ocrx_word' id='word_1_545' title='bbox 2158 1529 2212 1583; x_wconf 89' lang='lat' dir='ltr'><strong>ld</strong></span> <span class='ocrx_word' id='word_1_546' title='bbox 2240 1545 2365 1584; x_wconf 86' lang='lat' dir='ltr'><strong>vero</strong></span> <span class='ocrx_word' id='word_1_547' title='bbox 2391 1539 2536 1600; x_wconf 85' lang='lat' dir='ltr'><strong>patet</strong></span> <span class='ocrx_word' id='word_1_548' title='bbox 2561 1545 2629 1584; x_wconf 80' lang='lat' dir='ltr'><strong>ex</strong></span> <span class='ocrx_word' id='word_1_549' title='bbox 2662 1530 2726 1583; x_wconf 91' lang='lat' dir='ltr'><strong>iis</strong></span> <span class='ocrx_word' id='word_1_550' title='bbox 2754 1544 2871 1597; x_wconf 80' lang='lat' dir='ltr'><strong>qua:</strong></span> <span class='ocrx_word' id='word_1_551' title='bbox 2897 1529 3030 1583; x_wconf 78' lang='lat' dir='ltr'><strong>dixit</strong></span> <span class='ocrx_word' id='word_1_552' title='bbox 3059 1548 3070 1582; x_wconf 92' lang='lat'><strong>:</strong></span> <span class='ocrx_word' id='word_1_553' title='bbox 3103 1530 3238 1596; x_wconf 85' lang='lat' dir='ltr'><strong>Quid</strong></span> <span class='ocrx_word' id='word_1_554' title='bbox 3264 1531 3458 1584; x_wconf 80' lang='lat' dir='ltr'><strong>molesti</strong></span> <span class='ocrx_word' id='word_1_555' title='bbox 3485 1531 3602 1584; x_wconf 81' lang='lat' dir='ltr'><strong>estis</strong></span> 
     </span>
    </p>
   </div>
   <div class='ocr_carea' id='block_1_73' title="bbox 2017 1619 3664 1691">
    <p class='ocr_par' dir='ltr' id='par_1_73' title="bbox 2017 1619 3664 1691">
     <span class='ocr_line' id='line_1_73' title="bbox 2017 1619 3664 1691; baseline 0.004 -19"><span class='ocrx_word' id='word_1_556' title='bbox 2017 1621 2134 1674; x_wconf 87' lang='lat' dir='ltr'><strong>huic</strong></span> <span class='ocrx_word' id='word_1_557' title='bbox 2157 1620 2357 1674; x_wconf 86' lang='lat' dir='ltr'><strong>mulieri</strong></span> <span class='ocrx_word' id='word_1_558' title='bbox 2387 1619 2547 1685; x_wconf 85' lang='lat' dir='ltr'><strong>(Ibid.</strong></span> <span class='ocrx_word' id='word_1_559' title='bbox 2576 1635 2622 1672; x_wconf 82' lang='grc' dir='ltr'><strong>υ.</strong></span> <span class='ocrx_word' id='word_1_560' title='bbox 2655 1621 2786 1691; x_wconf 72' lang='lat' dir='ltr'><strong>i0)?</strong></span> <span class='ocrx_word' id='word_1_561' title='bbox 2810 1620 2959 1688; x_wconf 89' lang='lat' dir='ltr'><strong>Quod</strong></span> <span class='ocrx_word' id='word_1_562' title='bbox 2989 1630 3164 1675; x_wconf 89' lang='lat' dir='ltr'><strong>autem</strong></span> <span class='ocrx_word' id='word_1_563' title='bbox 3193 1623 3363 1690; x_wconf 89' lang='lat' dir='ltr'><strong>ipsum</strong></span> <span class='ocrx_word' id='word_1_564' title='bbox 3390 1636 3604 1691; x_wconf 88' lang='lat' dir='ltr'><strong>semper</strong></span> <span class='ocrx_word' id='word_1_565' title='bbox 3660 1671 3664 1677; x_wconf 96' lang='lat'><strong>.</strong></span> 
     </span>
    </p>
   </div>
   <div class='ocr_carea' id='block_1_74' title="bbox 2020 1711 3601 1784">
    <p class='ocr_par' dir='ltr' id='par_1_74' title="bbox 2020 1711 3601 1784">
     <span class='ocr_line' id='line_1_74' title="bbox 2020 1711 3601 1784; baseline 0.001 -18"><span class='ocrx_word' id='word_1_566' title='bbox 2020 1712 2293 1780; x_wconf 86' lang='lat' dir='ltr'><strong>nobiscum</strong></span> <span class='ocrx_word' id='word_1_567' title='bbox 2321 1711 2611 1767; x_wconf 87' lang='lat' dir='ltr'><strong>habeamus</strong></span> <span class='ocrx_word' id='word_1_568' title='bbox 2639 1713 2715 1766; x_wconf 89' lang='lat' dir='ltr'><strong>sic</strong></span> <span class='ocrx_word' id='word_1_569' title='bbox 2745 1713 2832 1767; x_wconf 89' lang='lat' dir='ltr'><strong>ille</strong></span> <span class='ocrx_word' id='word_1_570' title='bbox 2860 1713 2997 1767; x_wconf 77' lang='lat' dir='ltr'><strong>dixit</strong></span> <span class='ocrx_word' id='word_1_571' title='bbox 3029 1729 3042 1765; x_wconf 91' lang='lat'>:</span> <span class='ocrx_word' id='word_1_572' title='bbox 3073 1711 3206 1766; x_wconf 80' lang='lat' dir='ltr'><strong>Ecce</strong></span> <span class='ocrx_word' id='word_1_573' title='bbox 3231 1730 3321 1784; x_wconf 90' lang='lat' dir='ltr'><strong>ego</strong></span> <span class='ocrx_word' id='word_1_574' title='bbox 3349 1715 3601 1767; x_wconf 79' lang='lat' dir='ltr'><strong>vobiscum</strong></span> 
     </span>
    </p>
   </div>
   <div class='ocr_carea' id='block_1_75' title="bbox 2018 1803 3606 1874">
    <p class='ocr_par' dir='ltr' id='par_1_75' title="bbox 2018 1803 3606 1874">
     <span class='ocr_line' id='line_1_75' title="bbox 2018 1803 3606 1874; baseline 0.001 -17"><span class='ocrx_word' id='word_1_575' title='bbox 2018 1820 2130 1857; x_wconf 84' lang='lat' dir='ltr'><strong>sum</strong></span> <span class='ocrx_word' id='word_1_576' title='bbox 2159 1803 2388 1858; x_wconf 81' lang='lat' dir='ltr'><strong>omnibus</strong></span> <span class='ocrx_word' id='word_1_577' title='bbox 2415 1805 2588 1859; x_wconf 82' lang='lat' dir='ltr'><strong>diebus</strong></span> <span class='ocrx_word' id='word_1_578' title='bbox 2629 1821 2782 1874; x_wconf 83' lang='lat' dir='ltr'><strong>usque</strong></span> <span class='ocrx_word' id='word_1_579' title='bbox 2814 1805 2882 1858; x_wconf 83' lang='lat' dir='ltr'><strong>ad</strong></span> <span class='ocrx_word' id='word_1_580' title='bbox 2914 1806 3389 1860; x_wconf 84' lang='lat' dir='ltr'><strong>consummationem</strong></span> <span class='ocrx_word' id='word_1_581' title='bbox 3431 1806 3606 1860; x_wconf 71' lang='lat' dir='ltr'><strong>seaculi</strong></span> 
     </span>
    </p>
   </div>
   <div class='ocr_carea' id='block_1_76' title="bbox 2021 1894 3601 1969">
    <p class='ocr_par' dir='ltr' id='par_1_76' title="bbox 2021 1894 3601 1969">
     <span class='ocr_line' id='line_1_76' title="bbox 2021 1894 3601 1969; baseline 0.005 -23"><span class='ocrx_word' id='word_1_582' title='bbox 2021 1894 2237 1965; x_wconf 80' lang='lat' dir='ltr'><strong>(Matth.</strong></span> <span class='ocrx_word' id='word_1_583' title='bbox 2270 1895 2360 1951; x_wconf 74' lang='lat'><strong>9.8.</strong></span> <span class='ocrx_word' id='word_1_584' title='bbox 2401 1897 2518 1969; x_wconf 69' lang='grc' dir='ltr'><strong>ΞΟ).</strong></span> <span class='ocrx_word' id='word_1_585' title='bbox 2554 1897 2631 1951; x_wconf 82' lang='lat' dir='ltr'><strong>Ex</strong></span> <span class='ocrx_word' id='word_1_586' title='bbox 2672 1896 2866 1967; x_wconf 88' lang='lat' dir='ltr'><strong>quibus</strong></span> <span class='ocrx_word' id='word_1_587' title='bbox 2907 1897 3152 1953; x_wconf 90' lang='lat' dir='ltr'><strong>omnibus</strong></span> <span class='ocrx_word' id='word_1_588' title='bbox 3199 1900 3382 1968; x_wconf 88' lang='lat' dir='ltr'><strong>liquet,</strong></span> <span class='ocrx_word' id='word_1_589' title='bbox 3429 1901 3601 1968; x_wconf 86' lang='lat' dir='ltr'><strong>ipsum</strong></span> 
     </span>
    </p>
   </div>
   <div class='ocr_carea' id='block_1_77' title="bbox 2021 1987 3600 2056">
    <p class='ocr_par' dir='ltr' id='par_1_77' title="bbox 2021 1987 3600 2056">
     <span class='ocr_line' id='line_1_77' title="bbox 2021 1987 3600 2056; baseline 0.001 -14"><span class='ocrx_word' id='word_1_590' title='bbox 2021 2004 2126 2042; x_wconf 92' lang='lat' dir='ltr'><strong>non</strong></span> <span class='ocrx_word' id='word_1_591' title='bbox 2157 1988 2260 2042; x_wconf 88' lang='lat' dir='ltr'><strong>alia</strong></span> <span class='ocrx_word' id='word_1_592' title='bbox 2286 1987 2356 2043; x_wconf 89' lang='lat' dir='ltr'><strong>de</strong></span> <span class='ocrx_word' id='word_1_593' title='bbox 2381 2003 2541 2043; x_wconf 88' lang='lat' dir='ltr'><strong>causa</strong></span> <span class='ocrx_word' id='word_1_594' title='bbox 2569 1989 2686 2043; x_wconf 65' lang='lat' dir='ltr'><strong>haec</strong></span> <span class='ocrx_word' id='word_1_595' title='bbox 2711 1989 2928 2054; x_wconf 83' lang='lat' dir='ltr'><strong>dixisse,</strong></span> <span class='ocrx_word' id='word_1_596' title='bbox 2959 1990 3058 2044; x_wconf 92' lang='lat' dir='ltr'><strong>nisi</strong></span> <span class='ocrx_word' id='word_1_597' title='bbox 3082 1999 3138 2045; x_wconf 92' lang='lat' dir='ltr'><strong>ut</strong></span> <span class='ocrx_word' id='word_1_598' title='bbox 3159 1992 3396 2045; x_wconf 86' lang='lat' dir='ltr'><strong>mulieris</strong></span> <span class='ocrx_word' id='word_1_599' title='bbox 3420 1992 3600 2056; x_wconf 86' lang='lat' dir='ltr'><strong>fidem,</strong></span> 
     </span>
    </p>
   </div>
   <div class='ocr_carea' id='block_1_78' title="bbox 2020 2079 3603 2152">
    <p class='ocr_par' dir='ltr' id='par_1_78' title="bbox 2020 2079 3603 2152">
     <span class='ocr_line' id='line_1_78' title="bbox 2020 2079 3603 2152; baseline 0.005 -23"><span class='ocrx_word' id='word_1_600' title='bbox 2020 2095 2140 2149; x_wconf 69' lang='lat' dir='ltr'><strong>quin</strong></span> <span class='ocrx_word' id='word_1_601' title='bbox 2185 2088 2310 2134; x_wconf 89' lang='lat' dir='ltr'><strong>tunc</strong></span> <span class='ocrx_word' id='word_1_602' title='bbox 2360 2079 2678 2149; x_wconf 90' lang='lat' dir='ltr'><strong>pullulabat,</strong></span> <span class='ocrx_word' id='word_1_603' title='bbox 2730 2080 3113 2150; x_wconf 63' lang='lat' dir='ltr'><strong>discipulorum</strong></span> <span class='ocrx_word' id='word_1_604' title='bbox 3162 2083 3451 2152; x_wconf 86' lang='lat' dir='ltr'><strong>increpatio</strong></span> <span class='ocrx_word' id='word_1_605' title='bbox 3497 2099 3603 2137; x_wconf 91' lang='lat' dir='ltr'><strong>non</strong></span> 
     </span>
    </p>
   </div>
   <div class='ocr_carea' id='block_1_79' title="bbox 2021 2172 3602 2243">
    <p class='ocr_par' dir='ltr' id='par_1_79' title="bbox 2021 2172 3602 2243">
     <span class='ocr_line' id='line_1_79' title="bbox 2021 2172 3602 2243; baseline 0 -14"><span class='ocrx_word' id='word_1_606' title='bbox 2021 2174 2259 2230; x_wconf 69' lang='lat' dir='ltr'><strong>lmderct.</strong></span> <span class='ocrx_word' id='word_1_607' title='bbox 2303 2172 2382 2228; x_wconf 85' lang='lat' dir='ltr'><strong>Ne</strong></span> <span class='ocrx_word' id='word_1_608' title='bbox 2412 2173 2572 2243; x_wconf 89' lang='lat' dir='ltr'><strong>igitur</strong></span> <span class='ocrx_word' id='word_1_609' title='bbox 2603 2175 2716 2228; x_wconf 84' lang='lat' dir='ltr'><strong>lia-c</strong></span> <span class='ocrx_word' id='word_1_610' title='bbox 2753 2177 2804 2227; x_wconf 88' lang='lat' dir='ltr'><strong>iii</strong></span> <span class='ocrx_word' id='word_1_611' title='bbox 2845 2174 3076 2228; x_wconf 92' lang='lat' dir='ltr'><strong>medium</strong></span> <span class='ocrx_word' id='word_1_612' title='bbox 3119 2190 3259 2230; x_wconf 92' lang='lat' dir='ltr'><strong>nunc</strong></span> <span class='ocrx_word' id='word_1_613' title='bbox 3297 2175 3602 2242; x_wconf 76' lang='lat' dir='ltr'><strong>offeramus,</strong></span> 
     </span>
    </p>
   </div>
   <div class='ocr_carea' id='block_1_80' title="bbox 2019 2266 3606 2338">
    <p class='ocr_par' dir='ltr' id='par_1_80' title="bbox 2019 2266 3606 2338">
     <span class='ocr_line' id='line_1_80' title="bbox 2019 2266 3606 2338; baseline 0 -16"><span class='ocrx_word' id='word_1_614' title='bbox 2019 2283 2140 2338; x_wconf 67' lang='lat' dir='ltr'><strong>qua:</strong></span> <span class='ocrx_word' id='word_1_615' title='bbox 2158 2283 2250 2338; x_wconf 91' lang='lat' dir='ltr'><strong>per</strong></span> <span class='ocrx_word' id='word_1_616' title='bbox 2277 2267 2626 2324; x_wconf 70' lang='grc' dir='ltr'><strong>ωοοιιοιιιίςιηι</strong></span> <span class='ocrx_word' id='word_1_617' title='bbox 2657 2266 2797 2321; x_wconf 89' lang='lat' dir='ltr'><strong>dicta</strong></span> <span class='ocrx_word' id='word_1_618' title='bbox 2826 2277 2970 2330; x_wconf 88' lang='lat' dir='ltr'><strong>sunt,</strong></span> <span class='ocrx_word' id='word_1_619' title='bbox 2997 2267 3089 2322; x_wconf 90' lang='lat' dir='ltr'><strong>sed</strong></span> <span class='ocrx_word' id='word_1_620' title='bbox 3115 2267 3256 2337; x_wconf 84' lang='lat' dir='ltr'><strong>leges</strong></span> <span class='ocrx_word' id='word_1_621' title='bbox 3277 2282 3464 2322; x_wconf 88' lang='lat' dir='ltr'><strong>omnes</strong></span> <span class='ocrx_word' id='word_1_622' title='bbox 3487 2283 3606 2337; x_wconf 85' lang='lat' dir='ltr'><strong>quae</strong></span> 
     </span>
    </p>
   </div>
   <div class='ocr_carea' id='block_1_81' title="bbox 2022 2359 3602 2430">
    <p class='ocr_par' dir='ltr' id='par_1_81' title="bbox 2022 2359 3602 2430">
     <span class='ocr_line' id='line_1_81' title="bbox 2022 2359 3602 2430; baseline -0.001 -16"><span class='ocrx_word' id='word_1_623' title='bbox 2022 2361 2076 2416; x_wconf 82' lang='lat' dir='ltr'><strong>in</strong></span> <span class='ocrx_word' id='word_1_624' title='bbox 2103 2376 2260 2424; x_wconf 88' lang='lat' dir='ltr'><strong>nova,</strong></span> <span class='ocrx_word' id='word_1_625' title='bbox 2297 2374 2414 2430; x_wconf 67' lang='lat' dir='ltr'><strong>qua:</strong></span> <span class='ocrx_word' id='word_1_626' title='bbox 2439 2360 2490 2414; x_wconf 93' lang='lat' dir='ltr'><strong>in</strong></span> <span class='ocrx_word' id='word_1_627' title='bbox 2520 2360 2683 2413; x_wconf 80' lang='lat' dir='ltr'><strong>veteri</strong></span> <span class='ocrx_word' id='word_1_628' title='bbox 2717 2361 2832 2429; x_wconf 83' lang='lat' dir='ltr'><strong>lege</strong></span> <span class='ocrx_word' id='word_1_629' title='bbox 2859 2369 2982 2413; x_wconf 91' lang='lat' dir='ltr'><strong>sunt</strong></span> <span class='ocrx_word' id='word_1_630' title='bbox 3013 2359 3269 2429; x_wconf 84' lang='lat' dir='ltr'><strong>legentes,</strong></span> <span class='ocrx_word' id='word_1_631' title='bbox 3301 2361 3519 2412; x_wconf 86' lang='lat' dir='ltr'><strong>multam</strong></span> <span class='ocrx_word' id='word_1_632' title='bbox 3543 2376 3602 2413; x_wconf 87' lang='lat' dir='ltr'><strong>ea</strong></span> 
     </span>
    </p>
   </div>
   <div class='ocr_carea' id='block_1_82' title="bbox 2022 2452 3604 2524">
    <p class='ocr_par' dir='ltr' id='par_1_82' title="bbox 2022 2452 3604 2524">
     <span class='ocr_line' id='line_1_82' title="bbox 2022 2452 3604 2524; baseline -0.002 -15"><span class='ocrx_word' id='word_1_633' title='bbox 2022 2455 2074 2509; x_wconf 90' lang='lat' dir='ltr'><strong>in</strong></span> <span class='ocrx_word' id='word_1_634' title='bbox 2117 2470 2178 2510; x_wconf 89' lang='lat' dir='ltr'><strong>re</strong></span> <span class='ocrx_word' id='word_1_635' title='bbox 2211 2469 2394 2509; x_wconf 89' lang='lat' dir='ltr'><strong>curam</strong></span> <span class='ocrx_word' id='word_1_636' title='bbox 2424 2454 2814 2524; x_wconf 84' lang='lat' dir='ltr'><strong>impendamus.</strong></span> <span class='ocrx_word' id='word_1_637' title='bbox 2842 2452 2954 2507; x_wconf 77' lang='lat' dir='ltr'><strong>[loc</strong></span> <span class='ocrx_word' id='word_1_638' title='bbox 2980 2453 3124 2507; x_wconf 87' lang='lat' dir='ltr'><strong>enim</strong></span> <span class='ocrx_word' id='word_1_639' title='bbox 3153 2469 3181 2506; x_wconf 92' lang='lat' dir='ltr'><strong>a</strong></span> <span class='ocrx_word' id='word_1_640' title='bbox 3217 2465 3433 2522; x_wconf 87' lang='lat' dir='ltr'><strong>peccato</strong></span> <span class='ocrx_word' id='word_1_641' title='bbox 3476 2470 3604 2522; x_wconf 84' lang='lat' dir='ltr'><strong>pur-</strong></span> 
     </span>
    </p>
   </div>
   <div class='ocr_carea' id='block_1_83' title="bbox 2020 2546 3609 2618">
    <p class='ocr_par' dir='ltr' id='par_1_83' title="bbox 2020 2546 3609 2618">
     <span class='ocr_line' id='line_1_83' title="bbox 2020 2546 3609 2618; baseline 0 -19"><span class='ocrx_word' id='word_1_642' title='bbox 2020 2561 2109 2618; x_wconf 85' lang='lat' dir='ltr'><strong>gat</strong></span> <span class='ocrx_word' id='word_1_643' title='bbox 2155 2565 2169 2600; x_wconf 86' lang='lat'><strong><em>:</em></strong></span> <span class='ocrx_word' id='word_1_644' title='bbox 2218 2565 2339 2602; x_wconf 89' lang='lat' dir='ltr'><strong>nam</strong></span> <span class='ocrx_word' id='word_1_645' title='bbox 2388 2549 2461 2601; x_wconf 89' lang='lat' dir='ltr'><strong>ait</strong></span> <span class='ocrx_word' id='word_1_646' title='bbox 2503 2567 2515 2601; x_wconf 94' lang='lat'>:</span> <span class='ocrx_word' id='word_1_647' title='bbox 2557 2546 2686 2600; x_wconf 87' lang='lat' dir='ltr'><strong>Date</strong></span> <span class='ocrx_word' id='word_1_648' title='bbox 2729 2547 3122 2616; x_wconf 78' lang='lat' dir='ltr'><strong>eleeuiosynam,</strong></span> <span class='ocrx_word' id='word_1_649' title='bbox 3173 2555 3221 2598; x_wconf 88' lang='lat' dir='ltr'><strong>et</strong></span> <span class='ocrx_word' id='word_1_650' title='bbox 3264 2547 3434 2598; x_wconf 87' lang='lat' dir='ltr'><strong>omnia</strong></span> <span class='ocrx_word' id='word_1_651' title='bbox 3474 2546 3609 2600; x_wconf 83' lang='lat' dir='ltr'><strong>vobis</strong></span> 
     </span>
    </p>
   </div>
   <div class='ocr_carea' id='block_1_84' title="bbox 2023 2635 3606 2709">
    <p class='ocr_par' dir='ltr' id='par_1_84' title="bbox 2023 2635 3606 2709">
     <span class='ocr_line' id='line_1_84' title="bbox 2023 2635 3606 2709; baseline -0.001 -17"><span class='ocrx_word' id='word_1_652' title='bbox 2023 2642 2212 2693; x_wconf 83' lang='lat' dir='ltr'><strong>manda</strong></span> <span class='ocrx_word' id='word_1_653' title='bbox 2239 2650 2385 2693; x_wconf 83' lang='lat' dir='ltr'><strong>erunt</strong></span> <span class='ocrx_word' id='word_1_654' title='bbox 2418 2639 2567 2709; x_wconf 80' lang='lat' dir='ltr'><strong>(Luc.</strong></span> <span class='ocrx_word' id='word_1_655' title='bbox 2599 2642 2686 2693; x_wconf 77' lang='grc'><strong>11..</strong></span> <span class='ocrx_word' id='word_1_656' title='bbox 2717 2638 2835 2709; x_wconf 73' lang='grc'><strong>4-1).</strong></span> <span class='ocrx_word' id='word_1_657' title='bbox 2877 2637 2999 2692; x_wconf 62' lang='lat' dir='ltr'><strong>Huic</strong></span> <span class='ocrx_word' id='word_1_658' title='bbox 3025 2635 3286 2692; x_wconf 80' lang='lat' dir='ltr'><strong>sacriﬁcio</strong></span> <span class='ocrx_word' id='word_1_659' title='bbox 3311 2637 3480 2706; x_wconf 85' lang='lat' dir='ltr'><strong>major</strong></span> <span class='ocrx_word' id='word_1_660' title='bbox 3506 2648 3606 2701; x_wconf 88' lang='lat' dir='ltr'><strong>est,</strong></span> 
     </span>
    </p>
   </div>
   <div class='ocr_carea' id='block_1_85' title="bbox 2024 2731 3604 2803">
    <p class='ocr_par' dir='ltr' id='par_1_85' title="bbox 2024 2731 3604 2803">
     <span class='ocr_line' id='line_1_85' title="bbox 2024 2731 3604 2803; baseline -0.002 -15"><span class='ocrx_word' id='word_1_661' title='bbox 2024 2734 2079 2788; x_wconf 85' lang='grc' dir='ltr'><em>Μ</em></span> <span class='ocrx_word' id='word_1_662' title='bbox 2085 2734 2430 2788; x_wconf 83' lang='lat' dir='ltr'><strong>isericordiam</strong></span> <span class='ocrx_word' id='word_1_663' title='bbox 2456 2734 2651 2803; x_wconf 87' lang='lat' dir='ltr'><strong>quippe</strong></span> <span class='ocrx_word' id='word_1_664' title='bbox 2675 2735 2808 2795; x_wconf 81' lang='lat' dir='ltr'><strong>uolo,</strong></span> <span class='ocrx_word' id='word_1_665' title='bbox 2840 2741 2889 2786; x_wconf 87' lang='lat' dir='ltr'><strong>et</strong></span> <span class='ocrx_word' id='word_1_666' title='bbox 2915 2747 3015 2786; x_wconf 82' lang='lat' dir='ltr'><strong>non</strong></span> <span class='ocrx_word' id='word_1_667' title='bbox 3045 2732 3344 2800; x_wconf 81' lang='lat' dir='ltr'><strong>sacri/icium</strong></span> <span class='ocrx_word' id='word_1_668' title='bbox 3371 2731 3526 2802; x_wconf 80' lang='lat' dir='ltr'><strong>(Osee</strong></span> <span class='ocrx_word' id='word_1_669' title='bbox 3551 2733 3604 2786; x_wconf 88' lang='lat'><strong>6.</strong></span> 
     </span>
    </p>
   </div>
   <div class='ocr_carea' id='block_1_86' title="bbox 2023 2823 3612 2896">
    <p class='ocr_par' dir='ltr' id='par_1_86' title="bbox 2023 2823 3612 2896">
     <span class='ocr_line' id='line_1_86' title="bbox 2023 2823 3612 2896; baseline -0.003 -16"><span class='ocrx_word' id='word_1_670' title='bbox 2023 2824 2102 2896; x_wconf 86' lang='lat'><strong>6).</strong></span> <span class='ocrx_word' id='word_1_671' title='bbox 2134 2825 2246 2879; x_wconf 91' lang='lat' dir='ltr'><strong>lloc</strong></span> <span class='ocrx_word' id='word_1_672' title='bbox 2271 2825 2431 2880; x_wconf 66' lang='lat' dir='ltr'><strong>caelos</strong></span> <span class='ocrx_word' id='word_1_673' title='bbox 2471 2825 2639 2893; x_wconf 86' lang='lat' dir='ltr'><strong>aperit</strong></span> <span class='ocrx_word' id='word_1_674' title='bbox 2673 2843 2687 2879; x_wconf 89' lang='lat'><strong>:</strong></span> <span class='ocrx_word' id='word_1_675' title='bbox 2721 2823 3007 2890; x_wconf 82' lang='lat' dir='ltr'><strong>Orationes,</strong></span> <span class='ocrx_word' id='word_1_676' title='bbox 3054 2825 3238 2893; x_wconf 89' lang='lat' dir='ltr'><strong>inquit,</strong></span> <span class='ocrx_word' id='word_1_677' title='bbox 3285 2832 3385 2877; x_wconf 68' lang='lat' dir='ltr'><strong>tua:</strong></span> <span class='ocrx_word' id='word_1_678' title='bbox 3411 2833 3458 2876; x_wconf 85' lang='lat' dir='ltr'><strong>et</strong></span> <span class='ocrx_word' id='word_1_679' title='bbox 3483 2823 3612 2877; x_wconf 79' lang='lat' dir='ltr'><strong>elea-</strong></span> 
     </span>
    </p>
   </div>
   <div class='ocr_carea' id='block_1_87' title="bbox 2022 2914 3608 2988">
    <p class='ocr_par' dir='ltr' id='par_1_87' title="bbox 2022 2914 3608 2988">
     <span class='ocr_line' id='line_1_87' title="bbox 2022 2914 3608 2988; baseline -0.001 -17"><span class='ocrx_word' id='word_1_680' title='bbox 2022 2925 2246 2988; x_wconf 75' lang='lat' dir='ltr'><strong>mosy‘naz</strong></span> <span class='ocrx_word' id='word_1_681' title='bbox 2270 2926 2371 2970; x_wconf 73' lang='lat' dir='ltr'><strong>tua:</strong></span> <span class='ocrx_word' id='word_1_682' title='bbox 2394 2916 2722 2970; x_wconf 82' lang='lat' dir='ltr'><strong>ascenderunt</strong></span> <span class='ocrx_word' id='word_1_683' title='bbox 2747 2917 2800 2970; x_wconf 85' lang='lat' dir='ltr'><strong>in</strong></span> <span class='ocrx_word' id='word_1_684' title='bbox 2830 2919 3121 2970; x_wconf 83' lang='lat' dir='ltr'><strong>memoriam</strong></span> <span class='ocrx_word' id='word_1_685' title='bbox 3147 2917 3199 2968; x_wconf 85' lang='lat' dir='ltr'><strong>in</strong></span> <span class='ocrx_word' id='word_1_686' title='bbox 3224 2926 3490 2985; x_wconf 82' lang='lat' dir='ltr'><strong>conspectu</strong></span> <span class='ocrx_word' id='word_1_687' title='bbox 3515 2914 3608 2969; x_wconf 81' lang='lat' dir='ltr'><strong>Dei</strong></span> 
     </span>
    </p>
   </div>
   <div class='ocr_carea' id='block_1_88' title="bbox 2023 3008 3613 3080">
    <p class='ocr_par' dir='ltr' id='par_1_88' title="bbox 2023 3008 3613 3080">
     <span class='ocr_line' id='line_1_88' title="bbox 2023 3008 3613 3080; baseline -0.002 -17"><span class='ocrx_word' id='word_1_688' title='bbox 2023 3011 2162 3080; x_wconf 74' lang='lat' dir='ltr'><strong>(Act.</strong></span> <span class='ocrx_word' id='word_1_689' title='bbox 2197 3009 2276 3064; x_wconf 86' lang='lat' dir='ltr'><strong>l0.</strong></span> <span class='ocrx_word' id='word_1_690' title='bbox 2306 3011 2382 3080; x_wconf 69' lang='lat'><strong>4).</strong></span> <span class='ocrx_word' id='word_1_691' title='bbox 2409 3010 2522 3064; x_wconf 84' lang='lat' dir='ltr'><strong>lloe</strong></span> <span class='ocrx_word' id='word_1_692' title='bbox 2546 3009 2715 3080; x_wconf 89' lang='lat' dir='ltr'><strong>magis</strong></span> <span class='ocrx_word' id='word_1_693' title='bbox 2741 3009 3100 3066; x_wconf 84' lang='lat' dir='ltr'><strong>necessarium</strong></span> <span class='ocrx_word' id='word_1_694' title='bbox 3141 3017 3223 3062; x_wconf 89' lang='lat' dir='ltr'><strong>est</strong></span> <span class='ocrx_word' id='word_1_695' title='bbox 3259 3023 3418 3077; x_wconf 88' lang='lat' dir='ltr'><strong>quam</strong></span> <span class='ocrx_word' id='word_1_696' title='bbox 3449 3008 3613 3077; x_wconf 81' lang='lat' dir='ltr'><strong>virgi-</strong></span> 
     </span>
    </p>
   </div>
   <div class='ocr_carea' id='block_1_89' title="bbox 2024 3100 3614 3174">
    <p class='ocr_par' dir='ltr' id='par_1_89' title="bbox 2024 3100 3614 3174">
     <span class='ocr_line' id='line_1_89' title="bbox 2024 3100 3614 3174; baseline -0.001 -18"><span class='ocrx_word' id='word_1_697' title='bbox 2024 3105 2196 3169; x_wconf 90' lang='lat' dir='ltr'><strong>nitas;</strong></span> <span class='ocrx_word' id='word_1_698' title='bbox 2229 3119 2350 3157; x_wconf 91' lang='lat' dir='ltr'><strong>nam</strong></span> <span class='ocrx_word' id='word_1_699' title='bbox 2380 3102 2723 3173; x_wconf 80' lang='lat' dir='ltr'><strong>eleemosyna</strong></span> <span class='ocrx_word' id='word_1_700' title='bbox 2755 3103 2992 3174; x_wconf 91' lang='lat' dir='ltr'><strong>neglecta</strong></span> <span class='ocrx_word' id='word_1_701' title='bbox 3016 3101 3118 3155; x_wconf 69' lang='lat' dir='ltr'><strong>illm</strong></span> <span class='ocrx_word' id='word_1_702' title='bbox 3142 3100 3379 3170; x_wconf 65' lang='lat' dir='ltr'><strong>expulsa:</strong></span> <span class='ocrx_word' id='word_1_703' title='bbox 3405 3116 3468 3154; x_wconf 81' lang='lat' dir='ltr'><strong>ex</strong></span> <span class='ocrx_word' id='word_1_704' title='bbox 3498 3101 3614 3155; x_wconf 88' lang='lat' dir='ltr'><strong>tha-</strong></span> 
     </span>
    </p>
   </div>
   <div class='ocr_carea' id='block_1_90' title="bbox 2023 3193 3612 3264">
    <p class='ocr_par' dir='ltr' id='par_1_90' title="bbox 2023 3193 3612 3264">
     <span class='ocr_line' id='line_1_90' title="bbox 2023 3193 3612 3264; baseline 0 -16"><span class='ocrx_word' id='word_1_705' title='bbox 2023 3195 2164 3249; x_wconf 89' lang='lat' dir='ltr'><strong>lamo</strong></span> <span class='ocrx_word' id='word_1_706' title='bbox 2189 3193 2440 3259; x_wconf 88' lang='lat' dir='ltr'><strong>fuerunt;</strong></span> <span class='ocrx_word' id='word_1_707' title='bbox 2469 3194 2586 3248; x_wconf 83' lang='lat' dir='ltr'><strong>aliae</strong></span> <span class='ocrx_word' id='word_1_708' title='bbox 2607 3208 2734 3249; x_wconf 91' lang='lat' dir='ltr'><strong>vero</strong></span> <span class='ocrx_word' id='word_1_709' title='bbox 2755 3195 3007 3264; x_wconf 80' lang='lat' dir='ltr'><strong>ingressae</strong></span> <span class='ocrx_word' id='word_1_710' title='bbox 3052 3203 3194 3246; x_wconf 87' lang='lat' dir='ltr'><strong>sunt.</strong></span> <span class='ocrx_word' id='word_1_711' title='bbox 3249 3193 3379 3259; x_wconf 64' lang='lat' dir='ltr'><strong>Quae</strong></span> <span class='ocrx_word' id='word_1_712' title='bbox 3430 3193 3612 3248; x_wconf 91' lang='lat' dir='ltr'><strong>omnia</strong></span> 
     </span>
    </p>
   </div>
   <div class='ocr_carea' id='block_1_91' title="bbox 2023 3285 3608 3356">
    <p class='ocr_par' dir='ltr' id='par_1_91' title="bbox 2023 3285 3608 3356">
     <span class='ocr_line' id='line_1_91' title="bbox 2023 3285 3608 3356; baseline -0.001 -16"><span class='ocrx_word' id='word_1_713' title='bbox 2023 3302 2144 3341; x_wconf 90' lang='lat' dir='ltr'><strong>cuni</strong></span> <span class='ocrx_word' id='word_1_714' title='bbox 2171 3286 2423 3353; x_wconf 87' lang='lat' dir='ltr'><strong>sciamus,</strong></span> <span class='ocrx_word' id='word_1_715' title='bbox 2444 3286 2770 3342; x_wconf 89' lang='lat' dir='ltr'><strong>seminemus</strong></span> <span class='ocrx_word' id='word_1_716' title='bbox 2796 3286 3028 3356; x_wconf 87' lang='lat' dir='ltr'><strong>largiter.</strong></span> <span class='ocrx_word' id='word_1_717' title='bbox 3064 3295 3119 3340; x_wconf 90' lang='lat' dir='ltr'><strong>iit</strong></span> <span class='ocrx_word' id='word_1_718' title='bbox 3151 3302 3271 3341; x_wconf 91' lang='lat' dir='ltr'><strong>cum</strong></span> <span class='ocrx_word' id='word_1_719' title='bbox 3303 3285 3487 3356; x_wconf 90' lang='lat' dir='ltr'><strong>majori</strong></span> <span class='ocrx_word' id='word_1_720' title='bbox 3516 3301 3608 3340; x_wconf 91' lang='lat' dir='ltr'><strong>co-</strong></span> 
     </span>
    </p>
   </div>
   <div class='ocr_carea' id='block_1_92' title="bbox 2023 3376 3612 3447">
    <p class='ocr_par' dir='ltr' id='par_1_92' title="bbox 2023 3376 3612 3447">
     <span class='ocr_line' id='line_1_92' title="bbox 2023 3376 3612 3447; baseline 0.001 -17"><span class='ocrx_word' id='word_1_721' title='bbox 2023 3378 2106 3446; x_wconf 88' lang='lat' dir='ltr'><strong>pia</strong></span> <span class='ocrx_word' id='word_1_722' title='bbox 2133 3386 2415 3442; x_wconf 89' lang='lat' dir='ltr'><strong>metamus,</strong></span> <span class='ocrx_word' id='word_1_723' title='bbox 2449 3386 2502 3432; x_wconf 92' lang='lat' dir='ltr'><strong>et</strong></span> <span class='ocrx_word' id='word_1_724' title='bbox 2543 3376 2716 3430; x_wconf 90' lang='lat' dir='ltr'><strong>futura</strong></span> <span class='ocrx_word' id='word_1_725' title='bbox 2743 3391 3132 3447; x_wconf 89' lang='lat' dir='ltr'><strong>consequamur</strong></span> <span class='ocrx_word' id='word_1_726' title='bbox 3158 3376 3289 3431; x_wconf 87' lang='lat' dir='ltr'><strong>bona</strong></span> <span class='ocrx_word' id='word_1_727' title='bbox 3315 3418 3330 3442; x_wconf 93' lang='lat'><strong>,</strong></span> <span class='ocrx_word' id='word_1_728' title='bbox 3361 3377 3530 3447; x_wconf 85' lang='lat' dir='ltr'><strong>gratia</strong></span> <span class='ocrx_word' id='word_1_729' title='bbox 3556 3387 3612 3431; x_wconf 91' lang='lat' dir='ltr'><strong>et</strong></span> 
     </span>
    </p>
   </div>
   <div class='ocr_carea' id='block_1_93' title="bbox 2024 3469 3607 3541">
    <p class='ocr_par' dir='ltr' id='par_1_93' title="bbox 2024 3469 3607 3541">
     <span class='ocr_line' id='line_1_93' title="bbox 2024 3469 3607 3541; baseline 0 -17"><span class='ocrx_word' id='word_1_730' title='bbox 2024 3470 2348 3541; x_wconf 82' lang='lat' dir='ltr'><strong>benignitate</strong></span> <span class='ocrx_word' id='word_1_731' title='bbox 2374 3470 2582 3524; x_wconf 92' lang='lat' dir='ltr'><strong>Domini</strong></span> <span class='ocrx_word' id='word_1_732' title='bbox 2611 3471 2777 3525; x_wconf 89' lang='lat' dir='ltr'><strong>nostri</strong></span> <span class='ocrx_word' id='word_1_733' title='bbox 2820 3470 2944 3525; x_wconf 85' lang='lat' dir='ltr'><strong>Jesu</strong></span> <span class='ocrx_word' id='word_1_734' title='bbox 2984 3469 3203 3536; x_wconf 87' lang='lat' dir='ltr'><strong>Christi,</strong></span> <span class='ocrx_word' id='word_1_735' title='bbox 3244 3471 3329 3524; x_wconf 90' lang='lat' dir='ltr'><strong>cui</strong></span> <span class='ocrx_word' id='word_1_736' title='bbox 3357 3470 3524 3540; x_wconf 82' lang='lat' dir='ltr'><strong>gloria</strong></span> <span class='ocrx_word' id='word_1_737' title='bbox 3554 3470 3607 3525; x_wconf 90' lang='lat' dir='ltr'><strong>in</strong></span> 
     </span>
    </p>
   </div>
   <div class='ocr_carea' id='block_1_94' title="bbox 2020 3565 2456 3622">
    <p class='ocr_par' dir='ltr' id='par_1_94' title="bbox 2020 3565 2456 3622">
     <span class='ocr_line' id='line_1_94' title="bbox 2020 3565 2456 3622; baseline -0.007 -4"><span class='ocrx_word' id='word_1_738' title='bbox 2020 3565 2236 3622; x_wconf 67' lang='lat' dir='ltr'><strong>swcula.</strong></span> <span class='ocrx_word' id='word_1_739' title='bbox 2266 3565 2456 3616; x_wconf 79' lang='lat' dir='ltr'><strong>Anien.</strong></span> 
     </span>
    </p>
   </div>
   <div class='ocr_carea' id='block_1_95' title="bbox 2026 3839 2304 3900">
    <p class='ocr_par' dir='ltr' id='par_1_95' title="bbox 2026 3839 2304 3900">
     <span class='ocr_line' id='line_1_95' title="bbox 2026 3839 2304 3900; baseline 0 0"><span class='ocrx_word' id='word_1_740' title='bbox 2026 3839 2113 3900; x_wconf 90' lang='lat' dir='ltr'><strong>al.</strong></span> <span class='ocrx_word' id='word_1_741' title='bbox 2169 3839 2304 3900; x_wconf 88' lang='lat' dir='ltr'><strong>LII.</strong></span> 
     </span>
    </p>
   </div>
   <div class='ocr_carea' id='block_1_96' title="bbox 2023 4005 3608 4080">
    <p class='ocr_par' dir='ltr' id='par_1_96' title="bbox 2023 4005 3608 4080">
     <span class='ocr_line' id='line_1_96' title="bbox 2023 4005 3608 4080; baseline 0.005 -21"><span class='ocrx_word' id='word_1_742' title='bbox 2023 4005 2141 4074; x_wconf 91' lang='lat' dir='ltr'><strong>Quo</strong></span> <span class='ocrx_word' id='word_1_743' title='bbox 2183 4013 2424 4076; x_wconf 87' lang='lat' dir='ltr'><strong>tempore</strong></span> <span class='ocrx_word' id='word_1_744' title='bbox 2466 4019 2648 4062; x_wconf 89' lang='lat' dir='ltr'><strong>autem</strong></span> <span class='ocrx_word' id='word_1_745' title='bbox 2694 4007 2978 4078; x_wconf 85' lang='lat' dir='ltr'><strong>oportebat</strong></span> <span class='ocrx_word' id='word_1_746' title='bbox 3023 4009 3146 4064; x_wconf 90' lang='lat' dir='ltr'><strong>illos</strong></span> <span class='ocrx_word' id='word_1_747' title='bbox 3190 4009 3258 4064; x_wconf 84' lang='lat' dir='ltr'><strong>ab</strong></span> <span class='ocrx_word' id='word_1_748' title='bbox 3302 4009 3608 4080; x_wconf 77' lang='lat' dir='ltr'><strong>hujusmodi</strong></span> 
     </span>
    </p>
   </div>
   <div class='ocr_carea' id='block_1_97' title="bbox 2021 4099 3605 4174">
    <p class='ocr_par' dir='ltr' id='par_1_97' title="bbox 2021 4099 3605 4174">
     <span class='ocr_line' id='line_1_97' title="bbox 2021 4099 3605 4174; baseline 0.004 -21"><span class='ocrx_word' id='word_1_749' title='bbox 2021 4099 2484 4155; x_wconf 88' lang='lat' dir='ltr'><strong>observationibus</strong></span> <span class='ocrx_word' id='word_1_750' title='bbox 2512 4117 2634 4156; x_wconf 90' lang='lat' dir='ltr'><strong>sese</strong></span> <span class='ocrx_word' id='word_1_751' title='bbox 2661 4101 2935 4173; x_wconf 81' lang='lat' dir='ltr'><strong>expedire,</strong></span> <span class='ocrx_word' id='word_1_752' title='bbox 2968 4112 3092 4158; x_wconf 91' lang='lat' dir='ltr'><strong>tunc</strong></span> <span class='ocrx_word' id='word_1_753' title='bbox 3123 4120 3180 4157; x_wconf 89' lang='lat' dir='ltr'><strong>se</strong></span> <span class='ocrx_word' id='word_1_754' title='bbox 3209 4105 3282 4158; x_wconf 90' lang='lat' dir='ltr'><strong>illi</strong></span> <span class='ocrx_word' id='word_1_755' title='bbox 3314 4105 3481 4174; x_wconf 86' lang='lat' dir='ltr'><strong>magis</strong></span> <span class='ocrx_word' id='word_1_756' title='bbox 3510 4105 3605 4160; x_wconf 91' lang='lat' dir='ltr'><strong>iis-</strong></span> 
     </span>
    </p>
   </div>
   <div class='ocr_carea' id='block_1_98' title="bbox 2021 4193 3606 4267">
    <p class='ocr_par' dir='ltr' id='par_1_98' title="bbox 2021 4193 3606 4267">
     <span class='ocr_line' id='line_1_98' title="bbox 2021 4193 3606 4267; baseline 0.002 -20"><span class='ocrx_word' id='word_1_757' title='bbox 2021 4202 2142 4248; x_wconf 83' lang='lat' dir='ltr'><strong>dem</strong></span> <span class='ocrx_word' id='word_1_758' title='bbox 2169 4193 2490 4263; x_wconf 88' lang='lat' dir='ltr'><strong>obligarunt,</strong></span> <span class='ocrx_word' id='word_1_759' title='bbox 2525 4203 2822 4248; x_wconf 88' lang='lat' dir='ltr'><strong>metuentes</strong></span> <span class='ocrx_word' id='word_1_760' title='bbox 2865 4209 2933 4249; x_wconf 88' lang='lat' dir='ltr'><strong>ne</strong></span> <span class='ocrx_word' id='word_1_761' title='bbox 2965 4198 3084 4265; x_wconf 88' lang='lat' dir='ltr'><strong>quis</strong></span> <span class='ocrx_word' id='word_1_762' title='bbox 3123 4196 3220 4249; x_wconf 89' lang='lat' dir='ltr'><strong>sibi</strong></span> <span class='ocrx_word' id='word_1_763' title='bbox 3257 4196 3606 4267; x_wconf 86' lang='lat' dir='ltr'><strong>principatum</strong></span> 
     </span>
    </p>
   </div>
   <div class='ocr_carea' id='block_1_99' title="bbox 2020 4286 3618 4359">
    <p class='ocr_par' dir='ltr' id='par_1_99' title="bbox 2020 4286 3618 4359">
     <span class='ocr_line' id='line_1_99' title="bbox 2020 4286 3618 4359; baseline 0.001 -16"><span class='ocrx_word' id='word_1_764' title='bbox 2020 4287 2322 4357; x_wconf 86' lang='lat' dir='ltr'><strong>abriperet;</strong></span> <span class='ocrx_word' id='word_1_765' title='bbox 2354 4298 2406 4341; x_wconf 88' lang='lat' dir='ltr'><strong>et</strong></span> <span class='ocrx_word' id='word_1_766' title='bbox 2433 4287 2880 4342; x_wconf 83' lang='lat' dir='ltr'><strong>furuiidahiliores</strong></span> <span class='ocrx_word' id='word_1_767' title='bbox 2910 4286 3093 4342; x_wconf 88' lang='lat' dir='ltr'><strong>haberi</strong></span> <span class='ocrx_word' id='word_1_768' title='bbox 3126 4289 3395 4354; x_wconf 89' lang='lat' dir='ltr'><strong>volebant,</strong></span> <span class='ocrx_word' id='word_1_769' title='bbox 3426 4299 3618 4359; x_wconf 86' lang='lat' dir='ltr'><strong>utpote-</strong></span> 
     </span>
    </p>
   </div>
   <div class='ocr_carea' id='block_1_100' title="bbox 2020 4378 3604 4450">
    <p class='ocr_par' dir='ltr' id='par_1_100' title="bbox 2020 4378 3604 4450">
     <span class='ocr_line' id='line_1_100' title="bbox 2020 4378 3604 4450; baseline 0.002 -18"><span class='ocrx_word' id='word_1_770' title='bbox 2020 4378 2373 4448; x_wconf 86' lang='lat' dir='ltr'><strong>lcgislatores.</strong></span> <span class='ocrx_word' id='word_1_771' title='bbox 2403 4378 2458 4433; x_wconf 91' lang='lat' dir='ltr'><strong>ln</strong></span> <span class='ocrx_word' id='word_1_772' title='bbox 2489 4387 2684 4432; x_wconf 90' lang='lat' dir='ltr'><strong>tantam</strong></span> <span class='ocrx_word' id='word_1_773' title='bbox 2707 4393 2834 4449; x_wconf 86' lang='lat' dir='ltr'><strong>ergo</strong></span> <span class='ocrx_word' id='word_1_774' title='bbox 2856 4378 3185 4448; x_wconf 89' lang='lat' dir='ltr'><strong>iniquitatem</strong></span> <span class='ocrx_word' id='word_1_775' title='bbox 3215 4396 3302 4435; x_wconf 89' lang='lat' dir='ltr'><strong>res</strong></span> <span class='ocrx_word' id='word_1_776' title='bbox 3323 4381 3604 4450; x_wconf 90' lang='lat' dir='ltr'><strong>processit,</strong></span> 
     </span>
    </p>
   </div>
   <div class='ocr_carea' id='block_1_101' title="bbox 2020 4470 3607 4543">
    <p class='ocr_par' dir='ltr' id='par_1_101' title="bbox 2020 4470 3607 4543">
     <span class='ocr_line' id='line_1_101' title="bbox 2020 4470 3607 4543; baseline 0.003 -19"><span class='ocrx_word' id='word_1_777' title='bbox 2020 4481 2078 4525; x_wconf 93' lang='lat' dir='ltr'><strong>ut</strong></span> <span class='ocrx_word' id='word_1_778' title='bbox 2107 4481 2372 4543; x_wconf 61' lang='lat' dir='ltr'><strong>praecepta</strong></span> <span class='ocrx_word' id='word_1_779' title='bbox 2398 4470 2612 4542; x_wconf 90' lang='lat' dir='ltr'><strong>quidem</strong></span> <span class='ocrx_word' id='word_1_780' title='bbox 2641 4485 2735 4526; x_wconf 92' lang='lat' dir='ltr'><strong>sua</strong></span> <span class='ocrx_word' id='word_1_781' title='bbox 2763 4481 3126 4536; x_wconf 90' lang='lat' dir='ltr'><strong>servarentur,</strong></span> <span class='ocrx_word' id='word_1_782' title='bbox 3161 4473 3256 4528; x_wconf 89' lang='lat' dir='ltr'><strong>Dei</strong></span> <span class='ocrx_word' id='word_1_783' title='bbox 3300 4490 3426 4528; x_wconf 87' lang='lat' dir='ltr'><strong>vero</strong></span> <span class='ocrx_word' id='word_1_784' title='bbox 3457 4490 3607 4529; x_wconf 88' lang='lat' dir='ltr'><strong>man-</strong></span> 
     </span>
    </p>
   </div>
   <div class='ocr_carea' id='block_1_102' title="bbox 2018 4563 3602 4635">
    <p class='ocr_par' dir='ltr' id='par_1_102' title="bbox 2018 4563 3602 4635">
     <span class='ocr_line' id='line_1_102' title="bbox 2018 4563 3602 4635; baseline 0 -17"><span class='ocrx_word' id='word_1_785' title='bbox 2018 4563 2144 4619; x_wconf 82' lang='lat' dir='ltr'><strong>data</strong></span> <span class='ocrx_word' id='word_1_786' title='bbox 2188 4566 2554 4623; x_wconf 84' lang='lat' dir='ltr'><strong>violarentur:</strong></span> <span class='ocrx_word' id='word_1_787' title='bbox 2615 4577 2667 4622; x_wconf 89' lang='lat' dir='ltr'><strong>et</strong></span> <span class='ocrx_word' id='word_1_788' title='bbox 2703 4576 2912 4621; x_wconf 90' lang='lat' dir='ltr'><strong>tantum</strong></span> <span class='ocrx_word' id='word_1_789' title='bbox 2953 4567 3027 4620; x_wconf 89' lang='lat' dir='ltr'><strong>illi</strong></span> <span class='ocrx_word' id='word_1_790' title='bbox 3079 4565 3503 4635; x_wconf 67' lang='lat' dir='ltr'><strong>praevaluerant,</strong></span> <span class='ocrx_word' id='word_1_791' title='bbox 3539 4572 3602 4618; x_wconf 83' lang='lat' dir='ltr'><strong>ut</strong></span> 
     </span>
    </p>
   </div>
   <div class='ocr_carea' id='block_1_103' title="bbox 2017 4655 3598 4728">
    <p class='ocr_par' dir='ltr' id='par_1_103' title="bbox 2017 4655 3598 4728">
     <span class='ocr_line' id='line_1_103' title="bbox 2017 4655 3598 4728; baseline -0.001 -18"><span class='ocrx_word' id='word_1_792' title='bbox 2017 4655 2129 4726; x_wconf 90' lang='lat' dir='ltr'><strong>jam</strong></span> <span class='ocrx_word' id='word_1_793' title='bbox 2184 4659 2389 4712; x_wconf 92' lang='lat' dir='ltr'><strong>crimen</strong></span> <span class='ocrx_word' id='word_1_794' title='bbox 2437 4671 2585 4714; x_wconf 88' lang='lat' dir='ltr'><strong>esset</strong></span> <span class='ocrx_word' id='word_1_795' title='bbox 2641 4675 2830 4714; x_wconf 87' lang='lat' dir='ltr'><strong>eorum</strong></span> <span class='ocrx_word' id='word_1_796' title='bbox 2888 4667 3156 4728; x_wconf 66' lang='lat' dir='ltr'><strong>praecepta</strong></span> <span class='ocrx_word' id='word_1_797' title='bbox 3205 4657 3441 4721; x_wconf 89' lang='lat' dir='ltr'><strong>violare;</strong></span> <span class='ocrx_word' id='word_1_798' title='bbox 3489 4671 3598 4724; x_wconf 88' lang='lat' dir='ltr'><strong>qua</strong></span> 
     </span>
    </p>
   </div>
   <div class='ocr_carea' id='block_1_104' title="bbox 2025 4749 3602 4821">
    <p class='ocr_par' dir='ltr' id='par_1_104' title="bbox 2025 4749 3602 4821">
     <span class='ocr_line' id='line_1_104' title="bbox 2025 4749 3602 4821; baseline -0.003 -17"><span class='ocrx_word' id='word_1_799' title='bbox 2025 4749 2081 4804; x_wconf 88' lang='lat' dir='ltr'><strong>in</strong></span> <span class='ocrx_word' id='word_1_800' title='bbox 2115 4766 2174 4804; x_wconf 89' lang='lat' dir='ltr'><strong>re</strong></span> <span class='ocrx_word' id='word_1_801' title='bbox 2227 4750 2434 4821; x_wconf 70' lang='lat' dir='ltr'><strong>duplex</strong></span> <span class='ocrx_word' id='word_1_802' title='bbox 2478 4753 2637 4820; x_wconf 82' lang='lat' dir='ltr'><strong>culpa</strong></span> <span class='ocrx_word' id='word_1_803' title='bbox 2689 4760 2826 4815; x_wconf 90' lang='lat' dir='ltr'><strong>erat,</strong></span> <span class='ocrx_word' id='word_1_804' title='bbox 2860 4760 2914 4805; x_wconf 88' lang='lat' dir='ltr'><strong>et</strong></span> <span class='ocrx_word' id='word_1_805' title='bbox 2958 4751 3102 4819; x_wconf 89' lang='lat' dir='ltr'><strong>quod</strong></span> <span class='ocrx_word' id='word_1_806' title='bbox 3137 4751 3494 4811; x_wconf 76' lang='lat' dir='ltr'><strong>llinm&#39;al&#39;ettl,</strong></span> <span class='ocrx_word' id='word_1_807' title='bbox 3546 4753 3602 4801; x_wconf 89' lang='lat' dir='ltr'><strong>et</strong></span> 
     </span>
    </p>
   </div>
   <div class='ocr_carea' id='block_1_105' title="bbox 2017 4835 3598 4910">
    <p class='ocr_par' dir='ltr' id='par_1_105' title="bbox 2017 4835 3598 4910">
     <span class='ocr_line' id='line_1_105' title="bbox 2017 4835 3598 4910; baseline -0.001 -17"><span class='ocrx_word' id='word_1_808' title='bbox 2017 4839 2157 4910; x_wconf 89' lang='lat' dir='ltr'><strong>quod</strong></span> <span class='ocrx_word' id='word_1_809' title='bbox 2189 4839 2266 4893; x_wconf 89' lang='lat' dir='ltr'><strong>sic</strong></span> <span class='ocrx_word' id='word_1_810' title='bbox 2290 4853 2386 4893; x_wconf 88' lang='lat' dir='ltr'><strong>sua</strong></span> <span class='ocrx_word' id='word_1_811' title='bbox 2410 4839 2762 4900; x_wconf 87' lang='lat' dir='ltr'><strong>vnulicarent,</strong></span> <span class='ocrx_word' id='word_1_812' title='bbox 2794 4838 2883 4892; x_wconf 92' lang='lat' dir='ltr'><strong>Dei</strong></span> <span class='ocrx_word' id='word_1_813' title='bbox 2918 4837 3115 4891; x_wconf 91' lang='lat' dir='ltr'><strong>nullam</strong></span> <span class='ocrx_word' id='word_1_814' title='bbox 3146 4835 3406 4891; x_wconf 85' lang='lat' dir='ltr'><strong>habentes</strong></span> <span class='ocrx_word' id='word_1_815' title='bbox 3431 4836 3598 4891; x_wconf 87' lang='lat' dir='ltr'><strong>ratio-</strong></span> 
     </span>
    </p>
   </div>
   <div class='ocr_carea' id='block_1_106' title="bbox 2018 4928 3601 4997">
    <p class='ocr_par' dir='ltr' id='par_1_106' title="bbox 2018 4928 3601 4997">
     <span class='ocr_line' id='line_1_106' title="bbox 2018 4928 3601 4997; baseline -0.002 -11"><span class='ocrx_word' id='word_1_816' title='bbox 2018 4948 2161 4986; x_wconf 89' lang='lat' dir='ltr'><strong>nem.</strong></span> <span class='ocrx_word' id='word_1_817' title='bbox 2194 4930 2574 4986; x_wconf 69' lang='lat' dir='ltr'><strong>Praatermissis</strong></span> <span class='ocrx_word' id='word_1_818' title='bbox 2600 4945 2725 4984; x_wconf 88' lang='lat' dir='ltr'><strong>vero</strong></span> <span class='ocrx_word' id='word_1_819' title='bbox 2752 4930 2890 4996; x_wconf 90' lang='lat' dir='ltr'><strong>aliis,</strong></span> <span class='ocrx_word' id='word_1_820' title='bbox 2933 4928 3177 4984; x_wconf 82' lang='lat' dir='ltr'><strong>sextariis</strong></span> <span class='ocrx_word' id='word_1_821' title='bbox 3208 4944 3397 4997; x_wconf 84' lang='lat' dir='ltr'><strong>nempe</strong></span> <span class='ocrx_word' id='word_1_822' title='bbox 3423 4938 3476 4983; x_wconf 90' lang='lat' dir='ltr'><strong>et</strong></span> <span class='ocrx_word' id='word_1_823' title='bbox 3507 4944 3601 4983; x_wconf 82' lang='lat' dir='ltr'><strong>va-</strong></span> 
     </span>
    </p>
   </div>
   <div class='ocr_carea' id='block_1_107' title="bbox 2016 5017 3604 5092">
    <p class='ocr_par' dir='ltr' id='par_1_107' title="bbox 2016 5017 3604 5092">
     <span class='ocr_line' id='line_1_107' title="bbox 2016 5017 3604 5092; baseline -0.003 -14"><span class='ocrx_word' id='word_1_824' title='bbox 2016 5022 2090 5078; x_wconf 90' lang='lat' dir='ltr'><strong>sis</strong></span> <span class='ocrx_word' id='word_1_825' title='bbox 2113 5023 2298 5087; x_wconf 63' lang='lat' dir='ltr'><strong>aineis,</strong></span> <span class='ocrx_word' id='word_1_826' title='bbox 2324 5037 2443 5092; x_wconf 61' lang='lat' dir='ltr'><strong>quae</strong></span> <span class='ocrx_word' id='word_1_827' title='bbox 2473 5021 2692 5075; x_wconf 88' lang='lat' dir='ltr'><strong>ridicula</strong></span> <span class='ocrx_word' id='word_1_828' title='bbox 2726 5028 2898 5084; x_wconf 89' lang='lat' dir='ltr'><strong>erant,</strong></span> <span class='ocrx_word' id='word_1_829' title='bbox 2927 5017 3067 5090; x_wconf 91' lang='lat' dir='ltr'><strong>quod</strong></span> <span class='ocrx_word' id='word_1_830' title='bbox 3102 5018 3422 5088; x_wconf 69' lang='lat' dir='ltr'><strong>praecipuum</strong></span> <span class='ocrx_word' id='word_1_831' title='bbox 3454 5019 3604 5074; x_wconf 86' lang='lat' dir='ltr'><strong>vidc—</strong></span> 
     </span>
    </p>
   </div>
   <div class='ocr_carea' id='block_1_108' title="bbox 2016 5111 3611 5183">
    <p class='ocr_par' dir='ltr' id='par_1_108' title="bbox 2016 5111 3611 5183">
     <span class='ocr_line' id='line_1_108' title="bbox 2016 5111 3611 5183; baseline -0.006 -11"><span class='ocrx_word' id='word_1_832' title='bbox 2016 5117 2172 5172; x_wconf 90' lang='lat' dir='ltr'><strong>batur</strong></span> <span class='ocrx_word' id='word_1_833' title='bbox 2197 5115 2248 5169; x_wconf 94' lang='lat' dir='ltr'><strong>in</strong></span> <span class='ocrx_word' id='word_1_834' title='bbox 2280 5113 2510 5170; x_wconf 90' lang='lat' dir='ltr'><strong>medium</strong></span> <span class='ocrx_word' id='word_1_835' title='bbox 2544 5111 2839 5183; x_wconf 88' lang='lat' dir='ltr'><strong>proferunt,</strong></span> <span class='ocrx_word' id='word_1_836' title='bbox 2870 5126 2978 5182; x_wconf 93' lang='lat' dir='ltr'><strong>quo</strong></span> <span class='ocrx_word' id='word_1_837' title='bbox 3006 5111 3176 5175; x_wconf 90' lang='lat' dir='ltr'><strong>illum,</strong></span> <span class='ocrx_word' id='word_1_838' title='bbox 3217 5118 3272 5163; x_wconf 90' lang='lat' dir='ltr'><strong>ut</strong></span> <span class='ocrx_word' id='word_1_839' title='bbox 3311 5111 3437 5164; x_wconf 88' lang='lat' dir='ltr'><strong>mihi</strong></span> <span class='ocrx_word' id='word_1_840' title='bbox 3477 5113 3611 5181; x_wconf 90' lang='lat' dir='ltr'><strong>qui-</strong></span> 
     </span>
    </p>
   </div>
   <div class='ocr_carea' id='block_1_109' title="bbox 2014 5204 3599 5274">
    <p class='ocr_par' dir='ltr' id='par_1_109' title="bbox 2014 5204 3599 5274">
     <span class='ocr_line' id='line_1_109' title="bbox 2014 5204 3599 5274; baseline -0.005 -8"><span class='ocrx_word' id='word_1_841' title='bbox 2014 5210 2135 5266; x_wconf 90' lang='lat' dir='ltr'><strong>dem</strong></span> <span class='ocrx_word' id='word_1_842' title='bbox 2167 5209 2396 5274; x_wconf 89' lang='lat' dir='ltr'><strong>videtur,</strong></span> <span class='ocrx_word' id='word_1_843' title='bbox 2429 5209 2481 5262; x_wconf 92' lang='lat' dir='ltr'><strong>in</strong></span> <span class='ocrx_word' id='word_1_844' title='bbox 2514 5209 2643 5261; x_wconf 84' lang='lat' dir='ltr'><strong>iram</strong></span> <span class='ocrx_word' id='word_1_845' title='bbox 2665 5206 3013 5260; x_wconf 81' lang='lat' dir='ltr'><strong>eoncitareut.</strong></span> <span class='ocrx_word' id='word_1_846' title='bbox 3035 5204 3393 5272; x_wconf 85' lang='lat' dir='ltr'><strong>Quamobrem</strong></span> <span class='ocrx_word' id='word_1_847' title='bbox 3421 5205 3599 5259; x_wconf 90' lang='lat' dir='ltr'><strong>senio-</strong></span> 
     </span>
    </p>
   </div>
   <div class='ocr_carea' id='block_1_110' title="bbox 2014 5296 3597 5370">
    <p class='ocr_par' dir='ltr' id='par_1_110' title="bbox 2014 5296 3597 5370">
     <span class='ocr_line' id='line_1_110' title="bbox 2014 5296 3597 5370; baseline -0.007 -10"><span class='ocrx_word' id='word_1_848' title='bbox 2014 5321 2131 5360; x_wconf 84' lang='lat' dir='ltr'><strong>rum</strong></span> <span class='ocrx_word' id='word_1_849' title='bbox 2168 5305 2544 5366; x_wconf 89' lang='lat' dir='ltr'><strong>meminerunt,</strong></span> <span class='ocrx_word' id='word_1_850' title='bbox 2575 5310 2630 5355; x_wconf 90' lang='lat' dir='ltr'><strong>ut</strong></span> <span class='ocrx_word' id='word_1_851' title='bbox 2658 5300 2808 5370; x_wconf 87' lang='lat' dir='ltr'><strong>quasi</strong></span> <span class='ocrx_word' id='word_1_852' title='bbox 2841 5299 2960 5353; x_wconf 91' lang='lat' dir='ltr'><strong>illos</strong></span> <span class='ocrx_word' id='word_1_853' title='bbox 2988 5297 3306 5366; x_wconf 74' lang='lat' dir='ltr'><strong>desiiiceret,</strong></span> <span class='ocrx_word' id='word_1_854' title='bbox 3342 5296 3466 5351; x_wconf 89' lang='lat' dir='ltr'><strong>liinc</strong></span> <span class='ocrx_word' id='word_1_855' title='bbox 3494 5313 3597 5351; x_wconf 87' lang='lat' dir='ltr'><strong>an-</strong></span> 
     </span>
    </p>
   </div>
   <div class='ocr_carea' id='block_1_111' title="bbox 2014 5389 3604 5465">
    <p class='ocr_par' dir='ltr' id='par_1_111' title="bbox 2014 5389 3604 5465">
     <span class='ocr_line' id='line_1_111' title="bbox 2014 5389 3604 5465; baseline -0.007 -14"><span class='ocrx_word' id='word_1_856' title='bbox 2014 5415 2129 5453; x_wconf 93' lang='lat' dir='ltr'><strong>sam</strong></span> <span class='ocrx_word' id='word_1_857' title='bbox 2159 5396 2444 5452; x_wconf 90' lang='lat' dir='ltr'><strong>accusaiidi</strong></span> <span class='ocrx_word' id='word_1_858' title='bbox 2488 5393 2768 5465; x_wconf 62' lang='lat' dir='ltr'><strong>praeberet.</strong></span> <span class='ocrx_word' id='word_1_859' title='bbox 2800 5389 3221 5445; x_wconf 79' lang='lat' dir='ltr'><strong>Examinandum</strong></span> <span class='ocrx_word' id='word_1_860' title='bbox 3273 5390 3445 5459; x_wconf 90' lang='lat' dir='ltr'><strong>primo</strong></span> <span class='ocrx_word' id='word_1_861' title='bbox 3491 5397 3604 5456; x_wconf 67' lang='lat' dir='ltr'><strong>est,</strong></span> 
     </span>
    </p>
   </div>
   <div class='ocr_carea' id='block_1_112' title="bbox 2013 5477 3600 5559">
    <p class='ocr_par' dir='ltr' id='par_1_112' title="bbox 2013 5477 3600 5559">
     <span class='ocr_line' id='line_1_112' title="bbox 2013 5477 3600 5559; baseline -0.006 -15"><span class='ocrx_word' id='word_1_862' title='bbox 2013 5505 2110 5545; x_wconf 92' lang='lat' dir='ltr'><strong>cur</strong></span> <span class='ocrx_word' id='word_1_863' title='bbox 2151 5488 2393 5559; x_wconf 91' lang='lat' dir='ltr'><strong>discipuli</strong></span> <span class='ocrx_word' id='word_1_864' title='bbox 2437 5487 2598 5540; x_wconf 90' lang='lat' dir='ltr'><strong>illotis</strong></span> <span class='ocrx_word' id='word_1_865' title='bbox 2646 5484 2890 5538; x_wconf 88' lang='lat' dir='ltr'><strong>inanibus</strong></span> <span class='ocrx_word' id='word_1_866' title='bbox 2929 5481 3328 5536; x_wconf 89' lang='lat' dir='ltr'><strong>inanducarent.</strong></span> <span class='ocrx_word' id='word_1_867' title='bbox 3370 5477 3486 5534; x_wconf 78' lang='lat' dir='ltr'><strong>Non</strong></span> <span class='ocrx_word' id='word_1_868' title='bbox 3530 5478 3600 5535; x_wconf 86' lang='lat' dir='ltr'><strong>ile</strong></span> 
     </span>
    </p>
   </div>
   <div class='ocr_carea' id='block_1_113' title="bbox 2013 5570 3599 5649">
    <p class='ocr_par' dir='ltr' id='par_1_113' title="bbox 2013 5570 3599 5649">
     <span class='ocr_line' id='line_1_113' title="bbox 2013 5570 3599 5649; baseline -0.01 -11"><span class='ocrx_word' id='word_1_869' title='bbox 2013 5581 2268 5638; x_wconf 91' lang='lat' dir='ltr'><strong>industria</strong></span> <span class='ocrx_word' id='word_1_870' title='bbox 2300 5580 2351 5635; x_wconf 93' lang='lat' dir='ltr'><strong>id</strong></span> <span class='ocrx_word' id='word_1_871' title='bbox 2378 5577 2665 5649; x_wconf 71' lang='lat' dir='ltr'><strong>agebant‘,</strong></span> <span class='ocrx_word' id='word_1_872' title='bbox 2693 5575 2789 5631; x_wconf 90' lang='lat' dir='ltr'><strong>sed</strong></span> <span class='ocrx_word' id='word_1_873' title='bbox 2812 5575 2953 5644; x_wconf 88' lang='lat' dir='ltr'><strong>quod</strong></span> <span class='ocrx_word' id='word_1_874' title='bbox 2975 5573 3064 5628; x_wconf 89' lang='lat' dir='ltr'><strong>illa</strong></span> <span class='ocrx_word' id='word_1_875' title='bbox 3082 5570 3349 5644; x_wconf 84' lang='lat' dir='ltr'><strong>superﬂua</strong></span> <span class='ocrx_word' id='word_1_876' title='bbox 3378 5587 3599 5640; x_wconf 78' lang='lat' dir='ltr'><strong>respue-</strong></span> 
     </span>
    </p>
   </div>
   <div class='ocr_carea' id='block_1_114' title="bbox 2082 5771 3603 5842">
    <p class='ocr_par' dir='ltr' id='par_1_114' title="bbox 2082 5771 3603 5842">
     <span class='ocr_line' id='line_1_114' title="bbox 2082 5771 3603 5842; baseline -0.001 -14"><span class='ocrx_word' id='word_1_877' title='bbox 2082 5777 2098 5808; x_wconf 77' lang='grc'>³</span> <span class='ocrx_word' id='word_1_878' title='bbox 2134 5775 2209 5828; x_wconf 77' lang='lat' dir='ltr'><strong>Ex</strong></span> <span class='ocrx_word' id='word_1_879' title='bbox 2237 5775 2404 5827; x_wconf 73' lang='lat' dir='ltr'><strong>Grieco</strong></span> <span class='ocrx_word' id='word_1_880' title='bbox 2430 5777 2697 5842; x_wconf 75' lang='lat' dir='ltr'><strong>legendum</strong></span> <span class='ocrx_word' id='word_1_881' title='bbox 2732 5781 2887 5840; x_wconf 86' lang='lat' dir='ltr'><strong>esset,</strong></span> <span class='ocrx_word' id='word_1_882' title='bbox 2924 5789 3014 5828; x_wconf 81' lang='lat' dir='ltr'><strong>cur</strong></span> <span class='ocrx_word' id='word_1_883' title='bbox 3055 5771 3293 5841; x_wconf 83' lang='lat' dir='ltr'><strong>discipuli</strong></span> <span class='ocrx_word' id='word_1_884' title='bbox 3321 5771 3468 5828; x_wconf 78' lang='lat' dir='ltr'><strong>ittotis</strong></span> <span class='ocrx_word' id='word_1_885' title='bbox 3489 5786 3603 5826; x_wconf 75' lang='lat' dir='ltr'><strong>nia-</strong></span> 
     </span>
    </p>
   </div>
  </div>
