  <div class='ocr_page' id='page_1' title='image "/cluster/home/n/w/nwhite01/storage/ocr_20150623/58/nnc1.0046979956/051.png"; bbox 0 0 4108 6376; ppageno 0'>
   <div class='ocr_carea' id='block_1_1' title="bbox 511 350 609 406">
    <p class='ocr_par' dir='ltr' id='par_1_1' title="bbox 511 350 609 406">
     <span class='ocr_line' id='line_1_1' title="bbox 511 350 609 406; baseline 0.02 -2"><span class='ocrx_word' id='word_1_1' title='bbox 511 350 609 406; x_wconf 78' lang='lat' dir='ltr'><strong>5H</strong></span> 
     </span>
    </p>
   </div>
   <div class='ocr_carea' id='block_1_2' title="bbox 510 448 2094 526">
    <p class='ocr_par' dir='ltr' id='par_1_2' title="bbox 510 448 2094 526">
     <span class='ocr_line' id='line_1_2' title="bbox 510 448 2094 526; baseline -0.008 -10"><span class='ocrx_word' id='word_1_2' title='bbox 510 468 651 526; x_wconf 88' lang='lat' dir='ltr'><strong>rent,</strong></span> <span class='ocrx_word' id='word_1_3' title='bbox 680 458 807 515; x_wconf 90' lang='lat' dir='ltr'><strong>dum</strong></span> <span class='ocrx_word' id='word_1_4' title='bbox 839 456 1155 513; x_wconf 82' lang='lat' dir='ltr'><strong>necessariis</strong></span> <span class='ocrx_word' id='word_1_5' title='bbox 1180 454 1517 510; x_wconf 90' lang='lat' dir='ltr'><strong>attenderent</strong></span> <span class='ocrx_word' id='word_1_6' title='bbox 1545 470 1561 507; x_wconf 90' lang='lat'><strong>:</strong></span> <span class='ocrx_word' id='word_1_7' title='bbox 1594 468 1692 507; x_wconf 91' lang='lat' dir='ltr'><strong>nec</strong></span> <span class='ocrx_word' id='word_1_8' title='bbox 1722 466 1818 523; x_wconf 93' lang='lat' dir='ltr'><strong>pro</strong></span> <span class='ocrx_word' id='word_1_9' title='bbox 1848 452 1964 520; x_wconf 87' lang='lat' dir='ltr'><strong>lege</strong></span> <span class='ocrx_word' id='word_1_10' title='bbox 1995 448 2094 504; x_wconf 86' lang='lat' dir='ltr'><strong>ha-</strong></span> 
     </span>
    </p>
   </div>
   <div class='ocr_carea' id='block_1_3' title="bbox 512 542 2104 609">
    <p class='ocr_par' dir='ltr' id='par_1_3' title="bbox 512 542 2104 609">
     <span class='ocr_line' id='line_1_3' title="bbox 512 542 2104 609; baseline -0.01 -1"><span class='ocrx_word' id='word_1_11' title='bbox 512 553 709 608; x_wconf 88' lang='lat' dir='ltr'><strong>bebant</strong></span> <span class='ocrx_word' id='word_1_12' title='bbox 736 552 860 607; x_wconf 90' lang='lat' dir='ltr'><strong>lotis</strong></span> <span class='ocrx_word' id='word_1_13' title='bbox 884 559 976 605; x_wconf 89' lang='lat' dir='ltr'><strong>aut</strong></span> <span class='ocrx_word' id='word_1_14' title='bbox 996 549 1161 604; x_wconf 91' lang='lat' dir='ltr'><strong>illotis</strong></span> <span class='ocrx_word' id='word_1_15' title='bbox 1182 548 1426 602; x_wconf 91' lang='lat' dir='ltr'><strong>manibus</strong></span> <span class='ocrx_word' id='word_1_16' title='bbox 1451 545 1756 609; x_wconf 88' lang='lat' dir='ltr'><strong>comedere,</strong></span> <span class='ocrx_word' id='word_1_17' title='bbox 1782 542 1877 599; x_wconf 89' lang='lat' dir='ltr'><strong>sed</strong></span> <span class='ocrx_word' id='word_1_18' title='bbox 1897 551 2104 595; x_wconf 87' lang='lat' dir='ltr'><strong>utrum-</strong></span> 
     </span>
    </p>
   </div>
   <div class='ocr_carea' id='block_1_4' title="bbox 511 637 2104 715">
    <p class='ocr_par' dir='ltr' id='par_1_4' title="bbox 511 637 2104 715">
     <span class='ocr_line' id='line_1_4' title="bbox 511 637 2104 715; baseline -0.007 -18"><span class='ocrx_word' id='word_1_19' title='bbox 511 660 614 715; x_wconf 88' lang='lat' dir='ltr'><strong>que</strong></span> <span class='ocrx_word' id='word_1_20' title='bbox 646 652 703 698; x_wconf 93' lang='lat' dir='ltr'><strong>ut</strong></span> <span class='ocrx_word' id='word_1_21' title='bbox 729 657 849 699; x_wconf 88' lang='lat' dir='ltr'><strong>sese</strong></span> <span class='ocrx_word' id='word_1_22' title='bbox 877 641 1088 696; x_wconf 80' lang='lat' dir='ltr'><strong>occasio</strong></span> <span class='ocrx_word' id='word_1_23' title='bbox 1116 641 1277 695; x_wconf 89' lang='lat' dir='ltr'><strong>dabat</strong></span> <span class='ocrx_word' id='word_1_24' title='bbox 1299 639 1548 710; x_wconf 79' lang='lat' dir='ltr'><strong>agebant.</strong></span> <span class='ocrx_word' id='word_1_25' title='bbox 1578 637 1711 692; x_wconf 86' lang='lat' dir='ltr'><strong>Nam</strong></span> <span class='ocrx_word' id='word_1_26' title='bbox 1740 639 1830 707; x_wconf 86' lang='lat' dir='ltr'><strong>qui</strong></span> <span class='ocrx_word' id='word_1_27' title='bbox 1855 648 2104 689; x_wconf 88' lang='lat' dir='ltr'><strong>necessa-</strong></span> 
     </span>
    </p>
   </div>
   <div class='ocr_carea' id='block_1_5' title="bbox 509 726 2102 807">
    <p class='ocr_par' dir='ltr' id='par_1_5' title="bbox 509 726 2102 807">
     <span class='ocr_line' id='line_1_5' title="bbox 509 726 2102 807; baseline -0.008 -15"><span class='ocrx_word' id='word_1_28' title='bbox 509 737 651 792; x_wconf 86' lang='lat' dir='ltr'><strong>rium</strong></span> <span class='ocrx_word' id='word_1_29' title='bbox 691 751 903 807; x_wconf 86' lang='lat' dir='ltr'><strong>quoque</strong></span> <span class='ocrx_word' id='word_1_30' title='bbox 940 736 1117 789; x_wconf 87' lang='lat' dir='ltr'><strong>cibum</strong></span> <span class='ocrx_word' id='word_1_31' title='bbox 1149 732 1533 802; x_wconf 78' lang='lat' dir='ltr'><strong>despiciebant,</strong></span> <span class='ocrx_word' id='word_1_32' title='bbox 1561 728 1829 800; x_wconf 90' lang='lat' dir='ltr'><strong>quomodo</strong></span> <span class='ocrx_word' id='word_1_33' title='bbox 1858 726 1974 781; x_wconf 68' lang='lat' dir='ltr'><strong>haec</strong></span> <span class='ocrx_word' id='word_1_34' title='bbox 2009 740 2102 779; x_wconf 88' lang='lat' dir='ltr'><strong>ac-</strong></span> 
     </span>
    </p>
   </div>
   <div class='ocr_carea' id='block_1_6' title="bbox 511 817 2104 893">
    <p class='ocr_par' dir='ltr' id='par_1_6' title="bbox 511 817 2104 893">
     <span class='ocr_line' id='line_1_6' title="bbox 511 817 2104 893; baseline -0.007 -12"><span class='ocrx_word' id='word_1_35' title='bbox 511 837 696 882; x_wconf 90' lang='lat' dir='ltr'><strong>curate</strong></span> <span class='ocrx_word' id='word_1_36' title='bbox 716 825 1056 882; x_wconf 85' lang='lat' dir='ltr'><strong>servassent?</strong></span> <span class='ocrx_word' id='word_1_37' title='bbox 1078 825 1211 891; x_wconf 87' lang='lat' dir='ltr'><strong>Quia</strong></span> <span class='ocrx_word' id='word_1_38' title='bbox 1242 824 1400 893; x_wconf 78' lang='lat' dir='ltr'><strong>igitur</strong></span> <span class='ocrx_word' id='word_1_39' title='bbox 1425 822 1741 892; x_wconf 89' lang='lat' dir='ltr'><strong>plerumque</strong></span> <span class='ocrx_word' id='word_1_40' title='bbox 1762 817 2104 888; x_wconf 84' lang='lat' dir='ltr'><strong>contingebat</strong></span> 
     </span>
    </p>
   </div>
   <div class='ocr_carea' id='block_1_7' title="bbox 513 911 2100 986">
    <p class='ocr_par' dir='ltr' id='par_1_7' title="bbox 513 911 2100 986">
     <span class='ocr_line' id='line_1_7' title="bbox 513 911 2100 986; baseline -0.008 -14"><span class='ocrx_word' id='word_1_41' title='bbox 513 926 573 972; x_wconf 92' lang='lat' dir='ltr'><strong>ut</strong></span> <span class='ocrx_word' id='word_1_42' title='bbox 608 918 662 972; x_wconf 92' lang='lat' dir='ltr'><strong>in</strong></span> <span class='ocrx_word' id='word_1_43' title='bbox 692 926 963 986; x_wconf 90' lang='lat' dir='ltr'><strong>promptu,</strong></span> <span class='ocrx_word' id='word_1_44' title='bbox 992 925 1047 969; x_wconf 91' lang='lat' dir='ltr'><strong>et</strong></span> <span class='ocrx_word' id='word_1_45' title='bbox 1071 915 1224 984; x_wconf 91' lang='lat' dir='ltr'><strong>quasi</strong></span> <span class='ocrx_word' id='word_1_46' title='bbox 1251 913 1471 968; x_wconf 77' lang='lat' dir='ltr'><strong>fortuito</strong></span> <span class='ocrx_word' id='word_1_47' title='bbox 1504 911 1555 967; x_wconf 91' lang='lat' dir='ltr'><strong>id</strong></span> <span class='ocrx_word' id='word_1_48' title='bbox 1602 911 1858 975; x_wconf 84' lang='lat' dir='ltr'><strong>facerent,</strong></span> <span class='ocrx_word' id='word_1_49' title='bbox 1888 917 1949 963; x_wconf 90' lang='lat' dir='ltr'><strong>ut</strong></span> <span class='ocrx_word' id='word_1_50' title='bbox 1980 923 2100 963; x_wconf 91' lang='lat' dir='ltr'><strong>cum</strong></span> 
     </span>
    </p>
   </div>
   <div class='ocr_carea' id='block_1_8' title="bbox 515 998 2102 1073">
    <p class='ocr_par' dir='ltr' id='par_1_8' title="bbox 515 998 2102 1073">
     <span class='ocr_line' id='line_1_8' title="bbox 515 998 2102 1073; baseline -0.008 -10"><span class='ocrx_word' id='word_1_51' title='bbox 515 1010 568 1063; x_wconf 89' lang='lat' dir='ltr'><strong>in</strong></span> <span class='ocrx_word' id='word_1_52' title='bbox 612 1007 825 1064; x_wconf 90' lang='lat' dir='ltr'><strong>deserto</strong></span> <span class='ocrx_word' id='word_1_53' title='bbox 865 1006 1240 1073; x_wconf 85' lang='lat' dir='ltr'><strong>comedebant,</strong></span> <span class='ocrx_word' id='word_1_54' title='bbox 1276 1014 1329 1061; x_wconf 92' lang='lat' dir='ltr'><strong>et</strong></span> <span class='ocrx_word' id='word_1_55' title='bbox 1355 1020 1476 1059; x_wconf 93' lang='lat' dir='ltr'><strong>cum</strong></span> <span class='ocrx_word' id='word_1_56' title='bbox 1506 1003 1680 1072; x_wconf 88' lang='lat' dir='ltr'><strong>spicas</strong></span> <span class='ocrx_word' id='word_1_57' title='bbox 1719 1000 2007 1066; x_wconf 85' lang='lat' dir='ltr'><strong>vellebaut,</strong></span> <span class='ocrx_word' id='word_1_58' title='bbox 2050 998 2102 1052; x_wconf 88' lang='lat' dir='ltr'><strong>id</strong></span> 
     </span>
    </p>
   </div>
   <div class='ocr_carea' id='block_1_9' title="bbox 513 1091 2101 1171">
    <p class='ocr_par' dir='ltr' id='par_1_9' title="bbox 513 1091 2101 1171">
     <span class='ocr_line' id='line_1_9' title="bbox 513 1091 2101 1171; baseline -0.007 -15"><span class='ocrx_word' id='word_1_59' title='bbox 513 1101 664 1171; x_wconf 87' lang='lat' dir='ltr'><strong>quasi</strong></span> <span class='ocrx_word' id='word_1_60' title='bbox 690 1101 892 1156; x_wconf 90' lang='lat' dir='ltr'><strong>crimen</strong></span> <span class='ocrx_word' id='word_1_61' title='bbox 922 1098 1219 1169; x_wconf 74' lang='lat' dir='ltr'><strong>proferunt,</strong></span> <span class='ocrx_word' id='word_1_62' title='bbox 1258 1100 1347 1167; x_wconf 82' lang='lat' dir='ltr'><strong>qui</strong></span> <span class='ocrx_word' id='word_1_63' title='bbox 1379 1096 1579 1166; x_wconf 84' lang='lat' dir='ltr'><strong>majora</strong></span> <span class='ocrx_word' id='word_1_64' title='bbox 1620 1109 1833 1164; x_wconf 84' lang='lat' dir='ltr'><strong>semper</strong></span> <span class='ocrx_word' id='word_1_65' title='bbox 1870 1091 2101 1162; x_wconf 85' lang='lat' dir='ltr'><strong>neglige-</strong></span> 
     </span>
    </p>
   </div>
   <div class='ocr_carea' id='block_1_10' title="bbox 516 1184 2104 1263">
    <p class='ocr_par' dir='ltr' id='par_1_10' title="bbox 516 1184 2104 1263">
     <span class='ocr_line' id='line_1_10' title="bbox 516 1184 2104 1263; baseline -0.008 -14"><span class='ocrx_word' id='word_1_66' title='bbox 516 1194 666 1259; x_wconf 89' lang='lat' dir='ltr'><strong>bant,</strong></span> <span class='ocrx_word' id='word_1_67' title='bbox 709 1202 764 1249; x_wconf 92' lang='lat' dir='ltr'><strong>et</strong></span> <span class='ocrx_word' id='word_1_68' title='bbox 808 1192 1075 1263; x_wconf 78' lang='lat' dir='ltr'><strong>superﬂua</strong></span> <span class='ocrx_word' id='word_1_69' title='bbox 1116 1190 1402 1245; x_wconf 83' lang='lat' dir='ltr'><strong>admodum</strong></span> <span class='ocrx_word' id='word_1_70' title='bbox 1446 1186 1722 1244; x_wconf 76' lang='lat' dir='ltr'><strong>curabant.</strong></span> <span class='ocrx_word' id='word_1_71' title='bbox 1762 1185 1900 1254; x_wconf 84' lang='lat' dir='ltr'><strong>Quid</strong></span> <span class='ocrx_word' id='word_1_72' title='bbox 1944 1184 2104 1255; x_wconf 78' lang='lat' dir='ltr'><strong>igitur</strong></span> 
     </span>
    </p>
   </div>
   <div class='ocr_carea' id='block_1_11' title="bbox 514 1280 2101 1353">
    <p class='ocr_par' dir='ltr' id='par_1_11' title="bbox 514 1280 2101 1353">
     <span class='ocr_line' id='line_1_11' title="bbox 514 1280 2101 1353; baseline -0.008 -8"><span class='ocrx_word' id='word_1_73' title='bbox 514 1288 793 1345; x_wconf 76' lang='lat' dir='ltr'><strong>Christus?</strong></span> <span class='ocrx_word' id='word_1_74' title='bbox 836 1288 951 1343; x_wconf 84' lang='lat' dir='ltr'><strong>Non</strong></span> <span class='ocrx_word' id='word_1_75' title='bbox 997 1287 1127 1342; x_wconf 92' lang='lat' dir='ltr'><strong>illud</strong></span> <span class='ocrx_word' id='word_1_76' title='bbox 1175 1285 1425 1345; x_wconf 83' lang='lat' dir='ltr'><strong>attendit,</strong></span> <span class='ocrx_word' id='word_1_77' title='bbox 1464 1298 1635 1353; x_wconf 90' lang='lat' dir='ltr'><strong>neque</strong></span> <span class='ocrx_word' id='word_1_78' title='bbox 1677 1280 2101 1336; x_wconf 87' lang='lat' dir='ltr'><strong>criminationem</strong></span> 
     </span>
    </p>
   </div>
   <div class='ocr_carea' id='block_1_12' title="bbox 513 1370 2101 1451">
    <p class='ocr_par' dir='ltr' id='par_1_12' title="bbox 513 1370 2101 1451">
     <span class='ocr_line' id='line_1_12' title="bbox 513 1370 2101 1451; baseline -0.008 -16"><span class='ocrx_word' id='word_1_79' title='bbox 513 1381 739 1451; x_wconf 83' lang='lat' dir='ltr'><strong>depulit,</strong></span> <span class='ocrx_word' id='word_1_80' title='bbox 768 1379 861 1435; x_wconf 89' lang='lat' dir='ltr'><strong>sed</strong></span> <span class='ocrx_word' id='word_1_81' title='bbox 887 1378 1068 1433; x_wconf 86' lang='lat' dir='ltr'><strong>stat-im</strong></span> <span class='ocrx_word' id='word_1_82' title='bbox 1094 1377 1469 1433; x_wconf 87' lang='lat' dir='ltr'><strong>recriminatus</strong></span> <span class='ocrx_word' id='word_1_83' title='bbox 1498 1384 1600 1441; x_wconf 92' lang='lat' dir='ltr'><strong>est,</strong></span> <span class='ocrx_word' id='word_1_84' title='bbox 1634 1382 1691 1427; x_wconf 91' lang='lat' dir='ltr'><strong>ut</strong></span> <span class='ocrx_word' id='word_1_85' title='bbox 1728 1371 2002 1426; x_wconf 78' lang='lat' dir='ltr'><strong>audaciam</strong></span> <span class='ocrx_word' id='word_1_86' title='bbox 2034 1370 2101 1423; x_wconf 83' lang='lat' dir='ltr'><strong>il-</strong></span> 
     </span>
    </p>
   </div>
   <div class='ocr_carea' id='block_1_13' title="bbox 516 1460 2103 1542">
    <p class='ocr_par' dir='ltr' id='par_1_13' title="bbox 516 1460 2103 1542">
     <span class='ocr_line' id='line_1_13' title="bbox 516 1460 2103 1542; baseline -0.008 -15"><span class='ocrx_word' id='word_1_87' title='bbox 516 1473 689 1528; x_wconf 90' lang='lat' dir='ltr'><strong>lorum</strong></span> <span class='ocrx_word' id='word_1_88' title='bbox 728 1473 1068 1542; x_wconf 88' lang='lat' dir='ltr'><strong>reprimeret,</strong></span> <span class='ocrx_word' id='word_1_89' title='bbox 1108 1468 1543 1537; x_wconf 83' lang='lat' dir='ltr'><strong>ostenderetque,</strong></span> <span class='ocrx_word' id='word_1_90' title='bbox 1571 1480 1693 1520; x_wconf 90' lang='lat' dir='ltr'><strong>eum</strong></span> <span class='ocrx_word' id='word_1_91' title='bbox 1719 1462 1811 1535; x_wconf 87' lang='lat' dir='ltr'><strong>qui</strong></span> <span class='ocrx_word' id='word_1_92' title='bbox 1851 1464 1902 1517; x_wconf 92' lang='lat' dir='ltr'><strong>in</strong></span> <span class='ocrx_word' id='word_1_93' title='bbox 1932 1460 2103 1532; x_wconf 87' lang='lat' dir='ltr'><strong>majo-</strong></span> 
     </span>
    </p>
   </div>
   <div class='ocr_carea' id='block_1_14' title="bbox 515 1552 2105 1632">
    <p class='ocr_par' dir='ltr' id='par_1_14' title="bbox 515 1552 2105 1632">
     <span class='ocr_line' id='line_1_14' title="bbox 515 1552 2105 1632; baseline -0.008 -14"><span class='ocrx_word' id='word_1_94' title='bbox 515 1563 665 1618; x_wconf 90' lang='lat' dir='ltr'><strong>ribus</strong></span> <span class='ocrx_word' id='word_1_95' title='bbox 694 1571 897 1632; x_wconf 84' lang='lat' dir='ltr'><strong>peccat,</strong></span> <span class='ocrx_word' id='word_1_96' title='bbox 941 1561 1148 1616; x_wconf 90' lang='lat' dir='ltr'><strong>minora</strong></span> <span class='ocrx_word' id='word_1_97' title='bbox 1179 1560 1232 1613; x_wconf 90' lang='lat' dir='ltr'><strong>in</strong></span> <span class='ocrx_word' id='word_1_98' title='bbox 1261 1558 1381 1613; x_wconf 92' lang='lat' dir='ltr'><strong>aliis</strong></span> <span class='ocrx_word' id='word_1_99' title='bbox 1411 1571 1517 1612; x_wconf 91' lang='lat' dir='ltr'><strong>non</strong></span> <span class='ocrx_word' id='word_1_100' title='bbox 1560 1564 1702 1610; x_wconf 89' lang='lat' dir='ltr'><strong>tanta</strong></span> <span class='ocrx_word' id='word_1_101' title='bbox 1748 1569 1876 1610; x_wconf 89' lang='lat' dir='ltr'><strong>cura</strong></span> <span class='ocrx_word' id='word_1_102' title='bbox 1919 1552 2105 1622; x_wconf 81' lang='lat' dir='ltr'><strong>explo-</strong></span> 
     </span>
    </p>
   </div>
   <div class='ocr_carea' id='block_1_15' title="bbox 516 1642 2104 1719">
    <p class='ocr_par' dir='ltr' id='par_1_15' title="bbox 516 1642 2104 1719">
     <span class='ocr_line' id='line_1_15' title="bbox 516 1642 2104 1719; baseline -0.008 -10"><span class='ocrx_word' id='word_1_103' title='bbox 516 1670 636 1710; x_wconf 89' lang='lat' dir='ltr'><strong>rare</strong></span> <span class='ocrx_word' id='word_1_104' title='bbox 662 1654 880 1709; x_wconf 88' lang='lat' dir='ltr'><strong>debere.</strong></span> <span class='ocrx_word' id='word_1_105' title='bbox 911 1652 1019 1707; x_wconf 74' lang='lat' dir='ltr'><strong>Vos</strong></span> <span class='ocrx_word' id='word_1_106' title='bbox 1044 1650 1283 1706; x_wconf 84' lang='lat' dir='ltr'><strong>accusari</strong></span> <span class='ocrx_word' id='word_1_107' title='bbox 1312 1648 1609 1719; x_wconf 80' lang='lat' dir='ltr'><strong>oportebat,</strong></span> <span class='ocrx_word' id='word_1_108' title='bbox 1638 1654 1692 1701; x_wconf 89' lang='lat' dir='ltr'><strong>et</strong></span> <span class='ocrx_word' id='word_1_109' title='bbox 1719 1644 2000 1700; x_wconf 83' lang='lat' dir='ltr'><strong>accusatis.</strong></span> <span class='ocrx_word' id='word_1_110' title='bbox 2025 1642 2104 1697; x_wconf 92' lang='lat' dir='ltr'><strong>Tu</strong></span> 
     </span>
    </p>
   </div>
   <div class='ocr_carea' id='block_1_16' title="bbox 514 1735 2099 1814">
    <p class='ocr_par' dir='ltr' id='par_1_16' title="bbox 514 1735 2099 1814">
     <span class='ocr_line' id='line_1_16' title="bbox 514 1735 2099 1814; baseline -0.009 -14"><span class='ocrx_word' id='word_1_111' title='bbox 514 1763 646 1803; x_wconf 90' lang='lat' dir='ltr'><strong>vero</strong></span> <span class='ocrx_word' id='word_1_112' title='bbox 676 1747 930 1802; x_wconf 85' lang='lat' dir='ltr'><strong>observes</strong></span> <span class='ocrx_word' id='word_1_113' title='bbox 956 1744 1137 1810; x_wconf 85' lang='lat' dir='ltr'><strong>velim,</strong></span> <span class='ocrx_word' id='word_1_114' title='bbox 1174 1741 1442 1814; x_wconf 90' lang='lat' dir='ltr'><strong>quomodo</strong></span> <span class='ocrx_word' id='word_1_115' title='bbox 1471 1755 1592 1794; x_wconf 88' lang='lat' dir='ltr'><strong>cum</strong></span> <span class='ocrx_word' id='word_1_116' title='bbox 1624 1737 1823 1808; x_wconf 89' lang='lat' dir='ltr'><strong>aliquid</strong></span> <span class='ocrx_word' id='word_1_117' title='bbox 1856 1752 1921 1790; x_wconf 78' lang='lat' dir='ltr'><strong>ex</strong></span> <span class='ocrx_word' id='word_1_118' title='bbox 1953 1735 2099 1805; x_wconf 84' lang='lat' dir='ltr'><strong>lega-</strong></span> 
     </span>
    </p>
   </div>
   <div class='ocr_carea' id='block_1_17' title="bbox 516 1831 2101 1907">
    <p class='ocr_par' dir='ltr' id='par_1_17' title="bbox 516 1831 2101 1907">
     <span class='ocr_line' id='line_1_17' title="bbox 516 1831 2101 1907; baseline -0.009 -11"><span class='ocrx_word' id='word_1_119' title='bbox 516 1842 655 1896; x_wconf 87' lang='lat' dir='ltr'><strong>libus</strong></span> <span class='ocrx_word' id='word_1_120' title='bbox 696 1839 908 1895; x_wconf 90' lang='lat' dir='ltr'><strong>solvere</strong></span> <span class='ocrx_word' id='word_1_121' title='bbox 934 1838 1066 1903; x_wconf 87' lang='lat' dir='ltr'><strong>vult,</strong></span> <span class='ocrx_word' id='word_1_122' title='bbox 1098 1836 1251 1907; x_wconf 79' lang='lat' dir='ltr'><strong>quasi</strong></span> <span class='ocrx_word' id='word_1_123' title='bbox 1293 1850 1414 1891; x_wconf 90' lang='lat' dir='ltr'><strong>sese</strong></span> <span class='ocrx_word' id='word_1_124' title='bbox 1456 1832 1760 1889; x_wconf 82' lang='lat' dir='ltr'><strong>excusando</strong></span> <span class='ocrx_word' id='word_1_125' title='bbox 1807 1831 1859 1886; x_wconf 92' lang='lat' dir='ltr'><strong>id</strong></span> <span class='ocrx_word' id='word_1_126' title='bbox 1909 1831 2101 1896; x_wconf 77' lang='lat' dir='ltr'><strong>iaciat;</strong></span> 
     </span>
    </p>
   </div>
   <div class='ocr_carea' id='block_1_18' title="bbox 514 1922 2105 2004">
    <p class='ocr_par' dir='ltr' id='par_1_18' title="bbox 514 1922 2105 2004">
     <span class='ocr_line' id='line_1_18' title="bbox 514 1922 2105 2004; baseline -0.007 -19"><span class='ocrx_word' id='word_1_127' title='bbox 514 1933 658 2004; x_wconf 91' lang='lat' dir='ltr'><strong>quod</strong></span> <span class='ocrx_word' id='word_1_128' title='bbox 687 1942 738 1987; x_wconf 89' lang='lat' dir='ltr'><strong>et</strong></span> <span class='ocrx_word' id='word_1_129' title='bbox 767 1940 896 1986; x_wconf 82' lang='lat' dir='ltr'><strong>tunc</strong></span> <span class='ocrx_word' id='word_1_130' title='bbox 924 1929 1068 1985; x_wconf 81' lang='lat' dir='ltr'><strong>fecit.</strong></span> <span class='ocrx_word' id='word_1_131' title='bbox 1097 1929 1211 1983; x_wconf 90' lang='lat' dir='ltr'><strong>Non</strong></span> <span class='ocrx_word' id='word_1_132' title='bbox 1237 1928 1381 1983; x_wconf 91' lang='lat' dir='ltr'><strong>enim</strong></span> <span class='ocrx_word' id='word_1_133' title='bbox 1418 1926 1598 1980; x_wconf 88' lang='lat' dir='ltr'><strong>statim</strong></span> <span class='ocrx_word' id='word_1_134' title='bbox 1621 1923 1689 1979; x_wconf 88' lang='lat' dir='ltr'><strong>ad</strong></span> <span class='ocrx_word' id='word_1_135' title='bbox 1716 1922 2105 1994; x_wconf 82' lang='lat' dir='ltr'><strong>transgressio-</strong></span> 
     </span>
    </p>
   </div>
   <div class='ocr_carea' id='block_1_19' title="bbox 516 2013 2104 2094">
    <p class='ocr_par' dir='ltr' id='par_1_19' title="bbox 516 2013 2104 2094">
     <span class='ocr_line' id='line_1_19' title="bbox 516 2013 2104 2094; baseline -0.009 -14"><span class='ocrx_word' id='word_1_136' title='bbox 516 2040 637 2080; x_wconf 90' lang='lat' dir='ltr'><strong>nem</strong></span> <span class='ocrx_word' id='word_1_137' title='bbox 678 2023 939 2094; x_wconf 89' lang='lat' dir='ltr'><strong>procedit,</strong></span> <span class='ocrx_word' id='word_1_138' title='bbox 994 2035 1169 2091; x_wconf 87' lang='lat' dir='ltr'><strong>neque</strong></span> <span class='ocrx_word' id='word_1_139' title='bbox 1221 2018 1383 2084; x_wconf 91' lang='lat' dir='ltr'><strong>dicit,</strong></span> <span class='ocrx_word' id='word_1_140' title='bbox 1435 2018 1492 2073; x_wconf 92' lang='lat' dir='ltr'><strong>ld</strong></span> <span class='ocrx_word' id='word_1_141' title='bbox 1542 2016 1673 2070; x_wconf 87' lang='lat' dir='ltr'><strong>nihil</strong></span> <span class='ocrx_word' id='word_1_142' title='bbox 1715 2022 1828 2081; x_wconf 89' lang='lat' dir='ltr'><strong>est;</strong></span> <span class='ocrx_word' id='word_1_143' title='bbox 1868 2013 2104 2083; x_wconf 79' lang='lat' dir='ltr'><strong>alioquin</strong></span> 
     </span>
    </p>
   </div>
   <div class='ocr_carea' id='block_1_20' title="bbox 515 2106 2105 2177">
    <p class='ocr_par' dir='ltr' id='par_1_20' title="bbox 515 2106 2105 2177">
     <span class='ocr_line' id='line_1_20' title="bbox 515 2106 2105 2177; baseline -0.007 -8"><span class='ocrx_word' id='word_1_144' title='bbox 515 2130 644 2171; x_wconf 88' lang='lat' dir='ltr'><strong>vero</strong></span> <span class='ocrx_word' id='word_1_145' title='bbox 689 2115 806 2169; x_wconf 91' lang='lat' dir='ltr'><strong>illos</strong></span> <span class='ocrx_word' id='word_1_146' title='bbox 846 2112 1135 2168; x_wconf 81' lang='lat' dir='ltr'><strong>ferociores</strong></span> <span class='ocrx_word' id='word_1_147' title='bbox 1162 2110 1480 2166; x_wconf 86' lang='lat' dir='ltr'><strong>reddidisset</strong></span> <span class='ocrx_word' id='word_1_148' title='bbox 1514 2127 1527 2161; x_wconf 91' lang='lat'>:</span> <span class='ocrx_word' id='word_1_149' title='bbox 1569 2108 1664 2162; x_wconf 89' lang='lat' dir='ltr'><strong>sed</strong></span> <span class='ocrx_word' id='word_1_150' title='bbox 1704 2108 1853 2177; x_wconf 90' lang='lat' dir='ltr'><strong>prius</strong></span> <span class='ocrx_word' id='word_1_151' title='bbox 1892 2106 2105 2160; x_wconf 90' lang='lat' dir='ltr'><strong>illorum</strong></span> 
     </span>
    </p>
   </div>
   <div class='ocr_carea' id='block_1_21' title="bbox 516 2198 2105 2275">
    <p class='ocr_par' dir='ltr' id='par_1_21' title="bbox 516 2198 2105 2275">
     <span class='ocr_line' id='line_1_21' title="bbox 516 2198 2105 2275; baseline -0.006 -13"><span class='ocrx_word' id='word_1_152' title='bbox 516 2208 791 2263; x_wconf 84' lang='lat' dir='ltr'><strong>audaciam</strong></span> <span class='ocrx_word' id='word_1_153' title='bbox 822 2206 1075 2273; x_wconf 88' lang='lat' dir='ltr'><strong>retundit,</strong></span> <span class='ocrx_word' id='word_1_154' title='bbox 1126 2204 1283 2275; x_wconf 91' lang='lat' dir='ltr'><strong>longe</strong></span> <span class='ocrx_word' id='word_1_155' title='bbox 1328 2203 1501 2272; x_wconf 90' lang='lat' dir='ltr'><strong>majus</strong></span> <span class='ocrx_word' id='word_1_156' title='bbox 1537 2202 1737 2256; x_wconf 88' lang='lat' dir='ltr'><strong>crimen</strong></span> <span class='ocrx_word' id='word_1_157' title='bbox 1780 2201 1832 2254; x_wconf 88' lang='lat' dir='ltr'><strong>in</strong></span> <span class='ocrx_word' id='word_1_158' title='bbox 1873 2198 2105 2253; x_wconf 87' lang='lat' dir='ltr'><strong>medium</strong></span> 
     </span>
    </p>
   </div>
   <div class='ocr_carea' id='block_1_22' title="bbox 516 2293 2109 2373">
    <p class='ocr_par' dir='ltr' id='par_1_22' title="bbox 516 2293 2109 2373">
     <span class='ocr_line' id='line_1_22' title="bbox 516 2293 2109 2373; baseline -0.008 -15"><span class='ocrx_word' id='word_1_159' title='bbox 516 2302 814 2373; x_wconf 80' lang='lat' dir='ltr'><strong>proferens,</strong></span> <span class='ocrx_word' id='word_1_160' title='bbox 846 2310 900 2356; x_wconf 92' lang='lat' dir='ltr'><strong>et</strong></span> <span class='ocrx_word' id='word_1_161' title='bbox 927 2302 977 2355; x_wconf 94' lang='lat' dir='ltr'><strong>in</strong></span> <span class='ocrx_word' id='word_1_162' title='bbox 1010 2301 1244 2370; x_wconf 88' lang='lat' dir='ltr'><strong>ipsorum</strong></span> <span class='ocrx_word' id='word_1_163' title='bbox 1271 2307 1428 2367; x_wconf 91' lang='lat' dir='ltr'><strong>caput</strong></span> <span class='ocrx_word' id='word_1_164' title='bbox 1449 2307 1783 2365; x_wconf 79' lang='lat' dir='ltr'><strong>retorquens.</strong></span> <span class='ocrx_word' id='word_1_165' title='bbox 1816 2293 2001 2363; x_wconf 84' lang='lat' dir='ltr'><strong>Neque</strong></span> <span class='ocrx_word' id='word_1_166' title='bbox 2028 2293 2109 2346; x_wconf 83' lang='lat' dir='ltr'><strong>di-</strong></span> 
     </span>
    </p>
   </div>
   <div class='ocr_carea' id='block_1_23' title="bbox 516 2390 2106 2463">
    <p class='ocr_par' dir='ltr' id='par_1_23' title="bbox 516 2390 2106 2463">
     <span class='ocr_line' id='line_1_23' title="bbox 516 2390 2106 2463; baseline -0.007 -12"><span class='ocrx_word' id='word_1_167' title='bbox 516 2397 610 2463; x_wconf 91' lang='lat' dir='ltr'><strong>cit,</strong></span> <span class='ocrx_word' id='word_1_168' title='bbox 644 2404 792 2451; x_wconf 88' lang='lat' dir='ltr'><strong>recte</strong></span> <span class='ocrx_word' id='word_1_169' title='bbox 819 2395 939 2451; x_wconf 89' lang='lat' dir='ltr'><strong>illos</strong></span> <span class='ocrx_word' id='word_1_170' title='bbox 961 2393 1136 2449; x_wconf 85' lang='lat' dir='ltr'><strong>facere</strong></span> <span class='ocrx_word' id='word_1_171' title='bbox 1163 2392 1289 2447; x_wconf 92' lang='lat' dir='ltr'><strong>dum</strong></span> <span class='ocrx_word' id='word_1_172' title='bbox 1316 2390 1797 2461; x_wconf 87' lang='lat' dir='ltr'><strong>transgrediuntur,</strong></span> <span class='ocrx_word' id='word_1_173' title='bbox 1826 2403 1893 2441; x_wconf 89' lang='lat' dir='ltr'><strong>ne</strong></span> <span class='ocrx_word' id='word_1_174' title='bbox 1920 2402 2106 2442; x_wconf 89' lang='lat' dir='ltr'><strong>ansam</strong></span> 
     </span>
    </p>
   </div>
   <div class='ocr_carea' id='block_1_24' title="bbox 519 2478 2109 2558">
    <p class='ocr_par' dir='ltr' id='par_1_24' title="bbox 519 2478 2109 2558">
     <span class='ocr_line' id='line_1_24' title="bbox 519 2478 2109 2558; baseline -0.007 -15"><span class='ocrx_word' id='word_1_175' title='bbox 519 2487 623 2543; x_wconf 91' lang='lat' dir='ltr'><strong>illis</strong></span> <span class='ocrx_word' id='word_1_176' title='bbox 652 2487 925 2558; x_wconf 55' lang='lat' dir='ltr'><strong>prebeat;</strong></span> <span class='ocrx_word' id='word_1_177' title='bbox 957 2499 1132 2554; x_wconf 92' lang='lat' dir='ltr'><strong>neque</strong></span> <span class='ocrx_word' id='word_1_178' title='bbox 1176 2483 1298 2539; x_wconf 90' lang='lat' dir='ltr'><strong>ideo</strong></span> <span class='ocrx_word' id='word_1_179' title='bbox 1342 2482 1608 2551; x_wconf 89' lang='lat' dir='ltr'><strong>objurgat,</strong></span> <span class='ocrx_word' id='word_1_180' title='bbox 1654 2495 1722 2535; x_wconf 89' lang='lat' dir='ltr'><strong>ne</strong></span> <span class='ocrx_word' id='word_1_181' title='bbox 1751 2479 1993 2534; x_wconf 84' lang='lat' dir='ltr'><strong>videatur</strong></span> <span class='ocrx_word' id='word_1_182' title='bbox 2033 2478 2109 2532; x_wconf 90' lang='lat' dir='ltr'><strong>le-</strong></span> 
     </span>
    </p>
   </div>
   <div class='ocr_carea' id='block_1_25' title="bbox 519 2572 2106 2652">
    <p class='ocr_par' dir='ltr' id='par_1_25' title="bbox 519 2572 2106 2652">
     <span class='ocr_line' id='line_1_25' title="bbox 519 2572 2106 2652; baseline -0.006 -17"><span class='ocrx_word' id='word_1_183' title='bbox 519 2596 637 2652; x_wconf 90' lang='lat' dir='ltr'><strong>gem</strong></span> <span class='ocrx_word' id='word_1_184' title='bbox 673 2580 918 2644; x_wconf 82' lang='lat' dir='ltr'><strong>ﬁrmare;</strong></span> <span class='ocrx_word' id='word_1_185' title='bbox 964 2593 1137 2649; x_wconf 89' lang='lat' dir='ltr'><strong>neque</strong></span> <span class='ocrx_word' id='word_1_186' title='bbox 1166 2590 1354 2632; x_wconf 89' lang='lat' dir='ltr'><strong>rursus</strong></span> <span class='ocrx_word' id='word_1_187' title='bbox 1382 2575 1622 2631; x_wconf 88' lang='lat' dir='ltr'><strong>seniores</strong></span> <span class='ocrx_word' id='word_1_188' title='bbox 1662 2584 1876 2628; x_wconf 83' lang='lat' dir='ltr'><strong>accusat</strong></span> <span class='ocrx_word' id='word_1_189' title='bbox 1907 2582 1964 2627; x_wconf 91' lang='lat' dir='ltr'><strong>ut</strong></span> <span class='ocrx_word' id='word_1_190' title='bbox 2002 2572 2106 2627; x_wconf 83' lang='lat' dir='ltr'><strong>ini-</strong></span> 
     </span>
    </p>
   </div>
   <div class='ocr_carea' id='block_1_26' title="bbox 519 2667 2105 2742">
    <p class='ocr_par' dir='ltr' id='par_1_26' title="bbox 519 2667 2105 2742">
     <span class='ocr_line' id='line_1_26' title="bbox 519 2667 2105 2742; baseline -0.003 -17"><span class='ocrx_word' id='word_1_191' title='bbox 519 2687 674 2742; x_wconf 91' lang='lat' dir='ltr'><strong>quos,</strong></span> <span class='ocrx_word' id='word_1_192' title='bbox 723 2682 781 2727; x_wconf 91' lang='lat' dir='ltr'><strong>ut</strong></span> <span class='ocrx_word' id='word_1_193' title='bbox 826 2672 1118 2737; x_wconf 86' lang='lat' dir='ltr'><strong>scelestos;</strong></span> <span class='ocrx_word' id='word_1_194' title='bbox 1165 2669 1398 2739; x_wconf 90' lang='lat' dir='ltr'><strong>alioquin</strong></span> <span class='ocrx_word' id='word_1_195' title='bbox 1429 2668 1570 2723; x_wconf 87' lang='lat' dir='ltr'><strong>enim</strong></span> <span class='ocrx_word' id='word_1_196' title='bbox 1604 2675 1661 2721; x_wconf 89' lang='lat' dir='ltr'><strong>ut</strong></span> <span class='ocrx_word' id='word_1_197' title='bbox 1692 2667 2105 2722; x_wconf 85' lang='lat' dir='ltr'><strong>conviciatorem</strong></span> 
     </span>
    </p>
   </div>
   <div class='ocr_carea' id='block_1_27' title="bbox 521 2758 2106 2823">
    <p class='ocr_par' dir='ltr' id='par_1_27' title="bbox 521 2758 2106 2823">
     <span class='ocr_line' id='line_1_27' title="bbox 521 2758 2106 2823; baseline -0.003 -5"><span class='ocrx_word' id='word_1_198' title='bbox 521 2764 670 2819; x_wconf 90' lang='lat' dir='ltr'><strong>illum</strong></span> <span class='ocrx_word' id='word_1_199' title='bbox 695 2772 1071 2819; x_wconf 89' lang='lat' dir='ltr'><strong>aversarentur</strong></span> <span class='ocrx_word' id='word_1_200' title='bbox 1103 2781 1116 2817; x_wconf 88' lang='lat'><strong>:</strong></span> <span class='ocrx_word' id='word_1_201' title='bbox 1148 2778 1332 2817; x_wconf 87' lang='lat' dir='ltr'><strong>verum</strong></span> <span class='ocrx_word' id='word_1_202' title='bbox 1366 2760 1542 2815; x_wconf 86' lang='lat' dir='ltr'><strong>missis</strong></span> <span class='ocrx_word' id='word_1_203' title='bbox 1570 2760 1673 2814; x_wconf 85' lang='lat' dir='ltr'><strong>illis</strong></span> <span class='ocrx_word' id='word_1_204' title='bbox 1700 2758 1970 2823; x_wconf 85' lang='lat' dir='ltr'><strong>omnibus,</strong></span> <span class='ocrx_word' id='word_1_205' title='bbox 2004 2759 2106 2814; x_wconf 89' lang='lat' dir='ltr'><strong>alia</strong></span> 
     </span>
    </p>
   </div>
   <div class='ocr_carea' id='block_1_28' title="bbox 523 2852 2105 2927">
    <p class='ocr_par' dir='ltr' id='par_1_28' title="bbox 523 2852 2105 2927">
     <span class='ocr_line' id='line_1_28' title="bbox 523 2852 2105 2927; baseline -0.002 -17"><span class='ocrx_word' id='word_1_206' title='bbox 523 2858 605 2911; x_wconf 87' lang='lat' dir='ltr'><strong>via</strong></span> <span class='ocrx_word' id='word_1_207' title='bbox 630 2857 903 2927; x_wconf 87' lang='lat' dir='ltr'><strong>procedit;</strong></span> <span class='ocrx_word' id='word_1_208' title='bbox 925 2871 988 2910; x_wconf 93' lang='lat' dir='ltr'><strong>ac</strong></span> <span class='ocrx_word' id='word_1_209' title='bbox 1006 2855 1213 2910; x_wconf 90' lang='lat' dir='ltr'><strong>videtur</strong></span> <span class='ocrx_word' id='word_1_210' title='bbox 1234 2854 1448 2924; x_wconf 89' lang='lat' dir='ltr'><strong>quidem</strong></span> <span class='ocrx_word' id='word_1_211' title='bbox 1469 2852 1786 2908; x_wconf 84' lang='lat' dir='ltr'><strong>accedentes</strong></span> <span class='ocrx_word' id='word_1_212' title='bbox 1808 2852 2105 2920; x_wconf 88' lang='lat' dir='ltr'><strong>increpare,</strong></span> 
     </span>
    </p>
   </div>
   <div class='ocr_carea' id='block_1_29' title="bbox 522 2945 2105 3020">
    <p class='ocr_par' dir='ltr' id='par_1_29' title="bbox 522 2945 2105 3020">
     <span class='ocr_line' id='line_1_29' title="bbox 522 2945 2105 3020; baseline -0.005 -15"><span class='ocrx_word' id='word_1_213' title='bbox 522 2951 615 3005; x_wconf 87' lang='lat' dir='ltr'><strong>scd</strong></span> <span class='ocrx_word' id='word_1_214' title='bbox 660 2949 964 3020; x_wconf 86' lang='lat' dir='ltr'><strong>perstringit</strong></span> <span class='ocrx_word' id='word_1_215' title='bbox 1008 2964 1102 3003; x_wconf 90' lang='lat' dir='ltr'><strong>eos</strong></span> <span class='ocrx_word' id='word_1_216' title='bbox 1130 2948 1219 3018; x_wconf 88' lang='lat' dir='ltr'><strong>qui</strong></span> <span class='ocrx_word' id='word_1_217' title='bbox 1265 2945 1565 3016; x_wconf 89' lang='lat' dir='ltr'><strong>hujusmodi</strong></span> <span class='ocrx_word' id='word_1_218' title='bbox 1610 2945 1754 3015; x_wconf 90' lang='lat' dir='ltr'><strong>leges</strong></span> <span class='ocrx_word' id='word_1_219' title='bbox 1783 2954 2105 3013; x_wconf 88' lang='lat' dir='ltr'><strong>posuerant;</strong></span> 
     </span>
    </p>
   </div>
   <div class='ocr_carea' id='block_1_30' title="bbox 525 3037 2110 3110">
    <p class='ocr_par' dir='ltr' id='par_1_30' title="bbox 525 3037 2110 3110">
     <span class='ocr_line' id='line_1_30' title="bbox 525 3037 2110 3110; baseline -0.004 -14"><span class='ocrx_word' id='word_1_220' title='bbox 525 3042 763 3097; x_wconf 88' lang='lat' dir='ltr'><strong>seniores</strong></span> <span class='ocrx_word' id='word_1_221' title='bbox 790 3055 1047 3110; x_wconf 90' lang='lat' dir='ltr'><strong>nusquam</strong></span> <span class='ocrx_word' id='word_1_222' title='bbox 1070 3054 1396 3103; x_wconf 91' lang='lat' dir='ltr'><strong>memorans,</strong></span> <span class='ocrx_word' id='word_1_223' title='bbox 1420 3037 1513 3093; x_wconf 90' lang='lat' dir='ltr'><strong>sed</strong></span> <span class='ocrx_word' id='word_1_224' title='bbox 1535 3037 1588 3091; x_wconf 91' lang='lat' dir='ltr'><strong>in</strong></span> <span class='ocrx_word' id='word_1_225' title='bbox 1616 3037 1957 3092; x_wconf 84' lang='lat' dir='ltr'><strong>accusatione</strong></span> <span class='ocrx_word' id='word_1_226' title='bbox 1981 3050 2110 3090; x_wconf 87' lang='lat' dir='ltr'><strong>con-</strong></span> 
     </span>
    </p>
   </div>
   <div class='ocr_carea' id='block_1_31' title="bbox 526 3126 2108 3202">
    <p class='ocr_par' dir='ltr' id='par_1_31' title="bbox 526 3126 2108 3202">
     <span class='ocr_line' id='line_1_31' title="bbox 526 3126 2108 3202; baseline -0.006 -12"><span class='ocrx_word' id='word_1_227' title='bbox 526 3145 605 3190; x_wconf 88' lang='lat' dir='ltr'><strong>tra</strong></span> <span class='ocrx_word' id='word_1_228' title='bbox 645 3133 745 3189; x_wconf 91' lang='lat' dir='ltr'><strong>hos</strong></span> <span class='ocrx_word' id='word_1_229' title='bbox 782 3133 1041 3198; x_wconf 85' lang='lat' dir='ltr'><strong>instituta,</strong></span> <span class='ocrx_word' id='word_1_230' title='bbox 1076 3133 1194 3187; x_wconf 93' lang='lat' dir='ltr'><strong>illos</strong></span> <span class='ocrx_word' id='word_1_231' title='bbox 1236 3145 1449 3202; x_wconf 90' lang='lat' dir='ltr'><strong>quoque</strong></span> <span class='ocrx_word' id='word_1_232' title='bbox 1485 3129 1759 3198; x_wconf 84' lang='lat' dir='ltr'><strong>dejiciens,</strong></span> <span class='ocrx_word' id='word_1_233' title='bbox 1787 3126 2108 3183; x_wconf 86' lang='lat' dir='ltr'><strong>ostendens-</strong></span> 
     </span>
    </p>
   </div>
   <div class='ocr_carea' id='block_1_32' title="bbox 524 3218 2112 3297">
    <p class='ocr_par' dir='ltr' id='par_1_32' title="bbox 524 3218 2112 3297">
     <span class='ocr_line' id='line_1_32' title="bbox 524 3218 2112 3297; baseline -0.004 -16"><span class='ocrx_word' id='word_1_234' title='bbox 524 3242 649 3297; x_wconf 91' lang='lat' dir='ltr'><strong>que,</strong></span> <span class='ocrx_word' id='word_1_235' title='bbox 680 3225 880 3295; x_wconf 80' lang='lat' dir='ltr'><strong>duplex</strong></span> <span class='ocrx_word' id='word_1_236' title='bbox 918 3239 1037 3280; x_wconf 91' lang='lat' dir='ltr'><strong>esse</strong></span> <span class='ocrx_word' id='word_1_237' title='bbox 1082 3232 1378 3295; x_wconf 86' lang='lat' dir='ltr'><strong>peccatum,</strong></span> <span class='ocrx_word' id='word_1_238' title='bbox 1411 3221 1552 3293; x_wconf 91' lang='lat' dir='ltr'><strong>quod</strong></span> <span class='ocrx_word' id='word_1_239' title='bbox 1581 3230 1637 3276; x_wconf 92' lang='lat' dir='ltr'><strong>et</strong></span> <span class='ocrx_word' id='word_1_240' title='bbox 1666 3221 1777 3276; x_wconf 91' lang='lat' dir='ltr'><strong>Deo</strong></span> <span class='ocrx_word' id='word_1_241' title='bbox 1804 3235 1912 3275; x_wconf 91' lang='lat' dir='ltr'><strong>non</strong></span> <span class='ocrx_word' id='word_1_242' title='bbox 1954 3218 2112 3274; x_wconf 82' lang='lat' dir='ltr'><strong>obse-</strong></span> 
     </span>
    </p>
   </div>
   <div class='ocr_carea' id='block_1_33' title="bbox 523 3314 2112 3388">
    <p class='ocr_par' dir='ltr' id='par_1_33' title="bbox 523 3314 2112 3388">
     <span class='ocr_line' id='line_1_33' title="bbox 523 3314 2112 3388; baseline -0.002 -17"><span class='ocrx_word' id='word_1_243' title='bbox 523 3328 840 3388; x_wconf 85' lang='lat' dir='ltr'><strong>querentur,</strong></span> <span class='ocrx_word' id='word_1_244' title='bbox 874 3326 930 3373; x_wconf 91' lang='lat' dir='ltr'><strong>et</strong></span> <span class='ocrx_word' id='word_1_245' title='bbox 968 3318 1109 3388; x_wconf 91' lang='lat' dir='ltr'><strong>quod</strong></span> <span class='ocrx_word' id='word_1_246' title='bbox 1138 3326 1355 3387; x_wconf 89' lang='lat' dir='ltr'><strong>pr0pter</strong></span> <span class='ocrx_word' id='word_1_247' title='bbox 1382 3316 1628 3370; x_wconf 87' lang='lat' dir='ltr'><strong>homines</strong></span> <span class='ocrx_word' id='word_1_248' title='bbox 1657 3314 1708 3370; x_wconf 92' lang='lat' dir='ltr'><strong>id</strong></span> <span class='ocrx_word' id='word_1_249' title='bbox 1744 3315 2003 3380; x_wconf 81' lang='lat' dir='ltr'><strong>iacerent;</strong></span> <span class='ocrx_word' id='word_1_250' title='bbox 2047 3327 2112 3368; x_wconf 88' lang='lat' dir='ltr'><strong>ac</strong></span> 
     </span>
    </p>
   </div>
   <div class='ocr_carea' id='block_1_34' title="bbox 523 3403 2109 3477">
    <p class='ocr_par' dir='ltr' id='par_1_34' title="bbox 523 3403 2109 3477">
     <span class='ocr_line' id='line_1_34' title="bbox 523 3403 2109 3477; baseline -0.004 -12"><span class='ocrx_word' id='word_1_251' title='bbox 523 3410 570 3465; x_wconf 90' lang='lat' dir='ltr'><strong>si</strong></span> <span class='ocrx_word' id='word_1_252' title='bbox 596 3410 841 3466; x_wconf 88' lang='lat' dir='ltr'><strong>diceret:</strong></span> <span class='ocrx_word' id='word_1_253' title='bbox 873 3409 983 3464; x_wconf 92' lang='lat' dir='ltr'><strong>lloc</strong></span> <span class='ocrx_word' id='word_1_254' title='bbox 1059 3408 1204 3462; x_wconf 91' lang='lat' dir='ltr'><strong>enim</strong></span> <span class='ocrx_word' id='word_1_255' title='bbox 1244 3408 1422 3477; x_wconf 90' lang='lat' dir='ltr'><strong>ipsum</strong></span> <span class='ocrx_word' id='word_1_256' title='bbox 1460 3421 1558 3461; x_wconf 89' lang='lat' dir='ltr'><strong>vos</strong></span> <span class='ocrx_word' id='word_1_257' title='bbox 1588 3448 1601 3472; x_wconf 97' lang='lat'><strong>,</strong></span> <span class='ocrx_word' id='word_1_258' title='bbox 1642 3404 1746 3458; x_wconf 89' lang='lat' dir='ltr'><strong>hoc</strong></span> <span class='ocrx_word' id='word_1_259' title='bbox 1818 3403 2050 3475; x_wconf 90' lang='lat' dir='ltr'><strong>perdidit</strong></span> <span class='ocrx_word' id='word_1_260' title='bbox 2068 3411 2109 3471; x_wconf 73' lang='grc' dir='ltr'>ι,</span> 
     </span>
    </p>
   </div>
   <div class='ocr_carea' id='block_1_35' title="bbox 523 3497 2112 3574">
    <p class='ocr_par' dir='ltr' id='par_1_35' title="bbox 523 3497 2112 3574">
     <span class='ocr_line' id='line_1_35' title="bbox 523 3497 2112 3574; baseline -0.004 -17"><span class='ocrx_word' id='word_1_261' title='bbox 523 3503 666 3574; x_wconf 72' lang='lat' dir='ltr'><strong>Quod</strong></span> <span class='ocrx_word' id='word_1_262' title='bbox 700 3504 754 3557; x_wconf 93' lang='lat' dir='ltr'><strong>in</strong></span> <span class='ocrx_word' id='word_1_263' title='bbox 782 3503 929 3557; x_wconf 91' lang='lat' dir='ltr'><strong>omni</strong></span> <span class='ocrx_word' id='word_1_264' title='bbox 959 3519 1019 3558; x_wconf 87' lang='lat' dir='ltr'><strong>re</strong></span> <span class='ocrx_word' id='word_1_265' title='bbox 1042 3501 1345 3557; x_wconf 86' lang='lat' dir='ltr'><strong>senioribus</strong></span> <span class='ocrx_word' id='word_1_266' title='bbox 1374 3516 1578 3555; x_wconf 90' lang='lat' dir='ltr'><strong>morem</strong></span> <span class='ocrx_word' id='word_1_267' title='bbox 1606 3498 1838 3570; x_wconf 81' lang='lat' dir='ltr'><strong>geratis;</strong></span> <span class='ocrx_word' id='word_1_268' title='bbox 1880 3497 1973 3553; x_wconf 79' lang='lat' dir='ltr'><strong>sed</strong></span> <span class='ocrx_word' id='word_1_269' title='bbox 2004 3513 2112 3552; x_wconf 93' lang='lat' dir='ltr'><strong>non</strong></span> 
     </span>
    </p>
   </div>
   <div class='ocr_carea' id='block_1_36' title="bbox 527 3589 2115 3662">
    <p class='ocr_par' dir='ltr' id='par_1_36' title="bbox 527 3589 2115 3662">
     <span class='ocr_line' id='line_1_36' title="bbox 527 3589 2115 3662; baseline -0.001 -16"><span class='ocrx_word' id='word_1_270' title='bbox 527 3593 628 3647; x_wconf 90' lang='lat' dir='ltr'><strong>hoc</strong></span> <span class='ocrx_word' id='word_1_271' title='bbox 654 3591 803 3658; x_wconf 91' lang='lat' dir='ltr'><strong>dicit,</strong></span> <span class='ocrx_word' id='word_1_272' title='bbox 832 3591 963 3647; x_wconf 91' lang='lat' dir='ltr'><strong>illud</strong></span> <span class='ocrx_word' id='word_1_273' title='bbox 988 3600 1165 3647; x_wconf 90' lang='lat' dir='ltr'><strong>autem</strong></span> <span class='ocrx_word' id='word_1_274' title='bbox 1188 3592 1361 3662; x_wconf 88' lang='lat' dir='ltr'><strong>ipsum</strong></span> <span class='ocrx_word' id='word_1_275' title='bbox 1382 3590 1704 3655; x_wconf 89' lang='lat' dir='ltr'><strong>subindicat,</strong></span> <span class='ocrx_word' id='word_1_276' title='bbox 1727 3589 1853 3644; x_wconf 90' lang='lat' dir='ltr'><strong>dum</strong></span> <span class='ocrx_word' id='word_1_277' title='bbox 1879 3592 1958 3645; x_wconf 89' lang='lat' dir='ltr'><strong>sic</strong></span> <span class='ocrx_word' id='word_1_278' title='bbox 1983 3589 2115 3659; x_wconf 90' lang='lat' dir='ltr'><strong>ipsis</strong></span> 
     </span>
    </p>
   </div>
   <div class='ocr_carea' id='block_1_37' title="bbox 524 3680 2114 3755">
    <p class='ocr_par' dir='ltr' id='par_1_37' title="bbox 524 3680 2114 3755">
     <span class='ocr_line' id='line_1_37' title="bbox 524 3680 2114 3755; baseline -0.004 -14"><span class='ocrx_word' id='word_1_279' title='bbox 524 3684 832 3755; x_wconf 82' lang='lat' dir='ltr'><strong>respondet.</strong></span> <span class='ocrx_word' id='word_1_280' title='bbox 864 3685 919 3740; x_wconf 80' lang='grc'><strong>5.</strong></span> <span class='ocrx_word' id='word_1_281' title='bbox 953 3684 1123 3750; x_wconf 81' lang='lat' dir='ltr'><strong>Quare</strong></span> <span class='ocrx_word' id='word_1_282' title='bbox 1146 3687 1297 3739; x_wconf 90' lang='lat' dir='ltr'><strong>etiam</strong></span> <span class='ocrx_word' id='word_1_283' title='bbox 1326 3700 1412 3738; x_wconf 84' lang='lat' dir='ltr'><strong>vos</strong></span> <span class='ocrx_word' id='word_1_284' title='bbox 1452 3682 1866 3753; x_wconf 81' lang='lat' dir='ltr'><strong>transgredimini</strong></span> <span class='ocrx_word' id='word_1_285' title='bbox 1895 3680 2114 3735; x_wconf 85' lang='lat' dir='ltr'><strong>manda-</strong></span> 
     </span>
    </p>
   </div>
   <div class='ocr_carea' id='block_1_38' title="bbox 526 3772 2113 3845">
    <p class='ocr_par' dir='ltr' id='par_1_38' title="bbox 526 3772 2113 3845">
     <span class='ocr_line' id='line_1_38' title="bbox 526 3772 2113 3845; baseline -0.002 -17"><span class='ocrx_word' id='word_1_286' title='bbox 526 3785 632 3829; x_wconf 87' lang='lat' dir='ltr'><strong>tum</strong></span> <span class='ocrx_word' id='word_1_287' title='bbox 659 3774 753 3829; x_wconf 84' lang='lat' dir='ltr'><strong>Dei</strong></span> <span class='ocrx_word' id='word_1_288' title='bbox 782 3784 989 3845; x_wconf 83' lang='lat' dir='ltr'><strong>propter</strong></span> <span class='ocrx_word' id='word_1_289' title='bbox 1013 3775 1338 3829; x_wconf 79' lang='lat' dir='ltr'><strong>traditionem</strong></span> <span class='ocrx_word' id='word_1_290' title='bbox 1363 3782 1580 3828; x_wconf 78' lang='lat' dir='ltr'><strong>uestram</strong></span> <span class='ocrx_word' id='word_1_291' title='bbox 1597 3773 1623 3826; x_wconf 84' lang='lat'><strong><em>?</em></strong></span> <span class='ocrx_word' id='word_1_292' title='bbox 1653 3772 1791 3827; x_wconf 89' lang='lat' dir='ltr'><strong>Deus</strong></span> <span class='ocrx_word' id='word_1_293' title='bbox 1815 3775 1951 3827; x_wconf 88' lang='lat' dir='ltr'><strong>enim</strong></span> <span class='ocrx_word' id='word_1_294' title='bbox 1976 3787 2113 3842; x_wconf 74' lang='lat' dir='ltr'><strong>prte-</strong></span> 
     </span>
    </p>
   </div>
   <div class='ocr_carea' id='block_1_39' title="bbox 525 3863 2114 3936">
    <p class='ocr_par' dir='ltr' id='par_1_39' title="bbox 525 3863 2114 3936">
     <span class='ocr_line' id='line_1_39' title="bbox 525 3863 2114 3936; baseline -0.002 -16"><span class='ocrx_word' id='word_1_295' title='bbox 525 3868 655 3936; x_wconf 86' lang='lat' dir='ltr'><strong>cepit</strong></span> <span class='ocrx_word' id='word_1_296' title='bbox 688 3882 707 3920; x_wconf 92' lang='lat'><strong><em>:</em></strong></span> <span class='ocrx_word' id='word_1_297' title='bbox 734 3867 788 3920; x_wconf 76' lang='grc'><strong>4.</strong></span> <span class='ocrx_word' id='word_1_298' title='bbox 832 3865 1047 3920; x_wconf 87' lang='lat' dir='ltr'><strong>Honora</strong></span> <span class='ocrx_word' id='word_1_299' title='bbox 1089 3876 1287 3935; x_wconf 81' lang='lat' dir='ltr'><strong>patrem</strong></span> <span class='ocrx_word' id='word_1_300' title='bbox 1328 3875 1374 3919; x_wconf 89' lang='lat' dir='ltr'><strong>et</strong></span> <span class='ocrx_word' id='word_1_301' title='bbox 1418 3874 1666 3929; x_wconf 85' lang='lat' dir='ltr'><strong>matrem;</strong></span> <span class='ocrx_word' id='word_1_302' title='bbox 1702 3874 1769 3929; x_wconf 89' lang='lat' dir='ltr'><strong>et,</strong></span> <span class='ocrx_word' id='word_1_303' title='bbox 1821 3863 1922 3931; x_wconf 91' lang='lat' dir='ltr'><strong>Qui</strong></span> <span class='ocrx_word' id='word_1_304' title='bbox 1957 3863 2114 3917; x_wconf 84' lang='lat' dir='ltr'><strong>male-</strong></span> 
     </span>
    </p>
   </div>
   <div class='ocr_carea' id='block_1_40' title="bbox 526 3954 2110 4028">
    <p class='ocr_par' dir='ltr' id='par_1_40' title="bbox 526 3954 2110 4028">
     <span class='ocr_line' id='line_1_40' title="bbox 526 3954 2110 4028; baseline -0.002 -16"><span class='ocrx_word' id='word_1_305' title='bbox 526 3958 709 4012; x_wconf 75' lang='lat' dir='ltr'><strong>dixerit</strong></span> <span class='ocrx_word' id='word_1_306' title='bbox 734 3958 870 4028; x_wconf 88' lang='lat' dir='ltr'><strong>patri</strong></span> <span class='ocrx_word' id='word_1_307' title='bbox 899 3958 977 4011; x_wconf 82' lang='lat' dir='ltr'><strong>vel</strong></span> <span class='ocrx_word' id='word_1_308' title='bbox 1006 3958 1179 4024; x_wconf 87' lang='lat' dir='ltr'><strong>matri,</strong></span> <span class='ocrx_word' id='word_1_309' title='bbox 1211 3966 1370 4012; x_wconf 89' lang='lat' dir='ltr'><strong>morte</strong></span> <span class='ocrx_word' id='word_1_310' title='bbox 1399 3958 1647 4011; x_wconf 85' lang='lat' dir='ltr'><strong>moriatur</strong></span> <span class='ocrx_word' id='word_1_311' title='bbox 1673 3954 1874 4027; x_wconf 75' lang='lat' dir='ltr'><strong>(Exod.</strong></span> <span class='ocrx_word' id='word_1_312' title='bbox 1899 3954 1991 4011; x_wconf 74' lang='lat'><strong>20.</strong></span> <span class='ocrx_word' id='word_1_313' title='bbox 2021 3954 2110 4009; x_wconf 73' lang='grc'><strong>12.</strong></span> 
     </span>
    </p>
   </div>
   <div class='ocr_carea' id='block_1_41' title="bbox 527 4046 2116 4119">
    <p class='ocr_par' dir='ltr' id='par_1_41' title="bbox 527 4046 2116 4119">
     <span class='ocr_line' id='line_1_41' title="bbox 527 4046 2116 4119; baseline -0.002 -17"><span class='ocrx_word' id='word_1_314' title='bbox 527 4058 575 4102; x_wconf 87' lang='lat' dir='ltr'><strong>et</strong></span> <span class='ocrx_word' id='word_1_315' title='bbox 600 4048 692 4103; x_wconf 70' lang='lat' dir='ltr'><strong>2L</strong></span> <span class='ocrx_word' id='word_1_316' title='bbox 719 4049 831 4119; x_wconf 78' lang='grc'><strong>17).</strong></span> <span class='ocrx_word' id='word_1_317' title='bbox 865 4049 920 4105; x_wconf 83' lang='grc'><strong>5.</strong></span> <span class='ocrx_word' id='word_1_318' title='bbox 959 4047 1061 4102; x_wconf 86' lang='lat' dir='ltr'><strong>Vos</strong></span> <span class='ocrx_word' id='word_1_319' title='bbox 1097 4058 1264 4102; x_wconf 82' lang='lat' dir='ltr'><strong>autent</strong></span> <span class='ocrx_word' id='word_1_320' title='bbox 1302 4048 1469 4102; x_wconf 80' lang='lat' dir='ltr'><strong>dicitis</strong></span> <span class='ocrx_word' id='word_1_321' title='bbox 1511 4063 1529 4101; x_wconf 93' lang='lat'><strong><em>:</em></strong></span> <span class='ocrx_word' id='word_1_322' title='bbox 1572 4047 1905 4116; x_wconf 2' lang='lat' dir='ltr'><strong>Quicumque,</strong></span> <span class='ocrx_word' id='word_1_323' title='bbox 1930 4046 2116 4099; x_wconf 73' lang='lat' dir='ltr'><strong>dixerit</strong></span> 
     </span>
    </p>
   </div>
   <div class='ocr_carea' id='block_1_42' title="bbox 529 4140 2115 4214">
    <p class='ocr_par' dir='ltr' id='par_1_42' title="bbox 529 4140 2115 4214">
     <span class='ocr_line' id='line_1_42' title="bbox 529 4140 2115 4214; baseline -0.003 -18"><span class='ocrx_word' id='word_1_324' title='bbox 529 4144 661 4213; x_wconf 83' lang='lat' dir='ltr'><strong>patri</strong></span> <span class='ocrx_word' id='word_1_325' title='bbox 686 4143 769 4198; x_wconf 80' lang='lat' dir='ltr'><strong>vel</strong></span> <span class='ocrx_word' id='word_1_326' title='bbox 793 4145 964 4211; x_wconf 87' lang='lat' dir='ltr'><strong>matri,</strong></span> <span class='ocrx_word' id='word_1_327' title='bbox 994 4144 1181 4197; x_wconf 83' lang='lat' dir='ltr'><strong>Munus</strong></span> <span class='ocrx_word' id='word_1_328' title='bbox 1207 4146 1553 4214; x_wconf 84' lang='lat' dir='ltr'><strong>quodcumque</strong></span> <span class='ocrx_word' id='word_1_329' title='bbox 1580 4152 1652 4195; x_wconf 86' lang='lat' dir='ltr'><strong>est</strong></span> <span class='ocrx_word' id='word_1_330' title='bbox 1678 4158 1741 4196; x_wconf 79' lang='lat' dir='ltr'><strong>ea:</strong></span> <span class='ocrx_word' id='word_1_331' title='bbox 1767 4158 1847 4195; x_wconf 88' lang='lat' dir='ltr'><strong>nte</strong></span> <span class='ocrx_word' id='word_1_332' title='bbox 1875 4140 1961 4194; x_wconf 88' lang='lat' dir='ltr'><strong>tibi</strong></span> <span class='ocrx_word' id='word_1_333' title='bbox 1993 4156 2115 4207; x_wconf 89' lang='lat' dir='ltr'><strong>pro-</strong></span> 
     </span>
    </p>
   </div>
   <div class='ocr_carea' id='block_1_43' title="bbox 529 4232 2112 4307">
    <p class='ocr_par' dir='ltr' id='par_1_43' title="bbox 529 4232 2112 4307">
     <span class='ocr_line' id='line_1_43' title="bbox 529 4232 2112 4307; baseline -0.003 -17"><span class='ocrx_word' id='word_1_334' title='bbox 529 4236 679 4305; x_wconf 88' lang='lat' dir='ltr'><strong>derit,</strong></span> <span class='ocrx_word' id='word_1_335' title='bbox 723 4238 778 4293; x_wconf 87' lang='lat'><strong>6.</strong></span> <span class='ocrx_word' id='word_1_336' title='bbox 816 4249 863 4291; x_wconf 87' lang='lat' dir='ltr'><strong>et</strong></span> <span class='ocrx_word' id='word_1_337' title='bbox 906 4253 1007 4291; x_wconf 88' lang='lat' dir='ltr'><strong>non</strong></span> <span class='ocrx_word' id='word_1_338' title='bbox 1045 4237 1313 4290; x_wconf 80' lang='lat' dir='ltr'><strong>honorabit</strong></span> <span class='ocrx_word' id='word_1_339' title='bbox 1360 4246 1552 4307; x_wconf 81' lang='lat' dir='ltr'><strong>patrem</strong></span> <span class='ocrx_word' id='word_1_340' title='bbox 1596 4251 1742 4289; x_wconf 86' lang='lat' dir='ltr'><strong>suum</strong></span> <span class='ocrx_word' id='word_1_341' title='bbox 1778 4232 1857 4287; x_wconf 83' lang='lat' dir='ltr'><strong>vel</strong></span> <span class='ocrx_word' id='word_1_342' title='bbox 1900 4243 2112 4286; x_wconf 83' lang='lat' dir='ltr'><strong>matrem</strong></span> 
     </span>
    </p>
   </div>
   <div class='ocr_carea' id='block_1_44' title="bbox 528 4328 2117 4400">
    <p class='ocr_par' dir='ltr' id='par_1_44' title="bbox 528 4328 2117 4400">
     <span class='ocr_line' id='line_1_44' title="bbox 528 4328 2117 4400; baseline -0.003 -14"><span class='ocrx_word' id='word_1_343' title='bbox 528 4348 711 4396; x_wconf 88' lang='lat' dir='ltr'><strong>suam;</strong></span> <span class='ocrx_word' id='word_1_344' title='bbox 741 4341 788 4386; x_wconf 83' lang='lat' dir='ltr'><strong>et</strong></span> <span class='ocrx_word' id='word_1_345' title='bbox 825 4331 1027 4384; x_wconf 85' lang='lat' dir='ltr'><strong>irritum</strong></span> <span class='ocrx_word' id='word_1_346' title='bbox 1063 4330 1253 4400; x_wconf 71' lang='lat' dir='ltr'><strong>fecistis</strong></span> <span class='ocrx_word' id='word_1_347' title='bbox 1290 4329 1588 4383; x_wconf 89' lang='lat' dir='ltr'><strong>mandatum</strong></span> <span class='ocrx_word' id='word_1_348' title='bbox 1626 4328 1723 4383; x_wconf 84' lang='lat' dir='ltr'><strong>Dei</strong></span> <span class='ocrx_word' id='word_1_349' title='bbox 1763 4337 1967 4400; x_wconf 84' lang='lat' dir='ltr'><strong>propter</strong></span> <span class='ocrx_word' id='word_1_350' title='bbox 2013 4338 2117 4381; x_wconf 86' lang='lat' dir='ltr'><strong>tra-</strong></span> 
     </span>
    </p>
   </div>
   <div class='ocr_carea' id='block_1_45' title="bbox 529 4426 1044 4480">
    <p class='ocr_par' dir='ltr' id='par_1_45' title="bbox 529 4426 1044 4480">
     <span class='ocr_line' id='line_1_45' title="bbox 529 4426 1044 4480; baseline -0.004 -1"><span class='ocrx_word' id='word_1_351' title='bbox 529 4426 769 4480; x_wconf 84' lang='lat' dir='ltr'><strong>ditionem</strong></span> <span class='ocrx_word' id='word_1_352' title='bbox 809 4435 1044 4479; x_wconf 84' lang='lat' dir='ltr'><strong>vestram.</strong></span> 
     </span>
    </p>
   </div>
   <div class='ocr_carea' id='block_1_46' title="bbox 600 4511 2116 4585">
    <p class='ocr_par' dir='ltr' id='par_1_46' title="bbox 600 4511 2116 4585">
     <span class='ocr_line' id='line_1_46' title="bbox 600 4511 2116 4585; baseline -0.004 -13"><span class='ocrx_word' id='word_1_353' title='bbox 600 4518 654 4572; x_wconf 74' lang='grc'><strong>2.</strong></span> <span class='ocrx_word' id='word_1_354' title='bbox 698 4516 1044 4572; x_wconf 88' lang='lat' dir='ltr'><strong>Traditionem</strong></span> <span class='ocrx_word' id='word_1_355' title='bbox 1067 4516 1339 4570; x_wconf 69' lang='lat' dir='ltr'><strong>Iudaicam</strong></span> <span class='ocrx_word' id='word_1_356' title='bbox 1365 4514 1622 4585; x_wconf 82' lang='lat' dir='ltr'><strong>redarguit</strong></span> <span class='ocrx_word' id='word_1_357' title='bbox 1648 4512 1896 4567; x_wconf 78' lang='lat' dir='ltr'><strong>Christus.</strong></span> <span class='ocrx_word' id='word_1_358' title='bbox 1915 4511 2116 4566; x_wconf 88' lang='lat' dir='ltr'><strong>—Non</strong></span> 
     </span>
    </p>
   </div>
   <div class='ocr_carea' id='block_1_47' title="bbox 529 4604 2117 4680">
    <p class='ocr_par' dir='ltr' id='par_1_47' title="bbox 529 4604 2117 4680">
     <span class='ocr_line' id='line_1_47' title="bbox 529 4604 2117 4680; baseline -0.005 -13"><span class='ocrx_word' id='word_1_359' title='bbox 529 4611 679 4680; x_wconf 89' lang='lat' dir='ltr'><strong>dicit,</strong></span> <span class='ocrx_word' id='word_1_360' title='bbox 719 4611 1004 4667; x_wconf 88' lang='lat' dir='ltr'><strong>Seniorum</strong></span> <span class='ocrx_word' id='word_1_361' title='bbox 1034 4610 1393 4673; x_wconf 87' lang='lat' dir='ltr'><strong>traditionem,</strong></span> <span class='ocrx_word' id='word_1_362' title='bbox 1441 4607 1556 4673; x_wconf 88' lang='lat' dir='ltr'><strong>scd,</strong></span> <span class='ocrx_word' id='word_1_363' title='bbox 1614 4604 1863 4672; x_wconf 84' lang='lat' dir='ltr'><strong>Vestram,</strong></span> <span class='ocrx_word' id='word_1_364' title='bbox 1909 4615 1979 4672; x_wconf 90' lang='lat' dir='ltr'><strong>et,</strong></span> <span class='ocrx_word' id='word_1_365' title='bbox 2017 4604 2117 4659; x_wconf 82' lang='lat' dir='ltr'><strong>Vos</strong></span> 
     </span>
    </p>
   </div>
   <div class='ocr_carea' id='block_1_48' title="bbox 531 4698 2118 4769">
    <p class='ocr_par' dir='ltr' id='par_1_48' title="bbox 531 4698 2118 4769">
     <span class='ocr_line' id='line_1_48' title="bbox 531 4698 2118 4769; baseline -0.005 -11"><span class='ocrx_word' id='word_1_366' title='bbox 531 4705 736 4768; x_wconf 86' lang='lat' dir='ltr'><strong>dicitis;</strong></span> <span class='ocrx_word' id='word_1_367' title='bbox 764 4718 871 4759; x_wconf 90' lang='lat' dir='ltr'><strong>non</strong></span> <span class='ocrx_word' id='word_1_368' title='bbox 894 4701 1051 4769; x_wconf 83' lang='lat' dir='ltr'><strong>dixit,</strong></span> <span class='ocrx_word' id='word_1_369' title='bbox 1072 4700 1349 4768; x_wconf 89' lang='lat' dir='ltr'><strong>Seuiores,</strong></span> <span class='ocrx_word' id='word_1_370' title='bbox 1373 4711 1428 4754; x_wconf 94' lang='lat' dir='ltr'><strong>ut</strong></span> <span class='ocrx_word' id='word_1_371' title='bbox 1453 4699 1630 4754; x_wconf 90' lang='lat' dir='ltr'><strong>minus</strong></span> <span class='ocrx_word' id='word_1_372' title='bbox 1659 4698 1914 4753; x_wconf 87' lang='lat' dir='ltr'><strong>molestus</strong></span> <span class='ocrx_word' id='word_1_373' title='bbox 1939 4712 2118 4753; x_wconf 91' lang='lat' dir='ltr'><strong>sermo</strong></span> 
     </span>
    </p>
   </div>
   <div class='ocr_carea' id='block_1_49' title="bbox 532 4793 2118 4864">
    <p class='ocr_par' dir='ltr' id='par_1_49' title="bbox 532 4793 2118 4864">
     <span class='ocr_line' id='line_1_49' title="bbox 532 4793 2118 4864; baseline -0.004 -12"><span class='ocrx_word' id='word_1_374' title='bbox 532 4799 824 4854; x_wconf 82' lang='lat' dir='ltr'><strong>videretur.</strong></span> <span class='ocrx_word' id='word_1_375' title='bbox 854 4797 988 4864; x_wconf 87' lang='lat' dir='ltr'><strong>Quia</strong></span> <span class='ocrx_word' id='word_1_376' title='bbox 1030 4795 1172 4850; x_wconf 89' lang='lat' dir='ltr'><strong>enim</strong></span> <span class='ocrx_word' id='word_1_377' title='bbox 1218 4793 1511 4863; x_wconf 89' lang='lat' dir='ltr'><strong>discipulos</strong></span> <span class='ocrx_word' id='word_1_378' title='bbox 1553 4801 1970 4862; x_wconf 86' lang='lat' dir='ltr'><strong>transgressores</strong></span> <span class='ocrx_word' id='word_1_379' title='bbox 1997 4804 2118 4846; x_wconf 88' lang='lat' dir='ltr'><strong>esse</strong></span> 
     </span>
    </p>
   </div>
   <div class='ocr_carea' id='block_1_50' title="bbox 533 4887 2116 4962">
    <p class='ocr_par' dir='ltr' id='par_1_50' title="bbox 533 4887 2116 4962">
     <span class='ocr_line' id='line_1_50' title="bbox 533 4887 2116 4962; baseline -0.004 -16"><span class='ocrx_word' id='word_1_380' title='bbox 533 4892 664 4962; x_wconf 89' lang='lat' dir='ltr'><strong>legis</strong></span> <span class='ocrx_word' id='word_1_381' title='bbox 690 4894 1063 4946; x_wconf 90' lang='lat' dir='ltr'><strong>demonstrare</strong></span> <span class='ocrx_word' id='word_1_382' title='bbox 1093 4888 1362 4953; x_wconf 87' lang='lat' dir='ltr'><strong>volebant,</strong></span> <span class='ocrx_word' id='word_1_383' title='bbox 1392 4887 1583 4957; x_wconf 90' lang='lat' dir='ltr'><strong>probat</strong></span> <span class='ocrx_word' id='word_1_384' title='bbox 1612 4887 1757 4956; x_wconf 92' lang='lat' dir='ltr'><strong>ipsos</strong></span> <span class='ocrx_word' id='word_1_385' title='bbox 1783 4901 1909 4941; x_wconf 89' lang='lat' dir='ltr'><strong>vere</strong></span> <span class='ocrx_word' id='word_1_386' title='bbox 1936 4893 2116 4940; x_wconf 88' lang='lat' dir='ltr'><strong>trans-</strong></span> 
     </span>
    </p>
   </div>
   <div class='ocr_carea' id='block_1_51' title="bbox 535 4976 2113 5053">
    <p class='ocr_par' dir='ltr' id='par_1_51' title="bbox 535 4976 2113 5053">
     <span class='ocr_line' id='line_1_51' title="bbox 535 4976 2113 5053; baseline -0.003 -17"><span class='ocrx_word' id='word_1_387' title='bbox 535 4983 683 5053; x_wconf 87' lang='lat' dir='ltr'><strong>gredi</strong></span> <span class='ocrx_word' id='word_1_388' title='bbox 712 4983 903 5052; x_wconf 90' lang='lat' dir='ltr'><strong>legem,</strong></span> <span class='ocrx_word' id='word_1_389' title='bbox 934 4980 1227 5051; x_wconf 88' lang='lat' dir='ltr'><strong>discipulos</strong></span> <span class='ocrx_word' id='word_1_390' title='bbox 1269 4989 1448 5033; x_wconf 92' lang='lat' dir='ltr'><strong>autem</strong></span> <span class='ocrx_word' id='word_1_391' title='bbox 1489 4978 1713 5033; x_wconf 89' lang='lat' dir='ltr'><strong>crimine</strong></span> <span class='ocrx_word' id='word_1_392' title='bbox 1742 4976 1935 5033; x_wconf 89' lang='lat' dir='ltr'><strong>liberos</strong></span> <span class='ocrx_word' id='word_1_393' title='bbox 1972 4990 2113 5032; x_wconf 91' lang='lat' dir='ltr'><strong>esse.</strong></span> 
     </span>
    </p>
   </div>
   <div class='ocr_carea' id='block_1_52' title="bbox 535 5069 2119 5146">
    <p class='ocr_par' dir='ltr' id='par_1_52' title="bbox 535 5069 2119 5146">
     <span class='ocr_line' id='line_1_52' title="bbox 535 5069 2119 5146; baseline -0.004 -16"><span class='ocrx_word' id='word_1_394' title='bbox 535 5076 716 5146; x_wconf 74' lang='lat' dir='ltr'><strong>Neque</strong></span> <span class='ocrx_word' id='word_1_395' title='bbox 740 5076 825 5129; x_wconf 76' lang='lat' dir='ltr'><strong>lex</strong></span> <span class='ocrx_word' id='word_1_396' title='bbox 846 5084 928 5130; x_wconf 91' lang='lat' dir='ltr'><strong>est</strong></span> <span class='ocrx_word' id='word_1_397' title='bbox 947 5074 999 5129; x_wconf 92' lang='lat' dir='ltr'><strong>id</strong></span> <span class='ocrx_word' id='word_1_398' title='bbox 1026 5075 1165 5145; x_wconf 92' lang='lat' dir='ltr'><strong>quod</strong></span> <span class='ocrx_word' id='word_1_399' title='bbox 1194 5074 1261 5128; x_wconf 91' lang='lat' dir='ltr'><strong>ab</strong></span> <span class='ocrx_word' id='word_1_400' title='bbox 1287 5072 1591 5127; x_wconf 92' lang='lat' dir='ltr'><strong>hominibus</strong></span> <span class='ocrx_word' id='word_1_401' title='bbox 1612 5073 1945 5142; x_wconf 64' lang='lat' dir='ltr'><strong>praecipitur:</strong></span> <span class='ocrx_word' id='word_1_402' title='bbox 1970 5069 2119 5126; x_wconf 89' lang='lat' dir='ltr'><strong>ideo-</strong></span> 
     </span>
    </p>
   </div>
   <div class='ocr_carea' id='block_1_53' title="bbox 533 5161 2115 5239">
    <p class='ocr_par' dir='ltr' id='par_1_53' title="bbox 533 5161 2115 5239">
     <span class='ocr_line' id='line_1_53' title="bbox 533 5161 2115 5239; baseline -0.004 -18"><span class='ocrx_word' id='word_1_403' title='bbox 533 5182 641 5239; x_wconf 92' lang='lat' dir='ltr'><strong>que</strong></span> <span class='ocrx_word' id='word_1_404' title='bbox 671 5166 1009 5222; x_wconf 89' lang='lat' dir='ltr'><strong>traditionem</strong></span> <span class='ocrx_word' id='word_1_405' title='bbox 1037 5176 1210 5229; x_wconf 89' lang='lat' dir='ltr'><strong>vocat,</strong></span> <span class='ocrx_word' id='word_1_406' title='bbox 1242 5181 1361 5236; x_wconf 67' lang='lat' dir='ltr'><strong>qum</strong></span> <span class='ocrx_word' id='word_1_407' title='bbox 1389 5172 1508 5220; x_wconf 84' lang='lat' dir='ltr'><strong>erat</strong></span> <span class='ocrx_word' id='word_1_408' title='bbox 1537 5164 1989 5234; x_wconf 88' lang='lat' dir='ltr'><strong>iniquissimorum</strong></span> <span class='ocrx_word' id='word_1_409' title='bbox 2016 5161 2115 5215; x_wconf 85' lang='lat' dir='ltr'><strong>ho-</strong></span> 
     </span>
    </p>
   </div>
   <div class='ocr_carea' id='block_1_54' title="bbox 535 5254 2118 5328">
    <p class='ocr_par' dir='ltr' id='par_1_54' title="bbox 535 5254 2118 5328">
     <span class='ocr_line' id='line_1_54' title="bbox 535 5254 2118 5328; baseline -0.004 -15"><span class='ocrx_word' id='word_1_410' title='bbox 535 5259 758 5313; x_wconf 90' lang='lat' dir='ltr'><strong>minum.</strong></span> <span class='ocrx_word' id='word_1_411' title='bbox 786 5256 984 5312; x_wconf 85' lang='lat' dir='ltr'><strong>Verum</strong></span> <span class='ocrx_word' id='word_1_412' title='bbox 1012 5258 1133 5328; x_wconf 90' lang='lat' dir='ltr'><strong>quia</strong></span> <span class='ocrx_word' id='word_1_413' title='bbox 1159 5257 1332 5327; x_wconf 90' lang='lat' dir='ltr'><strong>jussio</strong></span> <span class='ocrx_word' id='word_1_414' title='bbox 1377 5254 1589 5311; x_wconf 89' lang='lat' dir='ltr'><strong>lavandi</strong></span> <span class='ocrx_word' id='word_1_415' title='bbox 1630 5270 1817 5310; x_wconf 91' lang='lat' dir='ltr'><strong>manus</strong></span> <span class='ocrx_word' id='word_1_416' title='bbox 1858 5268 1963 5308; x_wconf 92' lang='lat' dir='ltr'><strong>non</strong></span> <span class='ocrx_word' id='word_1_417' title='bbox 2002 5261 2118 5308; x_wconf 88' lang='lat' dir='ltr'><strong>erat</strong></span> 
     </span>
    </p>
   </div>
   <div class='ocr_carea' id='block_1_55' title="bbox 535 5345 2113 5423">
    <p class='ocr_par' dir='ltr' id='par_1_55' title="bbox 535 5345 2113 5423">
     <span class='ocr_line' id='line_1_55' title="bbox 535 5345 2113 5423; baseline -0.005 -14"><span class='ocrx_word' id='word_1_418' title='bbox 535 5353 637 5423; x_wconf 85' lang='lat' dir='ltr'><strong>legi</strong></span> <span class='ocrx_word' id='word_1_419' title='bbox 661 5351 926 5408; x_wconf 89' lang='lat' dir='ltr'><strong>contraria</strong></span> <span class='ocrx_word' id='word_1_420' title='bbox 960 5369 974 5405; x_wconf 91' lang='lat'><strong>:</strong></span> <span class='ocrx_word' id='word_1_421' title='bbox 1002 5351 1161 5404; x_wconf 84' lang='lat' dir='ltr'><strong>aliam</strong></span> <span class='ocrx_word' id='word_1_422' title='bbox 1190 5349 1527 5403; x_wconf 88' lang='lat' dir='ltr'><strong>traditionem</strong></span> <span class='ocrx_word' id='word_1_423' title='bbox 1554 5349 1602 5401; x_wconf 89' lang='lat' dir='ltr'><strong>in</strong></span> <span class='ocrx_word' id='word_1_424' title='bbox 1632 5346 1862 5403; x_wconf 91' lang='lat' dir='ltr'><strong>medium</strong></span> <span class='ocrx_word' id='word_1_425' title='bbox 1891 5345 2113 5416; x_wconf 83' lang='lat' dir='ltr'><strong>profert,</strong></span> 
     </span>
    </p>
   </div>
   <div class='ocr_carea' id='block_1_56' title="bbox 535 5438 2117 5516">
    <p class='ocr_par' dir='ltr' id='par_1_56' title="bbox 535 5438 2117 5516">
     <span class='ocr_line' id='line_1_56' title="bbox 535 5438 2117 5516; baseline -0.006 -17"><span class='ocrx_word' id='word_1_426' title='bbox 535 5460 655 5516; x_wconf 71' lang='lat' dir='ltr'><strong>qua:</strong></span> <span class='ocrx_word' id='word_1_427' title='bbox 684 5443 783 5514; x_wconf 88' lang='lat' dir='ltr'><strong>legi</strong></span> <span class='ocrx_word' id='word_1_428' title='bbox 823 5442 1088 5496; x_wconf 89' lang='lat' dir='ltr'><strong>contraria</strong></span> <span class='ocrx_word' id='word_1_429' title='bbox 1116 5450 1277 5495; x_wconf 91' lang='lat' dir='ltr'><strong>esset.</strong></span> <span class='ocrx_word' id='word_1_430' title='bbox 1306 5439 1458 5508; x_wconf 92' lang='lat' dir='ltr'><strong>Quod</strong></span> <span class='ocrx_word' id='word_1_431' title='bbox 1492 5454 1619 5493; x_wconf 82' lang='lat' dir='ltr'><strong>vero</strong></span> <span class='ocrx_word' id='word_1_432' title='bbox 1646 5438 1792 5505; x_wconf 91' lang='lat' dir='ltr'><strong>dicit,</strong></span> <span class='ocrx_word' id='word_1_433' title='bbox 1824 5438 1927 5493; x_wconf 90' lang='lat' dir='ltr'><strong>hoc</strong></span> <span class='ocrx_word' id='word_1_434' title='bbox 1955 5439 2117 5507; x_wconf 89' lang='lat' dir='ltr'><strong>signi-</strong></span> 
     </span>
    </p>
   </div>
   <div class='ocr_carea' id='block_1_57' title="bbox 538 5530 2115 5602">
    <p class='ocr_par' dir='ltr' id='par_1_57' title="bbox 538 5530 2115 5602">
     <span class='ocr_line' id='line_1_57' title="bbox 538 5530 2115 5602; baseline -0.004 -11"><span class='ocrx_word' id='word_1_435' title='bbox 538 5536 681 5591; x_wconf 82' lang='lat' dir='ltr'><strong>ﬁcat.</strong></span> <span class='ocrx_word' id='word_1_436' title='bbox 730 5536 1036 5590; x_wconf 88' lang='lat' dir='ltr'><strong>Docuerunt</strong></span> <span class='ocrx_word' id='word_1_437' title='bbox 1073 5533 1301 5602; x_wconf 85' lang='lat' dir='ltr'><strong>juvenes</strong></span> <span class='ocrx_word' id='word_1_438' title='bbox 1349 5540 1404 5586; x_wconf 91' lang='lat' dir='ltr'><strong>ut</strong></span> <span class='ocrx_word' id='word_1_439' title='bbox 1452 5530 1667 5600; x_wconf 90' lang='lat' dir='ltr'><strong>pietatis</strong></span> <span class='ocrx_word' id='word_1_440' title='bbox 1710 5530 1888 5601; x_wconf 83' lang='lat' dir='ltr'><strong>specie</strong></span> <span class='ocrx_word' id='word_1_441' title='bbox 1934 5540 2115 5601; x_wconf 87' lang='lat' dir='ltr'><strong>patres</strong></span> 
     </span>
    </p>
   </div>
   <div class='ocr_carea' id='block_1_58' title="bbox 540 5678 2117 5752">
    <p class='ocr_par' dir='ltr' id='par_1_58' title="bbox 540 5678 2117 5752">
     <span class='ocr_line' id='line_1_58' title="bbox 540 5678 2117 5752; baseline 0.004 -22"><span class='ocrx_word' id='word_1_442' title='bbox 540 5678 679 5752; x_wconf 73' lang='lat' dir='ltr'><strong>nibus</strong></span> <span class='ocrx_word' id='word_1_443' title='bbox 695 5680 1063 5752; x_wconf 77' lang='lat' dir='ltr'><strong>manducarent.</strong></span> <span class='ocrx_word' id='word_1_444' title='bbox 1078 5683 1254 5752; x_wconf 77' lang='lat' dir='ltr'><strong>Quare</strong></span> <span class='ocrx_word' id='word_1_445' title='bbox 1275 5681 1427 5750; x_wconf 82' lang='lat' dir='ltr'><strong>igitur</strong></span> <span class='ocrx_word' id='word_1_446' title='bbox 1446 5683 1517 5736; x_wconf 89' lang='lat' dir='ltr'><strong>sic</strong></span> <span class='ocrx_word' id='word_1_447' title='bbox 1538 5684 1925 5739; x_wconf 86' lang='lat' dir='ltr'><strong>manducarunt?</strong></span> <span class='ocrx_word' id='word_1_448' title='bbox 1944 5698 2037 5736; x_wconf 89' lang='lat' dir='ltr'><strong>non</strong></span> <span class='ocrx_word' id='word_1_449' title='bbox 2057 5684 2117 5737; x_wconf 87' lang='lat' dir='ltr'><strong>de</strong></span> 
     </span>
    </p>
   </div>
   <div class='ocr_carea' id='block_1_59' title="bbox 541 5743 1098 5807">
    <p class='ocr_par' dir='ltr' id='par_1_59' title="bbox 541 5743 1098 5807">
     <span class='ocr_line' id='line_1_59' title="bbox 541 5743 1098 5807; baseline 0.005 -14"><span class='ocrx_word' id='word_1_450' title='bbox 541 5743 860 5807; x_wconf 14' lang='lat' dir='ltr'><strong>industriagid</strong></span> <span class='ocrx_word' id='word_1_451' title='bbox 884 5745 1098 5807; x_wconf 83' lang='lat' dir='ltr'><strong>agebant.</strong></span> 
     </span>
    </p>
   </div>
   <div class='ocr_carea' id='block_1_60' title="bbox 607 5804 1589 5875">
    <p class='ocr_par' dir='ltr' id='par_1_60' title="bbox 607 5804 1589 5875">
     <span class='ocr_line' id='line_1_60' title="bbox 607 5804 1589 5875; baseline 0.001 -18"><span class='ocrx_word' id='word_1_452' title='bbox 607 5808 622 5838; x_wconf 80' lang='grc'>⁸</span> <span class='ocrx_word' id='word_1_453' title='bbox 647 5804 764 5869; x_wconf 81' lang='lat' dir='ltr'><strong>Alii,</strong></span> <span class='ocrx_word' id='word_1_454' title='bbox 788 5804 875 5857; x_wconf 88' lang='lat' dir='ltr'><strong>hoc</strong></span> <span class='ocrx_word' id='word_1_455' title='bbox 896 5804 1025 5859; x_wconf 71' lang='lat' dir='ltr'><strong>enim</strong></span> <span class='ocrx_word' id='word_1_456' title='bbox 1048 5820 1130 5858; x_wconf 85' lang='lat' dir='ltr'><strong>vos</strong></span> <span class='ocrx_word' id='word_1_457' title='bbox 1148 5813 1195 5859; x_wconf 87' lang='lat' dir='ltr'><strong>et</strong></span> <span class='ocrx_word' id='word_1_458' title='bbox 1220 5804 1331 5859; x_wconf 83' lang='lat' dir='ltr'><strong>illos</strong></span> <span class='ocrx_word' id='word_1_459' title='bbox 1353 5808 1589 5875; x_wconf 80' lang='lat' dir='ltr'><strong>perdidit.</strong></span> 
     </span>
    </p>
   </div>
   <div class='ocr_carea' id='block_1_61' title="bbox 1249 328 3067 398">
    <p class='ocr_par' dir='ltr' id='par_1_61' title="bbox 1249 328 3067 398">
     <span class='ocr_line' id='line_1_61' title="bbox 1249 328 3067 398; baseline -0.003 -2"><span class='ocrx_word' id='word_1_460' title='bbox 1249 341 1305 398; x_wconf 92' lang='lat' dir='ltr'><strong>S.</strong></span> <span class='ocrx_word' id='word_1_461' title='bbox 1345 338 1624 397; x_wconf 76' lang='lat' dir='ltr'><strong>JOANNIS</strong></span> <span class='ocrx_word' id='word_1_462' title='bbox 1660 328 2138 395; x_wconf 70' lang='lat' dir='ltr'><strong>CHRYSOSTOMI</strong></span> <span class='ocrx_word' id='word_1_463' title='bbox 2180 328 2495 386; x_wconf 73' lang='lat' dir='ltr'><strong>ARCHIEP.</strong></span> <span class='ocrx_word' id='word_1_464' title='bbox 2537 332 3067 393; x_wconf 76' lang='lat' dir='ltr'><strong>CONSTANTINOP.</strong></span> 
     </span>
    </p>
   </div>
   <div class='ocr_carea' id='block_1_62' title="bbox 3675 335 3783 397">
    <p class='ocr_par' dir='ltr' id='par_1_62' title="bbox 3675 335 3783 397">
     <span class='ocr_line' id='line_1_62' title="bbox 3675 335 3783 397; baseline -0.046 -1"><span class='ocrx_word' id='word_1_465' title='bbox 3675 335 3783 397; x_wconf 61' lang='grc'><strong>519.</strong></span> 
     </span>
    </p>
   </div>
   <div class='ocr_carea' id='block_1_63' title="bbox 2211 444 3796 536">
    <p class='ocr_par' dir='ltr' id='par_1_63' title="bbox 2211 444 3796 536">
     <span class='ocr_line' id='line_1_63' title="bbox 2211 444 3796 536; baseline 0.015 -36"><span class='ocrx_word' id='word_1_466' title='bbox 2211 444 2565 517; x_wconf 87' lang='lat' dir='ltr'><strong>despicerent.</strong></span> <span class='ocrx_word' id='word_1_467' title='bbox 2590 451 2871 520; x_wconf 90' lang='lat' dir='ltr'><strong>Quomodo</strong></span> <span class='ocrx_word' id='word_1_468' title='bbox 2895 464 2947 509; x_wconf 90' lang='lat' dir='ltr'><strong>et</strong></span> <span class='ocrx_word' id='word_1_469' title='bbox 2976 471 3080 526; x_wconf 91' lang='lat' dir='ltr'><strong>qua</strong></span> <span class='ocrx_word' id='word_1_470' title='bbox 3113 458 3353 515; x_wconf 88' lang='lat' dir='ltr'><strong>ratione?</strong></span> <span class='ocrx_word' id='word_1_471' title='bbox 3379 460 3433 518; x_wconf 60' lang='lat' dir='ltr'>ﬁ</span> <span class='ocrx_word' id='word_1_472' title='bbox 3465 464 3582 535; x_wconf 87' lang='lat' dir='ltr'><strong>quis</strong></span> <span class='ocrx_word' id='word_1_473' title='bbox 3611 481 3796 536; x_wconf 81' lang='lat' dir='ltr'><strong>paren-</strong></span> 
     </span>
    </p>
   </div>
   <div class='ocr_carea' id='block_1_64' title="bbox 2214 542 3789 627">
    <p class='ocr_par' dir='ltr' id='par_1_64' title="bbox 2214 542 3789 627">
     <span class='ocr_line' id='line_1_64' title="bbox 2214 542 3789 627; baseline 0.013 -32"><span class='ocrx_word' id='word_1_474' title='bbox 2214 550 2322 595; x_wconf 92' lang='lat' dir='ltr'><strong>tum</strong></span> <span class='ocrx_word' id='word_1_475' title='bbox 2350 542 2461 597; x_wconf 66' lang='lat' dir='ltr'><strong>ii-lio</strong></span> <span class='ocrx_word' id='word_1_476' title='bbox 2484 542 2708 613; x_wconf 92' lang='lat' dir='ltr'><strong>diceret,</strong></span> <span class='ocrx_word' id='word_1_477' title='bbox 2742 546 2814 600; x_wconf 89' lang='lat' dir='ltr'><strong>Da</strong></span> <span class='ocrx_word' id='word_1_478' title='bbox 2846 546 2975 601; x_wconf 89' lang='lat' dir='ltr'><strong>mihi</strong></span> <span class='ocrx_word' id='word_1_479' title='bbox 3010 547 3169 617; x_wconf 89' lang='lat' dir='ltr'><strong>hanc,</strong></span> <span class='ocrx_word' id='word_1_480' title='bbox 3213 568 3370 623; x_wconf 92' lang='lat' dir='ltr'><strong>quam</strong></span> <span class='ocrx_word' id='word_1_481' title='bbox 3397 552 3581 623; x_wconf 91' lang='lat' dir='ltr'><strong>babes,</strong></span> <span class='ocrx_word' id='word_1_482' title='bbox 3614 576 3789 627; x_wconf 89' lang='lat' dir='ltr'><strong>ovem,</strong></span> 
     </span>
    </p>
   </div>
   <div class='ocr_carea' id='block_1_65' title="bbox 2210 637 3799 724">
    <p class='ocr_par' dir='ltr' id='par_1_65' title="bbox 2210 637 3799 724">
     <span class='ocr_line' id='line_1_65' title="bbox 2210 637 3799 724; baseline 0.013 -34"><span class='ocrx_word' id='word_1_483' title='bbox 2210 645 2300 691; x_wconf 81' lang='lat' dir='ltr'><strong>aut</strong></span> <span class='ocrx_word' id='word_1_484' title='bbox 2344 637 2586 705; x_wconf 83' lang='lat' dir='ltr'><strong>vitulum,</strong></span> <span class='ocrx_word' id='word_1_485' title='bbox 2636 650 2728 695; x_wconf 86' lang='lat' dir='ltr'><strong>aut</strong></span> <span class='ocrx_word' id='word_1_486' title='bbox 2771 641 2911 698; x_wconf 88' lang='lat' dir='ltr'><strong>aliud</strong></span> <span class='ocrx_word' id='word_1_487' title='bbox 2941 644 3067 715; x_wconf 89' lang='lat' dir='ltr'><strong>quid</strong></span> <span class='ocrx_word' id='word_1_488' title='bbox 3112 645 3333 704; x_wconf 89' lang='lat' dir='ltr'><strong>simile:</strong></span> <span class='ocrx_word' id='word_1_489' title='bbox 3376 652 3799 724; x_wconf 85' lang='lat' dir='ltr'><strong>respondebant,</strong></span> 
     </span>
    </p>
   </div>
   <div class='ocr_carea' id='block_1_66' title="bbox 2213 731 3796 819">
    <p class='ocr_par' dir='ltr' id='par_1_66' title="bbox 2213 731 3796 819">
     <span class='ocr_line' id='line_1_66' title="bbox 2213 731 3796 819; baseline 0.013 -34"><span class='ocrx_word' id='word_1_490' title='bbox 2213 731 2267 785; x_wconf 89' lang='lat' dir='ltr'><strong>ld</strong></span> <span class='ocrx_word' id='word_1_491' title='bbox 2295 734 2435 803; x_wconf 90' lang='lat' dir='ltr'><strong>quod</strong></span> <span class='ocrx_word' id='word_1_492' title='bbox 2467 749 2500 790; x_wconf 92' lang='lat' dir='ltr'><strong>a</strong></span> <span class='ocrx_word' id='word_1_493' title='bbox 2530 750 2616 791; x_wconf 93' lang='lat' dir='ltr'><strong>me</strong></span> <span class='ocrx_word' id='word_1_494' title='bbox 2653 736 2733 792; x_wconf 92' lang='lat' dir='ltr'><strong>vis</strong></span> <span class='ocrx_word' id='word_1_495' title='bbox 2771 740 3037 810; x_wconf 89' lang='lat' dir='ltr'><strong>accipere,</strong></span> <span class='ocrx_word' id='word_1_496' title='bbox 3077 741 3276 797; x_wconf 92' lang='lat' dir='ltr'><strong>donum</strong></span> <span class='ocrx_word' id='word_1_497' title='bbox 3316 754 3399 800; x_wconf 93' lang='lat' dir='ltr'><strong>est</strong></span> <span class='ocrx_word' id='word_1_498' title='bbox 3426 746 3537 802; x_wconf 91' lang='lat' dir='ltr'><strong>Deo</strong></span> <span class='ocrx_word' id='word_1_499' title='bbox 3562 751 3796 819; x_wconf 86' lang='lat' dir='ltr'><strong>promis-</strong></span> 
     </span>
    </p>
   </div>
   <div class='ocr_carea' id='block_1_67' title="bbox 2211 830 3795 906">
    <p class='ocr_par' dir='ltr' id='par_1_67' title="bbox 2211 830 3795 906">
     <span class='ocr_line' id='line_1_67' title="bbox 2211 830 3795 906; baseline 0.013 -29"><span class='ocrx_word' id='word_1_500' title='bbox 2211 838 2350 891; x_wconf 91' lang='lat' dir='ltr'><strong>sum,</strong></span> <span class='ocrx_word' id='word_1_501' title='bbox 2383 840 2482 881; x_wconf 91' lang='lat' dir='ltr'><strong>nec</strong></span> <span class='ocrx_word' id='word_1_502' title='bbox 2508 836 2659 897; x_wconf 92' lang='lat' dir='ltr'><strong>potes</strong></span> <span class='ocrx_word' id='word_1_503' title='bbox 2688 830 2827 885; x_wconf 86' lang='lat' dir='ltr'><strong>illud&#39;</strong></span> <span class='ocrx_word' id='word_1_504' title='bbox 2846 833 3111 903; x_wconf 90' lang='lat' dir='ltr'><strong>accipere,</strong></span> <span class='ocrx_word' id='word_1_505' title='bbox 3141 850 3204 890; x_wconf 92' lang='lat' dir='ltr'><strong>ac</strong></span> <span class='ocrx_word' id='word_1_506' title='bbox 3230 835 3425 906; x_wconf 82' lang='lat' dir='ltr'><strong>duplex</strong></span> <span class='ocrx_word' id='word_1_507' title='bbox 3452 838 3573 895; x_wconf 91' lang='lat' dir='ltr'><strong>hinc</strong></span> <span class='ocrx_word' id='word_1_508' title='bbox 3595 842 3795 897; x_wconf 88' lang='lat' dir='ltr'><strong>malum</strong></span> 
     </span>
    </p>
   </div>
   <div class='ocr_carea' id='block_1_68' title="bbox 2211 918 3802 1003">
    <p class='ocr_par' dir='ltr' id='par_1_68' title="bbox 2211 918 3802 1003">
     <span class='ocr_line' id='line_1_68' title="bbox 2211 918 3802 1003; baseline 0.013 -33"><span class='ocrx_word' id='word_1_509' title='bbox 2211 918 2535 989; x_wconf 86' lang='lat' dir='ltr'><strong>emergebat.</strong></span> <span class='ocrx_word' id='word_1_510' title='bbox 2564 920 2748 993; x_wconf 88' lang='lat' dir='ltr'><strong>Neque</strong></span> <span class='ocrx_word' id='word_1_511' title='bbox 2773 926 2921 979; x_wconf 91' lang='lat' dir='ltr'><strong>enim</strong></span> <span class='ocrx_word' id='word_1_512' title='bbox 2948 926 3057 981; x_wconf 88' lang='lat' dir='ltr'><strong>Deo</strong></span> <span class='ocrx_word' id='word_1_513' title='bbox 3100 926 3416 993; x_wconf 85' lang='lat' dir='ltr'><strong>oll&#39;erebant.</strong></span> <span class='ocrx_word' id='word_1_514' title='bbox 3457 946 3519 987; x_wconf 92' lang='lat' dir='ltr'><strong>ac</strong></span> <span class='ocrx_word' id='word_1_515' title='bbox 3546 943 3802 1003; x_wconf 84' lang='lat' dir='ltr'><strong>parentes</strong></span> 
     </span>
    </p>
   </div>
   <div class='ocr_carea' id='block_1_69' title="bbox 2211 1009 3799 1097">
    <p class='ocr_par' dir='ltr' id='par_1_69' title="bbox 2211 1009 3799 1097">
     <span class='ocr_line' id='line_1_69' title="bbox 2211 1009 3799 1097; baseline 0.011 -32"><span class='ocrx_word' id='word_1_516' title='bbox 2211 1009 2498 1067; x_wconf 88' lang='lat' dir='ltr'><strong>oblationis</strong></span> <span class='ocrx_word' id='word_1_517' title='bbox 2543 1015 2759 1070; x_wconf 91' lang='lat' dir='ltr'><strong>nomine</strong></span> <span class='ocrx_word' id='word_1_518' title='bbox 2804 1016 3230 1087; x_wconf 81' lang='lat' dir='ltr'><strong>defraudabaut,</strong></span> <span class='ocrx_word' id='word_1_519' title='bbox 3280 1031 3339 1077; x_wconf 90' lang='lat' dir='ltr'><strong>et</strong></span> <span class='ocrx_word' id='word_1_520' title='bbox 3386 1024 3532 1094; x_wconf 89' lang='lat' dir='ltr'><strong>ipsos</strong></span> <span class='ocrx_word' id='word_1_521' title='bbox 3576 1038 3799 1097; x_wconf 79' lang='lat' dir='ltr'><strong>propter</strong></span> 
     </span>
    </p>
   </div>
   <div class='ocr_carea' id='block_1_70' title="bbox 2213 1102 3796 1187">
    <p class='ocr_par' dir='ltr' id='par_1_70' title="bbox 2213 1102 3796 1187">
     <span class='ocr_line' id='line_1_70' title="bbox 2213 1102 3796 1187; baseline 0.011 -31"><span class='ocrx_word' id='word_1_522' title='bbox 2213 1102 2378 1159; x_wconf 90' lang='lat' dir='ltr'><strong>Deum</strong></span> <span class='ocrx_word' id='word_1_523' title='bbox 2425 1104 2616 1175; x_wconf 87' lang='lat' dir='ltr'><strong>injuria</strong></span> <span class='ocrx_word' id='word_1_524' title='bbox 2644 1106 2981 1176; x_wconf 82' lang='lat' dir='ltr'><strong>aﬂiciebant;</strong></span> <span class='ocrx_word' id='word_1_525' title='bbox 3029 1111 3300 1183; x_wconf 87' lang='lat' dir='ltr'><strong>Deumque</strong></span> <span class='ocrx_word' id='word_1_526' title='bbox 3339 1125 3560 1186; x_wconf 90' lang='lat' dir='ltr'><strong>propter</strong></span> <span class='ocrx_word' id='word_1_527' title='bbox 3600 1133 3796 1187; x_wconf 89' lang='lat' dir='ltr'><strong>paren-</strong></span> 
     </span>
    </p>
   </div>
   <div class='ocr_carea' id='block_1_71' title="bbox 2212 1198 3795 1280">
    <p class='ocr_par' dir='ltr' id='par_1_71' title="bbox 2212 1198 3795 1280">
     <span class='ocr_line' id='line_1_71' title="bbox 2212 1198 3795 1280; baseline 0.011 -29"><span class='ocrx_word' id='word_1_528' title='bbox 2212 1207 2313 1252; x_wconf 78' lang='lat' dir='ltr'><strong>tes.</strong></span> <span class='ocrx_word' id='word_1_529' title='bbox 2349 1198 2547 1254; x_wconf 85' lang='lat' dir='ltr'><strong>Verum</strong></span> <span class='ocrx_word' id='word_1_530' title='bbox 2575 1215 2680 1255; x_wconf 91' lang='lat' dir='ltr'><strong>non</strong></span> <span class='ocrx_word' id='word_1_531' title='bbox 2712 1201 2813 1257; x_wconf 92' lang='lat' dir='ltr'><strong>hoc</strong></span> <span class='ocrx_word' id='word_1_532' title='bbox 2840 1204 3017 1259; x_wconf 89' lang='lat' dir='ltr'><strong>statim</strong></span> <span class='ocrx_word' id='word_1_533' title='bbox 3042 1204 3195 1273; x_wconf 81' lang='lat' dir='ltr'><strong>dicit,</strong></span> <span class='ocrx_word' id='word_1_534' title='bbox 3219 1208 3323 1264; x_wconf 86' lang='lat' dir='ltr'><strong>sed</strong></span> <span class='ocrx_word' id='word_1_535' title='bbox 3344 1209 3488 1278; x_wconf 90' lang='lat' dir='ltr'><strong>prius</strong></span> <span class='ocrx_word' id='word_1_536' title='bbox 3514 1211 3683 1280; x_wconf 84' lang='lat' dir='ltr'><strong>legem</strong></span> <span class='ocrx_word' id='word_1_537' title='bbox 3705 1229 3795 1268; x_wconf 87' lang='lat' dir='ltr'><strong>re-</strong></span> 
     </span>
    </p>
   </div>
   <div class='ocr_carea' id='block_1_72' title="bbox 2210 1290 3795 1374">
    <p class='ocr_par' dir='ltr' id='par_1_72' title="bbox 2210 1290 3795 1374">
     <span class='ocr_line' id='line_1_72' title="bbox 2210 1290 3795 1374; baseline 0.009 -30"><span class='ocrx_word' id='word_1_538' title='bbox 2210 1290 2360 1356; x_wconf 89' lang='lat' dir='ltr'><strong>citat,</strong></span> <span class='ocrx_word' id='word_1_539' title='bbox 2392 1307 2495 1361; x_wconf 91' lang='lat' dir='ltr'><strong>qua</strong></span> <span class='ocrx_word' id='word_1_540' title='bbox 2521 1291 2756 1348; x_wconf 85' lang='lat' dir='ltr'><strong>declarat</strong></span> <span class='ocrx_word' id='word_1_541' title='bbox 2796 1294 2957 1363; x_wconf 89' lang='lat' dir='ltr'><strong>Deus,</strong></span> <span class='ocrx_word' id='word_1_542' title='bbox 3002 1297 3287 1353; x_wconf 88' lang='lat' dir='ltr'><strong>admodum</strong></span> <span class='ocrx_word' id='word_1_543' title='bbox 3328 1300 3463 1357; x_wconf 87' lang='lat' dir='ltr'><strong>velle</strong></span> <span class='ocrx_word' id='word_1_544' title='bbox 3501 1315 3559 1357; x_wconf 89' lang='lat' dir='ltr'><strong>se</strong></span> <span class='ocrx_word' id='word_1_545' title='bbox 3598 1312 3658 1357; x_wconf 92' lang='lat' dir='ltr'><strong>ut</strong></span> <span class='ocrx_word' id='word_1_546' title='bbox 3698 1318 3795 1374; x_wconf 81' lang='lat' dir='ltr'><strong>pa-</strong></span> 
     </span>
    </p>
   </div>
   <div class='ocr_carea' id='block_1_73' title="bbox 2209 1383 3797 1463">
    <p class='ocr_par' dir='ltr' id='par_1_73' title="bbox 2209 1383 3797 1463">
     <span class='ocr_line' id='line_1_73' title="bbox 2209 1383 3797 1463; baseline 0.008 -26"><span class='ocrx_word' id='word_1_547' title='bbox 2209 1392 2391 1438; x_wconf 89' lang='lat' dir='ltr'><strong>rentes</strong></span> <span class='ocrx_word' id='word_1_548' title='bbox 2434 1383 2767 1440; x_wconf 90' lang='lat' dir='ltr'><strong>honorentur</strong></span> <span class='ocrx_word' id='word_1_549' title='bbox 2803 1403 2817 1440; x_wconf 90' lang='lat'><strong>:</strong></span> <span class='ocrx_word' id='word_1_550' title='bbox 2851 1402 2972 1442; x_wconf 88' lang='lat' dir='ltr'><strong>nam</strong></span> <span class='ocrx_word' id='word_1_551' title='bbox 3017 1389 3091 1443; x_wconf 91' lang='lat' dir='ltr'><strong>ait</strong></span> <span class='ocrx_word' id='word_1_552' title='bbox 3125 1410 3137 1444; x_wconf 93' lang='lat'>:</span> <span class='ocrx_word' id='word_1_553' title='bbox 3174 1389 3386 1446; x_wconf 83' lang='lat' dir='ltr'><strong>Honora</strong></span> <span class='ocrx_word' id='word_1_554' title='bbox 3416 1403 3614 1463; x_wconf 89' lang='lat' dir='ltr'><strong>patrem</strong></span> <span class='ocrx_word' id='word_1_555' title='bbox 3652 1405 3797 1451; x_wconf 70' lang='lat' dir='ltr'><strong>tutam</strong></span> 
     </span>
    </p>
   </div>
   <div class='ocr_carea' id='block_1_74' title="bbox 2209 1479 3799 1552">
    <p class='ocr_par' dir='ltr' id='par_1_74' title="bbox 2209 1479 3799 1552">
     <span class='ocr_line' id='line_1_74' title="bbox 2209 1479 3799 1552; baseline 0.01 -23"><span class='ocrx_word' id='word_1_556' title='bbox 2209 1485 2257 1529; x_wconf 88' lang='lat' dir='ltr'><strong>et</strong></span> <span class='ocrx_word' id='word_1_557' title='bbox 2283 1487 2514 1542; x_wconf 88' lang='lat' dir='ltr'><strong>matrem,</strong></span> <span class='ocrx_word' id='word_1_558' title='bbox 2542 1489 2598 1531; x_wconf 89' lang='lat' dir='ltr'><strong>ut</strong></span> <span class='ocrx_word' id='word_1_559' title='bbox 2616 1479 2685 1534; x_wconf 89' lang='lat' dir='ltr'><strong>sis</strong></span> <span class='ocrx_word' id='word_1_560' title='bbox 2705 1480 2958 1552; x_wconf 77' lang='lat' dir='ltr'><strong>tongtevus</strong></span> <span class='ocrx_word' id='word_1_561' title='bbox 2976 1483 3027 1537; x_wconf 92' lang='lat' dir='ltr'><strong>in</strong></span> <span class='ocrx_word' id='word_1_562' title='bbox 3049 1491 3216 1549; x_wconf 86' lang='lat' dir='ltr'><strong>terra;</strong></span> <span class='ocrx_word' id='word_1_563' title='bbox 3236 1486 3385 1552; x_wconf 92' lang='lat' dir='ltr'><strong>item,</strong></span> <span class='ocrx_word' id='word_1_564' title='bbox 3401 1484 3504 1551; x_wconf 86' lang='lat' dir='ltr'><strong>Qui</strong></span> <span class='ocrx_word' id='word_1_565' title='bbox 3521 1488 3799 1545; x_wconf 63' lang='lat' dir='ltr'><strong>maledice-</strong></span> 
     </span>
    </p>
   </div>
   <div class='ocr_carea' id='block_1_75' title="bbox 2210 1569 3797 1639">
    <p class='ocr_par' dir='ltr' id='par_1_75' title="bbox 2210 1569 3797 1639">
     <span class='ocr_line' id='line_1_75' title="bbox 2210 1569 3797 1639; baseline 0.009 -17"><span class='ocrx_word' id='word_1_566' title='bbox 2210 1569 2276 1623; x_wconf 88' lang='lat' dir='ltr'><strong>rit</strong></span> <span class='ocrx_word' id='word_1_567' title='bbox 2294 1570 2428 1639; x_wconf 89' lang='lat' dir='ltr'><strong>patri</strong></span> <span class='ocrx_word' id='word_1_568' title='bbox 2443 1571 2519 1625; x_wconf 84' lang='lat' dir='ltr'><strong>vel</strong></span> <span class='ocrx_word' id='word_1_569' title='bbox 2530 1571 2698 1638; x_wconf 89' lang='lat' dir='ltr'><strong>matri,</strong></span> <span class='ocrx_word' id='word_1_570' title='bbox 2717 1582 2876 1627; x_wconf 90' lang='lat' dir='ltr'><strong>morte</strong></span> <span class='ocrx_word' id='word_1_571' title='bbox 2892 1576 3154 1628; x_wconf 87' lang='lat' dir='ltr'><strong>moriatur.</strong></span> <span class='ocrx_word' id='word_1_572' title='bbox 3175 1574 3421 1632; x_wconf 69' lang='lat' dir='ltr'><strong>Cbrisrus</strong></span> <span class='ocrx_word' id='word_1_573' title='bbox 3435 1589 3610 1635; x_wconf 89' lang='lat' dir='ltr'><strong>autem</strong></span> <span class='ocrx_word' id='word_1_574' title='bbox 3631 1581 3797 1637; x_wconf 86' lang='lat' dir='ltr'><strong>misso</strong></span> 
     </span>
    </p>
   </div>
   <div class='ocr_carea' id='block_1_76' title="bbox 2211 1662 3792 1743">
    <p class='ocr_par' dir='ltr' id='par_1_76' title="bbox 2211 1662 3792 1743">
     <span class='ocr_line' id='line_1_76' title="bbox 2211 1662 3792 1743; baseline 0.008 -27"><span class='ocrx_word' id='word_1_575' title='bbox 2211 1662 2435 1732; x_wconf 70' lang='lat' dir='ltr'><strong>praemio</strong></span> <span class='ocrx_word' id='word_1_576' title='bbox 2459 1679 2566 1734; x_wconf 92' lang='lat' dir='ltr'><strong>quo</strong></span> <span class='ocrx_word' id='word_1_577' title='bbox 2586 1665 2851 1719; x_wconf 89' lang='lat' dir='ltr'><strong>donantur</strong></span> <span class='ocrx_word' id='word_1_578' title='bbox 2880 1666 2913 1720; x_wconf 90' lang='lat' dir='ltr'><strong>ii</strong></span> <span class='ocrx_word' id='word_1_579' title='bbox 2940 1667 3028 1737; x_wconf 91' lang='lat' dir='ltr'><strong>qui</strong></span> <span class='ocrx_word' id='word_1_580' title='bbox 3060 1680 3306 1738; x_wconf 90' lang='lat' dir='ltr'><strong>parentes</strong></span> <span class='ocrx_word' id='word_1_581' title='bbox 3334 1668 3622 1737; x_wconf 86' lang='lat' dir='ltr'><strong>honorant,</strong></span> <span class='ocrx_word' id='word_1_582' title='bbox 3650 1675 3792 1743; x_wconf 92' lang='lat' dir='ltr'><strong>quod</strong></span> 
     </span>
    </p>
   </div>
   <div class='ocr_carea' id='block_1_77' title="bbox 2213 1755 3800 1833">
    <p class='ocr_par' dir='ltr' id='par_1_77' title="bbox 2213 1755 3800 1833">
     <span class='ocr_line' id='line_1_77' title="bbox 2213 1755 3800 1833; baseline 0.009 -25"><span class='ocrx_word' id='word_1_583' title='bbox 2213 1755 2502 1810; x_wconf 87' lang='lat' dir='ltr'><strong>terribilius</strong></span> <span class='ocrx_word' id='word_1_584' title='bbox 2548 1764 2632 1811; x_wconf 86' lang='lat' dir='ltr'><strong>est</strong></span> <span class='ocrx_word' id='word_1_585' title='bbox 2681 1756 2902 1825; x_wconf 80' lang='lat' dir='ltr'><strong>profert,</strong></span> <span class='ocrx_word' id='word_1_586' title='bbox 2947 1774 3140 1829; x_wconf 89' lang='lat' dir='ltr'><strong>nempe</strong></span> <span class='ocrx_word' id='word_1_587' title='bbox 3177 1761 3495 1831; x_wconf 90' lang='lat' dir='ltr'><strong>supplicium</strong></span> <span class='ocrx_word' id='word_1_588' title='bbox 3547 1776 3800 1833; x_wconf 87' lang='lat' dir='ltr'><strong>parentes</strong></span> 
     </span>
    </p>
   </div>
   <div class='ocr_carea' id='block_1_78' title="bbox 2210 1844 3799 1926">
    <p class='ocr_par' dir='ltr' id='par_1_78' title="bbox 2210 1844 3799 1926">
     <span class='ocr_line' id='line_1_78' title="bbox 2210 1844 3799 1926; baseline 0.007 -26"><span class='ocrx_word' id='word_1_589' title='bbox 2210 1844 2652 1902; x_wconf 85' lang='lat' dir='ltr'><strong>inhonorantibus</strong></span> <span class='ocrx_word' id='word_1_590' title='bbox 2693 1847 3048 1917; x_wconf 79' lang='lat' dir='ltr'><strong>inferendum,</strong></span> <span class='ocrx_word' id='word_1_591' title='bbox 3091 1860 3199 1906; x_wconf 90' lang='lat' dir='ltr'><strong>tum</strong></span> <span class='ocrx_word' id='word_1_592' title='bbox 3245 1862 3302 1907; x_wconf 93' lang='lat' dir='ltr'><strong>ut</strong></span> <span class='ocrx_word' id='word_1_593' title='bbox 3330 1853 3475 1925; x_wconf 90' lang='lat' dir='ltr'><strong>ipsos</strong></span> <span class='ocrx_word' id='word_1_594' title='bbox 3504 1855 3799 1926; x_wconf 78' lang='lat' dir='ltr'><strong>deterreat,</strong></span> 
     </span>
    </p>
   </div>
   <div class='ocr_carea' id='block_1_79' title="bbox 2212 1937 3797 2013">
    <p class='ocr_par' dir='ltr' id='par_1_79' title="bbox 2212 1937 3797 2013">
     <span class='ocr_line' id='line_1_79' title="bbox 2212 1937 3797 2013; baseline 0.009 -23"><span class='ocrx_word' id='word_1_595' title='bbox 2212 1945 2323 1991; x_wconf 92' lang='lat' dir='ltr'><strong>tum</strong></span> <span class='ocrx_word' id='word_1_596' title='bbox 2351 1948 2405 1991; x_wconf 84' lang='lat' dir='ltr'><strong>ut</strong></span> <span class='ocrx_word' id='word_1_597' title='bbox 2433 1937 2723 2007; x_wconf 91' lang='lat' dir='ltr'><strong>prudentes</strong></span> <span class='ocrx_word' id='word_1_598' title='bbox 2742 1939 2995 2007; x_wconf 86' lang='lat' dir='ltr'><strong>attrahat,</strong></span> <span class='ocrx_word' id='word_1_599' title='bbox 3026 1941 3252 2013; x_wconf 90' lang='lat' dir='ltr'><strong>hincque</strong></span> <span class='ocrx_word' id='word_1_600' title='bbox 3277 1944 3511 2000; x_wconf 89' lang='lat' dir='ltr'><strong>ostendit</strong></span> <span class='ocrx_word' id='word_1_601' title='bbox 3535 1946 3653 2003; x_wconf 90' lang='lat' dir='ltr'><strong>illos</strong></span> <span class='ocrx_word' id='word_1_602' title='bbox 3674 1963 3797 2004; x_wconf 91' lang='lat' dir='ltr'><strong>esse</strong></span> 
     </span>
    </p>
   </div>
   <div class='ocr_carea' id='block_1_80' title="bbox 2212 2028 3795 2109">
    <p class='ocr_par' dir='ltr' id='par_1_80' title="bbox 2212 2028 3795 2109">
     <span class='ocr_line' id='line_1_80' title="bbox 2212 2028 3795 2109; baseline 0.009 -28"><span class='ocrx_word' id='word_1_603' title='bbox 2212 2040 2385 2083; x_wconf 90' lang='lat' dir='ltr'><strong>morte</strong></span> <span class='ocrx_word' id='word_1_604' title='bbox 2413 2028 2621 2100; x_wconf 89' lang='lat' dir='ltr'><strong>dignos.</strong></span> <span class='ocrx_word' id='word_1_605' title='bbox 2650 2029 2783 2085; x_wconf 86' lang='lat' dir='ltr'><strong>Nam</strong></span> <span class='ocrx_word' id='word_1_606' title='bbox 2813 2032 2857 2086; x_wconf 93' lang='lat' dir='ltr'><strong>si</strong></span> <span class='ocrx_word' id='word_1_607' title='bbox 2886 2032 2929 2086; x_wconf 91' lang='lat' dir='ltr'><strong>is</strong></span> <span class='ocrx_word' id='word_1_608' title='bbox 2960 2072 2976 2098; x_wconf 93' lang='lat'><strong>,</strong></span> <span class='ocrx_word' id='word_1_609' title='bbox 3008 2034 3098 2103; x_wconf 90' lang='lat' dir='ltr'><strong>qui</strong></span> <span class='ocrx_word' id='word_1_610' title='bbox 3121 2035 3300 2090; x_wconf 85' lang='lat' dir='ltr'><strong>verbis</strong></span> <span class='ocrx_word' id='word_1_611' title='bbox 3329 2036 3627 2105; x_wconf 89' lang='lat' dir='ltr'><strong>inhonorat,</strong></span> <span class='ocrx_word' id='word_1_612' title='bbox 3677 2039 3795 2109; x_wconf 88' lang='lat' dir='ltr'><strong>ple-</strong></span> 
     </span>
    </p>
   </div>
   <div class='ocr_carea' id='block_1_81' title="bbox 2211 2121 3801 2198">
    <p class='ocr_par' dir='ltr' id='par_1_81' title="bbox 2211 2121 3801 2198">
     <span class='ocr_line' id='line_1_81' title="bbox 2211 2121 3801 2198; baseline 0.009 -23"><span class='ocrx_word' id='word_1_613' title='bbox 2211 2121 2390 2185; x_wconf 90' lang='lat' dir='ltr'><strong>ctitur,</strong></span> <span class='ocrx_word' id='word_1_614' title='bbox 2415 2122 2581 2177; x_wconf 92' lang='lat' dir='ltr'><strong>multo</strong></span> <span class='ocrx_word' id='word_1_615' title='bbox 2601 2122 2770 2194; x_wconf 87' lang='lat' dir='ltr'><strong>magis</strong></span> <span class='ocrx_word' id='word_1_616' title='bbox 2795 2139 2890 2179; x_wconf 93' lang='lat' dir='ltr'><strong>vos</strong></span> <span class='ocrx_word' id='word_1_617' title='bbox 2907 2126 2997 2196; x_wconf 91' lang='lat' dir='ltr'><strong>qui</strong></span> <span class='ocrx_word' id='word_1_618' title='bbox 3019 2142 3181 2198; x_wconf 82' lang='lat' dir='ltr'><strong>opere</strong></span> <span class='ocrx_word' id='word_1_619' title='bbox 3206 2127 3256 2183; x_wconf 92' lang='lat' dir='ltr'><strong>id</strong></span> <span class='ocrx_word' id='word_1_620' title='bbox 3286 2128 3491 2185; x_wconf 81' lang='lat' dir='ltr'><strong>facitis:</strong></span> <span class='ocrx_word' id='word_1_621' title='bbox 3516 2146 3615 2187; x_wconf 90' lang='lat' dir='ltr'><strong>nec</strong></span> <span class='ocrx_word' id='word_1_622' title='bbox 3635 2134 3801 2189; x_wconf 88' lang='lat' dir='ltr'><strong>modo</strong></span> 
     </span>
    </p>
   </div>
   <div class='ocr_carea' id='block_1_82' title="bbox 2212 2212 3801 2281">
    <p class='ocr_par' dir='ltr' id='par_1_82' title="bbox 2212 2212 3801 2281">
     <span class='ocr_line' id='line_1_82' title="bbox 2212 2212 3801 2281; baseline 0.009 -15"><span class='ocrx_word' id='word_1_623' title='bbox 2212 2212 2566 2281; x_wconf 87' lang='lat' dir='ltr'><strong>inhonoratis,</strong></span> <span class='ocrx_word' id='word_1_624' title='bbox 2606 2217 2700 2271; x_wconf 90' lang='lat' dir='ltr'><strong>sed</strong></span> <span class='ocrx_word' id='word_1_625' title='bbox 2733 2217 2893 2271; x_wconf 89' lang='lat' dir='ltr'><strong>etiam</strong></span> <span class='ocrx_word' id='word_1_626' title='bbox 2921 2217 3053 2273; x_wconf 89' lang='lat' dir='ltr'><strong>alios</strong></span> <span class='ocrx_word' id='word_1_627' title='bbox 3108 2218 3163 2274; x_wconf 90' lang='lat' dir='ltr'><strong>id</strong></span> <span class='ocrx_word' id='word_1_628' title='bbox 3206 2218 3385 2276; x_wconf 89' lang='lat' dir='ltr'><strong>facere</strong></span> <span class='ocrx_word' id='word_1_629' title='bbox 3423 2221 3647 2278; x_wconf 88' lang='lat' dir='ltr'><strong>docetis.</strong></span> <span class='ocrx_word' id='word_1_630' title='bbox 3689 2224 3801 2280; x_wconf 81' lang='lat' dir='ltr'><strong>Vos</strong></span> 
     </span>
    </p>
   </div>
   <div class='ocr_carea' id='block_1_83' title="bbox 2210 2306 3799 2387">
    <p class='ocr_par' dir='ltr' id='par_1_83' title="bbox 2210 2306 3799 2387">
     <span class='ocr_line' id='line_1_83' title="bbox 2210 2306 3799 2387; baseline 0.009 -26"><span class='ocrx_word' id='word_1_631' title='bbox 2210 2321 2339 2377; x_wconf 88' lang='lat' dir='ltr'><strong>ergo</strong></span> <span class='ocrx_word' id='word_1_632' title='bbox 2364 2306 2453 2377; x_wconf 92' lang='lat' dir='ltr'><strong>qui</strong></span> <span class='ocrx_word' id='word_1_633' title='bbox 2486 2321 2583 2361; x_wconf 92' lang='lat' dir='ltr'><strong>nec</strong></span> <span class='ocrx_word' id='word_1_634' title='bbox 2620 2307 2671 2362; x_wconf 88' lang='lat' dir='ltr'><strong>in</strong></span> <span class='ocrx_word' id='word_1_635' title='bbox 2721 2308 2855 2363; x_wconf 89' lang='lat' dir='ltr'><strong>vivis</strong></span> <span class='ocrx_word' id='word_1_636' title='bbox 2895 2324 3015 2365; x_wconf 91' lang='lat' dir='ltr'><strong>esse</strong></span> <span class='ocrx_word' id='word_1_637' title='bbox 3054 2310 3343 2380; x_wconf 89' lang='lat' dir='ltr'><strong>deberetis,</strong></span> <span class='ocrx_word' id='word_1_638' title='bbox 3375 2328 3472 2369; x_wconf 91' lang='lat' dir='ltr'><strong>cur</strong></span> <span class='ocrx_word' id='word_1_639' title='bbox 3511 2314 3799 2387; x_wconf 86' lang='lat' dir='ltr'><strong>discipulos</strong></span> 
     </span>
    </p>
   </div>
   <div class='ocr_carea' id='block_1_84' title="bbox 2211 2398 3804 2477">
    <p class='ocr_par' dir='ltr' id='par_1_84' title="bbox 2211 2398 3804 2477">
     <span class='ocr_line' id='line_1_84' title="bbox 2211 2398 3804 2477; baseline 0.007 -24"><span class='ocrx_word' id='word_1_640' title='bbox 2211 2398 2512 2455; x_wconf 76' lang='lat' dir='ltr'><strong>incusatis?</strong></span> <span class='ocrx_word' id='word_1_641' title='bbox 2535 2398 2674 2466; x_wconf 87' lang='lat' dir='ltr'><strong>Quid</strong></span> <span class='ocrx_word' id='word_1_642' title='bbox 2700 2401 2894 2455; x_wconf 86' lang='lat' dir='ltr'><strong>mirum</strong></span> <span class='ocrx_word' id='word_1_643' title='bbox 2922 2411 3097 2457; x_wconf 88' lang='lat' dir='ltr'><strong>autem</strong></span> <span class='ocrx_word' id='word_1_644' title='bbox 3128 2404 3172 2457; x_wconf 90' lang='lat' dir='ltr'><strong>si</strong></span> <span class='ocrx_word' id='word_1_645' title='bbox 3204 2404 3256 2458; x_wconf 91' lang='lat' dir='ltr'><strong>in</strong></span> <span class='ocrx_word' id='word_1_646' title='bbox 3285 2420 3391 2472; x_wconf 91' lang='lat' dir='ltr'><strong>me,</strong></span> <span class='ocrx_word' id='word_1_647' title='bbox 3423 2422 3579 2477; x_wconf 89' lang='lat' dir='ltr'><strong>quem</strong></span> <span class='ocrx_word' id='word_1_648' title='bbox 3610 2406 3804 2464; x_wconf 88' lang='lat' dir='ltr'><strong>hacte-</strong></span> 
     </span>
    </p>
   </div>
   <div class='ocr_carea' id='block_1_85' title="bbox 2212 2492 3803 2569">
    <p class='ocr_par' dir='ltr' id='par_1_85' title="bbox 2212 2492 3803 2569">
     <span class='ocr_line' id='line_1_85' title="bbox 2212 2492 3803 2569; baseline 0.006 -23"><span class='ocrx_word' id='word_1_649' title='bbox 2212 2506 2312 2546; x_wconf 91' lang='lat' dir='ltr'><strong>nus</strong></span> <span class='ocrx_word' id='word_1_650' title='bbox 2352 2492 2654 2563; x_wconf 84' lang='lat' dir='ltr'><strong>ignorastts,</strong></span> <span class='ocrx_word' id='word_1_651' title='bbox 2705 2502 2810 2548; x_wconf 90' lang='lat' dir='ltr'><strong>tam</strong></span> <span class='ocrx_word' id='word_1_652' title='bbox 2853 2497 3226 2552; x_wconf 82' lang='lat' dir='ltr'><strong>contumeliosi</strong></span> <span class='ocrx_word' id='word_1_653' title='bbox 3264 2499 3418 2565; x_wconf 89' lang='lat' dir='ltr'><strong>estis,</strong></span> <span class='ocrx_word' id='word_1_654' title='bbox 3464 2499 3678 2569; x_wconf 90' lang='lat' dir='ltr'><strong>quando</strong></span> <span class='ocrx_word' id='word_1_655' title='bbox 3719 2501 3803 2556; x_wconf 87' lang='lat' dir='ltr'><strong>id-</strong></span> 
     </span>
    </p>
   </div>
   <div class='ocr_carea' id='block_1_86' title="bbox 2213 2583 3803 2659">
    <p class='ocr_par' dir='ltr' id='par_1_86' title="bbox 2213 2583 3803 2659">
     <span class='ocr_line' id='line_1_86' title="bbox 2213 2583 3803 2659; baseline 0.007 -22"><span class='ocrx_word' id='word_1_656' title='bbox 2213 2583 2385 2654; x_wconf 87' lang='lat' dir='ltr'><strong>ipsum</strong></span> <span class='ocrx_word' id='word_1_657' title='bbox 2434 2599 2561 2654; x_wconf 89' lang='lat' dir='ltr'><strong>erga</strong></span> <span class='ocrx_word' id='word_1_658' title='bbox 2610 2595 2817 2656; x_wconf 83' lang='lat' dir='ltr'><strong>patrem</strong></span> <span class='ocrx_word' id='word_1_659' title='bbox 2862 2584 3071 2643; x_wconf 80' lang='lat' dir='ltr'><strong>facitis?</strong></span> <span class='ocrx_word' id='word_1_660' title='bbox 3127 2587 3335 2659; x_wconf 90' lang='lat' dir='ltr'><strong>Ubique</strong></span> <span class='ocrx_word' id='word_1_661' title='bbox 3377 2591 3523 2646; x_wconf 92' lang='lat' dir='ltr'><strong>enim</strong></span> <span class='ocrx_word' id='word_1_662' title='bbox 3573 2591 3704 2647; x_wconf 94' lang='lat' dir='ltr'><strong>dicit</strong></span> <span class='ocrx_word' id='word_1_663' title='bbox 3744 2603 3803 2648; x_wconf 92' lang='lat' dir='ltr'><strong>et</strong></span> 
     </span>
    </p>
   </div>
   <div class='ocr_carea' id='block_1_87' title="bbox 2212 2676 3799 2751">
    <p class='ocr_par' dir='ltr' id='par_1_87' title="bbox 2212 2676 3799 2751">
     <span class='ocr_line' id='line_1_87' title="bbox 2212 2676 3799 2751; baseline 0.006 -19"><span class='ocrx_word' id='word_1_664' title='bbox 2212 2677 2446 2732; x_wconf 90' lang='lat' dir='ltr'><strong>ostendit</strong></span> <span class='ocrx_word' id='word_1_665' title='bbox 2474 2676 2598 2732; x_wconf 86' lang='lat' dir='ltr'><strong>hinc</strong></span> <span class='ocrx_word' id='word_1_666' title='bbox 2624 2689 2795 2733; x_wconf 88' lang='lat' dir='ltr'><strong>ortam</strong></span> <span class='ocrx_word' id='word_1_667' title='bbox 2817 2681 3175 2751; x_wconf 86' lang='lat' dir='ltr'><strong>arrogantiam</strong></span> <span class='ocrx_word' id='word_1_668' title='bbox 3206 2682 3349 2736; x_wconf 91' lang='lat' dir='ltr'><strong>illam</strong></span> <span class='ocrx_word' id='word_1_669' title='bbox 3376 2698 3516 2739; x_wconf 89' lang='lat' dir='ltr'><strong>esse.</strong></span> <span class='ocrx_word' id='word_1_670' title='bbox 3547 2684 3799 2741; x_wconf 85' lang='lat' dir='ltr'><strong>Nonnulli</strong></span> 
     </span>
    </p>
   </div>
   <div class='ocr_carea' id='block_1_88' title="bbox 2214 2772 3803 2847">
    <p class='ocr_par' dir='ltr' id='par_1_88' title="bbox 2214 2772 3803 2847">
     <span class='ocr_line' id='line_1_88' title="bbox 2214 2772 3803 2847; baseline 0.003 -20"><span class='ocrx_word' id='word_1_671' title='bbox 2214 2773 2370 2828; x_wconf 90' lang='lat' dir='ltr'><strong>aliter</strong></span> <span class='ocrx_word' id='word_1_672' title='bbox 2401 2772 2820 2842; x_wconf 89' lang='lat' dir='ltr'><strong>interpretantur</strong></span> <span class='ocrx_word' id='word_1_673' title='bbox 2849 2773 2999 2835; x_wconf 91' lang='lat' dir='ltr'><strong>illud,</strong></span> <span class='ocrx_word' id='word_1_674' title='bbox 3026 2772 3236 2827; x_wconf 90' lang='lat' dir='ltr'><strong>Donum</strong></span> <span class='ocrx_word' id='word_1_675' title='bbox 3263 2775 3609 2847; x_wconf 76' lang='lat' dir='ltr'><strong>quodcumque</strong></span> <span class='ocrx_word' id='word_1_676' title='bbox 3633 2795 3695 2833; x_wconf 76' lang='lat' dir='ltr'><strong>ea:</strong></span> <span class='ocrx_word' id='word_1_677' title='bbox 3722 2796 3803 2832; x_wconf 79' lang='lat' dir='ltr'><strong>me</strong></span> 
     </span>
    </p>
   </div>
   <div class='ocr_carea' id='block_1_89' title="bbox 2214 2863 3809 2938">
    <p class='ocr_par' dir='ltr' id='par_1_89' title="bbox 2214 2863 3809 2938">
     <span class='ocr_line' id='line_1_89' title="bbox 2214 2863 3809 2938; baseline 0.004 -21"><span class='ocrx_word' id='word_1_678' title='bbox 2214 2864 2302 2918; x_wconf 87' lang='lat' dir='ltr'><strong>tibi</strong></span> <span class='ocrx_word' id='word_1_679' title='bbox 2330 2864 2553 2936; x_wconf 85' lang='lat' dir='ltr'><strong>proderit</strong></span> <span class='ocrx_word' id='word_1_680' title='bbox 2580 2865 2691 2938; x_wconf 89' lang='lat' dir='ltr'><strong>(a);</strong></span> <span class='ocrx_word' id='word_1_681' title='bbox 2726 2865 2777 2919; x_wconf 92' lang='lat' dir='ltr'><strong>id</strong></span> <span class='ocrx_word' id='word_1_682' title='bbox 2807 2874 2908 2932; x_wconf 93' lang='lat' dir='ltr'><strong>est,</strong></span> <span class='ocrx_word' id='word_1_683' title='bbox 2936 2865 3052 2920; x_wconf 90' lang='lat' dir='ltr'><strong>Non</strong></span> <span class='ocrx_word' id='word_1_684' title='bbox 3090 2863 3260 2919; x_wconf 89' lang='lat' dir='ltr'><strong>debeo</strong></span> <span class='ocrx_word' id='word_1_685' title='bbox 3284 2864 3376 2921; x_wconf 91' lang='lat' dir='ltr'><strong>tibi</strong></span> <span class='ocrx_word' id='word_1_686' title='bbox 3400 2867 3678 2936; x_wconf 89' lang='lat' dir='ltr'><strong>honorem,</strong></span> <span class='ocrx_word' id='word_1_687' title='bbox 3705 2869 3809 2923; x_wconf 77' lang='lat' dir='ltr'><strong>sed</strong></span> 
     </span>
    </p>
   </div>
   <div class='ocr_carea' id='block_1_90' title="bbox 2214 2958 3811 3028">
    <p class='ocr_par' dir='ltr' id='par_1_90' title="bbox 2214 2958 3811 3028">
     <span class='ocr_line' id='line_1_90' title="bbox 2214 2958 3811 3028; baseline 0.003 -15"><span class='ocrx_word' id='word_1_688' title='bbox 2214 2960 2258 3013; x_wconf 92' lang='lat' dir='ltr'><strong>si</strong></span> <span class='ocrx_word' id='word_1_689' title='bbox 2290 2969 2339 3012; x_wconf 89' lang='lat' dir='ltr'><strong>te</strong></span> <span class='ocrx_word' id='word_1_690' title='bbox 2368 2958 2646 3024; x_wconf 87' lang='lat' dir='ltr'><strong>honorem,</strong></span> <span class='ocrx_word' id='word_1_691' title='bbox 2676 2958 2726 3013; x_wconf 92' lang='lat' dir='ltr'><strong>id</strong></span> <span class='ocrx_word' id='word_1_692' title='bbox 2754 2960 2921 3028; x_wconf 85' lang='lat' dir='ltr'><strong>gratis</strong></span> <span class='ocrx_word' id='word_1_693' title='bbox 2947 2958 3104 3014; x_wconf 81' lang='lat' dir='ltr'><strong>facio.</strong></span> <span class='ocrx_word' id='word_1_694' title='bbox 3134 2960 3239 3015; x_wconf 92' lang='lat' dir='ltr'><strong>Sed</strong></span> <span class='ocrx_word' id='word_1_695' title='bbox 3260 2958 3504 3016; x_wconf 87' lang='lat' dir='ltr'><strong>Christus</strong></span> <span class='ocrx_word' id='word_1_696' title='bbox 3530 2978 3634 3016; x_wconf 92' lang='lat' dir='ltr'><strong>non</strong></span> <span class='ocrx_word' id='word_1_697' title='bbox 3664 2962 3811 3018; x_wconf 80' lang='lat' dir='ltr'><strong>hanc</strong></span> 
     </span>
    </p>
   </div>
   <div class='ocr_carea' id='block_1_91' title="bbox 2214 3050 3805 3110">
    <p class='ocr_par' dir='ltr' id='par_1_91' title="bbox 2214 3050 3805 3110">
     <span class='ocr_line' id='line_1_91' title="bbox 2214 3050 3805 3110; baseline 0.004 -7"><span class='ocrx_word' id='word_1_698' title='bbox 2214 3050 2593 3105; x_wconf 89' lang='lat' dir='ltr'><strong>contumeliam</strong></span> <span class='ocrx_word' id='word_1_699' title='bbox 2658 3051 2993 3107; x_wconf 90' lang='lat' dir='ltr'><strong>memoravit.</strong></span> <span class='ocrx_word' id='word_1_700' title='bbox 3048 3051 3257 3107; x_wconf 83' lang='lat' dir='ltr'><strong>Marcus</strong></span> <span class='ocrx_word' id='word_1_701' title='bbox 3312 3068 3443 3108; x_wconf 90' lang='lat' dir='ltr'><strong>vero</strong></span> <span class='ocrx_word' id='word_1_702' title='bbox 3496 3054 3694 3109; x_wconf 91' lang='lat' dir='ltr'><strong>clarius</strong></span> <span class='ocrx_word' id='word_1_703' title='bbox 3746 3055 3805 3110; x_wconf 84' lang='lat' dir='ltr'><strong>id</strong></span> 
     </span>
    </p>
   </div>
   <div class='ocr_carea' id='block_1_92' title="bbox 2213 3143 3808 3216">
    <p class='ocr_par' dir='ltr' id='par_1_92' title="bbox 2213 3143 3808 3216">
     <span class='ocr_line' id='line_1_92' title="bbox 2213 3143 3808 3216; baseline 0.001 -16"><span class='ocrx_word' id='word_1_704' title='bbox 2213 3144 2466 3215; x_wconf 79' lang='lat' dir='ltr'><strong>exprimit</strong></span> <span class='ocrx_word' id='word_1_705' title='bbox 2511 3143 2595 3199; x_wconf 91' lang='lat' dir='ltr'><strong>bis</strong></span> <span class='ocrx_word' id='word_1_706' title='bbox 2635 3144 2811 3199; x_wconf 89' lang='lat' dir='ltr'><strong>verbis</strong></span> <span class='ocrx_word' id='word_1_707' title='bbox 2853 3163 2866 3199; x_wconf 91' lang='lat'><strong>:</strong></span> <span class='ocrx_word' id='word_1_708' title='bbox 2898 3143 3097 3200; x_wconf 84' lang='lat' dir='ltr'><strong>Corban</strong></span> <span class='ocrx_word' id='word_1_709' title='bbox 3125 3145 3472 3216; x_wconf 77' lang='lat' dir='ltr'><strong>quodmmque</strong></span> <span class='ocrx_word' id='word_1_710' title='bbox 3510 3162 3574 3201; x_wconf 75' lang='lat' dir='ltr'><strong>ex</strong></span> <span class='ocrx_word' id='word_1_711' title='bbox 3607 3163 3689 3202; x_wconf 88' lang='lat' dir='ltr'><strong>me</strong></span> <span class='ocrx_word' id='word_1_712' title='bbox 3714 3147 3808 3202; x_wconf 81' lang='lat' dir='ltr'><strong>tibi</strong></span> 
     </span>
    </p>
   </div>
   <div class='ocr_carea' id='block_1_93' title="bbox 2216 3236 3808 3310">
    <p class='ocr_par' dir='ltr' id='par_1_93' title="bbox 2216 3236 3808 3310">
     <span class='ocr_line' id='line_1_93' title="bbox 2216 3236 3808 3310; baseline 0.003 -18"><span class='ocrx_word' id='word_1_713' title='bbox 2216 3238 2440 3310; x_wconf 85' lang='lat' dir='ltr'><strong>proderit</strong></span> <span class='ocrx_word' id='word_1_714' title='bbox 2466 3236 2656 3310; x_wconf 78' lang='lat' dir='ltr'><strong>(Marc.</strong></span> <span class='ocrx_word' id='word_1_715' title='bbox 2691 3237 2744 3291; x_wconf 86' lang='lat'><strong>7.</strong></span> <span class='ocrx_word' id='word_1_716' title='bbox 2785 3237 2874 3309; x_wconf 81' lang='grc'><strong>11)</strong></span> <span class='ocrx_word' id='word_1_717' title='bbox 2904 3255 2918 3291; x_wconf 89' lang='lat'><strong>:</strong></span> <span class='ocrx_word' id='word_1_718' title='bbox 2948 3236 3002 3292; x_wconf 91' lang='lat' dir='ltr'><strong>id</strong></span> <span class='ocrx_word' id='word_1_719' title='bbox 3032 3237 3173 3308; x_wconf 91' lang='lat' dir='ltr'><strong>quod</strong></span> <span class='ocrx_word' id='word_1_720' title='bbox 3208 3253 3313 3292; x_wconf 88' lang='lat' dir='ltr'><strong>non</strong></span> <span class='ocrx_word' id='word_1_721' title='bbox 3352 3247 3435 3294; x_wconf 88' lang='lat' dir='ltr'><strong>est</strong></span> <span class='ocrx_word' id='word_1_722' title='bbox 3479 3255 3675 3295; x_wconf 89' lang='lat' dir='ltr'><strong>munus</strong></span> <span class='ocrx_word' id='word_1_723' title='bbox 3713 3251 3808 3297; x_wconf 80' lang='lat' dir='ltr'><strong>aut</strong></span> 
     </span>
    </p>
   </div>
   <div class='ocr_carea' id='block_1_94' title="bbox 2216 3329 3804 3401">
    <p class='ocr_par' dir='ltr' id='par_1_94' title="bbox 2216 3329 3804 3401">
     <span class='ocr_line' id='line_1_94' title="bbox 2216 3329 3804 3401; baseline -0.002 -13"><span class='ocrx_word' id='word_1_724' title='bbox 2216 3332 2444 3400; x_wconf 86' lang='lat' dir='ltr'><strong>donum,</strong></span> <span class='ocrx_word' id='word_1_725' title='bbox 2469 3331 2565 3386; x_wconf 88' lang='lat' dir='ltr'><strong>sed</strong></span> <span class='ocrx_word' id='word_1_726' title='bbox 2594 3330 2795 3387; x_wconf 90' lang='lat' dir='ltr'><strong>oblatio</strong></span> <span class='ocrx_word' id='word_1_727' title='bbox 2824 3329 3041 3401; x_wconf 87' lang='lat' dir='ltr'><strong>proprie</strong></span> <span class='ocrx_word' id='word_1_728' title='bbox 3078 3329 3293 3385; x_wconf 92' lang='lat' dir='ltr'><strong>dicitur.</strong></span> <span class='ocrx_word' id='word_1_729' title='bbox 3329 3330 3465 3386; x_wconf 89' lang='lat' dir='ltr'><strong>Cum</strong></span> <span class='ocrx_word' id='word_1_730' title='bbox 3507 3332 3665 3401; x_wconf 86' lang='lat' dir='ltr'><strong>igitur</strong></span> <span class='ocrx_word' id='word_1_731' title='bbox 3703 3332 3804 3388; x_wconf 63' lang='lat' dir='ltr'><strong>de.</strong></span> 
     </span>
    </p>
   </div>
   <div class='ocr_carea' id='block_1_95' title="bbox 2218 3423 3808 3495">
    <p class='ocr_par' dir='ltr' id='par_1_95' title="bbox 2218 3423 3808 3495">
     <span class='ocr_line' id='line_1_95' title="bbox 2218 3423 3808 3495; baseline -0.003 -13"><span class='ocrx_word' id='word_1_732' title='bbox 2218 3434 2590 3493; x_wconf 85' lang='lat' dir='ltr'><strong>monstrasset,</strong></span> <span class='ocrx_word' id='word_1_733' title='bbox 2622 3440 2731 3479; x_wconf 90' lang='lat' dir='ltr'><strong>non</strong></span> <span class='ocrx_word' id='word_1_734' title='bbox 2764 3423 2888 3495; x_wconf 90' lang='lat' dir='ltr'><strong>jure</strong></span> <span class='ocrx_word' id='word_1_735' title='bbox 2923 3423 3062 3488; x_wconf 92' lang='lat' dir='ltr'><strong>illos,</strong></span> <span class='ocrx_word' id='word_1_736' title='bbox 3108 3424 3197 3495; x_wconf 91' lang='lat' dir='ltr'><strong>qui</strong></span> <span class='ocrx_word' id='word_1_737' title='bbox 3243 3424 3411 3495; x_wconf 89' lang='lat' dir='ltr'><strong>legem</strong></span> <span class='ocrx_word' id='word_1_738' title='bbox 3455 3424 3549 3480; x_wconf 89' lang='lat' dir='ltr'><strong>Dei</strong></span> <span class='ocrx_word' id='word_1_739' title='bbox 3587 3425 3808 3480; x_wconf 77' lang='lat' dir='ltr'><strong>concub-</strong></span> 
     </span>
    </p>
   </div>
   <div class='ocr_carea' id='block_1_96' title="bbox 2216 3517 3806 3589">
    <p class='ocr_par' dir='ltr' id='par_1_96' title="bbox 2216 3517 3806 3589">
     <span class='ocr_line' id='line_1_96' title="bbox 2216 3517 3806 3589; baseline -0.001 -13"><span class='ocrx_word' id='word_1_740' title='bbox 2216 3530 2361 3587; x_wconf 89' lang='lat' dir='ltr'><strong>cent,</strong></span> <span class='ocrx_word' id='word_1_741' title='bbox 2392 3521 2528 3575; x_wconf 90' lang='lat' dir='ltr'><strong>alios</strong></span> <span class='ocrx_word' id='word_1_742' title='bbox 2567 3517 2984 3589; x_wconf 88' lang='lat' dir='ltr'><strong>reprehendere,</strong></span> <span class='ocrx_word' id='word_1_743' title='bbox 3027 3517 3117 3586; x_wconf 86' lang='lat' dir='ltr'><strong>qui</strong></span> <span class='ocrx_word' id='word_1_744' title='bbox 3160 3518 3429 3572; x_wconf 90' lang='lat' dir='ltr'><strong>seniorum</strong></span> <span class='ocrx_word' id='word_1_745' title='bbox 3479 3527 3806 3587; x_wconf 80' lang='lat' dir='ltr'><strong>praeceptum</strong></span> 
     </span>
    </p>
   </div>
   <div class='ocr_carea' id='block_1_97' title="bbox 2218 3609 3798 3684">
    <p class='ocr_par' dir='ltr' id='par_1_97' title="bbox 2218 3609 3798 3684">
     <span class='ocr_line' id='line_1_97' title="bbox 2218 3609 3798 3684; baseline -0.001 -16"><span class='ocrx_word' id='word_1_746' title='bbox 2218 3612 2539 3684; x_wconf 88' lang='lat' dir='ltr'><strong>transgressi</strong></span> <span class='ocrx_word' id='word_1_747' title='bbox 2564 3620 2765 3679; x_wconf 90' lang='lat' dir='ltr'><strong>essent,</strong></span> <span class='ocrx_word' id='word_1_748' title='bbox 2798 3609 3024 3681; x_wconf 87' lang='lat' dir='ltr'><strong>idipsum</strong></span> <span class='ocrx_word' id='word_1_749' title='bbox 3048 3609 3281 3666; x_wconf 91' lang='lat' dir='ltr'><strong>ostendit</strong></span> <span class='ocrx_word' id='word_1_750' title='bbox 3319 3619 3377 3665; x_wconf 91' lang='lat' dir='ltr'><strong>et</strong></span> <span class='ocrx_word' id='word_1_751' title='bbox 3406 3626 3473 3666; x_wconf 76' lang='lat' dir='ltr'><strong>es</strong></span> <span class='ocrx_word' id='word_1_752' title='bbox 3513 3610 3798 3681; x_wconf 89' lang='lat' dir='ltr'><strong>propheta.</strong></span> 
     </span>
    </p>
   </div>
   <div class='ocr_carea' id='block_1_98' title="bbox 2218 3702 3807 3775">
    <p class='ocr_par' dir='ltr' id='par_1_98' title="bbox 2218 3702 3807 3775">
     <span class='ocr_line' id='line_1_98' title="bbox 2218 3702 3807 3775; baseline -0.002 -15"><span class='ocrx_word' id='word_1_753' title='bbox 2218 3707 2352 3775; x_wconf 90' lang='lat' dir='ltr'><strong>Quia</strong></span> <span class='ocrx_word' id='word_1_754' title='bbox 2372 3705 2517 3762; x_wconf 88' lang='lat' dir='ltr'><strong>enim</strong></span> <span class='ocrx_word' id='word_1_755' title='bbox 2541 3704 2661 3758; x_wconf 91' lang='lat' dir='ltr'><strong>illos</strong></span> <span class='ocrx_word' id='word_1_756' title='bbox 2687 3702 3034 3759; x_wconf 84' lang='lat' dir='ltr'><strong>vehementer</strong></span> <span class='ocrx_word' id='word_1_757' title='bbox 3053 3703 3417 3773; x_wconf 83' lang='lat' dir='ltr'><strong>redarguerat,</strong></span> <span class='ocrx_word' id='word_1_758' title='bbox 3440 3703 3660 3757; x_wconf 89' lang='lat' dir='ltr'><strong>ulterius</strong></span> <span class='ocrx_word' id='word_1_759' title='bbox 3681 3718 3807 3773; x_wconf 76' lang='lat' dir='ltr'><strong>pro-</strong></span> 
     </span>
    </p>
   </div>
   <div class='ocr_carea' id='block_1_99' title="bbox 2218 3793 3805 3867">
    <p class='ocr_par' dir='ltr' id='par_1_99' title="bbox 2218 3793 3805 3867">
     <span class='ocr_line' id='line_1_99' title="bbox 2218 3793 3805 3867; baseline -0.004 -11"><span class='ocrx_word' id='word_1_760' title='bbox 2218 3798 2360 3856; x_wconf 90' lang='lat' dir='ltr'><strong>cedit</strong></span> <span class='ocrx_word' id='word_1_761' title='bbox 2386 3795 2562 3867; x_wconf 86' lang='lat' dir='ltr'><strong>:quod</strong></span> <span class='ocrx_word' id='word_1_762' title='bbox 2590 3796 2752 3851; x_wconf 89' lang='lat' dir='ltr'><strong>etiam</strong></span> <span class='ocrx_word' id='word_1_763' title='bbox 2779 3794 2975 3865; x_wconf 90' lang='lat' dir='ltr'><strong>ubique</strong></span> <span class='ocrx_word' id='word_1_764' title='bbox 2990 3793 3135 3858; x_wconf 78' lang='lat' dir='ltr'><strong>facit,</strong></span> <span class='ocrx_word' id='word_1_765' title='bbox 3164 3793 3461 3864; x_wconf 84' lang='lat' dir='ltr'><strong>Scripturas</strong></span> <span class='ocrx_word' id='word_1_766' title='bbox 3490 3795 3543 3849; x_wconf 90' lang='lat' dir='ltr'><strong>in</strong></span> <span class='ocrx_word' id='word_1_767' title='bbox 3570 3795 3805 3851; x_wconf 85' lang='lat' dir='ltr'><strong>medium</strong></span> 
     </span>
    </p>
   </div>
   <div class='ocr_carea' id='block_1_100' title="bbox 2219 3886 3810 3953">
    <p class='ocr_par' dir='ltr' id='par_1_100' title="bbox 2219 3886 3810 3953">
     <span class='ocr_line' id='line_1_100' title="bbox 2219 3886 3810 3953; baseline -0.001 -9"><span class='ocrx_word' id='word_1_768' title='bbox 2219 3888 2527 3953; x_wconf 89' lang='lat' dir='ltr'><strong>adducens,</strong></span> <span class='ocrx_word' id='word_1_769' title='bbox 2559 3896 2616 3943; x_wconf 91' lang='lat' dir='ltr'><strong>ut</strong></span> <span class='ocrx_word' id='word_1_770' title='bbox 2645 3886 2769 3941; x_wconf 89' lang='lat' dir='ltr'><strong>hinc</strong></span> <span class='ocrx_word' id='word_1_771' title='bbox 2806 3902 2866 3942; x_wconf 88' lang='lat' dir='ltr'><strong>se</strong></span> <span class='ocrx_word' id='word_1_772' title='bbox 2904 3886 3155 3942; x_wconf 84' lang='lat' dir='ltr'><strong>ostendat</strong></span> <span class='ocrx_word' id='word_1_773' title='bbox 3193 3887 3302 3941; x_wconf 92' lang='lat' dir='ltr'><strong>Deo</strong></span> <span class='ocrx_word' id='word_1_774' title='bbox 3336 3901 3630 3941; x_wconf 90' lang='lat' dir='ltr'><strong>consonum</strong></span> <span class='ocrx_word' id='word_1_775' title='bbox 3663 3902 3810 3942; x_wconf 85' lang='lat' dir='ltr'><strong>esse.</strong></span> 
     </span>
    </p>
   </div>
   <div class='ocr_carea' id='block_1_101' title="bbox 2219 3975 3809 4051">
    <p class='ocr_par' dir='ltr' id='par_1_101' title="bbox 2219 3975 3809 4051">
     <span class='ocr_line' id='line_1_101' title="bbox 2219 3975 3809 4051; baseline -0.002 -17"><span class='ocrx_word' id='word_1_776' title='bbox 2219 3980 2354 4047; x_wconf 88' lang='lat' dir='ltr'><strong>Quid</strong></span> <span class='ocrx_word' id='word_1_777' title='bbox 2403 3979 2563 4051; x_wconf 89' lang='lat' dir='ltr'><strong>igitur</strong></span> <span class='ocrx_word' id='word_1_778' title='bbox 2603 3979 2679 4033; x_wconf 91' lang='lat' dir='ltr'><strong>ait</strong></span> <span class='ocrx_word' id='word_1_779' title='bbox 2721 3977 3019 4049; x_wconf 87' lang='lat' dir='ltr'><strong>propheta?</strong></span> <span class='ocrx_word' id='word_1_780' title='bbox 3048 3978 3101 4034; x_wconf 91' lang='lat'><strong>8.</strong></span> <span class='ocrx_word' id='word_1_781' title='bbox 3134 3975 3371 4047; x_wconf 83' lang='lat' dir='ltr'><strong>Populus</strong></span> <span class='ocrx_word' id='word_1_782' title='bbox 3406 3976 3488 4030; x_wconf 88' lang='lat' dir='ltr'><strong>hic</strong></span> <span class='ocrx_word' id='word_1_783' title='bbox 3533 3977 3680 4031; x_wconf 81' lang='lat' dir='ltr'><strong>labiis</strong></span> <span class='ocrx_word' id='word_1_784' title='bbox 3728 3994 3809 4032; x_wconf 83' lang='lat' dir='ltr'><strong>me</strong></span> 
     </span>
    </p>
   </div>
   <div class='ocr_carea' id='block_1_102' title="bbox 2221 4067 3811 4141">
    <p class='ocr_par' dir='ltr' id='par_1_102' title="bbox 2221 4067 3811 4141">
     <span class='ocr_line' id='line_1_102' title="bbox 2221 4067 3811 4141; baseline -0.001 -17"><span class='ocrx_word' id='word_1_785' title='bbox 2221 4073 2456 4137; x_wconf 80' lang='lat' dir='ltr'><strong>honorat,</strong></span> <span class='ocrx_word' id='word_1_786' title='bbox 2485 4087 2572 4125; x_wconf 90' lang='lat' dir='ltr'><strong>cor</strong></span> <span class='ocrx_word' id='word_1_787' title='bbox 2591 4080 2757 4124; x_wconf 80' lang='lat' dir='ltr'><strong>autem</strong></span> <span class='ocrx_word' id='word_1_788' title='bbox 2782 4085 2955 4124; x_wconf 85' lang='lat' dir='ltr'><strong>eorum</strong></span> <span class='ocrx_word' id='word_1_789' title='bbox 2975 4068 3123 4141; x_wconf 82' lang='lat' dir='ltr'><strong>longe</strong></span> <span class='ocrx_word' id='word_1_790' title='bbox 3141 4078 3213 4123; x_wconf 86' lang='lat' dir='ltr'><strong>est</strong></span> <span class='ocrx_word' id='word_1_791' title='bbox 3238 4085 3270 4122; x_wconf 91' lang='lat' dir='ltr'><strong>a</strong></span> <span class='ocrx_word' id='word_1_792' title='bbox 3294 4085 3373 4122; x_wconf 87' lang='lat' dir='ltr'><strong>me</strong></span> <span class='ocrx_word' id='word_1_793' title='bbox 3398 4067 3546 4138; x_wconf 87' lang='lat' dir='ltr'><strong>(Isai.</strong></span> <span class='ocrx_word' id='word_1_794' title='bbox 3574 4068 3667 4124; x_wconf 72' lang='lat'><strong>29.</strong></span> <span class='ocrx_word' id='word_1_795' title='bbox 3694 4068 3811 4139; x_wconf 66' lang='grc'><strong>15).</strong></span> 
     </span>
    </p>
   </div>
   <div class='ocr_carea' id='block_1_103' title="bbox 2222 4162 3808 4228">
    <p class='ocr_par' dir='ltr' id='par_1_103' title="bbox 2222 4162 3808 4228">
     <span class='ocr_line' id='line_1_103' title="bbox 2222 4162 3808 4228; baseline -0.005 -7"><span class='ocrx_word' id='word_1_796' title='bbox 2222 4165 2276 4221; x_wconf 93' lang='lat'><strong>9.</strong></span> <span class='ocrx_word' id='word_1_797' title='bbox 2309 4164 2527 4219; x_wconf 83' lang='lat' dir='ltr'><strong>Frustra</strong></span> <span class='ocrx_word' id='word_1_798' title='bbox 2550 4173 2717 4218; x_wconf 88' lang='lat' dir='ltr'><strong>autem</strong></span> <span class='ocrx_word' id='word_1_799' title='bbox 2743 4165 2912 4218; x_wconf 82' lang='lat' dir='ltr'><strong>colunt</strong></span> <span class='ocrx_word' id='word_1_800' title='bbox 2945 4179 3045 4228; x_wconf 81' lang='lat' dir='ltr'><strong>me,</strong></span> <span class='ocrx_word' id='word_1_801' title='bbox 3080 4162 3314 4216; x_wconf 82' lang='lat' dir='ltr'><strong>docentes</strong></span> <span class='ocrx_word' id='word_1_802' title='bbox 3343 4162 3620 4227; x_wconf 86' lang='lat' dir='ltr'><strong>doctrinas,</strong></span> <span class='ocrx_word' id='word_1_803' title='bbox 3646 4178 3808 4214; x_wconf 74' lang='lat' dir='ltr'><strong>&#39;man-</strong></span> 
     </span>
    </p>
   </div>
   <div class='ocr_carea' id='block_1_104' title="bbox 2225 4253 3810 4326">
    <p class='ocr_par' dir='ltr' id='par_1_104' title="bbox 2225 4253 3810 4326">
     <span class='ocr_line' id='line_1_104' title="bbox 2225 4253 3810 4326; baseline -0.002 -13"><span class='ocrx_word' id='word_1_804' title='bbox 2225 4260 2348 4313; x_wconf 83' lang='lat' dir='ltr'><strong>data</strong></span> <span class='ocrx_word' id='word_1_805' title='bbox 2392 4258 2671 4313; x_wconf 87' lang='lat' dir='ltr'><strong>hominum.</strong></span> <span class='ocrx_word' id='word_1_806' title='bbox 2732 4255 2919 4311; x_wconf 74' lang='lat' dir='ltr'><strong>Vidcn’</strong></span> <span class='ocrx_word' id='word_1_807' title='bbox 2964 4254 3294 4326; x_wconf 90' lang='lat' dir='ltr'><strong>prophetiam</strong></span> <span class='ocrx_word' id='word_1_808' title='bbox 3345 4263 3595 4309; x_wconf 91' lang='lat' dir='ltr'><strong>accurate</strong></span> <span class='ocrx_word' id='word_1_809' title='bbox 3650 4253 3810 4310; x_wconf 86' lang='lat' dir='ltr'><strong>dictis</strong></span> 
     </span>
    </p>
   </div>
   <div class='ocr_carea' id='block_1_105' title="bbox 2222 4347 3809 4422">
    <p class='ocr_par' dir='ltr' id='par_1_105' title="bbox 2222 4347 3809 4422">
     <span class='ocr_line' id='line_1_105' title="bbox 2222 4347 3809 4422; baseline -0.005 -13"><span class='ocrx_word' id='word_1_810' title='bbox 2222 4353 2536 4417; x_wconf 73' lang='lat' dir='ltr'><strong>cvn‘sunam,</strong></span> <span class='ocrx_word' id='word_1_811' title='bbox 2569 4366 2688 4422; x_wconf 64' lang='lat' dir='ltr'><strong>qute</strong></span> <span class='ocrx_word' id='word_1_812' title='bbox 2720 4350 2832 4421; x_wconf 87' lang='lat' dir='ltr'><strong>jam</strong></span> <span class='ocrx_word' id='word_1_813' title='bbox 2870 4349 2997 4403; x_wconf 86' lang='lat' dir='ltr'><strong>olim</strong></span> <span class='ocrx_word' id='word_1_814' title='bbox 3028 4363 3213 4403; x_wconf 90' lang='lat' dir='ltr'><strong>eorum</strong></span> <span class='ocrx_word' id='word_1_815' title='bbox 3256 4347 3634 4418; x_wconf 81' lang='lat' dir='ltr'><strong>malignitatem</strong></span> <span class='ocrx_word' id='word_1_816' title='bbox 3668 4363 3809 4417; x_wconf 80' lang='lat' dir='ltr'><strong>pra:-</strong></span> 
     </span>
    </p>
   </div>
   <div class='ocr_carea' id='block_1_106' title="bbox 2222 4439 3811 4512">
    <p class='ocr_par' dir='ltr' id='par_1_106' title="bbox 2222 4439 3811 4512">
     <span class='ocr_line' id='line_1_106' title="bbox 2222 4439 3811 4512; baseline -0.003 -11"><span class='ocrx_word' id='word_1_817' title='bbox 2222 4446 2471 4501; x_wconf 81' lang='lat' dir='ltr'><strong>nuntiat?</strong></span> <span class='ocrx_word' id='word_1_818' title='bbox 2493 4444 2645 4512; x_wconf 88' lang='lat' dir='ltr'><strong>Quod</strong></span> <span class='ocrx_word' id='word_1_819' title='bbox 2675 4444 2921 4498; x_wconf 88' lang='lat' dir='ltr'><strong>Christus</strong></span> <span class='ocrx_word' id='word_1_820' title='bbox 2946 4457 3086 4497; x_wconf 89' lang='lat' dir='ltr'><strong>nunc</strong></span> <span class='ocrx_word' id='word_1_821' title='bbox 3108 4442 3412 4497; x_wconf 89' lang='lat' dir='ltr'><strong>accusando</strong></span> <span class='ocrx_word' id='word_1_822' title='bbox 3438 4440 3660 4510; x_wconf 78' lang='lat' dir='ltr'><strong>profert,</strong></span> <span class='ocrx_word' id='word_1_823' title='bbox 3706 4439 3811 4497; x_wconf 89' lang='lat' dir='ltr'><strong>hoc</strong></span> 
     </span>
    </p>
   </div>
   <div class='ocr_carea' id='block_1_107' title="bbox 2218 4535 3808 4609">
    <p class='ocr_par' dir='ltr' id='par_1_107' title="bbox 2218 4535 3808 4609">
     <span class='ocr_line' id='line_1_107' title="bbox 2218 4535 3808 4609; baseline -0.002 -15"><span class='ocrx_word' id='word_1_824' title='bbox 2218 4540 2331 4609; x_wconf 90' lang='lat' dir='ltr'><strong>jam</strong></span> <span class='ocrx_word' id='word_1_825' title='bbox 2360 4540 2487 4595; x_wconf 92' lang='lat' dir='ltr'><strong>olim</strong></span> <span class='ocrx_word' id='word_1_826' title='bbox 2518 4539 2650 4593; x_wconf 81' lang='lat' dir='ltr'><strong>dixit</strong></span> <span class='ocrx_word' id='word_1_827' title='bbox 2692 4536 2874 4604; x_wconf 90' lang='lat' dir='ltr'><strong>lsaias,</strong></span> <span class='ocrx_word' id='word_1_828' title='bbox 2916 4536 3060 4608; x_wconf 89' lang='lat' dir='ltr'><strong>quod</strong></span> <span class='ocrx_word' id='word_1_829' title='bbox 3091 4537 3337 4591; x_wconf 87' lang='lat' dir='ltr'><strong>mandata</strong></span> <span class='ocrx_word' id='word_1_830' title='bbox 3367 4535 3463 4591; x_wconf 90' lang='lat' dir='ltr'><strong>Dei</strong></span> <span class='ocrx_word' id='word_1_831' title='bbox 3494 4544 3750 4606; x_wconf 90' lang='lat' dir='ltr'><strong>spernant</strong></span> <span class='ocrx_word' id='word_1_832' title='bbox 3791 4554 3808 4591; x_wconf 86' lang='lat'><strong>:</strong></span> 
     </span>
    </p>
   </div>
   <div class='ocr_carea' id='block_1_108' title="bbox 2224 4629 3811 4700">
    <p class='ocr_par' dir='ltr' id='par_1_108' title="bbox 2224 4629 3811 4700">
     <span class='ocr_line' id='line_1_108' title="bbox 2224 4629 3811 4700; baseline -0.004 -11"><span class='ocrx_word' id='word_1_833' title='bbox 2224 4633 2441 4689; x_wconf 84' lang='lat' dir='ltr'><strong>Frustra</strong></span> <span class='ocrx_word' id='word_1_834' title='bbox 2466 4633 2609 4688; x_wconf 91' lang='lat' dir='ltr'><strong>enim</strong></span> <span class='ocrx_word' id='word_1_835' title='bbox 2648 4630 2820 4686; x_wconf 84' lang='lat' dir='ltr'><strong>colunt</strong></span> <span class='ocrx_word' id='word_1_836' title='bbox 2851 4648 2951 4697; x_wconf 90' lang='lat' dir='ltr'><strong>me,</strong></span> <span class='ocrx_word' id='word_1_837' title='bbox 2998 4630 3200 4700; x_wconf 88' lang='lat' dir='ltr'><strong>inquit;</strong></span> <span class='ocrx_word' id='word_1_838' title='bbox 3241 4629 3310 4683; x_wconf 92' lang='lat' dir='ltr'><strong>de</strong></span> <span class='ocrx_word' id='word_1_839' title='bbox 3347 4630 3457 4684; x_wconf 87' lang='lat' dir='ltr'><strong>suis</strong></span> <span class='ocrx_word' id='word_1_840' title='bbox 3496 4643 3625 4685; x_wconf 86' lang='lat' dir='ltr'><strong>vero</strong></span> <span class='ocrx_word' id='word_1_841' title='bbox 3664 4644 3811 4699; x_wconf 80' lang='lat' dir='ltr'><strong>pra:-</strong></span> 
     </span>
    </p>
   </div>
   <div class='ocr_carea' id='block_1_109' title="bbox 2222 4719 3815 4797">
    <p class='ocr_par' dir='ltr' id='par_1_109' title="bbox 2222 4719 3815 4797">
     <span class='ocr_line' id='line_1_109' title="bbox 2222 4719 3815 4797; baseline -0.006 -15"><span class='ocrx_word' id='word_1_842' title='bbox 2222 4727 2390 4797; x_wconf 91' lang='lat' dir='ltr'><strong>ceptis</strong></span> <span class='ocrx_word' id='word_1_843' title='bbox 2433 4739 2679 4795; x_wconf 88' lang='lat' dir='ltr'><strong>magnam</strong></span> <span class='ocrx_word' id='word_1_844' title='bbox 2728 4738 2910 4778; x_wconf 91' lang='lat' dir='ltr'><strong>curam</strong></span> <span class='ocrx_word' id='word_1_845' title='bbox 2961 4720 3210 4787; x_wconf 83' lang='lat' dir='ltr'><strong>habeant,</strong></span> <span class='ocrx_word' id='word_1_846' title='bbox 3255 4719 3504 4775; x_wconf 86' lang='lat' dir='ltr'><strong>Docentes</strong></span> <span class='ocrx_word' id='word_1_847' title='bbox 3543 4720 3815 4786; x_wconf 84' lang='lat' dir='ltr'><strong>mandata,</strong></span> 
     </span>
    </p>
   </div>
   <div class='ocr_carea' id='block_1_110' title="bbox 2223 4813 3811 4885">
    <p class='ocr_par' dir='ltr' id='par_1_110' title="bbox 2223 4813 3811 4885">
     <span class='ocr_line' id='line_1_110' title="bbox 2223 4813 3811 4885; baseline -0.003 -12"><span class='ocrx_word' id='word_1_848' title='bbox 2223 4820 2479 4873; x_wconf 86' lang='lat' dir='ltr'><strong>doctrinas</strong></span> <span class='ocrx_word' id='word_1_849' title='bbox 2504 4817 2786 4871; x_wconf 84' lang='lat' dir='ltr'><strong>hominum.</strong></span> <span class='ocrx_word' id='word_1_850' title='bbox 2817 4815 2945 4870; x_wconf 82' lang='lat' dir='ltr'><strong>Jure</strong></span> <span class='ocrx_word' id='word_1_851' title='bbox 2989 4829 3118 4885; x_wconf 85' lang='lat' dir='ltr'><strong>ergo</strong></span> <span class='ocrx_word' id='word_1_852' title='bbox 3149 4814 3246 4870; x_wconf 89' lang='lat' dir='ltr'><strong>has</strong></span> <span class='ocrx_word' id='word_1_853' title='bbox 3274 4813 3521 4884; x_wconf 90' lang='lat' dir='ltr'><strong>discipuli</strong></span> <span class='ocrx_word' id='word_1_854' title='bbox 3551 4828 3659 4869; x_wconf 91' lang='lat' dir='ltr'><strong>non</strong></span> <span class='ocrx_word' id='word_1_855' title='bbox 3689 4829 3811 4869; x_wconf 82' lang='lat' dir='ltr'><strong>ser-</strong></span> 
     </span>
    </p>
   </div>
   <div class='ocr_carea' id='block_1_111' title="bbox 2229 4903 3812 4980">
    <p class='ocr_par' dir='ltr' id='par_1_111' title="bbox 2229 4903 3812 4980">
     <span class='ocr_line' id='line_1_111' title="bbox 2229 4903 3812 4980; baseline -0.004 -15"><span class='ocrx_word' id='word_1_856' title='bbox 2229 4920 2375 4966; x_wconf 88' lang='lat' dir='ltr'><strong>vant.</strong></span> <span class='ocrx_word' id='word_1_857' title='bbox 2409 4910 2695 4980; x_wconf 87' lang='lat' dir='ltr'><strong>Postquam</strong></span> <span class='ocrx_word' id='word_1_858' title='bbox 2724 4908 2884 4978; x_wconf 88' lang='lat' dir='ltr'><strong>igitur</strong></span> <span class='ocrx_word' id='word_1_859' title='bbox 2922 4907 3134 4962; x_wconf 81' lang='lat' dir='ltr'><strong>letalem</strong></span> <span class='ocrx_word' id='word_1_860' title='bbox 3166 4906 3301 4959; x_wconf 93' lang='lat' dir='ltr'><strong>hanc</strong></span> <span class='ocrx_word' id='word_1_861' title='bbox 3339 4906 3545 4974; x_wconf 86' lang='lat' dir='ltr'><strong>plagam</strong></span> <span class='ocrx_word' id='word_1_862' title='bbox 3576 4903 3685 4960; x_wconf 89' lang='lat' dir='ltr'><strong>illis</strong></span> <span class='ocrx_word' id='word_1_863' title='bbox 3723 4904 3812 4959; x_wconf 85' lang='lat' dir='ltr'><strong>in-</strong></span> 
     </span>
    </p>
   </div>
   <div class='ocr_carea' id='block_1_112' title="bbox 2226 4999 3814 5076">
    <p class='ocr_par' dir='ltr' id='par_1_112' title="bbox 2226 4999 3814 5076">
     <span class='ocr_line' id='line_1_112' title="bbox 2226 4999 3814 5076; baseline -0.004 -16"><span class='ocrx_word' id='word_1_864' title='bbox 2226 5005 2379 5071; x_wconf 78' lang='lat' dir='ltr'><strong>ﬂixit,</strong></span> <span class='ocrx_word' id='word_1_865' title='bbox 2406 5011 2567 5076; x_wconf 91' lang='lat' dir='ltr'><strong>atque</strong></span> <span class='ocrx_word' id='word_1_866' title='bbox 2620 5017 2689 5057; x_wconf 80' lang='lat' dir='ltr'><strong>ex</strong></span> <span class='ocrx_word' id='word_1_867' title='bbox 2741 5001 2928 5069; x_wconf 83' lang='lat' dir='ltr'><strong>factis,</strong></span> <span class='ocrx_word' id='word_1_868' title='bbox 2988 5010 3043 5056; x_wconf 91' lang='lat' dir='ltr'><strong>et</strong></span> <span class='ocrx_word' id='word_1_869' title='bbox 3094 5015 3163 5054; x_wconf 81' lang='lat' dir='ltr'><strong>ex</strong></span> <span class='ocrx_word' id='word_1_870' title='bbox 3186 4999 3397 5070; x_wconf 88' lang='lat' dir='ltr'><strong>propria</strong></span> <span class='ocrx_word' id='word_1_871' title='bbox 3425 4999 3661 5068; x_wconf 92' lang='lat' dir='ltr'><strong>ipsorum</strong></span> <span class='ocrx_word' id='word_1_872' title='bbox 3688 5012 3814 5054; x_wconf 89' lang='lat' dir='ltr'><strong>sen-</strong></span> 
     </span>
    </p>
   </div>
   <div class='ocr_carea' id='block_1_113' title="bbox 2227 5089 3810 5163">
    <p class='ocr_par' dir='ltr' id='par_1_113' title="bbox 2227 5089 3810 5163">
     <span class='ocr_line' id='line_1_113' title="bbox 2227 5089 3810 5163; baseline -0.004 -12"><span class='ocrx_word' id='word_1_873' title='bbox 2227 5095 2410 5160; x_wconf 86' lang='lat' dir='ltr'><strong>tentia,</strong></span> <span class='ocrx_word' id='word_1_874' title='bbox 2438 5108 2611 5163; x_wconf 75' lang='lat' dir='ltr'><strong>exque</strong></span> <span class='ocrx_word' id='word_1_875' title='bbox 2643 5090 2897 5161; x_wconf 88' lang='lat' dir='ltr'><strong>propheta</strong></span> <span class='ocrx_word' id='word_1_876' title='bbox 2921 5091 3313 5145; x_wconf 89' lang='lat' dir='ltr'><strong>accusationem</strong></span> <span class='ocrx_word' id='word_1_877' title='bbox 3343 5090 3511 5155; x_wconf 81' lang='lat' dir='ltr'><strong>auxit,</strong></span> <span class='ocrx_word' id='word_1_878' title='bbox 3541 5089 3647 5145; x_wconf 88' lang='lat' dir='ltr'><strong>illis</strong></span> <span class='ocrx_word' id='word_1_879' title='bbox 3685 5090 3810 5161; x_wconf 86' lang='lat' dir='ltr'><strong>qui-</strong></span> 
     </span>
    </p>
   </div>
   <div class='ocr_carea' id='block_1_114' title="bbox 2223 5181 3810 5254">
    <p class='ocr_par' dir='ltr' id='par_1_114' title="bbox 2223 5181 3810 5254">
     <span class='ocr_line' id='line_1_114' title="bbox 2223 5181 3810 5254; baseline -0.004 -10"><span class='ocrx_word' id='word_1_880' title='bbox 2223 5188 2345 5244; x_wconf 91' lang='lat' dir='ltr'><strong>dem</strong></span> <span class='ocrx_word' id='word_1_881' title='bbox 2391 5187 2521 5241; x_wconf 93' lang='lat' dir='ltr'><strong>nihil</strong></span> <span class='ocrx_word' id='word_1_882' title='bbox 2566 5185 2701 5240; x_wconf 89' lang='lat' dir='ltr'><strong>ultra</strong></span> <span class='ocrx_word' id='word_1_883' title='bbox 2741 5182 2992 5254; x_wconf 88' lang='lat' dir='ltr'><strong>loquitur,</strong></span> <span class='ocrx_word' id='word_1_884' title='bbox 3024 5190 3208 5252; x_wconf 87' lang='lat' dir='ltr'><strong>utpote</strong></span> <span class='ocrx_word' id='word_1_885' title='bbox 3246 5182 3336 5253; x_wconf 90' lang='lat' dir='ltr'><strong>qui</strong></span> <span class='ocrx_word' id='word_1_886' title='bbox 3378 5181 3655 5238; x_wconf 89' lang='lat' dir='ltr'><strong>emendari</strong></span> <span class='ocrx_word' id='word_1_887' title='bbox 3700 5199 3810 5238; x_wconf 90' lang='lat' dir='ltr'><strong>non</strong></span> 
     </span>
    </p>
   </div>
   <div class='ocr_carea' id='block_1_115' title="bbox 2225 5274 3813 5354">
    <p class='ocr_par' dir='ltr' id='par_1_115' title="bbox 2225 5274 3813 5354">
     <span class='ocr_line' id='line_1_115' title="bbox 2225 5274 3813 5354; baseline -0.004 -16"><span class='ocrx_word' id='word_1_888' title='bbox 2225 5288 2491 5354; x_wconf 90' lang='lat' dir='ltr'><strong>poterant,</strong></span> <span class='ocrx_word' id='word_1_889' title='bbox 2541 5292 2845 5334; x_wconf 90' lang='lat' dir='ltr'><strong>sermonem</strong></span> <span class='ocrx_word' id='word_1_890' title='bbox 2888 5291 3018 5331; x_wconf 90' lang='lat' dir='ltr'><strong>vero</strong></span> <span class='ocrx_word' id='word_1_891' title='bbox 3064 5276 3330 5331; x_wconf 90' lang='lat' dir='ltr'><strong>convertit</strong></span> <span class='ocrx_word' id='word_1_892' title='bbox 3371 5274 3439 5330; x_wconf 91' lang='lat' dir='ltr'><strong>ad</strong></span> <span class='ocrx_word' id='word_1_893' title='bbox 3489 5275 3702 5341; x_wconf 87' lang='lat' dir='ltr'><strong>turbas,</strong></span> <span class='ocrx_word' id='word_1_894' title='bbox 3750 5286 3813 5332; x_wconf 90' lang='lat' dir='ltr'><strong>ut</strong></span> 
     </span>
    </p>
   </div>
   <div class='ocr_carea' id='block_1_116' title="bbox 2224 5369 3810 5447">
    <p class='ocr_par' dir='ltr' id='par_1_116' title="bbox 2224 5369 3810 5447">
     <span class='ocr_line' id='line_1_116' title="bbox 2224 5369 3810 5447; baseline -0.001 -18"><span class='ocrx_word' id='word_1_895' title='bbox 2224 5375 2415 5447; x_wconf 88' lang='lat' dir='ltr'><strong>dogma</strong></span> <span class='ocrx_word' id='word_1_896' title='bbox 2444 5371 2659 5427; x_wconf 85' lang='lat' dir='ltr'><strong>inducat</strong></span> <span class='ocrx_word' id='word_1_897' title='bbox 2688 5370 2937 5435; x_wconf 88' lang='lat' dir='ltr'><strong>sublime,</strong></span> <span class='ocrx_word' id='word_1_898' title='bbox 2973 5384 3243 5440; x_wconf 84' lang='lat' dir='ltr'><strong>magnum,</strong></span> <span class='ocrx_word' id='word_1_899' title='bbox 3272 5378 3327 5425; x_wconf 89' lang='lat' dir='ltr'><strong>et</strong></span> <span class='ocrx_word' id='word_1_900' title='bbox 3354 5369 3520 5425; x_wconf 83' lang='lat' dir='ltr'><strong>multa</strong></span> <span class='ocrx_word' id='word_1_901' title='bbox 3561 5369 3810 5441; x_wconf 77' lang='lat' dir='ltr'><strong>philoso-</strong></span> 
     </span>
    </p>
   </div>
   <div class='ocr_carea' id='block_1_117' title="bbox 2284 5553 3810 5621">
    <p class='ocr_par' dir='ltr' id='par_1_117' title="bbox 2284 5553 3810 5621">
     <span class='ocr_line' id='line_1_117' title="bbox 2284 5553 3810 5621; baseline -0.002 -12"><span class='ocrx_word' id='word_1_902' title='bbox 2284 5558 2357 5621; x_wconf 85' lang='lat' dir='ltr'><strong>(a)</strong></span> <span class='ocrx_word' id='word_1_903' title='bbox 2374 5564 2543 5605; x_wconf 78' lang='lat' dir='ltr'><strong>Eorum</strong></span> <span class='ocrx_word' id='word_1_904' title='bbox 2566 5553 2649 5621; x_wconf 68' lang='lat' dir='ltr'><strong>qui</strong></span> <span class='ocrx_word' id='word_1_905' title='bbox 2667 5553 2738 5604; x_wconf 89' lang='lat' dir='ltr'><strong>sic</strong></span> <span class='ocrx_word' id='word_1_906' title='bbox 2760 5553 3204 5621; x_wconf 77' lang='lat' dir='ltr'><strong>interprcutbantur</strong></span> <span class='ocrx_word' id='word_1_907' title='bbox 3215 5569 3356 5621; x_wconf 83' lang='lat' dir='ltr'><strong>mens</strong></span> <span class='ocrx_word' id='word_1_908' title='bbox 3375 5554 3682 5621; x_wconf 65' lang='lat' dir='ltr'><strong>haecvidetur</strong></span> <span class='ocrx_word' id='word_1_909' title='bbox 3700 5555 3810 5621; x_wconf 55' lang='lat' dir='ltr'><strong>hiis:</strong></span> 
     </span>
    </p>
   </div>
   <div class='ocr_carea' id='block_1_118' title="bbox 2220 5614 3814 5682">
    <p class='ocr_par' dir='ltr' id='par_1_118' title="bbox 2220 5614 3814 5682">
     <span class='ocr_line' id='line_1_118' title="bbox 2220 5614 3814 5682; baseline -0.004 -9"><span class='ocrx_word' id='word_1_910' title='bbox 2220 5614 2315 5682; x_wconf 31' lang='lat' dir='ltr'><strong>sei:</strong></span> <span class='ocrx_word' id='word_1_911' title='bbox 2343 5614 2531 5669; x_wconf 76' lang='lat' dir='ltr'><strong>Donum</strong></span> <span class='ocrx_word' id='word_1_912' title='bbox 2551 5614 2725 5682; x_wconf 66' lang='lat' dir='ltr'><strong>oiTero,</strong></span> <span class='ocrx_word' id='word_1_913' title='bbox 2750 5614 3144 5682; x_wconf 34' lang='lat' dir='ltr'><strong>quodjetiqmjibi</strong></span> <span class='ocrx_word' id='word_1_914' title='bbox 3164 5618 3341 5680; x_wconf 81' lang='lat' dir='ltr'><strong>prosit,</strong></span> <span class='ocrx_word' id='word_1_915' title='bbox 3368 5616 3548 5682; x_wconf 75' lang='lat' dir='ltr'><strong>siquid</strong></span> <span class='ocrx_word' id='word_1_916' title='bbox 3573 5630 3683 5667; x_wconf 83' lang='lat' dir='ltr'><strong>vero</strong></span> <span class='ocrx_word' id='word_1_917' title='bbox 3720 5614 3814 5682; x_wconf 79' lang='lat' dir='ltr'><strong>tibi</strong></span> 
     </span>
    </p>
   </div>
   <div class='ocr_carea' id='block_1_119' title="bbox 2220 5677 3816 5750">
    <p class='ocr_par' dir='ltr' id='par_1_119' title="bbox 2220 5677 3816 5750">
     <span class='ocr_line' id='line_1_119' title="bbox 2220 5677 3816 5750; baseline -0.001 -20"><span class='ocrx_word' id='word_1_918' title='bbox 2220 5681 2367 5749; x_wconf 68' lang='lat' dir='ltr'><strong>oﬂicii</strong></span> <span class='ocrx_word' id='word_1_919' title='bbox 2377 5677 2612 5750; x_wconf 61' lang='lat' dir='ltr'><strong>praestem</strong></span> <span class='ocrx_word' id='word_1_920' title='bbox 2632 5716 2646 5739; x_wconf 94' lang='lat'><strong>,</strong></span> <span class='ocrx_word' id='word_1_921' title='bbox 2680 5679 2746 5750; x_wconf 65' lang='lat' dir='ltr'><strong>id</strong></span> <span class='ocrx_word' id='word_1_922' title='bbox 2764 5677 2918 5750; x_wconf 73' lang='lat' dir='ltr'><strong>gratis</strong></span> <span class='ocrx_word' id='word_1_923' title='bbox 2960 5678 3087 5750; x_wconf 70' lang='lat' dir='ltr'><strong>facio</strong></span> <span class='ocrx_word' id='word_1_924' title='bbox 3105 5717 3119 5739; x_wconf 93' lang='lat'><strong>,</strong></span> <span class='ocrx_word' id='word_1_925' title='bbox 3155 5677 3265 5750; x_wconf 77' lang='lat' dir='ltr'><strong>cum</strong></span> <span class='ocrx_word' id='word_1_926' title='bbox 3299 5677 3459 5730; x_wconf 72' lang='lat' dir='ltr'><strong>annua</strong></span> <span class='ocrx_word' id='word_1_927' title='bbox 3492 5693 3600 5750; x_wconf 77' lang='lat' dir='ltr'><strong>mea</strong></span> 
     </span>
    </p>
   </div>
   <div class='ocr_carea' id='block_1_120' title="bbox 2223 5739 3812 5862">
    <p class='ocr_par' dir='ltr' id='par_1_120' title="bbox 2223 5739 3812 5862">
     <span class='ocr_line' id='line_1_120' title="bbox 2223 5739 3812 5862; baseline -0.004 -67"><span class='ocrx_word' id='word_1_928' title='bbox 2223 5739 2324 5862; x_wconf 47' lang='lat' dir='ltr'><strong>ab:</strong></span> <span class='ocrx_word' id='word_1_929' title='bbox 2337 5739 2540 5809; x_wconf 65' lang='lat' dir='ltr'><strong>oﬁ‘erre;</strong></span> <span class='ocrx_word' id='word_1_930' title='bbox 2562 5739 2605 5793; x_wconf 83' lang='lat' dir='ltr'><strong>si</strong></span> <span class='ocrx_word' id='word_1_931' title='bbox 2628 5739 2746 5805; x_wconf 85' lang='lat' dir='ltr'><strong>quid</strong></span> <span class='ocrx_word' id='word_1_932' title='bbox 2766 5739 2820 5793; x_wconf 83' lang='lat' dir='ltr'><strong>in</strong></span> <span class='ocrx_word' id='word_1_933' title='bbox 2842 5748 2888 5793; x_wconf 86' lang='lat' dir='ltr'><strong>te</strong></span> <span class='ocrx_word' id='word_1_934' title='bbox 2910 5740 3174 5805; x_wconf 79' lang='lat' dir='ltr'><strong>conferam,</strong></span> <span class='ocrx_word' id='word_1_935' title='bbox 3191 5740 3245 5793; x_wconf 87' lang='lat' dir='ltr'><strong>id</strong></span> <span class='ocrx_word' id='word_1_936' title='bbox 3264 5754 3331 5795; x_wconf 74' lang='lat' dir='ltr'><strong>ea:</strong></span> <span class='ocrx_word' id='word_1_937' title='bbox 3349 5756 3455 5795; x_wconf 90' lang='lat' dir='ltr'><strong>mea</strong></span> <span class='ocrx_word' id='word_1_938' title='bbox 3471 5739 3644 5808; x_wconf 82' lang='lat' dir='ltr'><strong>pendet</strong></span> <span class='ocrx_word' id='word_1_939' title='bbox 3662 5740 3812 5792; x_wconf 75' lang='lat' dir='ltr'><strong>liber-</strong></span> 
     </span>
    </p>
   </div>
   <div class='ocr_carea' id='block_1_121' title="bbox 2293 5820 2336 5857">
    <p class='ocr_par' dir='ltr' id='par_1_121' title="bbox 2293 5820 2336 5857">
     <span class='ocr_line' id='line_1_121' title="bbox 2293 5820 2336 5857; baseline -0.023 0"><span class='ocrx_word' id='word_1_940' title='bbox 2293 5820 2336 5857; x_wconf 78' lang='grc' dir='ltr'>ι’.</span> 
     </span>
    </p>
   </div>
  </div>
