4108 6376
290 326 387 384 ειι

287 444 403 498 ἀλλ’
429 441 804 510 ὑπερορῶντες
827 440 1013 494 λοιπὸν
1047 441 1154 495 τῶν
1188 443 1478 515 περιττῶν,
1505 445 1597 497 καὶ
1644 447 1756 507 τοῖς
1791 445 1960 511 ἀναγ-

288 531 468 594 καίοις
503 530 893 602 προσέχοντες·
917 529 1041 582 οὔτε
1062 530 1124 582 τὸ
1147 531 1450 594 νίπτεσθαι,
1480 529 1602 584 οὔτε
1638 532 1698 583 τὸ
1731 532 1806 602 μὴ
1834 531 1957 584 νίπ-

287 618 474 672 τεσθαι
504 618 668 688 νόμον
693 617 927 687 ἔχοντες,
964 617 1079 670 ἀλλ’
1137 617 1212 681 ὡς
1242 617 1429 686 ἔτυχεν
1460 619 1718 689 ἑκάτερον
1745 619 1958 672 ποιοῦν-

286 723 396 768 τες.
431 707 494 758 Ol
529 706 637 778 γὰρ
676 709 770 759 καὶ
807 708 976 776 αὐτῆς
1005 706 1103 774 τῆς
1146 707 1449 774 ἀναγκαίας
1483 707 1955 778 καταφρονοῦντες

286 795 512 866 τροφῆς,
546 794 664 858 πῶς
683 793 904 864 ἔμελλον
929 793 1103 846 ταῦτα
1126 794 1564 865 περισπούδαστα
1587 796 1729 866 ἔχειν
1751 814 1766 862 ;
1803 797 1957 850 Ἐπεὶ

286 879 380 936 οῦν
408 881 690 934 συνέϐαινε
713 881 973 944 πολλάκις
1003 881 1158 935 τοῦτο
1184 882 1291 935 ἀπὸ
1310 883 1655 952 ταυτομάτου
1682 885 1952 952 γίνεσθαι,

285 965 398 1023 οἷον
419 969 494 1033 ὠς
528 970 618 1022 ὅτε
648 971 706 1022 ἐν
743 970 803 1040 τῇ
836 971 1027 1040 ἐρήμῳ
1060 969 1268 1038 ἤσθιον,
1297 969 1371 1033 ὡς
1397 971 1485 1023 ὅτε
1523 973 1649 1035 τοὺς
1679 972 1957 1042 ἀστάχυας

286 1057 490 1111 ἔτιλλον
517 1058 631 1111 ἀντ’
670 1057 1016 1127 ἐγκλήματος
1047 1057 1196 1130 [521]
1230 1059 1361 1112 αὑτὸ
1383 1059 1772 1128 προϐάλλονται
1803 1060 1871 1124 ⁸⁸,
1901 1061 1951 1113 οί

285 1147 352 1200 τά
401 1147 613 1216 μεγάλα
658 1147 745 1200 ἀεὶ
791 1147 1226 1218 παρατρέχοντες
1257 1147 1324 1215 ⁸⁸,
1377 1149 1471 1202 καὶ
1515 1149 1623 1202 τῶν
1681 1149 1952 1220 περιττῶν

285 1234 453 1287 πολὺν
502 1237 817 1305 ποιούμενοι
858 1235 1034 1303 λόγον.
1085 1236 1150 1286 Τί
1178 1231 1271 1289 οὖν
1299 1238 1327 1288 ό
1377 1237 1644 1306 Χριστός;
1671 1238 1784 1290 Οὐκ
1824 1238 1952 1309 ἔστη

284 1317 422 1386 πρὸς
460 1315 638 1381 τοῦτο,
668 1317 790 1370 οὑδὲ
817 1317 1217 1388 ἀπελογήσατο,
1247 1319 1361 1372 ἀλλ’
1389 1320 1589 1383 εὐθέως
1610 1321 1951 1389 ἀντεγκαλεῖ,

284 1405 580 1457 κατασπῶν
613 1405 794 1458 αὑτῶν
826 1407 920 1477 τὴν
969 1407 1296 1477 παρρησίαν,
1342 1409 1436 1461 καὶ
1468 1409 1702 1472 δεικνὺς,
1735 1411 1816 1463 ὃτι
1862 1411 1953 1464 τὸν

286 1491 498 1559 μεγάλα
529 1488 911 1563 ἁμαρτάνοντα
942 1494 1080 1564 ὑπὲρ
1115 1494 1328 1564 μικρῶν
1363 1496 1498 1566 πρὸς
1535 1497 1756 1568 ἐτέρους
1790 1499 1953 1568 ἀκρι-

284 1576 624 1646 ϐολογεῖσθαι
650 1583 710 1634 ού
741 1583 868 1652 χρή.
903 1581 1030 1634 Δέον
1068 1582 1176 1653 γάρ
1211 1583 1352 1653 ὑμᾶς
1393 1584 1762 1652 ἐγκαλεῖσθαι,
1798 1587 1948 1656 φησὶ,

285 1667 379 1718 καὶ
408 1667 729 1734 ἐγκαλεῖτε;
767 1670 839 1722 Σὺ
863 1668 919 1722 δὲ
953 1671 1283 1740 παρατήρει,
1313 1671 1431 1734 πῶς
1465 1673 1593 1724 ὅταν
1613 1689 1664 1724 τι
1695 1672 1950 1742 βούληται

283 1752 443 1806 λῦσαι
482 1753 591 1807 τῶν
639 1756 909 1826 νομίμων,
965 1759 1022 1809 ἐν
1067 1757 1218 1822 τάξει
1251 1758 1548 1827 ἀπολογίας
1596 1760 1726 1813 αὑτὸ
1765 1764 1947 1814 ποιεῖ·

281 1840 414 1912 ὅπερ
449 1841 544 1894 καὶ
575 1843 695 1895 τότε
724 1844 1002 1914 ἐποίησεν.
1053 1844 1187 1898 Οὐδὲ
1214 1847 1324 1916 γὰρ
1361 1845 1562 1909 εὐθέως
1590 1848 1687 1900 ἐπὶ
1712 1847 1810 1915 τὴν
1847 1865 1952 1900 πα-

283 1927 515 1998 ράϐασιν
565 1928 817 1998 ἔρχεται,
852 1930 972 1982 οὺδέ
1025 1930 1192 1998 λέγει,
1242 1932 1408 1986 Οὐδέν
1458 1934 1640 1986 ἐστιν·
1671 1930 1707 2005 ἦ
1743 1935 1850 2006 γάρ
1883 1934 1950 1988 ἂν

283 2014 652 2087 θρασυτέρους
685 2017 1007 2088 εἰργάσατο·
1048 2018 1183 2072 ἀλλά
1223 2020 1438 2090 πρῶτον
1484 2022 1740 2076 ἐκκόπτει
1771 2023 1949 2077 αὑτῶν

283 2102 379 2174 τὴν
429 2101 768 2174 θρασύτητα,
797 2105 857 2158 τὸ
905 2106 1086 2177 πολλῷ
1131 2107 1314 2178 μεῖζον
1362 2107 1612 2179 ἔγκλημα
1663 2111 1743 2174 εἰς
1787 2112 1949 2181 μέσον

282 2193 451 2260 ἄγων,
491 2195 584 2247 καὶ
630 2197 710 2258 εἰς
747 2194 846 2266 τὴν
897 2197 1119 2248 ἐκείνων
1162 2196 1467 2268 περιέλκων
1523 2199 1785 2270 κεφαλήν.
1839 2201 1950 2254 Kal

281 2280 401 2333 οὔτε
424 2281 594 2351 λέγει,
628 2284 710 2336 ὅτι
739 2284 917 2348 καλῶς
942 2283 1156 2337 ποιοῦσι
1181 2285 1630 2356 παραϐαίνοντες,
1657 2287 1744 2341 ἵνα
1770 2287 1845 2358 μή
1875 2287 1950 2358 δῷ

281 2369 450 2438 λαϐὴν
488 2371 706 2434 αὐτοῖς·
740 2369 863 2425 οὔτε
916 2370 1212 2436 κακίζειτδ
1253 2375 1554 2445 γινόμενον,
1612 2376 1699 2428 ἵνα
1742 2377 1816 2447 μὴ
1857 2375 1949 2446 βε-

281 2455 494 2526 ϐαιώσῃ
522 2457 614 2510 τὸν
647 2458 810 2527 νόμον
832 2476 846 2490 ’
894 2459 1002 2511 οὐδ’
1030 2455 1096 2512 αὖ
1145 2459 1306 2513 πάλιν
1339 2465 1634 2531 κατηγορεῖ
1669 2461 1777 2514 τῶν
1810 2479 1946 2532 πρε-

281 2542 577 2614 σϐυτέρων,
614 2546 690 2608 ὡς
717 2547 1049 2617 παρανόμων
1077 2547 1171 2598 καὶ
1196 2545 1408 2617 μιαρῶν
1429 2563 1442 2574 ·
1472 2543 1506 2619 ἦ
1528 2548 1634 2619 γὰρ
1653 2551 1718 2602 ἂν
1744 2549 1819 2612 ὡς
1839 2549 1948 2603 λοί-

278 2631 433 2701 δορον
476 2635 566 2684 καὶ
597 2633 858 2704 ὑϐριστὴν
889 2634 1321 2705 ἀπεστράφησαν
1341 2651 1356 2665 ο
1407 2636 1542 2689 ἀλλά
1570 2638 1744 2690 πάντα
1776 2637 1949 2692 ταῦτα

279 2718 463 2787 ἀφεὶς,
486 2721 677 2791 ἐτέραν
715 2721 832 2774 ὁδὸν
864 2722 1108 2793 ἔρχεται.
1156 2722 1266 2775 Kal
1293 2723 1441 2776 δοκεῖ
1473 2724 1571 2794 μὲν
1601 2726 1786 2788 αὐτοῖς
1824 2727 1946 2778 ἐπι-

277 2807 447 2879 τιμᾷν
479 2809 595 2872 τοῖς
624 2810 1112 2880 παραγενομένοις,
1153 2811 1490 2865 καθάπτεται
1530 2812 1586 2864 δὲ
1632 2812 1739 2864 τῶν
1775 2813 1947 2866 ταῦτα

279 2893 758 2967 νομοθετησάντων
783 2912 796 2925 ·
837 2897 944 2950 τῶν
993 2899 1089 2968 μὲν
1117 2899 1502 2970 πρεσϐυτέρων
1534 2899 1770 2969 οὐδαμοῦ
1807 2919 1942 2971 μνη-

281 2985 542 3054 μονεύων,
582 2987 639 3037 ἐν
670 2986 727 3039 δὲ
868 2986 1005 3057 πρὸς
1051 2986 1274 3051 τούτους
1321 2988 1624 3060 κατηγορίᾳ
1659 2989 1944 3054 κάκείνους

277 3068 658 3132 καταϐάλλων,
693 3072 790 3124 καὶ
819 3071 1033 3134 δεικνὺς
1057 3072 1139 3124 ὅτι
1171 3072 1391 3126 διπλοῦν
1419 3073 1478 3126 τὸ
1504 3074 1825 3145 ἁμάρτημα,
1861 3075 1943 3128 ὅτι

277 3157 375 3210 καὶ
388 3157 467 3228 τῷ
489 3157 606 3229 Θεῷ
623 3158 683 3210 ού
703 3157 1002 3221 πείθονται,
1034 3160 1128 3213 καὶ
1147 3159 1215 3213 δι’
1232 3160 1554 3231 ἀνθρώπους
1585 3161 1744 3214 τοῦτο
1763 3162 1946 3215 ποιοῦ-

279 3260 394 3298 σιν⁶
423 3245 622 3300 ὡσανεὶ
646 3247 830 3314 ἔλεγε·
862 3245 1032 3300 Τοῦτο
1059 3247 1167 3319 γάρ
1195 3247 1340 3318 ὑμᾶς
1360 3289 1374 3312 ,
1411 3248 1570 3301 τοῦτο
1595 3249 1843 3302 ἀπώλεσε
1873 3251 1941 3313 ⁵⁸,

277 3334 340 3388 τὸ
373 3335 552 3390 πάντα
582 3336 869 3391 πείθεσθαι
903 3339 1017 3400 τοῖς
1062 3337 1478 3409 πρεσϐυτέροις.
1515 3338 1655 3391 Ἀλλ’
1703 3340 1762 3392 ού
1799 3339 1944 3409 λέγει

277 3422 440 3488 οὕτω,
459 3422 616 3477 τοῦτο
633 3425 690 3478 δὲ
715 3424 848 3479 αὐτὸ
874 3425 1188 3488 αἰνίττεται,
1209 3424 1382 3488 οὕτως
1396 3427 1576 3490 αὐτοῖς
1592 3427 1911 3498 ἀποκριθείς
1926 3446 1939 3459 ·

279 3512 444 3564 Διατί
481 3511 580 3566 καὶ
613 3511 783 3581 ὑμεῖς
804 3513 1203 3583 παραϐαίνετε
1230 3514 1344 3580 τὴν
1366 3515 1627 3583 ἐντολὴν
1656 3516 1763 3570 τοῦ
1796 3516 1944 3570 Θεοῦ

279 3596 377 3652 διὰ
416 3597 535 3668 τὴν
560 3599 899 3668 παράδοσιν
926 3599 1132 3671 ἰιιιῶν;
1161 3602 1215 3654 Ὀ
1245 3603 1356 3671 γὰρ
1396 3603 1538 3669 Θεὸς
1569 3605 1906 3659 ἐνετείλατο
1927 3623 1940 3636 ·

283 3682 430 3755 Τίμα
453 3685 558 3741 τὸν
583 3687 809 3756 πατέρα
836 3689 932 3742 καὶ
954 3688 1069 3756 τὴν
1088 3689 1314 3758 μητέρα
1337 3707 1350 3721 ·
1374 3691 1487 3754 καὶ,
1523 3692 1577 3743 '0
1599 3690 1944 3762 κακολογῶν

279 3773 503 3843 πατέρα
551 3775 588 3842 ἢ
624 3774 850 3844 μητέρα
873 3815 889 3840 ,
944 3777 1179 3845 θανάτῳ
1226 3777 1573 3834 τελευτάτω.
1605 3777 1820 3848 ,-Ὑμεῖς
1877 3779 1944 3832 δὲ

276 3864 483 3930 λέγετε
511 3879 525 3892 ·
563 3864 661 3929 ’ος
689 3862 765 3917 ἂν
785 3863 928 3936 εἴπῃ
955 3863 1032 3930 τῷ
1058 3866 1231 3933 πατρί
1256 3866 1294 3934 ἢ
1318 3867 1362 3897 ⁵⁸
1395 3865 1468 3934 τῇ
1493 3867 1693 3936 μητρὶ,
1724 3865 1940 3935 Δῶρον,

279 3948 310 4002 ὂ
339 3949 449 4002 ἐὰν
485 3950 554 4015 ἐξ
582 3951 730 4019 ἐμοῦ
762 3951 1101 4021 ὠφεληθῇς,
1141 3952 1240 4006 καί
1271 3955 1342 4007 οὐ
1367 3953 1453 4022 μὴ
1489 3953 1714 4023 τιμήσῃ
1745 3955 1790 3986 ⁵³
1837 3956 1944 4008 τὸν

278 4036 503 4106 πατέρα
542 4040 642 4092 καί
683 4039 798 4108 τὴν
823 4040 1050 4110 μητέρα
1077 4058 1090 4072 ο
1120 4042 1220 4095 καὶ
1257 4041 1607 4109 ἠκυρὼσατε
1655 4042 1768 4112 τὴν
1788 4043 1944 4097 ἐντο-

277 4124 402 4195 λὴν
432 4126 480 4158 ⁵⁸
515 4127 624 4182 τοῦ
659 4129 806 4183 Θεοῦ
826 4128 924 4182 διὰ
954 4127 1071 4197 τὴν
1095 4128 1435 4198 παράδοσιν
1455 4129 1642 4200 ὑμῶν.

350 4285 416 4356 β’.
456 4287 567 4341 Kal
603 4289 704 4342 οὐκ
735 4284 886 4355 εἷπε,
912 4289 1034 4343 Τῶν
1071 4289 1491 4362 πρεσϐυτέρων,
1536 4290 1674 4357 ἀλλ’,
1719 4291 1937 4361 ’Υμῶνο

277 4375 395 4438 καὶ,
440 4375 638 4444 Ὑμεῖς
675 4376 900 4447 λέγετε,
957 4378 1051 4430 καὶ
1090 4379 1190 4430 οὐκ
1234 4373 1408 4444 εἶπεν,
1458 4380 1522 4430 Οί
1559 4379 1938 4451 πρεσϐύτεροι,

277 4459 418 4514 ὥστε
459 4463 928 4535 ἀνεπαχθέσι-ερον
977 4465 1200 4536 ποιῆσαι
1234 4464 1326 4520 τὸν
1359 4465 1539 4533 λόγον.
1585 4467 1800 4538 Ἐπειδὴ
1833 4467 1942 4538 γὰρ

277 4551 632 4621 παρανόμους
658 4551 931 4623 ἠθέλησαν
978 4553 1149 4619 δεῖξαι
1177 4555 1304 4617 τοὺς
1346 4553 1616 4625 μαθητὰς,
1668 4555 1942 4610 δείκνυσιν

275 4638 472 4702 αὐτοὺς
522 4637 680 4692 τοῦτο
724 4639 1035 4706 ποιοῦντας,
1088 4641 1312 4705 τούτους
1381 4642 1438 4696 δὲ
1491 4642 1941 4714 ἀπηλλαγμένους

275 4727 639 4796 ἐγκλήματος.
676 4727 750 4781 Οὑ
796 4727 904 4800 γὰρ
935 4728 998 4799 δὴ
1045 4729 1207 4801 νόμος
1245 4730 1305 4784 τὸ
1341 4730 1449 4785 ὑπὸ
1490 4731 1599 4784 τῶν
1641 4731 1942 4802 ἀνθρώπων

277 4813 566 4883 ἐπιταχθὲν
603 4813 705 4881 (διὸ
737 4816 830 4868 καὶ
861 4816 1157 4887 παράδοσιν
1186 4817 1544 4889 αὺτδ¹καλεῖ).
1590 4820 1685 4872 καὶ
1732 4819 1940 4892 ἀνθρώ-

275 4917 392 4953 πων
419 4901 651 4970 μάλιστα
666 4903 1018 4974 παρανόμων.
1042 4905 1152 4958 Καὶ
1173 4904 1359 4975 ἐπειδὴ
1387 4905 1544 4960 τοῦτο
1571 4907 1670 4960 οῦκ
1693 4901 1761 4977 ἦν
1780 4909 1941 4961 ὑπεν-

273 4989 454 5044 αντίον
477 4990 556 5060 τῷ
588 4991 756 5061 νόμῳ,
789 4992 853 5045 τὸ
883 4992 1126 5046 κελεύειν
1153 4993 1253 5057 τάς
1275 4996 1462 5065 χεῖρας
1490 4996 1716 5062 νίπτειν,
1747 4995 1940 5066 ἑτέραν

273 5078 571 5148 παράδοσιν
599 5081 677 5141 είς
713 5079 876 5149 μέσον
910 5080 1054 5149 άγει,
1090 5083 1506 5155 ἐναντιουμένην
1550 5082 1629 5154 τῷ
1660 5085 1828 5156 νόμῳ.
1875 5086 1940 5140 Ὃ

269 5163 330 5216 δέ
375 5164 542 5233 λέγει,
571 5166 805 5220 τοιοῦτόν
840 5167 1006 5221 ἐστιν’
1050 5169 1405 5222 Ἐπαίδευσαν
1440 5171 1565 5233 τοὺς
1598 5171 1748 5234 νέους
1780 5172 1939 5225 εὑσε-

272 5250 424 5316 ϐείας
471 5255 704 5325 σχήματι
739 5258 1100 5327 καταφρονεῖν
1146 5257 1254 5311 τῶν
1289 5260 1541 5329 πατέρων
1572 5260 1639 5315 ⁸⁸.
1669 5261 1795 5326 Πῶς
1842 5263 1940 5316 καὶ

270 5341 375 5393 τίνι
403 5344 616 5412 τρόπῳ;
652 5343 715 5396 Εἴ
747 5362 827 5406 τις
857 5345 964 5397 τῶν
994 5345 1196 5414 γονέων
1237 5343 1360 5400 εἰπε
1402 5348 1478 5418 τῷ
1509 5349 1680 5414 παιδὶ,
1717 5353 1817 5414 Δός
1848 5369 1938 5422 μοι

270 5429 332 5480 τὸ
363 5431 633 5500 πρόϐατον
648 5431 804 5485 τοῦτο
825 5433 852 5486 ὃ
877 5434 1042 5504 ἔχεις,
1070 5435 1211 5506 ἢτδν
1240 5436 1459 5507 μόσχον,
1488 5439 1518 5508 ἢ
1547 5439 1674 5493 ἄλλο
1698 5458 1750 5493 τι
1766 5441 1938 5494 τοιοῦ-

269 5534 380 5583 τον,
411 5517 598 5587 ἔλεγον
621 5538 633 5550 ·
672 5521 854 5592 Δῶρόν
885 5524 1002 5576 ἐστι
1029 5524 1108 5594 τῷ
1140 5525 1259 5595 Θεῷ
1303 5527 1480 5591 τοῦτο,
1512 5527 1539 5579 ὃ
1571 5528 1742 5592 θέλεις
1785 5527 1934 5601 [522]

1451 329 1516 384 IN
1553 326 1972 386 ΜΑΤἸἮΕΗΜ
2003 326 2237 384 HOMIL.
2277 327 2364 385 LI.
2397 330 2468 385 al.
2508 328 2620 386 LII.

3620 331 3722 388 5|!

2056 441 2116 506 ἐξ
2139 440 2274 512 ἐμοῦ
2303 443 2669 514 ὠφεληθῆναι,
2694 442 2790 496 καὶ
2805 443 2868 496 οὑ
2897 441 3124 497 δύνασαι
3144 441 3350 501 λαϐεῖν.
3364 443 3478 501 Kal
3501 441 3721 498 διπλοῦν

2057 529 2306 583 ἐντεῦθεν
2335 531 2544 598 ἐγίνετο
2577 531 2639 584 τὸ
2668 531 2858 588 κακόν.
2881 529 3022 585 Οὑτε
3053 530 3160 602 γὰρ
3179 530 3257 600 τῷ
3283 529 3401 600 Θεῷ
3422 529 3720 600 προσῆγον,

2058 616 2154 668 καὶ
2206 618 2332 679 τοῦς
2375 619 2568 684 γονέας
2616 619 2841 687 ὀνόματι
2877 619 2977 689 τῆς
3018 618 3337 689 προσφορᾶς
3366 615 3723 687 ἀπεστέρουν,

2055 702 2179 764 τούς
2212 721 2271 757 τε
2302 707 2697 774 γεγεννηκότας
2725 704 2812 758 διὰ
2854 705 2946 759 τὸν
2985 704 3118 758 Θεὸν
3145 704 3476 776 ὑϐρίζοντες,
3505 703 3600 755 καὶ
3633 701 3723 755 τὸν

2057 789 2188 844 Θεὸν
2221 791 2310 844 διὰ
2333 793 2461 855 τοὺς
2494 792 2913 863 γεγεννηκότας.
2963 791 3105 845 Ἀλλ’
3144 793 3203 845 οὐ
3235 791 3382 860 λέγει
3438 785 3597 840 τοῦτο
3637 790 3726 842 εὑ-

2057 876 2214 945 θέως,
2246 878 2381 932 ἀλλά
2419 879 2682 950 πρότερον
2707 881 2796 932 τὸν
2829 879 2992 950 νόμον
3013 878 3398 948 ἀναγινώσκει,
3431 877 3502 930 δι’
3525 871 3586 932 οὗ
3615 877 3725 932 δεί-

2057 981 2213 1018 κνυσι
2252 965 2458 1038 σφόδρα
2487 965 2806 1037 βουλόμενον
2835 967 2997 1020 αὑτὸν
3033 967 3296 1038 τιμᾶσθαι
3332 967 3547 1034 γονέας.
3583 967 3726 1035 Τίμα

2055 1051 2185 1124 7&9,
2219 1055 2373 1125 φησὶ,
2409 1054 2518 1108 τὸν
2550 1055 2776 1122 πατέρα
2798 1070 2916 1109 σου
2948 1054 3048 1108 καί
3082 1055 3197 1122 τὴν
3215 1055 3458 1122 μητέρα,
3487 1054 3589 1106 ἵνα
3609 1055 3724 1123 ἔσῃ
3804 1090 3810 1096 ~

2049 1141 2482 1208 μακροχρόνιος
2508 1141 2604 1194 ἐπὶ
2632 1140 2742 1208 τῆς
2771 1138 2880 1210 γῆς
2898 1157 2913 1173 ·
2937 1142 3030 1194 καὶ
3063 1140 3244 1206 πάλιν,
3287 1140 3348 1194 '0
3372 1138 3723 1208 κακολογῶν

2055 1226 2280 1294 πατέρα
2316 1227 2354 1294 ἢ
2403 1227 2648 1296 μητέρα,
2685 1227 2920 1295 θανάτῳ
2956 1227 3304 1283 τελευτάτω.
3375 1227 3516 1280 Ἀλλ’
3563 1227 3726 1291 αὐτὸς

2053 1313 2230 1366 ἐκεῖνο
2261 1315 2441 1382 ἀφεὶς,
2473 1314 2533 1367 τὸ
2557 1316 2806 1386 κείμενον
2845 1315 3078 1369 ἔπαθλον
3107 1318 3220 1378 τοῖς
3244 1313 3448 1384 τιμῶσι
3471 1316 3598 1378 τοὺς
3622 1330 3721 1382 γο-

2053 1399 2215 1464 νέας,
2257 1400 2318 1454 τὸ
2363 1401 2737 1472 φοϐερώτερον
2775 1403 2976 1474 τίθησι,
3026 1403 3126 1474 τὴν
3177 1403 3397 1456 κόλασιν
3431 1403 3577 1471 λέγω
3625 1404 3726 1474 τὴν

2052 1489 2164 1550 τοῖς
2212 1487 2568 1558 ἀτιμάζουσιν
2603 1491 2999 1561 ἠπειλημένην,
3041 1490 3136 1544 καὶ
3163 1491 3359 1554 αὐτοὺς
3380 1490 3722 1562 καταπλῆξαι

2060 1573 2403 1644 βουλόμενος,
2437 1577 2531 1629 καὶ
2563 1578 2690 1640 τοὺς
2731 1578 2857 1630 νοῦν
2904 1577 3126 1648 ἔχοντας
3157 1577 3598 1632 ἐπισπάσασθαιο
3631 1578 3724 1632 καὶ

2055 1661 2329 1715 δείκνυσιν
2360 1663 2609 1717 ἐντεῦθεν
2641 1663 2872 1718 θανάτου
2903 1665 3087 1729 ἀξίους
3117 1665 3297 1728 ὄντας.
3337 1665 3398 1717 Εἰ
3432 1665 3542 1737 γὰρ
3568 1666 3596 1718 6
3624 1668 3721 1738 9i]-

2058 1767 2187 1820 ματι
2218 1751 2500 1821 ἀτιμάζων
2528 1752 2836 1818 κολάζεται,
2865 1752 3045 1822 πο).λῷ
3079 1753 3276 1824 μᾶλλον
3301 1755 3455 1824 ὑμεῖς
3475 1751 3686 1822 οἰέργῳ
3705 1770 3718 1784 ·

2053 1841 2146 1890 καὶ⁷
2170 1839 2230 1891 οὑ
2259 1839 2418 1909 μόνον
2443 1840 2820 1908 ἀτιμάζοντες,
2863 1839 2997 1892 ἀλλά
3027 1841 3122 1893 καὶ
3155 1842 3372 1911 ἐτέρους
3392 1839 3547 1894 τοῦτο
3577 1841 3717 1895 διδάο
3754 1834 3772 1845 ⁷

2054 1942 2293 1989 σκοντες.
2328 1925 2390 1979 Oi
2417 1927 2594 1980 τοίνυν
2635 1929 2768 1998 μηδέ
2800 1928 2898 1999 ζῇν
2928 1929 3251 1998 ὀφείλοντες,
3293 1929 3407 1992 πῶς
3441 1929 3752 1998 ἐγκαλεῖτι¹

2050 2016 2164 2077 τοῖς
2203 2014 2510 2085 μαθηταῖς;
2556 2013 2620 2067 Τί
2662 2015 2718 2068 δέ
2763 2015 3096 2086 θαυμαστὸν,
3133 2018 3180 2070 εἰ
3209 2020 3288 2080 εἰς
3320 2017 3418 2088 ἐμὲ
3467 2018 3558 2070 τὸν
3583 2017 3720 2081 τέως

2051 2103 2412 2172 ἀγνοούμενον
2436 2102 2662 2155 τοιαῦτα
2692 2103 2963 2174 ὑϐρίζετε.
2989 2105 3117 2158 ὅταν
3153 2106 3247 2157 καὶ
3278 2107 3359 2168 είς
3387 2103 3480 2158 τὸν
3507 2107 3720 2175 πατέρα

2053 2189 2314 2259 φαίνησθε
2360 2189 2584 2243 τοιαῦτα
2623 2189 2933 2255 ποιοῦντες;
2973 2191 3254 2262 Πανταχοῦ
3287 2192 3395 2264 γάρ
3447 2193 3542 2246 καὶ
3571 2189 3719 2261 λέγει

2050 2278 2146 2332 καὶ
2164 2278 2453 2342 δείκνυσιν,
2481 2280 2562 2332 ὅτι
2595 2279 2803 2332 ἐκεῖθεν
2830 2279 2931 2350 τῆς
2960 2280 3214 2345 ἀπονοίας
3240 2282 3478 2352 ἤρξαντο
3491 2282 3716 2358 ταύτης.

2050 2368 2206 2431 Τινὲς
2242 2367 2299 2420 δέ
2329 2368 2376 2400 ⁵⁵
2409 2368 2502 2421 καὶ
2529 2367 2732 2438 ἑτέρως
2769 2366 3132 2439 ἐρμηνεύουσι
3175 2369 3255 2432 τὸ,
3284 2368 3502 2438 Δῶρον,
3535 2371 3566 2425 ὃ
3612 2371 3722 2426 ἐὰν

2047 2456 2117 2519 ἐξ
2147 2454 2294 2524 ἐμοῦ
2320 2454 2666 2524 ὼφεληθῇςσ
2705 2455 3003 2516 τουτέστιν,
3035 2457 3148 2510 Οὐκ
3177 2457 3375 2526 ὀφείλω
3414 2476 3495 2511 σοι
3530 2459 3716 2531 τιμὴν,

2050 2545 2185 2600 ἀλλά
2217 2543 2511 2617 χαρίζομαί
2543 2563 2646 2610 σοι,
2696 2545 2762 2599 ἂν
2802 2545 2909 2615 ἄρα
2955 2563 3014 2597 σε
3055 2547 3290 2617 τιμήσω.
3330 2548 3468 2600 Ἀλλ’
3507 2548 3608 2601 οὐκ
3652 2548 3720 2605 ἀν

2048 2636 2076 2687 ὁ
2098 2632 2332 2704 Χριστὸς
2363 2632 2619 2701 τοιαύτης
2664 2632 3070 2702 ἐμνημόνευσεν
3103 2632 3333 2705 ὕϐρεως.
3363 2635 3472 2687 Kal
3497 2636 3525 2688 ό
3557 2635 3718 2706 Μάρ-

2047 2737 2141 2784 κος
2168 2721 2225 2774 δὲ
2261 2721 2590 2791 σαφέστερον
2623 2721 2782 2774 τοῦτο
2819 2723 2963 2773 ποιεῖ
2995 2721 3196 2789 λέγων’
3239 2721 3493 2788 Κορϐἇν,
3531 2721 3562 2776 ὃ
3599 2723 3710 2776 ἐὰν

2047 2810 2116 2873 ἑξ
2141 2808 2285 2878 ἐμοῦ
2316 2807 2658 2877 ὠφεληθῇςο
2690 2809 2826 2880 ὅπερ
2864 2809 2964 2862 οὑκ
2997 2809 3110 2862 ἔστι
3133 2809 3309 2880 δωρεά
3347 2811 3440 2863 καὶ
3468 2810 3625 2879 προὶξ
3647 2811 3717 2878 ⁸⁸,

2049 2897 2182 2950 ἀλλά
2220 2897 2508 2967 προσφορά
2535 2897 2738 2966 κυρίως
2774 2896 3010 2965 λέγεται.
3055 2896 3244 2962 Δείξας
3271 2897 3471 2962 τοίνυν,
3505 2899 3588 2952 ότι
3619 2899 3719 2952 οὑκ

2047 2987 2113 3040 ἂν
2141 2982 2250 3039 εἷεν
2271 2986 2467 3039 δίκαιοι
2499 2985 2746 3053 ἐγκαλεῖν
2782 2985 3205 3055 παραϐαίνουσιν
3234 2986 3453 3056 ἐντολὴν
3490 2988 3718 3055 πρεσϐυ-

2043 3074 2216 3144 τέρων
2254 3074 2303 3125 οἱ
2338 3072 2429 3126 τὸν
2457 3073 2620 3143 νόμον
2650 3073 3108 3135 καταπατοῦντες,
3136 3073 3374 3126 δείκνυσι
3400 3072 3556 3126 τοῦτο
3584 3073 3718 3127 αὐτὸ

2044 3163 2140 3216 καὶ
2181 3163 2288 3216 ἀπὸ
2319 3161 2413 3214 τοῦ
2452 3161 2755 3232 προφήτου.
2791 3161 3008 3230 Ἐπειδὴ
3053 3161 3162 3232 γὰρ
3208 3161 3406 3224 αὐτοὺς
3443 3155 3552 3214 εἷλε
3587 3178 3718 3230 σφο-

2043 3248 2206 3318 δρῶς,
2240 3248 2550 3320 περαιτέρω
2589 3248 2864 3320 πρόεισιν*
2897 3247 2926 3301 ὃ
2971 3248 3036 3318 δὴ
3075 3246 3353 3318 πανταχοῦ
3401 3249 3576 3311 ποιεῖ,
3614 3248 3716 3313 τὰς

2044 3337 2266 3408 Γραφάς
2298 3337 2379 3399 είς
2410 3335 2572 3407 μέσον
2601 3336 2770 3404 ἄγων,
2797 3339 2892 3389 καὶ
2922 3335 3096 3408 ταύτῃ
3123 3335 3336 3399 δεικνὺς
3359 3335 3552 3390 ἐαυτὸν
3583 3353 3720 3407 συμ-

2045 3425 2298 3478 ϐαίνοντα
2335 3423 2412 3496 τῷ
2456 3423 2595 3494 Θεῷ.
2627 3424 2691 3476 Τί
2741 3424 2798 3478 δὲ
2841 3424 2870 3476 ὁ
2909 3424 3196 3494 προφήτης
3235 3424 3430 3495 φησίν;
3467 3423 3528 3476 Ὀ
3565 3423 3718 3490 λαὸς

2043 3507 2220 3576 οὗτος
2275 3512 2400 3576 τοῖς
2447 3512 2682 3580 χείλεσι
2730 3528 2802 3577 με
2846 3508 3016 3580 τιμᾷ,
3054 3511 3090 3579 ἠ
3139 3506 3208 3562 δὲ
3251 3510 3464 3578 καρδία
3516 3507 3718 3564 αὐτῶν

2043 3601 2241 3667 πόρῤω
2279 3597 2488 3668 ἀπέχει
2527 3600 2628 3654 ἀπ’
2653 3599 2819 3668 ἐμοῦ.
2853 3598 3061 3665 Μάτην
3087 3597 3157 3650 δὲ
3189 3597 3470 3651 σέϐονταί
3489 3613 3587 3666 με,
3629 3595 3718 3650 δι-

2043 3686 2375 3750 δάσκοντες
2389 3685 2808 3752 διδασκαλίας,
2827 3684 3164 3756 ἐντάλματα
3195 3682 3540 3752 ἀνθρώπων.
3562 3679 3717 3747 Εἶδες

2046 3773 2380 3845 προφητείαν
2410 3773 2802 3843 συμφωνοῦσαν
2823 3774 2867 3804 ⁸⁷
2894 3775 3011 3836 τοῖς
3040 3771 3347 3842 εἰρημένοις
3389 3769 3526 3842 μετὰ
3558 3772 3717 3842 ἀκρι-

2044 3861 2224 3926 ϐείας,
2271 3860 2366 3913 καὶ
2397 3861 2600 3915 ἀνωθεν
2638 3860 2818 3915 αὐτῶν
2853 3860 3418 3931 προαναφωνουμένην
3461 3859 3562 3932 τὴν
3607 3877 3713 3914 κα-

2043 3949 2196 4011 κίαν;
2222 3949 2397 4018 Ὅπερ
2435 3949 2589 4018 γάρὸ
2627 3948 2861 4019 Χριστὸς
2901 3947 3189 4002 ἐνεκάλεσε
3220 3946 3335 4013 νῦν,
3364 3946 3520 4001 τοῦτο
3555 3949 3651 4001 καλ⁵
3684 3949 3716 4003 ό

2053 4036 2278 4099 Ἡσαΐας
2312 4035 2518 4089 ἄνωθεν
2549 4034 2719 4097 εἶπεν,
2751 4037 2830 4089 ὅτι
2860 4036 2966 4088 τῶν
2999 4037 3098 4106 μὲν
3123 4033 3218 4088 τοῦ
3260 4035 3394 4088 Θεοῦ
3427 4053 3708 4107 καταφρο-

2041 4125 2220 4177 νοῦσι·
2259 4125 2469 4192 Μάτην
2506 4123 2617 4196 γάρ
2657 4124 2936 4178 σέϐονταί
2963 4141 3060 4193 με,
3095 4125 3291 4194 φησίν·
3321 4123 3429 4177 τῶν
3465 4123 3524 4178 δέ
3567 4123 3716 4177 ἰδίων

2041 4214 2210 4267 πολὺν
2250 4213 2531 4266 ποιοῦνται
2560 4213 2743 4281 λόγον·
2777 4211 3176 4276 Διδάσκοντες
3205 4210 3313 4281 γὰρ
3348 4209 3712 4280 ἐντάλματα,

2042 4299 2438 4365 διδασκαλίας
2491 4300 2835 4368 ἀνθρώπων.
2889 4300 3098 4354 Οὐκοῦν
3159 4299 3384 4363 εἰκότως
3435 4298 3604 4362 αὑτάς
3650 4299 3711 4352 ού

2041 4387 2290 4460 τηροῦσι.
2313 4390 2446 4453 Δοὺς
2484 4388 2660 4442 τοίνυν
2689 4390 2871 4451 αὑτοῖς
2899 4388 3119 4458 καιρίαν
3140 4390 3236 4460 τὴν
3260 4389 3305 4419 ⁸⁸
3341 4387 3570 4458 πληγὴν,
3618 4387 3716 4441 καὶ

2042 4477 2150 4529 ἀπὸ
2191 4475 2301 4529 τῶν
2337 4476 2674 4546 πραγμάτων
2706 4476 2776 4536 ⁸³,
2819 4475 2915 4529 καὶ
2958 4475 3065 4528 ἀπὸ
3107 4477 3204 4546 τῆς
3248 4476 3454 4540 οἰκείας
3502 4475 3710 4545 ψήφου,

2042 4565 2136 4616 καὶ
2182 4563 2290 4617 ἀπὸ
2317 4562 2412 4615 τοῦ
2449 4563 2728 4633 προφήτου
2763 4563 2862 4634 τὴν
2894 4563 3229 4634 κατηγορίαν
3257 4563 3520 4634 αὐξήσας,
3562 4562 3710 4614 ἐκεί-

2041 4669 2152 4714 νοις
2185 4652 2281 4722 μὲν
2324 4651 2475 4704 οὐδὲν
2522 4639 2860 4718 διαλέγεται,
2895 4649 3234 4721 ἀδιορθώτως
3269 4649 3451 4703 λοιπὸν
3491 4648 3711 4719 έχουσι,

2039 4739 2130 4793 τὸν
2155 4740 2211 4792 δέ
2237 4738 2393 4807 λόγον
2428 4739 2622 4808 τρέπει
2651 4737 2786 4810 πρὸς
2817 4739 2942 4800 τοὺς
2974 4737 3184 4808 ὄχλους,
3212 4735 3352 4790 ῶστε
3381 4736 3440 4790 τὸ
3459 4736 3504 4768 ⁶⁰
3531 4736 3711 4806 δόγμα

2041 4827 2370 4894 εἰσενεγκεῖν
2401 4825 2602 4894 ὑῂλὸν
2631 4824 2726 4877 καὶ
2757 4824 2900 4893 μέγα
2925 4823 3004 4885 ὃν,
3033 4825 3126 4876 καὶ
3158 4822 3356 4892 πολλῆς
3391 4821 3711 4892 φιλοσοφίας

2039 4913 2209 4984 γέμον
2228 4931 2240 4944 ·
2271 4913 2365 4966 καὶ
2393 4910 2572 4965 λαϐὼν
2597 4912 2847 4982 ἀφορμὴν
2871 4911 2966 4965 ἀπ’
2997 4910 3148 4982 [525]
3179 4910 3406 4975 ἐκείνου,
3429 4908 3492 4963 τὸ
3523 4909 3711 4982 μεῖζον

2039 5000 2312 5069 ἐνυφαίνει
2335 4998 2377 5031 ⁸⁸
2409 4997 2616 5062 λοιπὸν,
2665 4999 2762 5052 καλ⁸
2805 4997 2905 5069 τὴν
2937 4998 3045 5052 τῶν
3089 4997 3392 5069 βρωμάτων
3457 4997 3709 5070 παρατή-

2044 5107 2198 5161 ρησιν
2251 5086 2548 5142 ἐκϐάλλων.
2588 5085 2727 5140 Ἀλλ’
2767 5086 2870 5158 ὅρα
2919 5085 3070 5140 πότε.
3117 5086 3246 5138 ὐτε
3288 5085 3382 5139 τὸν
3427 5085 3624 5157 λεπρὺν
3663 5085 3716 5117 "

2041 5176 2330 5247 ἐκάθηρεν,
2358 5176 2446 5229 ὅτε
2478 5175 2538 5228 τὸ
2576 5173 2845 5229 σάϐϐατον
2878 5173 3088 5236 ἔλυσεν,
3125 5173 3214 5227 ὅτε
3248 5173 3351 5245 γῆς
3381 5173 3476 5228 καὶ
3509 5172 3708 5227 θαλάτ-

2039 5284 2137 5338 της
2169 5265 2392 5336 βασιλέα
2424 5264 2617 5317 ἐαυτὺν
2649 5263 2946 5332 ἀπέφηνεν,
2978 5263 3067 5315 ὅτε
3094 5262 3140 5294 ⁸³
3173 5261 3585 5334 ἐνομοθέτησεν,
3615 5263 3708 5316 ὅτε

2038 5355 2410 5425 ἁμαρτήματα
2450 5352 2682 5423 ἀφῆκεν,
2728 5352 2816 5404 ὅτε
2861 5351 3090 5421 νεκροὺς
3117 5350 3358 5422 ήγειρεν,
3403 5351 3493 5405 ὅτε
3536 5349 3710 5406 πολλὰ

2036 5442 2138 5512 τῆς
2177 5442 2427 5512 θεότητος
2475 5438 2639 5493 αὑτοῦ
2681 5437 2949 5509 δείγματα
2997 5439 3273 5510 παρέσχεν
3323 5437 3544 5507 αὐτοῖς,
3585 5441 3710 5494 τότε

2039 5531 2166 5601 περὶ
2206 5529 2510 5600 βρωμάτων
2546 5528 2869 5596 διαλέγεται.

344 5611 390 5694 ξ*
418 5611 588 5665 ταῦτα
613 5615 735 5694 ἀντὶ
757 5617 875 5683 ἐγκ.
905 5617 1054 5694 αὑτῷ
1083 5636 1178 5694 πρ.
1203 5618 1272 5672 Μ.
1299 5690 1330 5694 _
1354 5619 1398 5694 δξ
1428 5621 1868 5694 παραϐλέποντες
1887 5621 1962 5694 ϐ.
2027 5624 2070 5654 ⁵⁸
2087 5623 2242 5694 τοῦτο
2271 5623 2525 5694 γὰραὺτδ
2553 5623 2696 5690 ὑμᾶς
2723 5621 3128 5694 κάκείνους-ἀπ.
3157 5621 3315 5694 τοῦτο
3345 5622 3418 5694 (ἶ.
3441 5622 3572 5678 Illud
3606 5623 3708 5694 κά-

272 5682 484 5765 κείνομς
513 5685 672 5765 γει-εῖτ
696 5682 805 5765 (ξε.
825 5702 935 5765 {mp
968 5682 1095 5765 iniam
1119 5682 1265 5765 Ᾱτιιι.
1299 5682 1600 5765 [λείηιίιίτὺ
1631 5693 1696 5765 τά
1719 5682 1894 5765 πάντα
1926 5693 1946 5765 ξ

2052 5695 2111 5765 _“
2236 5682 2432 5747 κάλ’Κ.
2461 5693 2540 5765 Μ.
2571 5682 2619 5765 "‘_
2647 5682 2867 5765 τιμήσει
2890 5691 2954 5765 Π.
2987 5682 3058 5746 Κ.
3081 5693 3147 5765 Μ.
3179 5693 3421 5765 καὶέτὴν]
3452 5695 3602 5765 ἢτὴν
3635 5693 3703 5765 (ἓ.

241 5750 351 5848 .M;
380 5753 457 5840 '5'
486 5754 583 5848 72w
596 5753 847 5848 ξντρλὴν]
869 5757 1139 5848 τὸννόμρὶν
1171 5761 1230 5813 L.
1306 5760 1663 5848 'l‘nfatgpmv]
1699 5762 1900 5848 γονέων
1932 5763 2128 5848 Μκιερ.
2159 5750 2331 5848 :EuIl‘h.
2386 5765 2432 5796 ⁸⁵
2564 5763 2673 5848 γὰρ
2826 5765 2872 5795 ⁸⁸
2901 5763 3080 5848 δωρεά
3107 5763 3300 5848 (δίιὶξεᾲ
3325 5750 3585 5848 (τοιίτίῦέ)
3611 5764 3706 5848 καὶ

269 5826 473 5924 προῖκα
504 5823 568 5910 G:
596 5823 655 5878 L.
694 5823 857 5908 Mali!
908 5828 1012 5882 alio
1041 5823 1294 5951 ]Barocc.
1325 5829 1470 5902 189.]
1500 5823 1722 5902 δωρεάν
1751 5832 1844 5885 καὶ
1902 5851 1942 5884 π

343 5893 705 5951 πραγμάτων]
731 5895 819 5950 Sac
842 5896 904 5948 ΙΙ.
931 5897 989 5951 L.
1015 5899 1044 5951 Ἀ
1071 5939 1084 5951 .
1117 5899 1214 5951 Ge.
1240 5902 1388 5951 Arm.
1415 5901 1573 5951 vulgo
1603 5902 1942 5951 γραμμάτων

2047 5823 2102 5888 ια
2159 5835 2373 5903 legitur.
2451 5834 2495 5865 "
2518 5823 2920 5951 ωρϐαίνουσαν
2967 5823 3103 5888 Εόό.
3179 5833 3198 5864 ⁵

2047 5902 2162 5951 ’τὸῖ
2190 5921 2242 5951 τι
2275 5903 2338 5951 Κ-
2396 5904 2435 5936 ⁶¹
2469 5905 2579 5951 fma
2604 5921 2681 5951 νει
2707 5902 2770 5951 α,
2796 5903 2858 5951 K-
2885 5919 2937 5951 n.
2970 5920 3024 5951 n-
3047 5902 3198 5951 ὲκϐἀ]

1015 5899 1102 5974 Μ..
1117 5899 1214 5974 Ge_.
1240 5902 1388 5954 Arm.
1415 5899 1588 5974 {hlgff
1603 5902 1942 5974 γραμμάτων

2047 5902 2162 5974 ³τὸ]
2190 5899 2242 5956 τι
2275 5903 2338 5956 Κ.
2396 5904 2435 5936 ⁶¹
2469 5899 2681 5970 ὑφαίνει
2707 5902 2770 5958 G.
2796 5903 2858 5957 K.
2885 5919 2937 5974 ρ.
2970 5920 3024 5972 p.
3047 5899 3460 5959 ἐκϐάλλειἘιΙιί.
3533 5906 3578 5936 ⁶¹
3605 5905 3700 5958 τδν

268 5893 316 5965 _"
343 5893 712 5965 πραγμάτωθῖ
731 5895 819 5950 Sic
842 5896 904 5948 ll.
931 5897 989 5951 L.

2667 5833 2920 5903 αἰνουσαν
2967 5832 3136 5903 Εάόμ
3179 5833 3223 5866 ⁸⁸
3243 5832 3339 5903 τὴν
3386 5851 3496 5890 om.
3533 5835 3594 5890 ϐ.
3634 5835 3702 5890 II.

263 5955 607 6032 λεπρδνῗκαὶ
634 5955 865 6032 λεπροὺς
895 5967 957 6023 H.
992 5968 1261 6027 Articulos
1286 5988 1391 6026 om.
1431 5955 1650 6026 ι,.⁹Μ.“’
1681 5955 1726 6005 δέ
1760 5955 1875 6045 ῦτε]
1909 5991 1946 6024 τι

2060 5955 2386 6031 ιζίίιζλίιέέη.
2425 5955 3280 6045 vL-r'na’au‘539390290110].
3315 5955 3558 6045 οέῖιοειέίι
3597 5955 3696 6030 οο.
