4108 6376
347 397 454 456 515

348 516 467 586 phia
499 515 748 582 plenum;
779 514 1098 577 sumptaque
1124 517 1188 556 ex
1218 501 1309 555 illo
1338 496 1640 558 occasione,
1668 486 1842 559 majus
1870 485 1937 539 il-

353 608 443 664 lud
481 580 773 669 contexuit,
820 610 874 657 et
920 599 1160 654 ciborum
1204 590 1630 647 observationem
1676 580 1933 638 eliminat.

346 698 455 756 Sed
484 697 605 751 vide
630 692 865 766 quando.
886 690 1020 745 Cum
1048 688 1319 757 leprosum
1342 679 1637 743 mandavit,
1667 691 1788 730 eum
1814 672 1936 727 sab-

345 793 526 850 batum
557 765 749 851 solvit;
782 783 993 855 quando
1036 791 1189 835 terra:
1235 776 1501 843 marisque
1530 784 1707 840 regem
1745 782 1805 822 se
1841 765 1936 819 de-

349 882 590 945 claravit,
621 878 833 950 quando
859 876 1005 945 luges
1034 872 1199 935 dedit,
1225 867 1438 940 quando
1470 872 1683 936 peccata
1710 859 1929 921 dimisit,

347 973 560 1045 quando
588 979 828 1026 mortuos
868 966 1136 1030 excitavit,
1168 960 1380 1031 quando
1419 964 1729 1028 argumenta
1770 952 1934 1005 multa

346 1043 643 1120 divinitatis
684 1076 795 1116 sua:
840 1059 969 1131 ipsis
1011 1055 1257 1127 prtebuit,
1305 1061 1429 1125 tunc
1471 1049 1539 1104 de
1581 1046 1716 1102 cibis
1758 1043 1935 1113 loqui-

347 1168 455 1213 tur.

419 1251 473 1305 5.
521 1245 841 1319 Abrogandte
892 1239 1287 1297 circumcisionis
1340 1234 1623 1307 difﬁcultas.
1659 1262 1730 1273 —
1769 1230 1935 1283 Totus

349 1342 492 1396 enim
527 1338 839 1396 Judaismus
872 1334 973 1389 hac
1001 1334 1053 1388 in
1086 1347 1143 1387 re
1168 1330 1472 1385 continetur
1500 1344 1512 1379 :
1544 1327 1585 1380 si
1628 1325 1728 1379 hoc
1755 1324 1936 1377 abstu-

351 1433 511 1501 leris,
560 1440 729 1486 totum
789 1427 1072 1484 abstulisti.
1143 1424 1273 1479 Nam
1337 1421 1459 1476 inde
1509 1424 1932 1480 commonstrat,

350 1529 509 1583 etiam
556 1523 1017 1581 circumcisionem
1062 1517 1306 1587 abrogari
1352 1522 1640 1585 oportere:
1673 1510 1767 1566 sed
1806 1507 1936 1562 illud

352 1635 458 1675 non
514 1618 779 1689 prmcipue
846 1612 1083 1674 induxit,
1136 1609 1385 1679 quoniam
1450 1605 1550 1658 hoc
1615 1611 1935 1672 prteceptum

352 1710 472 1764 aliis
520 1716 637 1763 erat
686 1703 989 1775 antiquius,
1036 1711 1093 1756 et
1140 1700 1341 1767 majore
1385 1694 1769 1751 observabatur
1809 1690 1936 1744 reli-

352 1802 539 1867 gione;
568 1797 662 1854 sed
707 1812 802 1867 per
820 1792 1112 1863 discipulos
1144 1789 1271 1844 illud
1296 1788 1497 1841 statuit.
1531 1786 1601 1840 Ita
1631 1798 1819 1854 magna
1850 1796 1939 1837 res

351 1900 503 1959 erat,
533 1902 592 1947 ut
638 1907 758 1946 cum
799 1887 1043 1957 discipuli
1095 1894 1213 1955 post
1253 1891 1455 1936 tantum
1489 1890 1698 1948 tempus
1740 1876 1941 1931 vellent

351 1986 497 2042 illam
550 1986 840 2056 abrogare,
900 1984 1069 2050 primo
1116 1978 1257 2033 illam
1312 1974 1685 2040 adhibuerint,
1744 1970 1939 2026 deinde

353 2081 681 2145 abrogarint.
736 2076 869 2131 Vide
922 2082 1096 2128 autem
1150 2069 1417 2142 quomodo
1471 2068 1640 2136 legem
1702 2064 1936 2119 inducat.

354 2173 443 2229 10.
484 2172 612 2227 Cum
668 2170 956 2223 advocasset
1002 2165 1135 2218 enim
1178 2162 1384 2225 turbas,
1428 2159 1629 2227 inquit,
1664 2158 1791 2209 dixit
1826 2156 1934 2220 eis,

354 2263 537 2318 Audite
564 2271 609 2316 ct
636 2260 916 2329 intelligite.
949 2256 1134 2326 Neque
1164 2255 1304 2307 enim
1332 2249 1643 2319 simpliciter
1684 2249 1813 2315 ipsis
1840 2246 1939 2299 hoc

353 2355 663 2419 anmmtiat,
716 2350 810 2406 sed
854 2349 1003 2420 prius
1034 2347 1234 2399 honore
1275 2353 1432 2413 atque
1474 2338 1729 2408 obsequio
1766 2345 1941 2391 atten-

356 2449 552 2503 tionem
597 2443 834 2500 sermoni
871 2456 972 2496 suo
1013 2438 1262 2495 conciliat
1306 2435 1431 2506 (hoc
1454 2432 1595 2488 enim
1623 2430 1941 2500 significavit

353 2540 678 2611 evangelista
708 2552 829 2592 cum
858 2535 1027 2599 dixit,
1061 2530 1190 2587 Cant
1213 2529 1502 2584 advocasset
1528 2524 1769 2594 deinde),
1812 2537 1940 2577 nec-

353 2648 459 2687 non
486 2646 553 2685 ex
585 2627 840 2698 temporis
864 2622 1281 2693 Opportunilate.
1326 2618 1613 2686 Postquam
1650 2614 1791 2667 enim
1819 2613 1939 2665 illos

352 2726 718 2783 confutaverat
756 2731 809 2776 et
853 2720 1085 2779 vicerat,
1124 2722 1400 2784 postquam
1428 2726 1492 2764 ex
1523 2706 1779 2779 propheta
1820 2702 1940 2758 red-

351 2823 633 2887 arguerat,
678 2823 804 2867 tunc
852 2810 1021 2880 legem
1070 2806 1212 2861 ferre
1277 2802 1495 2873 incipit,
1561 2814 1681 2853 cum
1734 2796 1939 2851 facilius

353 2916 598 2981 poterunt.
639 2906 780 2962 dicta
828 2903 1111 2971 excipere;
1170 2913 1271 2953 nec
1316 2897 1476 2952 modo
1524 2894 1783 2959 advocat,
1841 2891 1936 2946 sed

351 3003 664 3059 attentiores
708 2998 902 3055 reddit.
945 2996 1245 3066 lnteltigitc,
1288 2990 1493 3061 inquit;
1539 2988 1640 3042 hoc
1676 2996 1791 3051 est,
1835 2984 1937 3038 Co-

352 3098 512 3168 gitate
532 3138 546 3159 ,
570 3096 805 3150 animum
834 3092 1026 3161 erigite
1044 3129 1060 3157 ,
1083 3085 1376 3141 attentione
1411 3083 1567 3152 digna
1591 3088 1673 3134 est
1695 3080 1779 3133 lex
1816 3093 1937 3133 mox

352 3188 654 3243 scribenda.
700 3184 832 3239 Nam
864 3184 906 3237 si
948 3181 1024 3235 illi
1065 3189 1304 3247 tempore
1340 3190 1443 3228 non
1477 3180 1836 3226 consentanea
1862 3168 1938 3223 les

352 3294 470 3350 gem
522 3278 798 3331 solverunt
854 3281 1070 3342 propter
1113 3267 1452 3323 traditionem
1503 3277 1687 3327 suam,
1736 3271 1789 3315 et
1841 3274 1938 3313 vos

352 3370 575 3425 audistis
612 3368 729 3422 illos
768 3383 781 3419 :
825 3364 993 3419 multo
1022 3361 1189 3431 magis
1230 3374 1317 3413 me
1356 3358 1536 3412 audire
1563 3363 1809 3424 oportet,
1846 3352 1932 3422 qui

352 3472 594 3532 tempore
640 3466 939 3528 opportuno
986 3454 1051 3508 ad
1091 3452 1347 3523 majorem
1400 3464 1494 3502 vos
1541 3443 1933 3518 philosophiam

356 3554 572 3609 induco.
626 3550 735 3606 Nec
773 3550 945 3611 dixit,
993 3544 1136 3601 Nihil
1181 3552 1264 3599 est
1308 3542 1547 3595 ciborum
1593 3536 1933 3600 observatio,

352 3646 467 3709 vel,
495 3644 704 3715 Moyses
730 3640 780 3694 id
808 3638 947 3693 male
973 3634 1261 3706 praecepit,
1290 3632 1371 3686 vel
1407 3646 1527 3685 sese
1552 3629 1703 3683 vobis
1740 3636 1936 3681 attem-

353 3735 590 3810 peravit;
634 3732 726 3787 sed
767 3730 916 3801 quasi
956 3724 1294 3781 admonendo
1336 3733 1389 3776 et
1425 3718 1782 3782 consulendo,
1824 3727 1873 3771 et
1902 3731 1933 3771 a

352 3808 531 3885 rerum
577 3832 762 3878 natura
793 3818 1153 3875 testimonium
1194 3815 1460 3884 accipiens
1489 3812 1618 3866 dicit
1646 3829 1660 3863 :
1692 3811 1779 3865 11.
1812 3808 1933 3861 Non

351 3936 462 3990 qua:
488 3920 680 3972 intrant
716 3915 769 3968 in
804 3930 886 3976 os,
919 3910 1245 3981 coinquinant
1285 3908 1573 3969 hominem,
1604 3903 1692 3958 sed
1726 3917 1839 3970 qua:
1874 3916 1936 3955 ea:

353 4028 438 4066 ore
466 4010 740 4081 procedunt
768 4023 788 4063 :
818 4004 1108 4060 secundum
1145 4003 1313 4070 ipsam
1360 4008 1600 4053 naturam
1623 4038 1638 4062 ,
1679 4005 1733 4051 et
1762 3995 1933 4065 legem

352 4104 555 4172 profert
601 4110 655 4154 et
697 4098 1016 4155 sententiam
1043 4095 1193 4150 dicit.
1243 4092 1365 4147 ilice
1396 4090 1468 4145 illi
1509 4088 1787 4143 audientes
1826 4101 1933 4141 non

351 4192 819 4253 contradixerunt,
866 4204 1038 4259 neque
1085 4187 1373 4251 dixerunt,
1401 4182 1537 4250 Quid
1582 4190 1635 4234 tu
1663 4179 1775 4235 ais?
1811 4194 1933 4233 eum

351 4291 492 4345 Deus
533 4288 602 4344 de
643 4288 885 4342 ciborum
925 4281 1297 4339 observatione
1338 4280 1617 4333 innumera
1663 4288 1934 4344 praecepe-

350 4384 451 4445 rit,
481 4390 536 4435 tu
570 4376 872 4448 huiusmodi
904 4375 1049 4444 leges
1079 4370 1281 4427 tradis?
1308 4369 1401 4424 scd
1437 4369 1559 4438 quia
1586 4364 1931 4421 vehementer

350 4476 472 4529 illos
496 4481 821 4543 represserat
840 4512 855 4535 ,
885 4485 990 4523 non
1034 4464 1357 4522 confutando
1395 4462 1599 4523 solum,
1631 4459 1724 4514 sed
1754 4458 1931 4513 dolum

352 4569 587 4638 ipsorum
646 4566 698 4619 in
757 4563 989 4618 medium
1035 4558 1343 4623 alferendo,
1401 4570 1464 4611 ac
1519 4569 1635 4624 qua:
1671 4553 1807 4607 clam
1861 4548 1931 4603 illi

354 4672 690 4724 struxerant,
756 4674 1054 4728 arcanaque
1116 4655 1308 4709 mentis
1359 4667 1541 4707 eorum
1607 4645 1931 4710 revelando,

354 4772 473 4811 eum
513 4754 727 4811 silentio
769 4760 1125 4807 recesserunt.
1167 4748 1248 4802 Tu
1289 4760 1417 4799 vero
1456 4742 1582 4796 mihi
1619 4737 1930 4811 perpende,

354 4846 620 4917 quomodo
671 4860 769 4899 nec
818 4841 1097 4897 manifeste
1145 4853 1244 4893 nec
1304 4836 1477 4907 palam
1518 4832 1585 4887 de
1620 4830 1751 4885 cibis
1793 4828 1936 4883 edis-

350 4950 516 4997 serat.
547 4936 775 5007 ideoque
805 4951 908 4989 non
936 4934 1101 5000 dixit,
1141 4931 1284 4993 Cibi,
1314 4928 1407 4983 sed
1432 4969 1446 4994 ,
1484 4927 1590 4991 Ea,
1632 4941 1743 4992 qua:
1762 4924 1932 4993 ingre-

353 5033 593 5096 diuntur,
626 5046 729 5083 non
771 5027 1099 5095 coinquinant
1140 5023 1427 5085 hominem;
1468 5018 1608 5090 quod
1640 5017 1797 5072 etiam
1841 5029 1937 5083 po-

353 5130 531 5177 terant
581 5121 649 5176 de
685 5119 846 5175 illotis
903 5117 1147 5171 manibus
1184 5113 1464 5182 suspicari.
1524 5110 1644 5181 ipse
1704 5119 1934 5176 namque

352 5216 417 5268 de
474 5213 612 5269 cibis
648 5210 1001 5282 loquebatur;
1042 5217 1356 5279 poteratque
1396 5216 1570 5258 tamen
1610 5198 1937 5268 intelligiode

352 5305 513 5361 illatis
544 5302 807 5359 manibus.
849 5301 1017 5355 Tanta
1061 5299 1202 5354 enim
1236 5306 1352 5351 erat
1395 5295 1634 5349 ciborum
1662 5291 1936 5345 observa-

352 5398 458 5457 tio,
502 5403 560 5448 ιιι
602 5396 762 5449 etiam
802 5402 922 5461 post
961 5387 1408 5444 resurrectionem
1452 5384 1640 5438 Petrus
1677 5381 1880 5436 diceret
1916 5393 1932 5431 :

355 5487 513 5553 Non,
564 5484 812 5551 Domine,
852 5484 970 5554 quia
1027 5497 1300 5552 numquam
1345 5493 1642 5542 commune,
1697 5484 1785 5527 aut
1838 5473 1937 5526 im-

353 5580 597 5633 mundum
642 5579 763 5649 quid
803 5575 997 5631 comedi
1051 5574 1188 5641 (Act.
1235 5571 1322 5626 10.
1367 5571 1479 5641 14).
1527 5566 1745 5623 Etiamsi
1793 5565 1935 5619 enim

352 5673 583 5728 aliorum
618 5686 780 5726 causa
824 5669 938 5723 haec
967 5668 1202 5733 diceret,
1237 5674 1292 5719 ut
1330 5663 1429 5718 sibi
1477 5660 1735 5715 adversus
1776 5672 1936 5713 accu-

355 5774 562 5821 satores
598 5762 968 5819 defensionem
1015 5766 1257 5829 pararet,
1307 5752 1721 5822 ostenderetque
1763 5764 1823 5806 se
1848 5738 1938 5805 re.-

356 5858 590 5927 stitisse,
619 5870 791 5926 neque
813 5854 890 5911 sic
925 5851 976 5908 id
1004 5851 1100 5907 sibi
1131 5862 1445 5907 concessum
1473 5843 1673 5913 fuisse,
1704 5852 1936 5899 attamen

1387 379 1450 435 IN
1488 366 1898 430 ΜᾹΪΤΗᾹΞΗΜ
1938 365 2168 424 HOMIL.
2207 367 2293 424 LI.
2335 370 2406 426 al.
2447 366 2555 427 ιιι.

3518 367 3626 425 516

2041 485 2272 539 ostendit
2292 500 2533 555 magnam
2564 485 2720 555 hujus
2749 488 2825 542 rei
2850 499 3031 540 curam
3063 492 3117 540 et
3147 485 3472 555 opinionem.
3501 483 3626 538 Ideo

2038 573 2281 631 Christus
2301 578 2353 631 in
2374 578 2636 648 principio
2672 594 2778 633 non
2812 580 2882 633 ita
2910 590 3094 648 aperte
3119 578 3187 632 de
3211 578 3345 632 cibis
3371 577 3625 647 loquutus

2036 677 2148 733 est,
2176 668 2269 722 sed
2307 668 2469 733 dixit,
2501 668 2627 734 Qua:
2666 686 2756 740 per
2779 687 2834 724 os
2866 670 3219 739 ingrediuntur
3255 686 3274 724 :
3310 683 3374 723 ac
3401 683 3587 723 rursus
3609 709 3626 735 ,

2038 775 2160 815 cum
2200 762 2530 817 manifestius
2559 762 2659 817 hac
2693 762 2760 818 de
2804 778 2862 818 re
2906 773 3089 832 postea
3132 762 3384 831 loquutus
3412 760 3626 816 videre-

2041 863 2127 909 tur
2150 897 2165 920 ,
2197 871 2225 908 a
2260 856 2366 909 ﬁne
2394 857 2479 909 illa
2504 856 2840 911 obumbravit
2866 856 3050 911 dicens
3079 874 3092 910 :
3124 855 3293 910 Illotis
3318 864 3485 910 autem
3518 871 3631 907 ma-

2038 947 2185 1001 nibus
2226 947 2534 1001 manducare
2576 966 2677 1003 non
2720 950 3010 1018 coinquinat
3053 948 3346 1002 hominem:
3390 954 3449 1001 ut
3507 946 3631 1001 hinc

2038 1040 2310 1095 videretur
2340 1042 2544 1095 initium
2586 1042 2813 1107 ducere,
2858 1043 3175 1112 interimque
3215 1042 3304 1096 illa
3334 1041 3402 1097 de
3435 1056 3494 1096 re
3521 1041 3634 1095 dis-

2040 1135 2293 1189 seruisse.
2333 1134 2540 1192 ldcirco
2566 1152 2672 1191 non
2715 1136 2876 1203 dixit,
2908 1134 3159 1191 Ciborum
3182 1149 3307 1190 esus
3340 1149 3447 1189 non
3476 1134 3630 1188 coin-

2038 1228 2222 1297 quinat
2243 1226 2542 1292 hominem;
2577 1228 2669 1283 sed
2696 1229 2844 1298 quasi
2879 1227 2948 1283 de
2982 1227 3085 1282 alia
3125 1243 3184 1282 re
3224 1227 3502 1296 disputans
3524 1267 3539 1293 ,
3571 1234 3631 1279 ut

2042 1318 2175 1372 nihil
2217 1329 2435 1388 possent
2475 1320 2547 1374 illi
2577 1320 2831 1390 objicere.
2874 1320 2998 1375 Hzec
3037 1335 3155 1374 cum
3196 1320 3508 1383 audissent,
3545 1316 3629 1370 in-

2039 1414 2183 1483 quit,
2212 1412 2555 1468 seandalizali
2586 1424 2743 1480 sunt,
2779 1414 3030 1469 Phariszei
3058 1428 3273 1482 nempe,
3307 1428 3412 1467 non
3436 1413 3625 1467 turbae.

2042 1504 2130 1559 12.
2174 1504 2479 1560 Accedentes
2524 1506 2696 1570 enim,
2749 1506 2942 1575 inquit,
2977 1505 3217 1573 discipuli
3259 1505 3368 1572 ejus
3395 1504 3629 1559 dixerunt

2042 1596 2087 1649 ei
2112 1613 2130 1649 :
2163 1595 2278 1650 Scis
2317 1598 2436 1665 quia
2482 1595 2767 1659 Pharisan',
2798 1597 2971 1650 audito
3007 1596 3101 1650 hoc
3146 1596 3294 1651 verba
3316 1636 3332 1662 ,
3370 1595 3630 1651 scandali-

2041 1690 2142 1743 καιὶ
2170 1690 2330 1743 sunt?
2363 1691 2425 1743 Et
2453 1699 2626 1744 tamen
2659 1689 3062 1744 nihiladversus
3089 1704 3182 1743 eos
3210 1688 3409 1743 dictum
3437 1687 3627 1742 fuerat.

2042 1780 2178 1848 Quid
2212 1781 2369 1851 igitur
2403 1779 2680 1836 Christus?
2715 1781 2829 1836 Non
2861 1781 3018 1836 solvit
3065 1780 3373 1834 scandalum
3402 1795 3587 1835 eorum
3610 1819 3627 1841 ,

2043 1872 2136 1929 sed
2166 1874 2492 1944 increpavit,
2538 1875 2723 1929 dicens
2753 1893 2769 1929 :
2800 1876 2889 1931 15.
2923 1874 3101 1928 Omnis
3151 1874 3432 1943 plantatio,
3476 1888 3629 1942 quam

2042 1980 2144 2017 non
2172 1965 2417 2034 plantavit
2456 1966 2607 2019 Pater
2649 1983 2790 2023 meus
2823 1967 3069 2033 cwlcstis,
3116 1966 3473 2020 eradicabitur.
3516 1964 3629 2019 No-

2043 2066 2193 2111 verat
2239 2060 2379 2111 enim
2422 2059 2757 2128 quandonam
2812 2060 3059 2112 scandala
3101 2058 3527 2122 contemnenda,
3576 2065 3630 2113 ct

2042 2152 2254 2221 quando
2306 2168 2410 2205 non
2462 2153 2800 2222 despicienda
2848 2163 3018 2207 erant.
3063 2154 3197 2206 Alibi
3251 2153 3445 2222 quippe
3489 2152 3563 2205 ait
3612 2169 3625 2204 :

2045 2243 2129 2297 Ne
2154 2245 2551 2299 scandalizemus
2576 2262 2687 2307 eos,
2734 2247 2872 2298 mitte
2914 2246 3118 2297 hamum
3146 2245 3196 2297 in
3236 2260 3374 2297 mare
3415 2242 3626 2314 (Matth.

2049 2338 2136 2391 17.
2164 2338 2296 2407 26);
2334 2338 2418 2392 hic
2458 2354 2586 2393 vero
2613 2338 2743 2393 dicit
2774 2356 2786 2389 :
2824 2339 2907 2392 M.
2954 2338 3116 2392 Sinite
3144 2337 3292 2401 illos,
3321 2337 3440 2389 cteci
3476 2346 3626 2397 sunt,

2044 2438 2091 2482 et
2134 2430 2283 2489 duces
2332 2445 2597 2483 ramorum.
2662 2428 2833 2483 chus
2884 2440 3048 2482 autem
3110 2428 3151 2480 si
3199 2443 3329 2479 αι’ρο
3390 2426 3627 2479 ducatum

2044 2532 2275 2589 prtcstet,
2304 2523 2449 2575 ambo
2484 2524 2536 2575 in
2565 2525 2759 2591 foveam
2788 2520 2985 2573 cadent.
3018 2520 3144 2573 lla-c
3173 2532 3351 2575 autem
3379 2503 3628 2573 dicebant

2043 2614 2323 2681 discipuli,
2371 2629 2474 2667 non
2507 2622 2612 2667 tam
2640 2612 2779 2683 quod
2823 2611 2890 2666 de
2921 2612 3023 2665 illis
3047 2610 3320 2673 dolerent,
3349 2610 3442 2665 sed
3485 2609 3625 2680 quod

2047 2720 2098 2763 ct
2127 2710 2225 2779 ipsi
2272 2709 2599 2779 aliquantum
2649 2709 3005 2761 turbarentur.
3039 2705 3171 2773 Quia
3203 2720 3327 2759 vero
3375 2721 3480 2758 non
3525 2720 3623 2757 au-

2046 2802 2243 2858 debant
2290 2802 2417 2856 illud
2461 2817 2523 2854 ex
2558 2801 2769 2871 propria
2804 2814 3027 2868 persona
3073 2797 3282 2858 dicere,
3330 2798 3381 2850 in
3431 2811 3616 2850 narra-

2047 2898 2188 2951 tione
2222 2894 2290 2950 de
2341 2896 2459 2949 aliis
2494 2894 2728 2949 instituta
2782 2893 2830 2946 id
2882 2892 3122 2946 ediscere
3167 2890 3436 2943 volebant.
3492 2888 3623 2943 Nam

2042 2990 2185 3062 quod
2213 3002 2301 3044 res
2334 2989 2404 3043 ita
2438 3002 2498 3043 se
2523 2987 2715 3042 habeat
2734 3026 2749 3049 ,
2776 2985 2896 3038 audi
2934 2982 3200 3053 quomodo
3226 2992 3408 3053 postea
3437 2981 3625 3035 Petrus

2042 3083 2261 3140 fervens
2288 3084 2408 3148 ille,
2436 3082 2524 3152 qui
2569 3095 2782 3149 semper
2811 3079 2955 3147 prior
2982 3077 3220 3140 accedit,
3250 3075 3392 3128 dicat
3424 3092 3437 3128 :
3473 3072 3626 3127 Edis-

2041 3193 2145 3231 sere
2173 3175 2313 3229 nobis
2354 3175 2646 3245 parabolam
2667 3173 2795 3224 hanc
2828 3169 2940 3239 (illa
2965 3169 3037 3222 th.
3073 3169 3156 3223 15.
3191 3166 3312 3239 15);
3355 3167 3516 3221 animi
3541 3168 3623 3221 sui

2040 3268 2491 3340 perturbationem
2550 3264 2859 3325 declarans,
2908 3276 3006 3314 nec
3053 3259 3257 3313 audens
3302 3259 3472 3327 palam
3538 3258 3622 3311 di-

2040 3375 2196 3426 cere,
2250 3358 2349 3412 hoc
2397 3357 2495 3411 sibi
2554 3354 2872 3409 olfeudiculo
2937 3367 3089 3412 esse,
3142 3350 3239 3407 sed
3283 3365 3508 3419 rogans,
3566 3364 3624 3402 se

2041 3459 2400 3515 commotum,
2493 3445 2929 3515 interpretatione
3016 3442 3222 3507 sedari;
3302 3453 3624 3512 quapropter

2040 3541 2201 3597 etiam
2260 3543 2561 3608 increpatus
2614 3537 2731 3591 fuit.
2797 3534 2932 3603 Quid
2983 3535 3141 3604 igitur
3202 3534 3276 3588 ait
3337 3532 3623 3588 Christus?

2042 3633 2221 3690 Omnis
2263 3632 2547 3701 plantatio,
2604 3645 2756 3700 quam
2806 3644 2907 3681 non
2970 3627 3212 3696 plantavit
3263 3624 3422 3679 Pater
3481 3641 3623 3679 meus

2039 3728 2287 3789 ctelestis,
2337 3723 2693 3778 eradicabitur.
2746 3721 2857 3774 Hoc
2888 3719 2954 3774 dc
3003 3720 3117 3787 lege
3149 3719 3348 3772 dictum
3396 3718 3623 3772 aderunt

2042 3822 2076 3876 ii
2105 3821 2193 3890 qui
2243 3818 2657 3873 Manichaeorum
2708 3815 2896 3869 morbo
2936 3813 3179 3868 laborant
3206 3812 3315 3883 (a);
3362 3812 3453 3866 sed
3501 3826 3621 3881 qua:

2042 3915 2186 3985 prius
2212 3914 2351 3968 diota
2397 3920 2553 3975 sunt,
2588 3925 2681 3962 ora
2712 3908 2918 3962 illorum
2955 3906 3258 3960 obstruunt.
3308 3904 3438 3958 Nam
3483 3904 3622 3958 side

2040 4008 2155 4077 lege
2192 4005 2443 4069 dixisset,
2476 4000 2744 4072 quomodo
2774 4014 2930 4065 supra
2964 3998 3135 4066 legem
3158 3995 3517 4061 defendisset,
3558 4011 3622 4051 ac

2038 4116 2136 4171 pro
2182 4114 2241 4153 ea
2285 4105 2567 4167 pugnasset
2598 4093 2862 4148 dicendo:
2890 4091 2993 4146 Cur
3037 4090 3445 4161 transgredimini
3472 4106 3621 4143 mane

2039 4196 2213 4246 datum
2256 4189 2347 4242 Dei
2386 4205 2474 4259 per
2502 4186 2822 4239 traditionem
2851 4192 3061 4237 vestram
3082 4183 3107 4235 ?
3150 4181 3416 4251 quomodo
3441 4190 3619 4235 autem

2041 4286 2353 4357 prophetam
2401 4283 2451 4335 in
2498 4279 2730 4334 medium
2778 4277 2979 4331 inducit
3022 4275 3291 4329 (licentem
3340 4273 3623 4343 :Populns

2040 4381 2121 4433 hic
2170 4378 2316 4432 labiis
2369 4392 2448 4428 me
2504 4375 2755 4438 honorat,
2805 4381 2911 4426 etc.
2974 4368 3080 4424 Scd
3132 4369 3199 4423 de
3247 4369 3349 4423 illis
3397 4369 3524 4437 ipsis
3566 4376 3622 4423 et

2038 4473 2106 4528 de
2138 4468 2508 4527 traditionibus
2537 4480 2721 4520 eorum
2756 4463 2870 4517 hinc
2910 4462 3160 4531 loquitur.
3207 4459 3336 4513 Nam
3384 4460 3429 4514 si
3482 4459 3625 4514 Deus

2037 4564 2205 4630 dixit,
2276 4559 2489 4615 Honora
2547 4566 2741 4628 patrem
2805 4564 2983 4618 timui,
3049 4561 3096 4606 et
3154 4561 3363 4604 matrem
3425 4545 3624 4604 tuam}

2039 4655 2306 4727 quomodo
2328 4654 2379 4708 id
2409 4651 2551 4723 quod
2571 4666 2600 4703 a
2627 4650 2735 4726 Deo
2763 4647 2958 4702 dictum
2987 4654 3089 4710 est,
3120 4660 3223 4699 non
3255 4652 3339 4699 est
3368 4643 3626 4714 plantatio

2040 4750 2176 4805 Dei?

2111 4841 2164 4896 4.
2198 4839 2253 4894 ld
2293 4838 2455 4893 etiam
2506 4834 2650 4905 quod
2697 4832 2937 4902 sequitur
2974 4830 3195 4900 probat,
3227 4828 3293 4883 de
3324 4828 3428 4883 illis
3453 4836 3509 4883 et
3554 4827 3625 4883 de

2044 4929 2417 4987 traditionibus
2467 4925 2681 4981 illorum
2739 4922 2855 4976 hme
2899 4922 3037 4975 dicta
3070 4920 3232 4974 fuisse
3285 4940 3298 4975 :
3347 4934 3467 4973 nam
3495 4920 3626 4974 sub-

2037 5025 2215 5097 junxit
2243 5039 2257 5075 :
2284 5019 2418 5078 Cteci
2445 5029 2561 5075 sunt
2600 5019 2751 5072 duces
2788 5032 3052 5070 caecorum.
3087 5014 3139 5069 Si
3166 5012 3235 5069 de
3278 5013 3397 5083 lege
3446 5013 3498 5068 id
3542 5014 3626 5068 lo-

2043 5125 2239 5188 quutus
2269 5115 2488 5182 fuisset,
2516 5112 2761 5167 dicturus
2791 5118 2907 5164 erat
2927 5151 2940 5173 ,
2985 5108 3097 5164 Dux
3128 5118 3205 5163 est
3254 5124 3426 5164 caecus
3454 5123 3627 5163 caco-

2041 5227 2195 5275 rum;
2242 5223 2425 5264 verum
2470 5221 2574 5261 non
2625 5205 2694 5259 ita
2746 5203 2912 5269 dixit,
2959 5201 3087 5266 sed,
3142 5200 3307 5255 Duces
3356 5212 3471 5257 sunt
3508 5202 3629 5256 eieci

2042 5317 2322 5359 siccorum,
2369 5300 2537 5366 legem
2582 5297 2648 5351 ab
2677 5295 3015 5350 accusatione
3044 5294 3351 5356 vindicans,
3385 5293 3438 5348 in
3482 5293 3629 5348 illos-

2042 5410 2143 5463 que
2185 5404 2351 5447 totum
2383 5389 2693 5445 refundens.
2742 5386 2941 5442 Deinde
2982 5398 3035 5439 ut
3067 5386 3272 5439 turbam
3321 5384 3388 5437 ab
3418 5384 3519 5438 illis
3543 5385 3628 5437 di-

2041 5486 2263 5541 velleret
2286 5525 2302 5549 ,
2338 5498 2404 5536 ne
2444 5482 2499 5534 in
2531 5478 2836 5533 barathrum
2872 5478 2937 5528 ab
2968 5476 3095 5544 ipsis
3123 5475 3478 5544 dejiceretur,
3506 5475 3580 5527 ait
3611 5490 3627 5529 :

2044 5578 2107 5633 Si
2135 5592 2300 5631 caecus
2327 5589 2513 5629 caecum
2557 5571 2740 5635 ducat,
2786 5569 3010 5622 amboin
3052 5568 3245 5637 foveant
3288 5564 3486 5619 cadent.
3517 5565 3628 5620 Ma.

2044 5684 2205 5741 gnum
2231 5666 2443 5739 quidem
2471 5664 2670 5718 malum
2699 5660 2913 5717 ctecitas
2937 5668 3019 5715 est
3067 5678 3080 5714 :
3124 5658 3215 5714 sed
3243 5672 3362 5715 esse
3393 5673 3594 5713 carem»
3612 5696 3630 5726 ,

2114 5844 2187 5905 (α)
2220 5839 2465 5893 Μθηὶοιιπί
2491 5837 2657 5902 legem
2679 5848 2776 5886 non
2799 5847 2828 5882 ι
2845 5830 2957 5883 Deo
2980 5836 3117 5882 Patre
3143 5842 3254 5881 esse
3271 5828 3522 5879 dicebant.
