4108 6376
460 367 565 427 815

459 503 561 543 nec
590 487 785 543 habere
807 485 994 542 ducem
1014 527 1030 553 ,
1068 492 1123 540 et
1146 499 1205 540 se
1229 484 1419 538 ducem
1449 481 1715 552 prrobere,
1749 477 1802 532 id
1845 475 2041 547 duplex

461 578 762 650 triplexque
806 578 1013 633 crimen
1068 583 1170 631 est.
1217 575 1351 630 Nam
1404 573 1448 628 si
1491 570 1848 641 periculosum
1897 580 2042 621 casco

459 680 544 727 est
568 712 584 737 ,
617 687 723 725 non
772 669 969 725 habere
998 668 1221 732 ducem,
1256 667 1424 721 multo
1466 663 1817 735 periculosius
1858 660 1960 715 erit
1996 660 2042 715 si

458 778 519 818 se
563 762 717 817 alteri
761 762 948 816 ducem
980 760 1236 829 prmbeat.
1268 756 1402 825 Quid
1448 756 1607 826 igitur
1654 752 1877 808 Petrus?
1925 752 2040 806 Non

458 853 630 919 dixit,
659 853 765 908 Cur
821 851 936 907 haec
981 850 1200 906 dixisti?
1247 849 1339 904 sed
1386 849 1536 919 quasi
1586 846 1664 901 rei
1718 845 2042 901 obscuritate

458 958 680 1014 pressus
704 942 1016 1012 interrogat.
1048 941 1158 996 Nec
1191 940 1320 995 dicit
1349 951 1363 989 :
1388 939 1495 994 Cur
1520 950 1704 994 contra
1749 938 1918 1007 legem
1959 937 2041 990 lo-

457 1045 652 1105 quutus
683 1034 781 1089 es?
810 1035 1031 1089 timebat
1058 1033 1198 1089 enim
1240 1048 1307 1088 ne
1334 1030 1724 1087 scandalizatus
1768 1029 1933 1084 fuisse
1956 1028 2038 1082 vi-

457 1127 707 1191 deretur;
738 1126 830 1181 sed
878 1126 1025 1195 quasi
1056 1124 1281 1179 obscura
1307 1138 1394 1178 res
1423 1130 1570 1178 esset
1607 1122 1861 1191 loquitur.
1888 1119 2040 1187 Quod

457 1236 589 1275 vero
630 1235 735 1275 non
767 1218 1107 1273 obscuritatis
1133 1231 1329 1282 causa,
1375 1215 1470 1270 sed
1522 1214 1663 1284 quod
1716 1212 2041 1268 scandaliza-

456 1323 634 1377 retur,
684 1312 799 1365 huic
822 1310 1051 1372 dixerit,
1086 1309 1258 1379 palam
1304 1317 1385 1363 est
1416 1326 1428 1360 :
1461 1307 1590 1361 nihil
1634 1307 1775 1361 enim
1821 1306 1891 1361 ibi
1940 1305 2042 1358 oh-

455 1403 725 1458 scuritatis
777 1403 964 1457 inerat.
1020 1398 1572 1468 Quocirca‘Christus
1620 1399 1861 1467 increpat
1917 1397 2039 1452 illos

454 1496 686 1549 dicens:
734 1493 820 1549 16.
878 1493 1058 1546 Adhuc
1098 1508 1183 1548 vos
1231 1492 1380 1545 etiam
1424 1491 1533 1544 sine
1577 1489 1831 1543 intellectu
1877 1488 2040 1543 estis?

454 1589 586 1644 Nam
619 1588 787 1642 turba:
809 1586 1027 1641 forsitan
1050 1586 1189 1641 dicta
1215 1601 1320 1640 non
1347 1584 1721 1640 intellexerunt
1746 1601 1759 1636 :
1788 1583 1885 1653 ipsi
1909 1598 2038 1639 vero

454 1679 795 1736 scandalizati
835 1679 1064 1733 fuerant.
1111 1677 1287 1746 Quare
1330 1677 1510 1743 initio,
1556 1676 1705 1746 quasi
1745 1674 1813 1730 de
1854 1674 2040 1729 Phari-

454 1773 577 1827 sacis
625 1773 1046 1841 interrogantes,
1106 1768 1347 1823 ediscere
1391 1767 1670 1833 volebant;
1717 1766 1804 1821 ubi
1857 1772 2037 1820 autem

453 1864 738 1919 audierunt
776 1878 897 1916 eum
922 1860 1155 1932 graviter
1178 1859 1593 1915 comminantem
1637 1873 1699 1913 ac
1726 1858 1991 1912 dicentem
2017 1899 2033 1923 ,

458 1955 637 2010 Omnis
677 1954 961 2024 plantatio,
1009 1969 1162 2023 quant
1222 1967 1323 2005 non
1376 1949 1621 2020 plantavit
1685 1948 1843 2003 Pater
1894 1965 2036 2003 meus

452 2049 693 2115 cwlestis,
736 2045 1099 2111 eradicabitur,
1128 2051 1216 2109 et,
1248 2042 1381 2097 Cteci
1404 2051 1520 2097 sunt
1562 2041 1714 2096 duces
1751 2056 2031 2106 caecorum,

452 2141 685 2207 repressi
727 2149 869 2195 sunt.
921 2138 1026 2194 Sed
1084 2137 1273 2192 Petrus
1315 2150 1527 2205 semper
1570 2134 1797 2199 ardens,
1844 2148 1911 2187 ne
1956 2132 2036 2187 sic

450 2234 663 2304 quidem
697 2240 876 2286 tacere
915 2229 1121 2301 potuit,
1163 2226 1258 2283 sed
1287 2226 1413 2281 dicit
1444 2243 1457 2279 :
1490 2225 1576 2280 15.
1628 2223 1866 2279 Edissere
1894 2224 2035 2277 nobis

451 2324 747 2395 parabolant
797 2324 947 2376 hanc.
981 2320 1116 2389 Quid
1163 2333 1292 2390 ergo
1339 2316 1622 2375 Christus?
1658 2315 2033 2371 Vehementius

450 2414 736 2486 respondet
786 2430 800 2467 :
848 2413 1029 2467 Adhuc
1078 2411 1229 2464 etiam
1279 2426 1366 2464 vos
1421 2409 1528 2463 sine
1579 2408 1833 2462 intellectu
1874 2407 2033 2462 estis?

451 2514 537 2569 ΓΙ.
569 2511 812 2566 Nondum
854 2508 1155 2578 intelligitis.
1186 2504 1312 2561 Haec
1353 2502 1489 2558 dixit
1517 2503 1828 2571 increpans,
1876 2511 1932 2555 ut
1964 2501 2032 2555 il-

450 2605 620 2659 lorum
660 2599 1057 2674 prazjudicatam
1101 2596 1404 2667 opinionem
1439 2594 1691 2663 ejiceret,
1722 2608 1821 2648 nec
1872 2592 2031 2648 linem

449 2696 656 2753 dicendi
700 2696 853 2759 fecit,
881 2692 977 2748 sed
1006 2692 1123 2747 hinc
1163 2689 1358 2759 adjecit
1384 2704 1398 2740 :
1433 2687 1593 2742 Omne
1636 2686 1771 2758 quod
1797 2688 1949 2740 intrat
1978 2688 2031 2740 in

447 2805 540 2854 os,
606 2789 660 2841 in
714 2794 932 2840 ventrem
987 2780 1160 2848 vadit,
1217 2790 1264 2834 et
1322 2780 1378 2834 in
1445 2795 1693 2834 secessum
1755 2780 2031 2843 emittitur;

450 2880 537 2936 l8.
567 2894 680 2950 qua:
713 2886 880 2932 autem
918 2874 1194 2947 procedunt
1242 2888 1305 2926 ea:
1354 2887 1474 2935 ore,
1525 2870 1588 2925 de
1635 2869 1784 2924 corde
1810 2878 2030 2935 exeunt,

449 2971 604 3030 stilla
629 2969 955 3039 coinquinant
984 2965 1254 3020 hominem.
1299 2962 1381 3018 l9.
1416 2961 1495 3016 De
1516 2962 1667 3015 corde
1691 2961 1824 3015 enim
1847 2969 2031 3014 exeunt

446 3064 772 3135 cogitationes
821 3060 1006 3124 mala,
1050 3058 1354 3120 homicidia,
1400 3055 1685 3120 adulteria,
1736 3055 2032 3126 fornicatio-

447 3176 570 3223 nes,
626 3157 798 3227 furta,
844 3153 1207 3224 blasphemiw,
1256 3152 1389 3220 falsa
1439 3150 1743 3205 testimonia.
1801 3148 1893 3204 20.
1962 3146 2032 3202 Et

448 3250 555 3304 haec
581 3258 695 3303 sunt
737 3262 850 3318 qua:
888 3245 1213 3315 coinquinant
1255 3242 1522 3297 hominem.
1553 3240 1676 3295 Non
1710 3240 1826 3295 lotis
1863 3249 2032 3294 autem

447 3342 677 3398 manibus
705 3340 1044 3404 manducare,
1081 3353 1182 3392 non
1215 3336 1505 3407 coinquinat
1541 3335 1810 3389 hominem.
1842 3332 2031 3388 Viden‘

447 3452 607 3508 quam
640 3433 988 3489 vehementer
1013 3431 1133 3486 illos
1162 3427 1435 3498 increpet?
1476 3426 1678 3482 Deinde
1698 3442 1728 3480 a
1756 3425 2031 3481 communi

449 3537 646 3584 natura
685 3525 1110 3584 sermocinatur,
1154 3530 1212 3576 ut
1267 3521 1401 3579 illos.
1437 3518 1504 3573 ad
1551 3520 1743 3575 bonam
1792 3524 2029 3572 mentem

445 3622 625 3677 ducat.
669 3619 803 3674 Cum
831 3617 975 3674 enim
1019 3615 1179 3682 dicit,
1213 3612 1279 3668 In
1316 3622 1537 3667 ventrem
1577 3612 1748 3677 vadit,
1777 3620 1823 3665 et
1857 3611 1912 3664 in
1953 3626 2031 3664 se-

446 3729 641 3769 cessum
680 3711 951 3775 emittitur,
991 3707 1169 3762 adhuc
1213 3706 1504 3761 secundum
1556 3703 1833 3760 Judaicum
1880 3703 2031 3772 abje-

445 3815 590 3861 ctum
617 3818 833 3859 sensum
861 3801 1112 3871 loquitur.
1142 3798 1279 3853 Dicit
1301 3798 1478 3864 enim,
1510 3795 1603 3851 illa
1630 3812 1736 3851 non
1767 3809 1988 3851 manere
2010 3835 2027 3860 ,

445 3900 541 3956 sed
585 3896 786 3969 egredi.
820 3894 1150 3964 Quamquam
1180 3892 1391 3947 etiamsi
1434 3898 1742 3958 manerent,
1773 3906 1883 3945 non
1927 3891 2030 3945 im-

445 3989 702 4047 mundum
749 3986 1053 4042 redderent.
1104 3984 1210 4040 Sed
1240 3983 1471 4039 nondum
1519 3991 1767 4053 poterant
1794 3982 1909 4037 haec
1936 3997 2029 4036 au-

445 4082 582 4137 dire.
614 4080 739 4136 ideo
766 4078 1039 4149 legislator
1082 4084 1231 4131 tanto
1259 4075 1478 4130 dimittit
1520 4083 1762 4144 tempore
1782 4116 1796 4139 ,
1829 4082 2030 4145 quanto

445 4174 591 4231 intus
632 4181 845 4227 maneat
887 4188 901 4225 :
943 4185 1063 4225 cum
1112 4178 1287 4224 autem
1344 4183 1618 4238 egressum
1684 4166 1871 4232 fuerit,
1921 4182 2027 4222 non

445 4267 606 4321 ultra.
638 4264 875 4333 Vespere
912 4263 1069 4332 igitur
1096 4261 1260 4316 lavari
1279 4260 1465 4330 jubet,
1490 4274 1552 4315 ac
1588 4258 1844 4315 mundum
1871 4273 2026 4325 esse,

446 4356 758 4428 digestionis
786 4363 841 4410 et
867 4354 1194 4423 espulsionis
1219 4361 1427 4421 tempus
1449 4361 1697 4406 accurate
1721 4349 2025 4405 dimetiens.

444 4450 575 4519 Quae
613 4457 789 4502 autem
820 4445 996 4502 cordis
1051 4452 1209 4510 sunt,
1252 4444 1456 4513 inquit,
1506 4442 1646 4496 intus
1696 4450 1946 4507 manent,
1975 4450 2031 4495 et

445 4557 564 4598 cum
607 4539 979 4611 egrediuntur,
1008 4536 1390 4607 coinquinant,
1430 4549 1531 4591 nec
1559 4534 1720 4589 modo
1748 4548 1869 4589 cum
1913 4549 2029 4588 ma-

445 4645 607 4700 nent,
658 4633 711 4688 id
748 4632 965 4687 faeiunt.
1016 4630 1194 4685 Primo
1238 4627 1391 4699 ponit
1433 4626 1601 4681 malas
1642 4625 2024 4696 cogitationes,

444 4725 588 4798 quod
607 4723 912 4780 Judteorum
938 4730 1052 4777 erat
1104 4737 1117 4773 :
1168 4734 1267 4774 nec
1293 4717 1469 4773 adhuc
1512 4732 1543 4772 a
1590 4725 1816 4783 natura,
1858 4715 1951 4771 sed
1995 4730 2025 4769 a

444 4825 600 4887 partu
624 4815 827 4872 ventris
849 4823 907 4870 et
935 4811 1112 4869 cordis
1148 4809 1453 4880 redarguit,
1481 4818 1537 4864 et
1560 4824 1626 4864 ex
1650 4822 1717 4864 eo
1756 4806 1899 4878 quod
1924 4807 2025 4861 alia

446 4907 727 4964 maneant,
766 4900 873 4955 alia
901 4916 1009 4955 non
1035 4901 1184 4954 item.
1226 4901 1347 4955 Alia
1373 4901 1541 4969 enim,
1561 4902 1629 4957 de
1662 4902 1797 4958 foris
1822 4903 2026 4972 ingres-

447 5005 545 5056 sa,
592 4990 739 5047 foras
785 5008 979 5049 rursus
1020 5002 1223 5049 exeunt
1255 5013 1268 5049 :
1301 4994 1408 5050 alia
1447 5010 1599 5059 vero,
1643 4995 1789 5051 intus
1822 4997 2022 5064 genita,

449 5096 577 5138 cum
630 5092 865 5147 exeunt,
918 5085 1320 5155 coinquinant,
1374 5094 1430 5142 et
1482 5093 1615 5141 tunc
1655 5085 1865 5156 magis,
1900 5101 2024 5141 cum

444 5173 811 5243 egrediuntur.
857 5172 1099 5227 Nondum
1131 5172 1275 5227 enim
1320 5180 1605 5241 poterant,
1637 5179 1695 5224 ut
1739 5171 1880 5235 dixi,
1909 5170 2027 5226 haac

440 5279 561 5320 cum
601 5265 913 5334 congruenti
946 5262 1280 5334 philosophia
1324 5262 1529 5318 audire.
1562 5261 1768 5317 Marcus
1794 5260 1941 5332 (Cap.
1968 5264 2020 5316 7.

444 5358 533 5427 l9)
557 5366 735 5412 autem
759 5355 918 5419 dicit,
950 5356 1123 5426 ipsum
1152 5354 1216 5409 ad
1247 5353 1546 5426 purgandos
1572 5353 1720 5409 cibos
1738 5355 1850 5409 hate
1866 5353 2026 5409 dixis-

442 5467 535 5518 se;
568 5468 670 5506 non
724 5460 901 5505 tamen
958 5448 1012 5504 id
1062 5449 1354 5519 expressit,
1383 5446 1524 5519 quod
1571 5447 1694 5502 talia
1740 5445 2023 5502 comedere

444 5558 550 5597 non
582 5540 892 5611 coinquinet
935 5538 1208 5594 hominem
1259 5555 1273 5592 :
1325 5554 1432 5593 non
1462 5538 1605 5593 enim
1636 5536 1926 5592 voluissent
1954 5536 2020 5590 il-

444 5635 555 5689 lum
582 5643 689 5689 tam
718 5634 863 5689 clare
900 5634 1203 5703 loquentem
1244 5631 1449 5687 audire.
1483 5630 1609 5686 ideo
1631 5629 1748 5685 hmo
1774 5628 1975 5685 addidit
2005 5647 2019 5684 :

446 5724 569 5780 Non
607 5724 721 5779 lotis
764 5722 994 5779 manibus
1042 5722 1345 5777 manducare
1366 5764 1382 5787 ,
1411 5738 1512 5776 non
1540 5722 1829 5790 coinquinat
1856 5720 2021 5775 homi-

442 5832 583 5873 nem.
609 5814 887 5873 Disoamus
914 5828 1042 5886 ergo
1062 5828 1306 5885 quisnam
1334 5814 1679 5885 coinquinent
1702 5814 1970 5872 hominem
2002 5832 2017 5866 :

1168 364 1221 425 S.
1261 363 1537 423 JOANNIS
1570 354 2045 418 CHRYSOSTOMI
2085 354 2401 412 ARCHIEP.
2443 356 2977 419 CONSTANTINOP.

3634 366 3735 425 δίε

2150 471 2413 530 discamus
2440 475 2556 532 haec
2574 516 2589 543 ,
2616 487 2672 532 et
2698 477 2982 549 fugiamus.
3005 478 3136 535 Nam
3167 480 3220 536 in
3247 481 3468 538 ecclesia
3495 482 3739 540 videmus

2149 564 2292 623 hunc
2333 583 2537 623 morem
2585 570 2725 641 apud
2772 572 2965 627 multos
2988 572 3197 643 vigere,
3232 575 3321 645 qui
3373 574 3586 631 mundis
3636 590 3734 633 ve-

2149 658 2320 713 stibus
2367 658 2565 715 intrare
2612 661 2854 727 student,
2915 664 3150 734 itemque
3196 665 3320 721 lotis
3358 666 3632 734 manibus;
3679 678 3737 724 ut

2148 764 2279 805 vero
2314 749 2546 805 animam
2590 767 2778 822 puram
2809 755 2921 809 Deo
2945 756 3171 824 sistant,
3216 757 3345 812 nihil
3374 768 3581 813 curant.
3611 759 3737 815 Haec

2151 857 2314 912 porro
2334 842 2487 910 dico,
2522 859 2629 899 non
2678 847 2820 914 quod
2871 847 3181 917 prohibeam
3212 866 3401 905 manus
3441 853 3524 907 vel
3554 867 3617 907 os
3654 855 3735 908 la-

2147 948 2272 988 vare
2293 976 2308 1001 ,
2340 935 2434 990 sed
2464 936 2605 1005 quod
2634 937 2789 992 velim
2814 939 2881 993 ita
2913 939 3074 994 lavari
3104 949 3161 994 ut
3187 957 3281 1011 par
3306 952 3425 1008 est,
3459 957 3567 998 non
3596 958 3734 1014 aqua

2148 1023 2319 1077 solum
2340 1064 2355 1089 ,
2395 1024 2489 1079 sed
2536 1026 2837 1082 virtutibus.
2869 1028 3002 1084 Nam
3030 1032 3217 1087 sordes
3260 1033 3371 1088 oris
3398 1043 3525 1089 sunt
3564 1036 3734 1091 male-

2147 1113 2318 1181 dic1a,
2378 1115 2743 1186 blasphemia,
2810 1122 3145 1185 convicium,
3208 1125 3371 1179 verba
3446 1126 3735 1183 iracundia:

2148 1206 2323 1274 plena,
2351 1209 2436 1261 vel
2460 1209 2709 1264 obscaena
2732 1252 2745 1276 ,
2775 1211 2995 1267 ridicula
3016 1255 3032 1280 ,
3065 1214 3326 1269 scurrilia.
3360 1217 3416 1271 Si
3460 1232 3589 1289 ergo
3637 1219 3732 1275 tibi

2146 1297 2393 1352 conscius
2431 1298 2506 1353 sis
2537 1300 2663 1353 nihil
2694 1300 2798 1357 tale
2821 1302 3021 1359 dixisse
3063 1312 3147 1371 te,
3177 1320 3349 1376 neque
3376 1306 3458 1362 his
3486 1308 3734 1365 sordibus

2146 1389 2445 1458 inquinari,
2476 1407 2596 1446 cum
2640 1393 2830 1448 fiducia
2875 1396 3105 1463 accede;
3135 1398 3217 1453 sin
3268 1400 3459 1457 millies
3489 1400 3586 1458 has
3632 1405 3732 1460 ad-

2146 1482 2335 1537 misisti
2380 1486 2649 1551 maculas,
2679 1502 2777 1542 cur
2825 1487 3020 1544 frustra
3071 1491 3302 1563 linguam
3351 1495 3559 1564 abluis,
3603 1497 3729 1555 dum

2147 1575 2476 1643 perniciosas
2496 1588 2552 1631 et
2581 1579 2767 1634 noxias
2787 1581 2974 1637 sordes
3005 1582 3057 1637 in
3085 1583 3170 1637 illa
3194 1586 3538 1643 circumfers?

2215 1664 2269 1719 5.
2304 1666 2418 1732 Qua
2446 1669 2641 1723 ratione
2663 1670 2915 1725 orandum
2938 1674 3021 1726 sit.
3038 1674 3259 1731 —Nam
3294 1677 3380 1733 dic
3405 1680 3535 1735 mihi
3559 1721 3573 1747 ,
3596 1681 3640 1737 si
3668 1682 3729 1738 fi-

2144 1771 2288 1810 mum
2331 1759 2595 1814 etlutum
2636 1777 2746 1831 prae
2791 1764 3035 1820 manibus
3083 1766 3336 1838 haberes,
3386 1787 3455 1826 an
3503 1775 3729 1831 auderes

2143 1852 2340 1905 orare?
2369 1850 2731 1925 Nequaquam.
2765 1856 3014 1914 Attamen
3049 1860 3177 1914 nihil
3204 1860 3331 1918 hinc
3356 1863 3532 1921 damni
3558 1884 3573 1931 ;
3599 1867 3727 1925 illud

2141 1952 2318 1998 autem
2344 1945 2701 2013 perniciosum
2727 1957 2825 2003 est.
2860 1949 2968 2005 Cur
2995 1966 3123 2021 ergo
3152 1953 3203 2007 in
3243 1954 3401 2010 rebus
3428 1956 3729 2015 indifferen-

2142 2035 2283 2091 tibus
2320 2040 2457 2106 pius,
2490 2038 2542 2092 in
2570 2039 2851 2109 prohibitis
2874 2042 2942 2097 ita
2968 2045 3242 2115 negligens
3268 2062 3328 2103 es
3354 2048 3377 2102 ἲ
3403 2049 3539 2117 Quid
3564 2054 3728 2123 ergo?

2142 2128 2382 2199 inquies;
2416 2146 2519 2185 non
2564 2134 2771 2202 precari
2816 2139 3069 2205 oportet?
3099 2138 3325 2208 Oportet
3363 2144 3598 2213 quidem,
3634 2146 3728 2204 sed

2140 2238 2246 2278 non
2281 2224 2527 2280 sordilms
2575 2228 2919 2297 maculatum,
2960 2248 3064 2286 non
3092 2242 3238 2287 tanto
3265 2250 3420 2291 coeno
3453 2248 3724 2295 onustum.

2139 2315 2276 2382 Quid
2304 2317 2347 2372 si
2370 2332 2495 2372 casu
2521 2318 2701 2389 lapsus
2724 2320 2916 2376 fuero?
2944 2322 3113 2393 Pnrga
3142 2326 3388 2395 teipsum.
3410 2300 3728 2397 Quomodo?

2138 2406 2305 2478 Luge,
2334 2423 2506 2478 geme,
2535 2411 2928 2485 eleemosynam
2958 2429 3137 2486 eroga,
3166 2433 3328 2489 purga
3359 2428 3411 2476 te
3434 2422 3574 2492 apud
3602 2438 3725 2480 eum

2137 2512 2296 2569 quem
2323 2501 2643 2556 contumelia
2673 2502 2920 2573 ali‘ccisti,
2946 2506 3231 2563 reconcilia
3271 2519 3323 2565 te
3352 2510 3447 2576 illi,
3482 2513 3727 2587 absterge

2140 2589 2395 2660 linguam,
2425 2607 2493 2647 ne
2520 2594 2733 2664 gravius
2759 2594 2925 2651 Deum
2954 2597 3148 2655 irrites.
3178 2599 3312 2656 Nam
3340 2605 3384 2657 si
3413 2607 3534 2674 quis
3554 2606 3727 2663 sordi-

2138 2679 2278 2737 datis
2306 2690 2543 2739 stercore
2578 2685 2825 2743 manibus
2854 2688 3020 2758 pedes
3051 2699 3169 2746 tuos
3191 2694 3500 2764 supplicans
3542 2706 3725 2769 tange-

2137 2780 2238 2839 ret,
2258 2787 2363 2828 non
2392 2774 2552 2830 modo
2578 2776 2723 2831 illum
2747 2794 2850 2833 non
2873 2780 3108 2849 audires,
3129 2784 3221 2838 sed
3254 2785 3388 2854 pede
3411 2787 3721 2858 impcteres:

2137 2866 2404 2934 quomodo
2427 2867 2592 2924 audes
2620 2871 2698 2925 sic
2727 2871 2894 2927 Deum
2924 2873 3112 2929 adire?
3136 2875 3267 2932 Nam
3296 2878 3470 2950 lingua
3502 2896 3725 2950 precan-

2139 2958 2268 3012 tium
2304 2969 2385 3014 est
2413 2976 2622 3026 manus,
2654 2978 2716 3018 ac
2752 2979 2851 3035 per
2874 2980 2993 3021 eam
3036 2967 3127 3022 Dei
3157 2984 3329 3039 genua
3374 2974 3726 3042 apprehendi-

2138 3066 2279 3106 mus.
2299 3051 2377 3106 Ne
2418 3052 2596 3124 itaque
2623 3054 2767 3110 iliam
2794 3059 3173 3127 commacules,
3198 3076 3265 3117 ne
3294 3062 3385 3117 tibi
3420 3064 3558 3119 dicat
3584 3065 3678 3122 ille
3705 3084 3721 3121 :

2141 3144 2201 3199 Si
2220 3145 2674 3214 ntultiplicaveritis
2694 3148 3116 3217 deprecationem,
3149 3168 3248 3206 non
3274 3156 3541 3217 exaudiam
3569 3156 3722 3229 (lsai.

2139 3235 2191 3290 1.
2213 3238 2321 3308 l5).
2346 3237 2479 3291 Nam
2506 3236 2573 3292 In
2598 3255 2752 3292 manu
2776 3240 2962 3311 lingua:
2986 3242 3088 3295 vita
3116 3252 3161 3296 et
3178 3261 3312 3299 mors
3331 3256 3402 3300 est
3423 3246 3603 3319 (Prov.
3635 3250 3722 3306 i8.

2137 3326 2197 3382 2i
2227 3326 2247 3401 )
2270 3344 2283 3393 ;
2316 3339 2368 3383 et
2393 3328 2479 3384 Ea:
2505 3332 2817 3387 sermonibus
2838 3333 2938 3386 tuis
2958 3334 3339 3403 justiﬁcaberis,
3364 3347 3510 3406 atque
3527 3357 3591 3393 ea:
3613 3358 3723 3395 ser-

2135 3418 2364 3473 monibus
2408 3420 2506 3474 tuis
2543 3421 2951 3475 condemnaberis
2987 3422 3216 3495 (Matth.
3264 3426 3350 3480 l2.
3394 3429 3460 3483 37
3486 3430 3524 3499 ).
3559 3430 3722 3503 Magis

2137 3511 2296 3580 igitur
2320 3526 2479 3582 quam
2520 3512 2773 3585 pupillam
2808 3514 2947 3569 oculi
2981 3514 3213 3586 linguam
3250 3527 3389 3573 tuam
3434 3522 3724 3579 custodias.

2136 3604 2335 3675 Regius
2359 3605 2575 3675 quidam
2613 3621 2781 3677 equus
2810 3616 2894 3663 est
2940 3608 3138 3680 lingua.
3170 3610 3223 3666 Si
3253 3626 3381 3683 ergo
3408 3613 3483 3668 illi
3516 3614 3723 3670 frenum

2136 3699 2445 3765 immiseris,
2472 3710 2527 3755 et
2551 3701 2811 3756 concinne
2842 3702 2919 3757 ire
2948 3702 3193 3759 docueris
3212 3748 3227 3772 ,
3248 3721 3341 3761 rex
3372 3706 3423 3762 in
3452 3708 3542 3763 illa
3571 3710 3725 3765 sede-

2138 3791 2215 3844 hit
2240 3799 2295 3845 et
2319 3790 2590 3861 quiescet;
2624 3792 2707 3847 sin
2737 3792 2998 3849 infrenem
3030 3794 3145 3850 ﬁeri
3177 3805 3229 3851 et
3246 3797 3433 3867 jactari
3468 3802 3726 3870 permise-

2136 3882 2231 3947 ris,
2273 3882 2468 3938 diaboli
2511 3893 2566 3939 et
2604 3884 2909 3940 daemonum
2954 3886 3257 3943 vehiculum
3303 3891 3425 3947 erit.
3469 3890 3551 3946 Tu
3596 3906 3724 3948 vero

2136 3977 2348 4046 quando
2372 3994 2491 4032 cum
2523 3995 2687 4034 uxore
2707 3979 3059 4048 concubuisti,
3088 3982 3230 4052 quod
3257 3999 3385 4039 sane
3411 3984 3565 4054 culpa
3595 3986 3723 4042 libe-

2136 4086 2251 4125 rum
2279 4078 2380 4139 est,
2411 4072 2615 4141 precari
2643 4087 2748 4126 non
2774 4070 2971 4137 audes;
3003 4083 3120 4141 post
3147 4074 3442 4129 convicium
3467 4085 3643 4131 autem
3669 4087 3723 4133 et
3751 4090 3759 4097 ‘

2135 4163 2509 4218 contumeliam
2534 4205 2550 4229 ,
2580 4178 2700 4233 quae
2720 4163 3015 4234 gehennam
3042 4173 3335 4232 merentur,
3359 4176 3639 4237 antequam
3670 4178 3722 4225 te

2138 4256 2302 4325 probe
2326 4257 2654 4328 purgaveris,
2677 4257 2920 4312 extendis
2944 4258 3174 4312 manus?
3197 4267 3252 4313 et
3277 4261 3563 4329 quomodo,
3578 4277 3722 4332 qua:-

2136 4362 2216 4413 so,
2246 4363 2352 4402 non
2401 4347 2806 4417 perhorrescis?
2831 4348 2947 4403 Non
2973 4348 3167 4403 audisti
3193 4349 3411 4405 Paulum
3434 4351 3716 4416 dicentem,

2139 4441 2449 4495 Honorabile
2463 4443 2777 4512 conjugium,
2807 4451 2853 4495 et
2882 4451 3020 4496 torus
3038 4442 3393 4497 immaculatus
3421 4444 3614 4514 (Hebr.
3632 4447 3719 4502 l5.

2134 4535 2170 4588 4
2192 4534 2257 4605 )?
2290 4534 2344 4589 Si
2370 4543 2547 4588 autem
2575 4550 2642 4589 ex
2664 4533 3005 4589 immaculato
3039 4544 3156 4589 toro
3175 4549 3401 4606 surgens
3423 4552 3526 4589 non
3556 4537 3723 4593 audes

2134 4626 2201 4682 ad
2247 4628 2543 4682 orationem
2588 4626 2868 4694 accedere,
2896 4642 3019 4681 cum
3064 4643 3131 4682 ex
3158 4637 3274 4683 toro
3316 4628 3581 4684 diabolico
3624 4632 3719 4696 sis,

2133 4737 2231 4776 cur
2296 4720 2553 4776 horribile
2622 4719 2750 4775 illud
2815 4720 3156 4791 terribileque
3220 4736 3415 4777 nomen
3476 4723 3723 4781 invocare

2135 4814 2336 4869 audes?
2379 4812 2581 4868 Diaboli
2612 4813 2807 4892 quippe
2834 4811 3004 4867 lectus
3039 4820 3121 4867 est
3162 4811 3215 4867 in
3258 4813 3513 4868 conviciis
3539 4824 3594 4869 et
3621 4830 3721 4885 op-

2134 4906 2361 4977 probriis
2388 4904 2551 4960 lavari
2579 4904 2673 4975 (a).
2704 4905 2783 4959 Ac
2813 4904 2957 4958 velut
2979 4904 3306 4973 perniciosus
3329 4905 3542 4975 quidam
3573 4906 3721 4962 adul-

2136 5006 2219 5052 ter
2258 4995 2531 5051 iracundia
2588 5011 2689 5050 nos
2734 5011 2855 5050 cum
2909 5010 3099 5066 magna
3144 4996 3412 5068 voluptate
3475 4997 3720 5065 invadit,

2135 5089 2431 5160 perniciosa
2475 5090 2528 5143 in
2577 5089 2733 5143 nobis
2778 5088 2983 5158 jacicns
3036 5089 3277 5156 semina,
3325 5098 3381 5145 et
3431 5088 3721 5145 diabolims
3773 5074 3781 5097 λ

2131 5182 2355 5252 gignens
2385 5180 2710 5245 inimicitias,
2733 5195 2795 5235 ac
2818 5188 3002 5236 contra
3030 5180 3352 5235 connubium
3370 5181 3548 5236 omnia
3573 5180 3717 5236 facit.

2131 5275 2263 5330 Nam
2291 5273 2694 5343 conjugiumjd
2739 5272 2865 5328 facit
2909 5282 2968 5327 ut
3012 5272 3119 5327 duo
3146 5272 3253 5327 sint
3291 5287 3417 5327 caro
3456 5287 3594 5337 una;
3640 5273 3716 5326 ira

2130 5384 2260 5424 vero
2284 5382 2379 5423 eos
2399 5369 2489 5438 qui
2527 5367 2695 5436 juncti
2737 5376 2860 5420 sunt
2886 5366 2941 5419 in
2980 5374 3155 5435 partes
3189 5363 3412 5427 dividit,
3441 5364 3719 5434 ipsamque

2132 5461 2364 5515 animam
2407 5459 2603 5514 scindit
2646 5466 2702 5512 et
2757 5456 2975 5511 lacerat.
3017 5454 3087 5511 Ut
3129 5456 3305 5525 itaque
3347 5470 3468 5510 cum
3526 5454 3717 5510 ﬁducia

2132 5552 2300 5607 Deum
2335 5549 2516 5614 adeas,
2561 5550 2692 5604 iram
2725 5556 2777 5603 te
2814 5546 3151 5602 invadentem
3182 5561 3249 5601 ne
3294 5546 3542 5601 admittas
3564 5585 3581 5609 ,
3622 5546 3716 5601 sed

2130 5642 2280 5713 quasi
2307 5639 2548 5697 rabidum
2575 5654 2760 5695 canem
2792 5638 3020 5709 depelle.
3052 5636 3183 5692 Illud
3211 5637 3353 5693 enim
3374 5636 3566 5690 Paulus
3598 5634 3717 5703 jus-

2142 5824 2154 5835 .
2198 5765 2406 5835 (a)_Non
2428 5768 2571 5835 videg
2594 5768 2768 5819 horum
2793 5770 3178 5821 consonantiam.
3201 5794 3263 5806 -
3287 5766 3422 5821 Vidit
3442 5769 3603 5832 Field,
3626 5780 3710 5818 cus

2121 5826 2216 5895 jus
2240 5826 2305 5893 Cf.
2331 5826 2502 5881 Adnot.
2530 5829 2665 5880 Eutr.
