4108 6376
205 345 312 402 515

198 452 618 514 ἐσκανδαλίσθαι
636 469 650 485 ·
679 452 797 508 ἀλλ’
825 453 1095 525 ἀσαφείας
1116 455 1274 510 τοῦτο
1303 451 1441 511 εἷναί
1467 473 1651 529 φησιν.
1687 458 1880 512 Ὅτιδέ

198 550 303 602 οὐκ
335 541 404 618 ἦν
428 542 715 612 ἀσαφείας,
748 541 863 594 ἀλλ’
896 543 1325 611 ἐσκανδαλίζετο,
1357 545 1517 616 δῆλον
1542 561 1555 575 °
1589 546 1741 599 οὐδὲν
1773 547 1880 617 γὰρ

199 635 475 704 ἀσαφείας
536 627 670 703 εἶχε.
732 630 825 684 Διὸ
879 631 971 684 καὶ
1025 633 1345 704 ἐπιπλήττει
1396 635 1544 707 αὐτῷ
1589 637 1634 668 ⁸⁸
1667 635 1876 705 λέγων’

215 721 438 792 Ἀκμὴν
464 719 565 774 καί
600 717 771 789 ὑμεῖς
801 719 1086 773 ἀσύνετοί
1105 719 1247 775 ἐστε
1259 737 1279 786 ;
1331 723 1392 775 Οί
1435 722 1536 793 μὲν
1567 721 1677 793 γὰρ
1734 723 1881 794 δχλοι

203 812 326 865 οὐδέ
358 809 604 878 συνῆκαν
631 805 762 870 ῐσως
784 805 846 859 τὺ
873 805 1093 875 λεχθέν·
1121 807 1275 860 αὐτοὶ
1314 808 1370 860 δέ
1395 804 1534 879 ἦσαν
1565 811 1613 862 οί
1649 810 1879 864 σκανδα-

205 893 504 955 λισθέντες.
527 889 618 943 Διδ
649 889 802 962 παρὰ
830 888 927 958 μὲν
955 889 1054 959 τὴν
1086 889 1279 961 ἀρχὴν,
1315 891 1389 955 ὡς
1421 892 1559 962 ὑπὲρ
1584 891 1691 946 τῶν
1718 895 1884 966 Φαρι-

208 982 377 1035 σαίων
405 978 570 1049 δῆθεν
623 976 957 1048 ἐρωτῶντες,
1014 977 1290 1031 ἐϐούλοντο
1344 979 1564 1049 μαθεῖν·
1594 980 1781 1052 ἐπειδὴ
1823 982 1880 1034 δὲ

204 1070 450 1140 ἥκουσαν
478 1064 643 1120 αὐτοῦ
679 1062 923 1136 μεγάλην
943 1065 1172 1135 ἀπειλὴν
1205 1065 1553 1130 ἀπειλοῦντος
1578 1068 1671 1121 καὶ
1694 1069 1880 1136 λέγον-

207 1172 320 1219 τος,
357 1155 438 1207 δτι
473 1152 649 1207 Πᾶσα
677 1152 912 1221 φυτεία,
959 1149 1040 1219 ἢν
1067 1153 1180 1205 οὐκ
1209 1151 1559 1221 ἐφύτευσεν-ι
1599 1157 1658 1208 (ἢ
1679 1154 1882 1223 Πατήρ

202 1259 323 1313 μου
355 1245 388 1294 ὁ
431 1239 712 1307 οὐράνιος
733 1278 749 1302 ,
781 1237 1254 1307 ἐκριζωθήσεται,
1307 1239 1420 1304 καὶ,
1481 1239 1718 1307 Ὃδηγοί
1764 1243 1882 1294 εἰσι

207 1327 424 1398 τυφλοὶ
448 1325 713 1396 τυφλῶν,
739 1324 1170 1396 κατεστάλησαν.
1206 1325 1268 1378 Ὅ
1287 1325 1342 1377 δὲ
1373 1325 1650 1396 πανταχοῦ
1683 1327 1882 1399 θερμὸς

206 1415 330 1469 οὐδὲ
361 1413 533 1477 οὕτως
573 1412 823 1482 ἀνέχεται
854 1412 1095 1483 σιγῆσαι,
1117 1411 1254 1464 ἀλλά
1280 1417 1412 1480 φησι
1438 1427 1452 1442 ·
1480 1412 1720 1480 Φράσον
1740 1413 1884 1481 ἡμῖν

208 1501 327 1569 τὴν
369 1498 725 1569 παραϐολὴν
767 1499 1006 1566 ταύτην.
1064 1498 1129 1550 Τί
1170 1493 1264 1551 οῦν
1289 1500 1318 1550 ὁ
1361 1499 1626 1568 Χριστός;
1673 1501 1883 1572 Σφόδρα

208 1586 619 1658 ἐπιπληκτικῶς
639 1585 1013 1654 ἀποκρίνεταιο
1047 1585 1263 1654 Ἀκμὴν
1287 1587 1384 1639 καὶ
1412 1587 1580 1656 ὑμεῖς
1599 1588 1885 1643 ἀσύνετοί

206 1676 388 1739 tota;
419 1673 594 1727 Οϋπω
615 1670 839 1734 νοεῖτε;
870 1671 1054 1724 Ταῦτα
1077 1671 1134 1725 δέ
1162 1671 1314 1741 ἔλεγε
1353 1675 1447 1727 καὶ
1469 1675 1722 1744 ἐπετίμα,
1743 1673 1882 1728 ὥστε

206 1761 312 1833 τὴν
346 1759 612 1832 πρόληψιν
645 1757 894 1810 ἐκϐαλεῖν
912 1775 926 1789 ο
960 1759 1021 1810 οὐ
1048 1757 1154 1830 μὴν
1175 1759 1306 1829 ἔστη
1331 1759 1491 1832 μέχρι
1514 1760 1724 1823 τούτου,
1749 1762 1885 1815 ἀλλὰ

211 1850 310 1904 καὶ
340 1849 502 1919 ἕτερα
532 1846 728 1914 ἐπάγει
750 1844 924 1914 λέγων
946 1860 960 1876 ·
994 1846 1124 1900 Ὅτι
1144 1845 1268 1900 πᾶν
1295 1849 1362 1900 τὸ
1384 1851 1885 1918 εἰσπορευόμενον

209 1942 302 2004 εἰς
324 1937 389 1992 τὸ
414 1937 628 2004 στόμα,
659 1937 746 1998 είς
777 1934 892 2005 τὴν
931 1937 1169 1990 κοιλίαν
1193 1935 1386 2006 χωρεῖ,
1421 1938 1517 1992 καί
1541 1941 1627 2004 εἰς
1652 1938 1757 1992 τὸν
1775 1940 1885 2008 ἀρ-

216 2025 448 2094 εδρῶνα
467 2025 824 2080 ἐκϐάλλεται
842 2039 856 2053 ·
878 2024 950 2077 τὰ
969 2022 1038 2075 δὲ
1057 2024 1497 2094 ἐκπορευόμενα
1520 2026 1586 2079 ἐκ
1612 2027 1718 2080 τοῦ
1745 2027 1886 2080 στό-

211 2130 419 2186 ματος,
451 2113 520 2167 ἐκ
551 2112 662 2182 τῆς
679 2112 928 2182 καρδίας
945 2110 1271 2180 ἐξέρχεται,
1290 2113 1536 2168 κάκεῖνα
1563 2113 1754 2168 κοινοῖ
1779 2113 1888 2167 τὸν

211 2199 553 2266 ἁνθρωπον.
587 2199 691 2253 Ἐκ
717 2199 828 2269 γὰρ
850 2196 963 2266 τῆς
987 2197 1236 2266 καρδίας
1259 2199 1603 2268 ἐξέρχονται
1630 2200 1889 2269 διαλογι-

214 2287 356 2354 σμοί
392 2285 676 2353 πονηροί,
729 2285 934 2354 φόνοι,
969 2285 1257 2354 μοιχεῖαι,
1301 2286 1564 2353 πορνεῖαι
1587 2328 1600 2346 .
1633 2287 1886 2350 κλοπαὶ,

212 2374 634 2442 βλασφημίαι,
686 2372 1222 2442 ψευδομαρτυρίαι·
1273 2374 1373 2426 καὶ
1413 2373 1601 2428 ταῦτά
1647 2375 1776 2428 ἐστι
1817 2373 1891 2427 τὰ

216 2460 538 2515 κοινοῦντα
586 2460 694 2514 τὸν
744 2460 1078 2528 ἄνθρωπον.
1142 2460 1214 2515 Τὸ
1258 2460 1326 2514 δὲ
1376 2461 1646 2526 ἀνίπτοις
1679 2461 1891 2528 χερσίν

213 2548 447 2602 ἐσθίειν
477 2548 545 2611 ⁸⁵,
577 2549 649 2601 οὐ
670 2549 867 2601 κοινοῖ
888 2547 996 2600 τὸν
1021 2547 1354 2616 ἄνθρωπον.
1391 2544 1546 2612 Εἶδες
1567 2549 1684 2611 πῶς
1707 2550 1889 2610 αὐτοῖς

220 2634 464 2705 σφοδρῶς
483 2635 744 2704 κέχρηται
773 2635 868 2688 καὶ
883 2635 1310 2706 ἐπιτιμητικῶς;
1340 2632 1469 2688 Εἶτα
1494 2635 1888 2698 κατασκευάζει

218 2724 282 2776 τὸ
313 2725 604 2793 εἰρημένον
627 2722 736 2777 ἀπὸ
762 2723 863 2794 τῆς
899 2723 1084 2794 κοινῆς
1130 2723 1365 2792 φύσεως,
1390 2725 1484 2778 καὶ⁵
1517 2725 1654 2794 πρὸς
1672 2724 1771 2794 τὴν
1803 2724 1890 2776 Os-

223 2809 453 2881 ραπείαν
479 2811 576 2881 τὴν
598 2809 840 2864 ἐκείνων.
875 2809 1042 2864 Ὅταν
1067 2809 1176 2881 γὰρ
1201 2810 1352 2883 εἴπῃ,
1379 2812 1482 2877 Εἰς
1507 2809 1621 2878 τὴν
1657 2811 1892 2863 κοιλίαν

220 2897 415 2965 χωρεῖ,
449 2897 547 2950 καὶ
572 2899 659 2963 εὶς
705 2897 812 2950 τὸν
856 2897 1173 2966 ἀφεδρῶνα
1205 2896 1582 2962 ἐκϐάλλεται,
1637 2897 1716 2950 ἔτι
1750 2897 1890 2950 κατὰ.

231 2983 526 3054 Ἰουδαῖκὴν
568 2985 927 3055 ταπεινότητα
972 2984 1342 3056 ἀποκρίνεται.
1374 2985 1535 3053 Λέγει
1582 2985 1691 3056 γὰρ
1716 2985 1797 3038 ὅτι
1829 2985 1890 3037 οὐ

223 3071 398 3142 μένει,
440 3071 556 3124 ἀλλ’
594 3071 892 3142 ἐξέρχεται.
936 3073 1129 3126 Καίτοι
1158 3073 1252 3125 καὶ
1276 3075 1324 3125 εί
1353 3072 1563 3143 ἔμενεν,
1589 3075 1689 3126 οὐκ
1718 3073 1891 3126 ἐποίει

219 3158 554 3229 ἀκάθαρτον.
598 3158 736 3211 Ἀλλ’
787 3158 999 3212 οὐδέπω
1032 3158 1190 3212 τοῦτο
1220 3159 1435 3213 δυνατοὶ
1466 3155 1606 3230 ἦσαν
1641 3160 1889 3213 ἀκοῦσαι.

221 3245 324 3298 Διὰ
352 3245 481 3312 γοῦν
501 3244 660 3298 τοῦτο
683 3245 776 3298 καὶ
801 3246 830 3298 ὁ
850 3244 1145 3315 νομοθέτης
1161 3245 1412 3299 τοσοῦτον
1433 3245 1622 3316 χρόνον
1645 3247 1892 3316 ἀφίησιν,

215 3331 348 3385 ὅσον
374 3332 438 3384 ἂν
471 3331 616 3384 ἔνδον
651 3334 785 3403 μένῃ
805 3347 818 3362 ⁸
843 3333 970 3386 ὅταν
1000 3331 1055 3385 δὲ
1090 3332 1302 3404 ἐξέλθῃ,
1337 3334 1542 3387 οὐκέτι.
1580 3335 1667 3388 Ἑν
1689 3334 1897 3406 ἑσπέρᾳ

223 3417 357 3486 γοῦν
395 3418 606 3472 κελεύει
646 3418 935 3484 λούεσθαι,
987 3419 1081 3472 καὶ
1114 3419 1352 3492 καθαρειν
1385 3417 1544 3486 εἶναι,
1580 3422 1672 3476 τὸν
1707 3422 1898 3492 καιρὸν

218 3509 324 3576 τῆς
347 3505 563 3575 πέψεως
595 3506 915 3579 άναμετρῶν
948 3507 1016 3573 ⁸⁸,
1052 3509 1147 3561 καὶ
1171 3507 1270 3578 τῆς
1290 3508 1611 3578 ἐκκρίσεως.
1645 3508 1793 3581 [526]
1818 3509 1899 3563 Τὰ

217 3589 283 3643 δὲ
309 3593 406 3660 τῆς
434 3590 680 3662 καρδίας,
703 3594 889 3663 φησὶν,
912 3592 1061 3647 ἔνδον
1082 3594 1256 3664 μένει,
1287 3597 1378 3648 καὶ
1398 3593 1680 3659 ἐξελθόντα
1709 3596 1897 3662 κοινοῖ,

221 3678 288 3731 οὐ
321 3677 548 3746 μένοντα
597 3679 779 3749 μόνον.
816 3681 924 3734 Καὶ
951 3681 1214 3753 πρότερον
1246 3682 1426 3752 τίθησι
1455 3682 1580 3745 τοὺς
1632 3682 1901 3752 πονηροὺς

217 3764 627 3835 διαλογισμοὺς,
660 3768 796 3838 ὅπερ
826 3764 893 3839 ἦν
934 3769 1225 3822 Ἰουδαϊκόν
1247 3786 1259 3798 ·
1293 3770 1387 3821 καὶ
1419 3769 1632 3822 οὐδέπω
1667 3770 1774 3823 ἀπὸ
1801 3768 1900 3838 τῆς

223 3852 336 3904 τῶν
359 3854 697 3924 πραγμάτων
723 3854 937 3922 φύσεως
973 3859 1209 3909 ποιεῖται
1240 3857 1328 3909 τὸν
1354 3856 1575 3927 ἔλεγχον
1593 3897 1609 3921 ,
1653 3857 1767 3911 ἀλλ’
1795 3857 1902 3910 ἀπὸ

223 3939 323 3992 τοῦ
349 3940 508 3994 τόκου
549 3941 650 4010 τῆς
680 3943 887 4006 κοιλίας
917 3944 1011 3997 καὶ
1046 3944 1146 4015 τῆς
1195 3944 1443 4014 καρδίας,
1477 3947 1570 3998 καὶ
1607 3947 1669 3998 ἐκ
1707 3945 1800 3999 τοῦ
1834 3945 1902 3999 τά

226 4030 332 4100 μὲν
373 4029 576 4099 μένειν,
605 4031 745 4084 τὰδὲ
767 4034 840 4103 μὴ
885 4033 1088 4104 μένειν.
1125 4033 1206 4087 Τά
1248 4035 1496 4106 μὲνγὰρ,
1546 4034 1743 4102 ἔξωθεν
1781 4037 1896 4087 είσ-

227 4117 402 4183 ιόντα,
446 4116 552 4182 ἔξω
585 4118 749 4172 πάλιν
796 4121 1013 4174 ἄπεισιν
1033 4137 1046 4151 ·
1086 4122 1154 4175 τὰ
1184 4122 1242 4175 δὲ
1277 4122 1486 4178 ἔνδοθεν
1515 4124 1778 4184 τίκτεται,
1810 4123 1904 4175 καὶ

225 4204 515 4270 ἐξελθόντα
560 4209 748 4270 κοινοῖ,
801 4209 893 4260 καὶ
925 4208 1044 4262 τότε
1093 4210 1312 4280 μᾶλλον,
1337 4212 1464 4264 ὃταν
1492 4211 1700 4282 ἐξέλθῃ.
1739 4209 1904 4263 υῦπω

225 4293 336 4363 γάρ
361 4289 503 4363 ἦσαν
527 4294 762 4355 δυνατοὶ,
790 4296 926 4366 ὅπερ
957 4295 1115 4368 ἔφην,
1163 4296 1396 4351 ἀκοῦσαι
1432 4297 1571 4369 μετὰ
1597 4298 1697 4369 τῆς
1732 4313 1902 4369 προσ-

227 4381 473 4451 ηκούσης
528 4383 840 4452 φιλοσοφίας
877 4385 1066 4439 ταῦτα.
1115 4386 1174 4440 Ὁ
1225 4385 1282 4439 δέ
1332 4387 1557 4458 Μάρκος
1606 4386 1790 4456 φησιν,
1820 4386 1902 4438 ὅτι

228 4467 543 4538 καθαρίζων
558 4468 625 4521 τά
642 4468 926 4540 βρώματα,
962 4470 1133 4526 ταῦτα
1153 4471 1366 4542 ἔλεγεν·
1400 4473 1462 4526 οὐ
1487 4473 1592 4545 μὴν
1622 4472 1899 4542 ἐνέφηνεν,

227 4555 352 4608 οὐδὲ
393 4552 535 4621 εἷπε,
564 4555 638 4609 Τὸ
665 4556 722 4609 δέ
772 4553 1036 4630 βρώματα
1087 4560 1262 4615 τοιάδε
1290 4564 1484 4630 φαγεῖν
1512 4563 1572 4614 οὐ
1599 4563 1772 4614 κοινοῖ
1811 4560 1903 4613 τὸν

229 4642 556 4714 ᾶνθρωπον·’
597 4643 722 4698 οὐτε
763 4645 807 4678 ⁸⁷
841 4647 952 4718 γάρ
989 4649 1265 4718 ἠνείχοντο
1307 4649 1495 4717 σαφῶς
1525 4648 1698 4710 οὕτως
1735 4647 1902 4702 αὐτοῦ

230 4731 484 4784 ἀκοῦσαι.
511 4731 604 4785 Διὸ
629 4733 724 4786 καὶ
749 4735 1030 4804 ἐπήγαγεο
1074 4735 1144 4788 Τὸ
1172 4735 1242 4788 δὲ
1269 4735 1544 4800 ἀνίπτοις
1568 4735 1740 4804 χερσὶ
1790 4753 1903 4805 φα-

229 4819 361 4889 τεῖν
379 4823 449 4875 οὐ
477 4820 670 4877 κοινοῖ
685 4820 794 4876 τὸν
824 4820 1160 4889 ἄνθρωπον.
1184 4821 1462 4893 Μάθωμεν
1495 4823 1675 4877 τοίνυν
1702 4823 1750 4856 ⁸⁸
1780 4825 1904 4878 τίνα

230 4909 352 4963 ἐστὶ
399 4909 466 4963 τὰ
491 4910 773 4966 κοινοῦντα
795 4910 886 4966 τὸν
911 4909 1202 4983 ἄνθρωπον
1221 4929 1237 4945 ο
1270 4913 1550 4984 μάθωμεν,
1598 4913 1692 4967 καὶ
1718 4915 1903 4982 φύγω-

235 5013 356 5068 μεν.
392 4997 502 5052 Καὶ
540 4997 649 5068 γάρ
675 4999 720 5030 ⁸³
745 4999 802 5052 ἐν
827 5000 895 5070 τῇ
945 4999 1239 5072 Ἐκκλησία
1265 4999 1508 5054 τοιοῦτον
1535 4999 1752 5072 ὁρῶμεν
1782 4999 1902 5064 ἔθος

233 5081 470 5152 κρατοῦν
496 5082 642 5153 παρὰ
671 5083 786 5146 τοῖς
813 5082 1047 5147 πολλοῖς,
1071 5083 1166 5138 καὶ
1186 5086 1336 5148 ὃπως
1363 5084 1461 5155 μὲν
1484 5084 1542 5138 ἐν
1571 5084 1618 5117 ’°
1641 5083 1898 5155 καθαροῖς

233 5168 524 5222 εἰσέλθοιεν
554 5169 791 5240 ἱματίοις
824 5170 1243 5235 σπουδάζοντας,
1292 5171 1388 5225 καὶ
1414 5173 1563 5236 ὅπως
1590 5170 1689 5236 τὰς
1713 5174 1902 5243 χεῖρας

232 5255 507 5324 νίψαιντο·
565 5258 713 5321 ὅπως
763 5257 822 5311 δὲ
867 5258 1044 5329 ψυχὴν
1079 5259 1329 5332 καθαράν
1383 5261 1792 5331 παραστήσαιεν
1822 5259 1901 5330 τῷ

232 5343 374 5414 Θεῷ,
406 5343 594 5398 οὐδένα
628 5344 978 5416 ποιουμένους
1031 5346 1206 5416 λόγον.
1251 5347 1360 5402 Καὶ
1407 5347 1578 5401 ταῦτα
1629 5348 1802 5416 λέγω,
1837 5348 1900 5400 οὐ

1326 346 1394 402 ΙΝ
1435 346 1852 405 ΜΛΤΤΗᾸΞΒΜ
1891 349 2125 407 IIOMIL.
2165 351 2251 410 LI.
2280 353 2350 407 al.
2391 349 2502 407 Lll.

3537 343 3641 400 536

1982 461 2203 517 κωλύων
2233 461 2374 516 ὥστε
2406 463 2592 532 χεῖρας
2625 459 2852 526 νίπτειν,
2887 459 3010 514 ούδέ
3042 458 3086 491 ⁹¹
3121 458 3296 530 στόμα
3317 473 3330 486 ’
3357 456 3493 512 ἀλλὰ
3519 457 3643 528 βου-

1981 549 2205 620 λόμενος
2252 549 2394 604 οὕτω
2423 548 2651 613 νίπτειν,
2703 546 2777 610 ὡς
2827 547 3112 617 προσήκει,
3143 546 3239 616 οὐχ
3278 545 3429 599 ὕδατι
3459 545 3640 616 μόνον,

1981 638 2096 693 ἀλλ’
2127 638 2247 692 ἀντὶ
2273 637 2365 690 τοῦ
2406 636 2600 698 ὕδατος
2626 637 2745 698 ταῖς
2782 635 3020 706 ἀρεταῖς.
3067 634 3262 696 Ῥύπος
3286 632 3394 704 γὰρ
3445 631 3646 702 στόμα-

1980 743 2092 790 τος,
2120 725 2429 795 κακηγορία
2448 726 2518 784 ⁹².
2543 722 2880 793 βλασφημία,
2909 720 3162 792 λοιδορία,
3189 721 3379 792 ὀργίλα
3401 721 3645 790 ῥήματα,

1981 813 2352 884 αἰσχρολογία,
2409 809 2604 879 γέλως,
2644 807 2994 880 εὐτραπελία.
3049 809 3112 866 Εἰ
3161 808 3337 861 τοίνυν
3399 806 3645 869 σύνοιδας

1985 899 2168 970 σαυτῷ
2209 899 2374 971 μηδὲν
2418 896 2622 950 τούτων
2666 896 3038 964 φθεγγομένῳ,
3097 894 3230 965 μηδέ
3276 894 3516 965 ῥυπῶντι
3552 892 3645 945 τδν

1983 989 2153 1061 ῥύπον
2182 987 2388 1050 τοῦτον,
2424 984 2685 1057 πρόσελθε
2706 981 2921 1054 θαρρῶν
2943 999 2955 1011 ·
2987 983 3035 1034 εί
3063 982 3119 1034 δέ
3151 983 3410 1052 μυριάκις
3443 979 3645 1043 ταύτας

1981 1077 2144 1140 ἐδέξω
2174 1075 2270 1136 τὰς
2290 1073 2532 1144 κηλῖδας,
2558 1071 2609 1124 τί
2637 1073 3039 1140 ματαιοπονεῖς,
3068 1067 3218 1120 ὖδατι
3249 1067 3349 1137 μὲν
3388 1065 3647 1136 περικλύ-

1982 1163 2089 1228 ζων
2116 1163 2212 1231 τὴν
2233 1160 2502 1229 γλῶτταν,
2528 1158 2620 1210 τὸν
2645 1157 2700 1209 δὲ
2732 1155 2972 1225 ὀλέθριον
3021 1155 3114 1208 καὶ
3139 1153 3398 1224 βλαϐερὸν
3422 1151 3650 1220 περιφέ-

1983 1266 2093 1322 ρων
2131 1250 2188 1301 ἐν
2213 1248 2347 1318 αὐτῇ
2373 1245 2578 1316 ῥύπον;

2052 1342 2111 1388 ε’.
2139 1334 2273 1388 Εἰπέ
2312 1334 2420 1402 γάρ
2449 1349 2570 1402 μοι,
2595 1331 2644 1382 εί
2685 1328 2886 1399 κόπρον
2927 1328 2985 1380 ἐν
3015 1329 3137 1389 ταῖς
3161 1325 3348 1397 χερσὶν
3377 1321 3521 1396 εἶχες
3551 1324 3648 1378 καὶ

1985 1420 2262 1493 βόρϐορον,
2290 1416 2398 1490 ἆρα
2430 1418 2495 1471 ἂν
2522 1415 2825 1485 ἐτόλμησας
2869 1413 3160 1478 εὐξασθαι;
3207 1413 3491 1482 Οὐδαμῶς.
3538 1413 3651 1464 Καὶ

1985 1511 2092 1579 μὴν
2125 1509 2283 1561 τοῦτο
2315 1504 2541 1575 οὐδεμία
2585 1502 2753 1572 βλάϐη
2777 1517 2791 1531 ⁶
2823 1503 2998 1554 ἐκεῖνο
3031 1501 3086 1553 δέ
3114 1499 3232 1552 δλεθ
3243 1516 3351 1568 ρος.
3399 1498 3523 1561 Πῶς
3553 1494 3647 1551 οὖν

1983 1597 2041 1648 ἐν
2074 1595 2171 1665 μὲν
2195 1596 2306 1655 τοῖς
2332 1591 2641 1660 ἀδιαφόροις
2665 1587 2918 1658 εὐλαϐὴς,
2948 1589 3005 1639 ἐν
3029 1586 3087 1639 δέ
3114 1589 3225 1649 τοῖς
3251 1585 3650 1655 κεκωλυμένοις

1987 1683 2262 1754 ρᾀυμος;
2297 1681 2362 1732 Τί
2388 1675 2519 1742 οὖν;
2557 1678 2616 1729 οὐ
2649 1676 2728 1728 δεῖ
2758 1673 3150 1746 προσεύχεσθαι
3177 1689 3191 1737 ;
3226 1672 3377 1743 φησί.
3407 1673 3498 1724 Δεῖ
3528 1671 3648 1742 μὲν,

1984 1771 2098 1824 ἀλλ’
2129 1771 2249 1839 οὐχὶ
2289 1767 2564 1838 ῥυπῶντα,
2613 1765 2732 1817 οὐδέ
2779 1762 3016 1816 τοιοῦτον
3050 1761 3242 1833 ἔχοντα
3276 1759 3555 1831 βόρϐορον.
3585 1757 3653 1812 Τί

1983 1854 2098 1922 οὖν,
2124 1859 2217 1910 ἐὰν
2241 1852 2536 1928 προληφθῶ
2561 1869 2576 1917 ;
2606 1851 2758 1922 φησί.
2793 1849 3044 1921 Κάθαρον
3080 1849 3296 1903 σαυτόν.
3331 1849 3454 1912 Πῶς
3486 1848 3532 1880 ⁸³
3557 1845 3656 1901 καὶ

1983 1946 2088 1999 τίνι
2109 1943 2327 2015 τρόπῳ;
2350 1939 2618 2001 Κλαῦσον,
2651 1937 2934 2004 στέναξον,
2967 1937 3054 2001 δὸς
3099 1937 3485 2007 ἐλεημοσύνην,
3512 1935 3653 1987 ἀπο-

1984 2032 2212 2102 λόγησαι
2248 2029 2324 2100 τῷ
2361 2026 2671 2096 ὑϐρισμένῳ
2695 2065 2710 2088 ,
2742 2023 3072 2090 κατάλλαξον
3115 2024 3162 2056 9"
3199 2023 3379 2094 σαυτῷ
3403 2021 3490 2076 διὰ
3522 2019 3651 2076 τού-

1985 2136 2114 2183 των,
2147 2115 2464 2186 ἀπόσμηξον
2485 2112 2582 2184 τὴν
2607 2112 2875 2181 γλῶτταν,
2901 2112 2988 2165 ἵνα
3014 2111 3088 2182 μὴ
3124 2109 3382 2182 μειζόνως
3417 2107 3656 2181 παροξύ-

1987 2221 2084 2279 νῃς
2109 2204 2198 2258 τὸν
2231 2203 2383 2257 Θεόν.
2415 2201 2526 2254 Καὶ
2550 2199 2657 2271 γὰρ
2680 2201 2732 2252 εἴ
2755 2216 2839 2262 τις
2862 2199 3066 2269 κόπρου
3091 2198 3191 2260 τὰς
3220 2201 3405 2269 χεῖρας
3431 2195 3653 2268 πληρώ-

1991 2309 2112 2360 σας,
2138 2289 2279 2344 οῦτω
2312 2306 2405 2342 σου
2438 2287 2670 2358 κατέσχε
2723 2288 2849 2349 τοὺς
2878 2285 3046 2350 πόδας
3089 2283 3361 2351 ἱκετεύων,
3397 2285 3458 2337 οὐ
3493 2283 3654 2355 μόνον

1987 2380 2087 2435 οὐκ
2117 2379 2180 2434 ἂν
2208 2379 2468 2450 ἤκουσας,
2493 2375 2630 2430 ἀλλὰ
2663 2375 2755 2428 καὶ
2781 2372 2858 2444 τῷ
2894 2372 3013 2426 ποδὶ
3065 2371 3384 2436 ἐλάκτισας·
3415 2371 3530 2434 πῶς
3560 2366 3654 2424 οὖν

1989 2467 2055 2520 σὺ
2085 2465 2287 2536 τολμᾷς
2324 2463 2464 2518 οὕτω
2493 2462 2611 2533 Θεῷ
2639 2461 2954 2532 προσιέναι;
2988 2458 3096 2513 Καὶ
3136 2458 3243 2529 γάρ
3292 2458 3412 2528 χείρ
3443 2459 3590 2511 ἐστιν
3616 2459 3652 2529 ἠ

1988 2553 2203 2622 γλῶττα
2231 2549 2338 2603 τῶν
2370 2548 2676 2620 εὐχομένων
2701 2587 2716 2611 ,
2767 2547 2862 2600 καὶ
2908 2545 2975 2598 δι’
3027 2545 3194 2616 αὐτῆς
3245 2543 3545 2614 κατέχομεν
3586 2543 3657 2597 τά

1989 2639 2192 2708 γόνατα
2217 2635 2310 2689 τοῦ
2341 2634 2495 2690 Θεοῦ.
2530 2635 2621 2705 Μὴ
2653 2633 2830 2686 τοίνυν
2865 2631 3096 2703 μολύνῃς
3125 2630 3314 2702 αὐτὴν,
3343 2631 3426 2684 ἴνα
3459 2631 3533 2702 μὴ
3562 2633 3657 2684 καὶ

1991 2727 2125 2796 πρὸς
2157 2725 2213 2778 σὲ
2262 2723 2422 2795 εἴπῃ·
2493 2723 2634 2776 Ἐὰν
2669 2722 3014 2789 πληθύνητε
3054 2721 3096 2752 ⁸⁸
3141 2717 3255 2787 τὴν
3284 2718 3514 2785 δέησιν,
3545 2719 3659 2772 οὐκ

1991 2813 2442 2879 εἱσακούσομαι.
2471 2805 2716 2880 Καὶγὰρ
2752 2810 2855 2862 Ἐν
2883 2806 3034 2878 χειρὶ
3073 2807 3357 2878 γλώσσης
3396 2805 3507 2873 ζωὴ
3557 2805 3660 2858 καί

1992 2900 2243 2964 θάνατος
2264 2916 2277 2928 ·
2308 2899 2423 2960 καὶ,
2461 2897 2600 2950 Ἀπὸ
2629 2894 2747 2948 τῶν
2771 2897 2968 2964 λόγων
2997 2908 3113 2948 σου
3146 2892 3532 2960 δικαιωθήσῃ.
3562 2891 3661 2945 καί

1996 2987 2113 3041 ἀπὸ
2143 2983 2260 3038 τῶν
2280 2985 2475 3052 λόγων
2502 2999 2617 3036 σου
2643 2980 3076 3048 κατακριθιὶσῃ.
3104 2979 3320 3033 Μᾶλλον
3351 2978 3530 3030 τοίνυν
3561 2977 3662 3047 τῆς

1997 3075 2165 3146 κόρης
2197 3072 2431 3142 φύλαττε
2476 3071 2571 3141 τὴν
2602 3068 2865 3137 γλῶτταν.
2929 3069 3122 3129 Ἵππος
3150 3066 3267 3119 ἐστὶ
3311 3065 3584 3136 βασιλικὸς
3624 3066 3659 3135 ἡ

1996 3162 2234 3230 γλῶσσα.
2263 3163 2359 3212 Ἀν
2390 3159 2486 3229 μὲν
2532 3153 2626 3210 οὖν
2655 3158 2847 3227 ἐπιθῇς
2873 3155 3010 3226 αὐτῇ
3040 3154 3277 3225 χαλινὸν,
3323 3153 3416 3207 καὶ⁵
3447 3151 3664 3225 διδάξῃς

2000 3229 2235 3319 βαδίζειν
2263 3245 2532 3316 εὔρυθμα,
2561 3243 3006 3298 ἐπαναπαύσεται
3065 3239 3214 3313 [52η
3247 3242 3384 3312 αὐτῇ
3413 3239 3505 3294 καὶ
3540 3242 3663 3292 ἐπι-

2000 3335 2267 3390 καθιεῖται
2290 3336 2318 3386 ὁ
2358 3331 2607 3403 βασιλεύς
2628 3347 2639 3358 ·
2677 3331 2744 3384 ἂν
2779 3331 2836 3384 δέ
2869 3327 3199 3400 άχαλίνωτον
3234 3327 3378 3397 ἀφῇς
3404 3325 3665 3396 φέρεσθαι

1999 3425 2092 3476 καὶ
2124 3423 2366 3490 σκιρτᾷν,
2399 3419 2492 3473 τοῦ
2526 3417 2776 3472 διαϐόλου
2811 3417 2904 3470 καὶ
2931 3415 3039 3469 τῶν
3077 3413 3346 3484 δαιμόνων
3372 3413 3553 3484 ὄχημα
3579 3411 3667 3480 γί-

1999 3529 2166 3566 νεται.
2203 3512 2272 3563 Σὺ
2307 3510 2361 3563 δὲ
2383 3509 2492 3564 ἀπὸ
2519 3508 2615 3580 μὲν
2635 3507 2917 3570 συνουσίας
2941 3505 3016 3558 ῶν
3037 3505 3135 3575 τῆς
3161 3503 3356 3558 σαυτοῦ
3378 3504 3664 3572 γυναικός,

1999 3601 2062 3653 οὐ
2089 3599 2292 3670 τολμᾷς
2323 3596 2604 3664 εὔξασθαι,
2635 3595 2878 3664 καίτοιγε
2923 3593 3045 3647 οὐδὲ
3096 3593 3142 3625 ⁹⁶
3174 3591 3426 3662 ἔγκλημα
3469 3591 3664 3644 τοῦτο’

2001 3686 2109 3740 ἀπὸ
2141 3687 2197 3740 δὲ
2231 3685 2492 3756 λοιδορίας
2531 3682 2604 3736 ὢν
2639 3682 2733 3735 καὶ
2761 3681 2999 3752 ὕϐρεως,
3028 3679 3056 3734 ὃ
3085 3681 3179 3734 καὶ
3211 3680 3435 3747 γέενναν
3473 3677 3669 3750 προξε-

2000 3776 2102 3836 νεῖ,
2131 3774 2257 3843 πρὶν
2296 3771 2329 3842 ἢ
2363 3771 2600 3842 καθᾶραι
2634 3769 2826 3822 σαυτὸν
2861 3767 3057 3830 καλῶς,
3093 3766 3393 3830 άνατείνεις
3424 3765 3522 3829 τὰς
3551 3767 3666 3836 χεῖ·

2005 3877 2136 3932 ρας;
2173 3861 2265 3913 καὶ
2288 3859 2404 3923 πῶς
2430 3860 2490 3911 οὐ
2514 3858 2786 3929 φρίττεις;
2815 3856 2935 3908 είπέ
2969 3872 3079 3926 μοι.
3113 3855 3225 3907 Οὐκ
3251 3854 3489 3924 ἤκουσας
3517 3851 3667 3906 Παύ-

2001 3949 2092 4002 λου
2118 3948 2386 4014 λέγοντος,
2420 3948 2501 4000 ὅτι
2546 3947 2740 4013 Τίμιος
2773 3947 2805 3997 ό
2826 3942 3032 4012 γάμος,
3068 3943 3163 3996 καί
3203 3941 3241 4009 ὴ
3271 3941 3438 4010 κοίτη
3459 3940 3670 4010 ἀμίαν-

2002 4052 2143 4102 τος;
2177 4037 2239 4088 Εἰ
2291 4033 2347 4086 δέ
2377 4033 2485 4087 ἀπὸ
2525 4033 2623 4102 τῆς
2667 4032 2928 4102 ἀμιάντου
2984 4030 3170 4100 κοίτης
3211 4029 3564 4099 ἀνιστάμενος
3607 4028 3668 4082 οὐ

2002 4125 2207 4196 τολμᾷς
2236 4123 2366 4192 εὐχῇ
2402 4119 2743 4191 προσελθεῖν,
2769 4118 2879 4172 άπὸ
2910 4120 3010 4188 τῆς
3044 4118 3230 4187 κοίτης
3255 4117 3330 4170 ὢν
3355 4116 3455 4186 τῆς
3491 4114 3671 4169 διαϐο-

2002 4212 2161 4280 λικῆς
2189 4210 2304 4274 πῶς
2329 4209 2513 4271 καλεῖς
2538 4207 2599 4259 τὸ
2628 4208 2853 4278 φρικτὸν
2887 4205 3058 4276 ὄνομα
3080 4208 3254 4259 ἐκεῖνο
3279 4203 3374 4258 καὶ⁵
3409 4203 3670 4275 φοϐερῶς

2003 4299 2237 4370 Καὶγὰρ
2257 4297 2410 4368 κοίτη
2435 4295 2735 4365 διαϐολικὴ,
2761 4295 2821 4346 τὸ
2860 4295 2917 4346 ἐν
2957 4294 3145 4366 ὕϐρεσι
3178 4290 3472 4345 πλύνεσθαι
3499 4291 3545 4322 ³⁷
3577 4290 3673 4344 καὶ

2003 4387 2311 4459 λοιδορίαις.
2362 4385 2472 4437 Καὶ
2505 4381 2756 4453 καθάπερ
2808 4382 3040 4451 πονηρός
3077 4399 3159 4444 τις
3195 4382 3400 4451 μοιχὸς,
3434 4381 3463 4431 ό
3491 4377 3674 4465 ,θυμὸς

2008 4475 2145 4548 μετὰ
2196 4473 2396 4544 πολλῆς
2443 4473 2576 4543 ἡμῖν
2630 4470 2944 4538 συγγίνεται
2973 4469 3073 4538 τῆς
3101 4468 3318 4539 ἡδονῆς,
3349 4466 3418 4521 τά
3455 4466 3676 4538 ὀλέθρια

2005 4562 2325 4633 προϊέμενος
2352 4561 2408 4611 ἐν
2438 4559 2568 4628 ἡμῖν
2597 4557 2907 4626 σπέρματα,
2933 4556 3026 4608 καὶ
3043 4553 3140 4625 τὴν
3171 4551 3483 4622 διαϐολικὴν
3505 4551 3675 4605 ποιῶν

2005 4649 2320 4703 άποτίκτειν
2350 4645 2569 4717 ἔχθραν,
2605 4645 2695 4698 καὶ
2729 4643 3058 4704 ἁπεναντίας
3082 4641 3159 4711 τῷ
3186 4641 3351 4711 γάμῳ
3384 4640 3563 4694 πάντα
3584 4639 3677 4711 ἐρ-

2007 4736 2328 4806 γαζόμενος.
2372 4733 2430 4786 ὐ
2456 4733 2552 4803 μὲν
2584 4732 2692 4801 γὰρ
2724 4732 2900 4800 γάμος
2925 4730 3050 4792 τοὺς
3074 4729 3169 4780 δύο
3204 4729 3346 4779 ποιεῖ
3371 4727 3549 4796 σάρκα
3580 4742 3678 4793 γε·

2009 4824 2194 4879 νέσθαι
2225 4823 2380 4892 μίαν⁶
2411 4823 2438 4874 ό
2469 4821 2526 4874 δέ
2555 4819 2723 4889 θυμὸς
2751 4821 2876 4881 τοὺς
2904 4816 3215 4887 ἡνωμένους
3247 4817 3324 4878 είς
3350 4813 3521 4866 πολλὰ
3546 4813 3678 4867 διαι-

2013 4915 2096 4984 ρεῖ
2120 4911 2281 4982 μέρη,
2311 4908 2403 4962 καὶ
2427 4909 2594 4977 αὐτὴν
2623 4904 2942 4976 κατασχίζει
2965 4905 3058 4958 καὶ
3086 4901 3416 4972 κατατέμνει
3445 4902 3544 4971 τὴν
3573 4901 3676 4971 ψυ-

2009 5001 2133 5070 χήν.
2171 4999 2263 5050 Ἴν⁹
2293 4993 2386 5050 οὖν
2423 4995 2564 5066 μετὰ
2593 4993 2904 5065 παρρησίας
2919 4991 2998 5062 τῷ
3022 4992 3140 5062 Θεῷ
3166 4991 3420 5061 προσίῃς,
3447 4989 3522 5060 μὴ
3547 4988 3676 5060 δέξῃ

2006 5089 2097 5142 τὸν
2129 5086 2298 5158 θυμὸν
2325 5084 2636 5140 ἐπεισιόντα
2669 5083 2714 5116 ⁸⁸
2746 5099 2828 5135 σοι
2855 5120 2870 5145 ,
2907 5082 3001 5135 καὶ
3029 5077 3389 5148 συγγενέσθαι
3419 5077 3678 5148 βουλόμε-

2007 5191 2096 5228 νον
2117 5190 2130 5205 ο
2153 5173 2268 5228 ἀλλ’
2315 5171 2504 5244 ὥσπερ
2553 5169 2689 5223 κύνα
2738 5167 3014 5222 λυττῶντα
3043 5166 3337 5221 άπέλασον.
3380 5163 3537 5218 Οὕτω
3568 5163 3680 5235 γὰρ

2006 5261 2100 5314 καί¹
2128 5260 2339 5322 Παῦλος
2365 5259 2672 5312 ἐκέλευσεν.
2699 5257 3089 5324 Ἐπαίροντας
3109 5255 3240 5326 γὰρ,
3262 5255 3447 5324 φησὶν,
3466 5251 3678 5317 ὁσίους

2006 5347 2227 5417 χεῖρας,
2265 5348 2445 5418 χωρὶς
2489 5343 2668 5413 ὀργῆς
2691 5345 2788 5398 καὶ
2813 5340 3241 5411 διαλογισμῶν.
3269 5339 3361 5410 Μὴ
3398 5339 3464 5410 δὴ
3487 5353 3678 5392 καται-

305 5432 352 5514 ξδ
376 5435 548 5514 αὐτῷ]
575 5438 738 5514 αὐτὸν
769 5454 920 5514 θοι-ι’ζ
939 5438 1004 5514 (ξ.
1036 5440 1183 5514 αὐτῷ
1219 5457 1328 5514 οη).
1361 5441 1421 5495 L.
1454 5442 1638 5505 αὐτοῖς
1690 5442 1817 5514 Sav.
1855 5460 1889 5496 α

1998 5442 2058 5514 ῦς,
2093 5442 2226 5497 Ben.
2258 5453 2488 5512 uterque
2513 5450 2723 5514 kconufg
2768 5439 2924 5514 qodg.
2962 5447 3026 5514 pl
3057 5437 3154 5514 Ep_.
3193 5438 3264 5514 _”
3290 5437 3495 5514 φαγεῖν,
3514 5433 3579 5487 Κ.
3607 5433 3672 5514 L:

235 5501 586 5601 ἒξέξξξμέἑιὲν
618 5508 855 5601 (animi)
885 5501 1211 5601 Bﬁézidqé?
1231 5512 1484 5601 habet.”
1513 5501 1891 5601 ερτέειλέξρλεεί

1998 5501 2137 5600 τέξεις,
2162 5501 2467 5601 αταριίῖιαίιι
2500 5511 2598 5598 Ge:
2674 5511 2718 5542 ⁸⁷
2753 5508 2898 5601 οὐτε]
2929 5508 3080 5601 οὔπω
3101 5501 3254 5601 HJ:
3287 5501 3676 5601 {L'Bvef’xov'fol

235 5571 500 5639 ἠδύναντο
529 5578 592 5632 L.
630 5578 700 5632 Μ.
721 5571 784 5639 ἶ).

815 5581 1079 5650 ι).ηαὺτοῦ
1118 5579 1228 5637 ὸω.
1260 5581 1321 5636 L.
1361 5579 1432 5634 Μ.

238 5647 560 5720 προσιόντας
593 5649 670 5720 τῷ

238 5712 344 5790 οξρῆ
365 5712 715 5790 εὐσχημόγὶικ
749 5712 844 5790 καὶ
871 5712 947 5790 ί-ίή

1525 5581 1572 5653 δέ
1599 5573 1887 5653 ΗΘΙΚΟΝ.
1921 5573 2046 5635 ’Ὅτι
2087 5584 2150 5635 τὸ
2182 5583 2466 5653 καθαίρειν
2511 5584 2697 5652 χεῖρας
2725 5581 2818 5634 καὶ
2865 5573 3083 5653 ι’μά-τια
3113 5579 3266 5632 οὐδὲν
3289 5578 3438 5653 ῄμιίς
3472 5573 3672 5653 ᾠφελεῖ

755 5641 943 5724 ριᾷτῷ,
968 5650 1064 5706 ἐὰν
1093 5651 1168 5724 μὴ
1186 5651 1248 5704 τὸ
1276 5652 1450 5724 στόμα
1482 5651 1578 5724 καὶ
1608 5651 1706 5724 τὴν
1739 5652 1986 5724 γλῶτταν
2006 5653 2336 5724 ,κατέχωμεν
2356 5641 2476 5724 ’ἀπο
2503 5641 2700 5724 ἐξαύτιξ
2718 5641 2960 5724 ῥυπαροῦ
2988 5651 3250 5724 ῥήματοςο
3285 5641 3407 5724 ἐνῷ
3427 5641 3676 5724 καὶ-’πξρὶ

1026 5719 1123 5792 ετᾶι
1155 5719 1409 5792 ’κατάρας
1450 5719 1703 5791 εῦχεσθαι
1735 5723 1798 5778 G.
1876 5723 1891 5755 ⁸

1998 5721 2088 5792 ἀρ]
2121 5719 2252 5778 add;
2283 5725 2377 5777 καὶ
2419 5722 2591 5792 Ηίνίι..
2621 5722 2696 5792 ἐν
2719 5719 2837 5792 ὀιη.
2858 5719 2942 5792 Μ.

3019 5713 3075 5752 θῖ
3102 5721 3159 5772 ἐν
3191 5713 3462 5788 recepit;
3506 5713 3568 5767 L.
3599 5715 3671 5788 ῌ.

221 5782 284 5850 ι⁹²
310 5769 909 5868 ὧστεέῖίούδέίοῦτε.
1833 5792 1880 5824 ’⁸
2071 5769 2467 5848 ,ν
2614 5769 2661 5822 ’ί
2677 5769 3052 5859 ⁷καταλλάγηθι
3084 5769 3458 5912 ΙξιίιΙ-ίσαύςτῷἐ
3477 5783 3678 5835 σαυτὸν

225 5851 300 5917 ιιι·
334 5857 484 5917 αὐτῷ
514 5857 579 5912 G-
617 5858 689 5912 Μ.
763 5861 809 5892 ’⁸
827 5860 1104 5917 πληθύνης
1132 5861 1192 5915 ι..
1229 5861 1298 5914 Μ.
1377 5864 1421 5893 ὐ
1452 5863 1592 5917 οὐδέΙ
1623 5864 1720 5916 οὐκ
1752 5863 1812 5917 L.
1838 5863 2034 5917 obﬁévh
2064 5903 2080 5917 .
2153 5866 2193 5896 ⁸⁷
2229 5862 2590 5917 πληθύνεσθαι
2616 5861 2678 5916 L.
2751 5863 2796 5894 ’δ
2821 5863 3040 5916 ἐπιόντα
3071 5859 3126 5915 L.
3176 5858 3278 5917 σοι]
3305 5858 3392 5915 διε
3463 5892 3476 5907 .
3505 5851 3570 5905 Ι...
3599 5853 3676 5908 Μ.

223 5845 300 5941 γε..
334 5857 484 5941 αὐτῷ
514 5857 579 5941 (ξ.
617 5845 689 5912 M‘.
763 5860 1104 5940 ⁹⁸πλῃθύνῃς
1132 5861 1192 5941 υ.
1229 5861 1298 5941 ξι.
1340 5845 1594 5941 _-~"oo'5e1
1621 5845 1720 5916 οὐκ
1747 5845 1812 5918 L.
1838 5845 1989 5918 οὐδὲν

225 5925 461 5986 Lfmenle
520 5929 671 5983 Arm.
734 5925 935 5986 αξιοι-ξ’
977 5925 1072 5985 σοῦ
1113 5935 1178 5997 τῇ
1225 5931 1393 5996 ψυγῆ.

2153 5866 2193 5896 ⁸⁷
2229 5862 2590 5934 πληθύνεσθαι
2616 5861 2678 5916 L.
2751 5863 2796 5894 ’δ
2821 5851 3040 5916 ἐπιόντα
3071 5859 3126 5915 L.
3176 5858 3283 5930 σοι]
3305 5851 3476 5915 εἰτ’Κ.
3505 5851 3570 5905 L.
3599 5853 3698 5926 LL.
