4108 6376
415 357 520 418 517

412 563 540 616 ὅταν
566 565 666 634 τὴν
717 568 922 621 οἰκείαν
972 569 1280 640 παρρησίαν
1313 573 1583 645 ἀπολέσῃ;
1612 575 1748 629 ἀλλὰ
1801 575 2081 646 κόσμησον

413 651 582 722 αὐτὴν
627 655 914 724 ἐπιεικείᾳ,
968 659 1466 731 ταπεινοφροσύνῃ·
1515 663 1740 732 ποίησον
1774 661 1931 727 ἀξίαν
1985 662 2080 717 τοῦ

414 740 901 813 παρακαλουμένου
925 744 1059 796 Θεοῦ
1083 764 1092 774 ·
1132 747 1376 815 εὐλογίας
1412 750 1580 821 αὐτὴν
1603 751 1900 821 ἔμπλησον,
1927 752 2082 822 ἐλεη-

417 825 656 897 μοσύνης
681 827 900 900 πολλῆς.
935 833 1090 884 Ἔστι
1113 833 1222 906 γὰρ
1249 836 1344 887 καὶ
1375 835 1462 890 διὰ
1495 838 1757 908 ῥημάτων
1783 839 2080 910 ἐλεημοσύ-

414 928 512 982 νην
541 917 732 968 ποιεῖν.
767 917 1049 985 Κρεῖττοκ
1080 921 1187 991 γὰρ
1213 923 1415 990 λόγος,
1438 923 1476 993 ἣ
1510 924 1683 992 δόσις
1707 941 1722 956 ·
1753 926 1867 989 καὶ,
1915 927 2079 978 Ἀπο-

414 1000 646 1066 κρίθητι
686 1001 765 1067 τῷ
814 1005 1027 1073 πτωχῷ
1059 1007 1128 1059 ἐν
1173 1010 1460 1077 πραΰτητι
1509 1012 1797 1078 εἰρηνικά.
1846 1011 1956 1066 Καὶ
1990 1013 2080 1066 16v

413 1086 570 1140 ἄλλον
597 1087 654 1141 δέ
681 1088 894 1143 ἅπαντα
913 1093 1103 1162 χρόνον
1131 1099 1196 1166 τῇ
1236 1097 1484 1169 διηγήσει
1529 1099 1638 1151 τῶν
1677 1099 1835 1154 θείων
1870 1099 2080 1154 καλλώ-

413 1172 536 1237 πιζε
558 1175 757 1245 νόμων.
790 1179 965 1232 Πᾶσα
997 1181 1104 1250 γὰρ
1127 1184 1165 1251 ἡ
1196 1183 1479 1253 διήγησίς
1507 1201 1625 1240 σου
1644 1186 1800 1240 ἔστω
1821 1189 1891 1241 ἐν
1917 1189 2080 1256 νόμῳ

425 1260 737 1328 Ὑψίστου.
767 1263 956 1330 Οὕτως
987 1270 1214 1333 ἑαυτοὺς
1238 1275 1616 1343 κοσμήσαντες
1649 1275 2079 1346 προσερχώμεθα

409 1346 487 1418 τῷ
517 1348 758 1412 Βασιλεῖ,
801 1355 891 1405 καὶ
924 1355 1210 1426 πίπτωμεν
1256 1361 1347 1412 ἐπὶ
1376 1362 1598 1430 γόνατα,
1651 1363 1725 1432 μὴ
1755 1363 1832 1432 τῷ
1865 1364 2076 1434 σώματι

413 1437 592 1504 μόνον,
623 1439 758 1492 ἀλλά
788 1443 879 1494 καὶ
900 1446 962 1514 τῇ
994 1444 1219 1516 διανοίᾳ.
1263 1446 1634 1520 Ἐννοήσωμεν
1655 1452 1758 1503 τίνι
1785 1452 2075 1522 πρόσιμεν,

407 1524 503 1610 καὶ
518 1525 658 1598 ὑπὲρ
677 1528 854 1592 τίνων,
887 1533 980 1583 καὶ
998 1533 1048 1584 τί
1071 1535 1377 1605 βουλόμενοι
1402 1539 1614 1593 ἀνύσαι.
1647 1538 1766 1609 Θεῷ
1786 1541 2076 1610 πρόσιμεν,

406 1609 466 1662 ὃν
497 1615 564 1666 τὰ
601 1615 852 1686 Σεραφὶμ
894 1619 1066 1672 ἰδόντα
1093 1623 1191 1686 τάς
1217 1623 1370 1693 ὄψεις
1411 1626 1750 1696 ἀπέστρεψεν
1777 1609 1843 1692 ³9,
1876 1628 1935 1680 ού
1957 1609 2073 1695 ἐφέ-

410 1713 575 1767 ροντα
600 1701 700 1771 τὴν
731 1702 1051 1775 λαμπηδόνα
1079 1725 1093 1739 ⁸
1147 1708 1205 1761 δν
1233 1711 1265 1781 ή
1311 1713 1380 1782 γῆ
1416 1711 1687 1779 βλέπουσα
1710 1713 1920 1783 τρέμει.
1953 1711 2074 1782 Θεῷ

408 1787 699 1857 πρόσιμεν,
750 1791 829 1861 τῷ
873 1793 985 1860 φῶς
1019 1795 1252 1849 οἰκοῦντι
1306 1799 1614 1868 ἀπρόσιτον.
1653 1800 1760 1853 Kal
1811 1799 2076 1871 πρόσιμεν

408 1873 551 1947 ὑπὲρ
577 1878 801 1950 γεέννης
821 1882 1159 1955 ἀπαλλαγῆς,
1194 1886 1334 1956 ὑπὲρ
1363 1889 1774 1959 ἁμαρτημάτων
1806 1889 2074 1958 ἀφέσεως,

408 1960 550 2035 ὑπὲρ
566 1964 661 2018 τοῦ
688 1966 914 2037 λυθῆναι
942 1969 1040 2034 τὰς
1065 1972 1371 2044 ἀφορήτους
1390 1976 1523 2047 ήμῖν
1543 1977 1813 2046 τιμωρίας
1840 1975 2073 2040 ἐκείνας,

408 2050 548 2122 ὑπὲρ
586 2053 680 2127 τοῦ
723 2054 832 2108 τῶν
867 2057 1111 2128 οὐρανῶν
1151 2064 1334 2132 τυχεῖν
1377 2065 1472 2116 καὶ
1512 2062 1620 2117 τῶν
1649 2066 1664 2094 ί
1714 2062 1938 2131 ἀγαθῶν
1967 2062 2077 2117 τῶν

408 2155 546 2192 εκει.

479 2234 556 2292 ς’.
582 2229 986 2302 Προσπέσωμεν
1017 2234 1197 2289 τοίνυν
1225 2237 1322 2290 καὶ
1359 2236 1436 2307 τῷ
1470 2236 1683 2308 σώματι
1731 2238 1825 2290 καλ¹
1859 2238 1925 2306 τῇ
1960 2235 2076 2288 δια-

405 2317 542 2389 νοίᾳ,
572 2319 660 2373 ῖνα
688 2321 848 2384 αὐτὸς
867 2324 1015 2391 ἡμᾶς
1041 2324 1061 2353 ³
1079 2325 1356 2399 ἀναστήσῃ
1393 2328 1678 2397 κειμένους
1701 2343 1716 2358 ο
1743 2326 1880 2396 μετὰ
1906 2328 2077 2378 ἐπιει-

406 2405 561 2468 κείας
589 2406 956 2477 διαλεχθῶμεν
986 2411 1079 2462 καὶ
1111 2411 1417 2482 πραότητος
1458 2413 1694 2482 ἁπάσης.
1732 2414 1843 2465 Καὶ
1866 2413 1951 2474 τίς
1986 2409 2078 2464 οὓ-

406 2507 512 2555 τως
542 2493 742 2559 ἄθλιος,
779 2497 933 2565 φησὶ,
969 2498 1064 2551 καὶ
1091 2498 1468 2570 ταλαίπωρος,
1508 2501 1582 2563 ὼς
1607 2501 1665 2553 έν
1697 2500 1830 2570 εὐχῇ
1880 2500 1954 2571 μὴ
1981 2516 2077 2568 γε·

405 2580 593 2634 νέσθαι
639 2585 929 2656 ἐπιεικής;
978 2586 1034 2638 Ὀ
1083 2586 1223 2657 μετά
1264 2589 1404 2658 ἀρᾶς
1437 2588 1748 2659 εὐχόμενος,
1779 2589 1874 2641 καὶ
1903 2585 2077 2657 θυμοῦ

405 2668 634 2742 πληρῶν
666 2671 879 2738 ἐαυτὸν,
921 2675 1016 2728 καὶ⁸
1059 2675 1166 2728 τῶν
1212 2675 1420 2747 ἐχθρῶν
1472 2676 1776 2730 καταϐοῶν.
1816 2676 1880 2728 Ei
1919 2675 2027 2746 γὰρ
2054 2674 2077 2707 ³

405 2756 586 2827 βούλει
616 2763 962 2832 κατηγορεῖν,
1003 2763 1200 2816 σαυτοῦ
1247 2764 1561 2835 κατηγόρει.
1597 2763 1748 2835 [5281
1798 2765 1861 2817 Εἰ
1897 2763 2076 2834 βούλει

405 2850 505 2920 τὴν
535 2850 782 2918 γλῶτταν
815 2854 1012 2922 ἀκονᾷν
1045 2856 1137 2909 καὶ
1163 2855 1371 2926 θήγειν,
1394 2855 1537 2909 κατά
1555 2856 1663 2910 τῶν
1695 2856 1803 2911 σῶν
1820 2859 2076 2930 ἁμαρτη-

408 2938 615 3006 μάτων.
664 2941 772 2993 Καὶ
804 2939 878 3012 μὴ
924 2941 975 2993 τί
1024 2942 1209 3013 ἕτερός
1245 2959 1303 2996 σε
1355 2943 1649 3012 εἰργάσατο
1688 2945 1855 2998 κακὸν
1887 2945 2072 3017 εἴπῃς,

404 3025 541 3080 ἀλλά
584 3027 638 3080 τί
669 3029 732 3080 σὺ
768 3029 963 3081 σαυτὸν
1016 3031 1256 3099 εἰργάσω
1279 3048 1291 3061 ·
1345 3031 1503 3085 τοῦτο
1536 3033 1645 3104 γὰρ
1692 3033 1931 3103 μάλιστά
1960 3035 2075 3087 ἐστι

404 3117 595 3168 κακόν.
643 3116 775 3169 Οὐδὲ
806 3116 913 3187 γὰρ
945 3118 1128 3188 ἕτερός
1158 3121 1216 3171 σέ
1245 3136 1325 3182 τις
1359 3121 1614 3192 ἀδικῆσαι
1653 3122 1979 3192 δυνήσεται,
2008 3121 2075 3176 ἂν

410 3201 484 3272 μὴ
523 3203 586 3254 σὺ
622 3203 817 3255 σαυτὸν
867 3204 1080 3274 ἁδικῇς.
1129 3206 1287 3259 Ὥστε
1329 3210 1376 3260 εἰ
1418 3208 1559 3260 κατὰ
1593 3209 1698 3261 τῶν
1748 3207 2078 3262 ἀδικούντων

405 3289 657 3357 γενέσθαι
678 3289 874 3359 βούλει,
908 3293 1048 3344 κατά
1083 3293 1277 3346 σαυτοῦ
1316 3295 1578 3366 πρόσελθε
1626 3296 1874 3365 πρῶτονο
1903 3295 2078 3360 οὐδεὶς

405 3379 435 3430 6
463 3377 686 3431 κωλύων
709 3395 720 3408 ·
747 3378 822 3442 ὡς
859 3378 924 3433 ἂν
963 3381 1103 3433 κατὰ
1136 3382 1325 3450 ἐτέρου
1373 3383 1694 3454 προσέλθῃς,
1725 3382 1948 3453 μείζονα
1971 3384 2079 3437 ἀδι-

405 3467 594 3537 κηθεὶς
619 3469 881 3540 ἀπῆλθες.
913 3472 954 3522 Τ
961 3471 1046 3525 ίνα
1071 3471 1128 3524 δὲ
1149 3472 1286 3536 ὅλως
1325 3473 1419 3526 καὶ
1447 3474 1662 3526 ἀδικίαν
1693 3474 1836 3545 ἔχεις
1861 3476 2036 3526 εἰπεῖν
2061 3490 2075 3538 ;

408 3556 531 3611 Ὅτι
563 3559 590 3610 6
619 3557 767 3610 δεῖνα
801 3557 1012 3628 ὕϐρισε,
1042 3558 1134 3614 καὶ
1184 3560 1398 3630 ἥρπασε
1421 3602 1436 3627 ,
1474 3562 1568 3614 καὶ
1602 3561 1868 3623 κινδύνοις
1923 3577 2080 3632 περι-

407 3645 632 3710 έϐαλεν;
671 3645 828 3698 Ἀλλά
851 3647 1006 3699 τοῦτο
1034 3649 1134 3700 οὐκ
1165 3647 1313 3701 ἔστιν
1344 3648 1654 3718 ἠδικῆσθαι,
1703 3650 1819 3703 ἀλλ’
1861 3649 1955 3704 ἐάν
1980 3652 2078 3722 νή-

407 3751 615 3802 φωμεν,
649 3735 739 3786 καὶ
777 3735 1101 3804 ὠφελεῖσθαι
1132 3737 1199 3788 τὰ
1227 3736 1478 3806 μέγιστα.
1525 3738 1582 3790 Ὀ
1611 3738 1718 3807 γάρ
1749 3739 2082 3809 ¹ἠδικημένος

401 3822 436 3874 6
466 3822 532 3874 τὰ
558 3822 778 3874 τοιαῦτα
807 3822 827 3853 ⁸
860 3827 1093 3894 ποιήσας
1119 3827 1265 3877 ἐστὶν
1289 3866 1303 3887 ,
1345 3826 1444 3896 οὐχ
1475 3829 1502 3878 6
1548 3824 1753 3880 παθών.
1788 3828 1898 3880 Καὶ
1923 3825 2082 3879 τοῦτο

406 3909 647 3980 μάλιστά
699 3913 816 3963 ἐστι
869 3909 934 3963 16
983 3913 1200 3965 πάντων
1228 3913 1402 3968 αἴτιον
1456 3914 1566 3966 τῶν
1598 3913 1807 3980 κακῶν,
1839 3914 1920 3966 ὅτι
1958 3911 2080 3966 οὐδὲ

404 3999 566 4069 ἔσμεν
593 4000 676 4062 τίς
726 4001 859 4053 ποτέ
904 4005 1052 4054 ἐστιν
1085 4003 1114 4054 6
1142 4002 1515 4074 ἀδικούμενος,
1569 4006 1662 4057 καὶ
1688 4003 1772 4066 τίς
1799 4005 1828 4056 6
1854 4002 2077 4057 ἀδικῶν.

416 4086 506 4150 Ὦς
539 4089 587 4140 εἰ
615 4088 772 4141 τοῦτο
797 4089 1016 4160 ᾔδειμεν
1045 4089 1244 4155 καλῶς,
1271 4094 1371 4146 οὐκ
1403 4095 1466 4145 ἂν
1491 4091 1716 4155 ἐαυτούς
1746 4108 1875 4145 ποτε
1896 4091 2082 4161 ἠδική-

406 4194 602 4247 σαμεν,
622 4178 720 4230 οὐκ
748 4177 814 4230 ἂν
841 4178 960 4230 καθ’
986 4181 1174 4249 ἐτέρου
1199 4180 1506 4250 ηὐξάμεθα,
1541 4180 1805 4249 μαθόντες
1833 4179 1916 4232 ὅτι
1947 4179 2078 4248 παρ’

405 4265 595 4335 ἐτέρου
621 4265 880 4319 ἀδύνατον
903 4267 1094 4320 παθεῖν
1117 4269 1320 4331 κακῶς.
1349 4269 1484 4321 Ούδέ
1503 4268 1612 4338 γὰρ
1630 4268 1690 4320 τὸ
1713 4266 2075 4340 ἁρπάζεσθαι,

407 4352 544 4405 ἀλλά
561 4353 621 4406 τὸ
650 4353 914 4423 ἁρπάζειν
942 4355 1133 4408 κακόν.
1163 4356 1323 4407 Ὥστε
1346 4357 1394 4408 εἰ
1419 4357 1517 4425 μὲν
1544 4357 1818 4427 ἥρπασας,
1837 4357 2080 4427 κατηγό-

412 4456 495 4510 ρει
531 4440 754 4493 σαυτοῦ·
781 4441 828 4492 εί
857 4440 912 4494 δὲ
944 4442 1224 4513 ήρπάγης,
1246 4444 1342 4495 καὶ
1363 4443 1523 4512 εὔχου
1552 4443 1694 4516 ὑπὲρ
1721 4445 1816 4498 τοῦ
1841 4445 2082 4515 ἡρπακό-

404 4541 520 4588 τος,
555 4526 637 4578 ὅτι
665 4543 724 4577 σε
756 4526 824 4580 τὰ
860 4526 1093 4594 μέγιστα
1126 4527 1352 4598 ὤνησεν.
1392 4530 1455 4581 Εἰ
1481 4529 1590 4601 γὰρ
1623 4531 1718 4584 καὶ
1753 4531 1828 4600 μὴ
1849 4530 2077 4603 ,τοιαύτη

481 4637 526 4668 ⁸³
561 4633 910 4706 ἀπέστρεψαν
948 4635 1108 4716 Gz”.
1144 4636 1587 4718 ﬁnéa1ps¢sv~M.
1668 4639 1684 4668 ¹
1712 4639 1815 4718 καὶ
1863 4636 1996 4762 τῶνὲ

512 4705 576 4758 Κ.
652 4705 672 4736 ³
697 4705 828 4762 γαρὶ
869 4706 966 4762 μὲν
1002 4706 1074 4758 Iud
1101 4710 1132 4758 Ι.
1212 4707 1234 4738 ⁸
1261 4709 1328 4760 τὰ
1360 4707 1617 4762 τοιαυταῖ
1639 4725 1810 4761 ταυτα
1851 4709 1910 4762 L.
1945 4710 1970 4762 li

407 4703 483 4780 ς.
512 4705 576 4758 Κ.
652 4703 828 4780 ³μγάρ1
869 4705 1139 4780 3.1:.v_l_§dl._
1183 4703 1330 4780 _‘_1di
1360 4707 1810 4780 1010610110610.
1835 4709 1910 4780 Ι..
1945 4703 2012 4762 Μ.

1225 367 1280 423 S.
1318 366 1600 425 JOANNIS
1637 371 2126 428 CHIM’SOSTOMI
2161 373 2480 432 ARCHIEP.
2520 370 3061 431 CBNSTANTINOP.

312 512 315 513 ν
415 477 618 549 σχύνῃς
643 477 744 551 τὴν
785 479 1064 548 γλῶτταν·
1122 482 1246 536 ἐπεὶ
1280 483 1398 547 πῶς
1435 486 1575 557 ὑπὲρ
1607 487 1699 539 σοῦ
1733 487 2076 558 δεηθήσεται,

2028 4639 2118 4694 Sic
2167 4641 2229 4696 L.
2289 4642 2508 4696 favente
2549 4641 2646 4696 Ge.
2696 4639 2881 4695 θέει-(ξτί
2934 4638 3029 4691 καὶ
3086 4637 3227 4760 ὑπὲρ
3275 4635 3407 4690 τῶν.

2081 4712 2101 4741 ⁵
2131 4713 2226 4760 ἐπὶ
2257 4713 2367 4760 τῶν
2398 4712 2624 4760 ωιλονοη
2637 4711 2818 4760 μάτων
2844 4710 3055 4760 λογίζου
3087 4706 3150 4760 Κ.
3221 4707 3263 4760 Ι.
3291 4707 3407 4760 ἐπὶν

2081 4712 2101 4741 ⁵
2131 4713 2226 4764 ἐπὶ
2257 4713 2367 4764 τῶν
2398 4711 2818 4782 φιλοχρημάτων
2844 4710 3066 4782 λογίζου
3087 4706 3158 4782 Κ.Δ
3191 4706 3263 4760 Μ.

3741 369 3853 427 518

2181 492 2214 562 ή
2242 490 2434 562 γνώμη
2473 490 2570 545 τοῦ
2607 490 2988 560 πεποιηκότος,
3021 486 3159 543 ἀλλά
3187 487 3252 542 σὺ
3279 487 3347 542 τὰ
3388 487 3622 559 μέγιστα
3638 481 3861 556 ὠφελή-

2183 579 2305 650 θης,
2340 580 2406 632 ἂν
2431 578 2696 647 γενναίως
2720 578 2968 651 ἐνέγκῃς.
3017 577 3254 631 Ἐκεῖνον
3290 574 3389 646 μὲν
3415 576 3526 647 γὰρ
3556 576 3650 630 καὶ
3680 574 3730 627 οἰ
3759 572 3860 626 άν-

2182 666 2388 737 θρωποι
2417 668 2507 721 καὶ
2533 667 2583 720 οἰ
2607 665 2737 720 θεῖοι
2761 664 3103 730 ταλανίζουσι
3125 663 3279 733 νόμοι
3299 677 3312 691 ⁸
3367 662 3428 716 σὲ
3462 662 3518 716 δὲ
3539 662 3628 715 τὸν
3657 661 3855 731 ἠδικη-

2185 754 2344 824 μένον
2373 755 2465 807 καὶ
2492 753 2812 821 στεφανοῦσι
2843 753 2936 805 καὶ
2963 749 3452 820 ἀνακηρύττουσιν.
3489 749 3626 804 Οὐδὲ
3664 748 3773 818 γὰρ
3804 747 3860 799 εί

2182 843 2467 914 πυρέττων
2493 857 2576 905 τις
2601 843 2818 913 ἥρπασε
2842 840 2993 911 παρά
3015 855 3159 902 τινος
3181 839 3402 905 ἀγγεῖον
3429 835 3572 908 ὕδωρ
3595 836 3736 907 ἔχον,
3759 833 3860 887 καὶ

2180 935 2480 1006 ἐνεφορήθη
2525 934 2624 1002 τῆς
2652 922 2920 1002 βλαϐερᾶς
2963 929 3279 1000 ἐπιθυμίας,
3309 928 3396 982 τὸν
3432 924 3750 996 ἁρπαγέντα
3775 922 3860 975 εῖ-
3913 959 3921 967 .

2182 1041 2378 1092 ποιμεν
2434 1021 2500 1074 ἂν
2550 1019 2862 1090 ⁴ήδικῆσθαι,
2901 1018 3036 1070 ἀλλά
3090 1017 3180 1072 τὸν
3230 1015 3588 1088 ἁρπάσαντασ
3627 1013 3716 1064 τὸν
3743 1011 3858 1080 γὰρ

2181 1111 2413 1182 πυρετὸν
2453 1109 2679 1182 ηὔξησε,
2729 1108 2822 1160 καὶ
2868 1105 2966 1178 τὴν
2998 1106 3150 1160 νόσον
3184 1103 3574 1176 χαλεπωτέραν
3606 1100 3852 1169 ἐποίησε.

2181 1200 2351 1254 Τοῦτο
2380 1198 2555 1253 τοίνυν
2585 1196 2677 1249 καὶ
2700 1196 2790 1248 ἐπὶ
2813 1195 2906 1248 τοῦ
2943 1194 3349 1265 φιλοχρημάτου
3393 1191 3488 1244 καὶ
3514 1186 3856 1258 φιλαργύρου

2179 1287 2394 1356 λογίζου
2422 1286 2466 1340 ⁵.
2501 1285 2611 1338 Καὶ
2638 1284 2747 1353 γάρ
2773 1277 2924 1345 οὗτος
2956 1283 3238 1353 πυρέττων
3261 1277 3438 1348 πολλῷ
3472 1276 3856 1347 χαλεπώτερον

2179 1379 2411 1442 ἐκείνου,
2433 1375 2523 1429 διά
2544 1376 2643 1444 τῆς
2660 1373 2921 1444 ἁρπαγῆς
2961 1371 3164 1438 ταύτης
3193 1369 3289 1439 τὴν
3335 1367 3510 1436 φλόγα
3549 1365 3721 1433 ἀνῆψε
3755 1361 3858 1432 τὴν

2179 1466 2396 1520 ἐαυτοῦ.
2431 1463 2542 1517 Καὶ
2570 1462 2722 1531 ξίφος
2754 1461 2810 1513 δὲ
2836 1461 2888 1512 εἰ
2918 1477 3002 1522 τις
3047 1457 3369 1530 μαινόμενος
3418 1453 3671 1525 ἁρπάσας
3719 1450 3856 1520 παρ’

2172 1553 2398 1608 ὁτουοῦν
2428 1551 2615 1606 ἐαυτὸν
2647 1549 3005 1620 διεχειρίσατο
3031 1548 3071 1612 ⁸,
3110 1547 3195 1606 τίς
3231 1541 3299 1615 ἦν
3324 1547 3351 1596 6
3384 1540 3709 1612 ἠδικημένος
3743 1538 3856 1590 πά-

2178 1643 2262 1696 λιν
2287 1658 2301 1705 ;
2325 1643 2352 1693 6
2380 1638 2673 1710 ἁρπαγεὶς,
2698 1635 2731 1708 ἢ
2761 1637 2789 1688 ὁ
2812 1635 3064 1706 ἀρπάσας
3089 1651 3104 1698 ;
3143 1631 3378 1702 Εὖδηλον
3408 1633 3489 1683 ὅτι
3523 1631 3551 1681 6
3575 1625 3853 1698 ἀρπάσας.

2178 1730 2386 1784 Οὐκοῦν
2431 1729 2525 1780 καὶ
2578 1727 2672 1777 ἐπὶ
2715 1726 2813 1794 τῆς
2844 1721 2954 1775 τῶν
2987 1721 3287 1791 χρημάτων
3321 1716 3577 1788 ἁρπαγῆς
3630 1713 3690 1766 16
3720 1710 3856 1764 αὐτὸ

2177 1818 2334 1870 τοῦτο
2359 1812 2749 1886 ψηφιζώμεθα.
2784 1814 2958 1881 Ὅπερ
2987 1810 3096 1879 γὰρ
3127 1807 3438 1878 μαινομένῳ
3485 1802 3658 1871 ξίφος,
3691 1799 3856 1853 τοῦτο

2178 1908 2272 1959 καὶ
2316 1902 2637 1974 φιλαργύρῳ
2684 1898 2945 1962 πλοῦτοςο
2989 1895 3191 1968 μᾶλλον
3235 1895 3293 1948 δὲ
3326 1893 3420 1947 καὶ
3447 1889 3851 1962 χαλεπώτερον.

2186 1993 2247 2048 Ὀ
2281 1993 2379 2063 μὲν
2411 1992 2520 2061 γὰρ
2553 1989 2896 2059 μαινόμενος,
2918 1985 2980 2038 16
3015 1984 3167 2053 ξίφος
3185 1979 3365 2036 λαϐὼν
3394 1981 3488 2034 καὶ⁸
3533 1978 3753 2048 ώθήσας
3782 1975 3854 2028 δι’

2176 2079 2394 2146 ἐαυτοῦ,
2426 2079 2523 2149 τῆς
2553 2095 2612 2131 τε
2648 2075 2844 2146 μανίας
2883 2072 3196 2141 ἀπηλλάγη,
3233 2070 3327 2122 καὶ
3359 2067 3545 2120 ούκέτι
3591 2063 3854 2134 δευτέραν

2175 2170 2443 2240 λαμϐάνει
2484 2165 2728 2236 πληγήντ
2761 2164 2791 2216 6
2821 2162 2879 2215 δὲ
2926 2160 3261 2230 φιλάργυρος
3295 2155 3465 2226 μυρία
3492 2149 3855 2240 χαλεπώτερα

2175 2239 2386 2310 ἐκείνου
2409 2253 2699 2326 τραύματα
2729 2248 2849 2302 καθ’
2877 2249 3112 2316 ἑκάστην
3133 2246 3347 2315 δέχεται
3374 2243 3472 2312 τὴν
3492 2240 3725 2311 ἡμέραν,
3745 2239 3854 2326 ούκ

2175 2324 2535 2398 ἀπαλλάττων
2566 2340 2666 2408 τῆς
2712 2337 2905 2408 μανίας
2942 2335 3153 2395 ἐαυτὸν,
3201 2332 3314 2386 ἀλλ’
3346 2329 3629 2382 ἐπιτείνων
3663 2324 3852 2396 μειζό-

2177 2445 2316 2494 νως⁶
2345 2429 2440 2482 καὶ
2469 2429 2687 2498 ὅσῳπερ
2725 2426 2790 2479 ἂν
2819 2423 2961 2495 λάϐῃ
2990 2421 3210 2476 πλείονα
3253 2418 3563 2491 τραύματα,
3611 2413 3853 2484 τοσούτῳ

2181 2518 2383 2590 μᾶλλον
2413 2515 2669 2570 ὑπόθεσιν
2691 2513 2907 2584 ἑτέραις
2941 2513 2960 2542 ⁷
2995 2509 3225 2580 παρέχει
3265 2507 3501 2586 πληγαῖς
3543 2501 3856 2590 χαλεπωτέο

2179 2589 2324 2678 ραις.
2359 2604 2522 2658 Ταῦτ’
2568 2597 2660 2655 οὖν
2703 2599 3031 2662 ἐννοοῦντες,
3079 2597 3340 2666 φύγωμεν
3373 2594 3525 2648 τουτὶ
3569 2593 3631 2646 τὸ
3675 2589 3852 2660 ξίφος,

2177 2696 2439 2765 φύγωμεν
2487 2691 2584 2761 τὴν
2639 2689 2854 2760 μανίαν,
2887 2687 2992 2741 κᾶν
3025 2687 3046 2718 ³
3070 2685 3176 2754 ὀψέ
3224 2700 3354 2737 ποτε
3385 2681 3849 2752 σωφρονήσωμεν.

2176 2783 2288 2836 Καὶ
2317 2780 2427 2852 γάρ
2451 2780 2548 2834 καὶ
2570 2778 2774 2847 ταύτην
2804 2777 2900 2847 τὴν
2935 2775 3132 2845 ἀρετὴν
3161 2770 3515 2842 σωφροσύνην
3539 2768 3618 2821 δεῖ
3642 2767 3851 2828 καλεῖν,

2176 2872 2276 2940 οὐχ
2304 2863 2467 2940 ἦττον
2490 2865 2702 2936 ἐκείνης
2737 2868 2836 2935 τῆς
2879 2863 3028 2934 παρὰ
3063 2863 3196 2914 πᾶσι
3245 2858 3660 2929 νενομισμένης.
3704 2855 3855 2907 Ἐκεῖ

2182 2957 2281 3026 μέν
2317 2956 2427 3026 γὰρ
2458 2953 2594 3025 πρὸς
2625 2955 2752 3022 μίαν
2789 2950 3082 3020 ἐπιθυμίας
3108 2947 3399 3019 τυραννίδα
3446 2947 3479 3016 ή
3511 2943 3656 3014 πάλη
3699 2941 3851 3010 γίνεο

2178 3062 2266 3096 ται
2284 3060 2296 3072 ’
2329 3041 2564 3096 ἐνταῦθα
2591 3041 2646 3093 δὲ
2672 3040 2882 3092 πολλῶν
2908 3038 3003 3091 καὶ
3036 3035 3392 3089 παντοδαπῶν
3425 3030 3730 3101 ἐπιθυμιῶν
3752 3045 3853 3082 πε-

2178 3129 2481 3202 ριγίνεσθαι
2518 3129 2614 3181 δεῖ.
2667 3128 2834 3180 υύδέν
2875 3124 3026 3196 [529]
3072 3124 3210 3194 γὰρ,
3255 3122 3404 3174 οὐδὲν
3453 3119 3853 3190 ἀφρονέστερον

2175 3217 2269 3271 τοῦ
2297 3217 2598 3288 χρημάτων
2621 3215 2829 3268 δούλου.
2861 3215 3020 3266 Δοκεῖ
3052 3214 3294 3283 κρατεῖν,
3323 3207 3721 3280 κρατούμενος’
3761 3205 3851 3258 δο-

2177 3311 2263 3361 κεῖ
2281 3307 2472 3377 κύριος
2503 3301 2660 3364 εἶναι,
2679 3303 2864 3365 δοῦλος
2887 3301 2962 3354 ὢν
2981 3318 2995 3331 ο
3022 3301 3114 3354 καὶ
3133 3297 3307 3368 δεσμά
3328 3295 3622 3367 περιτιθεὶς
3645 3291 3851 3362 ἐαυτῷ,

2176 3395 2360 3465 χαίρει
2380 3411 2392 3422 ο
2423 3389 2804 3461 χαλεπώτερον
2836 3387 2898 3440 τὸ
2921 3385 3107 3458 θηρίον
3132 3382 3500 3456 ἐργαζόμενος
3518 3420 3534 3442 ,
3565 3378 3857 3450 εὐφραίνε-

2175 3499 2297 3537 ται·
2338 3482 2435 3535 καὶ
2466 3477 2816 3550 αἰχμάλωτος
2866 3475 3172 3545 γινόμενος,
3207 3470 3503 3539 ἀγάλλεται
3533 3467 3625 3519 καὶ
3673 3465 3850 3536 πηδᾷ·

2176 3569 2274 3624 καὶ
2311 3567 2453 3638 ὁρῶν
2485 3567 2623 3620 κύνα
2671 3562 2948 3616 λυττῶντα
3001 3561 3097 3614 καὶ
3149 3559 3512 3629 ἐφαλλόμενον
3563 3552 3730 3608 αὑτοῦ
3780 3554 3854 3624 τῇ

2175 3657 2346 3730 ψυχῇ,
2377 3656 2538 3726 δῆσαι
2576 3655 2694 3707 δέον
2724 3653 2818 3706 καὶ
2849 3651 2993 3721 λιμῷ
3019 3647 3203 3719 τῆξαι,
3239 3651 3267 3701 ὁ
3296 3647 3351 3700 δὲ
3380 3645 3472 3700 καὶ
3495 3645 3590 3677 ⁹⁶¹⁰
3619 3643 3856 3712 ἄφθονον

2179 3747 2331 3816 αὐτῷ
2360 3745 2592 3816 παρέχει
2617 3742 2846 3812 τροφὴν,
2881 3741 2969 3792 ἵνα
3001 3737 3262 3808 μειζόνως
3292 3735 3591 3805 ἐφάλληται
3625 3734 3718 3785 καὶ
3751 3748 3856 3800 φο-

2179 3832 2483 3905 ϐερώτερος
2511 3831 2549 3861 ¹¹
2671 3828 2856 3881 Ταῦτα
2881 3823 2972 3880 οῦν
3003 3827 3217 3880 ἅπαντα
3240 3823 3567 3884 ἐννοοῦντες,
3600 3818 3857 3887 λύσωμεν

2178 3923 2248 3975 τὰ
2281 3919 2478 3989 δεσμὰ,
2507 3918 2784 3987 ἀνέλωμεν
2813 3916 2874 3968 16
2901 3915 3111 3984 θηρίον,
3152 3912 3513 3978 ἀπελάσωμεν
3547 3908 3646 3973 τὴν
3673 3906 3856 3973 νόσον,

2179 4008 2497 4079 ἐκϐάλωμεν
2539 4007 2637 4078 τὴν
2680 4005 2874 4076 μανίαν
2913 4002 3117 4070 ταύτην
3141 4041 3156 4064 ,
3206 4000 3292 4052 ἵνα
3320 3999 3560 4067 γαλήνης
3608 3991 3855 4047 ἀπολαύο

2183 4115 2364 4168 σωμεν
2389 4095 2484 4150 καὶ
2508 4095 2718 4163 ὑγιείας
2743 4093 3008 4165 καθαρᾶς,
3041 4091 3134 4142 καὶ
3157 4088 3294 4160 μετά
3315 4085 3516 4154 πολλῆς
3538 4086 3636 4154 τῆς
3660 4080 3860 4152 ἡδονῆς

2183 4189 2260 4248 εἰς
2285 4186 2375 4240 τὸν
2403 4184 2577 4238 εὔδιον
2604 4183 3078 4244 καταπλεύσαντες
3101 4179 3314 4249 λιμένα,
3343 4176 3452 4229 τῶν
3480 4173 3709 4228 αἰωνίων
3731 4174 3860 4225 ἐπι-

2183 4275 2436 4345 τύχωμεν
2464 4271 2684 4340 ἀγαθῶν
2704 4289 2717 4302 ·
2753 4265 2827 4323 ὧν
2856 4269 3066 4338 γένοιτο
3115 4268 3324 4329 πάντας
3363 4266 3511 4334 ἡμᾶς
3542 4261 3856 4330 ἐπιτυχεῖν,

2183 4364 2365 4434 χάριτι
2390 4361 2481 4429 καὶ
2512 4358 2891 4432 φιλανθρωπίᾳ
2923 4357 3016 4409 τοῦ
3052 4354 3258 4424 Κυρίου
3287 4353 3444 4423 ήμῶν
3500 4348 3672 4421 Ἰησοῦ
3715 4349 3860 4418 Χρι-

2185 4450 2342 4514 στοῦ,
2363 4444 2406 4517 ᾧ
2427 4451 2460 4521 ή
2484 4449 2608 4515 δόξα
2641 4449 2735 4502 καὶ
2761 4447 2822 4500 16
2845 4445 3065 4517 κράτος,
3097 4442 3190 4496 νῦν
3221 4443 3315 4496 κα)⁵
3365 4440 3453 4494 ἀεὶ
3484 4439 3576 4493 καὶ
3610 4439 3688 4502 εἰς
3726 4436 3862 4500 τοὺς

2183 4537 2385 4597 αἰῶνας
2411 4536 2518 4589 τῶν
2558 4535 2789 4590 αἰώνων.
2842 4533 3036 4604 Ἀμήν.

3501 4635 3522 4666 ¹
3553 4631 3716 4702 ἡμᾶς.
3739 4644 3858 4702 0m-

3291 4707 3490 4776 ἐπὶχρη
3501 4697 3684 4776 μάτων
3709 4701 3758 4753 λ.
3787 4697 3858 4753 L.

413 4772 942 4850 f6_:axe¢9lcagi1'o
981 4775 1050 4828 M.
1103 4778 1156 4850 _"7
1179 4778 1385 4850 ἐτέροις
1419 4795 1478 4831 π,
1516 4772 1726 4850 πληγῆς
1761 4779 2076 4850 χαλεπωτέρ

2179 4783 2236 4837 G.
2267 4791 2321 4836 et
2346 4772 2424 4837 εἰὰ
2454 4772 2717 4837 είιὲὺιὶἰυι·
2742 4789 2868 4834 ωηο
2891 4772 3022 4850 Ben.
3041 4780 3113 4850 ΔΙιι
3149 4779 3247 4832 hac
3277 4772 3510 4850 legztidné
3541 4772 3864 4850 ἐτέρας-Ι)Ξο

410 4839 619 4921 ἑτέροις
638 4839 843 4921 ῂτςειωρι
863 4845 1006 4921 F|o_r.
1026 4839 1590 4921 ρ.⁴219(Ἰ⁴υιιι-.-ξιιςῄρ.
1611 4839 1906 4921 Sabim“
1936 4839 2076 4904 ἐννόί

2179 4870 2287 4916 ντες
2319 4852 2449 4906 Edd.
2514 4854 2534 4884 ⁸
2554 4851 2679 4921 xciv!
2711 4851 2804 4903 καὶ
2827 4850 2892 4921 11.
2917 4849 2981 4904 L.
3007 4848 3078 4903 Μ.
3102 4844 3563 4921 σωφρονήσωμεν]
3588 4839 3766 4921 Sic_H.
3786 4839 3860 4921 .L.

407 4911 594 4970 εαξιέτί
616 4911 894 4986 νήφωμεν.
953 4911 1049 4948 ⁸·ιδ
1071 4920 1164 4970 καὶ
1182 4911 1292 4973 oin.
1321 4919 1384 4975 G.
1410 4918 1474 4972 K.
1495 4911 1563 4974 Μ’.
1582 4936 1636 4990 p.
1664 4911 1733 4990 p.'
1748 4921 1846 4991 τὴν
1862 4921 2066 4993 τροφὴν

2179 4923 2245 4976 ll.
2268 4911 2282 4916 ’
2305 4925 2344 4955 ¹¹
2364 4924 2452 4977 Sic
2472 4921 2612 4976 Flor.
2635 4911 2688 4991 p'.
2718 4922 2818 4974 178
2839 4920 3014 4990 (Tom.
3041 4936 3136 4973 xu.
3161 4911 3391 4987 11-509).

3498 4909 3584 4986 lgb
3602 4913 3732 4982 (ροϐε
3741 4909 3860 4982 ρός.

2023 5095 2264 5147 ΟΜΙΛΙΑ
2308 5095 2354 5146 Ν
2360 5093 2434 5146 Β’.

411 5157 519 5215 Καὶ
546 5155 808 5220 ἐξελθὼν
837 5157 1064 5212 ἐκεῖθεν
1107 5160 1143 5211 ὁ
1177 5157 1435 5224 Ἰησοῦς.
1470 5159 1853 5228 ἀνεχώρησεν
1895 5163 1981 5227 είς
2007 5162 2081 5215 τὰ

475 5235 626 5307 μέρη
671 5238 854 5305 Τύρου
880 5239 974 5291 καὶ
1011 5237 1287 5302 Σιδῶνος.
1311 5239 1417 5291 Καὶ
1450 5237 1579 5292 Ιδοὺ
1601 5239 1754 5306 γυνὴ
1775 5242 2080 5295 Χαναναία

479 5315 600 5371 ἀπὸ
618 5315 735 5368 τῶν
753 5316 931 5384 ὁρίων
951 5317 1195 5369 ἐκείνων
1216 5315 1569 5382 ἐξελθοῦσα,
1587 5318 1841 5387 ἔκραξεν
1855 5321 1896 5351 ³³
1921 5319 2080 5386 αὐτῷ

479 5395 776 5465 λέγουσα·
817 5412 835 5444 ι
858 5395 1152 5462 Ἐλέησόν
1165 5413 1263 5464 με,
1303 5397 1498 5464 Κύριε,
1532 5396 1625 5452 υἱὲ
1656 5399 1868 5453 Δαυΐδ·
1903 5400 1942 5469 ἠ
1977 5407 2077 5458 θυ-

481 5474 668 5546 γάτηρ
682 5492 802 5543 μου
827 5472 1024 5540 κακῶς
1041 5473 1458 5544 δαιμονίζεται.
1491 5496 1508 5530 ι

478 5599 548 5655 α’.
591 5602 649 5654 '0
675 5600 731 5655 δέ
762 5603 988 5674 Μάρκος
1004 5603 1189 5672 φησὶν,
1210 5604 1290 5656 ὅτι
1306 5605 1407 5657 οὐκ
1427 5604 1662 5676 ἠδυνήθη
1681 5602 1884 5672 λαθεῖν,
1908 5605 2077 5660 ἐλθὼν

407 5688 490 5752 είς
520 5688 616 5760 τὴν
650 5691 844 5745 οἰκίαν.
878 5692 942 5744 Τί
990 5691 1049 5744 δὲ
1077 5691 1214 5755 ὅλως
1246 5692 1528 5762 ἀπῄει.εἰς
1573 5691 1643 5746 τὰ
1677 5692 1818 5764 μέρη
1866 5694 2073 5760 ταῦτα;

411 5774 543 5829 Ὅτε
580 5777 676 5845 τῆς
713 5778 820 5830 τῶν
868 5778 1173 5850 βρωμάτων
1224 5781 1658 5850 παρατηρήσεως
1697 5781 1974 5850 ἀπήλλαξε
2009 5783 2074 5843 ³³,

405 5863 532 5918 τότε
563 5865 655 5918 καὶ
682 5869 793 5929 τοῖς
832 5867 1009 5920 ἔθνεσι
1048 5867 1218 5940 θύραν
1251 5868 1458 5935 ἀνοίγει
1495 5867 1678 5921 λοιπὸν
1711 5868 1814 5940 ὀδῷ
1846 5871 2074 5942 προϐαί-

477 5977 526 6009 "
553 5976 894 6048 ἐκραύγασεν
928 5977 1061 6033 Edd.
1140 5981 1182 6013 ¹³
1223 5981 1419 6044 αὐτοῦς
1452 5979 1727 6048 ἀπήλλαξε
1763 5981 1825 6036 1..

2186 5183 2292 5218 νων
2312 5182 2323 5194 ·
2355 5163 2544 5233 ὥσπερ
2571 5161 2661 5217 οὖν
2686 5167 2780 5218 καὶ
2808 5165 3032 5234 Πέτρος,
3059 5163 3325 5234 πρότερον
3353 5159 3542 5213 τοῦτον
3570 5158 3864 5224 ἐπιταγεὶς

2185 5253 2345 5306 λῦσαι
2388 5253 2480 5306 τὸν
2508 5253 2692 5322 νόμον,
2722 5254 3000 5320 πέμπεται
3037 5251 3175 5322 πρὸς
3206 5251 3298 5304 τὸν
3333 5249 3652 5320 Κορνήλιον.
3684 5246 3747 5300 Εἰ
3796 5246 3862 5300 δὲ

2185 5341 2333 5407 λέγοι
2381 5358 2492 5404 τις,
2530 5341 2653 5402 Πῶς
2703 5337 2796 5392 οὖν
2852 5342 2962 5403 τοῖς
3005 5339 3274 5410 μαθηταῖς
3319 5336 3514 5404 λέγων,
3564 5337 3669 5400 Εἰς
3710 5332 3864 5387 ὁδὸν

2182 5427 2374 5481 ἐθνῶν
2385 5429 2471 5496 μὴ
2495 5429 2814 5494 ἀπέλθητε,
2832 5431 3036 5498 ταύτην
3056 5427 3340 5498 προσίεται
3359 5424 3497 5490 ¹⁴·¹⁸;
3516 5422 3731 5496 πρῶτον
3755 5421 3862 5491 μὲν

2186 5521 2362 5572 ἐκεῖνο
2382 5517 2446 5570 Ξιν
2466 5516 2732 5587 εἴποιμεν,
2758 5517 2838 5570 ὅτι
2867 5519 2965 5588 οὐχ
2985 5519 3121 5588 ὅπερ
3153 5515 3383 5578 ἐπέταξε
3417 5516 3530 5577 τοῖς
3559 5512 3860 5584 μαθηταῖς,

2182 5609 2358 5679 τούτῳ
2407 5607 2500 5661 καὶ
2527 5607 2688 5670 αὐτὸς
2722 5605 3022 5671 ὑπεύθυνος
3050 5601 3120 5677 ἦν
3153 5618 3167 5635 ⁶
3204 5604 3456 5674 δεύτερον
3495 5603 3551 5656 δὲ
3572 5641 3588 5665 ,
3621 5602 3702 5654 δτι
3730 5600 3862 5653 οὐδὲ

2182 5697 2258 5761 ὡς
2287 5695 2538 5768 κηρύξων
2575 5697 2845 5767 ἀπῆλθενο
2895 5697 3032 5766 ὅπερ
3059 5693 3152 5750 οῦν
3182 5696 3276 5748 καὶ
3314 5698 3342 5750 6
3366 5695 3590 5766 Μάρκος
3614 5689 3859 5745 αἰνιττόο

2186 5801 2344 5853 μενος
2371 5783 2579 5852 έλεγεν,
2608 5785 2688 5837 ὅτι
2723 5785 2818 5837 καὶ
2841 5783 3079 5856 ἔκρυψεν
3113 5784 3328 5850 ἐαυτδν,
3374 5783 3470 5838 καὶ
3507 5782 3607 5835 οὐκ
3639 5777 3833 5832 ἔλαθεν

2185 5871 2392 5942 Ὥσπερ
2423 5869 2606 5941 γὰρτὸ
2636 5869 2710 5941 μὴ
2739 5871 2966 5944 δραμεῖν
2991 5872 3077 5926 ἐπ’
3109 5872 3303 5936 αὐτοὺς
3334 5871 3582 5942 πρώτους
3603 5867 3701 5938 τῆς
3723 5865 3834 5919 ﬁxo

1906 5984 1946 6014 ιδ
1976 5983 2020 6014 ¹⁸
2059 5982 2302 6042 προῖεται
2339 5982 2464 6038 Sav.
2506 5981 2691 6038 invitis
2722 5982 2885 6038 codd.
