4108 6376
321 387 424 443 517

318 506 387 559 sit
410 520 424 559 :
453 502 696 559 Lemtes
724 511 924 558 sanctas
951 517 1131 558 manus
1163 502 1349 575 absque
1378 504 1457 558 ira
1479 512 1527 557 et
1546 503 1906 575 disceptatione

318 596 409 667 (1.
442 590 578 650 Tim.
622 595 678 649 2.
712 594 803 668 8).
832 594 911 650 Ne
959 594 1193 665 linguam
1250 610 1381 667 ergo
1425 595 1677 666 deturpes
1716 613 1729 649 :
1782 610 1903 650 nam

315 688 587 757 quomodo
612 703 711 757 pro
742 697 793 743 te
817 688 1119 758 precabitur
1138 729 1153 753 ,
1180 701 1301 742 eum
1332 687 1580 743 ﬁduciam
1622 688 1905 743 amiseris?

316 781 410 836 scd
436 796 572 835 orna
594 781 737 836 illam
764 780 1042 845 modestia,
1065 780 1394 835 humilitate:
1426 780 1510 836 fac
1530 780 1742 852 dignam
1770 779 1900 845 Deo,

315 874 407 943 qui
447 888 544 942 per
589 873 731 928 illam
775 881 1032 943 rogatur;
1067 873 1207 926 illam
1250 872 1397 942 reple
1439 872 1807 929 benedictione
1849 880 1904 927 et

315 966 678 1036 elecmosyna.
732 963 863 1019 Nam
912 964 1092 1018 verbis
1142 965 1301 1019 etiam
1348 974 1521 1033 potest
1563 964 1900 1033 eleemosyna

316 1060 524 1129 erogari
547 1077 561 1112 :
594 1058 779 1113 Melior
802 1068 876 1113 est
904 1059 1045 1113 enim
1068 1074 1251 1125 sernto,
1281 1074 1431 1128 quam
1452 1058 1641 1111 donum
1663 1064 1742 1123 ;et
1761 1072 1776 1110 :
1796 1054 1900 1110 Re-

313 1152 505 1221 sponde
534 1151 745 1220 pauperi
768 1152 984 1222 paciﬁca
1012 1152 1065 1204 in
1090 1150 1473 1204 mansuetudine
1490 1148 1678 1221 (Eccli.
1700 1150 1786 1205 18.
1810 1148 1897 1204 16.

310 1251 357 1296 et
384 1242 434 1297 4.
451 1239 530 1313 8).
554 1242 743 1297 Totum
769 1257 895 1297 vero
920 1242 1178 1313 reliquum
1200 1251 1410 1313 tempus
1431 1243 1726 1297 divinarum
1747 1257 1900 1296 enar-

312 1334 519 1389 ratione
548 1334 720 1404 legum
758 1350 979 1391 exorna.
1010 1335 1186 1389 Omnis
1212 1336 1467 1389 enarratio
1488 1345 1573 1388 tua
1612 1335 1676 1389 sit
1702 1334 1757 1388 in
1795 1334 1900 1404 lege

312 1427 556 1481 Altissimi
582 1426 755 1499 (Ibid.
780 1427 833 1482 9.
864 1427 935 1481 25
955 1425 996 1498 ).
1031 1427 1103 1482 Ita
1158 1443 1257 1482 nos
1287 1427 1571 1483 adorantes
1599 1426 1667 1481 ad
1698 1426 1896 1496 Regem

309 1518 629 1573 accedamus
652 1560 667 1583 ,
697 1528 752 1573 et
796 1519 861 1573 ad
904 1534 1075 1590 genua
1102 1520 1216 1589 ejus
1244 1518 1613 1590 procidamus,
1644 1533 1751 1575 non
1780 1534 1900 1574 cor-

310 1624 440 1681 pore
490 1620 691 1664 tantum
719 1652 734 1675 ,
779 1610 873 1667 sed
921 1612 1079 1666 etiam
1134 1620 1333 1667 mente.
1383 1611 1693 1682 Cogitemus
1734 1627 1895 1682 quem

306 1703 581 1767 adeamus,
628 1713 683 1759 et
728 1719 824 1773 pro
869 1704 1080 1773 quibus,
1118 1716 1173 1759 et
1208 1703 1334 1774 quid
1377 1706 1618 1759 volentes
1660 1702 1893 1759 efficere.

309 1794 473 1850 Deum
507 1795 738 1862 adimus,
762 1809 920 1866 quem
944 1796 1223 1866 Seraphim
1256 1795 1515 1861 videntes,
1539 1797 1714 1850 vultus
1739 1808 1895 1852 aver-

307 1897 445 1955 tunt,
476 1903 582 1943 non
613 1888 847 1944 ferentes
874 1886 1137 1958 fulgorem
1167 1904 1362 1958 ;quem
1387 1888 1572 1943 videns
1599 1900 1739 1945 terra
1767 1905 1896 1945 con-

312 1983 592 2037 tremiscit.
622 1983 786 2036 Deum
816 1981 1047 2044 adimus,
1081 1982 1169 2052 qui
1207 1982 1377 2037 lucem
1418 1981 1621 2037 habitat
1655 1982 1895 2038 inacces-

305 2075 535 2130 sibilem.
565 2075 809 2141 Adimus,
853 2085 911 2129 ut
938 2091 967 2128 a
994 2070 1238 2146 geheuna
1269 2076 1576 2142 liberemur,
1606 2084 1663 2130 ut
1705 2076 1897 2131 remis-

308 2170 512 2224 sionem
534 2178 874 2240 peccatorum
898 2169 1260 2239 impetremus,
1283 2178 1337 2224 ut
1363 2164 1546 2224 abillo
1574 2166 1893 2225 intolerabili

302 2260 565 2329 supplicio
591 2260 898 2326 liberemur,
929 2263 986 2314 ut
1025 2260 1214 2315 caelum
1260 2267 1314 2315 et
1364 2260 1436 2315 ibi
1478 2261 1706 2331 reposita
1754 2259 1892 2317 bona

302 2364 710 2422 consequamur.

374 2444 427 2497 6.
459 2443 796 2498 Mansuetudo
821 2444 876 2498 in
895 2445 1121 2499 oratione
1141 2446 1443 2499 adhibenda.
1474 2446 1641 2502 Nemo
1670 2447 1890 2515 (aditur,

302 2536 401 2589 nisi
435 2552 467 2588 a
508 2536 694 2605 seipse.
735 2535 922 2590 Contra
954 2546 1037 2592 eas
1066 2537 1151 2607 qui
1174 2538 1390 2592 aliorum
1416 2540 1544 2593 bona
1572 2540 1795 2610 rapiunt.
1824 2560 1896 2582 —-‘-

304 2626 648 2681 l‘rocidamus
674 2626 831 2697 igitur
854 2637 909 2682 et
945 2639 1172 2698 corpore
1200 2638 1254 2684 et
1278 2639 1477 2696 mente,
1508 2638 1566 2685 ut
1593 2630 1684 2686 ille
1705 2631 1892 2700 jacen-

304 2730 385 2774 tes
425 2720 595 2790 erigat
645 2738 658 2773 :
711 2736 833 2775 cum
879 2720 1140 2777 modestia
1189 2723 1441 2792 omnique
1487 2726 1894 2782 mansuetudine

307 2811 480 2880 ipsum
506 2811 861 2881 alloquamur.
894 2812 964 2867 Et
985 2815 1105 2884 quis
1129 2823 1231 2880 est,
1264 2813 1496 2885 inquies,
1531 2817 1601 2871 ita
1632 2817 1796 2872 miser
1840 2828 1894 2872 ct

305 2902 514 2970 infelix,
542 2912 598 2959 ut
623 2904 677 2959 in
705 2906 946 2962 oratione
973 2922 1078 2961 non
1106 2908 1176 2962 sit
1199 2908 1547 2964 moderatus?
1568 2910 1662 2965 llle
1688 2910 1777 2983 qui
1807 2911 1891 2966 vel

301 2996 569 3067 precando
595 2999 874 3055 maledicta
919 2999 1142 3071 profert,
1178 3000 1464 3072 furoreque
1494 3004 1681 3073 plenus
1708 3013 1811 3071 est,
1839 3014 1894 3060 ct

303 3099 487 3143 contra
532 3090 776 3147 inimicos
818 3093 1096 3147 acclamat.
1137 3093 1191 3149 Si
1225 3095 1301 3149 vis
1342 3110 1592 3150 accusare
1616 3136 1630 3161 ,
1661 3095 1890 3167 teipsum

303 3196 516 3237 accusa.
554 3183 608 3238 Si
652 3183 733 3240 vis
776 3183 1009 3256 linguam
1052 3201 1263 3251 acuere,
1300 3196 1486 3242 contra
1535 3201 1748 3260 peccata
1803 3199 1890 3245 tua

302 3289 451 3331 acue.
472 3276 580 3332 Nec
608 3277 753 3333 dicas
781 3279 907 3349 quid
937 3279 1072 3335 alius
1098 3278 1189 3335 tibi
1216 3281 1341 3336 mali
1369 3282 1624 3347 intulerit,
1647 3283 1741 3339 sed
1766 3283 1891 3355 quid

300 3375 359 3421 tu
396 3368 491 3423 tibi
522 3368 645 3423 mali
676 3368 904 3425 feceris:
936 3371 1061 3425 illud
1106 3372 1251 3426 enim
1280 3373 1510 3428 maxime
1550 3374 1744 3428 malum
1787 3385 1889 3430 est.

300 3457 484 3530 Neque
512 3462 653 3515 enim
682 3462 799 3532 quis
831 3473 882 3518 te
910 3462 1105 3519 laedere
1147 3466 1379 3534 poterit,
1416 3465 1517 3521 nisi
1563 3477 1614 3522 te
1640 3467 1753 3538 ipse
1796 3468 1891 3523 lte-

301 3551 399 3607 das
426 3552 525 3625 (a).
559 3553 742 3625 Itaque
785 3557 829 3610 si
861 3557 939 3612 vis
985 3567 1171 3611 contra
1211 3558 1463 3615 laedentes
1505 3569 1555 3615 te
1593 3562 1887 3633 insurgere,

309 3645 533 3714 teipsum
563 3647 789 3714 primum
824 3647 1066 3717 impetus.
1098 3648 1266 3704 Nemo
1302 3650 1354 3705 id
1384 3652 1641 3722 impedit;
1693 3670 1815 3709 nam
1844 3656 1889 3709 si

302 3735 463 3790 alium
491 3737 837 3808 aggredieris,
871 3741 1038 3811 magis
1059 3741 1215 3797 l:esus
1236 3743 1425 3798 abibis.
1455 3745 1623 3812 Quam
1652 3761 1779 3801 vero
1796 3746 1890 3803 tibi

304 3828 505 3882 illatam
550 3830 796 3899 injuriam
837 3831 1077 3901 proferre
1111 3844 1260 3903 potes
1284 3834 1307 3888 ?
1335 3834 1430 3891 llle
1468 3836 1598 3891 mihi
1641 3837 1891 3909 injuriam

304 3920 503 3987 intulit,
544 3922 681 3978 bona
709 3925 906 3993 rapuit,
938 3940 1025 3981 me
1054 3926 1105 3980 in
1135 3929 1368 3996 pericula
1396 3928 1617 4000 injecit?
1643 3931 1749 3987 Sed
1789 3931 1891 3989 hoc

304 4026 411 4064 non
440 4021 521 4065 est
563 4012 706 4080 laedi,
738 4015 852 4081 sed,
884 4015 928 4070 si
975 4016 1159 4087 vigiles
1182 4019 1382 4085 simus,
1415 4020 1532 4077 haec
1558 4022 1712 4079 nobis
1748 4025 1891 4079 mul-

301 4108 414 4159 tum
458 4105 715 4176 prodesse
751 4115 1022 4178 poterunt.
1057 4108 1189 4165 Nam
1229 4113 1390 4168 laesus
1415 4122 1498 4168 est
1536 4112 1624 4171 ille
1660 4118 1749 4187 qui
1776 4117 1892 4174 haec

301 4198 440 4253 mala
472 4201 671 4267 intulit,
700 4218 806 4257 non
835 4203 924 4273 qui
952 4219 1140 4274 passus
1165 4216 1265 4261 est.
1299 4206 1365 4262 Et
1395 4207 1499 4264 hoc
1524 4212 1752 4267 maxime
1782 4228 1893 4267 ma-

302 4290 474 4346 lorum
491 4294 727 4348 omnium
745 4310 903 4350 causa
924 4304 1025 4363 est,
1042 4298 1185 4367 quod
1214 4300 1511 4357 nesciamus
1530 4302 1648 4372 quis
1670 4304 1888 4371 laedens,

302 4382 425 4450 quis
468 4381 626 4439 lmsus
654 4385 745 4439 sit.
791 4384 847 4441 Si
876 4386 1006 4442 illud
1048 4388 1213 4458 probe
1257 4392 1555 4461 sciremus,
1599 4411 1888 4467 numquam

304 4488 405 4528 nos
455 4476 867 4546 ulcisceremur,
912 4494 1019 4535 non
1063 4496 1404 4551 precaremur
1447 4494 1631 4541 contra
1680 4489 1888 4557 alium,

365 4647 440 4709 (a)
478 4648 532 4698 lu
571 4649 693 4699 hanc
716 4650 1091 4716 pulcherrimam
1113 4659 1405 4706 sententiam
1440 4662 1709 4712 orationem
1743 4665 1893 4716 edidit

299 4707 674 4779 Chrysostomus
704 4707 866 4779 exsul,
891 4715 983 4765 hoc
1001 4716 1160 4775 titulo,
1186 4720 1319 4777 quod
1342 4707 1484 4770 nemo

301 4775 476 4835 seipse,
501 4786 647 4837 quam
664 4775 816 4825 babes
833 4790 979 4839 supra
1000 4786 1147 4828 Tomo
1170 4775 1219 4841 5,
1242 4781 1336 4830 col.
1362 4783 1596 4835 459-460.

1312 382 1382 442 IN
1417 382 1823 442 HATTIIEUM
1862 379 2093 443 HOMIL.
2136 387 2245 445 LII.
2287 392 2360 447 al.
2402 389 2536 449 Lill.

3499 403 3604 462 518

2014 506 2163 576 gnari
2197 523 2303 563 non
2349 523 2506 579 posse
2535 525 2634 566 nos
2660 512 2801 567 malo
2829 512 2967 569 affici
2995 516 3064 571 ab
3092 515 3215 571 alio.
3250 518 3431 589 Neque
3457 525 3607 581 enim

2012 599 2251 668 rapinam
2280 602 2411 670 pati,
2442 601 2535 657 sed
2556 601 2752 669 facere,
2782 605 3001 661 malum.
3026 607 3081 662 Si
3110 610 3350 679 rapuisti,
3374 614 3599 683 teipsutn

2011 700 2298 759 accusata;
2327 694 2408 748 sin
2438 709 2570 749 vero
2597 703 2683 749 tua
2724 697 2859 751 alius
2898 700 3091 768 rapuit,
3116 715 3333 770 precare
3376 720 3475 775 pro
3510 721 3600 759 ra-

2012 793 2181 852 ptore,
2215 784 2337 855 quia
2387 785 2480 839 tibi
2524 786 2757 843 maxime
2795 788 3014 859 profuit.
3047 790 3266 847 Etiamsi
3297 795 3440 850 enim
3490 814 3596 852 non

2011 877 2127 932 talis
2152 878 2222 931 sit
2246 892 2397 932 mens
2426 877 2588 945 illius,
2620 887 2765 936 certe
2796 892 2848 935 tu
2870 897 3113 952 magnam
3143 885 3420 942 utilitatem
3451 905 3602 945 accc-

2007 970 2128 1038 pisti
2156 1009 2172 1034 ,
2206 969 2252 1023 si
2281 968 2491 1025 fortiter
2534 972 2739 1026 tuleris.
2770 971 2922 1027 lllum
2950 975 3092 1029 enim
3121 985 3177 1031 et
3202 977 3393 1033 divina:
3419 990 3471 1035 ct
3498 982 3598 1035 hu-

2007 1074 2178 1113 manm.
2196 1060 2339 1130 leges
2370 1061 2623 1116 miserqu
2656 1063 2977 1132 pradicant;
3004 1074 3055 1120 te
3081 1081 3209 1121 vero
3233 1068 3416 1123 laisum
3445 1086 3623 1125 coro-'

2005 1160 2136 1205 nant
2159 1154 2215 1205 et
2241 1152 2535 1207 celebrant.
2575 1152 2759 1223 Neque
2784 1155 2926 1209 enim
2957 1156 3000 1210 si
3031 1157 3151 1226 quis
3176 1158 3483 1217 febricitans
3505 1178 3599 1217 vas

2005 1259 2139 1315 aqua
2168 1246 2383 1316 plenum
2413 1249 2651 1316 rapuerit
2675 1248 2743 1302 ab
2769 1250 2894 1317 alio,
2929 1258 2983 1305 et
3008 1253 3225 1306 noxiam
3260 1254 3473 1311 bibendi
3503 1273 3599 1312 cu-

2004 1340 2282 1409 piditatem
2308 1342 2637 1414 expleverit,
2665 1344 2907 1401 dicemus
2952 1346 3135 1402 lassum
3172 1348 3320 1403 illum
3367 1350 3527 1406 fuisse
3565 1368 3595 1406 a

2004 1444 2109 1499 quo
2147 1442 2355 1501 raptum
2398 1448 2495 1489 vas
2521 1443 2624 1501 est,
2665 1435 2760 1489 sed
2801 1436 2979 1507 potius
3024 1439 3362 1507 rapientem:
3406 1441 3595 1496 febrim

2002 1523 2144 1577 enim
2192 1524 2364 1591 auxit,
2392 1525 2746 1595 morbumque
2774 1530 3033 1584 acriorem
3060 1530 3258 1586 effecit.
3284 1531 3392 1587 Hoc
3422 1533 3595 1603 ipsum

2001 1614 2069 1670 de
2094 1617 2436 1684 pecuniarum
2464 1626 2519 1672 et
2539 1632 2700 1688 opum
2725 1629 2938 1675 amante
2960 1632 3165 1691 reputa.
3188 1623 3319 1678 Nam
3364 1625 3449 1680 hic
3467 1614 3596 1695 'plus

2001 1722 2158 1777 quam
2200 1709 2290 1764 ille
2314 1710 2448 1764 alius
2477 1710 2803 1777 febricitans,
2832 1728 2927 1782 per
2965 1715 3101 1770 hanc
3137 1718 3377 1786 rapinam
3400 1760 3413 1783 ,
3444 1733 3596 1773 suam

2002 1799 2236 1856 incendit
2265 1800 2555 1856 ﬂammam.
2600 1803 2666 1857 Et
2692 1805 2736 1858 si
2766 1806 2885 1874 quis
2923 1804 3109 1861 furens
3134 1808 3355 1878 abrepto
3397 1824 3428 1863 a
3458 1826 3594 1880 quo-

2001 1892 2140 1961 piam
2169 1892 2344 1963 gladio
2378 1910 2438 1949 se
2480 1895 2811 1963 confuderit,
2842 1898 2960 1967 quis
2991 1898 3150 1953 laesus
3188 1900 3304 1955 est?
3331 1901 3375 1955 is
3416 1918 3449 1957 a
3489 1918 3595 1973 quo

1998 1985 2253 2054 abreptus
2276 1986 2516 2055 gladius,
2548 2002 2614 2040 an
2643 1988 2732 2057 qui
2772 1988 2992 2057 rapuit?
3019 1990 3113 2044 llic
3152 1991 3354 2061 utique.
3388 1993 3462 2048 De
3497 2009 3591 2063 pe-

1999 2076 2276 2130 cuniarum
2303 2077 2460 2146 igitur
2487 2079 2667 2148 rapina
2699 2079 2926 2150 idipsum
2958 2082 3271 2151 cogitemus.
3290 2083 3422 2138 Nam
3450 2086 3592 2154 quod

2000 2164 2194 2222 furenti
2224 2167 2429 2237 gladius
2471 2178 2582 2236 est,
2612 2170 2664 2225 id
2694 2184 2856 2225 avaro
2884 2171 3083 2226 divitiae
3126 2183 3288 2239 sunt;
3330 2175 3438 2229 imo
3475 2193 3593 2246 per~

1999 2259 2331 2315 niciosiores.
2359 2261 2491 2315 Nam
2520 2263 2610 2332 qui
2641 2262 2765 2318 furit
2790 2306 2805 2329 ,
2835 2272 2889 2318 et
2917 2278 3037 2319 sese
3085 2265 3263 2334 gladio
3316 2268 3591 2335 confodit,

1994 2354 2105 2426 jam
2138 2372 2168 2411 a
2196 2357 2373 2412 furore
2409 2357 2667 2412 liberatus
2710 2367 2829 2424 est,
2861 2374 3034 2428 neque
3077 2359 3370 2414 secundum
3400 2363 3593 2431 accipit

2000 2450 2197 2504 vulnus
2226 2463 2457 2504 :avarus
2493 2464 2619 2504 vero
2658 2450 2933 2504 innumera
2980 2450 3217 2519 quotidie
3256 2458 3310 2505 et
3346 2453 3590 2521 graviora

1996 2542 2192 2612 accipit
2217 2541 2457 2607 vulnera,
2494 2555 2603 2595 non
2632 2555 2752 2596 sese
2773 2540 2840 2595 ab
2869 2538 2969 2595 hac
2996 2542 3198 2596 insania
3227 2542 3478 2609 educens,
3496 2544 3591 2599 sed

1997 2636 2168 2707 magis
2193 2644 2393 2705 augens
2420 2634 2470 2689 in
2498 2633 2614 2689 dies
2641 2651 2655 2689 :
2687 2638 2741 2689 et
2766 2643 2963 2705 quanto
2992 2635 3140 2705 plura
3171 2637 3438 2706 acceperit
3468 2638 3591 2692 vul-

1997 2742 2125 2783 nera
2152 2762 2169 2794 ,
2203 2736 2350 2782 tanto
2377 2726 2546 2797 magis
2582 2727 2915 2781 occasionem
2947 2727 3152 2797 praebet
3177 2728 3343 2799 plagis
3369 2727 3591 2800 majori-

1997 2817 2117 2872 bus.
2147 2817 2273 2873 11ωο
2309 2832 2439 2888 ergo
2466 2818 2758 2889 cogitantes
2778 2861 2792 2884 ,
2825 2817 3089 2889 fugiamus
3135 2819 3277 2875 hunc
3315 2820 3549 2889 gladium
3573 2862 3589 2886 ,

1996 2907 2136 2964 hanc
2173 2910 2454 2975 insaniam,
2479 2918 2534 2965 et
2567 2923 2689 2964 sero
2718 2909 2928 2964 tandem
2961 2909 3259 2981 vigilemus.
3290 2910 3423 2965 Nam
3453 2912 3590 2969 hanc

1992 3010 2142 3057 certe
2170 3001 2416 3056 virtutem
2455 3002 2835 3057 continentiam
2863 3012 3007 3057 recte
3033 3017 3285 3059 vocemus
3307 3046 3323 3067 ,
3354 3020 3459 3060 non
3485 3006 3591 3060 mi-

1996 3109 2099 3150 nus
2137 3108 2297 3165 quam
2342 3094 2483 3149 illam
2533 3111 2652 3166 qua:
2697 3096 2774 3150 sic
2822 3096 3022 3166 passim
3055 3106 3293 3152 vocatur.
3338 3098 3411 3153 lbi
3443 3100 3588 3154 enim

1995 3196 2181 3242 contra
2223 3202 2380 3242 unam
2422 3187 2869 3257 concupiscentia;
2912 3188 3248 3259 tyrannidem
3282 3199 3585 3260 pugnatur.

1995 3277 2082 3332 hic
2105 3291 2233 3332 vero
2248 3278 2441 3331 multas
2459 3292 2524 3332 ac
2547 3277 2784 3332 diversas
2809 3279 3127 3347 cupiditates
3153 3295 3407 3350 superare
3429 3296 3589 3353 Opor-

1995 3379 2091 3426 tet.
2115 3370 2283 3426 Nemo
2308 3372 2471 3436 enim,
2497 3385 2655 3426 nemo
2679 3371 2894 3427 stultior
2922 3385 2989 3427 eo
3018 3373 3106 3442 qui
3131 3372 3439 3428 divitiarum
3470 3388 3587 3429 ser-

1994 3478 2092 3518 vus
2119 3471 2220 3519 est.
2260 3462 2529 3532 Imperare
2569 3462 2671 3518 sibi
2717 3462 2967 3529 videtur,
3013 3463 3141 3518 dum
3180 3463 3424 3519 subditus
3459 3476 3585 3530 est;

1995 3557 2258 3613 dominari
2286 3555 2499 3611 videtur
2521 3597 2537 3623 ,
2569 3571 2691 3611 cum
2738 3556 2808 3611 sit
2852 3571 3074 3622 servus;
3107 3556 3234 3611 dum
3261 3570 3322 3612 se
3363 3556 3586 3614 vinculis

1994 3649 2338 3720 constringit,
2386 3648 2614 3720 gaudet;
2643 3663 2764 3704 cum
2806 3648 3070 3703 acriorem
3120 3647 3286 3703 feram
3325 3648 3583 3715 reddidit,

1996 3742 2244 3805 lmtatur;
2275 3754 2396 3795 cum
2425 3740 2670 3810 captivus
2696 3738 2927 3804 ducitur,
2958 3738 3223 3804 exsultat;
3246 3754 3309 3794 ac
3337 3739 3465 3794 dum
3511 3742 3587 3794 vi.

1994 3832 2085 3888 det
2132 3845 2319 3887 canem
2366 3831 2613 3886 rabidum
2660 3831 2713 3884 in
2758 3830 2989 3883 animam
3033 3845 3182 3883 suam
3226 3831 3579 3894 insilientem,

1992 3940 2117 3981 cum
2146 3932 2418 3995 oporteret
2439 3924 2586 3980 illum
2612 3924 2777 3994 ligare
2790 3933 2845 3979 et
2866 3922 3005 3979 fame
3026 3925 3287 3993 cruciare,
3313 3925 3412 3996 ipsi
3440 3926 3587 3995 largo

1994 4017 2171 4074 cibum
2195 4014 2519 4085 suppeditat,
2550 4023 2608 4069 ut
2634 4015 3003 4070 vehementius
3044 4014 3244 4070 insiliat
3281 4025 3335 4070 et
3358 4015 3587 4071 ferocior

1995 4112 2084 4165 sit.
2110 4110 2238 4165 Herc
2265 4110 2444 4178 itaque
2483 4107 2662 4163 omnia
2692 4107 3010 4177 cogitantes,
3039 4106 3250 4162 vincula
3288 4108 3585 4174 solvamus,

1995 4201 2164 4258 feram
2193 4198 2521 4265 occidamus,
2544 4197 2788 4253 morbum
2821 4196 3082 4267 pellamus
3107 4238 3121 4263 ,
3158 4198 3397 4254 furorem
3443 4198 3585 4254 hunc

1996 4293 2293 4365 ejiciamus,
2325 4302 2385 4347 ut
2428 4290 2803 4361 tranquillitate
2843 4298 2896 4344 et
2939 4306 3068 4359 pura
3109 4290 3415 4346 valetudine
3440 4291 3583 4345 frua-

1998 4403 2137 4453 mur,
2164 4394 2370 4442 etcum
2413 4384 2578 4438 multa
2618 4381 2889 4451 voluptate
2927 4380 2995 4435 ad
3033 4380 3372 4451 tranquillum
3400 4382 3586 4451 appel-

1997 4479 2169 4535 lentes
2197 4486 2429 4548 portum,
2447 4484 2646 4531 aeterna
2670 4474 2806 4527 bona
2832 4474 3222 4543 adipiscamur:
3244 4489 3362 4544 qua:
3384 4475 3587 4530 utinam

1997 4584 2184 4625 omnes
2209 4583 2576 4639 assequamur,
2605 4566 2773 4637 gratia
2804 4574 2855 4619 et
2890 4566 3213 4635 benignitate
3245 4565 3453 4621 Domini
3494 4583 3586 4623 uo-

1997 4662 2231 4719 striJesu
2253 4660 2466 4725 Christi,
2491 4659 2576 4714 cui
2606 4657 2770 4727 gloria
2796 4667 2851 4711 et
2876 4656 3336 4726 imperium,nunc
3359 4666 3413 4712 et
3441 4673 3583 4713 sem-

1999 4772 2114 4828 per,
2137 4764 2191 4810 et
2211 4754 2264 4808 in
2288 4751 2479 4807 saecula
2503 4750 2840 4805 saeculorum.
2863 4750 3054 4803 Amen.

301 4896 2881 4930 ___._____________________________

1522 4985 1867 5051 HOMILIA
1911 4992 2042 5053 Lll.
2098 4989 2185 5051 al.
2225 4986 2386 5048 Llll.

297 5124 429 5179 CAP.
455 5126 542 5180 15.
565 5141 617 5181 v.
638 5125 729 5180 2|.
754 5125 820 5180 Et
843 5144 1072 5199 egressus
1102 5131 1221 5185 inde
1238 5131 1411 5199 Jesus,
1433 5137 1631 5189 secessit
1651 5138 1703 5191 in
1726 5146 1894 5207 partes
1985 5126 2157 5201 aperit
2182 5144 2195 5179 :
2220 5118 2670 5196 quemadmodum
2701 5131 2756 5175 et
2794 5117 3005 5178 Ρθιΐυδο
3052 5129 3174 5169 cum
3200 5112 3571 5207 Pr‘imuﬂlu‘

372 5215 497 5287 Tyri
523 5228 568 5271 et
589 5219 817 5276 Sidonis.
844 5221 934 5275 22.
959 5222 1027 5276 Et
1052 5240 1161 5278 ecce
1180 5226 1360 5280 mulier
1380 5226 1668 5284 Chananaaa
1693 5247 1893 5301 egressa

372 5325 436 5362 ea:
464 5308 648 5377 ﬁnibus
680 5312 807 5378 suis,
847 5313 1082 5369 clamavit
1120 5318 1290 5372 dicens
1329 5321 1375 5374 ei
1416 5336 1435 5373 :
1478 5320 1717 5377 Miserere
1754 5325 1886 5388 mei,

372 5398 587 5454 Domine
606 5400 684 5468 ﬁli
706 5402 906 5468 David;
927 5406 1035 5471 ﬁlia
1055 5423 1165 5460 mea
1187 5408 1316 5462 male
1335 5426 1365 5461 a
1386 5409 1635 5465 dwmonio
1657 5423 1886 5469 vexatur.

371 5492 423 5545 1.
453 5490 557 5545 Cur
578 5492 807 5549 Christus
842 5506 1012 5566 gentes
1044 5498 1190 5552 adiit.
1217 5529 1285 5539 —
1319 5500 1528 5557 Marcus
1571 5513 1748 5557 autem
1791 5504 1885 5570 ait,

300 5598 472 5653 ipsum
505 5585 671 5643 latere
700 5604 806 5643 non
837 5591 1106 5659 potuisse;
1138 5607 1259 5647 cum
1295 5592 1347 5647 in
1394 5593 1609 5649 domum
1654 5596 1888 5651 venisset

296 5673 502 5745 (Marc.
533 5679 587 5734 7.
626 5680 752 5751 24).
790 5679 899 5737 Cur
925 5694 1100 5738 autem
1141 5685 1195 5738 in
1232 5694 1411 5755 partes
1454 5686 1570 5741 illas
1614 5687 1886 5759 profectus

301 5777 417 5828 est't
451 5771 676 5842 Quando
705 5773 951 5829 liberavit
977 5791 1072 5830 eos
1098 5776 1165 5831 ab
1192 5777 1563 5833 observatione
1600 5780 1840 5833 ciborum
1861 5820 1876 5844 ,

302 5873 430 5921 tunc
454 5864 641 5923 eadem
668 5864 754 5919 via
783 5880 1112 5938 progressus,
1144 5867 1390 5937 gentibus
1418 5884 1628 5942 quoque
1666 5868 1881 5941 ianuam

627 5970 901 6033 Panos.
948 5970 1066 6033 Gtt.
1118 5969 1333 6035 LVlll.

1989 5222 2147 5277 betur
2197 5217 2337 5271 hanc
2380 5215 2551 5285 legem
2596 5212 2826 5275 solvere,
2878 5208 3106 5263 mittitur
3151 5204 3219 5260 ad
3260 5204 3570 5259 Cornelium

1990 5313 2131 5382 (Aet.
2164 5310 2276 5379 l0).
2309 5308 2365 5363 Si
2400 5307 2521 5377 quis
2551 5318 2682 5360 vero
2728 5302 2944 5366 dixerit,
2971 5298 3080 5354 Cur
3123 5312 3252 5367 ergo
3292 5296 3383 5367 qui
3412 5296 3575 5350 disci-

1989 5404 2135 5473 pulis
2159 5401 2309 5466 dicit,
2330 5399 2395 5452 In
2418 5399 2550 5451 viam
2568 5395 2791 5467 gentium
2810 5409 2872 5447 ne
2897 5391 3120 5444 abieritis
3137 5387 3354 5459 (Matth.
3379 5387 3466 5442 10.
3487 5386 3545 5456 5)
3577 5424 3589 5443 ς

1992 5495 2132 5549 hanc
2170 5494 2287 5563 ipse
2331 5491 2472 5544 viam
2500 5486 2649 5542 adit?
2676 5485 2849 5556 primo
2872 5482 3090 5554 quidem
3119 5480 3249 5534 illud
3277 5477 3570 5547 responde—

1988 5585 2186 5649 bimus,
2240 5596 2346 5637 non
2394 5579 2706 5635 adstrictum
2754 5576 2900 5631 illum
2941 5574 3009 5629 iis
3054 5570 3331 5627 servandis
3381 5567 3580 5627 fuisse,

1990 5694 2109 5748 quae
2134 5674 2413 5746 discipulis
2441 5671 2724 5744 praecepit;
2752 5666 3013 5733 secundo,
3039 5666 3185 5721 illum
3210 5677 3316 5717 non
3342 5671 3402 5717 ut
3428 5677 3573 5731 pra:-

1988 5774 2288 5829 dicaturum
2316 5768 2410 5826 illo
2435 5766 2658 5830 abiisse;
2682 5762 2825 5835 quod
2850 5753 3574 5816 subindicausMarcusdicc-

1989 5868 2099 5935 bat,
2119 5864 2241 5936 quia
2258 5861 2545 5919 occultavit
2572 5858 2646 5915 sei
2654 5871 2803 5929 psum
2825 5865 2876 5911 et
2901 5870 3005 5910 non
3026 5853 3192 5908 lati-re
3211 5848 3399 5920 potuit.
3419 5845 3569 5900 Sicut

3225 5970 3262 6029 lt
