4108 6376
530 320 631 376 519

524 432 666 487 enim
694 446 871 489 rerum
899 431 1278 500 consequentia
1307 431 1640 501 postulabat,
1681 442 1737 485 ut
1779 447 1844 487 ne
1883 433 1948 486 ad
1992 432 2109 487 illos

524 522 727 592 primos
746 530 1050 577 accnrreret
1078 539 1092 576 :
1118 522 1197 577 sic
1216 522 1533 578 accedentes
1554 523 1813 592 repellere
1838 522 2109 593 indignum

523 625 639 671 erat
668 615 810 670 illius
836 614 1181 685 benignitate.
1205 614 1337 669 Nam
1361 615 1403 669 si
1434 614 1696 686 fugientes
1720 616 1926 687 insequi
1950 632 2109 687 Opor-

522 707 667 763 tebat
686 749 701 774 ,
747 708 916 763 multo
945 707 1112 777 magis
1140 707 1478 776 insequentes
1521 706 1701 777 fugere
1729 723 1836 762 non
1864 708 2103 763 decebat.

523 800 654 856 Vide
680 800 841 870 igitur
864 800 1133 870 quomodo
1157 801 1300 854 omni
1329 800 1589 855 beneﬁcio
1613 800 1768 870 digna
1798 802 1866 855 sit
1891 802 2101 856 mulier.

516 892 698 963 Neque
728 891 869 946 enim
900 906 1027 946 ausa
1058 901 1139 946 est
1167 891 1350 947 venire
1382 892 1769 963 Jerosolymam
1788 935 1803 957 ,
1835 893 2024 948 timens
2049 903 2103 948 et

514 998 574 1037 se
606 998 666 1037 re
708 981 798 1037 illa
840 982 1109 1053 indignam
1144 991 1416 1052 reputans.
1455 982 1567 1037 Nisi
1592 983 1734 1037 enim
1765 983 1864 1038 hoc
1886 983 2100 1039 detenta

516 1084 661 1129 metu
689 1073 907 1139 fuisset,
948 1082 1168 1129 ventura
1198 1073 1289 1129 illo
1313 1082 1458 1139 erat,
1491 1082 1547 1127 ut
1573 1088 1637 1127 ex
1665 1074 1915 1144 prmsenti
1942 1073 2100 1129 vehe-

516 1166 710 1220 mentia
735 1165 920 1236 liquet,
945 1174 1002 1221 et
1020 1180 1088 1220 ex
1108 1180 1174 1219 eo
1199 1163 1341 1234 quod
1367 1164 1499 1219 ﬁnes
1524 1178 1649 1219 suos
1674 1179 1887 1234 egressa
1917 1165 2093 1219 fuerit.

512 1255 736 1322 Quidam
752 1271 879 1310 vero
896 1254 1012 1311 haec
1026 1256 1311 1325 allegorice
1327 1255 1651 1324 explicantes
1666 1255 1867 1322 dicunt,
1883 1257 2095 1326 quando

510 1368 577 1406 ex
604 1350 787 1407 Iudaea
816 1365 1064 1421 egressus
1090 1358 1172 1405 est
1196 1349 1454 1415 Christus,
1491 1358 1615 1404 tunc
1653 1348 1721 1404 ad
1760 1349 1907 1404 illum
1938 1364 2093 1405 acce-

510 1445 637 1498 dere
662 1458 845 1499 ausam
872 1458 991 1498 esse
1020 1442 1353 1509 Ecclesiam,
1389 1456 1507 1511 quae
1545 1450 1599 1496 et
1641 1441 1753 1511 ipsa
1792 1457 1858 1496 ex
1901 1440 2092 1495 ﬁnibus

508 1535 619 1589 suis
643 1548 855 1604 egressa
882 1542 991 1599 est;
1021 1534 1098 1587 ait
1116 1534 1257 1588 enim
1290 1551 1301 1585 :
1330 1531 1631 1586 Ubliviscere
1657 1532 1901 1603 populum
1927 1543 2086 1597 tuum,

507 1639 553 1681 et
581 1628 974 1698 domumpatris
1001 1628 1074 1681 tui
1099 1626 1118 1695 (
1139 1625 1284 1681 Psal.
1314 1627 1404 1682 44.
1436 1628 1497 1681 ‘ll
1598 1626 1728 1681 Nam
1757 1625 1999 1682 Christus
2023 1642 2091 1682 ex

506 1718 700 1772 ﬁnibus
716 1717 828 1772 suis
847 1719 1102 1784 excessit,
1128 1726 1181 1772 et
1204 1717 1399 1773 mulier
1414 1733 1622 1788 quoque
1641 1734 1706 1773 ex
1729 1717 1923 1773 ﬁnibus
1942 1719 2051 1773 suis
2072 1735 2086 1771 :

504 1818 557 1863 et
583 1809 661 1864 sic
693 1816 979 1878 potuerunt
1004 1825 1103 1863 una
1131 1809 1380 1879 colloqui.
1407 1808 1539 1863 Ecce
1566 1809 1739 1876 enim,
1770 1809 1877 1873 ait,
1908 1807 2088 1862 mulier

500 1900 795 1957 Chanamea
828 1917 1028 1973 egressa
1065 1918 1127 1955 ea:
1163 1900 1347 1970 ﬁnibus
1386 1902 1508 1955 suis.
1542 1903 1771 1955 Accusat
1810 1900 2084 1955 mulierem

503 1995 857 2066 evangelista,
885 2006 942 2048 ut
966 1993 1213 2049 ostendat
1243 1994 1589 2058 miraculum,
1620 1993 1893 2064 ipsamque
1918 1993 2084 2062 magis

503 2086 773 2155 praedicet.
802 2084 1014 2140 Etenim
1043 2099 1162 2138 cum
1201 2084 1351 2138 audis
1378 2083 1759 2150 Chanauaeam,
1800 2084 2084 2139 recordare

500 2179 736 2249 gentium
756 2177 975 2232 illarum
1003 2178 1299 2247 iniquarum
1319 2219 1334 2241 ,
1373 2193 1491 2246 qua:
1518 2177 1675 2230 etiam
1706 2176 1854 2246 leges
1883 2186 2083 2231 naturae

499 2289 530 2327 a
562 2272 927 2328 fundamentis
954 2280 1273 2326 everterant.
1310 2272 1530 2325 illorum
1570 2287 1697 2326 vero
1736 2271 2079 2339 recordatus,

499 2364 670 2436 cogita
691 2364 797 2419 vim
818 2363 1014 2419 Christi
1042 2363 1319 2419 adventus.
1349 2364 1447 2430 Qui
1473 2364 1614 2417 enim
1642 2364 1798 2433 eiecti
1826 2375 1950 2418 sunt
1968 2406 1981 2429 ,
2014 2380 2081 2421 ne

498 2457 710 2512 Judaeos
737 2465 1105 2527 perverterent
1123 2497 1137 2519 ,
1173 2456 1224 2510 hi
1253 2456 1386 2510 adeo
1418 2455 1616 2510 Judaais
1644 2457 1927 2511 meliores‘
1960 2456 2074 2511 fue-

496 2560 710 2618 runt,ut
727 2550 971 2606 etiamex
996 2548 1187 2603 ﬁnibus
1208 2549 1317 2604 suis
1338 2548 1536 2618 egressi
1559 2546 1824 2603 Christum
1850 2548 2075 2616 adirent,

496 2641 624 2697 dum
652 2640 821 2697 Judaei
851 2641 998 2695 illum
1028 2640 1094 2694 ad
1121 2656 1177 2695 se
1206 2640 1504 2694 venientem
1535 2640 1875 2708 repellerent.
1904 2641 2077 2696 Acce-

495 2734 628 2790 dens
663 2748 791 2804 ergo
830 2732 961 2787 nihil
1003 2732 1143 2786 aliud
1189 2731 1349 2797 dixit,
1396 2732 1529 2795 nisi,
1578 2731 1817 2786 Miserere
1854 2732 1984 2799 mei,
2025 2741 2079 2788 et

495 2828 728 2883 clamore
755 2841 852 2881 suo
879 2841 1128 2896 magnum
1159 2824 1421 2879 theatrum
1449 2834 1724 2880 convocat.
1766 2824 1894 2880 Erat
1934 2826 2076 2882 enim

496 2918 795 2976 miserabile
825 2920 1181 2989 spectaculum
1205 2960 1218 2983 ,
1262 2918 1539 2974 mulierem
1571 2934 1794 2974 cernere
1833 2935 1951 2975 cum
1992 2919 2074 2974 af-

496 3016 633 3070 fectu
666 3023 812 3069 tanto
840 3014 1156 3069 clamantem
1174 3054 1189 3079 ,
1217 3021 1271 3068 et
1294 3012 1569 3068 mulierem
1600 3021 1823 3067 matrem
1853 3028 1947 3083 pro
1970 3012 2075 3068 ﬁlia

492 3110 876 3179 supplicantem
917 3108 1126 3170 videre,
1169 3123 1265 3177 pro
1303 3108 1445 3173 ﬁlia,
1496 3108 1743 3178 inquam,
1790 3118 1894 3163 tam
1937 3109 2076 3164 male

492 3201 700 3257 aliecta.
730 3200 911 3272 Neque
940 3204 1079 3255 enim
1108 3213 1237 3255 ausa
1264 3201 1360 3255 fuit
1390 3202 1442 3255 in
1469 3201 1697 3271 Magistri
1730 3213 2072 3271 conspectum

491 3295 870 3350 daemoniacam
909 3294 1173 3349 adducere
1204 3312 1216 3348 :
1248 3294 1343 3349 sed
1384 3295 1474 3348 illa
1511 3294 1653 3349 domi
1697 3295 1875 3350 relicta
1898 3337 1912 3361 ,
1960 3296 2071 3364 ipsa

489 3403 547 3441 se
575 3387 866 3456 supplicem
888 3386 1050 3450 sistit,
1074 3386 1424 3455 morbumque
1446 3394 1645 3439 tantum
1666 3395 2069 3451 commemorat,

490 3481 620 3534 nihil
646 3479 874 3551 amplius
901 3478 1184 3548 adjiciens;
1231 3492 1402 3548 neque
1441 3477 1702 3532 medicum
1740 3477 1956 3531 domum
1990 3486 2073 3532 at-

491 3572 682 3638 trahit,
725 3572 862 3625 sicut
897 3570 1109 3640 regulus
1148 3569 1267 3632 ille,
1305 3569 1393 3639 qui
1423 3567 1635 3623 dicebat
1667 3585 1679 3621 :
1722 3567 1848 3623 Veni
1889 3579 1934 3623 et
1972 3570 2072 3621 im-

489 3680 618 3733 pone
646 3680 854 3718 manunt
885 3671 1053 3728 tuam,
1097 3670 1143 3716 et
1171 3660 1413 3715 descende
1439 3670 1706 3730 antequam
1735 3662 1979 3714 moriatur
2004 3661 2071 3729 ﬁ-

488 3758 586 3811 lius
612 3772 750 3812 meus
779 3754 969 3827 (Joan.
999 3755 1053 3809 ι.
1077 3752 1184 3823 49)
1214 3772 1226 3806 :
1251 3751 1344 3807 sed
1370 3751 1668 3807 calamitate
1686 3766 1778 3806 Sua
1806 3752 2069 3821 exposita,

487 3860 541 3905 et
567 3849 736 3904 morbi
765 3846 1127 3918 magnitudine
1146 3886 1161 3912 ,
1195 3844 1612 3901 misericordiam
1645 3843 1851 3897 Domini
1881 3856 2072 3913 magno

486 3942 721 3995 clamore
765 3939 1013 4009 implorat
1056 3954 1069 3991 :
1119 3952 1219 3994 nec
1248 3936 1407 4001 dicit,
1448 3935 1703 3991 Miserere
1743 3935 1863 3989 ﬁlize
1903 3948 2068 3998 meae,

487 4034 583 4089 sed
603 4074 621 4099 ,
652 4033 894 4088 Miserere
916 4032 1034 4088 mei.
1067 4030 1159 4086 Illa
1187 4031 1383 4101 quippe
1412 4029 1583 4085 morbi
1612 4044 1827 4084 sensum
1869 4029 2069 4083 nullum

489 4123 679 4190 habet;
711 4138 810 4193 ego
835 4137 964 4179 vero
993 4122 1181 4177 millies
1209 4121 1522 4185 discrucior,
1563 4121 1615 4175 in
1657 4136 1872 4175 sensum
1914 4121 2071 4191 aegri-

491 4216 687 4272 tudinis
711 4217 889 4281 venio,
927 4224 982 4272 et
1017 4216 1131 4271 viso
1166 4218 1356 4272 morbo
1394 4216 1619 4270 insanio.
1659 4215 1748 4271 25.
1782 4214 1880 4270 Ille
1906 4226 2071 4270 autem

489 4326 592 4362 non
616 4308 876 4379 respondit
905 4309 951 4362 ei
978 4307 1199 4362 verbum.
1226 4308 1394 4374 Quam
1426 4323 1619 4361 novum
1645 4305 1752 4363 hoc
1776 4318 1834 4362 et
1862 4307 2069 4362 inaudi-

491 4401 633 4456 tum!
665 4399 880 4457 Iudaeos
909 4408 962 4455 et
1000 4399 1233 4470 ingratos
1272 4398 1506 4461 inducit,
1546 4407 1600 4454 et
1638 4398 2073 4467 blasphemantes

493 4501 674 4563 rogat,
722 4500 777 4548 et
827 4499 1093 4546 tentantes
1133 4505 1237 4544 non
1281 4489 1503 4544 dimittit
1543 4506 1557 4543 :
1600 4488 1735 4545 hanc
1779 4505 1908 4545 vero
1954 4505 2073 4560 qua:

489 4584 556 4640 ad
585 4585 757 4655 ipsum
786 4582 1050 4647 accurrit,
1080 4596 1198 4651 quae
1236 4590 1385 4650 rogat
1413 4589 1465 4636 et
1491 4580 1785 4651 supplicat,
1818 4596 1936 4650 quae
1974 4596 2073 4635 nec

491 4677 545 4731 in
575 4675 689 4745 lege
719 4690 818 4731 nec
847 4674 900 4729 in
932 4672 1204 4744 prophetis
1233 4675 1483 4738 educata,
1528 4679 1730 4725 tantam
1756 4680 1932 4726 tamen
1964 4672 2072 4740 pie-

491 4777 652 4823 tatem
680 4766 918 4834 exhibet,
947 4781 1015 4820 ne
1038 4764 1387 4835 responsione
1410 4761 1621 4834 quidem
1652 4762 1914 4832 dignatur.
1944 4762 2071 4829 Quis

489 4875 597 4914 non
625 4859 861 4914 oﬁ‘ensus
887 4858 1105 4924 fuisset,
1134 4857 1287 4911 famae
1314 4857 1480 4927 ipsius
1507 4871 1619 4911 rem
1658 4856 1728 4911 ita
1752 4856 2071 4911 contrariam

492 4950 718 5005 videns?
746 4949 1038 5004 Audierant
1076 4949 1255 5016 enim,
1297 4948 1467 5017 ipsum
1510 4941 1657 5002 vices
1695 4948 2074 5002 circumeundo

492 5040 709 5095 morbos
727 5053 915 5095 curare
938 5057 951 5094 :
975 5039 1113 5094 hanc
1140 5053 1270 5095 vero
1289 5037 1629 5094 accedentem
1647 5038 1884 5109 depellit.
1903 5039 2070 5105 Quem

491 5150 596 5188 non
636 5132 871 5188 ﬂexisset
910 5132 1127 5189 morbus
1167 5132 1284 5187 talis
1326 5142 1484 5202 atque
1523 5133 1866 5202 supplicatio,
1912 5149 2070 5202 quam

491 5223 765 5278 emittebat
788 5238 883 5293 pro
904 5223 1008 5277 ﬁlia
1028 5233 1134 5278 tam
1157 5224 1295 5278 male
1315 5222 1541 5279 affecta?
1561 5223 1740 5293 Neque
1760 5227 1900 5280 enim
1923 5227 2073 5295 quasi

495 5316 651 5385 digna
683 5313 960 5378 beneﬁcio,
982 5326 1035 5370 et
1063 5317 1213 5385 quasi
1244 5316 1481 5371 debitum
1514 5316 1792 5385 postulans
1816 5318 2065 5382 accessit,

497 5408 591 5463 sed
624 5406 1047 5463 misericordiam
1076 5408 1307 5479 petebat,
1334 5418 1387 5463 et
1407 5409 1762 5466 calamitatem
1793 5426 1942 5465 suam
1968 5420 2076 5466 tra-

503 5501 618 5569 gice
661 5500 946 5568 narrabat,
988 5516 1160 5572 neque
1200 5512 1374 5557 tamen
1414 5506 1763 5573 responsione
1806 5505 2071 5576 dignatur.

502 5590 648 5647 Multi
688 5591 913 5649 fortasse
951 5608 1017 5648 ex
1047 5592 1383 5650 audientibus
1419 5595 1606 5652 offensi
1645 5607 1769 5651 sunt
1799 5614 1811 5650 :
1842 5598 1928 5651 illa
1970 5614 2073 5653 non

563 5744 581 5775 ι
604 5742 719 5796 Mss.
741 5744 941 5809 plurimi
958 5747 1155 5808 habent,
1180 5747 1505 5811 sapientiores,
1530 5762 1635 5812 pro,
1659 5747 1902 5803 meliores.

1272 316 1327 371 S.
1368 316 1640 374 JOA‘NNIS
1662 318 2131 374 CIIRYSOSTOMI
2174 321 2490 380 ARCIIIEP.
2530 328 3054 391 CONSTANTINOP.

3689 348 3799 403 5E0

2221 435 2365 491 item.
2402 439 2602 511 Ecquid
2642 443 2791 512 dico,
2823 462 2886 502 ex
2911 450 3286 512 audientibus?
3313 454 3445 511 Nam
3477 469 3602 528 puto
3634 461 3788 518 disci~

2216 530 2366 621 pulos
2388 531 2532 621 ipsos
2546 533 2613 587 de
2634 536 2932 592 calamitate
2952 540 3188 596 mulieris
3214 544 3433 601 aﬁ‘ectos
3457 549 3801 621 turbatosque

2212 616 2393 675 fuisse.
2424 620 2605 693 Neque
2634 633 2840 695 tamen,
2874 629 3069 683 turbati
3096 632 3254 701 licet,
3283 634 3462 691 dicere
3488 640 3602 693 ausi
3634 616 3754 696 sunt
3780 658 3793 695 :

2213 708 2359 802 lianc
2399 711 2477 766 illi
2515 717 2748 771 concede
2774 720 2997 788 gratiam
3039 738 3054 777 :
3094 724 3187 779 sed
3226 726 3524 784 Accedentes
3558 732 3803 802 discipuli

2206 801 2451 893 rogabant
2473 820 2586 857 eum
2614 807 2831 863 dicentes
2854 826 2872 863 :
2899 809 3109 866 Dimitte
3137 814 3299 883 illam,
3329 820 3446 887 quia
3472 819 3658 875 clamat
3683 801 3802 893 post

2207 906 2315 944 nos.
2346 891 2454 948 Nos
2483 896 2626 950 enim
2655 912 2777 952 cum
2805 900 3049 957 volumus
3073 904 3268 973 aliquid
3296 911 3523 964 suadere
3541 952 3556 975 ,
3584 891 3798 967 contra-

2205 981 2285 1034 ria
2324 996 2467 1052 saepe
2503 984 2731 1043 dicimus
2762 1005 2776 1042 :
2808 989 3050 1047 Christus
3078 1010 3204 1049 vero
3234 998 3307 1050 ait
3336 1015 3348 1051 :
3377 999 3464 1053 24.
3514 1000 3634 1055 Non
3678 1018 3791 1055 sum

2204 1072 2385 1126 missus
2416 1074 2513 1127 nisi
2539 1078 2607 1129 ad
2635 1092 2747 1131 oves
2772 1096 2883 1147 qua:
2906 1083 3157 1150 perierunt
3186 1088 3362 1142 domus
3391 1088 3573 1144 Israel.

2270 1163 2325 1217 2.
2354 1166 2488 1231 Quid
2520 1168 2678 1238 igitur
2704 1173 2933 1227 mulier?
2972 1190 3037 1229 an
3077 1192 3196 1232 cum
3241 1184 3351 1235 haec
3390 1183 3658 1251 audisset,
3699 1195 3779 1240 ta-

2200 1255 2347 1309 cuit?
2366 1272 2431 1311 an
2456 1259 2737 1315 discessit?
2760 1278 2825 1316 an
2848 1265 3077 1320 studium
3099 1277 3153 1322 et
3176 1270 3406 1324 animum
3433 1279 3779 1345 compressit?

2195 1345 2443 1413 Minime;
2487 1349 2595 1403 imo
2635 1356 2803 1421 magis
2840 1354 3086 1411 instabat.
3126 1358 3321 1415 Verum
3361 1362 3498 1417 haud
3539 1365 3608 1419 ita
3645 1382 3776 1433 nos;

2194 1438 2289 1492 sed
2318 1454 2438 1493 cum
2466 1443 2730 1510 postulata
2756 1462 2861 1500 non
2886 1450 3241 1519 assequimur,
3269 1453 3573 1511 desistimus
3591 1499 3605 1521 ,
3652 1474 3775 1516 cum

2194 1532 2363 1602 magis
2401 1533 2599 1589 instare
2636 1550 2731 1605 par
2766 1548 2926 1593 esset.
2966 1540 3128 1612 Atqui
3170 1560 3327 1613 quem
3358 1562 3463 1601 non
3493 1548 3773 1618 dejecisset

2192 1621 2391 1678 dictum
2430 1624 2770 1696 hujusmodi?
2799 1627 2974 1699 Ipsum
3004 1633 3270 1689 silentium
3300 1646 3503 1706 poterat
3540 1640 3679 1695 illam
3718 1642 3771 1696 in

2191 1716 2618 1786 desperationem
2647 1721 2942 1792 conjicere;
2984 1726 3258 1796 multoque
3292 1729 3458 1800 magis
3494 1736 3772 1802 responsio

2193 1808 2333 1863 talis.
2352 1808 2486 1863 Nam
2506 1825 2623 1865 cum
2644 1824 2896 1882 patronos
2914 1830 3040 1870 suos
3065 1831 3248 1872 secum
3270 1821 3533 1889 repulsam
3561 1825 3665 1894 pati
3689 1827 3768 1880 vi-

2188 1897 2692 1973 deret,audiretquc,
2709 1920 2821 1960 rem
2840 1905 2954 1961 ﬁeri
2971 1922 3073 1961 non
3096 1908 3331 1977 posse,in
3347 1910 3769 1982 desperationem

2186 1995 2533 2064 assequendae
2559 1998 2635 2051 rei
2665 1998 2855 2067 conjici
2900 2008 3123 2070 poterat.
3157 2003 3401 2057 Attamen
3443 2019 3548 2059 non
3591 2008 3769 2062 animo

2186 2083 2380 2140 defecit
2403 2087 2625 2154 mulier;
2661 2088 2753 2142 sed
2794 2091 2883 2143 ubi
2914 2090 3063 2157 vidit,
3100 2092 3229 2145 nihil
3252 2103 3501 2162 patronos
3530 2095 3763 2163 efﬁcere,

2185 2189 2285 2229 ceu
2303 2176 2625 2246 impudentia
2648 2178 2930 2235 laudabili‘
2954 2196 3045 2236 usa
3067 2184 3341 2238 est.Antea
3358 2185 3409 2238 in
3424 2195 3764 2257 conspectum

2184 2267 2367 2321 venire
2394 2282 2497 2322 non
2529 2269 2755 2324 audebat
2786 2287 2808 2329 ηε
2837 2269 3053 2338 Clamat,
3081 2274 3342 2343 inquiunt,
3368 2285 3478 2346 post
3498 2292 3624 2341 nos;
3643 2292 3763 2332 cum

2185 2368 2361 2412 autem
2378 2360 2667 2415 verisimile
2696 2361 2980 2427 videretur,
3005 2362 3173 2433 ipsam
3195 2366 3356 2419 animi
3379 2366 3589 2421 dubiam
3619 2378 3763 2422 retro

2184 2463 2476 2515 cessuram,
2504 2460 2625 2506 tunc
2640 2450 2729 2505 illa
2752 2454 2967 2523 propius
2994 2457 3238 2523 accessit,
3265 2466 3317 2510 et
3343 2456 3568 2511 adorans
3588 2458 3717 2513 dixit
3744 2477 3759 2514 :

2182 2542 2271 2597 25.
2302 2541 2538 2608 Domine,
2569 2544 2756 2614 adjuva
2783 2562 2879 2600 me.
2899 2546 3035 2614 Quid
3064 2546 3165 2602 hoc
3193 2556 3297 2615 est,
3321 2563 3357 2604 ο
3384 2550 3605 2604 mulier?
3634 2568 3757 2605 num

2183 2634 2437 2703 majorem
2467 2633 2649 2701 habes,
2674 2651 2830 2705 quam
2857 2639 3102 2707 apostoli,
3132 2639 3413 2694 ﬁduciam?
3440 2657 3562 2695 num
3594 2643 3760 2711 majo-

2181 2740 2294 2781 rem
2323 2725 2719 2783 fortitudinem?
2745 2726 3011 2785 Fiduciam
3032 2741 3086 2787 et
3108 2731 3464 2789 fortitudinem
3503 2735 3718 2791 minime
3739 2773 3756 2796 .

2179 2817 2287 2872 imo
2303 2817 2506 2888 pudore
2520 2818 2813 2887 sull'undor;
2833 2823 2927 2877 sed
2942 2823 3368 2880 inverecundiam
3382 2841 3477 2896 pro
3493 2842 3552 2881 su
3560 2829 3755 2897 pplica-

2181 2908 2325 2963 tione
2350 2908 2578 2964 adhibeo
2609 2928 2621 2963 :
2656 2912 2983 2968 reverebitur
3008 2914 3250 2969 ﬁduciam
3276 2931 3467 2971 meam.
3499 2917 3602 2973 Sed
3631 2919 3757 2989 quid

2179 3001 2317 3057 hoc?
2346 3018 2451 3058 non
2478 3004 2671 3060 audisti
2706 3006 2969 3062 dicentem
2990 3050 3003 3073 ,
3036 3007 3158 3063 Non
3194 3027 3306 3064 sum
3345 3010 3524 3065 missus
3563 3012 3659 3066 nisi
3687 3012 3755 3065 ad

2178 3110 2290 3148 oves
2316 3110 2426 3165 qua:
2452 3096 2705 3165 perierunt
2734 3096 2910 3151 domus
2938 3096 3142 3153 Israel?
3167 3100 3359 3153 Audivi
3381 3142 3397 3167 ,
3430 3101 3629 3171 inquit,
3662 3101 3756 3156 sed

2179 3187 2291 3257 ipse
2320 3187 2572 3244 Dominus
2600 3199 2702 3245 est.
2735 3189 2859 3245 Ideo
2887 3206 2995 3246 non
3020 3192 3263 3248 dicebat?
3290 3194 3393 3249 Ora
3422 3205 3474 3248 et
3499 3210 3751 3264 precare;

2178 3278 2294 3344 sed,
2325 3280 2523 3350 Adjuva
2548 3298 2642 3335 me.
2674 3282 2811 3348 Quid
2837 3298 2963 3353 ergo
2988 3280 3265 3339 Christus?
3294 3285 3370 3340 Ne
3397 3287 3512 3341 istis
3538 3286 3753 3356 quidem

2176 3380 2487 3436 contentus,
2519 3371 2896 3428 dubitationem
2928 3375 3103 3442 auxit,
3134 3375 3316 3431 dicens
3346 3394 3357 3430 :
3387 3377 3475 3431 26.
3521 3376 3641 3431 Non
3679 3389 3753 3432 est

2179 3463 2363 3514 bonum
2387 3478 2582 3516 sumere
2605 3479 2783 3531 panem
2808 3464 3028 3533 ﬁliorum
3045 3505 3062 3530 ,
3104 3475 3150 3519 et
3177 3467 3367 3519 mittere
3390 3467 3614 3521 canibus.
3646 3468 3753 3522 [ie-

2177 3568 2375 3623 sponso
2412 3554 2579 3623 magis
2622 3571 2780 3625 quam
2818 3557 3028 3611 silentio
3068 3558 3315 3611 maestitia
3352 3557 3496 3612 illam
3540 3558 3755 3613 affecit?

2175 3645 2292 3699 Jam
2336 3661 2440 3700 non
2481 3646 2548 3701 ad
2584 3647 2746 3702 alium
2793 3662 3005 3704 Causam
3046 3649 3327 3715 transfert,
3377 3666 3550 3720 neque
3588 3651 3750 3717 dicit,

2178 3737 2301 3791 Non
2324 3754 2433 3792 sum
2452 3739 2632 3793 missus
2656 3754 2675 3795 :
2696 3738 2789 3794 sed
2810 3749 3007 3809 quanto
3029 3740 3194 3811 magis
3213 3741 3296 3794 illa
3323 3741 3548 3810 petendo
3568 3742 3750 3809 instat,

2178 3840 2324 3884 tanto
2366 3830 2622 3901 majorem
2662 3831 2752 3886 ille
2792 3830 2882 3885 dat
2922 3833 3208 3901 repulsam.
3250 3832 3432 3904 Neque
3468 3833 3578 3903 jam
3624 3851 3753 3890 oves

2177 3930 2330 3977 vocat
2350 3922 2582 3991 Judazos,
2606 3924 2700 3979 sed
2720 3923 2876 3989 ﬁlios,
2902 3924 3066 3994 ipsam
3088 3940 3212 3979 vero
3233 3941 3439 3981 canem.
3468 3927 3601 3994 Quid
3623 3943 3752 3998 ergo

2177 4014 2401 4069 mulier?
2435 4015 2513 4069 Ex
2552 4016 2679 4084 ipsis
2720 4016 2900 4070 verbis
2936 4015 3300 4072 defensionem
3343 4018 3442 4073 sibi
3485 4028 3653 4089 parat.
3693 4020 3753 4075 Si

2176 4107 2324 4160 canis
2359 4121 2514 4172 sum,
2560 4107 2762 4178 inquit,
2806 4124 2911 4163 non
2952 4124 3068 4164 sum
3114 4111 3307 4166 aliena.
3350 4111 3477 4166 Jure
3511 4111 3754 4167 Christus

2175 4198 2416 4262 dicebat,
2448 4197 2513 4252 In
2534 4200 2786 4270 judicium
2815 4217 2904 4271 ego
2933 4201 3043 4254 veni
3083 4200 3275 4270 (Joan.
3314 4201 3367 4257 9.
3408 4202 3532 4273 59).
3564 4203 3755 4256 Mulier

2178 4290 2264 4344 illa
2292 4290 2711 4361 philosophatur,
2740 4294 3191 4362 perseverantiam
3231 4303 3283 4348 et
3322 4294 3478 4349 fidem
3510 4307 3750 4363 magnam

2177 4380 2422 4448 exhibet,
2452 4382 2554 4437 etsi
2577 4383 2910 4437 contumeliis
2938 4382 3123 4437 aliecta
3154 4400 3169 4438 :
3200 4384 3371 4439 Judaei
3399 4400 3526 4440 vero
3552 4400 3675 4439 cura
3693 4394 3751 4440 et

2178 4473 2381 4529 honore
2409 4474 2557 4541 culti,
2589 4475 2910 4530 contrariam
2936 4476 3105 4530 vicem
3133 4477 3449 4546 rependunt.
3479 4476 3632 4543 Novi,
3665 4477 3754 4531 in-

2176 4566 2289 4635 quit
2316 4566 2423 4631 illa,
2443 4567 2618 4621 cibum
2650 4566 2771 4622 ﬁliis
2797 4581 2915 4621 esse
2949 4568 3343 4634 necessarium;
3375 4583 3546 4640 neque
3578 4578 3756 4623 tamen

2176 4673 2296 4728 ego,
2325 4660 2421 4714 etsi
2449 4660 2613 4723 canis,
2646 4660 2833 4729 repelli
2859 4659 3047 4715 debeo.
3079 4660 3211 4715 Nam
3240 4660 3286 4716 si
3313 4661 3463 4717 nefas
3488 4673 3570 4717 est
3594 4662 3756 4733 quid-

2176 4767 2332 4823 quam
2365 4752 2605 4822 accipere
2624 4790 2639 4816 ,
2672 4751 2753 4805 vel
2781 4765 2812 4803 a
2842 4750 2991 4805 micis
3017 4750 3423 4817 abStinendum;
3464 4753 3546 4807 sin
3574 4753 3757 4807 tantil-

2177 4845 2282 4899 lam
2320 4854 2524 4915 partem
2572 4842 2767 4897 habere
2806 4841 2960 4905 licet,
3004 4857 3104 4897 nec
3140 4857 3241 4912 ego
3280 4843 3585 4912 prohibeor,
3633 4843 3755 4898 licet

2177 4937 2327 4991 canis
2355 4936 2488 5000 sim;
2522 4934 2615 4990 sed
2641 4934 2760 4989 ideo
2784 4934 3012 4988 maxime
3039 4934 3090 4988 in
3118 4944 3325 5004 partem
3351 4935 3587 4991 vocanda
3615 4949 3754 4989 sum.

2179 5028 2255 5083 Ea
2292 5027 2360 5082 de
2397 5041 2554 5081 causa
2595 5025 2837 5080 Christus
2871 5024 3182 5091 differebat,
3227 5026 3368 5097 quod
3409 5028 3570 5082 sciret
3613 5027 3757 5083 illam

2178 5118 2293 5172 haec
2320 5117 2580 5171 dicturam
2611 5130 2749 5181 esse,
2780 5115 2899 5169 ideo
2925 5116 3121 5170 donum
3151 5116 3395 5186 negabat,
3428 5126 3484 5171 ut
3506 5117 3621 5186 ejus
3646 5116 3758 5186 plti~

2178 5210 2474 5281 losophiam
2506 5209 2796 5264 exhiberet.
2828 5209 2935 5264 Nisi
2968 5211 3108 5264 enim
3136 5211 3355 5264 daturus
3384 5210 3608 5277 fuisset,
3652 5227 3759 5267 non

2176 5312 2363 5372 postea
2391 5302 2644 5367 dedisset,
2666 5318 2838 5372 neque
2864 5297 3220 5357 illam'iterum
3248 5305 3591 5373 repressisset
3620 5322 3632 5357 :
3666 5305 3761 5362 sed

2178 5393 2320 5463 quod
2347 5408 2468 5463 erga
2499 5394 2860 5447 centurionem
2887 5391 3015 5447 fecit
3036 5435 3051 5460 ,
3080 5393 3264 5448 dicens
3293 5411 3305 5446 :
3334 5393 3443 5465 Ego
3473 5395 3686 5454 veniam,
3716 5404 3760 5447 cl

2178 5491 2362 5541 curabo
2391 5504 2503 5541 eum
2534 5485 2758 5555 (Matth.
2789 5486 2841 5540 8.
2872 5485 2971 5558 7);
3005 5495 3062 5539 ut
3099 5488 3215 5554 ejus
3246 5486 3495 5556 pietatem
3521 5488 3756 5539 discere-

2181 5595 2299 5635 mus
2320 5621 2334 5644 ,
2366 5590 2417 5633 et
2444 5579 2748 5633 audiremus
2778 5577 2924 5632 illum
2952 5578 3219 5633 dicentem
3248 5597 3261 5631 :
3293 5577 3410 5634 Non
3437 5595 3548 5633 sum
3565 5578 3759 5646 dignus

2245 5758 2261 5787 ι
2287 5756 2339 5805 In
2379 5770 2476 5806 uno
2492 5754 2666 5808 Codice
2688 5753 2826 5806 deest
2857 5772 2965 5820 vox,
2988 5756 3239 5809 lmtdabili.
