4108 6376
319 418 420 473 519
1440 417 1507 469 ια
1547 414 1964 469 MA'I'TIIASUM
2002 414 2233 471 IIOMIL.
2283 417 2390 471 LII.
2429 419 2502 473 al.
2539 417 2669 474 LIII.
3657 413 3796 476 σευ.

313 533 531 597 λουθίας
562 532 668 584 τῶν
699 532 1041 602 πραγμάτων
1068 525 1170 601 ἦν·
1219 528 1364 582 οῦτω
1407 528 1469 581 τὸ
1513 527 1987 598 προσερχομένους
2089 548 2202 586 των
2233 533 2729 604 ἐσκανδαλίσθησαν
2753 547 2769 563 ·
2797 531 2978 600 ἐκείνη
3011 529 3066 582 δὲ
3087 530 3188 582 οὐκ
3218 527 3625 600 ἐσκανδαλίσθη.
3651 532 3757 584 Καὶ

311 619 527 672 διώκειν
552 618 770 682 ἀνάξιον
793 618 836 649 ¹⁶
855 617 1019 670 αὐτοῦ
1050 618 1151 684 τῆς
1178 614 1607 685 φιλανθρωπίας.
1640 614 1702 667 Εί
1723 614 1832 682 γὰρ
1860 615 1984 677 τοὺς
2085 622 2138 675 τί
2171 622 2332 690 λέγω,
2355 623 2461 674 τῶν
2489 623 2826 678 ἀκουόντων;
2861 620 2970 671 Καὶ
2997 618 3103 688 γὰρ
3131 612 3282 686 οἶμαι
3313 617 3408 670 καὶ
3428 619 3554 681 τοὺς
3579 619 3756 689 μαθη-

311 705 613 775 φεύγοντας
641 705 858 758 διώκειν
885 704 1072 774 ἐχρῆν,
1110 702 1286 772 πολλῷ
1314 701 1511 772 μᾶλλον
1539 701 1666 763 τοὺς
1690 699 1986 762 διώκοντας
2086 705 2180 769 τὰς
2205 707 2400 770 αὐτοὺς
2436 707 2629 760 παθεῖν
2655 724 2707 759 τι
2740 705 2874 778 πρὸς
2906 705 3004 775 τὴν
3035 704 3316 775 συμφορὰν
3343 705 3444 775 τῆς
3471 705 3754 774 γυναικὸς,

312 794 534 863 φεύγειν
567 794 666 846 οὐκ
694 793 824 847 ἔδει.
863 791 1006 863 Ὅρα
1027 791 1155 860 γοῦν
1182 792 1298 854 πῶς
1331 793 1478 843 ἐστιν
1499 789 1820 858 εὐεργεσίας
1844 789 1979 840 ἁπὰα
2087 796 2180 847 καὶ
2201 794 2626 866 διαταραχθῆναι
2651 796 2742 847 καὶ
2770 793 3067 862 ἀθυμῆσαι.
3104 791 3240 844 Ἀλλ’
3265 792 3412 861 ὅμως
3437 793 3558 846 οὐδέ
3585 811 3755 864 ταρα-

312 900 412 953 σης
456 881 583 946 ἀξία
632 884 666 953 ὴ
722 883 880 951 γυνή.
932 881 1066 933 Οὐδὲ
1103 881 1210 952 γάρ
1247 880 1542 950 ἐτόλμησεν
1591 879 1765 930 ἐλθεῖν
1798 878 1878 940 είς
1914 877 1984 930 τὰ
2082 883 2300 951 χθέντες
2339 883 2642 953 ἐτόλμησαν
2682 884 2856 934 εἰπεῖν
2880 900 2896 913 ο
2941 882 3039 943 Δὸς
3068 881 3204 950 αὐτῇ
3241 881 3338 950 τὴν
3363 881 3556 951 χάριν·
3591 882 3752 947 ἀλλὰ,

319 969 686 1040 Ἰεροσόλυμα,
740 969 1045 1038 φοϐουμένη
1083 971 1174 1021 καὶ
1208 969 1431 1034 ἀναξίαν
1460 965 1656 1037 ἑαυτὴν
1701 963 1978 1034 τιθεμένη.

309 1057 432 1110 Ὀτι
461 1057 591 1128 γάρ,
637 1059 687 1110 εί
715 1058 790 1127 μὴ
837 1057 997 1110 τοῦτο
1036 1053 1104 1127 ἦν
1125 1098 1138 1119 ,
1187 1059 1304 1109 ἐκεῖ
1337 1055 1670 1126 παρεγένετο
1706 1053 1794 1114 ἂν,
1825 1052 1980 1122 δῆλον

307 1145 402 1196 καὶ
434 1144 542 1196 ἀπὸ
575 1144 674 1213 τῆς
713 1143 996 1213 παρούσης
1042 1143 1434 1214 σφοδρότητος,
1490 1141 1583 1194 καὶ
1619 1142 1684 1193 ἐκ
1724 1140 1818 1192 τοῦ
1868 1139 1979 1191 τῶν

303 1231 469 1301 ὁρίων
498 1231 666 1300 αὐτῆς
691 1230 946 1296 ἐξελθεῖν.
968 1231 1121 1294 Τινὲς
1141 1231 1197 1284 δὲ
1227 1232 1321 1283 καὶ
1343 1227 1766 1299 ἀλληγοροῦντές
1791 1243 1975 1295 φασιν,

302 1320 406 1386 ὅτι,
446 1321 533 1372 ὅτε
572 1320 790 1389 ἐῆλθεν
823 1321 885 1374 ἐκ
913 1321 1012 1391 τῆς
1050 1321 1308 1382 Ἰουδαίας
1344 1320 1373 1370 6
1403 1320 1655 1388 Χριστὸς,
1685 1317 1804 1371 τότε
1830 1316 1977 1384 αὐτῷ

305 1408 622 1477 προσελθεῖν
659 1408 959 1478 ἐτόλμησεν
991 1409 1023 1479 ἡ
1070 1408 1382 1478 Ἐκκλησία,
1409 1408 1502 1460 καὶ
1529 1407 1666 1477 αὐτὴ
1693 1407 1732 1438 ³⁷
1771 1409 1836 1459 ἐκ
1866 1405 1975 1457 τῶν

302 1495 462 1566 ὁρίων
657 1497 825 1566 αὐτῆς
850 1495 1160 1560 ἐξελθοῦσα.
1199 1495 1520 1549 Ἐπιλάθου
1539 1495 1666 1566 γὰρ,
1692 1494 1844 1564 φησὶ,
1867 1492 1971 1546 τοῦ

299 1583 454 1637 λαοῦ
479 1598 615 1648 σου,
646 1584 742 1636 καί
770 1581 874 1635 τοῦ
892 1583 1060 1636 οἴκου
1094 1582 1200 1637 τοῦ
1227 1584 1449 1650 πατρός
1477 1601 1611 1636 σου.
1653 1581 1759 1635 Καὶ
1799 1580 1906 1649 γάρ
1943 1581 1971 1633 6

245 1737 254 1746 κ
301 1671 535 1741 Χριστὸς
569 1674 631 1723 ἐκ
663 1670 768 1723 τῶν
795 1671 958 1740 ὁρίων
982 1671 1146 1724 αὐτοῦ
1181 1670 1395 1739 ἐξῆλθε,
1426 1672 1571 1741 καὶὴ
1603 1669 1738 1738 γυνὴ
1771 1670 1833 1721 ἐκ
1861 1667 1971 1720 τῶν

298 1761 460 1829 ὁρίων
481 1760 651 1829 αὐτῆς
674 1773 685 1783 ⁸
709 1759 804 1812 καὶ
825 1758 996 1822 οὓτως
1025 1759 1368 1831 ἠδυνήθησαν
1401 1759 1678 1827 σύντυχεῖν
1696 1757 1965 1828 ἀλλήλοις.

312 1845 464 1900 Ἰδοὺ
507 1848 616 1916 γάρ
647 1845 799 1915 γυνὴ
844 1847 888 1878 ’⁸
911 1848 1237 1908 Χαναναία,
1282 1848 1466 1918 φησὶν,
1514 1846 1849 1906 ἐξελθοῦσα
1898 1845 1967 1898 ἐκ

295 1931 416 1986 τῶν
443 1935 620 2000 ὁρίων
644 1933 854 2001 αὐτῆς.
884 1935 1198 2004 Κατηγορεῖ
1222 1935 1319 2004 τῆς
1349 1934 1604 2001 γυναικὸς
1622 1935 1650 1986 6
1678 1932 1962 2000 εὐαγγελι-

295 2021 449 2089 στὴς,
485 2021 572 2075 ἵνα
594 2021 741 2090 δείξῃ
775 2022 835 2073 τὸ
856 2021 1063 2091 θαῦμα,
1095 2021 1189 2074 καὶ
1223 2021 1391 2091 αὐτὴν
1429 2020 1744 2092 ἀνακηρύξῃ
1782 2018 1954 2089 μειζό-

293 2125 420 2170 νως.
447 2110 554 2162 Καὶ
575 2111 682 2180 γὰρ
706 2108 945 2172 ἀκούσας
963 2109 1293 2174 Χαναναίαν,
1323 2108 1700 2179 ἀναμνήσθητι
1737 2109 1845 2160 τῶν
1869 2124 1966 2160 πα-

297 2201 546 2270 ρανόμων
577 2200 800 2252 ἐκείνων
825 2199 1014 2264 ἐθνῶν,
1046 2199 1095 2252 οἳ
1132 2200 1374 2261 καὶτοὺς
1399 2199 1498 2268 τῆς
1527 2197 1743 2266 φύσεως
1764 2198 1964 2266 νόμους

291 2291 356 2341 ἐκ
395 2287 611 2360 βάθρων
643 2288 967 2358 ἀνέτρεψαν.
990 2288 1267 2358 Μνησθεὶς
1304 2287 1361 2340 δὲ
1399 2287 1579 2339 αὐτῶν
1606 2327 1619 2345 ,
1650 2287 1822 2339 ἐννόει
1864 2288 1961 2338 καὶ

286 2375 387 2444 τῆς
415 2375 507 2428 τοῦ
542 2377 778 2447 Χριστοῦ
810 2378 1113 2448 παρουσίας
1141 2376 1239 2446 τὴν
1277 2375 1524 2445 δύναμιν.
1549 2377 1612 2427 Οἱ
1639 2376 1748 2445 γὰρ
1772 2374 1964 2443 ἐκϐλη-

288 2463 492 2528 θέντες,
530 2464 616 2516 ἵνα
650 2465 724 2535 μὴ
759 2464 1153 2536 διαστρέψωσιν
1195 2465 1500 2526 Ἰουδαίους,
1539 2459 1684 2516 οῦτοι
1707 2467 1960 2516 τοσοῦτον

286 2551 396 2604 τῶν
431 2551 700 2605 Ἰουδαίων
727 2551 1006 2622 ἐφάνησαν
1036 2552 1457 2622 ἐπιτηδειότεροι
1494 2553 1558 2612 ¹⁹,
1601 2551 1675 2614 ὡς
1706 2551 1797 2604 καὶ
1829 2551 1961 2617 ἐξιέ-

286 2655 376 2692 ναι
397 2641 462 2692 ἐκ
487 2640 594 2691 τῶν
619 2639 803 2709 ὁρίων,
827 2640 922 2692 καὶ
946 2639 1225 2708 προσιέναι
1255 2638 1333 2710 τῷ
1355 2638 1594 2710 Χριστῷ,
1620 2639 1842 2691 ἐκείνων
1865 2640 1958 2693 καὶ
2001 2686 2004 2690 .

285 2727 423 2799 πρὸς
444 2727 641 2789 αὐτοὺς
666 2727 960 2798 ἐρχόμενον
988 2727 1340 2781 ἐλαυνόντων.
1367 2726 1746 2798 Προσελθοῦσα
1779 2727 1957 2780 τοίνυν

285 2817 435 2869 οὐδὲν
483 2816 670 2885 ’έτερόν
717 2829 881 2884 φησιν
902 2855 917 2878 ,
959 2815 1095 2878 ἀλλ’,
1115 2815 1408 2883 Ἐλέησόν
1430 2832 1505 2884 με
1527 2855 1540 2878 ,
1576 2815 1670 2867 καὶ
1704 2815 1838 2868 πολὺ
1867 2816 1954 2870 διὰ

285 2904 379 2973 τῆς
408 2902 653 2974 κραυγῆς
674 2903 986 2972 περιίστησι
1023 2903 1084 2955 τὸ
1112 2901 1356 2974 θέατρον.
1399 2904 1506 2958 Καὶ
1536 2903 1645 2974 γὰρ
1674 2901 1740 2974 ἦν
1772 2904 1955 2974 θέαμα

285 2991 532 3053 ἐλεεινὸν,
567 2994 800 3058 γυναῖκα
825 2991 951 3043 ἰδεῖν
991 2991 1199 3060 βοῶσαν
1234 2990 1372 3060 μετά
1396 2991 1736 3060 συμπαθείας
1758 2992 1952 3044 τοσαύ-

288 3095 400 3147 της,
441 3079 535 3132 καὶ
567 3081 801 3146 γυναῖκα
827 3078 1061 3150 μητέρα,
1091 3079 1186 3132 καὶ
1203 3080 1342 3149 ὑπὲρ
1366 3061 1634 3150 θυγατρὸς
1665 3079 1946 3149 δεομένην,

284 3167 379 3218 καὶ
407 3165 674 3237 θυγατρὸς
703 3165 844 3220 οὕτω
881 3165 1067 3230 κακῶς
1094 3166 1465 3237 διακειμένης.
1502 3167 1638 3220 Οὐδέ
1663 3167 1773 3238 γάρ
1805 3166 1951 3219 ἐτόλ-

286 3274 457 3328 μησεν
485 3258 564 3318 είς
590 3255 713 3325 ὄψιν
737 3256 829 3309 τοῦ
855 3257 1187 3310 Διδασκάλου
1209 3257 1307 3328 τὴν
1331 3257 1672 3327 δαιμονῶσαν
1698 3259 1948 3324 ἀγαγεῖν·

283 3433 393 3488 Καὶ
416 3433 564 3501 λέγει
591 3434 650 3485 τὸ
676 3433 843 3496 πάθος
876 3433 1054 3503 μόνον,
1086 3435 1179 3487 καὶ
1203 3433 1354 3486 οὐδὲν
1381 3434 1540 3487 πλέον
1573 3433 1949 3505 προστίθησιν,

283 3522 401 3577 ιύδέ
429 3523 578 3576 ἐλκει
607 3522 696 3574 τὸν
734 3523 912 3592 ἰατρὸν
942 3525 1020 3585 είς
1057 3523 1155 3593 τὴν
1176 3523 1373 3586 οἰκίαν,
1398 3523 1649 3593 καθάπερ
1680 3525 1706 3574 6
1741 3521 1950 3592 βασιλι-

279 3610 376 3674 κὸς
415 3612 652 3672 ἐκεῖνος,
688 3610 862 3678 λέγων
886 3626 901 3640 ·
945 3609 1170 3664 Ἐλθὼν
1212 3611 1410 3676 ἐπίθες
1461 3609 1574 3678 τὴν
1601 3609 1771 3678 χεῖρά
1809 3625 1948 3663 σου·

283 3704 392 3767 καὶ,
434 3702 730 3769 Κατάΐηθι
787 3702 930 3770 πρὶν
972 3702 1010 3770 ἣ
1058 3701 1382 3755 ἀποθανεῖν
1410 3701 1477 3754 τὸ
1524 3700 1766 3754 παιδίον
1805 3718 1944 3769 μου.

291 3789 450 3845 Ἀλλὰ
485 3789 580 3844 καὶ
632 3788 730 3860 τὴν
778 3788 1062 3859 συμφορὰν
1114 3789 1512 3859 διηγησαμένη,
1542 3789 1636 3842 καὶ
1665 3789 1765 3858 τῆς
1793 3788 1948 3841 νόσου

274 3879 377 3950 τὴν
406 3878 680 3942 ἐπίτασιν,
716 3877 806 3930 τὸν
829 3877 975 3929 ἔλεον
997 3877 1092 3930 τοῦ
1125 3878 1393 3930 Δεσπότου
1418 3877 1818 3949 προϐάλλεται,
1857 3876 1950 3930 καὶ

280 3967 470 4039 κράζει
506 3965 753 4036 μεγάλα·
800 3965 895 4018 καὶ
931 3966 990 4018 οὐ
1040 3964 1208 4033 λέγει,
1252 3965 1503 4036 Ἐλέησον
1547 3966 1646 4038 τὴν
1677 3965 1950 4035 θυγάτερά

281 4073 406 4125 μου,
465 4054 604 4116 ἀλλ’,
631 4053 926 4120 Ἐλέησόν
951 4070 1045 4123 με.
1096 4053 1309 4122 Ἐκείνη
1353 4053 1450 4122 μὲν
1479 4053 1587 4125 γὰρ
1616 4054 1950 4122 ἀνεπαίσθηο

283 4143 366 4204 τός
395 4143 441 4173 ³⁸
470 4143 587 4193 ἐστι
637 4143 737 4211 τῆς
769 4141 954 4193 νόσου·
1004 4139 1115 4207 ἐγὼ
1160 4140 1215 4193 δέ
1249 4143 1280 4210 ἡ
1330 4140 1400 4192 τὰ
1457 4141 1625 4212 μυρία
1665 4141 1949 4210 πάσχουσά

277 4228 393 4296 εἰμι
425 4225 595 4290 δεινά,
628 4227 662 4295 ἡ
692 4225 828 4296 μετά
856 4224 1157 4296 αἰσθήσεως
1182 4226 1431 4288 νοσοῦσα,
1458 4228 1491 4296 ἡ
1524 4227 1662 4295 μετά
1691 4225 1784 4278 τοῦ
1815 4225 1948 4278 εἰδέ-

280 4332 366 4367 ναι
395 4315 719 4385 μαινομένη.
760 4314 822 4367 'U
852 4313 921 4366 δὲ
943 4317 1053 4367 οὐκ
1075 4314 1364 4380 ἀπεκρίθη
1391 4313 1545 4382 αὺτῇ
1571 4316 1772 4383 λόγον.
1802 4314 1866 4364 Τί
1887 4313 1948 4366 τὸ

277 4402 463 4456 καινὸν
493 4403 586 4454 καὶ¹
611 4401 909 4472 παράδοξον
929 4417 944 4464 ;
968 4403 1095 4463 τοὺς
1127 4400 1226 4470 μὲν
1265 4402 1549 4464 Ἰουδαίους
1574 4403 1666 4454 καὶ
1697 4404 1944 4470 ἀγνωμο-

279 4489 500 4552 νοῦντας
529 4489 735 4556 ἐνάγει,
755 4489 846 4541 καὶ
869 4487 1318 4558 βλασφημοῦντας
1347 4490 1673 4559 παρακαλεῖ,
1707 4490 1799 4542 καὶ
1835 4506 1950 4540 πει-

278 4576 645 4648 ράζονταςούκ
666 4576 874 4645 ἀφίησι·
889 4575 988 4647 τὴν
1009 4575 1066 4628 δὲ
1084 4577 1473 4647 ἐπιτρέχουσαν
1489 4576 1636 4646 αὐτῷ
1656 4579 1750 4628 καὶ
1773 4593 1950 4647 παρα-

277 4661 550 4716 καλοῦσαν
577 4663 672 4715 καὶ
698 4661 978 4732 δεομένην,
1019 4664 1114 4715 καὶ
1140 4661 1265 4714 οὐτε
1313 4664 1464 4732 νόμῳ
1494 4662 1618 4715 οὐτε
1644 4663 1950 4733 προφήταις

275 4752 660 4822 ἐντραφεῖσαν,
701 4749 796 4803 καλ⁵
829 4749 1096 4821 τοσαύτην
1147 4749 1434 4803 εὐλάϐειαν
1471 4749 1945 4820 ἐπιδεικνυμένην,

274 4837 480 4909 ταύτην
499 4837 620 4891 οὐδέ
639 4838 983 4908 ἀποκρίσεως
1002 4839 1161 4905 ἀξιοῖ.
1188 4839 1322 4892 Τίνα
1349 4839 1449 4892 οὐκ
1476 4838 1544 4892 ἂν
1571 4838 1727 4892 τοῦτο
1756 4841 1948 4891 ἐσκαν-

274 4925 509 4989 δάλισεν,
538 4925 749 4995 ὁρῶντα
782 4925 994 4978 ἐναντία
1027 4928 1093 4997 τῇ
1131 4927 1287 4997 φήμῃ
1315 4925 1383 4979 τὰ
1422 4924 1680 4995 γινόμενα
1722 4925 1804 4990 ²¹;
1839 4927 1947 4979 Καὶ

274 5013 383 5084 γάρ
406 5013 665 5082 ἥκουσαν,
689 5013 770 5066 ὅτι
803 5013 1033 5084 περιῆγε
1062 5013 1162 5075 τὰς
1201 5014 1394 5082 κώμας
1424 5012 1744 5084 θεραπεύων
1770 5030 1783 5044 ·
1815 5013 1948 5066 ταύ-

273 5118 373 5168 την
399 5100 456 5153 δέ
487 5101 530 5132 ’⁸
553 5099 810 5154 ἐλθοῦσαν
835 5099 1198 5171 διακρούεται.
1226 5101 1358 5154 Τίνα
1379 5101 1434 5153 δὲ
1455 5103 1556 5154 οὐκ
1579 5101 1644 5154 ἂν
1674 5101 1943 5155 ἐπέκλασε

275 5188 340 5242 τὸ
367 5188 538 5253 πάθος
568 5188 663 5241 καὶ
701 5191 734 5259 ἠ
771 5190 1039 5259 ἱκετηρία,
1071 5191 1138 5260 ἣν
1177 5190 1413 5242 ἐποιεῖτο
1435 5191 1480 5221 ’³
1514 5191 1654 5260 ὑπὲρ
1677 5189 1945 5261 θυγατρὸς

272 5275 418 5329 οὕτω
445 5277 629 5339 κακῶς
651 5277 1002 5348 διακειμένης
1026 5294 1040 5342 ;
1076 5277 1211 5331 Οὐδὲ
1242 5279 1352 5350 γὰρ
1371 5277 1448 5342 ὼς
1489 5279 1613 5345 ἀξία
1641 5275 1795 5343 οῦσα,
1823 5281 1942 5333 οὐδέ

275 5363 354 5426 ὡς
378 5363 600 5434 ὀφειλὴν
621 5365 948 5428 ἀπαιτοῦσα,
981 5365 1122 5418 οὕτω
1150 5367 1477 5438 προσῆλθεν,
1508 5367 1625 5420 ἀλλ’
1658 5367 1944 5438 ἐλεηθῆναι

274 5451 466 5515 ἐδεῖτο,
490 5453 582 5504 καὶ
600 5453 698 5523 τὴν
721 5453 1006 5524 συμφοράν
1029 5456 1126 5525 τὴν
1146 5457 1354 5510 οἰκείαν
1375 5457 1734 5528 ἐξετραγῴδει
1759 5459 1942 5527 μόνον,

271 5539 372 5592 καὶ
403 5539 524 5592 οὐδὲ
541 5540 881 5611 ἀποκρίσεως
903 5541 1169 5608 ἀξιοῦται.
1201 5545 1353 5615 Τάχα
1379 5545 1562 5597 πολλοὶ
1581 5545 1689 5598 τῶν
1719 5547 1943 5600 ἀκουόν-

346 5646 391 5677 ¹⁶
409 5646 557 5724 ἀξιον
714 5650 754 5724 ξτ
775 5649 936 5724 αὐτὴ]
966 5651 1058 5724 Sic
1081 5652 1154 5724 _L.
1181 5651 1279 5724 E9.
1303 5654 1481 5706 caeleri
1505 5653 1664 5724 αῦτη.

271 5717 408 5792 ξλεμ.
436 5719 754 5792 ἀναίσθητός
791 5717 937 5792 ἐστιν
959 5723 1022 5774 ἐκ
1042 5722 1138 5790 τῆς
1153 5741 1200 5775 ν.
1228 5717 1328 5792 Ep.

271 5737 408 5769 neu.
436 5737 624 5770 αναισυ

271 5787 322 5820 ’³
345 5788 600 5858 ἐποίησεν
623 5737 664 5843 ὃ

272 5857 322 5888 ’⁵
346 5857 440 5930 καὶ
463 5859 496 5930 ἢ

276 5927 460 5994 μεῖζον
485 5927 574 5982 'L.
681 5930 726 5962 ³ο
750 5933 840 5984 καὶ
869 5933 1019 5986 deest
1051 5933 1102 5987 in
1135 5934 1266 5989 Edd.

1743 5654 1785 5685 ³⁸
1814 5657 1951 5729 γυνὴ
1975 5675 2086 5712 om.
2118 5658 2182 5729 G1
2325 5657 2400 5729 _f’

1405 5725 1446 5754 ἰ
1483 5725 1572 5799 εις
1598 5720 1866 5799 ιθ-ρητιιδιι
1895 5720 1955 5799 69

2060 5747 2108 5781 ra.
2141 5725 2420 5799 (ὁρῶν
2533 5727 2610 5777 ἐν.
2733 5720 2790 5793 cp:
2826 5727 3102 5799 γινόμενα.
3181 5726 3223 5799 _"
3341 5723 3399 5799 δὲ
3427 5720 3608 5799 καὶ-ΙΙ.
3639 5721 3712 5799 ⁸Ιέ.

675 5829 688 5842 .
714 5791 860 5865 ὺπέρ
885 5791 984 5860 τῆς
1329 5793 1672 5865 ²ξμαθητα¹ι1
1714 5796 1835 5849 add.
1867 5791 1955 5850 αὐτ

2070 5791 2234 5853 ΚίΙζ.
2271 5797 2350 5850 Μ.
2391 5798 2414 5849 1
2450 5795 2617 5865 Mosq.
2665 5791 2785 5850 Mo'x
2831 5791 3081 5865 Καιίγὰρ
3111 5797 3204 5848 καὶ
3228 5791 3389 5865 ἡμεῖς
3417 5793 3482 5848 G.
3524 5792 3603 5865 [Α.
3634 5791 3704 5865 ΜΣ

527 5858 589 5913 G.
626 5859 693 5913 Η.
771 5858 1025 5916 "avom.
1068 5864 1130 5919 Ο.
1173 5863 1324 5918 11.Κ.
1351 5858 1427 5917 ΜΣ
1500 5858 1632 5916 ’τ’τὸ
1655 5858 1762 5918 6m.
1793 5867 1855 5920 G.
1894 5869 1955 5922 ll.

2087 5869 2203 5922 τότε
2222 5883 2333 5921 om.
2361 5867 2420 5920 L.
2499 5868 2545 5897 ⁸⁸
2571 5858 2662 5920 καὶ
2688 5884 2798 5920 om.
2825 5869 2893 5919 Μ.
2923 5858 3012 5919 οὖν
3032 5858 3126 5918 καὶ
3140 5858 3338 5920 οιιιίῧ.

1378 5935 1418 5966 ³¹
1549 5944 1673 6015 apte
1701 5937 1913 6015 *τούτοις
1936 5958 1953 5993 ι

2061 5941 2134 6015 τί,
2174 5939 2488 6015 Ῑυὺεςιιὶὺιιε
2512 5937 2576 5990 Κ.
2694 5937 2776 6015 _.\I.
2853 5939 2909 6015 δ’.
2941 5937 3158 6015 ἐξῆλθον
3182 5931 3570 6015 ](]..ἦλθονεξς
3613 5931 3704 5984 τὸν

2080 972 2527 1037 Προσελθόντες
2548 973 2601 1022 ol
2627 969 2887 1038 μαθηταὶ
2915 970 2962 1000 ’δ
2981 969 3220 1036 ἠρώτων
3241 969 3428 1021 αὐτὸν
3447 967 3751 1038 λέγοντες·

2093 1059 2428 1112 Ἀπόλυσον
2457 1057 2668 1124 αὐτὴν,
2688 1056 2774 1109 ὅτι
2799 1056 2991 1125 κράζει
3017 1057 3267 1110 ὄπισθεν
3296 1054 3484 1124 ημῶν.
3514 1057 3626 1110 Καὶ
3643 1057 3754 1128 γάρ

2077 1151 2239 1217 ἡμεῖς
2266 1148 2394 1200 ὅταν
2418 1146 2766 1216 βουληθῶμέν
2798 1163 2922 1198 τινα
2947 1148 3152 1209 πεῖσαι,
3199 1144 3460 1198 τάναντία
3492 1145 3752 1209 πολλάκις
3813 1191 3816 1195 .

2080 1235 2329 1305 λέγομεν.
2365 1233 2512 1306 [551]
2560 1235 2615 1288 Ὀ
2651 1235 2705 1286 δέ
2732 1235 2962 1305 Χριστός
3008 1250 3203 1304 φησιν·
3242 1235 3364 1286 Οὐκ
3394 1232 3752 1301 ἀπεστάλην

2078 1325 2128 1376 εἰ
2153 1323 2239 1392 μὴ
2267 1326 2354 1388 εὶς
2385 1323 2454 1375 τὰ
2488 1325 2754 1392 πρόϐατα
2799 1325 2870 1376 τὰ
2897 1323 3254 1376 ἀπολωλότα
3282 1322 3452 1376 οἴκου
3490 1321 3747 1388 Ἰσραήλ.

2150 1411 2196 1482 β’
2239 1412 2303 1464 Τί
2323 1408 2414 1464 οῦν
2436 1413 2468 1482 ἡ
2490 1411 2646 1482 γυνὴ,
2665 1411 2850 1482 ἐπειδὴ
2870 1409 3038 1463 ταῦτα
3059 1410 3288 1480 ἤκουσεν
3310 1425 3322 1472 ;
3349 1410 3571 1478 ἐσίγησε
3590 1410 3681 1463 καὶ
3699 1411 3748 1444 ³⁸

2079 1501 2288 1571 ἀπέστη
2317 1517 2330 1565 ;
2359 1501 2392 1572 ἢ
2423 1501 2706 1570 καθυφῆκε
2756 1501 2854 1570 τῆς
2894 1498 3233 1570 προθυμία;;
3280 1497 3576 1566 Οὐδαμῶς·
3611 1497 3750 1553 ἀλλὰ

2082 1589 2282 1660 μᾶλλον
2329 1589 2600 1643 ἐπέκειτο.
2643 1587 2779 1640 Ἀλλ’
2808 1588 2904 1657 οὐχ
2931 1589 3090 1656 ἡμεῖς
3123 1585 3324 1648 οὕτως·
3367 1584 3482 1637 ἀλλ’
3507 1587 3632 1638 ὅταν
3669 1586 3747 1658 μὴ

2075 1678 2348 1748 τύχωμεν,
2370 1676 2739 1746 ἀφιστάμεθα,
2758 1675 2875 1728 δέον
2895 1675 2982 1728 διὰ
3004 1675 3162 1727 τοῦτο
3185 1673 3493 1726 ἐπικεῖσθαι
3522 1673 3742 1743 μᾶλλον.

2076 1765 2270 1817 Καίτοι
2299 1765 2421 1818 τίνα
2442 1765 2542 1817 οὐκ
2565 1763 2631 1816 ἂν
2661 1763 2708 1794 ³⁸
2742 1761 3048 1833 ἐξηπόρησε
3075 1761 3233 1813 τοῦτο
3255 1759 3315 1812 τὸ
3337 1760 3382 1792 ³⁷
3404 1760 3524 1813 τότε
3550 1759 3743 1830 ρηθέν;

2083 1852 2260 1922 Ἰκανὴ
2294 1852 2389 1918 μὲν
2422 1847 2514 1904 οὖν
2543 1851 2638 1904 καὶ
2660 1851 2759 1921 ’⁸η
2792 1850 2914 1919 σιγὴ
2940 1850 3019 1910 είς
3046 1849 3355 1915 ἀπόγνωσιν
3382 1847 3552 1917 αὐτὴν
3573 1847 3735 1916 ἐμϐα·

2067 1939 2176 1993 λεῖν
2195 1955 2211 1970 ·
2241 1940 2348 2009 ἡδὲ
2373 1940 2664 2010 ἀπόκρισις
2685 1940 2778 1991 καὶ
2808 1936 2986 2005 πολλῷ
3015 1935 3212 2006 μᾶλλον
3243 1936 3285 1966 ’⁸
3307 1934 3499 1987 ἐποίει.
3533 1935 3606 1986 T6
3633 1934 3744 2004 γὰρ

2069 2028 2186 2097 μεθ’
2217 2028 2417 2096 ἐαυτῆς
2467 2031 2561 2080 καὶ
2590 2028 2716 2090 τοὺς
2746 2025 3077 2094 συνηγόρους
3123 2021 3558 2092 ἐξαπορηθέντας
3592 2021 3741 2086 ἰδεῖν,

2065 2116 2158 2168 καὶ
2185 2115 2245 2168 τὸ
2274 2115 2523 2179 ἀκοῦσαι,
2556 2115 2636 2167 ὅτι
2668 2115 2763 2166 καὶ
2797 2113 2840 2144 ³ο
2870 2112 2932 2165 τὸ
2967 2112 3201 2180 πρᾶγμα
3237 2108 3490 2176 γενέσθαι
3525 2110 3744 2178 ἀμήχα-

2063 2221 2173 2268 νον,
2203 2204 2282 2265 είς
2309 2203 2512 2270 ἄφατον
2534 2199 2766 2270 ἀπορίαν
2799 2199 3069 2252 ἐνέϐαλεν.
3118 2197 3261 2249 Ἀλλ’
3288 2197 3438 2266 ὅμως
3467 2197 3567 2249 οὐκ
3600 2198 3738 2264 ἦπο-

2066 2294 2210 2362 ρεῖτο
2238 2293 2271 2361 ὴ
2309 2291 2487 2361 γυνή·
2531 2289 2644 2341 ἀλλ’
2692 2287 2878 2358 ἐπειδὴ
2918 2282 3056 2339 εἶδεν
3088 2284 3238 2338 οὐδὲν
3294 2282 3577 2353 ἰσχύοντας
3611 2285 3740 2346 τοὺς

2062 2381 2394 2449 προστάτας,
2445 2375 2919 2446 ἀπηναισχύντησε
2969 2373 3136 2443 καλὴν
3169 2371 3576 2441 ἀναισχυντίαν.
3623 2372 3740 2441 Πρὸ

2058 2467 2250 2521 τούτου
2274 2467 2374 2536 μὲν
2398 2466 2503 2537 γάρ
2529 2466 2650 2517 οὐδὲ
2671 2467 2750 2527 εἰς
2776 2463 2898 2533 ὄψιν
2921 2462 3092 2514 ἐλθεῖν
3122 2461 3351 2530 ἐτόλμα·
3378 2457 3586 2528 Κριίζει
3604 2458 3735 2530 γὰρ,

2060 2555 2247 2626 φησὶν,
2275 2554 2526 2607 ὄπισθεν
2552 2552 2750 2620 ἡμῶν·
2787 2553 2876 2605 ὅτε
2907 2551 2963 2602 δέ
3002 2550 3146 2612 εἰκὸς
3185 2545 3253 2618 ἦν
3282 2548 3449 2619 αὐτὴν
3477 2549 3572 2601 καὶ
3599 2549 3738 2619 πορο

2061 2643 2285 2714 ῥωτέρω
2337 2641 2591 2695 ἀπελθεῖν
2647 2637 3101 2708 ἐξαπορηθεῖσαν,
3139 2636 3260 2688 τότε
3313 2637 3406 2689 καὶ
3451 2635 3738 2706 ἐγγυτέρω

2056 2733 2297 2802 ἔρχεται,
2335 2731 2428 2784 καὶ
2453 2730 2752 2797 προσκυνεῖ
2777 2727 3010 2794 λέγουσα
3027 2742 3038 2752 ·
3074 2725 3270 2791 Κύριε,
3289 2723 3504 2791 ,ϐοήθει
3527 2740 3651 2791 μοι.
3671 2722 3736 2774 Τί

2054 2819 2230 2882 τοῦτο,
2255 2813 2300 2870 ὦ
2332 2817 2527 2886 γύναι;
2567 2819 2642 2886 μὴ
2666 2815 2774 2884 γὰρ
2814 2813 3034 2883 μείζονα
3085 2811 3397 2881 παρρησίαν
3438 2809 3582 2878 ἔχεις
3627 2809 3736 2861 τῶν

2055 2908 2407 2971 ἀποστόλωνς
2437 2906 2512 2976 μὴ
2534 2905 2644 2974 γὰρ
2669 2902 2891 2956 πλείονα
2927 2901 3078 2970 ἰσχύν
3105 2916 3118 2964 ;
3156 2897 3479 2969 Παρρησίαν
3507 2897 3606 2967 μέν
3642 2899 3738 2950 καὶ

2058 2998 2230 3067 ἰσχὺν,
2266 2996 2450 3066 φησὶν,
2483 2992 2754 3062 οὐδαμῶς,
2803 2990 2940 3044 ἀλλά
2966 2990 3061 3042 καὶ
3102 2987 3364 3057 αἰσχύνης
3393 2985 3578 3055 γέμω·
3617 2985 3732 3038 ἀλλ’

2052 3087 2200 3156 ὅμως
2221 3083 2394 3153 αὐτὴν
2426 3081 2522 3152 τὴν
2560 3077 2948 3148 ἀναισχυντίαν
2973 3077 3093 3130 ἀντί
3122 3075 3404 3144 ἱκετηρίας
3435 3073 3732 3145 προϐάλλοο

2056 3192 2152 3244 μαι
2173 3191 2187 3205 ·
2210 3169 2588 3241 αίδεσθήσεταί
2614 3186 2715 3239 μου
2738 3167 2836 3237 τὴν
2858 3167 2972 3236 παῤ
2981 3168 3046 3236 ῥη
3055 3164 3195 3217 σίαν.
3224 3164 3332 3216 Καὶ
3354 3162 3406 3215 τί
3427 3161 3584 3244 τοῦτο
3603 3175 3616 3223 ;
3635 3159 3734 3212 οὐκ

2050 3263 2291 3333 ἧκουσας
2313 3257 2482 3311 αὐτοῦ
2512 3257 2783 3324 λὲγοντος,
2807 3256 2888 3308 ὅτι
2927 3256 3047 3307 Οὐκ
3067 3250 3426 3317 ἀπεστάλην
3457 3251 3510 3302 εί
3528 3247 3616 3317 μὴ
3646 3249 3733 3312 εἰς

1934 3388 1948 3400 .
2050 3354 2123 3404 τὰ
2155 3350 2417 3419 πρόϐατα
2443 3347 2514 3400 τὰ
2539 3347 2900 3401 ἀπολωλότα
2923 3344 3092 3398 οἴκου
3141 3341 3424 3410 Ἶσραήλ;
3463 3341 3730 3400 ’Πκουσα,

2051 3440 2239 3509 φησὶν,
2275 3437 2390 3491 ἀλλ’
2423 3436 2585 3498 αὐτὸς
2608 3433 2812 3504 Κύριός
2845 3435 2979 3486 ἐστι.
3015 3431 3220 3500 Διόπερ
3265 3430 3385 3483 οὐδέ
3414 3429 3592 3494 ἔλεγε,
3623 3429 3733 3479 Πα-

2053 3526 2355 3598 ρακάλεσον
2403 3526 2499 3578 καὶ
2549 3523 2807 3592 δεήθητι·
2851 3519 3025 3583 ἀλλά,
3075 3517 3286 3585 Βοήθει
3312 3535 3436 3586 μοι.
3484 3517 3550 3568 Τί
3581 3513 3674 3568 οὖν
3705 3517 3733 3568 6

2050 3615 2318 3686 Χριστόςς
2364 3613 2500 3666 Οὐδὲ
2553 3611 2764 3672 τούτοις
2795 3610 2837 3640 ³¹
2880 3607 3148 3679 ἠρκέσθη,
3183 3605 3294 3658 ἀλλ’
3345 3605 3602 3657 ἐπιτείνει
3633 3603 3732 3673 τὴν

2051 3702 2381 3773 ἐξαπόρησιν
2404 3701 2566 3754 πάλιν
2603 3698 2778 3766 λέγων
2798 3714 2811 3727 ·
2852 3699 2974 3749 Οὐκ
2994 3696 3127 3749 ἐστι
3157 3695 3351 3746 καλὸν
3389 3691 3597 3746 λαϐεῖν
3627 3692 3732 3744 τὸν

2049 3792 2231 3859 ἄρτον
2257 3788 2375 3844 τῶν
2396 3787 2641 3848 τέκνων,
2673 3785 2769 3838 καί
2790 3784 2998 3838 δοῦναι
3025 3781 3147 3847 τοῖς
3165 3781 3492 3846 κυναρίοις.
3513 3779 3622 3832 Καὶ
3641 3780 3730 3831 ὅτε

2090 3879 2280 3945 ξίωσεν
2301 3877 2470 3946 αὐτὴν
2493 3875 2674 3942 λόγου,
2703 3873 2823 3926 τότε
2852 3871 3112 3942 μειζόνως
3133 3867 3435 3937 ἐπέπληξεν
3463 3868 3494 3937 ἢ
3523 3867 3608 3920 διὰ
3633 3867 3729 3934 τῆς

2051 3969 2230 4037 σιγῆς.
2261 3967 2372 4019 Καὶ
2395 3964 2583 4018 οὐκέτι
2612 3965 2697 4032 ἐφ’
2723 3963 2910 4031 ἓτερον
2939 3957 3236 4029 μεταφέρει
3265 3957 3364 4027 την
3391 3958 3588 4015 αἰτίαν,
3607 3955 3727 4007 οὐδέ

2048 4054 2219 4122 λέγει,
2248 4055 2368 4106 Οὐκ
2404 4049 2789 4116 ἀπεστάλην·
2834 4046 2948 4100 ἀλλ’
2975 4047 3084 4116 ὅσῳ
3109 4045 3386 4098 ἐπέτεινεν
3415 4041 3596 4109 ἐκείνή
3632 4039 3728 4110 τὴν

2051 4140 2355 4212 ἱκετηρίαν,
2383 4138 2622 4207 τοσούτῳ
2645 4139 2738 4190 7.6.1
2760 4136 2919 4198 αὐτὸς
2950 4134 3048 4203 τὴν
3082 4133 3416 4203 παραίτησιν
3447 4128 3725 4182 ἐπιτείνει.

2051 4232 2159 4283 Καὶ
2185 4229 2363 4282 οὐκέτι
2398 4227 2642 4296 πρόϐατα
2684 4225 2880 4286 αὐτοὺς
2913 4223 3090 4284 καλεῖ,
3130 4219 3265 4274 ἀλλὰ
3297 4220 3480 4281 τέκνα,
3510 4219 3599 4269 καὶ
3633 4217 3725 4268 αὐ-

2050 4319 2149 4386 τὴν
2196 4316 2474 4387 κυνάριον.
2514 4314 2579 4366 Τί
2623 4309 2714 4365 οὖν
2743 4314 2776 4382 ἡ
2829 4313 3001 4380 γυνή;
3047 4310 3165 4362 Ἀπ’
3201 4308 3378 4361 αὐτῶν
3431 4307 3537 4358 τῶν
3566 4303 3725 4358 αὐτοῦ

2054 4405 2312 4475 ῥημάτων
2339 4403 2527 4455 πλέκει
2549 4401 2648 4472 τὴν
2683 4400 3030 4469 συνηγορίαν.
3075 4399 3137 4449 Εἰ
3159 4395 3268 4465 γὰρ
3299 4394 3557 4462 κυνάριόν
3585 4393 3724 4460 εἰμι,

2053 4492 2235 4561 φησὶν,
2268 4490 2366 4541 οὐκ
2417 4487 2533 4556 εἰμὶ
2585 4485 2860 4555 ἀλλοτρία.
2910 4484 3144 4546 Δικαίως
3177 4483 3362 4549 ἔλεγεν
3395 4482 3424 4533 6
3453 4478 3722 4550 Χριστός·

2047 4579 2149 4641 Είς
2173 4576 2349 4644 κρῖμα
2367 4574 2482 4644 ἐγὼ
2509 4571 2701 4642 ἦλθον
2726 4575 2792 4625 θ’.
2833 4573 2897 4624 Ἡ
2920 4571 3058 4640 γυνὴ
3077 4571 3378 4639 φιλοσοφεῖ,
3409 4569 3502 4620 καί¹
3531 4582 3724 4634 καρτε-

2053 4665 2174 4734 ρίαν
2208 4663 2574 4716 ἐπιδείκνυται
2607 4663 2785 4714 πᾶσαν
2813 4660 2906 4711 καὶ
2937 4659 3140 4719 πίστιν,
3165 4657 3258 4709 καὶ
3296 4654 3470 4708 ταῦτα
3506 4652 3724 4724 6691:0-

2053 4754 2220 4824 μένη·
2261 4753 2452 4805 ἐκεῖνοι
2502 4751 2580 4815 δὲ,
2635 4749 3062 4820 θεραπευόμενοι
3118 4745 3211 4799 καὶ
3259 4743 3583 4812 τιμώμενοι,
3614 4744 3722 4805 τοῖς

2049 4840 2307 4902 ἐναντίοις
2346 4838 2685 4910 ἀμείϐονται.
2744 4839 2866 4889 Ὀτι
2898 4835 2994 4905 μὲν
3019 4834 3129 4902 γὰρ
3177 4830 3452 4898 ἀναγκαία
3483 4831 3516 4899 ὴ
3550 4829 3722 4897 τροφὴ

2046 4935 2159 4993 τοῖς
2193 4929 2424 4993 τέκνοις,
2456 4931 2642 4998 φησὶν,
2671 4923 2790 4981 οῖδα
2817 4925 2970 4994 κάγώ
2991 4943 3004 4956 ·
3033 4924 3174 4995 πλὴν
3203 4924 3325 4977 οὐδέ
3353 4921 3464 4990 ἐγὼ
3487 4921 3718 4975 κεκώλυ-

2051 5037 2172 5090 μαι,
2206 5017 2462 5088 κυνάριον
2491 5013 2646 5070 οὖσα.
2685 5017 2744 5068 Εἰ
2783 5016 2880 5084 μὲν
2911 5013 3017 5084 γὰρ
3052 5014 3125 5083 μὴ
3162 5011 3320 5082 θέμις
3361 5011 3566 5073 λαϐεῖν,
3599 5009 3723 5062 οὐδὲ

2045 5109 2152 5162 τῶν
2177 5109 2375 5178 ψιχίων
2412 5109 2700 5176 μετασχεῖν
2731 5107 2775 5138 ³³
2804 5105 2961 5174 θέμις
2983 5121 2995 5134 ·
3025 5107 3073 5156 εἰ
3104 5103 3161 5156 δέ
3184 5103 3285 5157 κᾶν
3315 5105 3378 5156 ἐκ
3414 5101 3610 5172 μικροῦ
3644 5099 3720 5152 δεῖ

2045 5198 2342 5259 κοινωνεῖν,
2369 5195 2488 5248 ούδέ
2525 5194 2634 5260 ἐγὼ
2680 5193 3022 5264 κεκώλυμαι,
3048 5191 3151 5248 κᾶν
3181 5192 3437 5262 κυνάριον
3465 5183 3509 5240 ὧ
3533 5207 3545 5220 ·
3587 5188 3719 5241 ἀλλά

2043 5287 2138 5339 καὶ
2159 5284 2331 5355 ταύτῃ
2353 5283 2586 5352 μάλιστα
2610 5283 2838 5352 μετέχω,
2857 5285 2905 5334 εί
2928 5282 2972 5312 ³⁸
2994 5281 3249 5352 κυνάριόν
3274 5281 3406 5349 είμι.
3429 5278 3526 5330 Διά
3551 5277 3718 5330 ταῦτα

2049 5371 2373 5426 ἀνεϐάλλετο
2392 5373 2419 5424 6
2447 5371 2678 5441 Χριστός
2699 5386 2712 5399 ·
2744 5370 2976 5441 ἐροῦσαν
2996 5371 3106 5441 γαρ
3128 5369 3300 5422 ταῦτα
3320 5367 3434 5438 ᾔδει
3458 5367 3574 5398 ³⁵·³⁶
3597 5383 3611 5397 ·
3634 5365 3718 5418 διὸ

2047 5461 2219 5516 ταῦτα
2244 5463 2459 5531 ἠρνεῖτο
2487 5459 2587 5530 τὴν
2615 5459 2780 5518 δόσιν,
2807 5460 2893 5510 ἵνα
2928 5459 3076 5529 δείξῃ
3113 5458 3282 5526 αὐτῆς
3317 5457 3416 5527 τὴν
3445 5454 3594 5526 [552]
3629 5472 3717 5516 φι-

2043 5551 2322 5620 λοσοφίαν.
2348 5550 2412 5602 Εἰ
2444 5550 2552 5620 γὰρ
2577 5549 2653 5618 μὴ
2682 5548 2860 5600 δοῦναι
2887 5547 3133 5618 ἔμελλεν,
3162 5547 3268 5599 οὐδ’
3292 5546 3356 5600 ἂν
3385 5545 3519 5616 μετά
3547 5545 3716 5597 ταῦτα

2435 5654 2862 5726 φιλοσοφώτεροι
2908 5655 2972 5709 H.
3015 5655 3076 5709 L.
3139 5658 3182 5686 ‘°
3216 5650 3712 5726 ἀναίσθητος-βιοῖ.

3417 5866 3460 5894 ³⁸
3482 5858 3704 5932 μᾶλλον]

271 5997 476 6066 κόσμον
523 5998 584 6054 L.
618 5999 686 6054 M.
765 6003 809 6033 ³³
869 6003 1184 6073 μεταλαϐεῖν
1224 6005 1286 6061 G.
1323 6004 1386 6059 H.
1435 6006 1497 6061 Κ.
1575 6006 1620 6038 ³·
1667 6005 1736 6082 εἰ]
1777 6003 1908 6080 ﬁll.

2061 6011 2105 6042 ³⁸
2161 6009 2375 6080 προῄδει
2430 6011 2536 6079 γάρ
2586 6008 2752 6078 αὐτὴν
2813 5997 2995 6061 ταῦτα⁷
3025 5997 3256 6078 ’ἐροῦσαν
3285 5997 3343 6060 ι.’.
