4108 6376
336 402 434 460 εει

334 520 552 580 ἔδωκεν,
580 512 688 569 οὐδ’
710 513 779 568 ἂν
801 512 1158 584 ἐπεστόμισεν
1180 512 1349 584 αὐτὴν
1372 512 1535 567 πάλιν
1558 526 1574 541 ο
1609 512 1725 566 ἀλλ’
1753 513 1890 585 ὅπερ
1910 514 2004 566 ἐπὶ

332 608 426 662 τοῦ
454 604 855 675 ἑκατοντάρχου
906 606 1085 667 ποιεῖ,
1135 602 1309 671 λέγων
1343 620 1355 631 ·
1406 601 1553 671 Ἐγὼ
1588 601 1784 657 ἐλθὼν
1834 605 2005 670 θερα.

333 696 539 750 πεύσω
566 693 770 757 αὑτὸν,
805 692 891 746 ἵνα
926 692 1184 761 μάθωμεν
1214 692 1423 744 ἐκείνου
1451 691 1548 762 τὴν
1571 690 1881 758 εὐλάϐειαν,
1909 692 2005 745 καὶ

332 783 657 853 ἀκούσωμεν
706 779 872 834 αὑτοῦ
925 779 1175 848 λέγοντος
1202 796 1216 810 ·
1245 781 1367 834 οὐκ
1416 780 1534 849 είμί
1566 779 1737 846 ἄξιος
1766 780 1868 833 ἵνα
1889 796 2004 843 μου

332 871 454 928 ὑπὸ
483 870 599 940 τὴν
625 869 851 939 στέγην
887 867 1195 937 εἰσέλθῃς·
1247 866 1344 920 καὶ
1370 867 1507 938 ὅπερ
1560 867 1654 919 ἐπὶ
1678 866 1779 936 τῆς
1810 867 2006 937 αἱμορ-

336 959 565 1030 ροούσης
590 960 750 1023 ποιεῖ,
781 956 953 1025 λέγων
970 971 982 983 ·
1016 955 1155 1024 Ἐγὼ
1174 955 1306 1008 οῖδα
1319 955 1577 1024 δύναμιν
1590 954 1660 1020 ἐξ
1676 954 1822 1024 ἐμοῦ
1837 954 2007 1020 ἐξελ-

335 1044 585 1109 θοῦσαν,
612 1045 698 1098 ’ίνα
736 1042 1034 1113 κατάδηλον
1064 1043 1234 1113 αὐτῆς
1276 1043 1375 1113 τὴν
1411 1043 1595 1095 πίστιν
1624 1043 1823 1114 ποιήσῃ
1849 1059 1863 1073 ·
1913 1044 2006 1096 καὶ

334 1135 468 1206 ὅπερ
507 1135 600 1186 ἐπὶ
630 1133 731 1202 τῆς
761 1132 1167 1203 Σαμαρείτιδος,
1196 1132 1283 1185 ἵνα
1307 1131 1456 1205 δείξῃ
1484 1131 1601 1196 πῶς
1637 1131 1679 1164 ⁸⁷
1714 1131 1834 1185 οὑδέ
1853 1131 2007 1200 ἐλεγ-

334 1222 538 1294 χομένη
568 1221 891 1288 ἀφίσταται·
934 1220 1076 1273 οὑτω
1105 1220 1170 1291 δὴ
1203 1220 1298 1273 καὶ
1324 1219 1577 1274 ἐνταῦθα.
1603 1220 1679 1274 Οὑ
1706 1220 1816 1291 γάρ
1849 1219 2005 1273 ἐϐούα

335 1314 457 1365 λετο
503 1310 771 1382 κρυϐῆναι
818 1308 1089 1380 τοσαύτην
1134 1309 1393 1378 γυναικὸς
1446 1309 1667 1380 ἀρετήν.
1702 1309 1865 1362 Ὥστε
1908 1310 2007 1381 οὑχ

335 1398 649 1473 ὑϐρίζοντος
671 1395 738 1470 ἧν
760 1398 903 1471 άπερ
931 1398 1136 1466 ἔλεγεν,
1165 1396 1303 1451 ἀλλά
1333 1396 1759 1469 ἐκκαλουμένου,
1791 1397 1886 1453 καὶ
1915 1398 2006 1452 τὸν

336 1488 757 1560 ἐναποκείμενον
791 1487 1062 1559 θησαυρὸν
1108 1485 1559 1551 ἐκκαλύπτοντος.

403 1575 476 1628 Σὺ
500 1575 557 1628 δέ
586 1592 676 1645 μοι
710 1574 848 1645 μετὰ
879 1575 977 1645 τῆς
1008 1574 1243 1637 πίστεως
1264 1574 1364 1644 ὅρα
1384 1574 1480 1627 καὶ
1508 1572 1611 1644 τὴν
1638 1588 2007 1643 ταπεινοφρο-

338 1662 504 1733 σύνην
523 1663 587 1717 ⁸⁸.
622 1663 793 1726 Αύτὸς
814 1661 913 1733 μὲν
940 1661 1050 1732 γὰρ
1076 1661 1243 1714 τέκνα
1280 1661 1508 1715 ἐκάλεσε
1527 1661 1655 1723 τοὺς
1694 1660 2003 1724 Ἰουδαίους·

337 1749 474 1821 αὕτη
495 1748 552 1801 δὲ
571 1751 673 1803 οὐκ
695 1748 939 1820 ἠρκέσθη
965 1748 1138 1819 τούτῳ
1166 1747 1232 1813 ³⁹,
1260 1746 1397 1800 ἀλλὰ
1422 1748 1515 1800 καὶ
1542 1746 1764 1818 κυρίους
1789 1746 2005 1815 ὠνόμα-

340 1854 432 1892 σε·
463 1837 717 1892 τοσοῦτον
762 1837 1003 1907 ἀπέσχεν
1039 1837 1272 1909 ἀλγῆσαι
1302 1838 1415 1899 τοῖς
1452 1835 1655 1906 ἐτέρων
1685 1835 2001 1903 ἐγκωμίοις.

338 1926 446 1985 Καὶ
469 1926 579 1995 γὰρ
602 1927 674 1979 τὰ
718 1925 991 1993 κυνάρια,
1029 1926 1213 1996 φησὶν,
1252 1923 1441 1977 ἐσθίει
1479 1923 1599 1977 ἀπὸ
1640 1922 1761 1976 τῶν
1784 1923 2006 1992 ψιχίων

338 2012 457 2066 τῶν
470 2012 812 2066 πιπτόντων
826 2010 944 2066 ἀπὸ
958 2009 1069 2080 τῆς
1090 2010 1380 2080 τραπέζης
1402 2009 1523 2064 τῶν
1542 2011 1764 2079 κυρίων
1782 2009 2002 2065 αὐτῶν.

337 2095 493 2164 Εἶδες
515 2101 771 2170 γυναικὸς
806 2099 1041 2161 σύνεσιν,
1066 2098 1184 2163 πῶς
1221 2099 1340 2151 οὑδέ
1380 2100 1652 2153 ἀντειπεῖν
1683 2098 1999 2170 ἐτόλμησεν,

333 2189 460 2243 οὑδέ
498 2188 699 2259 ἐδήχθη
733 2190 845 2251 τοῖς
875 2187 1077 2259 ἐτέρων
1120 2186 1383 2251 ἐπαίνοις,
1411 2187 1532 2239 οὑδέ
1560 2186 1909 2256 ἠγανάκτησε
1936 2189 2001 2258 τῇ

338 2276 533 2347 ὑϐρει;
564 2272 717 2339 Εἶδες
749 2275 1027 2339 εὑτονίαν;
1052 2273 1223 2339 Αὐτὸς
1248 2274 1593 2343 ἐλεγεν,οὑκ
1622 2273 1755 2328 ἐστι
1791 2276 2004 2327 καλόν·

338 2363 478 2436 αὕτη
510 2363 568 2417 δὲ
600 2363 777 2433 ἔλεγε,
826 2363 960 2428 Ναὶ,
989 2364 1168 2431 Κύριε
1200 2380 1214 2394 ·
1244 2362 1406 2426 αὑτὸς
1436 2362 1601 2415 τέκνα
1630 2361 1834 2426 ἐκάλει,
1869 2360 2005 2432 αὑτη

337 2451 396 2503 δέ
432 2451 656 2523 κυρίους
696 2467 711 2482 ·
754 2451 916 2514 αὑτὸς
963 2452 1221 2521 κυνάριον
1256 2450 1537 2521 ὠνόμασεν
1562 2489 1577 2514 ,
1627 2448 1766 2521 αὕτη
1820 2449 1878 2503 δέ
1912 2450 2010 2503 καὶ⁸

331 2539 401 2592 σὺ
427 2538 588 2611 ἔργον
630 2537 725 2593 τοῦ
767 2538 1029 2610 κυναρίου
1074 2539 1435 2610 προσέθηκεν.
1477 2534 1628 2603 Εἶδες
1676 2538 1880 2610 ταύτης
1909 2539 2009 2610 τὴν

338 2625 871 2698 ταπεινοφροσύνην;
931 2628 1195 2680 Ἀκουσον
1255 2627 1521 2680 Ἰουδαίων
1581 2627 2005 2698 μεγαληγορίαν.

339 2714 582 2786 Σπέρμα
634 2716 882 2786 Ἁϐραάμ
910 2716 1118 2787 ἐσμεν,
1159 2716 1258 2770 καί
1292 2716 1496 2771 οὐδενὶ
1529 2716 2038 2787 δεδουλεύκαμεν.

340 2804 610 2859 πώποτε·
662 2805 779 2868 καὶ,
811 2806 913 2859 Ἐκ
947 2803 1053 2859 τοῦ
1089 2803 1239 2858 θεοῦ
1278 2805 1700 2874 γεγεννήμεθα.
1735 2806 1876 2860 Ἀλλ’
1912 2807 2011 2878 οὑχ

339 2890 477 2963 αῦτη
497 2910 507 2920 ·
529 2891 665 2948 ἀλλά
687 2894 940 2964 κυνάριον
956 2892 1152 2964 ἐαυτὴν
1175 2892 1347 2959 καλεῖ,
1374 2894 1467 2946 καὶ
1494 2894 1719 2965 κυρίους
1749 2895 2007 2958 ἐκείνους·

337 2980 427 3034 διὰ
445 2980 508 3052 δὴ
534 2980 692 3035 τοῦτο
710 2982 901 3050 γέγονε
925 2981 1133 3034 τέκνον.
1166 2982 1230 3034 Τί
1254 2977 1345 3036 οὖν
1374 2983 1402 3034 ὁ
1422 2982 1687 3053 Χριστόςς
1717 2978 1785 3035 Ὦ
1812 2985 2008 3052 γύναι,

334 3068 564 3139 μεγάλη
600 3085 715 3124 σου
753 3071 791 3138 η
829 3070 1052 3135 πίστις.
1074 3068 1174 3122 Διά
1208 3070 1315 3139 γὰρ
1340 3069 1498 3123 τοῦτο
1535 3070 1893 3137 ἀνεϐάλλετο,
1924 3071 2013 3126 ἴνα

336 3157 494 3211 τοῦτο
522 3158 801 3230 ἀναϐοήσῃ
845 3158 907 3212 τὸ
954 3159 1125 3230 ῥῆμα,
1156 3159 1243 3212 ἵνα
1276 3159 1599 3234 στεφανώσῃ
1625 3160 1723 3230 τὴν
1753 3165 2009 3228 γυναῖκα.

338 3245 656 3314 Γενηθήτω
696 3261 796 3300 σοι
839 3247 920 3313 ὡς
947 3247 1161 3312 θέλεις.
1190 3246 1254 3301 Ὃ
1278 3247 1334 3301 δὲ
1368 3248 1547 3317 λέγεις¹
1571 3248 1810 3303 τοιοῦτόν
1839 3251 2009 3302 ἐστιν·

351 3334 416 3387 Ἦ
451 3335 549 3405 μέν
587 3334 767 3399 πίστις
792 3352 888 3389 σου
928 3336 1021 3389 καὶ
1050 3335 1270 3406 μείζονα
1289 3337 1492 3391 τούτων
1521 3337 1716 3391 ἀνύσαι
1744 3337 1969 3392 δύναται
1994 3355 2010 3370 ·

337 3420 477 3493 πλὴν
502 3421 787 3495 γενηθήτω
812 3440 894 3476 σοι
926 3423 1001 3487 ώς
1032 3423 1226 3487 θέλεις.
1260 3425 1408 3496 Α’ύτη
1444 3426 1712 3497 συγγενὴς
1738 3427 1920 3497 ἐκείνῃ
1944 3430 2011 3499 τῇ

337 3511 488 3581 φωνῇ
518 3513 583 3582 τῇ
613 3510 845 3582 λεγούσῃ
869 3528 880 3541 ·
913 3508 1232 3579 Γενηθήτω
1258 3514 1291 3563 ό
1315 3513 1593 3580 οὐρανὸς,
1626 3513 1723 3565 καὶ
1753 3514 2010 3581 ἐγένετο.

336 3597 446 3652 Καὶ
477 3598 610 3669 ἰάθη
643 3598 682 3665 ἡ
726 3598 988 3669 θυγάτηρ
1032 3600 1223 3669 αὐτῆς
1262 3600 1380 3653 ἀπὸ
1414 3598 1522 3667 τῆς
1553 3599 1708 3667 ὥρας
1753 3601 2010 3666 ἐκείνης.

336 3682 487 3751 Εἶδες
512 3688 629 3751 πῶς
650 3688 709 3741 οὑ
739 3687 934 3758 μικρὸν
950 3689 1043 3741 καὶ
1058 3687 1195 3759 αῦτη
1218 3690 1535 3759 εἰσήνεγκεν
1556 3690 1631 3751 εἰς
1650 3689 1747 3759 τὴν
1774 3688 2014 3759 ἰατρείαν

335 3779 431 3833 τοῦ
460 3780 778 3850 θυγατρίου;
805 3781 901 3832 Διά
921 3779 1078 3832 τοῦτο
1101 3780 1209 3851 γὰρ
1234 3780 1355 3833 οὑδέ
1382 3779 1533 3833 εἶπεν
1558 3782 1586 3834 ὁ
1616 3780 1868 3851 Χριστὸς,
1915 3780 2016 3834 Ἰα-

337 3867 487 3936 θὴτω
514 3885 606 3920 σου
649 3867 709 3921 τὸ
742 3867 1033 3938 θυγάτριον
1054 3883 1067 3896 ’
1099 3866 1254 3930 ἀλλά,
1292 3867 1534 3937 Μεγάλη
1564 3885 1681 3922 σου
1714 3869 1752 3937 η
1787 3869 2012 3934 πίστις,

338 3956 641 4025 γενηθήτω
668 3970 769 4010 σοι
806 3959 886 4021 ὡς
941 3955 1161 4023 θέλεις·
1214 3956 1301 4010 ἵνα
1338 3956 1536 4026 μάθῃς,
1565 3957 1648 4010 ὃτι
1697 3956 1795 4028 οὑχ
1829 3956 2015 4021 ἀπλῶς

337 4045 459 4097 ούδέ
487 4043 775 4107 κολακείας
811 4040 878 4116 ἦν
917 4044 986 4096 τὰ
1022 4044 1263 4114 ῥήματα,
1285 4044 1419 4099 ἀλλά
1454 4044 1623 4116 πολλὴ
1652 4046 1752 4117 τῆς
1779 4045 2015 4107 πίστεως

338 4134 373 4202 ή
402 4131 652 4198 δύναμις.
703 4132 813 4198 Τὴν
847 4131 978 4200 γοῦν
1026 4132 1229 4204 ἀκριϐῆ
1276 4132 1509 4200 βάσανον
1542 4134 1714 4203 αὑτῆς
1756 4135 1847 4188 καὶ
1875 4134 2012 4189 ἀπό-

342 4220 506 4285 δειξιν
530 4222 595 4291 τῇ
620 4219 725 4273 τῶν
748 4222 1089 4291 πραγμάτων
1115 4222 1415 4293 ἐπέτρεψεν
1435 4222 1680 4277 ἐκϐάσει.
1718 4221 1864 4295 Ἰάθη
1885 4223 2015 4293 γοῦν

341 4310 402 4363 τὸ
434 4309 725 4377 θυγάτριον
758 4310 930 4377 αὐτῆς
954 4309 1175 4372 εὐθέως.
1744 4300 1749 4305 ξ

411 4377 481 4448 γ’.
510 4383 580 4433 Σὺ
604 4377 658 4432 δέ
699 4398 788 4450 μοι
821 4380 1036 4443 σκόπει,
1071 4380 1185 4444 πῶς
1208 4378 1316 4432 τῶν
1341 4380 1653 4434 ἀποστόλων
1672 4380 2016 4453 ἡττηθέντων

340 4470 430 4520 καὶ
480 4469 581 4521 οὑκ
606 4468 940 4531 ἁνυσάντων,
993 4467 1131 4537 αῦτη
1170 4468 1355 4538 ῆνυσε.
1384 4468 1651 4522 Τοσοῦτόν
1687 4471 1802 4522 ἐστι
1850 4485 2017 4534 προσ-

338 4557 523 4627 εδρεία
547 4556 733 4627 εὐχῆς.
771 4556 882 4608 Καὶ¹
923 4557 1032 4625 γὰρ
1062 4555 1203 4626 ὑπὲρ
1242 4557 1343 4609 τῶν
1383 4557 1666 4628 ἡμετέρων
1700 4558 1831 4627 παρ’
1856 4560 1888 4627 ἡ
1900 4557 2016 4626 μῶν

342 4644 589 4715 βούλεται
641 4643 841 4715 μᾶλλον
890 4644 997 4699 τῶν
1053 4644 1368 4698 ὑπευθύνων
1414 4645 1698 4713 ἀξιοῦσθαι
1722 4685 1738 4712 ,
1790 4648 1823 4719 ἢ
1883 4646 2014 4717 παρ’

341 4732 543 4802 ἐτέρων
573 4732 716 4804 ὑπὲρ
765 4732 943 4802 ήμῶν.
996 4731 1191 4785 Καίτοι
1241 4733 1463 4803 μείζονα
1522 4735 1838 4806 παρρησίαν
1872 4731 2016 4805 εἶχον

340 4822 537 4874 ἐκεῖνοι
555 4837 571 4851 ’
598 4819 734 4875 ἀλλά
760 4820 962 4892 πολλὴν
986 4820 1282 4892 καρτερίαν
1312 4820 1621 4886 ἐπεδείξατο
1650 4822 1809 4893 αῦτη.
1842 4823 1940 4876 Διά
1960 4823 2017 4877 δὲ

338 4908 435 4962 τοῦ
467 4908 653 4972 τέλους
686 4910 781 4963 καὶ
827 4911 965 4981 πρὸς
1013 4909 1139 4974 τοὺς
1174 4908 1326 4983 [5551
1370 4910 1617 4981 μαθητὰς
1641 4911 2018 4982 ἀπελογήσατο

340 4995 440 5065 τῆς
488 4995 757 5068 ἀναϐολῆς
810 4998 992 5062 ἕνεκα,
1040 4998 1135 5052 καὶ
1184 4998 1404 5064 ἔδειξεν,
1451 5000 1531 5052 ὃτι
1569 4998 1790 5063 δικαίως
1837 5001 2017 5054 αὑτῶν

341 5084 689 5148 ἀξιωσάντων
722 5087 822 5139 οὑκ
855 5086 1133 5141 ἐπένευσε.
1168 5087 1279 5143 Καὶ
1295 5087 1555 5156 μεταϐὰς
1578 5088 1807 5143 ἐκεῖθεν
1836 5092 1868 5141 ὁ
1911 5090 2019 5155 Ἰη-

341 5173 513 5239 σοῦς,
546 5169 696 5244 ἦλθε
721 5176 880 5242 παρὰ
906 5174 1022 5244 τὴν
1045 5174 1367 5231 θάλασσαν
1384 5175 1490 5245 τῆς
1522 5179 1853 5243 Γαλιλαίας
1870 5194 1883 5208 ·
1916 5178 2019 5231 καί

341 5261 566 5325 ἀναϐὰς
608 5262 696 5325 είς
720 5259 784 5313 τὸ
828 5261 983 5330 ὄρος,
1026 5261 1284 5331 ἐκάθητο
1310 5262 1452 5317 ἐκεῖ.
1501 5265 1612 5317 Καὶ
1664 5263 2019 5334 προσῆλθον

343 5346 501 5413 αὐτῷ
551 5349 721 5418 ὄχλοι
770 5350 989 5403 πολλοὶ
1041 5350 1287 5419 ἔχοντες
1320 5351 1449 5420 μεθ’
1479 5350 1708 5405 ἑαυτῶν
1758 5353 2012 5420 χωλοὺς,

343 5432 628 5501 τυφλοὺς,
682 5432 973 5499 κυλλοὺς,
1021 5436 1293 5503 κωφούς·
1340 5435 1441 5490 καὶ
1492 5436 1750 5505 ἔρριψαν
1791 5438 2016 5505 αὐτοὺς

344 5521 501 5589 παρὰ
552 5523 693 5588 τοὺς
718 5521 909 5590 πόδας
935 5524 1151 5577 αὐτοῦ·
1210 5525 1307 5579 καὶ
1334 5524 1739 5594 ἐθεράπευσεν
1772 5527 2012 5593 αὐτοὺς,

343 5608 497 5663 ὥστε
528 5611 670 5678 τοὺς
694 5610 919 5681 ὄχλους
938 5611 1057 5651 ³⁹-⁸¹⁵
1077 5614 1759 5682 θαυμάσαι,βλέποντας
1781 5617 2020 5685 κωφοὺς

1129 399 1187 459 S.
1224 399 1509 457 JOANNIS
1545 398 2037 457 CIIRYSOSTOMI
2075 397 2401 455 ARCHIEP.
2441 390 2996 453 CONSTANTINOP.

3688 378 3794 439 532

2109 509 2475 574 λαλοῦντας,
2496 505 2765 572 κυλλοὺς
2788 504 2997 573 ὑγιεῖς,
3032 493 3267 571 χωλοὺς
3291 502 3793 568 περιπατοῦντας,

2109 597 2207 650 καὶ
2252 595 2524 665 τυφλοὺς
2570 593 2953 659 βλέποντας·
2997 589 3097 643 καὶ
3144 587 3429 651 ἐδόξαζον
3479 590 3587 642 τὸν
3644 589 3795 642 Θεὸν

2122 683 2393 752 Ἰσραήλ.
2420 681 2559 738 Ποτέ
2588 680 2688 752 μὲν
2714 679 2878 743 αὑτὸς
2899 677 3163 749 περίεισι,
3187 676 3317 730 ποτέ
3341 676 3398 730 δὲ
3432 678 3666 746 κάθηται
3693 695 3795 729 πεί-

2110 771 2345 845 ριμένων
2375 770 2501 832 τοὺς
2524 768 2857 839 κάμνοντας,
2886 766 2979 819 καὶ
3000 764 3206 836 χωλοὺς
3229 765 3310 827 είς
3333 765 3393 817 τὸ
3415 764 3541 834 ὅρος
3574 765 3787 833 ἀνάγει.

2107 861 2216 915 Καὶ
2248 859 2433 916 οὐκέτι
2472 859 2733 914 ἅπτονται
2766 856 2888 910 οὑδέ
2919 855 3016 909 τοῦ
3073 855 3291 926 ἱματίου
3335 854 3523 918 αὑτοῦ,
3552 855 3667 909 ἀλλ’
3701 855 3795 908 ἐπὶ

2106 949 2168 1003 τὸ
2204 949 2535 1020 ὑψηλότερον
2566 945 2940 1011 ἀναϐαίνουσι,
2971 946 3287 1016 ῥιπτόμενοι
3316 943 3452 1014 πρὸς
3473 944 3600 1005 τοὺς
3626 944 3795 1008 πόδας

2106 1034 2306 1089 αὐτοῦ’·
2341 1036 2434 1089 καὶ
2461 1034 2655 1105 διπλῆν
2682 1033 2781 1104 τὴν
2812 1033 2995 1085 πίστιν
3022 1032 3121 1103 τὴν
3156 1029 3367 1084 ἑαυτῶν
3390 1030 3795 1094 ἐπεδείκνυντο,

2107 1122 2203 1175 καὶ
2222 1121 2300 1192 τῷ
2335 1121 2661 1193 χωλεύοντες
2686 1121 2767 1183 εἰς
2795 1119 2856 1172 τὸ
2881 1119 3005 1189 ὅρος
3031 1117 3366 1181 ἀναϐαίνειν,
3403 1108 3499 1169 καὶ
3517 1116 3595 1186 τῷ
3632 1117 3795 1186 μηδεδ

2105 1211 2196 1275 νὸς
2224 1210 2440 1264 δέεσθαι
2494 1209 2705 1279 ἐτέρου,
2758 1207 2894 1261 ἀλλά
2921 1206 3017 1260 τοῦ
3044 1207 3271 1277 ῥιφῆναι
3303 1204 3443 1276 πρὸς
3472 1208 3597 1268 τοὺς
3627 1206 3796 1269 πόδας

2110 1294 2292 1366 μόνον.
2326 1295 2437 1349 Καὶ
2463 1290 2532 1365 ἦν
2561 1293 2696 1347 πολὺ
2727 1292 2787 1345 τὸ
2818 1291 3006 1362 θαῦμα
3055 1290 3151 1344 καὶ
3186 1289 3508 1361 παράδοξον,
3534 1291 3662 1353 τοὺς
3696 1307 3795 1358 φε-

2112 1381 2372 1454 ρομένους
2406 1380 2843 1454 περιπατοῦντας
2876 1379 3026 1445 ἰδεῖν,
3052 1378 3181 1441 τοὺς
3207 1378 3419 1449 πηροὺς
3444 1378 3504 1430 οὑ
3536 1377 3724 1447 χρείαν
3747 1377 3797 1409 ’⁵⁵

2106 1469 2331 1541 ἔχοντας
2358 1468 2867 1541 χειραγωγούντων.
2892 1468 3003 1521 Καὶ
3033 1467 3143 1535 γὰρ
3169 1466 3231 1519 τὸ
3265 1466 3467 1536 πλῆθος
3494 1465 3602 1517 τῶν
3631 1466 3796 1538 θερα-

2107 1557 2425 1629 πευομένων
2458 1557 2552 1610 κα)⁸
2580 1555 2641 1609 τὸ
2669 1554 2893 1609 εὗκολον
2919 1555 3018 1625 τῆς
3052 1553 3297 1625 ἰατρείας
3316 1552 3511 1616 αὑτοὺς
3534 1551 3797 1622 ἐξέπλητ-

2105 1663 2219 1701 τεν.
2256 1641 2409 1708 Εἶδες
2434 1643 2552 1707 πῶς
2579 1644 2676 1715 τὴν
2702 1644 2803 1714 μὲν
2831 1645 3067 1711 γυναῖκα
3102 1641 3241 1712 μετά
3294 1640 3562 1710 τοσαύτης
3595 1640 3798 1712 μελλήδ

2112 1750 2249 1798 σεως
2268 1731 2626 1803 ἐθεράπευσε,
2648 1730 2871 1794 τούτους
2895 1730 2952 1784 δὲ
2969 1730 3169 1792 εὐθέως
3186 1747 3201 1795 ;
3221 1730 3322 1782 οὑκ
3348 1728 3535 1799 ἐπειδὴ
3555 1729 3798 1798 βελτίους

2112 1821 2327 1892 ἐκείνης
2353 1816 2519 1883 οὑτοι,
2547 1819 2661 1873 ἀλλ’
2695 1818 2884 1889 ἐπειδὴ
2913 1817 3210 1889 πιστοτέρα
3238 1816 3421 1887 ἐκείνη
3454 1816 3681 1870 τούτων.
3699 1818 3798 1870 Διά

2110 1909 2270 1963 τοῦτο
2285 1910 2371 1962 ἐπ’
2393 1908 2606 1980 ἐκείνης
2634 1907 2735 1978 μὲν
2750 1907 3112 1961 ἀναϐάλλεται
3136 1905 3228 1959 καὶ
3260 1905 3466 1975 μέλλει,
3490 1905 3552 1958 τὸ
3582 1904 3799 1958 εὔτονον

2112 1996 2287 2066 αὑτῆς
2325 1995 2765 2065 ἐνδεικνύμενος·
2827 1992 3039 2056 τούτοις
3075 1992 3133 2047 δὲ
3178 1992 3382 2057 εὐθέως
3435 1991 3669 2063 παρέχει
3698 1990 3800 2062 τὴν

2112 2083 2683 2156 δωρεάν,ἐμφράττων
2702 2081 2809 2135 τῶν
2838 2083 3087 2136 ἀπίστων
3121 2079 3391 2135 Ἰουδαίων
3423 2080 3493 2134 τά
3529 2079 3798 2150 στόματα,

2115 2172 2208 2227 καὶ
2226 2173 2409 2226 πᾶσαν
2442 2170 2622 2225 αὑτῶν
2651 2170 2934 2223 ἐκκόπτων
2968 2166 3289 2237 ἀπολογίαν.
3316 2168 3468 2239 Ὅσῳ
3486 2166 3596 2240 γὰρ
3625 2167 3690 2220 ἀν
3715 2184 3798 2230 τις

2117 2260 2341 2331 μείζονα
2356 2259 2442 2313 εὑε
2452 2258 2730 2331 ργετῆται,
2744 2257 2986 2328 τοσούτῳ
3005 2256 3203 2328 μᾶλλόν
3220 2258 3370 2310 ἐστιν
3393 2254 3693 2319 ὑπεύθυνος
3709 2272 3797 2308 x0-

2113 2347 2266 2404 λάσει
2282 2346 2637 2417 ἀγνωμονῶν,
2651 2347 2746 2400 καὶ
2760 2345 2896 2416 μηδὲ
2908 2348 2973 2417 τῇ
2988 2348 3120 2417 τιμῇ
3138 2346 3427 2416 γενόμενος
3440 2343 3684 2414 βελτίων.
3699 2341 3799 2395 Διά

2112 2436 2177 2507 δὴ
2196 2436 2354 2491 τοῦτο
2372 2436 2465 2489 καὶ
2495 2436 2545 2489 οἱ
2577 2433 2934 2496 πλουτοῦντες
2967 2433 3075 2488 τῶν
3100 2432 3615 2505 πενομένωνμᾶλλον
3637 2430 3783 2485 κολά-

2114 2524 2299 2590 ζονται
2315 2525 2477 2578 κακοὶ
2492 2525 2665 2587 ὄντες,
2684 2524 2765 2576 ὅτι
2790 2523 2927 2593 μηδὲ
2950 2524 3006 2575 ἐν
3028 2522 3252 2594 εὑθηνίᾳ
3264 2523 3550 2591 γεγόνασιν
3576 2522 3796 2591 ἥμεροι.

2185 2614 2278 2687 Μὴ
2312 2614 2422 2687 γάρ
2464 2632 2555 2687 μοι
2606 2613 2752 2682 λέγε,
2786 2614 2869 2666 ὃτι
2922 2613 3132 2667 ἔδωκαν
3163 2611 3555 2684 ἐλεημοσύνην.
3600 2612 3664 2665 Εἰ
3689 2611 3798 2682 γάρ

2119 2703 2196 2776 μὴ
2218 2706 2338 2759 κατ’
2362 2704 2521 2770 ἀξίαν
2551 2702 2762 2756 ἔδωκαν
2792 2704 2894 2775 τῆς
2923 2702 3132 2769 οὑσίας,
3167 2702 3276 2755 οὐδ’
3313 2700 3458 2755 οὑτω
3485 2700 3796 2772 διαφεύξον-

2114 2809 2226 2847 ται.
2285 2791 2359 2844 Οὑ
2393 2791 2502 2861 γὰρ
2542 2789 2620 2861 τῷ
2672 2790 2858 2861 μέτρῳ
2890 2790 3000 2841 τῶν
3047 2788 3404 2860 διδομένωνή
3457 2788 3797 2859 ἐλεημοσύνη

2117 2877 2399 2946 κρίνεται,
2450 2877 2586 2932 ἀλλά
2617 2880 2685 2949 τῇ
2726 2877 2977 2948 δαψιλείᾳ
3024 2877 3122 2947 τῆς
3171 2875 3417 2948 γνώμης.
3468 2876 3532 2929 Et
3563 2876 3617 2928 δὲ
3649 2867 3798 2928 οὑτοι

2116 2965 2272 3038 δίκην
2293 2965 2515 3031 διδόασι,
2548 2966 2727 3037 πολλῷ
2767 2966 2966 3037 μᾶλλον
2988 2965 3038 3017 οἱ
3067 2964 3198 3035 περὶ
3236 2964 3304 3017 τὰ
3337 2964 3568 3034 περιττά
3604 2965 3797 3033 ἐπτοη-

2121 3053 2275 3125 μένοι
2312 3054 2377 3116 ‘7,
2407 3055 2457 3107 οἱ
2506 3053 2787 3126 τριώροφα
2834 3054 2925 3107 καὶ
2956 3052 3316 3125 τετραώροφα
3369 3052 3797 3122 οἰκοδομοῦντες,

2117 3142 2227 3195 τῶν
2253 3143 2311 3196 δὲ
2347 3142 2656 3197 πεινώντων
2690 3141 3180 3213 καταφρονοῦντες,
3209 3141 3259 3193 οί
3299 3140 3663 3212 φιλαργυρίας
3698 3138 3799 3209 μὲν

2118 3228 2558 3301 ἐπιμελούμενοι,
2588 3229 2958 3300 ἐλεημοσύνης
2988 3229 3045 3282 δέ
3071 3226 3421 3300 ἀμελοῦντες.
3470 3228 3610 3281 Ἀλλ’
3644 3230 3797 3280 ἐπει-

2119 3316 2184 3389 δὴ
2215 3317 2260 3349 ⁸⁸
2281 3317 2410 3390 περὶ
2442 3317 2563 3386 ἐλεη
2573 3318 2810 3389 μοσύνης
2832 3316 2988 3386 λόγος
3012 3316 3257 3382 ἐνέπεσε,
3281 3316 3413 3385 φέρε
3434 3316 3499 3387 δὴ
3528 3316 3619 3369 τὸν
3641 3314 3799 3384 λόγον

2120 3408 2345 3472 ἐκεῖνον,
2378 3407 2437 3459 ὃν
2469 3406 2576 3478 πρὸ
2590 3407 2805 3478 τριῶνή
2816 3408 2997 3479 μερῶν
3022 3408 3151 3477 περὶ
3182 3405 3594 3478 φιλανθρωπίας
3620 3405 3798 3458 ποιού-

2124 3511 2284 3565 μενος
2336 3494 2621 3549 ἀτέλεστον
2657 3496 2837 3558 εἴασα,
2865 3495 3221 3565 ἀναλάϐωμεν
3257 3496 3516 3565 σήμερον.
3566 3494 3797 3562 Μέμνη-

2122 3582 2238 3650 σθε,
2261 3584 2349 3636 ὅτε
2381 3580 2571 3653 πρώην
2622 3584 2749 3653 περὶ
2782 3583 3149 3653 ὑποδημάτων
3196 3587 3517 3653 περιεργίας
3570 3580 3799 3648 διελεγό·

2124 3688 2252 3741 μην,
2290 3671 2382 3724 καὶ
2410 3674 2507 3742 τῆς
2545 3672 2936 3742 ματαιοπονίας
2964 3672 3198 3740 ἐκείνης,
3249 3671 3344 3723 καὶ
3396 3670 3491 3741 τῆς
3525 3668 3634 3722 τῶν
3662 3670 3799 3723 νέων

2123 3759 2399 3829 βλακείας,
2423 3762 2542 3813 τότε
2575 3760 2683 3814 ἀπὸ
2705 3759 3241 3831 ἐλεημοσύνηφήμῖν
3267 3761 3347 3822 είς
3373 3761 3556 3812 ἐκεῖνα
3593 3760 3622 3811 ὁ
3643 3757 3799 3825 λόγος

2120 3849 2346 3914 ἐξέπεσε
2372 3849 2440 3903 τὰ
2472 3851 2813 3922 ἐγκλήματα.
2845 3851 2978 3904 Τίνα
3007 3847 3103 3904 οὖν
3131 3847 3198 3922 ἦν
3223 3850 3293 3902 τά
3318 3851 3438 3903 τότε
3467 3849 3797 3920 κινούμενα;

2122 3938 2246 3992 Ὅτι
2278 3940 2443 4011 τέχνη
2471 3941 2556 4004 τίς
2585 3941 2733 3994 ἐστιν
2761 3942 2791 4011 ή
2816 3939 3180 4011 ἐλεημοσύνη,
3211 3941 3270 3992 ἐν
3302 3940 3518 4011 οὑρανῴ
3547 3940 3610 3993 τὸ
3641 3942 3800 4012 ἐργαο

2125 4028 2345 4098 στήριον
2389 4026 2610 4099 ἔχουσα,
2660 4029 2755 4082 καὶ
2812 4028 3133 4082 διδάσκαλον
3164 4029 3265 4081 οὑκ
3315 4027 3623 4099 ἄνθρωπον,
3664 4027 3799 4082 ἀλλά

2121 4115 2273 4171 Θεόν.
2321 4112 2455 4170 Εἶτα
2511 4115 2822 4187 ζητοῦντες,
2870 4117 2922 4169 τί
2965 4118 3149 4187 τέχνη,
3204 4118 3298 4170 καὶ
3330 4116 3382 4169 τί
3412 4116 3472 4169 οὑ
3500 4116 3687 4187 τέχνη,
3721 4118 3797 4180 εἰς

2125 4204 2520 4276 ματαιοπονίας
2550 4206 2644 4258 καὶ
2676 4206 3038 4275 κακοτεχνίας
3072 4204 3219 4277 [554]
3245 4205 3596 4275 ἐνεπέσομεν,
3629 4207 3687 4257 ἐν
3710 4199 3797 4268 αἷς

2122 4292 2216 4346 καὶ
2246 4295 2344 4363 τῆς
2366 4292 2562 4364 τέχνης
2600 4293 2803 4363 ταύτης
2830 4292 3317 4364 ἐμνημονεύσαμεν
3338 4295 3438 4363 τῆς
3470 4293 3581 4346 τῶν
3600 4292 3797 4362 ὑποδη-

2124 4380 2330 4450 μάτων.
2357 4378 2505 4453 *Αρα
2530 4382 2900 4452 ἀνεπολήσατε
2933 4382 2978 4413 ³⁸
3000 4400 3015 4449 ;
3052 4382 3189 4452 Φέρε
3214 4376 3308 4435 οὖν
3335 4381 3430 4435 καὶ
3462 4383 3703 4452 τήμερον
3731 4382 3797 4434 τά

2120 4468 2243 4522 τότε
2296 4470 2561 4541 εἰρημένα
2608 4468 2991 4541 ἀναλάϐωμεν,
3037 4470 3131 4523 καὶ⁵
3165 4469 3430 4541 δείξωμεν
3483 4468 3603 4533 πῶς
3635 4470 3797 4541 τέχνη

2123 4558 2217 4610 καὶ
2241 4558 2482 4629 ἀμείνων
2505 4557 2693 4611 πασῶν
2718 4556 2922 4628 τεχνῶν
2950 4559 2983 4628 ή
3006 4556 3364 4628 ἐλεημοσύνη.
3392 4558 3456 4611 Εἰ
3479 4558 3587 4628 γὰρ
3606 4558 3798 4629 τέχνης

2126 4644 2251 4698 ίδ;ον
2271 4645 2332 4699 τὸ
2358 4646 2491 4717 πρός
2507 4664 2559 4699 τι
2588 4647 2856 4717 χρήσιμον
2885 4646 3160 4716 τελευτᾷν,
3183 4644 3553 4716 ἐλεημοσύνης
3576 4646 3631 4700 δέ
3652 4648 3798 4701 οὐδὲν

2120 4734 2557 4805 χρησιμώτερον,
2578 4733 2798 4806 εὔδηλον
2826 4734 2908 4787 ὅτι
2935 4736 3028 4787 καὶ
3052 4735 3214 4805 τέχνη
3234 4734 3330 4787 καὶ
3348 4734 3554 4804 τεχνῶν
3571 4736 3799 4789 ἀπασῶν

2121 4821 2264 4892 αὕτη
2300 4824 2560 4893 ἀμείνων.
2585 4823 2662 4878 Οὐ
2694 4821 2801 4893 γάρ
2828 4823 3155 4893 ὑποδήματα
3177 4823 3306 4893 ἡμῖν
3346 4823 3801 4894 ἐργάζεται,οὑδέ

2123 4909 2139 4959 ί
2147 4906 2318 4976 μάτια
2352 4906 2589 4974 ὑφαίνει,
2611 4906 2731 4959 οὑδέ
2759 4906 2936 4970 οίκίας
2963 4908 3236 4979 οἰκοδομεῖ
3258 4907 3356 4969 τὰς
3376 4907 3606 4979 πηλίνας
3629 4922 3641 4935 ·
3665 4905 3801 4961 ἀλλά

2121 4992 2271 5066 ζωὴν
2324 4994 2543 5047 αἰώνιον
2590 4991 2862 5065 προξενεῖ,
2921 4995 3019 5049 καὶ
3064 4995 3173 5050 τῶν
3200 4995 3296 5049 τοῦ
3336 4996 3568 5049 θανάτου
3599 4994 3801 5067 χειρῶν

2122 5079 2442 5150 ἐξαρπάζει,
2470 5081 2565 5134 καὶ
2598 5084 2656 5136 ἐν
2686 5082 2926 5154 ἑκατέρᾳ
2942 5085 3011 5154 τῇ
3037 5082 3150 5154 ζωῇ
3172 5083 3458 5156 λαμπροὺς
3486 5082 3799 5151 ἀποφαίνει,

2126 5171 2220 5223 καὶ
2245 5170 2518 5240 οἰκοδομεῖ
2549 5170 2649 5233 τὰς
2680 5170 2847 5239 μονὰς
2878 5170 2977 5234 τὰς
3006 5173 3064 5224 ἐν
3098 5173 3371 5243 οὑρανοίς.
3408 5171 3502 5225 καί
3529 5169 3631 5233 τὰς
3665 5188 3802 5240 σκη-

2125 5257 2222 5321 νάς
2245 5258 2458 5321 ὲκείνας
2487 5258 2585 5322 τὰς
2612 5260 2886 5322 αἰωνίους.
2913 5258 3060 5329 Αὑτη
3082 5259 3179 5322 τὰς
3204 5259 3493 5330 λαμπάδας
3517 5257 3674 5329 ἡμῶν
3697 5259 3802 5312 οὑκ

2125 5348 2320 5418 ἀφίησι
2345 5348 2660 5418 σϐεσθῆναι,
2692 5347 2814 5401 οὑδὲ
2847 5347 3070 5419 ῥυπαρά
3100 5347 3320 5419 ἔχοντας
3345 5347 3535 5417 ἱμάτια
3565 5347 3800 5417 φανῆναι

2126 5439 2184 5490 ἐν
2214 5435 2291 5508 τῷ
2322 5436 2507 5507 γάμῳ,
2528 5436 2665 5490 ἀλλά
2685 5435 2897 5500 πλύνει,
2916 5436 3011 5490 καὶ
3045 5435 3221 5505 χίονος
3246 5433 3606 5506 καθαρώτερα
3640 5436 3801 5505 ἐργά-

2126 5524 2297 5590 ζεται.
2339 5526 2483 5581 Ἐὰν
2501 5526 2609 5595 γάρ
2625 5520 2779 5580 ὦσιν
2796 5526 2853 5578 αί
2882 5524 3160 5594 ἁμαρτίαι
3172 5521 3340 5592 ὑμῶν
3360 5523 3440 5589 ὡς
3463 5521 3798 5591 φοινικοῦν,

2125 5614 2208 5681 ὠς
2237 5614 2411 5684 χιόνα
2431 5613 2728 5669 λευκανῶ.
2778 5614 2890 5667 οὑκ
2933 5613 3157 5683 ἀφίησιν
3186 5612 3332 5683 ἡμᾶς
3378 5612 3637 5682 ἐμπεσεῖν
3668 5610 3798 5663 ἔνθα

409 5699 463 5774 ³⁷-
486 5698 624 5770 πῶς]
655 5699 906 5774 ὅτιϐηΗ.
981 5701 1027 5732 ³⁸
1044 5701 1189 5774 μετά
1215 5703 1314 5771 τῆς
1334 5705 1834 5774 ταπεινοφροσύνης
1859 5707 1961 5774 ὅρα
1983 5725 2010 5760 κ

2118 5704 2204 5774 τὴν
2235 5704 2416 5757 πίστιν
2434 5702 2496 5758 G.
2538 5712 2592 5757 et
2615 5703 2692 5757 sic
2715 5703 2977 5758 edebatur
2999 5708 3126 5756 ante
3145 5699 3376 5774 Montef.
3400 5700 3493 5770 qui
3526 5700 3796 5774 εῇῃςετςιιιι

344 5761 639 5847 lectiqneqi
663 5786 694 5847 ε
728 5772 887 5826 codd.
923 5761 1180 5847 regti'puil.
1246 5761 1379 5847 _“"‘
1412 5774 1502 5847 τόν
1531 5761 1685 5844 ὄχλον
1733 5775 1774 5828 ll
1794 5761 1904 5830 HK:
1933 5779 1991 5831 ιιι
2019 5794 2135 5847 sqq.
2160 5761 2475 5847 'maglyaiesl
2508 5775 2765 5847 νέτὶειεε,
2796 5788 2961 5842 quam
2994 5772 3276 5847 ex_a_(_ix_lqt.
3308 5761 3480 5847 pcta-0.
3516 5840 3526 5847 _
3557 5770 3602 5801 “
3626 5769 3799 5847 Vung

343 5840 553 5910 πηροὺς
579 5840 893 5915 βλέποντας
919 5843 1013 5895 καὶ
1042 5845 1103 5896 οὑ
1137 5842 1395 5915 χρείαν...
1430 5840 1607 5900 Verbi!
1640 5847 1937 5915 βλέπεμντας
1967 5868 2010 5902 κε

2118 5840 2290 5901 ὠθεεέ
2314 5845 2510 5911 jubem
2537 5844 2602 5900 Κ.
2636 5844 2695 5897 ι..
2716 5845 2786 5899 Μ.
2807 5840 2955 5896 Ᾱηη.
2991 5843 3077 5915 Af"
3095 5840 3541 5915 _Edebaturoi_1&
3567 5843 3797 5908 περιττὰ

343 5913 694 5988 κεκτημένοι.
721 5929 739 5962 ι
778 5911 930 5988 Un_us
958 5915 1007 5966 οἱ
1033 5911 1263 5988 περΐτά
1288 5915 1521 5986 περιττὰ
1548 5911 1895 5986 ἐπτοημένοι,
1924 5936 2010 5973 ηοι

2120 5918 2220 5971 ale.
2257 5934 2292 5988 )_
2318 5916 2522 5988 Μοηιςί.
2550 5917 2598 5969 Is
2624 5916 2792 5988 codex
2823 5924 2906 5969 est
2933 5912 3064 5988 mihi
3090 5911 3151 5967 L.
3179 5927 3412 5988 qugcum
3439 5912 3641 5988 diserte
3660 5926 3797 5988 con}-

344 5980 512 6057 ειίιιιὶι
537 5981 813 6057 lngerpres
842 5983 992 6039 Arm.
1030 5980 1167 6055 Ergo
1193 5980 1420 6057 in_texiu
1443 6003 1643 6041 novare
1670 5980 1780 6043 mm
1807 5992 2010 6045 dubilm

2148 5987 2192 6019 ⁸⁸
2213 5980 2498 6057 ΗΘΙΚΟΝ.
2528 5986 2670 6057 Περὶί
2702 5985 3092 6057 ἐλεημοσύνης,
3133 5980 3225 6057 καὶ
3255 5984 3335 6057 ὅτι
3356 5981 3573 6057 μείζων
3606 5980 3797 6057 πασςρν

350 6051 454 6102 τῶν
475 6051 827 6122 τεχνῶνέστι,
866 6056 959 6109 καὶ
997 6051 1127 6111 άνεύ
1147 6054 1317 6124 αὑτῆς
1340 6058 1516 6112 πάντα
1547 6060 1752 6129 οἴχεται
1788 6062 1879 6115 καὶ
1916 6059 2188 6125 ἀπόλωλε,
2220 6057 2317 6127 τῆς
2347 6056 2593 6129 καθαρᾶς
2608 6051 2759 6125 ’λέγω
2784 6051 3110 6122 πλεονεξίας.
3142 6053 3205 6109 G.
3258 6055 3312 6127 _"
3345 6052 3695 6107 ἀνεποδίσατε
3722 6051 3790 6107 ll.
