4108 6376
395 392 491 448 8ἳῖ

394 524 447 569 ιιι
470 516 625 567 intres
654 511 744 566 sub
774 517 954 564 tectum
994 524 1195 572 meum;
1232 507 1479 578 quodque
1522 507 1573 560 in
1615 506 1813 560 llusttm
1856 521 1982 557 sau-

391 608 568 678 guinis
590 606 824 675 patiente
846 603 998 664 fecit,
1023 601 1135 673 Ego
1154 642 1168 667 ,
1199 600 1396 668 inquit.
1425 600 1540 653 novi
1566 598 1794 652 virtutem
1820 612 1883 649 ea:
1910 612 1987 650 me

392 716 644 770 egressam
672 696 834 768 (Luc.
866 696 916 751 8.
950 696 1078 765 46),
1119 702 1180 748 ut
1207 694 1350 748 illius
1381 692 1538 747 ﬁdem
1569 691 1898 751 declararet;
1931 699 1983 743 et

392 790 533 860 quod
563 791 613 843 iu
642 789 972 845 Samaritana
994 830 1008 853 ,
1043 796 1100 841 ιιι
1136 785 1445 840 ostenderet
1471 794 1588 839 eam
1609 824 1625 848 ,
1667 798 1734 837 ue
1771 782 1985 851 quidem

393 884 715 937 Confutatam
743 879 1001 935 absistere
1021 878 1216 950 (Joan.
1248 879 1318 948 ι)
1345 896 1357 932 :
1381 877 1459 932 sic
1483 886 1537 932 et
1561 876 1661 931 hoc
1688 876 1807 931 loco
1837 875 1983 931 facit.

392 974 508 1030 Non
539 974 681 1029 enim
711 981 911 1027 tantam
936 973 1147 1026 volebat
1172 970 1410 1024 mulieris
1429 970 1678 1023 virtutem
1706 968 1892 1026 latere.
1915 968 1985 1023 At

393 1068 535 1121 enim
570 1081 675 1121 non
704 1064 1077 1135 exprobrantis
1104 1072 1259 1119 erant
1282 1078 1346 1117 ea
1370 1077 1490 1133 quae
1516 1061 1746 1128 dicebat,
1773 1061 1863 1116 sed
1890 1060 1987 1117 ad-

394 1158 662 1224 vocantis,
704 1166 759 1213 et
786 1156 1053 1212 occultum
1086 1156 1395 1211 thesaurum
1422 1154 1733 1210 revelantis.

465 1248 768 1305 Chananane
795 1246 921 1316 fides
956 1256 1003 1301 et
1039 1245 1498 1301 humilitas.——Tu
1530 1260 1659 1301 vero
1705 1244 1833 1300 mihi
1876 1260 1980 1300 una

391 1357 517 1401 cum
548 1340 652 1396 ﬁde
676 1339 1026 1394 humilitatem
1053 1353 1266 1409 quoque
1288 1338 1527 1393 mulieris
1548 1337 1841 1408 perpende.
1866 1336 1983 1407 Ipse

394 1446 623 1503 namque
653 1431 790 1485 ﬁlios
819 1430 1029 1485 vocavit
1062 1430 1309 1495 Judtnos;
1342 1428 1456 1484 luuc
1480 1444 1607 1484 vero
1633 1428 1683 1483 id
1709 1442 1813 1483 non
1850 1430 1983 1484 satis

396 1524 633 1590 habens,
669 1522 917 1577 dominos
955 1521 1240 1592 appellavit
1283 1538 1294 1573 :
1333 1528 1539 1575 tantum
1579 1519 1778 1585 abfuit,
1820 1530 1880 1574 ut
1916 1520 1983 1575 de

392 1615 565 1672 aliena
589 1612 745 1669 laude
769 1612 975 1669 doleret
997 1630 1011 1669 :
1037 1612 1127 1669 27.
1157 1612 1357 1667 Etenim
1377 1612 1545 1666 catelli
1562 1653 1575 1676 ,
1600 1612 1805 1682 inquit,
1830 1611 1982 1666 edunt

393 1708 457 1768 de
496 1708 639 1764 micis
683 1722 797 1777 qua
835 1708 1023 1761 cadunt
1070 1708 1133 1760 de
1174 1722 1345 1760 mensa
1383 1705 1705 1760 dominorum
1752 1722 1980 1760 suorum.

397 1801 585 1858 \‘idcu’
614 1800 950 1873 prudentiam
979 1799 1256 1857 mulieris?
1284 1798 1555 1871 quomodo
1584 1812 1683 1853 nec
1706 1797 1980 1854 contradi-

393 1908 517 1947 cere
543 1892 771 1959 audeat,
799 1906 900 1946 nec
920 1891 1147 1946 aliorum
1180 1889 1321 1945 laudi
1352 1890 1619 1956 invideat,
1661 1905 1761 1945 nec
1783 1900 1975 1945 contu-

395 1982 607 2040 meliam
639 1997 781 2054 {egre
804 1982 977 2038 ferat?
1002 1981 1175 2036 videu’
1203 1980 1690 2051 perseverantiam?
1720 1980 1813 2035 Ille
1831 1980 1987 2045 dicit,

395 2072 517 2127 Non
545 2082 616 2127 est
645 2072 865 2137 bonum;
900 2073 990 2128 illa
1012 2073 1321 2142 respondet,
1352 2071 1541 2139 Etiam,
1570 2072 1787 2126 Domine
1814 2087 1833 2127 :
1870 2072 1983 2143 ipse

394 2164 532 2221 ﬁlios
564 2175 749 2230 vocat;
782 2165 899 2220 haec
922 2163 1169 2220 dominos
1198 2182 1213 2220 :
1241 2165 1353 2234 ipse
1379 2178 1567 2220 canem
1595 2164 1863 2234 appellat;
1893 2165 1981 2220 illa

392 2272 583 2313 canum
631 2274 837 2315 morem
890 2258 1112 2313 addidit.
1167 2259 1352 2313 Vidisti
1399 2259 1541 2314 illius
1588 2259 1983 2316 humilitatem?

393 2350 530 2407 Audi
566 2351 873 2408 Iudaeorum
906 2352 1240 2423 iactantiam.
1282 2352 1469 2408 Semen
1512 2351 1730 2408 Abrahae
1769 2370 1980 2420 sumus,

394 2447 660 2517 inquiunt,
702 2456 747 2500 et
786 2448 916 2502 nulli
954 2463 1195 2519 umquam
1223 2447 1549 2514 seruiuimus,
1585 2456 1737 2517 atque
1772 2464 1835 2502 ea:
1874 2446 1984 2502 Deo

395 2544 497 2595 uati
518 2560 691 2597 sumus
713 2541 890 2615 (Joan.
914 2542 969 2599 8.
990 2543 1107 2615 35).
1129 2542 1237 2598 Sed
1265 2558 1371 2596 non
1394 2542 1465 2596 ita
1490 2542 1715 2608 mulier;
1737 2542 1983 2597 catellum

396 2651 453 2689 se
483 2645 669 2701 vocat,
703 2636 929 2705 illosque
967 2635 1214 2690 dominos
1238 2654 1253 2691 :
1280 2636 1507 2705 ideoque
1535 2633 1640 2689 ﬁlia
1667 2634 1851 2690 elfecta
1878 2645 1981 2690 est.

395 2727 531 2793 Quid
553 2743 681 2797 ergo
699 2728 983 2782 Christus?
1004 2726 1093 2783 28.
1123 2726 1168 2782 0
1191 2728 1407 2783 mulier!
1430 2744 1614 2798 magna
1632 2737 1706 2781 est
1724 2728 1853 2795 ﬁdes
1874 2737 1980 2781 tua.

398 2819 521 2875 Ideo
563 2836 790 2892 namque
834 2821 1140 2888 dill‘orebat,
1173 2831 1229 2877 ut
1260 2823 1311 2877 iu
1345 2822 1483 2877 hanc
1511 2838 1695 2878 vocem
1735 2837 1987 2893 erumpe-

398 2908 513 2980 ret,
548 2924 605 2969 ut
627 2916 907 2972 mulierem
935 2928 1236 2973 coronaret.
1263 2916 1384 2971 Fiat
1410 2919 1496 2972 tibi
1523 2919 1651 2971 sicut
1676 2918 1767 2972 vis.
1797 2916 1853 2973 ld
1878 2924 1982 2981 est,

399 3006 530 3060 ﬁdes
558 3017 645 3059 tua
678 3008 761 3061 his
790 3008 992 3076 majora
1033 3017 1207 3077 potest
1245 3008 1535 3078 perﬁcere;
1573 3020 1825 3064 caeterum
1864 3006 1985 3063 Fiat

398 3100 485 3154 tibi
509 3102 637 3155 sicut
664 3101 757 3155 vis.
792 3101 917 3157 lltec
947 3118 1045 3155 vox
1073 3100 1247 3157 aflinis
1273 3111 1356 3157 est
1385 3102 1456 3156 illi
1477 3142 1493 3169 ,
1539 3100 1656 3155 Fiat
1695 3102 1875 3157 ctelum
1894 3144 1908 3167 ,
1937 3112 1985 3157 et

398 3197 588 3262 factum
613 3202 687 3247 est
716 3194 915 3247 uelum.
945 3193 1013 3247 Et
1036 3205 1217 3249 sanata
1246 3204 1317 3248 est
1354 3195 1462 3263 ﬁlia
1489 3195 1597 3266 ejus
1622 3196 1685 3248 ab
1713 3194 1807 3249 illa
1835 3195 1981 3249 liora.

398 3283 585 3339 Viden‘
608 3300 714 3339 non
740 3300 925 3355 parum
953 3285 1098 3340 illam
1122 3285 1363 3340 intulisse
1386 3284 1452 3340 ad
1478 3286 1809 3340 curationem
1833 3285 1986 3340 ﬁlias?

330 3369 347 3381 ’
396 3373 523 3430 Ideo
541 3376 684 3432 enim
706 3392 811 3430 non
832 3376 961 3431 dicit
979 3375 1224 3432 Christus
1243 3418 1258 3441 ,
1287 3377 1517 3433 Sanetur
1539 3377 1644 3431 ﬁlia
1677 3387 1765 3432 tua
1787 3379 1840 3438 ’ξ
1865 3375 1983 3444 sed,

399 3469 593 3541 Magna
619 3479 693 3526 est
719 3470 846 3538 ﬁdes
872 3480 959 3523 tua
978 3512 993 3536 ,
1025 3471 1117 3539 ﬁat
1144 3471 1232 3525 tibi
1255 3481 1309 3524 ut
1330 3471 1402 3524 vis
1423 3486 1441 3524 :
1462 3480 1523 3525 ut
1547 3469 1740 3536 discas,
1770 3484 1875 3524 non
1901 3485 1988 3524 as-

399 3566 712 3621 sentationis
741 3564 899 3619 verba
930 3563 1128 3629 fuisse,
1161 3563 1255 3619 sed
1281 3563 1532 3623 eximiam
1563 3563 1682 3619 ﬁdei
1712 3565 1985 3619 virtutem.

401 3654 707 3726 Rerumque
730 3655 945 3711 eventui
973 3664 1274 3711 accuratam
1303 3656 1379 3711 rei
1409 3655 1775 3726 probationem
1805 3663 1861 3711 et
1888 3655 1986 3710 de-

400 3749 838 3805 monstrationem
876 3747 1123 3807 Christns
1152 3747 1386 3820 reliquit.
1418 3746 1614 3803 Sauata
1641 3756 1750 3814 est,
1783 3746 1986 3817 inquit,

401 3843 580 3901 Statim
608 3842 715 3897 ﬁlia
739 3840 873 3911 ejus.

476 3937 524 3991 5.
561 3936 841 3989 Assiduitas
866 3934 1109 4005 precandi
1136 3945 1327 4004 quanta
1363 3952 1464 3991 res.
1488 3934 1639 3989 —Tu
1668 3950 1795 3991 vero
1817 3934 1991 3989 anim-

404 4027 641 4092 adverte,
673 4027 964 4098 quomodo,
993 4027 1251 4098 apostolis
1292 4028 1557 4097 superatis
1594 4026 1832 4097 nihilque
1864 4042 1992 4096 ope-

406 4121 570 4184 ratis,
601 4120 697 4174 illa
747 4128 915 4174 totum
964 4120 1207 4191 perfecit.
1250 4120 1417 4175 Tanta
1471 4136 1556 4175 res
1585 4130 1666 4174 est
1710 4120 1993 4179 assiduitas

406 4214 750 4286 precationis.
776 4214 907 4269 Nam
949 4230 1069 4268 cum
1113 4214 1180 4270 de
1209 4216 1370 4270 rebus
1413 4215 1610 4269 nostris
1642 4216 1849 4284 agitur,
1881 4230 1994 4269 ma-

410 4308 523 4362 vult
565 4322 595 4361 a
646 4308 802 4362 nobis
832 4309 1010 4379 potius
1039 4309 1214 4379 rogari
1240 4350 1255 4372 ,
1284 4323 1443 4378 quam
1483 4308 1550 4361 ab
1569 4308 1687 4363 aliis
1718 4324 1813 4378 pro
1840 4308 1994 4363 nobis

411 4402 803 4472 precantibus:
846 4415 1170 4471 quamquam
1223 4401 1295 4454 illi
1351 4401 1556 4471 majore
1602 4410 1755 4455 erant
1805 4400 1994 4457 fiducia

413 4495 659 4550 instructi
690 4511 705 4557 ;
736 4494 832 4550 sed
863 4493 980 4550 haec
1007 4494 1228 4551 multam
1249 4494 1702 4563 persevcrantiam
1732 4492 1991 4549 exhibuit.

413 4588 519 4643 Per
547 4588 750 4642 exitum
786 4597 966 4641 autem
996 4586 1075 4640 rei
1096 4585 1381 4655 discipulis
1402 4586 1554 4655 quasi
1583 4600 1704 4641 sese
1728 4585 1993 4656 purgavit,

414 4678 556 4749 quod
595 4678 924 4746 distulisset,
952 4686 1008 4733 et
1036 4678 1159 4748 jure
1186 4692 1245 4732 se
1275 4678 1379 4733 illis
1414 4678 1727 4749 rogantibus
1755 4694 1865 4733 non
1904 4694 1999 4733 an-

417 4773 597 4826 nuisse
632 4772 873 4827 ostendit
902 4772 1029 4826 :29.
1063 4770 1268 4826 Etcum
1295 4772 1555 4827 transisset
1578 4773 1696 4827 inde
1717 4772 1887 4840 Jesus,
1915 4790 2000 4828 ve-

418 4862 495 4917 nit
529 4877 674 4915 secus
705 4876 849 4913 mare
895 4858 1155 4913 Galila'te.
1210 4857 1276 4910 Et
1323 4854 1607 4911 ascendens
1655 4856 1709 4908 in
1745 4862 1992 4920 montem,

418 4953 625 5007 sedebat
655 4952 749 5005 ibi.
781 4951 866 5005 50.
900 4949 975 5003 Et
1003 4956 1332 5003 accesserunt
1361 4947 1430 5000 ad
1456 4962 1575 5000 eum
1610 4945 1777 4999 turba:
1814 4943 1995 4997 multa:

420 5046 666 5099 habentes
716 5059 888 5096 secum
944 5042 1191 5106 claudos,
1238 5055 1433 5103 ca’cos,
1489 5037 1722 5097 debiles,
1766 5044 1939 5089 mutos
1975 5048 1995 5089 :

417 5147 467 5197 et
502 5136 833 5205 projererunt
873 5149 959 5187 eos
1008 5143 1130 5185 ante
1171 5131 1323 5200 pedes
1359 5130 1471 5201 ejus
1503 5146 1521 5184 :
1554 5140 1602 5183 et
1649 5127 1853 5181 curavit
1884 5142 1993 5192 eos,

419 5228 501 5283 ita
545 5236 605 5280 ut
647 5226 813 5279 turba:
858 5227 1213 5289 mirarentur,
1254 5223 1378 5276 dum
1419 5220 1646 5275 viderent
1693 5228 1863 5271 mutos
1912 5216 1994 5269 lo-

420 5328 657 5389 quentes,
704 5317 898 5371 debiles
926 5332 1103 5382 sanos,
1136 5325 1185 5370 et
1234 5331 1397 5369 cazcos
1435 5312 1664 5367 videntes
1690 5350 1705 5375 ,
1746 5323 1795 5363 et
1835 5308 1997 5380 glori-

422 5410 710 5481 ﬁcaverunt
757 5408 921 5463 Deum
969 5406 1163 5462 Israel.
1216 5405 1523 5477 Aliquando
1569 5404 1684 5474 ipse
1723 5403 1995 5467 circumit,

423 5501 717 5572 aliquando
768 5499 921 5555 sedet
958 5514 1133 5568 aegros
1186 5506 1528 5567 exspectans,
1577 5504 1631 5549 et
1669 5494 1891 5549 claudos
1929 5492 1998 5548 ad

424 5601 662 5648 montem
713 5591 950 5646 adducit.
1018 5588 1205 5660 Neque
1255 5604 1401 5643 nunc
1442 5586 1824 5644 vestimentum
1879 5593 1997 5639 tau-

426 5694 595 5758 gunt,
662 5685 758 5741 sed
813 5684 881 5739 ad
933 5683 1173 5739 subliora
1238 5680 1486 5748 adducti,
1529 5680 1887 5751 projiciuntur
1931 5677 1998 5733 ad

490 5869 506 5901 ¹
539 5864 744 5928 Quidam
766 5864 969 5928 habent,
999 5861 1101 5925 tibi,
1128 5877 1235 5929 pro,
1262 5865 1364 5915 tua.

1437 386 1499 442 IN
1542 383 1947 442 MATTH.‘EUM
1985 383 2215 441 HOMIL.
2259 388 2365 445 LII.
2406 393 2475 445 al.
2520 391 2651 447 Llll.

3574 400 3679 455 Sid

2096 504 2259 573 pedes
2288 505 2425 577 ejus,
2451 509 2827 581 duplicemque
2859 512 3016 566 ﬁdem
3056 528 3207 567 suam
3253 526 3584 580 monstrant,
3623 529 3677 570 et

2091 599 2233 669 quod
2260 600 2433 656 claudi
2464 603 2517 657 in
2547 613 2780 660 montem
2811 606 3123 673 ascendant,
3156 617 3209 662 et
3233 608 3377 679 quod
3405 611 3553 665 nullo
3572 613 3683 667 alio

2090 701 2304 761 egeant,
2336 693 2439 748 nisi
2466 703 2668 751 tantum
2715 706 2773 751 ut
2819 697 3167 767 projiciantur
3189 707 3314 754 ante
3347 700 3509 770 pedes
3536 700 3674 770 ejus.

2092 785 2325 857 Eratque
2368 804 2452 843 res
2480 790 2616 844 mira
2642 805 2706 845 ac
2731 791 2993 861 stupenda
3020 834 3036 858 ,
3065 792 3187 846 illos
3214 792 3304 862 qui
3332 792 3679 861 gestabantur

2088 878 2423 934 ambulantes
2452 880 2601 936 nullo
2614 884 2835 951 juvante
2861 882 3061 948 videre,
3094 898 3265 939 cmcos
3292 883 3555 949 videntes,
3580 900 3678 940 nec

2088 970 2224 1027 duce
2252 986 2386 1042 opus
2411 972 2691 1030 habentes.
2714 975 2847 1030 Nam
2875 985 2930 1031 et
2959 976 3242 1032 multitudo
3267 992 3453 1032 eorum
3470 977 3559 1047 qui
3584 992 3675 1033 cu-

2089 1062 2191 1117 rati
2220 1062 2455 1131 fuerant,
2481 1072 2539 1120 et
2562 1066 2853 1122 curationis
2878 1066 3104 1122 facilitas
3127 1069 3179 1122 in
3199 1077 3471 1137 stuporem
3487 1082 3697 1124 omnes.

2086 1154 2338 1226 coujecit.
2377 1156 2561 1213 Viden'
2581 1159 2855 1229 quomodo
2874 1174 2996 1214 cum
3017 1169 3160 1215 tanta
3188 1161 3526 1218 cunctatione
3556 1177 3674 1216 mu-

2090 1246 2237 1302 lieris
2265 1248 2427 1303 ﬁliam
2451 1251 2740 1313 sanaverit,
2772 1250 2871 1305 hos
2891 1266 3021 1306 vero
3046 1252 3267 1308 statim?
3293 1252 3404 1307 Non
3430 1252 3573 1324 quod
3601 1253 3693 1308 illi.

2088 1338 2342 1394 meliores
2362 1350 2568 1408 essent,
2598 1340 2695 1396 sed
2722 1343 2860 1411 quod
2886 1343 2973 1397 illa
3004 1344 3056 1398 in
3081 1342 3184 1399 ﬁde
3208 1344 3520 1400 ferventior.
3551 1343 3694 1400 Ideo-

2084 1430 2226 1485 cirea
2252 1431 2395 1486 illam
2412 1441 2711 1498 cunctatur,
2730 1443 2787 1487 ut
2809 1437 3256 1504 perseverantiam
3279 1436 3397 1508 ejus
3414 1436 3671 1502 declaret;

2086 1521 2171 1577 his
2198 1524 2378 1578 statim
2403 1523 2607 1583 donum
2623 1527 2847 1595 prmltct,
2869 1539 2922 1583 ut
2952 1529 3346 1587 incredulorum
3370 1529 3674 1586 Juda-ormu

2085 1629 2179 1669 ora
2242 1616 2517 1684 obstruat,
2581 1634 2901 1690 omnemque
2967 1622 3071 1677 illis
3133 1622 3500 1692 purgationem
3555 1622 3675 1677 adi-

2086 1718 2217 1764 mat.
2243 1710 2455 1778 Quanto
2491 1712 2633 1767 enim
2680 1712 2885 1782 majosa
2927 1714 3044 1783 quis
3083 1714 3340 1770 beneﬁcia
3366 1714 3671 1784 acceperit,

2086 1809 2238 1857 tanto
2263 1801 2452 1872 majori
2483 1803 2752 1875 supplicio
2772 1804 3015 1860 addictus
3039 1816 3119 1860 est
3144 1814 3204 1860 ut
3223 1805 3480 1876 ingratus,
3507 1805 3553 1860 si
3580 1820 3674 1860 ne-

2086 1907 2191 1962 que
2215 1907 2285 1949 ex
2308 1894 2503 1949 collato
2529 1895 2733 1951 honore
2759 1896 2952 1951 melior
2970 1898 3040 1952 sit
3068 1895 3310 1953 effectus.
3335 1896 3565 1968 ideoque
3584 1895 3673 1952 di-

2086 1985 2222 2039 vites
2249 1986 2418 2056 magis
2456 2002 2616 2057 quam
2665 2002 2930 2058 pauperes
2970 1989 3261 2059 puniuntur
3286 2030 3304 2057 ,
3348 1990 3397 2044 si
3443 1988 3672 2059 improbi

2086 2079 2227 2145 sint,
2256 2079 2398 2151 quod
2437 2094 2506 2135 ne
2549 2080 2603 2135 in
2648 2096 2829 2137 rerum
2866 2081 3023 2152 copia
3042 2082 3257 2153 quidem
3283 2083 3695 2140 mansuetiores.

2086 2169 2307 2227 fuerint.
2337 2232 2342 2239 ,

2159 2261 2500 2335 Eleemosyna
2542 2280 2659 2320 vera
2683 2283 2816 2337 quae.
2852 2297 2925 2308 —
2945 2266 3023 2323 Ne
3044 2268 3172 2327 mihi
3189 2267 3358 2335 dicas,
3389 2268 3683 2325 illoselee-

2089 2370 2366 2427 mosyuam
2395 2357 2626 2412 dedisse.
2661 2358 2791 2413 Nam
2818 2360 2916 2413 nisi
2947 2360 3240 2416 secundum
3271 2360 3550 2417 facultates
3571 2360 3673 2418 de-

2088 2445 2307 2513 derint,
2341 2463 2513 2517 neque
2542 2450 2612 2503 ita
2644 2448 2917 2521 effugient.
2948 2450 3063 2506 Non
3099 2451 3243 2506 enim
3271 2467 3343 2507 ex
3366 2451 3687 2508 donian

2086 2555 2209 2594 sura
2233 2540 2574 2611 eleemosyna
2599 2542 2912 2610 testimatur,
2932 2544 3026 2599 sed
3052 2559 3119 2599 ex
3137 2544 3299 2598 animi
3329 2545 3669 2601 liberalitate.

2088 2632 2142 2688 St
2172 2644 2348 2687 autem
2381 2634 2432 2688 hi
2477 2650 2662 2704 poenas
2700 2635 2852 2703 dent,
2879 2637 3046 2692 multo
3075 2638 3244 2709 magis
3285 2638 3377 2710 qui
3406 2637 3697 2710 superﬂuis

2088 2730 2302 2791 inhiam
2330 2730 2368 2795 ³,
2390 2729 2477 2799 qui
2505 2728 2660 2783 trium
2683 2739 2977 2800 quatuorve
2997 2732 3350 2789 tabulatorum
3370 2731 3514 2788 ardes
3539 2747 3673 2787 con-

2087 2831 2318 2890 struunt,
2340 2820 2716 2895 famelicosque
2744 2825 3066 2897 despiciunt,
3085 2826 3173 2895 qui
3191 2826 3428 2882 avaritia:
3458 2824 3676 2881 student

2087 2922 2141 2967 et
2184 2913 2580 2987 eleemosynam
2623 2919 2910 2989 negligant.
2948 2918 3051 2974 Sed
3099 2920 3220 2989 quia
3271 2918 3321 2973 in
3368 2933 3672 2977 sermonem

2089 3004 2155 3057 de
2177 3004 2520 3076 elecmosyna
2548 3008 2835 3064 incidimus
2868 3027 2882 3064 :
2916 3025 3015 3080 age
3062 3011 3375 3066 concionem
3419 3011 3562 3067 illam
3606 3010 3673 3067 de

2090 3096 2442 3164 humanitate,
2470 3113 2628 3168 quam
2656 3108 2781 3155 ante
2810 3100 3041 3156 triduum
3068 3101 3434 3172 imperfecmm
3458 3102 3676 3173 reliqui-

2089 3203 2231 3255 tnns,
2254 3188 2411 3245 hodie
2434 3205 2791 3246 resumamus.
2825 3191 3141 3249 Meministis
3172 3209 3259 3249 me
3294 3209 3467 3265 nuper
3494 3193 3562 3250 de
3590 3193 3675 3248 ni-

2089 3282 2194 3337 mia
2213 3282 2513 3339 calceorum
2540 3284 2850 3341 curiositate
2873 3284 3193 3342 disseruisse
3218 3326 3235 3353 ,
3265 3286 3333 3343 de
3373 3286 3677 3358 hujusmodi

2090 3388 2284 3443 nempe
2308 3373 2562 3440 vanitate,
2580 3386 2633 3430 et
2659 3374 2728 3431 de
2750 3376 3004 3446 juvenum
3032 3377 3276 3443 mollitie;
3302 3387 3428 3434 tunc
3446 3378 3515 3435 ab
3537 3378 3679 3435 eice-

2091 3480 2314 3536 mosyua
2342 3467 2474 3531 orsi,
2508 3466 2560 3523 in
2592 3467 2720 3522 illud
2769 3468 3071 3527 incidimus.
3106 3469 3182 3525 De
3205 3470 3521 3541 quibusnam
3549 3487 3679 3542 ergo

2092 3568 2221 3614 tunc
2270 3573 2575 3615 sermonem
2623 3560 2949 3618 habuimus?
2996 3562 3235 3619 Diximus
3280 3563 3675 3636 eleemosynatn

2093 3665 2214 3707 esse
2242 3661 2437 3717 artem,
2461 3668 2580 3723 qua:
2607 3653 2874 3709 ofﬁcinam
2918 3653 3111 3710 habeat
3146 3655 3197 3710 in
3224 3656 3375 3723 caelo,
3405 3666 3460 3712 et
3487 3655 3679 3713 docto-

2092 3760 2206 3800 rem
2239 3760 2348 3799 non
2396 3745 2667 3801 hominem
2698 3788 2714 3815 ,
2745 3746 2840 3801 sed
2886 3748 3070 3803 Deum.
3103 3747 3304 3805 Deinde
3332 3759 3635 3818 quaerentes
3661 3790 3676 3816 ,

2094 3836 2223 3907 quid
2251 3852 2339 3891 ars
2368 3836 2472 3892 dici
2502 3846 2702 3908 posset,
2732 3839 2858 3909 quid
2888 3854 3046 3895 secus
3068 3880 3085 3907 ,
3114 3839 3168 3894 in
3206 3854 3369 3897 vanas
3404 3841 3680 3912 malasque

2095 3940 2240 3983 artes
2267 3928 2584 3997 incidimus,
2612 3929 2665 3984 in
2696 3930 2889 4001 quibus
2932 3931 3000 3987 de
3029 3932 3331 3989 calceorum
3374 3944 3490 3991 arte
3517 3934 3680 3991 verba

2096 4018 2341 4075 fecimus.
2394 4019 2532 4075 Num
2562 4021 2616 4075 in
2663 4030 2900 4078 mentem
2942 4023 3250 4080 revocatis?
3270 4025 3384 4096 Age
3410 4040 3541 4097 ergo
3565 4041 3683 4098 qua:

2095 4122 2224 4169 tunc
2238 4113 2497 4183 diximus,
2514 4114 2671 4171 hodie
2691 4130 3045 4184 resumamus,
3068 4117 3519 4190 ostendamusque
3542 4118 3683 4176 elee-

2096 4221 2377 4280 mosynam
2408 4217 2580 4263 artem
2627 4222 2747 4263 esse
2787 4217 2843 4263 et
2881 4209 3120 4263 omnium
3161 4210 3356 4264 artium
3405 4210 3683 4281 optimam.

2098 4301 2231 4357 Nam
2257 4301 2301 4356 si
2328 4300 2460 4357 artis
2498 4309 2582 4355 est
2620 4302 2895 4372 proprium
2939 4300 2992 4356 iu
3021 4301 3232 4373 aliquid.
3253 4303 3385 4358 utile
3412 4302 3684 4371 desinere,

2098 4394 2439 4464 eleemOsyua
2466 4406 2593 4447 vero
2618 4392 2747 4447 nihil
2772 4400 2856 4448 est
2883 4392 3083 4455 utilius.
3109 4394 3281 4463 liquet
3299 4409 3417 4450 eam
3440 4404 3494 4449 et
3515 4406 3699 4451 artem.

2099 4498 2222 4539 esse
2251 4492 2305 4538 et
2332 4484 2570 4539 onmium
2605 4484 2802 4539 artium
2849 4485 3366 4553 prtestautissimam.
3396 4485 3508 4540 Non
3539 4488 3683 4541 enim

2101 4577 2191 4632 illa
2230 4576 2384 4632 nobis
2426 4576 2635 4633 calceos
2665 4585 2855 4646 parat,
2889 4593 2995 4631 non
3035 4577 3351 4633 vestimenta
3393 4576 3547 4642 texit,
3578 4593 3685 4633 non

2102 4667 2274 4723 luteas
2302 4667 2490 4723 domos
2509 4669 2808 4732 construit;
2840 4668 2934 4723 sed
2966 4670 3127 4723 vitam
3159 4669 3536 4739 sempiternam
3563 4683 3683 4723 con.

2102 4760 2292 4827 ciliat,
2324 4770 2484 4832 atque
2526 4779 2591 4817 ex
2644 4762 2833 4817 mortis
2887 4762 3133 4816 manibus
3184 4777 3284 4816 nos
3331 4762 3522 4832 eripit,
3556 4771 3610 4817 et
3634 4762 3689 4819 in

2103 4861 2329 4924 utraque
2355 4854 2461 4908 vita
2489 4853 2798 4923 splendidos
2820 4852 3011 4915 reddit,
3033 4853 3336 4907 mansiones
3358 4852 3510 4907 nobis
3536 4851 3692 4908 cmle-

2105 4954 2216 5000 stes
2240 4944 2540 5001 exmdiﬁcat
2581 4955 2636 5001 et
2667 4945 2755 5000 illa
2786 4955 2989 5000 teterna
3038 4944 3399 5000 tabernacula.
3432 4943 3557 4999 Haec
3586 4959 3693 4999 non

2109 5036 2244 5090 sinit
2273 5036 2549 5107 lampades
2598 5044 2814 5091 nostras
2855 5035 3157 5105 exstingui,
3191 5050 3292 5091 nec
3317 5050 3437 5091 cum
3464 5035 3693 5091 sordidis

2108 5128 2349 5183 vestibus
2394 5127 2593 5198 nuptiis
2621 5127 2918 5192 interesse;
2952 5126 3044 5182 sed
3096 5127 3233 5182 lavat
3275 5127 3479 5182 etnive
3506 5126 3699 5181 caudio

2108 5218 2287 5275 diores
2315 5219 2511 5275 reddit.
2542 5220 2605 5275 Si
2630 5220 2761 5274 enim
2794 5219 2980 5290 fuerint
3008 5229 3213 5288 peccata
3239 5227 3404 5273 vestra
3431 5218 3576 5288 quasi
3598 5234 3699 5289 pst-

2110 5312 2327 5377 niceum,
2347 5311 2493 5382 quasi
2520 5311 2682 5366 nivem
2701 5309 2945 5365 dealbabo
2974 5309 2993 5381 (
3025 5307 3156 5363 Isai.
3183 5310 3235 5364 1.
3259 5308 3328 5364 18
3356 5308 3395 5377 ).
3423 5308 3540 5364 Non
3571 5307 3699 5364 sinit

2113 5418 2211 5458 nos
2239 5403 2334 5458 illo
2358 5402 2629 5468 incidere,
2657 5416 2765 5472 quo
2806 5400 3075 5457 dives'ille
3100 5442 3117 5469 ,
3146 5415 3320 5471 neque
3363 5400 3549 5454 audire
3591 5408 3698 5455 tre-

2113 5495 2335 5552 mendas
2362 5510 2562 5561 voces;
2592 5495 2687 5551 sed
2714 5493 2933 5550 deducit
2964 5494 3019 5549 in
3048 5493 3227 5550 sinum
3257 5491 3488 5548 Abralne
3516 5490 3536 5561 (
3566 5490 3694 5546 Luc.

2114 5593 2183 5649 16
2212 5591 2255 5663 )’.
2281 5591 2440 5647 Certe
2465 5600 2611 5646 artes
2644 5589 2935 5645 saeculares
2974 5588 3199 5658 singula:
3225 5601 3380 5642 suum
3409 5584 3609 5641 habent
3633 5584 3698 5638 ﬁ-

2116 5699 2238 5741 nem
2268 5701 2280 5737 :
2309 5682 2649 5754 agricultura:
2676 5692 2759 5737 est
2790 5681 3014 5747 nutrire,
3040 5679 3281 5739 textoriae
3301 5679 3452 5747 artis,
3474 5676 3700 5743 vestire;

2182 5871 2200 5906 ⁸
2224 5871 2340 5925 Alii.
2363 5866 2445 5921 aui
2468 5880 2607 5919 suver
2617 5863 2710 5915 tina
2734 5865 2951 5915 retinent.
