4108 6376
394 510 399 516 ‘
434 430 537 486 ses

435 547 543 599 iniu
571 557 636 597 ne
667 538 882 612 quidem
922 535 1026 589 hoc
1054 530 1231 585 facere
1262 535 1439 597 potest
1486 543 1497 577 :

439 633 637 690 sufficit
665 630 733 685 ad
771 643 866 683 sua
899 625 1055 680 nobis
1080 615 1497 690 suppeditanda.

510 727 563 780 4.
595 724 740 778 Artes
767 716 981 790 singula:
1023 714 1138 767 aliis
1182 710 1375 764 artibus
1415 722 1542 776 opus
1574 702 1770 756 habent.
1802 699 2032 790 Elecmo-

446 833 589 888 synae
611 811 977 885 prwrogativc.
1005 836 1076 847 —
1101 804 1157 860 Si
1179 803 1258 857 vis
1278 809 1477 860 autem,
1497 794 1870 865 agriculturam
1888 789 2033 889 prius

443 910 808 977 exploremus.
853 899 966 955 Nisi
1016 896 1161 952 enim
1189 894 1280 949 illa
1317 889 1593 946 ferrariam
1630 893 1800 939 artem
1836 893 2033 981 sociam

445 1000 663 1063 habeat,
690 1011 809 1066 qua:
835 993 1064 1062 ligonem
1087 1030 1103 1055 ,
1144 998 1441 1049 vomerem,
1482 980 1671 1034 falcem
1699 986 1754 1031 et
1797 980 2031 1029 securim

445 1094 660 1161 aliaque
688 1087 853 1143 multa
878 1081 1202 1154 suppeditet,
1228 1081 1463 1144 itemque
1490 1071 1757 1131 fabrilem,
1776 1083 1895 1138 quae
1919 1080 2038 1119 ara-

448 1198 614 1249 trum,
637 1183 821 1253 jugum
845 1188 900 1233 et
939 1178 1239 1247 plaustrum
1270 1174 1541 1225 construat
1571 1163 1640 1218 ad
1665 1162 1839 1232 spicas
1865 1170 2039 1253 teren-

449 1279 582 1342 das;
614 1250 670 1331 et
693 1250 1008 1334 coriariam,
1038 1282 1158 1337 quae
1201 1261 1461 1331 corrigias
1487 1276 1499 1322 ;
1534 1250 2002 1342 architectonicam
2022 1290 2036 1312 ,

449 1386 568 1441 qua:
598 1366 873 1424 arantibus
894 1362 1066 1415 bobus
1085 1356 1373 1419 stabulum,
1401 1349 1647 1420 agricolis
1666 1360 1846 1401 casam
1878 1341 2039 1443 fabri-

455 1474 576 1529 cet;
608 1469 664 1516 et
702 1456 983 1529 lignariam
1007 1494 1021 1520 ,
1048 1465 1169 1521 qua:
1210 1448 1350 1517 ligna
1372 1453 1553 1506 secet;
1586 1454 1648 1493 ac
1675 1446 1931 1508 prmterea
1957 1448 2041 1502 pt-

461 1556 707 1621 storiam,
737 1565 854 1622 qua:
897 1560 1090 1618 panem
1114 1539 1484 1599 subministret
1516 1552 1529 1588 :
1562 1542 1704 1587 stare
1729 1529 1909 1622 nequit
1930 1541 2045 1622 om-

458 1648 609 1705 nino.
639 1617 729 1702 Sic
755 1617 916 1698 etiam
944 1653 1032 1694 ars
1055 1631 1301 1697 textoria,
1330 1628 1374 1683 si
1396 1625 1521 1697 quid
1549 1623 1725 1689 faciat,
1743 1620 1937 1675 multas
1953 1617 2047 1670 ad-

463 1748 617 1796 vocat
643 1746 809 1800 artes,
839 1747 958 1800 qute
998 1742 1158 1799 opem
1188 1725 1395 1787 ferant;
1422 1734 1541 1789 quae
1566 1717 1609 1771 si
1639 1729 1743 1768 non
1769 1709 2043 1800 accedant,

464 1839 573 1887 stat
597 1829 683 1885 illa
714 1798 935 1882 inutilis.
982 1819 1073 1875 Sic
1116 1813 1338 1885 singulm
1368 1818 1511 1865 artes
1536 1807 1748 1862 caeteris
1784 1809 1962 1872 egent.
1989 1798 2046 1854 Si

466 1939 598 1980 vero
638 1913 1061 1976 misericordiam
1093 1920 1350 1964 exercere
1378 1902 1605 1958 velimus
1626 1939 1642 1965 ,
1684 1910 1790 1951 una
1832 1905 2049 1964 egemus

464 2018 761 2073 voluntate.
784 2011 839 2067 Si
865 2006 1066 2065 dixeris
1096 2000 1335 2073 pecuniis
1363 2011 1485 2053 esse
1523 2007 1680 2063 opus,
1707 1989 1927 2052 :cdibus,
1959 1999 2051 2040 ve-

472 2109 663 2172 stibus,
687 2102 881 2161 calceis
906 2141 919 2165 ,
953 2099 1072 2168 lege
1099 2095 1186 2149 illa
1215 2089 1412 2147 Christi
1445 2085 1629 2149 verba,
1659 2097 1778 2152 quae
1803 2079 1869 2172 de
1894 2076 2050 2132 vidua

467 2201 604 2258 dixit
630 2170 799 2271 (Luc.
822 2193 913 2247 21.
942 2190 977 2245 '5
1002 2189 1020 2259 )
1045 2230 1060 2253 ,
1097 2194 1152 2242 et
1196 2185 1335 2237 hanc
1381 2174 1792 2271 sollicitudinem
1822 2170 2049 2271 depone.

471 2294 532 2350 Si
556 2259 840 2347 admodum
873 2297 1077 2355 pauper
1121 2279 1229 2341 sis,
1260 2284 1315 2331 et
1342 2270 1603 2328 mendicis
1631 2267 1774 2355 ipsis
1791 2264 1977 2355 vilior,
2009 2259 2051 2314 si

491 2385 599 2439 dua
625 2382 833 2436 minuta
860 2351 1134 2442 inieceris,
1174 2372 1347 2419 totum
1380 2354 1689 2426 perfecisti;
1732 2352 1778 2406 si
1806 2351 1901 2403 des
1941 2362 2052 2442 ma-

494 2488 616 2530 zam
644 2486 809 2541 quam
835 2438 1013 2524 solum
1045 2460 1242 2523 habes,
1281 2454 1348 2508 ad
1378 2451 1514 2506 artis
1541 2448 1702 2503 ﬁnem
1737 2438 2047 2541 pervenisti.

471 2561 622 2613 Itane
661 2538 838 2624 itaque
864 2551 1202 2618 disciplinam
1232 2588 1246 2611 ,
1279 2545 1416 2598 hanc
1460 2550 1629 2595 artem
1656 2538 1980 2607 accipiamus
2007 2541 2061 2589 et

436 2692 437 2695 η
476 2649 811 2720 impleamus.
843 2642 1139 2713 Optabilius
1164 2638 1358 2709 quippe
1378 2643 1462 2691 est
1489 2633 1632 2686 illam
1663 2630 1878 2693 habere,
1903 2640 2061 2720 quam

477 2718 656 2811 regem
700 2751 819 2792 esse
841 2776 857 2802 ,
888 2742 941 2789 et
984 2732 1284 2786 diademate
1323 2725 1523 2782 ornari.
1549 2723 1731 2792 Neque
1757 2722 1899 2776 enim
1927 2718 2063 2773 hanc

479 2833 653 2888 solum
687 2826 1090 2900 praerogativam
1121 2822 1305 2884 habet,
1331 2817 1472 2889 quod
1500 2815 1711 2871 caeteris
1740 2828 1845 2867 non
1877 2821 2063 2881 egeat,

480 2924 577 2981 sed
599 2920 741 2993 quod
766 2920 927 2975 etiam
956 2915 1120 2970 multa
1149 2923 1202 2968 et
1223 2911 1367 2965 varia
1393 2908 1603 2977 negotia
1632 2904 1892 2976 perﬁciat.
1923 2902 2055 2957 Nam

482 3017 629 3072 :rdes
653 3012 915 3071 construit
960 3010 1011 3064 in
1041 3006 1189 3061 czelis
1218 3018 1431 3073 semper
1458 3006 1736 3056 manentes
1765 3037 1779 3063 ,
1805 2996 2067 3065 docetque

481 3107 718 3163 cultores
760 3117 889 3158 suos
915 3098 1183 3170 quomodo
1210 3106 1464 3151 aeternam
1497 3103 1725 3148 mortem
1772 3089 2064 3159 effugiant,

482 3201 869 3266 thesaurosque
892 3194 986 3249 tibi
1026 3193 1137 3258 dat,
1165 3190 1253 3261 qui
1284 3202 1573 3258 numquam
1608 3186 1967 3247 insumuntur,
2016 3192 2070 3236 et

485 3291 667 3349 damni
692 3284 943 3359 expertes
971 3294 1095 3341 sunt
1119 3326 1133 3351 ,
1174 3298 1273 3337 nec
1318 3281 1515 3345 furum,
1545 3293 1641 3333 nec
1664 3278 1944 3338 vermium,
1973 3291 2071 3330 nec

485 3387 769 3445 tinearum,
784 3394 885 3434 nec
911 3376 1166 3447 temporis
1193 3374 1365 3428 labem
1396 3372 1665 3425 timentes.
1692 3369 1846 3437 Atqui
1869 3367 1911 3420 si
1931 3366 2070 3420 circa

487 3474 741 3532 frumenti
771 3469 1066 3527 custodiam
1096 3467 1254 3522 talem
1302 3464 1395 3519 tibi
1441 3462 1560 3532 quis
1609 3472 1779 3514 artem
1824 3459 2069 3521 doceret,

490 3570 617 3643 quid
648 3583 755 3624 non
782 3565 940 3621 dares
967 3571 1025 3617 ut
1064 3574 1248 3632 pussrs
1276 3557 1456 3611 multis
1477 3554 1628 3608 annis
1664 3552 1985 3607 frumentum
2008 3550 2075 3603 il-

492 3663 679 3718 la‘sum
709 3655 967 3713 servare?
1006 3654 1144 3709 Ecce
1167 3651 1303 3704 hanc
1332 3648 1423 3702 tibi
1453 3661 1557 3700 non
1581 3643 1829 3699 frumenti
1851 3652 2072 3707 tantum,

492 3753 588 3809 sed
605 3750 841 3807 omnium
870 3744 1165 3801 custodiam
1186 3740 1505 3809 suppeditat,
1525 3737 1786 3805 docetque
1812 3734 2077 3802 quomodo

492 3859 546 3901 et
576 3848 736 3909 bona,
769 3850 824 3897 et
850 3839 1024 3893 anima
1051 3847 1105 3890 et
1134 3848 1330 3903 corpus
1365 3832 1530 3885 illzesa
1561 3844 1775 3897 semper
1806 3834 2074 3881 maneant.

498 3942 563 3994 l-lt
587 3954 684 3993 cur
722 3936 852 3989 artis
882 3931 1103 4000 hujusce
1134 3942 1297 3996 opera
1340 3924 1638 3979 minutatim
1667 3920 2080 3991 persequamur?

499 4031 589 4085 l!la
617 4028 814 4100 quippe
862 4034 913 4078 te
940 4022 1096 4076 docet
1139 4032 1244 4087 quo
1274 4026 1424 4085 pacto
1457 4015 1565 4068 Deo
1594 4013 1784 4068 similis
1813 4027 1933 4067 esse
1961 4026 2083 4082 pos-

495 4125 590 4187 sis,
616 4118 756 4190 quod
778 4123 935 4185 caput
955 4122 1036 4167 est
1053 4110 1291 4166 omnium
1329 4108 1610 4161 bonorum.
1638 4105 1824 4160 Videu’
1848 4118 1954 4173 quo
1984 4118 2081 4171 pa-

497 4224 584 4267 cto
615 4224 719 4265 non
745 4221 904 4262 unmn
937 4204 1053 4272 ejus
1081 4216 1213 4270 opus
1244 4201 1348 4263 sit,
1387 4199 1482 4252 sed
1521 4196 1788 4266 plurima?
1824 4196 1950 4250 Sine
1979 4195 2084 4248 ulla

500 4303 720 4361 alterius
750 4299 879 4353 artis
916 4311 1018 4366 ope
1044 4295 1231 4349 domos
1271 4290 1535 4346 construit
1560 4331 1574 4355 ,
1606 4299 1782 4344 vestes
1825 4289 2081 4354 contexit,

513 4396 795 4451 thesauros
818 4396 1040 4459 apparat
1068 4392 1229 4448 tutos,
1256 4384 1441 4437 mortis
1470 4383 1702 4437 victores
1731 4380 1944 4447 reddit,
1974 4381 2087 4435 dia-

505 4489 629 4543 bolo
650 4486 896 4555 impcrat,
926 4480 1035 4534 Deo
1057 4476 1259 4531 similes
1284 4476 1460 4529 efﬁcit.
1481 4474 1616 4541 Quid
1635 4488 1764 4544 ergo
1786 4474 1963 4527 utilius
1990 4474 2088 4527 hac

514 4579 676 4637 arte?
703 4576 836 4631 Alim
866 4586 1094 4641 namque
1123 4578 1266 4623 artes
1290 4610 1304 4633 ,
1328 4574 1521 4636 praeter
1540 4582 1600 4621 ea
1622 4582 1739 4635 quae
1760 4564 1898 4619 dicta
1925 4574 2083 4631 sunt,

506 4689 626 4727 cum
673 4664 919 4740 prmsenti
965 4663 1068 4717 vita
1120 4667 1472 4732 praetereunt,
1505 4674 1624 4712 cum
1653 4657 1885 4711 artiﬁces
1914 4672 2086 4726 ingrc-

511 4772 645 4830 tant,
666 4762 770 4816 illae
799 4764 1032 4821 cessant,
1057 4768 1219 4823 opera
1251 4767 1462 4821 quoque
1500 4766 1683 4805 eorum
1730 4765 1838 4805 non
1883 4765 2093 4820 perma-

512 4864 663 4923 nent,
698 4853 879 4908 labore
909 4858 961 4905 et
994 4858 1235 4915 tempore
1272 4846 1438 4899 multo
1473 4855 1650 4914 egent,
1683 4845 1908 4914 aliisque
1933 4845 2092 4899 innu-

518 4950 713 5005 meris:
748 4946 865 5001 hazc
893 4959 1021 4999 vero
1044 4951 1164 5010 post
1210 4939 1399 4993 mundi
1440 4938 1599 4993 finem
1632 4940 1866 4992 maxime
1906 4937 2092 5008 fulget,

516 5050 634 5112 post
661 5046 884 5093 mortem
911 5035 1141 5089 maxime
1163 5030 1424 5101 splendet,
1443 5038 1497 5084 et
1525 5045 1686 5099 opera
1715 5044 1807 5083 sua
1828 5030 2093 5096 ostendit,

492 5119 687 5202 ineque
734 5139 975 5196 tempore
1003 5125 1087 5179 vel
1118 5124 1299 5177 labore
1340 5123 1509 5191 cget‘,
1540 5137 1709 5191 neque
1735 5123 1835 5176 alia
1877 5138 1935 5176 re
1963 5138 2096 5192 qua-

522 5229 662 5297 piam
689 5240 705 5289 ;
734 5221 826 5276 sed
852 5262 868 5287 ,
906 5230 957 5275 te
996 5233 1207 5289 quoque
1251 5223 1541 5286 a‘grotante
1570 5224 1625 5269 et
1651 5216 1800 5270 senio
1820 5214 2062 5270 confecto
2082 5259 2097 5284 ,

514 5328 789 5393 operatur,
811 5329 872 5368 ac
889 5323 1060 5368 tecum
1083 5313 1135 5367 in
1158 5311 1385 5366 futuram
1405 5308 1563 5364 vitam
1584 5308 1793 5375 transit,
1813 5324 2099 5379 numquam

521 5424 572 5468 te
616 5407 911 5477 relinquit;
956 5414 1007 5459 te
1055 5404 1308 5473 scphistis
1338 5411 1393 5457 et
1429 5401 1732 5457 rhetoribus
1770 5400 2101 5471 superiorem

518 5503 713 5560 reddit.
748 5500 878 5554 Nam
906 5496 996 5567 qui
1026 5496 1078 5549 in
1107 5495 1208 5549 illis
1228 5495 1431 5548 artibus
1457 5492 1683 5560 ﬂorent,
1711 5493 1891 5548 multis
1913 5492 2103 5548 invidis

525 5594 721 5664 objecti
750 5600 877 5645 sunt
906 5606 919 5642 :
953 5587 1041 5658 qui
1073 5594 1249 5639 autem
1285 5588 1337 5639 in
1366 5584 1468 5640 hac
1495 5586 1767 5654 conspicui
1791 5594 1935 5649 sunt,
1969 5586 2106 5639 mul-

524 5693 698 5743 torum
727 5679 973 5753 precibus
1000 5673 1368 5747 juvantur.llli
1394 5675 1607 5745 quidem
1636 5673 1908 5731 hominum
1939 5676 2105 5732 tribu-

1543 534 1717 590 neque
1743 517 1885 573 enim
1912 513 2026 567 sola

590 5857 606 5887 ί
642 5862 787 5917 Unus,
810 5864 959 5916 neque
985 5852 1146 5901 labore
1170 5854 1289 5911 eget.

1168 416 1225 470 S.
1257 409 1533 469 JOANNIS
1570 396 2047 461 CIIRYSOSTOMI
2088 395 2403 451 ARCIIIEP.
2432 394 2967 454 CONSTANTiNOP.

3612 392 3716 448 552-1

2138 512 2352 567 nalibus
2372 512 2603 577 adstant,
2637 511 2935 580 injuriaque
2956 509 3175 564 affectos
3206 508 3518 576 den-mlunt,
3538 520 3592 565 ct
3620 524 3713 563 sa:-

2138 617 2206 671 pe
2254 602 2503 671 injuriam
2551 600 2905 656 inferentibus
2945 607 3349 669 patrocinantur
3391 617 3405 654 :
3449 599 3563 654 hmc
3594 615 3718 655 vere

2139 705 2262 750 ante
2289 694 2517 750 tribunal
2538 692 2735 749 Christi
2760 710 2819 748 se
2842 692 3003 753 sistit.
3025 708 3123 747 nec
3144 692 3314 746 solum
3343 694 3722 761 patrocinatur,

2140 785 2236 839 sed
2266 785 2364 854 ipsi
2390 799 2601 854 quoque
2625 783 2797 838 Judici
2823 783 3049 849 suadet,
3087 793 3142 836 ut
3174 783 3535 851 patrocinelur
3557 783 3627 845 ei,
3660 784 3726 837 de

2142 892 2248 944 quo
2270 876 2528 945 judicium
2558 876 2869 940 instituitur,
2903 884 2959 929 et
2988 890 3082 944 pro
3110 875 3202 929 illo
3227 870 3541 929 sententiam
3571 874 3724 940 ferat;

2143 967 2353 1022 etiamsi
2382 968 2577 1022 millies
2607 968 2927 1036 peccaverit,
2952 976 3175 1021 coronat
3202 976 3256 1021 et
3278 968 3528 1036 prmdicat
3552 968 3725 1021 illum.

2144 1059 2275 1114 Nam
2318 1061 2393 1115 ait
2437 1078 2451 1112 :
2504 1060 2636 1114 Date
2665 1061 3033 1130 eleemosynam
3057 1102 3073 1125 ,
3105 1071 3150 1113 et
3177 1062 3345 1113 omnia
3374 1062 3563 1114 munda
3588 1071 3728 1115 erunt

2147 1155 2165 1222 (
2192 1152 2317 1206 Luc.
2354 1154 2439 1207 Η.
2465 1154 2526 1207 Η
2552 1153 2595 1225 ).
2623 1153 2825 1223 Ecquid
2855 1153 3027 1206 futura
3057 1152 3221 1206 dico?
3248 1152 3303 1207 Si
3339 1153 3481 1206 enim
3513 1153 3564 1205 in
3597 1168 3732 1221 pmi-

2147 1244 2285 1298 senti
2308 1244 2417 1297 vita
2445 1243 2689 1297 homines
2718 1243 3115 1297 sciscitaremur
3134 1242 3260 1312 quid
3292 1243 3611 1307 mallent,an
3641 1258 3729 1296 so-

2151 1328 2359 1402 phistas
2401 1342 2456 1388 et
2498 1334 2745 1388 rhetores
2770 1348 2891 1388 esse
2930 1334 3124 1387 multos
3146 1373 3161 1398 ,
3190 1350 3258 1387 an
3284 1333 3657 1389 misericordes
3679 1346 3733 1388 et

2148 1425 2405 1495 benignos
2435 1445 2447 1480 :
2478 1424 2582 1479 hoc
2605 1424 2848 1477 ultimum
2867 1426 3043 1492 potius
3069 1424 3326 1495 eligerent
3351 1441 3365 1488 ;
3397 1435 3451 1478 et
3472 1424 3596 1494 jure
3618 1426 3736 1495 qui-

2149 1518 2291 1573 dem.
2320 1518 2453 1571 Nam
2490 1519 2534 1571 si
2582 1517 2826 1572 facundia
2875 1517 3113 1580 tollatur,
3162 1516 3298 1570 nihil
3332 1516 3459 1570 mali
3502 1518 3551 1570 in
3575 1518 3734 1570 vitam

2152 1622 2392 1666 nostram
2415 1610 2817 1681 importabitur;
2843 1620 3124 1680 antequam
3151 1611 3293 1666 enim
3317 1611 3403 1664 illa
3430 1611 3735 1673 exsisteret,

2151 1703 2321 1757 multo
2353 1713 2593 1773 tempore
2622 1703 2860 1758 constitit
2890 1721 2901 1757 ε
2934 1704 2979 1757 si
3005 1718 3136 1758 vero
3172 1704 3591 1758 misericordiam
3619 1719 3737 1758 sus-

2156 1796 2359 1862 tuleris,
2391 1795 2571 1850 omnia
2616 1795 2881 1865 peribunt.
2907 1794 2975 1847 Et
3000 1794 3445 1864 quemadmodum
3472 1810 3568 1865 per
3591 1810 3743 1850 mare

2154 1887 2403 1957 navigare
2430 1903 2533 1941 non
2572 1888 2766 1958 possis,
2802 1889 2846 1940 si
2877 1895 3059 1956 portus
3090 1895 3144 1941 et
3169 1887 3426 1941 stationes
3446 1887 3730 1941 obstruas:

2156 1982 2234 2038 sic
2259 1996 2365 2035 non
2394 1988 2569 2051 potest
2608 1980 2723 2034 hmo
2750 1980 2857 2033 vita
2889 1988 3155 2045 constare,
3194 1979 3239 2033 si
3285 1977 3704 2033 misericordiam
3726 2021 3740 2045 ,

2155 2073 2365 2129 veniam
2394 2082 2449 2127 et
2473 2072 2857 2126 humanitatem
2883 2070 3182 2125 sustuleris.

2228 2164 2283 2218 5.
2323 2162 2660 2232 QuaprOpter
2687 2178 2793 2216 non
2827 2162 3059 2215 lmmano
3101 2161 3272 2215 solum
3301 2161 3581 2216 ratiocinio
3624 2160 3741 2216 haec

2161 2257 2304 2312 Deus
2331 2254 2591 2325 permisit,
2622 2254 2714 2310 sed
2741 2264 2795 2310 et
2818 2255 3011 2309 multas
3034 2269 3217 2309 eorum
3249 2264 3426 2324 partes
3463 2263 3666 2310 naturte
3695 2256 3747 2309 vi

2161 2349 2371 2404 insevit.
2401 2347 2494 2404 Sic
2525 2357 2703 2418 patres
2728 2356 2782 2402 et
2802 2356 3002 2401 matres
3022 2362 3145 2417 erga
3167 2346 3362 2401 liberos
3388 2346 3749 2401 misericordia

2164 2450 2479 2505 moventur;
2510 2440 2588 2494 sic
2608 2440 2699 2494 ﬁlii
2720 2454 2840 2509 erga
2864 2445 3110 2507 parentes
3138 2456 3150 2492 :
3179 2453 3350 2508 neque
3373 2438 3424 2491 in
3452 2437 3755 2492 hominibus

2167 2543 2390 2595 tantmn,
2411 2530 2502 2586 sed
2526 2532 2576 2584 in
2596 2530 2795 2585 brutis:
2817 2529 3113 2600 eodemque
3129 2538 3251 2583 sunt
3266 2527 3437 2583 aﬁ'ecti
3461 2526 3621 2582 modo
3640 2526 3753 2581 fra-

2169 2635 2295 2689 tres,
2327 2623 2611 2695 propinqui
2633 2632 2685 2678 et
2730 2622 2918 2677 afﬁnes
2936 2663 2952 2688 ,
2981 2631 3037 2677 et
3064 2620 3308 2675 homines
3331 2620 3421 2674 alii
3448 2635 3570 2689 erga
3597 2620 3753 2673 alios.

2169 2718 2213 2770 A
2244 2729 2429 2769 natura
2452 2716 2648 2785 quippe
2678 2714 2832 2784 proni
2862 2713 2928 2767 ad
2956 2713 3374 2767 misericordiam
3403 2727 3609 2769 sumus.
3633 2712 3757 2767 Ideo

2171 2809 2310 2861 circa
2344 2806 2534 2875 injuria
2568 2805 2788 2860 affectos
2827 2805 3197 2874 indignamur,
3231 2804 3373 2858 circa
3410 2805 3763 2874 interemptos

2176 2899 2451 2963 dolemus,
2501 2898 2545 2953 si
2577 2898 2819 2967 lugentes
2859 2897 3135 2951 videamus
3160 2938 3176 2963 ,
3216 2897 3587 2966 laerymamur.
3628 2898 3759 2964 Quia

2173 2993 2315 3046 enim
2360 2992 2472 3046 vult
2516 2992 2696 3056 Deus,
2742 3000 2800 3045 ut
2828 2990 2881 3045 id
2921 2990 3279 3057 observetur,
3335 3000 3576 3046 naturam
3604 2993 3765 3062 jussit

2174 3084 2339 3137 multa
2370 3083 2469 3137 hac
2494 3081 2547 3136 in
2577 3096 2638 3137 re
2662 3096 2727 3137 ex
2758 3096 2817 3137 se
2841 3082 3104 3147 conferre,
3136 3082 3432 3137 ostendens
3454 3082 3505 3137 id
3524 3083 3622 3137 sibi
3650 3098 3767 3137 ma-

2175 3175 2317 3228 xime
2344 3175 2393 3228 in
2420 3174 2617 3243 optatis
2646 3187 2787 3227 esse.
2815 3172 2943 3227 Haec
2967 3173 3147 3242 itaque
3165 3173 3347 3227 animo
3369 3183 3640 3229 versantes
3662 3216 3678 3240 ,
3710 3184 3765 3228 et

2175 3280 2274 3319 nos
2303 3274 2355 3319 et
2396 3265 2534 3320 ﬁlios
2575 3272 2629 3319 et
2665 3264 2993 3335 pr0pinquos
3023 3264 3089 3318 ad
3118 3264 3478 3336 elcemosyna:
3526 3264 3766 3320 scholam

2175 3356 2470 3421 ducamus;
2499 3355 2601 3411 hoc
2623 3364 2746 3410 ante
2774 3356 2950 3409 omnia
2978 3355 3150 3410 discat
3169 3355 3360 3423 homo;
3390 3372 3511 3411 nam
3538 3357 3663 3412 illud
3686 3368 3769 3413 est

2180 3448 2445 3501 hominem
2470 3462 2631 3511 esse;
2660 3446 2851 3518 Magna
2875 3447 3061 3517 quippe
3084 3463 3165 3501 res
3191 3456 3260 3502 est
3282 3448 3452 3513 homo,
3482 3458 3529 3503 et
3550 3450 3771 3519 pretiosa

2179 3556 2256 3592 res
2285 3549 2358 3593 est
2387 3539 2459 3591 vir
2480 3538 2799 3613 misericors(
2824 3539 2978 3594 Prov.
3008 3539 3101 3595 20.
3131 3540 3203 3612 6)
3229 3558 3242 3605 ;
3274 3540 3319 3595 si
3348 3541 3398 3595 id
3428 3556 3532 3595 non
3554 3541 3770 3609 habeat,

2181 3646 2210 3682 a
2238 3638 2425 3684 natura
2448 3631 2678 3685 hominis
2699 3631 2916 3685 decidit.
2944 3631 3053 3685 lloc
3074 3632 3343 3701 sapientes
3360 3632 3541 3688 efﬁcit.
3567 3634 3771 3704 Ecquid

2183 3722 2419 3788 miraris,
2446 3723 2491 3777 si
2521 3722 2623 3777 hoc
2644 3733 2726 3777 est
2748 3723 3015 3777 hominem
3044 3724 3200 3779 esse?
3221 3724 3334 3779 Hoc
3357 3734 3440 3779 est
3465 3726 3601 3781 Deus
3630 3742 3772 3791 esse;

2185 3831 2305 3869 nam
2329 3817 2401 3870 ait
2426 3834 2437 3869 :
2462 3814 2636 3870 Estote
2658 3817 3023 3881 misericordes,
3048 3818 3176 3870 sicut
3198 3827 3243 3870 et
3261 3817 3418 3872 Pater
3437 3828 3593 3872 vester
3618 3818 3774 3891 (Luc.

2185 3909 2239 3963 6.
2272 3909 2399 3979 '56).
2433 3909 2708 3965 Discamus
2744 3910 2903 3979 igitur
2932 3911 3306 3966 misericordes
3344 3928 3491 3978 esse,
3525 3922 3636 3967 tum
3660 3929 3778 3968 om-

2190 4005 2334 4057 nium
2363 4017 2522 4056 causa
2544 4043 2557 4065 ,
2588 4013 2698 4056 tum
2733 4003 2963 4057 maxime
2993 4002 3133 4072 quod
3164 4014 3219 4058 et
3247 4004 3346 4073 ipsi
3377 4006 3539 4059 multa
3567 4006 3779 4061 miscri—

2188 4095 2367 4149 cordia
2394 4110 2663 4165 egeamus.
2694 4094 2877 4163 Neque
2906 4109 3003 4147 nos
3029 4096 3204 4150 vivere
3233 4108 3478 4165 putemus
3506 4112 3611 4167 quo
3639 4106 3778 4151 tem-

2190 4201 2319 4256 pore
2343 4185 2717 4241 misericordes
2739 4201 2842 4240 non
2875 4201 3091 4251 sumus;
3120 4186 3187 4241 de
3209 4186 3547 4259 eleemosyna
3566 4189 3778 4259 loquor,

2190 4296 2309 4351 qua:
2330 4281 2397 4335 ab
2426 4279 2647 4333 avaritia
2673 4291 2727 4334 et
2752 4280 2933 4349 rapina
2967 4295 3095 4349 pura
3122 4281 3207 4334 sit.
3241 4279 3295 4335 Si
3322 4282 3465 4335 enim
3504 4283 3592 4352 qui
3626 4284 3780 4338 bonis

2193 4372 2304 4426 suis
2324 4380 2628 4436 contentus,
2652 4371 2784 4424 nihil
2803 4371 2917 4424 aliis
2940 4371 3180 4439 largitur,
3205 4386 3311 4426 non
3335 4382 3417 4426 est
3442 4373 3773 4429 misericors:

2195 4465 2285 4536 qui
2312 4466 2482 4520 aliena
2513 4466 2672 4534 rapit,
2701 4464 2967 4533 quomodo
2994 4464 3298 4519 misericors
3325 4464 3392 4519 sit
3411 4506 3424 4525 .
3455 4467 3663 4521 etiamsi
3694 4467 3774 4520 in-

2196 4574 2419 4613 numera
2464 4557 2684 4627 eroget?
2723 4556 2855 4610 Nam
2905 4557 2949 4611 si
2990 4556 3034 4610 is
3075 4558 3165 4627 qui
3205 4557 3317 4612 suis
3345 4567 3546 4613 tantum
3586 4560 3775 4615 fruitur

2196 4650 2370 4715 bonis,
2394 4659 2447 4704 et
2473 4649 2600 4704 nihil
2623 4649 2859 4719 largitur,
2880 4649 3257 4704 immisericors
3282 4660 3364 4705 est
3389 4668 3402 4704 :
3424 4651 3590 4705 multo
3612 4667 3781 4722 magis

2200 4741 2243 4795 is
2274 4741 2363 4810 qui
2393 4740 2565 4795 aliena
2596 4738 2810 4810 abripit.
2845 4740 2900 4795 Si
2932 4741 2965 4794 ii
2997 4742 3086 4810 qui
3110 4740 3240 4796 nihil
3258 4742 3437 4796 damni
3466 4743 3777 4804 intulerunt.

2202 4833 2501 4903 plectuntur
2521 4872 2537 4897 ,
2566 4832 2688 4901 quia
2721 4832 2892 4901 largiti
2919 4848 3022 4886 non
3052 4842 3176 4887 sunt
3207 4851 3220 4888 :
3250 4834 3417 4888 multo
3441 4836 3607 4906 magis
3634 4835 3673 4889 ii
3692 4837 3783 4906 qui

2201 4925 2372 4980 aliena
2394 4932 2702 4993 rapuerunt.
2724 4923 2800 4978 Ne
2821 4925 2977 4994 igitur
2994 4925 3213 4993 dixeris,
3236 4927 3388 4981 Alius
3414 4928 3607 4998 injuste
3628 4930 3786 4985 laesus

2204 5027 2306 5083 est,
2334 5027 2387 5072 et
2415 5016 2551 5071 alius
2573 5017 2967 5088 eleemosynam
2989 5018 3198 5087 accipit.
3224 5017 3276 5073 In
3304 5018 3405 5073 hoc
3422 5020 3564 5074 enim
3586 5022 3786 5075 malum

2205 5119 2471 5164 versatur.
2507 5108 2610 5163 Par
2638 5109 2835 5179 quippe
2874 5117 2992 5163 erat
3029 5110 3272 5163 eumdem
3301 5110 3471 5178 ipsum
3499 5113 3587 5181 qui
3629 5112 3790 5168 larsus

2206 5208 2308 5265 est,
2338 5199 2731 5270 eleemosyuam
2755 5200 2996 5269 accipere
3030 5218 3043 5253 :
3076 5215 3216 5254 nunc
3239 5216 3367 5255 vero
3401 5202 3533 5256 alios
3560 5203 3793 5258 vulneri-

2207 5295 2308 5350 bus
2328 5294 2515 5361 afficis,
2537 5302 2591 5347 et
2609 5293 2830 5347 aliorum
2852 5295 3067 5348 vulnera
3092 5309 3265 5359 curas,
3287 5310 3420 5365 quos
3448 5312 3553 5350 non
3573 5298 3793 5354 vulnere

2209 5384 2452 5449 aﬁ‘ecisti,
2475 5400 2595 5439 cum
2621 5392 2894 5453 oporteret
2917 5384 3034 5438 illos
3062 5384 3204 5453 ipsos
3230 5400 3449 5445 curare;
3483 5386 3589 5441 imo
3616 5388 3794 5458 potius

2210 5492 2320 5532 non
2352 5477 2687 5531 vulnerasse.
2713 5476 2977 5547 Benignus
2997 5478 3136 5531 enim
3159 5476 3246 5531 ille
3271 5486 3371 5543 est,
3404 5494 3509 5532 non
3532 5480 3618 5548 qui
3640 5480 3798 5534 emdit

2213 5577 2268 5623 et
2290 5576 2471 5637 postea
2497 5574 2668 5633 curat,
2684 5566 2779 5622 sed
2804 5568 2891 5638 qui
2916 5569 2982 5623 ab
3008 5569 3127 5622 aliis
3152 5569 3458 5624 vulneratos
3482 5580 3650 5625 curat.
3668 5571 3795 5627 Tuis

2213 5673 2341 5729 ergo
2366 5658 2521 5712 malis
2548 5657 2829 5725 medearis,
2863 5675 2970 5715 non
2996 5660 3183 5715 alienis
3209 5677 3223 5725 ;
3260 5662 3367 5716 imo
3395 5677 3521 5717 vero
3548 5678 3649 5717 nec
3672 5679 3789 5734 per-

2216 5750 2387 5803 cutias
2411 5791 2425 5813 ,
2459 5765 2555 5803 nec
2598 5748 2815 5818 dejicias
2846 5752 2863 5818 (
2890 5750 2989 5804 hoc
3024 5752 3165 5805 enim
3196 5752 3425 5805 ludentis
3455 5753 3670 5824 esset),
3704 5753 3795 5809 sed

2218 5842 2454 5912 dejectos
2484 5843 2649 5912 erige.
2680 5842 2860 5914 I.N'eque
2890 5845 3029 5899 enim
3060 5857 3207 5915 potes
3231 5846 3417 5901 eadem
3446 5845 3799 5916 elcemosyua:
