4134 6372
407 342 512 405 5:15

398 465 649 536 πλήττων
676 461 769 516 καὶ
801 460 1138 531 θεραπεύων,
1171 460 1284 513 ἀλλ’
1314 464 1341 514 ὁ
1378 463 1504 527 τοὺς
1539 464 1668 534 παρ’
1700 464 1902 535 ἐτέρων
1934 464 2073 536 πλη-

400 552 595 620 γέντας
629 551 873 620 ἰώμενος.
903 549 984 602 T6
1007 547 1205 608 σαυτοῦ
1238 550 1418 603 τοίνυν
1452 551 1599 604 ἴασαι
1634 551 1779 606 κακά
1799 593 1813 616 ,
1852 553 1925 622 μὴ
1940 554 1983 583 θ’
2012 553 2080 607 τά

404 641 589 711 ἐτέρου
609 659 620 670 ·
667 638 868 709 μᾶλλον
898 638 956 690 δὲ
998 636 1132 707 μηδὲ
1164 636 1387 707 πλῆττε,
1410 638 1545 707 μηδὲ
1575 639 1880 693 κατάϐαλλε
1902 640 2080 711 (τοῦτο

403 730 514 797 γὰρ
563 727 845 791 παίζοντός
882 725 1110 794 ἐστιν),
1150 725 1264 778 ἀλλ’
1298 725 1603 797 ἀνάστησον
1644 727 1769 790 τοὺς
1808 727 2081 799 καταϐλη-

405 818 616 880 θέντας.
652 816 784 868 Ούδέ
813 814 921 884 γὰρ
949 814 1173 867 δυνατὸν
1222 812 1300 882 τῷ
1324 812 1473 883 αὑτῷ
1503 814 1686 885 μέτρῳ
1734 814 1833 884 τῆς
1853 815 2080 885 ἐλεημοο

405 904 570 976 σύνης
608 902 941 972 θεραπεῦσαι
988 900 1047 953 τὸ
1088 900 1195 953 ἀπὸ
1239 900 1341 970 τῆς
1402 902 1714 966 πλεονεξίας
1753 902 1941 956 κακόν.
1983 904 2079 957 ’Ἂν

405 994 515 1063 γάρ
545 991 943 1060 πλεονεκτήσῃς
975 989 1180 1053 ὀϐολὸν,
1222 990 1321 1043 οὐκ
1361 989 1549 1043 ὀϐολοῦ
1591 1007 1673 1043 σοι
1702 990 1782 1043 δεῖ
1810 991 1971 1044 πάλιν
2000 992 2079 1055 εἰς

406 1077 795 1147 ἐλεημοσύνην,
831 1077 919 1130 ἶνα
965 1076 1159 1147 ἀνέλῃς
1182 1076 1243 1129 τὸ
1278 1077 1387 1130 ἀπὸ
1426 1080 1525 1146 τῆς
1558 1077 1871 1143 πλεονεξίας
1899 1077 2076 1143 ἐλκος,

403 1165 540 1217 ἀλλά
564 1163 848 1217 ταλάντου.
885 1162 983 1219 Διά
1007 1163 1168 1216 τοῦτο
1187 1166 1215 1216 6
1234 1163 1468 1235 κλέπτης
1498 1164 1659 1227 ἀλοὺς
1686 1164 2080 1237 τετραπλάσιον

404 1251 755 1304 καταϐάλλει·
782 1250 877 1303 τοῦ
901 1250 956 1304 δὲ
986 1250 1308 1315 κλέπτοντος
1334 1256 1363 1305 6
1385 1253 1647 1323 ἁρπάζων
1677 1254 1893 1326 χείρων.
1932 1254 1992 1305 Εἰ
2023 1253 2078 1306 δὲ

403 1341 608 1392 ἐκεῖνον
634 1338 1069 1409 τετραπλασίονα
1112 1338 1404 1393 δοῦναιδεί
1427 1334 1502 1394 ὧν
1525 1340 1739 1409 ἔκλεψε,
1774 1341 1868 1393 τὸν
1904 1340 2082 1411 ἀρπά-

404 1427 563 1490 ζοντα
591 1426 991 1483 δεκαπλασίονα
1017 1426 1113 1480 καὶ
1144 1427 1321 1498 πολλῷ
1369 1428 1530 1482 πλέον
1549 1447 1563 1459 ·
1589 1432 1683 1483 καὶ
1707 1428 1992 1499 ἀγαπητὸν
2021 1427 2081 1479 τὸ

405 1517 501 1568 καὶ
533 1514 677 1568 οὓτω
704 1516 999 1585 δυνηθῆναι
1028 1515 1127 1586 τὴν
1155 1517 1371 1571 ἀδικίαν
1413 1518 1821 1583 ἐξιλεώσασθαι·
1860 1519 2083 1587 ἐλεημο-

405 1601 572 1673 σύνης
604 1602 713 1674 γὰρ
752 1603 870 1656 ούδέ
894 1602 1043 1675 [357]
1062 1603 1181 1657 τότε
1212 1604 1438 1676 λήψεται
1476 1608 1707 1676 καρπόν.
1731 1608 1827 1661 Διά
1866 1607 2023 1660 τοῦτο
2057 1609 2085 1660 6

412 1692 704 1760 Ζακχαῖος,
735 1691 1048 1754 Ἀποτίσω,
1074 1692 1257 1761 φησὶν.
1281 1685 1368 1747 ὧν
1386 1693 1855 1762 ἐσυκοφάντησα
1882 1714 2084 1765 τετρα-

406 1778 731 1840 πλασίονα,
751 1778 847 1831 καὶ
868 1778 940 1831 τὰ
957 1778 1145 1848 ἡμιονη
1168 1779 1284 1833 τῶν
1303 1781 1695 1849 ὑπαρχόντων
1707 1800 1827 1851 μου
1847 1784 1890 1815 ⁶⁹
1912 1783 2086 1837 δώσω

407 1865 682 1935 πτωχοῖς.
716 1867 779 1920 Et
800 1866 855 1919 δὲ
901 1868 959 1919 ἐν
999 1867 1075 1936 τῷ
1104 1868 1252 1939 νόμῳ
1287 1870 1719 1941 τετραπλασίονα
1759 1872 1943 1925 δοῦναι
1986 1873 2085 1935 δεῖ,

407 1953 587 2023 πολλῷ
624 1952 824 2023 μᾶλλον
857 1956 913 2006 ἐν
942 1958 1006 2025 τῇ
1039 1955 1255 2026 χάριτι·
1294 1958 1341 2009 εί
1395 1957 1486 2009 τὸν
1535 1958 1857 2025 κλέπτοντα,
1906 1959 2089 2031 πολλῷ

409 2041 611 2111 μᾶλλον
630 2042 722 2094 τὸν
752 2042 1086 2114 ἁρπάζοντα.
1136 2043 1290 2097 Μετά
1320 2044 1428 2115 γάρ
1460 2045 1558 2114 τῆς
1607 2046 1811 2115 ζημίας
1847 2046 2086 2101 ἐνταῦθα

409 2130 505 2183 καὶ
553 2130 773 2202 ήῦϐρις
801 2132 990 2201 πολλή.
1035 2132 1194 2184 Ὥστε
1236 2134 1341 2185 κᾶν
1388 2134 1917 2188 ἑκατονταπλασίονα
1954 2135 2083 2206 δῷς,

409 2216 622 2269 οὐδέπω
652 2219 714 2270 τὸ
749 2220 858 2271 πᾶν
908 2218 1193 2281 ἐδωκας⁷⁰.
1236 2221 1400 2292 Ὁρᾷς
1439 2220 1515 2285 ὡς
1551 2222 1611 2274 οὐ
1673 2222 1849 2292 μάτην
1880 2222 2084 2293 ἔλεγον¹

411 2301 591 2359 Κᾶντί
631 2303 815 2357 ὀϐολὸν
850 2306 1103 2377 ἀρπάσῃς
1139 2308 1230 2359 καὶ
1266 2306 1523 2360 τάλαντον
1551 2308 1779 2379 ἐπιδῷς,
1813 2309 1965 2379 μόλις
1995 2310 2089 2363 καὶ

457 2389 501 2420 ⁶¹
548 2390 646 2463 μή]
680 2392 871 2464 καὶμὴ
904 2394 971 2445 Η.
1008 2392 1069 2447 L.

1182 349 1239 402 S.
1284 348 1571 406 JOANNIS
1607 347 2100 406 CHRYSOSTOMI
2136 348 2458 410 ARCHIEP.
2501 349 3052 406 CONSTANTINOP.

3739 349 3843 404 5‘26

2182 463 2327 520 οῦτω
2348 464 2698 535 θεραπεύειςς
2729 464 2793 518 Εί
2823 465 2879 518 δὲ
2908 464 3063 517 τοῦτο
3095 463 3282 525 ποιῶν,
3312 464 3483 533 μόλιςο
3533 463 3660 516 ὅταν
3700 464 3845 516 ἀντι-

2185 550 2422 621 στρέψῃς
2442 553 2541 623 τὴν
2570 551 2743 617 τάξιν,
2764 552 2858 605 καὶ
2881 552 3133 623 ἀρπάσῃς
3162 549 3260 620 μὲν
3283 549 3469 612 οὐσίας
3500 550 3846 619 ὁλοκλήρους,

2183 636 2337 705 ὀλίγα
2359 638 2415 691 δὲ
2444 639 2733 710 παράσχῃς
2752 680 2767 706 ,
2810 638 2905 692 καὶ
2941 638 3074 709 μηδέ
3107 637 3334 699 ἐκείνοις
3358 639 3471 699 τοῖς
3494 636 3847 706 ἀδικηθεῖσιν,

2183 723 2294 776 ἀλλ’
2324 726 2528 796 ἐτέροις
2566 728 2680 780 ἀντ’
2712 727 2951 791 ἐκείνων,
2992 726 3149 787 ποίαν
3181 725 3320 791 ἐξεις
3353 723 3681 792 ἀπολογίαν;
3729 723 3849 781 τίνα

2186 812 2545 883 συγγνώμηνς
2601 814 2755 867 ποίαν
2816 815 3088 885 σωτηρίας
3138 813 3366 880 ἐλπίδας
3428 813 3615 866 Βούλει
3662 812 3850 883 μαθεῖν

2184 901 2305 954 ὅσον
2330 903 2537 974 ἐργάζῃ
2570 904 2737 956 κακὸν
2768 902 2941 966 οὕτως
2962 902 3166 967 ἐλεῶν;
3204 904 3469 956 ’Ἄκουσον
3495 903 3597 973 τῆς
3628 900 3852 973 Γραφῆς

2185 989 2444 1060 λεγούσης
2464 1007 2479 1021 '
2516 992 2611 1056 Ὠς
2657 994 2691 1045 ό
2733 991 3079 1045 ἁποκτένων
3113 990 3222 1044 τὸν
3244 990 3290 1021 ⁸³
3328 990 3461 1044 υἱόν
3513 990 3852 1058 ἔμπροσθεν

2183 1078 2292 1133 τοῦ
2320 1078 2544 1144 πατρὸς
2582 1078 2789 1143 αὐτοῦ,
2822 1080 3010 1145 οὕτως
3060 1082 3093 1133 ό
3148 1078 3472 1149 προσάγων
3517 1078 3740 1132 θυσίαν
3783 1076 3853 1129 ἐκ

2187 1167 2503 1236 χρημάτων
2526 1167 2818 1233 πενήτων.
2843 1166 3058 1238 Ταύτην
3086 1168 3263 1221 τοίνυν
3283 1166 3382 1235 τὴν
3410 1166 3639 1236 ἀπειλὴν
3656 1165 3854 1235 ἐγγρά-

2184 1254 2383 1324 ψαντες
2427 1258 2491 1325 τῇ
2533 1255 2760 1325 διανοίᾳ,
2812 1254 3151 1325 ἀπέλθωμεν·
3184 1255 3384 1326 ταύτην
3407 1256 3464 1307 ἐν
3488 1255 3599 1318 τοῖς
3631 1252 3852 1322 τοίχοις,

2186 1341 2388 1411 ταύτην
2429 1344 2484 1394 ἐν
2510 1344 2631 1404 ταῖς
2683 1342 2861 1413 χερσὶ,
2884 1342 3084 1412 ταύτην
3114 1343 3172 1394 ἐν
3220 1341 3297 1410 τῷ
3331 1340 3609 1398 συνειδότι,
3651 1338 3856 1409 ταύτην

2187 1429 2461 1499 πανταχοῦ
2482 1446 2495 1459 ·
2534 1430 2618 1482 ἵνα
2654 1429 2755 1483 κᾶν
2785 1432 2813 1483 6
2850 1430 3011 1499 φόϐος
3037 1424 3191 1492 οὗτος
3219 1428 3482 1498 ἀκμάζων
3515 1424 3671 1497 ἡμῶν
3696 1428 3755 1479 ἐν
3786 1428 3854 1497 τῇ

2187 1518 2392 1588 διανοίᾳ
2433 1517 2615 1589 κωλύῃ
2665 1518 2762 1580 τὰς
2800 1520 2986 1587 χεῖρας
3016 1517 3173 1588 ἡμῶν
3225 1515 3607 1586 καθημερινῶν
3656 1514 3853 1583 φόνων.

2187 1607 2352 1658 Φόνου
2370 1605 2476 1675 γὰρ
2498 1605 2720 1677 ἁρπαγὴ
2741 1604 3135 1676 χαλεπώτερον,
3156 1604 3294 1657 κατά
3318 1604 3510 1674 μικρὸν
3538 1601 3629 1655 τὸν
3652 1602 3859 1671 πένητα,

2190 1693 2573 1747 ἀναλίσκουσα.
2625 1691 2721 1745 ἰν’
2764 1688 2857 1745 οὖν
2907 1691 3302 1763 καθαρεύωμεν
3342 1689 3438 1743 τοῦ
3472 1690 3779 1761 μιάσματος
3809 1688 3859 1720 ’⁸

2190 1782 2401 1837 τούτου.
2436 1779 2746 1851 μελετῶμεν
2771 1781 2863 1833 καὶ
2896 1781 3031 1851 πρὸς
3057 1780 3280 1843 ἑαυτοὺς
3312 1778 3566 1850 καὶπρὸς
3595 1777 3861 1848 ἀλλήλους

2191 1870 2383 1925 ταῦτα.
2414 1868 2568 1920 Οὕτω
2585 1869 2689 1940 γὰρ
2721 1870 2815 1922 καὶ
2848 1869 2983 1939 πρὸς
3009 1868 3154 1921 ἐλεον
3182 1868 3415 1937 ἐσόμεθα
3436 1865 3860 1936 προθυμότεροι,

2190 1958 2284 2011 καὶ
2320 1956 2591 2025 καθαροὺς
2616 1956 2742 2018 τοὺς
2772 1956 2865 2008 ἐπὶ
2896 1955 3066 2027 ταύτῃ
3100 1956 3385 2026 ληψὰμεθα
3411 1954 3637 2026 μισθοὺς
3660 1953 3728 2018 ⁷⁸,
3764 1953 3862 2005 καὶ

2186 2044 2296 2096 τῶν
2324 2043 2556 2100 αἰωνίων
2608 2042 2986 2113 ἀπολαύσομεν
3039 2042 3280 2111 ἀγαθῶν,
3324 2043 3506 2113 χάριτι
3540 2041 3634 2094 καὶ
3668 2039 3861 2109 φιλαν-

2191 2131 2408 2202 θρωπία
2447 2130 2538 2185 τοῦ
2569 2131 2773 2202 Κυρίου
2802 2131 2958 2201 ἡμῶν
3000 2130 3174 2201 Ἰησοῦ
3200 2129 3459 2201 Χριστοῦ,
3488 2123 3532 2198 ᾧ
3556 2131 3591 2201 ή
3622 2128 3747 2195 δόξα
3767 2128 3864 2181 καὶ

2190 2221 2251 2273 τὸ
2274 2220 2475 2290 κράτος
2506 2220 2603 2273 σὺν
2658 2219 2736 2290 τῷ
2766 2221 2941 2292 Πατρὶ
2991 2221 3085 2274 καὶ
3116 2218 3206 2290 τῷ.
3228 2220 3367 2290 ἁγίῳ
3421 2217 3723 2287 Πνεύματι,
3764 2213 3867 2269 νῦν

2195 2309 2289 2362 καὶ
2314 2309 2401 2361 ἀεὶ
2432 2309 2527 2362 καὶ
2562 2308 2643 2373 είς
2673 2310 2795 2372 τοὺς
2827 2306 3025 2371 αίώνας
3048 2308 3155 2361 τῶν
3186 2308 3419 2361 αἰώνων.
3462 2306 3656 2377 Ἀμήν.

1148 2395 1190 2425 ⁸⁸
1217 2394 1310 2447 τὸν
1336 2410 1447 2449 om.
1470 2394 1540 2448 Μ.
1574 2395 1666 2451 τὸν
1706 2396 1821 2449 υίὸν
1851 2396 2017 2449 αὑτοῦ
2050 2396 2363 2467 ἔμπροσθεν
2388 2396 2482 2450 τοῦ
2513 2398 2738 2469 πατρὸς,
2771 2396 2945 2460 οὕτως
2969 2397 3033 2452 G.
3067 2396 3133 2451 ll.
3181 2396 3247 2450 Κ.

1960 2563 2206 2616 ΟΜΙΛΙΔ
2245 2526 2370 2617 Μ’).

425 2634 478 2687 '0
509 2631 577 2686 δὲ
618 2629 850 2696 Ἰησοῦς
890 2631 1469 2697 προσκαλεσάμενος
1506 2630 1648 2697 τοὺς
1678 2631 1945 2700 μαθητὰς
1989 2634 2095 2686 αὺ-

2197 2635 2401 2700 αύτοῖς,
2430 2633 2611 2698 καθώς
2639 2651 2801 2706 φησιν
2822 2636 2849 2688 ό
2872 2633 3119 2705 Μάρκος,
3137 2634 3217 2688 ὅτι
3234 2634 3280 2665 ⁸⁸
3304 2633 3503 2701 Οὕτως
3518 2633 3636 2688 εἰσὶ
3665 2649 3867 2689 πεπως

483 2711 611 2775 τοῦ,
637 2707 767 2763 εἷπε
782 2724 797 2738 ⁵
826 2728 844 2761 ⁸
875 2708 1353 2791 Σπλαγχνίζομαι
1372 2709 1468 2762 ἐπὶ
1496 2711 1606 2791 τόν
1628 2710 1815 2791 ὅκιᾷρν
1837 2711 1983 2791 ⁶⁹·Ῠ⁵ν
2007 2710 2096 2764 ὅτι
2188 2722 2450 2791 ρωμέναι
2503 2725 2562 2777 αὶ
2594 2722 2827 2790 καρδίαι
2869 2721 3068 2790 ὐμῶν;
3118 2720 3467 2791 ὀφθαλμοὺς
3518 2722 3762 2790 ἔχοντες
3790 2726 3868 2779 σὺ

483 2791 602 2860 ἤδη
643 2791 855 2858 ἡμέραι
896 2787 1055 2855 τρεῖς
1107 2788 1522 2855 προσμένουσι
1582 2806 1684 2857 μοι
1713 2790 1783 2852 ⁷⁸,
1833 2790 1931 2842 καὶ
1985 2792 2097 2843 οὐκ

484 2871 705 2938 ἔχουσι
724 2869 783 2921 τί
810 2865 1073 2935 φάγωσμ
1107 2866 1205 2918 καὶ
1244 2867 1550 2920 ἀπολῦσαι
1591 2867 1816 2933 αὐτοὺς
1848 2868 2098 2937 νήστεις

487 2950 562 3003 οὐ
593 2947 768 3010 θέλω,
798 2945 1033 3015 μήποτε
1057 2944 1397 2999 ἐκλυθῶσιν
1430 2946 1500 2999 ὲν
1527 2945 1603 3015 τῇ
1630 2946 1767 3012 ὀδῷ.
1811 2966 1830 2998 ι

488 3097 555 3144 α’.
581 3089 690 3142 Καὶ
708 3087 966 3159 ἀνωτέρω
986 3088 1046 3139 τὸ
1070 3090 1296 3158 σημεῖον
1314 3087 1472 3141 τοῦτο
1492 3087 1701 3157 μέλλων
1728 3090 1925 3154 ποιεῖν,
1946 3087 2099 3158 πρῶ-

418 3197 510 3231 τον
548 3176 883 3245 ἐθεράπευσε
911 3175 1036 3237 τοὺς
1064 3175 1125 3228 τὸ
1173 3174 1334 3243 σῶμα
1393 3175 1824 3245 πεπηρωμένους
1845 3193 1859 3207 ·
1886 3176 1981 3229 καί¹
2010 3178 2100 3230 ἐν·

417 3265 592 3323 ταῦθα
628 3264 689 3318 τὸ
724 3263 853 3316 αὐτὸ
894 3262 1053 3315 τοῦτο
1109 3266 1283 3315 ποιεῖ·
1323 3262 1431 3315 ἀπὸ
1468 3264 1567 3333 τῆς
1616 3263 1726 3316 τῶν
1753 3263 1968 3332 τυφλῶν
2006 3266 2101 3319 καὶ

418 3352 608 3426 χωλῶν
638 3351 900 3415 ἰάσεωςττ
928 3353 1008 3414 είς
1045 3350 1197 3403 τοῦτο
1225 3350 1475 3421 ἐμϐαίνει
1508 3351 1690 3405 πάλιν.
1720 3351 1785 3405 Τί
1813 3353 2014 3423 δήποτε
2044 3352 2100 3405 δέ

419 3445 543 3497 τότε
577 3442 675 3513 μὲν
713 3437 868 3495 εἷπον
897 3443 945 3492 οἱ
979 3441 1239 3510 μαθηταὶ,
1284 3440 1621 3493 Ἀπόλυσον
1652 3440 1796 3507 τοὺς
1831 3441 2059 3510 ὄχλους
2082 3459 2098 3477 ο

419 3534 517 3590 νῦν
543 3535 601 3589 δέ
628 3535 727 3588 οὐκ
751 3530 925 3597 εἷπον,
945 3531 1229 3585 καὶταῦτα
1258 3530 1643 3602 παρελθουσῶν
1668 3530 1837 3601 τριῶν
1852 3534 1885 3601 ἡ
1895 3532 2099 3603 μερῶν;

421 3625 494 3678 Ἢ
524 3623 619 3677 καὶ¹
656 3621 809 3675 αὐτοὶ
847 3619 1087 3691 βελτίους
1116 3619 1398 3689 γενόμενοι
1430 3618 1635 3683 λοιπὸν,
1668 3620 1701 3689 ἢ
1734 3619 1828 3672 καὶ
1863 3619 2104 3682 ἐκείνους

422 3711 655 3782 ὁρῶντες
700 3710 760 3762 οὐ
794 3708 997 3778 σφόδρα
1036 3707 1460 3777 αἰσθανομένους
1492 3708 1586 3760 τοῦ
1629 3706 1789 3777 λιμοῦ
1813 3725 1827 3739 ·
1863 3707 1959 3765 καὶ
1993 3707 2104 3779 γὰρ

422 3799 675 3866 ἐδόξαζον
708 3797 800 3849 τὸν
849 3796 982 3850 Θεὸν
1013 3797 1105 3849 ἐπὶ
1151 3798 1263 3858 τοῖς
1293 3796 1621 3865 γινομένοις.
1656 3796 1797 3848 Ἀλλ’
1834 3797 1938 3865 ὅρα
1988 3796 2104 3860 πῶς

423 3888 519 3943 καὶ
549 3888 642 3945 νῦν
670 3886 767 3955 ούχ
797 3885 982 3947 ἁπλῶς
1001 3883 1093 3936 ἐπὶ
1117 3882 1178 3937 τὺ
1201 3882 1917 3955 θαῦμα[558]έρχεται,ἀλλ⁹
1935 3885 2103 3937 ἐκκα-

425 3977 598 4031 λεῖται
620 3976 669 4008 ’⁸⁸
698 3975 896 4036 αὐτοὺς
920 3975 1000 4035 είς
1020 3973 1197 4026 τοῦτο.
1225 3973 1288 4026 Οί
1314 3973 1413 4042 μὲν
1442 3973 1550 4043 γὰρ
1572 3972 1719 4042 ὄχλοι
1736 3973 1831 4025 ἐπὶ
1864 3974 2103 4043 ἰατρείαν

425 4063 673 4125 ἐλθόντες
709 4061 810 4114 οὑκ
857 4060 1102 4130 ἐτόλμων
1136 4060 1261 4122 τοὺς
1314 4058 1512 4129 ἄρτους
1542 4060 1765 4131 αἰτῆσαι
1786 4076 1799 4090 ⁸
1852 4060 2015 4122 αὐτὸς
2047 4060 2104 4114 δέ

426 4150 517 4203 ό⁷⁹
548 4148 930 4218 φιλάνθρωπος
958 4148 1052 4199 καὶ
1076 4145 1351 4216 κηδεμὼν,
1380 4148 1473 4199 καὶ
1504 4148 1605 4199 οὐκ
1647 4145 1857 4200 αίτοῦσι
1894 4147 2099 4211 δίδωσι,

428 4238 523 4292 καί
557 4254 690 4306 φησι
736 4236 875 4307 πρὸς
909 4236 1035 4299 τοὺς
1083 4236 1360 4305 μαθητάςο
1392 4232 1867 4305 Σπλαγχνίζομαι
1890 4235 1958 4298 ⁸ο,
2005 4238 2103 4289 καὶ

428 4325 737 4380 ἀπολῦσαι
792 4323 1015 4388 αὐτοὺς
1038 4322 1285 4388 νήστεις
1321 4325 1391 4376 οὐ
1436 4323 1608 4376 θέλω.
1638 4323 1756 4375 Ἵνα
1782 4322 1891 4394 γὰρ
1920 4323 1994 4392 μὴ
2014 4322 2105 4381 λέ-

428 4431 620 4480 γωσιν,
667 4413 750 4465 ὅτι
789 4412 977 4480 ἐφόδια
1012 4410 1227 4481 ἔχοντες
1263 4407 1447 4481 ἦλθον,
1486 4411 1648 4480 φησί’
1691 4408 1850 4479 Τρεῖς
1884 4410 2108 4482 ἡμέρας

429 4500 549 4569 ἤδη
563 4519 665 4569 μοι
684 4499 1155 4569 παραμένουσιν
1175 4500 1314 4552 ὥστε
1336 4500 1382 4550 εί
1415 4499 1509 4550 καὶ
1537 4498 1747 4567 ἔχοντες
1770 4494 1954 4569 ἦλθον.
1976 4500 2107 4553 ἀνά-

430 4588 598 4641 λωται
630 4587 824 4641 ταῦτα.
855 4586 955 4640 Διά
983 4586 1091 4657 γάρ
1127 4586 1285 4640 τοῦτο
1307 4586 1402 4638 καὶ
1428 4584 1588 4646 αὐτὸς
1609 4588 1708 4637 οὐκ
1739 4586 1794 4637 ἐν
1822 4587 1886 4654 τῇ
1919 4583 2110 4656 πρώτῃ

431 4677 529 4729 καὶ
553 4673 785 4748 δευτέρᾳ
834 4674 992 4729 τοῦτο
1034 4676 1352 4745 πεποίηκεν,
1392 4673 1507 4727 ἀλλ’
1557 4674 1646 4726 ὅτε
1676 4674 1858 4735 αὐτοῖς
1895 4672 2112 4726 ἅπαντα

433 4759 700 4821 ἀνάλωτο,
727 4758 870 4813 ὥστε
914 4760 1180 4830 πρότερον
1208 4760 1407 4821 αὐτοὺς
1436 4760 1495 4811 ἐν
1545 4757 1705 4829 χρείᾳ
1732 4758 2112 4820 καταστάντας

441 4848 579 4919 μετά
610 4848 856 4912 πλείονος
892 4849 987 4919 τῆς
1016 4849 1325 4919 προθυμίας
1367 4847 1626 4913 δέξασθαι
1655 4848 1717 4900 τὸ
1744 4847 2109 4917 γινόμενον⁸¹.

437 4929 536 4995 Διά
550 4929 710 4983 τοῦτό
735 4948 921 5000 φησιν,
940 4930 1065 4985 Ἵνα
1078 4930 1162 4998 μὴ
1189 4929 1529 4984 ἐκλυθῶσιν
1549 4930 1618 4983 ἐν
1637 4929 1712 4998 τῇ
1735 4930 1873 4995 ὀδῷ·
1896 4931 2113 4993 δεικνὺς

436 5017 518 5071 ὅτι
544 5018 638 5070 καὶ
686 5018 970 5089 πόρρωθεν
1003 5020 1406 5089 ἀφεστήκεσαν,
1446 5020 1542 5070 καὶ
1573 5018 1727 5071 οὐδὲν
1765 5019 1949 5081 αὐτοῖς
1978 5019 2112 5070 ὐπο-

438 5105 790 5175 λελειμμένον
844 5101 933 5177 ἦν,
976 5107 1085 5159 K61
1122 5108 1171 5159 εί
1227 5106 1300 5177 μὴ
1361 5105 1534 5168 θέλεις
1563 5105 1830 5158 ἀπολῦσαι
1870 5108 2110 5176 νήστεις,

442 5193 581 5256 τίνος
604 5193 789 5246 ἕνεκεν
819 5195 880 5246 οὺ
903 5198 1077 5258 ποιεῖς
1098 5195 1141 5227 ³²
1164 5196 1223 5248 τὸ
1248 5196 1500 5267 σημεῖον;
1520 5194 1639 5247 Ἵνα
1670 5196 1727 5247 ἐν
1752 5197 1817 5266 τῇ
1846 5196 2116 5266 ἐρωτήσει

439 5281 612 5354 ταύτῃ
647 5281 740 5334 καὶ
768 5283 834 5351 τῇ
866 5282 1156 5351 ἀποκρίσει
1183 5284 1726 5355 προσεκτικωτέρους
1754 5285 1955 5356 ποιήσῃ
1988 5283 2116 5346 τοὺς

445 5370 715 5441 μαθητὰς,
749 5370 844 5423 καὶ
874 5368 974 5440 τὴν
1012 5370 1196 5424 πίστιν
1234 5372 1412 5424 αὐτῶν
1443 5371 1841 5436 ἐπιδείξωνται,
1867 5372 2118 5443 προσιόν-

442 5475 535 5522 τες
563 5458 659 5511 καὶ
706 5457 957 5525 λέγοντες
976 5457 1053 5488 ⁸³·
1094 5458 1326 5529 Ποίησον
1376 5460 1596 5529 ἄρτους.
1643 5460 1784 5513 Ἀλλ’
1818 5460 1939 5513 ούδέ
1975 5458 2119 5511 οὕτω

446 5545 686 5615 συνῆκαν
718 5544 819 5616 τῆς
853 5545 1174 5616 ἐρωτήσεως
1206 5546 1304 5617 τὴν
1328 5546 1503 5599 αἰτίαν
1522 5561 1535 5575 ·
1562 5546 1683 5600 ὅθεν
1710 5547 1935 5617 ὕστερον
1969 5546 2115 5614 λέγει

2191 2812 2474 2877 βλέπετε,
2504 2811 2603 2864 καί
2632 2807 2751 2866 ὦτα
2776 2811 3019 2879 ἔχοντες
3047 2812 3159 2865 οὐκ
3191 2811 3473 2873 ἀκούετε;
3521 2811 3673 2864 Ἐπεὶ
3708 2813 3757 2864 εί
3788 2812 3867 2883 μὴ

2197 2901 2355 2954 τοῦτο
2376 2896 2464 2971 ἦν,
2500 2900 2643 2963 τίνος
2677 2900 2864 2952 ἐνεκεν
2892 2902 3004 2962 τοῖς
3041 2898 3309 2969 μαθηταῖς
3330 2898 3496 2967 λέγει,
3531 2901 3626 2951 καὶ
3654 2899 3866 2954 δείκνυ·

2200 3006 2284 3041 σιν
2313 2987 2495 3052 ἀξίους
2531 2988 2626 3040 τοῦ
2657 2987 2849 3041 παθεῖν
2896 2982 2955 3041 εὖ
2985 2988 3112 3049 τοὺς
3160 2986 3370 3055 ὄχλους,
3401 2987 3496 3038 καὶ
3537 2986 3866 3057 προστίθησι

2199 3079 2292 3131 καὶ
2321 3070 2421 3131 ’τὸν
2448 3077 2595 3131 ἔλεον
2632 3077 2722 3131 τὸν
2761 3078 2891 3147 παρ’
2939 3076 3136 3141 αύτοῦ;
3182 3076 3241 3128 Ὀ
3287 3076 3342 3128 δέ
3370 3075 3648 3140 Ματθαῖός
3676 3092 3864 3146 φησιν,

2198 3168 2281 3220 ὅτι
2309 3168 2446 3237 μετά
2482 3166 2654 3220 ταῦτα
2684 3167 2779 3220 καὶ
2808 3166 3142 3236 ἐπετίμησεν
3183 3166 3368 3229 αὐτοῖς
3398 3165 3571 3234 λέγων
3594 3181 3610 3197 ·
3654 3165 3873 3234 71.11115—

2200 3271 2424 3317 πιστοι,
2445 3256 2609 3308 οῦπω
2648 3254 2859 3317 νοεῖτε,
2892 3253 3035 3308 οὐδὲ
3054 3254 3463 3324 μνημονεύετε
3504 3253 3649 3319 τοὺς
3688 3253 3873 3306 πέντε

2200 3345 2417 3413 ἄρτους
2454 3343 2573 3397 τῶν
2616 3346 3140 3412 πεντακισχιλίων,
3178 3342 3275 3395 καί
3309 3343 3543 3407 πόσους
3574 3342 3872 3410 κοφίνους

2200 3434 2475 3496 ἐλάϐετε;
2518 3431 2664 3486 οὐδὲ
2696 3432 2837 3498 τοὺς
2874 3431 3023 3485 ἑπτὰ
3071 3430 3290 3498 ἄρτους
3330 3429 3451 3483 τῶν
3495 3444 3872 3498 τετρακισχι-

2200 3525 2369 3587 λίων,
2398 3523 2493 3577 καὶ
2518 3524 2714 3588 πόσας
2744 3520 3043 3589 σπυρίδας
3079 3521 3356 3582 ἐλάϐετες
3392 3519 3581 3583 Οὕτως
3622 3519 3874 3589 ἀλλήλας

2206 3610 2640 3682 συμφωνοῦσινθυ
2697 3610 2745 3661 οί
2802 3608 3201 3677 εὐαγγελισταί.
3250 3607 3314 3660 Τί
3355 3604 3447 3660 οὖν
3501 3610 3549 3660 οί
3595 3605 3872 3676 μαθηταί;

2207 3699 2330 3753 Ἔτι
2378 3697 2552 3768 χαμαὶ
2617 3696 2879 3767 ἓρπουσι·
2935 3697 3110 3748 καίτοι
3175 3696 3342 3767 μυρία
3400 3696 3676 3765 ἐποίησεν,
3731 3693 3875 3753 ὥστε

2209 3785 2648 3858 μνημονευθῆναι
2688 3785 2864 3837 ἐκεῖνο
2914 3784 2973 3837 τὸ
3000 3784 3220 3854 θαῦμα,
3256 3786 3351 3837 καὶ
3386 3784 3475 3837 διά
3510 3785 3615 3853 τῆς
3671 3784 3877 3854 ἐρωτή-

2211 3891 2367 3939 σεως,
2402 3874 2495 3927 καὶ
2524 3873 2613 3927 διὰ
2638 3872 2737 3943 τῆς
2764 3873 3129 3943 ἀποκρίσεως,
3158 3873 3253 3926 καὶ
3270 3872 3357 3925 διά
3384 3871 3478 3925 τοῦ
3512 3875 3734 3942 ποιῆσαι
3760 3870 3877 3923 διας

2210 3963 2397 4025 κόνους
2431 3963 2647 4026 αὐτοὺς,
2680 3961 2775 4015 καὶ
2799 3960 2888 4014 διά
2910 3960 3002 4014 τοῦ
3030 3964 3212 4030 νεῖμαι
3228 3960 3272 3991 ’³⁸
3302 3959 3425 4022 τοὺς
3447 3960 3699 4027 κοφίνους
3760 3956 3879 4010 ἀλλ’

2210 4050 2292 4103 ξτι
2336 4049 2687 4121 ἀτελέστερον
2742 4048 3023 4101 διέκειντο.
3084 4048 3174 4100 Διὸ
3240 4048 3335 4101 καὶ
3383 4047 3633 4114 λέγουσιν
3690 4043 3874 4113 αὐτῷ’

2209 4140 2400 4193 Πόθεν
2427 4137 2572 4207 ἡμῖν
2600 4138 2671 4191 ἐν
2696 4136 2893 4205 ἐρήμῳ
2938 4136 3102 4203 ἄρτοι
3132 4134 3448 4198 τοσοῦτοι;
3475 4134 3586 4188 Καὶ
3616 4132 3724 4204 πρὸ
3752 4131 3880 4193 τού-

2210 4244 2304 4280 του
2356 4227 2451 4278 καὶ
2482 4224 2579 4279 νῦν
2602 4224 2701 4295 τῆς
2743 4222 2979 4294 ἐρημίας
3014 4222 3339 4292 μέμνηνται,
3376 4221 3531 4273 αὐτοὶ
3571 4219 3670 4289 μὲν
3722 4217 3883 4271 ἀσθε-

2211 4316 2294 4368 νεῖ
2339 4310 2584 4383 λογισμῷ
2619 4310 2778 4365 τοῦτο
2831 4310 3111 4378 λέγοντες,
3158 4309 3218 4362 τὸ
3251 4308 3309 4361 δὲ
3366 4309 3588 4379 σημεῖον
3648 4306 3742 4360 καὶ
3790 4307 3880 4358 ἐν-

2206 4401 2395 4459 τεῦθεν
2442 4399 2747 4457 ἀνύποπτον
2801 4398 3095 4460 ποιοῦντες.
3147 4396 3265 4449 ’Ἰνα
3312 4396 3420 4466 γὰρ
3468 4396 3542 4466 μή
3584 4412 3670 4458 τις
3725 4394 3881 4465 λέγῃ,

2207 4491 2345 4561 ὅπερ
2400 4488 2495 4542 καὶ
2559 4489 2660 4559 ήδη
2718 4482 2891 4551 εἶπον,
2953 4486 3035 4539 ὅτι
3092 4484 3199 4537 ἀπὸ
3240 4483 3465 4554 πλησίον
3495 4482 3638 4545 τινὸς
3692 4480 3882 4551 κώμης

2208 4578 2374 4649 οὔσης
2399 4576 2585 4629 ἔλαϐον
2610 4576 2677 4640 ⁸⁷,
2710 4574 3053 4645 ὁμολογεῖται
3097 4573 3125 4625 6
3168 4573 3353 4635 τόπος,
3398 4571 3485 4627 ἵνα
3516 4568 3780 4638 πιστευθῇ
3816 4566 3883 4620 τὸ

2211 4666 2415 4736 θαῦμα.
2460 4663 2559 4717 Διά
2608 4661 2764 4715 τοῦτο
2812 4661 2908 4715 καλ⁵
2946 4661 3008 4713 τὸ
3050 4659 3314 4731 πρότερον
3341 4660 3564 4729 σημεῖον
3603 4652 3888 4711 καὶτοῦτο

2212 4759 2270 4810 ἐν
2302 4755 2508 4827 ἐρημία
2545 4755 2706 4816 ποιεῖ,
2745 4751 2879 4803 πολὺ
2907 4752 3014 4803 τῶν
3043 4749 3245 4820 κωμῶν
3267 4747 3567 4817 ἀπεχούσῃ.
3594 4741 3698 4797 ’Ὧν
3731 4741 3889 4795 οὐδὲν

2213 4844 2484 4906 συνιέντες
2509 4842 2555 4874 ⁸⁸
2575 4842 2623 4895 οί
2662 4839 2900 4909 μαθηταὶ
2924 4838 3110 4906 ελεγον
3133 4854 3145 4866 ·
3187 4837 3380 4890 Πόθεν
3409 4833 3553 4903 ἡμῖν
3579 4833 3650 4885 ἐν
3674 4830 3889 4900 ἐρημίᾳ

2212 4934 2377 5002 ἄρτοι
2404 4928 2717 4991 τοσοῦτοι;
2747 4928 2856 4980 Καὶ
2878 4928 2985 5001 γάρ
3022 4926 3269 4996 ἐνόμιζον
3308 4924 3478 4976 ταῦτα
3525 4921 3688 4975 αὑτὸν
3731 4922 3889 4993 εἰρη-

2213 5021 2389 5085 κέναι,
2425 5018 2500 5082 ὡς
2516 5018 2696 5078 αὐτοῖς
2725 5014 2983 5084 μέλλοντα
3005 5014 3310 5067 ἐπιτάττειν
3341 5009 3653 5079 διατρέφειν
3670 5004 3887 5068 αὐτούς’

2215 5106 2418 5176 σφόδρα
2446 5105 2691 5175 ἀνοήτως
2720 5102 2861 5156 ⁸³³³.
2892 5100 2991 5154 Διά
3029 5101 3138 5170 γὰρ
3167 5098 3325 5151 τοῦτο
3351 5097 3446 5149 καὶ
3476 5093 3668 5166 πρώην
3712 5092 3890 5160 ἔλεγε,

2215 5196 2357 5248 Δότε
2387 5192 2592 5259 αὐτοῖς
2631 5190 2801 5261 ὑμεῖς
2834 5188 3067 5261 φαγεῖν,
3122 5188 3208 5240 ἵνα
3257 5186 3455 5248 αὐτοὺς
3508 5186 3589 5246 είς
3635 5179 3892 5252 ἀφορμὴν

2215 5284 2427 5354 ἐμϐάλῃ
2470 5280 2563 5335 τοῦ
2613 5280 2774 5336 αὑτὸν
2822 5277 3219 5349 παρακαλέσαι.
3274 5274 3389 5327 Νῦν
3435 5273 3493 5325 δέ
3557 5270 3678 5323 οὐδὲ
3733 5267 3892 5321 τοῦτό

2217 5386 2399 5442 φησιν,
2448 5370 2529 5422 ὅτι
2595 5369 2736 5421 Δότε
2762 5367 2966 5431 αὐτοῖς
3011 5365 3243 5434 φαγεῖν,
3266 5362 3403 5416 ἀλλά
3430 5360 3516 5424 τί;
3550 5356 3895 5425 Σπλαγχνί-

2218 5459 2400 5527 ζομαι,
2441 5456 2539 5513 καὶ
2568 5455 2874 5510 ἀπολῦσαι
2907 5454 3129 5517 αὐτοὺς
3156 5450 3405 5515 νήστεις
3439 5450 3512 5501 οὺ
3541 5443 3693 5517 [559]
3717 5442 3889 5495 θέλω·

2219 5545 2512 5616 ἐγγύτερον
2544 5542 2739 5605 αὐτοὺς
2767 5544 2915 5610 ἄγων
2944 5542 3037 5595 καὶ
3064 5536 3319 5610 ἐρεθίζων
3344 5535 3564 5605 μᾶλλον,
3588 5532 3683 5584 καὶ
3716 5528 3896 5593 διδοὺς

518 5656 631 5695 ⁶⁹οτ⁵
665 5653 844 5739 ὄχλον]
879 5653 1003 5721 add,
1034 5653 1219 5707 τοῦτον
1250 5656 1316 5708 Η.
1350 5656 1385 5709 4
1418 5656 1624 5725 Mosqq.
1695 5656 1740 5687 ⁷⁸
1761 5656 1973 5757 ἡμέρας
1994 5657 2096 5775 τρε

521 5724 646 5775 ίνων
690 5726 854 5775 παλιν
899 5723 963 5775 Η.
1006 5722 1079 5775 Μ.
1138 5724 1385 5775 ἐμϐαίνει
1427 5728 1518 5775 καὶ
1557 5726 1718 5775 πάλιν
1761 5727 1826 5775 G.
1874 5726 2020 5775 .-.u.6a.
2047 5743 2096 5775 νο

2199 5650 2642 5775 ἱεῖσῗτέεἷξρῗσί
2663 5648 3043 5773 ξῖἓῗέσῖξέτδέ
3109 5644 3433 5775 ζῖςῖαέςεῗίίς
3453 5642 3591 5766 '31."
3597 5683 3610 5696 '
3629 5657 3694 5744 3‘
3714 5657 3770 5775 Ei
3791 5642 3896 5765 ξὲἕιῑ

1874 5744 1947 5796 εμ

446 5724 646 5777 ϐαίνων
690 5716 854 5777 πάλιν
899 5723 963 5777 Η.
998 5716 1079 5778 Μ.
1138 5724 1385 5793 ἐμϐαίνει
1427 5728 1518 5779 καὶ
1552 5716 1718 5779 πάλιν
1761 5716 1826 5781 (ξ’.

449 5796 586 5851 Edd.

688 5796 734 5833 ⁸ο
775 5790 1231 5865 σπλαγχνίζομαι]
1270 5796 1394 5849 add.
1426 5797 1519 5848 ἐπὶ
1570 5797 1662 5849 τὸν
1702 5796 1856 5865 ὄχλον
1888 5790 2022 5850 Edd.

2199 5794 2454 5864 πενόμενον
2476 5863 2494 5865 _
2513 5791 2577 5847 G.
2602 5791 2679 5865 Η.

1950 5710 2151 5778 ϐαίνων
2185 5710 2280 5777 καὶ
2320 5710 2499 5777 πάλιν’
2535 5721 2599 5776 Κ.
2663 5710 2722 5752 ’⁷⁸
2751 5719 2970 5773 ἐκκαλεῖ
2998 5717 3058 5771 L.
3109 5714 3211 5786 είς]
3239 5710 3330 5767 ἐπὶ
3362 5714 3457 5786 L._
3484 5714 3591 5786 M.”
3622 5714 3693 5786 :'_
3799 5710 3899 5765 καὶ

2848 5791 2893 5819 θ’
2934 5787 3078 5841 θέλει
3125 5782 3373 5839 ει⁷ποιεί
3418 5784 3484 5839 G.
3552 5784 3597 5815 ³³
3622 5782 3899 5838 Edebalur

453 5865 724 5968 μαθητὰς,
766 5865 864 5935 τὴν
888 5850 1190 5918 πίηέαυτῶν
1213 5850 1649 5931 ἐπιδεικνύντας,
1684 5850 2006 5933 προσιόντας
2037 5882 2096 5917 κο

481 5938 501 5967 δ
538 5935 929 5968 ..ηυαηιηηηηη
958 5934 977 5968 ι
1056 5935 1102 5968 ιι
1204 5935 1250 5967 ιι
1287 5935 1384 5968 νιιι
1446 5935 1601 5968 nam.
1705 5937 1747 5966 ετ
1783 5936 1873 5968 ειη
1902 5951 1968 5968 ιη.
2015 5935 2096 5968 ῃ..

2199 5850 2427 5932 ἒγοντας.
2463 5863 2617 5927 Quod
2650 5861 2793 5924 dedi,
2824 5869 3045 5913 tuentur
3075 5855 3137 5910 L.
3169 5850 3238 5907 Μ.
3272 5853 3372 5922 Ep.
3446 5855 3490 5885 ει
3521 5852 3628 5924 ὅτι]
3648 5853 3728 5905 ἐτι
3756 5852 3896 5906 Edd.

2199 5934 2265 5968 ,Ω
2320 5933 2361 5968 l:
2459 5933 2505 5965 ns
2536 5931 2862 5968 ηιωηητιυτερ-
2887 5929 2945 5968 1.,
2981 5928 3046 5968 M,
3124 5925 3239 5959 89°"
3271 5944 3288 5968 ι
3328 5924 3480 5968 [Imm
3503 5924 3896 5968 ἀνεπινοῆτωε.

537 5924 929 6007 σύμϐἇίνούσιν
956 5934 1017 5989 L.
1055 5935 1126 5988 M.
1204 5935 1250 5967 ⁸⁸
1287 5935 1407 5989 Vid.
1445 5924 1647 5990 adnotl'
1705 5924 1749 6007 ξξ
1783 5924 2096 6007 ξίοει).ίέλα

2199 5924 2287 6007 ξίὶ.
2433 5924 2508 6007 ,σε
2536 5931 2862 6001 συνορῶντες
2886 5929 2947 5982 L.
2980 5928 3049 6007 M_.
3097 5925 3239 6007 _”"‘
3271 5944 3289 5977 ι
3328 5924 3480 5982 Unus
3503 5924 3900 5993 ἀνεπινοήτιυς,⁴

456 6006 592 6072 alius
610 5998 1012 6078 ἀπερινοήτως.
1035 6025 1051 6056 ι
1081 6008 1291 6076 Monrcf.
1311 6007 1681 6076 ἀπερινοήτως
1705 6006 1771 6061 Η.
1797 6005 1857 6060 L.
1888 5998 2061 6061 Verba
2088 6024 2096 6055 ι

2199 6005 2290 6075 δρα
2322 6004 2562 6075 ἀνοήτως
2586 5998 2693 6057 nou
2723 6007 3003 6054 verterunt
3025 5998 3266 6065 Interpp.
