4108 6376
365 355 475 414 525

353 485 599 529 mensura
619 468 816 526 malum
840 484 904 524 ex
929 468 1153 524 avaritia
1168 466 1368 522 illatum
1385 481 1595 524 curare.
1610 464 1743 520 Nam
1762 466 1806 520 si
1823 464 1955 520 obo-

353 566 460 620 lum
478 562 851 633 rapueris,non
865 560 992 615 satis
1007 569 1088 614 est
1102 559 1313 615 obolum
1328 559 1378 612 in
1393 554 1786 628 eleemosynam
1802 555 1950 613 dare,

353 668 406 711 ut
423 659 622 725 rapina:
643 654 796 709 ulcus
814 667 993 716 sanes;
1016 652 1109 707 sed
1132 653 1329 709 talento
1350 667 1485 720 opus
1500 661 1600 705 est.
1622 650 1745 706 Ideo
1761 648 1845 704 iur
1857 649 1951 704 de-

354 747 648 821 prehensus
662 743 1014 816 quadruplum
1038 744 1319 798 restituere
1344 742 1549 813 cogitur
1571 740 1944 812 (Exodﬁil).

354 839 556 908 Iiaptor
593 849 771 892 autem
805 847 888 891 est
931 836 1047 891 iure
1090 836 1261 907 pejor.
1288 835 1343 891 Si
1370 850 1504 890 vero
1544 836 1690 889 illum
1721 834 1952 904 quadru-

354 932 497 1002 plum
531 928 663 983 dare
692 936 909 997 Oportet
942 924 1020 998 (a)
1040 968 1054 991 ,
1095 936 1362 996 raptorem
1394 925 1678 996 dccuplum
1709 933 1761 981 et
1785 925 1952 979 multo

356 1026 476 1095 plus
497 1023 782 1078 restituere
803 1036 899 1091 par
915 1030 1029 1085 est;
1053 1030 1213 1090 atque
1234 1020 1468 1090 optabile
1489 1028 1571 1074 est
1595 1019 1675 1073 vel
1698 1020 1775 1073 sic
1797 1032 1953 1087 posse

358 1118 526 1172 Deum
554 1115 624 1170 ob
651 1113 961 1183 injustitiam
988 1113 1201 1182 placare
1233 1128 1246 1163 :
1279 1121 1403 1166 tunc
1426 1111 1570 1166 enim
1594 1126 1699 1165 non
1721 1110 1953 1165 eIeemo-

355 1225 503 1280 synre
532 1208 757 1262 fructum
787 1205 1030 1277 recipiet.
1071 1204 1195 1259 Ideo
1221 1204 1506 1259 Zacehaeus
1554 1202 1717 1258 dicit:
1747 1200 1952 1272 Siquid

355 1303 579 1372 aliquant
613 1299 940 1369 defraudavi,
975 1299 1188 1352 reddam
1213 1296 1591 1366 quadruplum,
1617 1305 1665 1350 et
1686 1294 1952 1349 dimidium

357 1392 604 1447 bonorum
627 1406 848 1445 meorum
870 1389 999 1443 dabo
1026 1388 1329 1460 pauperibus
1352 1390 1371 1457 (
1392 1386 1517 1442 Luc.
1562 1387 1649 1442 19.
1675 1386 1770 1457 8).
1797 1385 1949 1452 Quod

354 1486 403 1545 si
432 1486 483 1540 in
507 1484 624 1555 lege
642 1482 995 1554 quadruplum
1029 1480 1252 1537 reddere
1272 1480 1571 1550 oportebat,
1593 1479 1764 1533 multo
1782 1478 1955 1548 magis

362 1578 416 1632 in
442 1577 641 1649 gratia.
669 1574 724 1631 Si
754 1576 923 1629 iurem
955 1582 1161 1629 tantum
1193 1572 1476 1628 restituere
1512 1579 1754 1641 Oportet,
1784 1570 1951 1625 multo

356 1672 523 1742 magis
548 1678 838 1740 raptorem.
868 1667 997 1721 Nam
1034 1676 1228 1736 praeter
1251 1664 1501 1719 damnum
1522 1704 1537 1730 ,
1569 1662 1951 1718 contumeliosa

356 1771 501 1817 certe
516 1775 600 1816 res
616 1768 717 1816 est.
739 1759 917 1829 Itaque
932 1756 1137 1812 etiamsi
1156 1755 1462 1825 centuplum
1484 1753 1795 1819 reddideris,
1817 1768 1953 1807 non-

358 1854 482 1907 dum
508 1860 677 1907 totum
700 1850 914 1905 dedisti.
938 1848 1124 1904 V'iden‘
1154 1863 1241 1904 me
1279 1862 1387 1903 non
1408 1846 1602 1902 frustra
1631 1846 1828 1901 dixisse
1849 1887 1864 1913 ,
1894 1846 1951 1902 Si

358 1946 573 2000 obolum
591 1943 836 2014 rapuisti,
866 1940 1029 1998 redde
1050 1941 1349 1997 talentum?
1368 1940 1446 1996 sic
1464 1939 1625 1995 etiam
1647 1938 1736 1993 vix
1756 1937 1951 1993 vulnus

366 2045 514 2090 tuum
540 2033 775 2090 curabis.
806 2032 958 2100 Quod
983 2032 1028 2087 si
1053 2031 1139 2087 vel
1168 2031 1271 2087 hoc
1297 2029 1522 2092 faciens,
1548 2030 1641 2083 vix
1664 2042 1823 2084 cures
1853 2046 1867 2080 :
1900 2027 1948 2083 si

367 2126 610 2181 ordinem
641 2125 897 2192 invertas,
930 2124 1268 2193 integrasque
1298 2121 1666 2194 possessiones
1686 2120 1948 2190 rapueris,

425 2262 502 2325 (a)
535 2268 625 2311 Fur
645 2260 995 2324 deprehensus
1015 2257 1338 2323 quadruplum
1373 2257 1641 2307 restituere
1662 2256 1949 2319 cogebatur.

1386 352 1453 408 IN
1488 350 1893 409 ΜΑττηΑεωι
1931 349 2161 409 IIOMIL.
2200 351 2334 409 LIII.
2373 354 2446 411 al.
2489 351 2617 409 LIV.

3545 370 3652 426 5‘26

2066 480 2230 535 pauca
2259 482 2388 523 vero
2413 470 2718 539 erogaveris
2739 513 2752 536 ,
2793 487 2965 542 neque
2998 473 3104 531 illis
3133 491 3267 545 quos
3309 477 3489 534 lzesisti
3511 521 3525 543 ,
3553 485 3647 537 sed

2060 558 2213 621 aliis.
2256 575 2416 629 quam
2466 561 2834 618 defensionem
2885 566 3156 623 habebis?
3195 586 3354 641 quam
3405 576 3655 629 veniam?

2059 665 2219 719 quam
2239 666 2389 721 spem
2417 653 2646 709 salutis?
2677 654 2767 711 Vis
2796 656 2935 714 scire
2960 670 3216 727 quantum
3240 663 3435 717 malum
3461 664 3647 734 facias,

2057 742 2183 798 dum
2206 745 2282 800 sic
2299 746 2394 801 das
2413 747 2841 818 eleemosynam?
2858 750 2995 805 Audi
3015 751 3340 822 Scripturam
3358 754 3645 813 dicentem:

2059 834 2203 891 Sicut
2230 839 2315 907 qui
2340 839 2503 908 ﬁlium
2531 856 2701 894 coram
2726 852 2869 912 patre
2896 861 2993 899 suo
3017 846 3273 911 interﬁcit,
3295 849 3367 902 sic
3391 851 3476 915 qui
3499 850 3647 916 offert

2056 929 2361 999 sacriﬁcium
2384 946 2448 985 ex
2468 932 2692 998 pecuniis
2711 950 2987 1004 pauperum
3005 935 3025 1006 (
3042 935 3208 991 Eccli.
3232 939 3320 995 54.
3343 939 3412 995 2-1
3435 941 3477 1011 ).
3500 940 3647 995 Ilanc

2062 1020 2241 1091 itaque
2268 1024 2736 1079 cmnmiiiationem
2769 1026 2819 1079 in
2853 1039 3030 1083 mente
3059 1030 3434 1093 inscribentes.
3468 1033 3642 1088 disce-

2054 1111 2239 1168 damus
2269 1132 2286 1169 :
2310 1113 2449 1170 hanc
2478 1117 2529 1168 in
2560 1117 2724 1171 muris
2750 1159 2764 1180 ,
2812 1119 2862 1172 in
2890 1120 3135 1175 manibus
3156 1164 3169 1183 ,
3201 1122 3253 1177 in
3279 1125 3602 1178 conscientia
3629 1168 3645 1188 ,

2053 1216 2106 1259 et
2134 1205 2327 1275 ubique
2367 1207 2661 1262 scribamus
2692 1225 2707 1263 :
2739 1217 2794 1263 ut
2842 1210 2927 1265 hic
2969 1212 3158 1269 saltem
3186 1224 3363 1269 metus
3388 1215 3439 1269 in
3470 1226 3646 1269 mento

2055 1306 2236 1351 nostra
2288 1298 2479 1365 vigens
2518 1315 2710 1355 manus
2749 1311 2960 1359 nostras
2996 1320 3029 1358 a
3051 1306 3374 1374 quotidianis
3410 1308 3651 1363 caedibus

2059 1387 2330 1447 collibeat.
2361 1388 2516 1443 Caede
2541 1388 2744 1458 quippe
2765 1389 3003 1445 deterior
3024 1399 3105 1445 est
3134 1390 3320 1459 rapina
3349 1407 3469 1461 qua:
3499 1407 3631 1461 pau-

2063 1478 2214 1532 latim
2252 1492 2539 1547 pauperem
2570 1480 2864 1535 consumit.
2914 1481 2984 1535 Ut
3027 1468 3189 1552 igitur
3213 1481 3280 1534 ab
3314 1482 3414 1536 hoc
3448 1482 3628 1549 inqui-

2060 1579 2317 1627 namento
2342 1573 2357 1601 ¹
2386 1570 2503 1639 puri
2537 1570 2733 1636 simus,
2766 1573 2880 1626 hac
2907 1573 3225 1628 meditemur
3260 1584 3312 1627 ct
3351 1589 3471 1627 cum
3508 1575 3630 1628 aliis

2060 1661 2464 1731 colloquamur.
2498 1662 2574 1717 Ita
2609 1663 2755 1717 enim
2782 1663 2849 1719 ad
2880 1664 3311 1723 misericordiam
3343 1667 3629 1736 proniores

2058 1751 2287 1816 erimus,
2313 1768 2623 1822 puramque
2645 1753 3016 1822 adipiscemur
3044 1755 3371 1821 mercedem,
3398 1766 3628 1811 aiterna-

2058 1858 2165 1914 que
2193 1844 2337 1899 bona
2362 1860 2781 1915 consequemur,
2816 1848 2991 1918 gratia
3036 1857 3091 1903 et
3118 1848 3496 1904 misericordia
3522 1850 3628 1904 Do—

2057 1935 2191 1989 mini
2232 1936 2408 1990 nostri
2444 1935 2574 1991 Jesu
2627 1936 2855 2002 Christi,
2896 1938 2985 1993 cui
3027 1938 3197 2010 gloria
3236 1950 3293 1996 ct
3332 1940 3625 2010 imperium

2055 2041 2181 2083 cum
2219 2028 2376 2084 Patre
2405 2038 2462 2083 et
2494 2028 2698 2098 Spiritu
2727 2040 2941 2097 sancto,
2969 2049 3116 2091 nunc
3143 2042 3199 2091 et
3226 2048 3462 2104 semper,
3484 2042 3541 2090 et
3569 2035 3623 2089 in

2053 2116 2251 2170 secula
2281 2115 2623 2173 saeculorum.
2657 2118 2856 2178 Amen.

2117 2276 2138 2309 ⁵
2160 2276 2275 2338 Alii,
2298 2276 2358 2327 ab
2378 2275 2470 2327 hoc
2492 2277 2677 2328 morbo.

374 2453 3615 2483 Mm

1561 2533 1906 2595 HOMILIA
1947 2532 2114 2594 LIII.
2158 2531 2242 2593 al.
2290 2530 2450 2590 LIV.

363 2692 488 2745 CAP.
518 2690 603 2746 I5.
631 2704 684 2743 v.
711 2688 801 2746 '52.
826 2688 978 2742 Jesus
998 2695 1165 2740 autem
1189 2727 1204 2751 ,
1226 2684 1508 2739 convocatis
1536 2683 1800 2753 discipulis
1821 2681 1950 2748 suis,

433 2782 561 2836 dixit
583 2801 607 2836 .·
634 2780 877 2836 Misereor
913 2796 1065 2848 super
1088 2776 1321 2845 turbam,
1362 2777 1481 2847 quia
1505 2792 1616 2830 ecce
1644 2776 1757 2845 jam
1786 2773 1953 2827 triduo

433 2875 677 2928 sustinent
721 2889 825 2939 me,
870 2888 960 2926 nec
997 2869 1180 2924 habent
1223 2868 1359 2938 quod
1404 2868 1707 2921 manducent
1735 2881 1755 2920 :
1780 2875 1827 2920 et
1874 2865 1951 2918 di-

434 2968 630 3023 mittere
653 2983 738 3021 eos
755 2967 964 3036 jejunos
989 2964 1131 3028 nolo,
1162 2979 1225 3016 ne
1246 2962 1483 3030 deﬁciant
1506 2961 1557 3013 in
1582 2960 1682 3014 via.

439 3061 489 3113 1.
514 3058 773 3127 Superius
798 3073 920 3112 cum
964 3054 1267 3125 hujusmodi
1297 3054 1504 3125 signum
1531 3053 1766 3108 facturus
1788 3060 1950 3115 esset,

366 3154 537 3224 primo
557 3152 763 3209 curavit
786 3166 879 3207 eos
902 3152 991 3221 qui
1013 3148 1255 3219 corporis
1276 3147 1591 3227 aegritudine
1612 3148 1913 3202 laborarent
1934 3164 1949 3202 :

365 3245 591 3315 idipsum
635 3242 723 3298 hic
769 3241 935 3297 facit:
977 3250 1098 3311 post
1135 3255 1396 3296 caecorum
1446 3249 1605 3310 atque
1644 3238 1953 3295 claudorum

364 3337 693 3393 curationem
726 3335 777 3389 in
804 3334 1031 3404 idipsum
1062 3349 1246 3388 rursus
1274 3332 1478 3388 incidit.
1505 3332 1611 3388 Cur
1630 3339 1807 3387 autem
1828 3340 1955 3388 tunc

365 3429 616 3485 dixerunt
640 3426 886 3496 discipuli
908 3467 923 3489 ,
953 3424 1164 3481 Dimitte
1192 3427 1363 3479 turbas
1400 3424 1419 3492 (
1452 3424 1637 3478 Matth.
1670 3424 1758 3481 14.
1793 3424 1861 3479 15
1888 3422 1908 3495 )
1935 3442 1950 3479 :

365 3532 505 3579 nunc
533 3532 659 3572 vero
685 3532 789 3571 non
816 3515 1082 3582 dixerunt,
1113 3515 1280 3570 tribus
1308 3525 1481 3570 tamen
1510 3514 1695 3569 diebus
1710 3514 1953 3569 exactis?

365 3608 493 3663 Sive
517 3608 643 3677 quia
667 3608 778 3676 jam
824 3606 899 3660 illi
930 3604 1273 3675 perfectiores
1300 3614 1448 3659 erant
1470 3646 1485 3669 ,
1512 3605 1625 3659 sive
1649 3603 1790 3673 quod
1835 3604 1954 3659 illos

364 3699 606 3756 viderent
632 3713 740 3753 non
762 3706 908 3752 tanto
937 3696 1092 3752 famis
1118 3712 1279 3751 sensu
1306 3695 1445 3750 afﬁci
1471 3712 1483 3747 :
1510 3710 1629 3749 nam
1653 3695 1705 3749 iu
1729 3695 1813 3759 iis,
1835 3710 1954 3764 qua:

365 3789 502 3846 facta
521 3800 694 3855 erant,
714 3790 823 3845 Deo
848 3789 1069 3858 gloriam
1092 3786 1409 3845 referebant.
1430 3786 1534 3843 Sed
1555 3787 1674 3842 vide
1688 3785 1954 3857 quomodo

364 3882 524 3937 etiam
549 3896 692 3937 nunc
713 3895 816 3937 non
853 3879 1167 3949 simpliciter
1190 3878 1258 3934 ad
1300 3878 1614 3934 miraculum
1634 3877 1952 3948 patrandum

366 3976 527 4042 venit,
560 3975 654 4029 sed
684 3975 803 4031 illos
826 3974 891 4030 ad
918 3974 971 4028 id
1002 3982 1207 4028 evocat.
1228 3971 1360 4028 Nam
1382 3970 1551 4027 turba:
1575 3970 1808 4043 quidem,
1834 3986 1953 4041 qua:

366 4067 433 4127 ad
462 4067 770 4122 morborum
796 4080 978 4120 curam
1005 4071 1296 4131 venerant,
1328 4077 1492 4133 panes
1517 4072 1697 4133 petere
1725 4078 1831 4117 non
1858 4078 1952 4117 au-

367 4160 564 4215 debant
597 4177 610 4213 :
646 4159 761 4229 ipse
804 4172 933 4213 vero
954 4197 973 4226 ,
1015 4171 1136 4213 cum
1164 4155 1426 4225 benignus
1453 4155 1524 4208 sit
1559 4162 1614 4208 et
1656 4152 1910 4224 providus
1933 4194 1950 4220 ,

368 4267 472 4305 non
496 4250 799 4322 petentibus
816 4248 981 4314 dedit,
1003 4249 1182 4318 aitque
1200 4245 1474 4318 discipulis
1503 4262 1516 4298 :
1541 4244 1787 4299 Misereor
1801 4260 1954 4313 super

368 4344 584 4409 turbam,
606 4353 654 4398 et
659 4344 865 4415 jejunus
884 4342 1133 4396 dimittere
1146 4341 1262 4395 illos
1278 4338 1418 4393 nolo.
1441 4336 1516 4394 Ne
1531 4337 1767 4393 dicerent
1785 4336 1951 4403 enim,

370 4435 515 4506 ipsos
558 4451 680 4491 cum
725 4435 917 4489 viatico
946 4433 1196 4496 venisse,
1244 4432 1360 4485 ait:
1388 4429 1508 4484 1am
1557 4428 1723 4482 triduo
1759 4444 1954 4482 mecum

370 4537 517 4592 sunt;
544 4529 615 4583 ita
654 4528 861 4583 etiamsi
888 4526 1079 4585 viatica
1111 4523 1427 4579 habuissent
1450 4562 1466 4588 ,
1489 4520 1599 4591 jam
1640 4528 1953 4588 consumpta

369 4626 570 4674 essent.
599 4617 802 4674 Idcirco
827 4618 968 4673 enim
1005 4616 1096 4671 ille
1139 4628 1242 4669 non
1274 4613 1448 4683 primo
1472 4611 1554 4668 vel
1593 4609 1830 4667 secundo
1866 4610 1953 4666 die

370 4712 472 4766 hoc
498 4710 641 4777 fecit,
671 4710 764 4766 sed
793 4724 913 4764 eum
937 4708 1045 4778 jam
1074 4705 1249 4761 omnia
1269 4703 1576 4770 deﬁcerent,
1604 4711 1663 4759 ut
1691 4704 1743 4755 in
1766 4716 1952 4756 neces-

368 4802 523 4857 sitate
544 4800 701 4871 positi
728 4816 848 4854 cum
870 4799 1056 4869 majori
1078 4797 1253 4851 studio
1274 4796 1469 4851 factum
1489 4794 1812 4865 exciperent.
1830 4792 1953 4848 Ideo

370 4894 465 4955 ait,
501 4891 582 4946 Ne
609 4891 846 4961 deﬁciant
889 4890 943 4943 in
986 4889 1101 4952 via;
1147 4886 1436 4942 ostendens
1484 4883 1627 4954 ipsos
1674 4892 1728 4938 et
1770 4883 1952 4953 procul

369 4986 572 5056 positos
600 4998 758 5050 esse,
805 4993 860 5038 et
898 4981 1077 5036 omnia
1126 4978 1544 5048 consumpsisse.
1593 4975 1699 5031 Sed
1747 4976 1791 5031 si
1842 4990 1949 5029 non

370 5080 452 5134 vis
476 5077 687 5149 jejunos
708 5076 977 5131 dimittere
995 5115 1011 5141 ,
1041 5088 1137 5129 cur
1164 5073 1373 5143 signum
1405 5085 1511 5125 non
1553 5068 1722 5125 facis?
1751 5068 1823 5125 Ut
1850 5068 1951 5124 hac

372 5170 790 5241 interrogatione
832 5175 886 5223 et
930 5166 1281 5237 responsione
1325 5172 1581 5237 sequente
1638 5161 1952 5218 attentiores

370 5264 620 5319 redderet
659 5261 951 5331 discipulos
974 5301 989 5326 ,
1020 5267 1076 5313 et
1102 5258 1179 5313 illi
1205 5256 1361 5312 fidem
1402 5271 1553 5311 suam
1583 5254 1950 5322 ostenderent,

370 5354 750 5424 dicerentque,
774 5353 945 5407 Panes
971 5350 1150 5405 facito.
1174 5348 1279 5405 Sed
1307 5347 1380 5403 illi
1414 5363 1482 5403 ne
1507 5347 1583 5401 sic
1622 5346 1833 5416 quidem
1874 5346 1956 5401 in-

371 5446 743 5519 terrogationis
770 5460 982 5501 causam
1011 5443 1387 5499 intellexerunt
1413 5460 1427 5497 :
1452 5441 1591 5497 unde
1616 5449 1795 5512 postea
1817 5441 1955 5496 dixit

372 5541 477 5596 illis
498 5582 515 5607 ,
560 5548 619 5594 ut
657 5539 867 5594 Marcus
890 5538 964 5593 ait
993 5555 1007 5592 :
1038 5537 1219 5591 Adhuc
1255 5536 1327 5589 ita
1358 5543 1475 5589 sunt
1516 5543 1760 5589 occwcata
1800 5534 1955 5589 corda

372 5641 537 5687 uestra
559 5646 578 5685 :
606 5631 779 5685 oculos
818 5629 1049 5683 habentes
1079 5645 1181 5683 non
1221 5627 1419 5692 videtis,
1457 5635 1502 5681 et
1526 5643 1672 5680 aures
1719 5626 1953 5681 habentes

374 5741 476 5779 non
513 5722 702 5777 auditis
729 5721 749 5794 (
777 5720 943 5776 Marc.
973 5720 1029 5775 8.
1061 5720 1147 5775 I7.
1178 5718 1246 5775 18
1266 5717 1311 5789 ).
1354 5716 1486 5772 Nam
1516 5716 1616 5773 nisi
1644 5717 1746 5771 hoc
1772 5725 1951 5785 esset,

374 5829 479 5892 qua
520 5812 588 5877 de
615 5826 773 5875 causa
821 5810 937 5877 tunc
972 5810 1243 5883 discipulis
1268 5809 1505 5879 diceret,
1546 5807 1953 5881 ostenderetque

2057 2676 2241 2746 dignas
2271 2690 2391 2731 esse
2422 2674 2602 2729 turbas
2626 2673 2907 2741 beneﬁcio,
2932 2675 3255 2748 addcrelquc
3285 2677 3456 2747 ipsum
3478 2678 3639 2732 mise-

2060 2766 2289 2822 ricordia
2340 2775 2543 2822 motum
2569 2766 2777 2823 fuisse?
2804 2768 3084 2824 Mattliaaus
3131 2786 3258 2825 vero
3301 2772 3431 2825 dicit
3471 2773 3647 2841 ipsum.

2059 2868 2239 2927 postea
2268 2858 2572 2929 increpasse
2597 2874 2691 2914 eos
2725 2859 2808 2914 his
2839 2861 3014 2915 verbis
3048 2879 3060 2914 :
3098 2861 3316 2917 Modica:
3338 2864 3479 2930 ﬁdei,
3512 2880 3642 2917 nou-

2056 2950 2175 3003 dum
2195 2948 2494 3019 intelligitis,
2526 2966 2617 3004 nec
2646 2951 2941 3005 meministis
2964 2952 3183 3024 quinque
3207 2970 3395 3022 panum
3416 2965 3460 3007 et
3487 2955 3640 3024 quiu-

2055 3059 2150 3113 que
2176 3042 2409 3105 millium,
2430 3052 2475 3096 et
2495 3052 2612 3111 quot
2650 3044 2892 3111 cophinos
2907 3047 3220 3113 sumpseritis
3234 3046 3260 3099 ἶ)
3274 3063 3431 3117 neque
3453 3056 3640 3117 septem

2057 3150 2246 3204 panum
2288 3143 2333 3189 et
2358 3145 2574 3205 quatuor
2611 3136 2827 3189 millium
2849 3178 2863 3200 ,
2888 3147 2934 3190 et
2959 3147 3078 3207 quot
3107 3148 3305 3208 sportas
3330 3141 3642 3210 sumpseritis

2057 3224 2289 3295 (Matth.
2322 3226 2410 3281 16.
2441 3226 2496 3281 8.
2528 3226 2653 3297 9)?
2693 3227 2765 3281 Ita
2796 3228 3139 3297 evangelista:
3168 3229 3463 3285 concordes
3505 3231 3643 3285 inter

2056 3331 2114 3372 se
2144 3328 2289 3372 sunt.
2323 3318 2458 3385 Quid
2482 3334 2609 3389 ergo
2654 3319 2942 3389 discipuli?
2970 3320 3155 3376 Adhuc
3186 3321 3330 3376 humi
3377 3334 3599 3393 serpunt
3625 3342 3641 3380 :

2055 3416 2111 3462 et
2138 3409 2379 3477 quamvis
2418 3408 2578 3463 millia
2620 3409 2802 3464 iecerit
2825 3451 2840 3476 ,
2872 3419 2926 3464 ut
2955 3412 3144 3480 prioris
3179 3413 3414 3469 miraculi
3444 3431 3643 3469 inemo.

2056 3499 2187 3553 riam
2213 3508 2526 3566 servarent,
2553 3510 2607 3555 et
2635 3516 2730 3570 per
2758 3501 3224 3569 interregatinnem
3254 3520 3317 3560 ac
3341 3508 3643 3575 responsio-

2072 3609 2220 3658 nem,
2242 3606 2296 3649 et
2314 3595 2460 3665 quod
2478 3594 2598 3651 illos
2618 3595 2900 3649 ministros
2925 3593 3136 3655 fecerit,
3153 3595 3359 3663 etquod
3373 3594 3638 3661 cophinos

2069 3686 2504 3741 eisdistribuerit
2520 3687 2559 3754 ¹;
2580 3686 2674 3742 sed
2696 3687 2875 3741 adhuc
2890 3684 3498 3756 imperfectioreserant.
3516 3682 3639 3737 Ideo

2056 3771 2238 3826 dicunt
2263 3772 2311 3826 ei
2343 3789 2356 3825 :
2386 3773 2475 3828 35.
2509 3770 2657 3825 Unde
2685 3771 2825 3827 nobis
2850 3773 2903 3825 in
2929 3774 3199 3827 solitudine
3239 3784 3309 3828 tot
3338 3776 3543 3845 panes?
3572 3776 3642 3831 Et

2055 3873 2207 3919 antea
2234 3873 2288 3919 et
2312 3880 2452 3919 nunc
2480 3863 2821 3919 solitudinem
2850 3877 3169 3933 memorant,
3192 3876 3247 3923 et
3268 3869 3513 3924 exanimi
3537 3868 3641 3924 im-

2056 3955 2345 4011 becillitate
2376 3956 2444 4009 ita
2472 3956 2771 4026 loquentes,
2798 3957 3007 4027 signum
3036 3957 3103 4013 ab
3146 3960 3292 4013 omni
3342 3961 3645 4032 suspicione

2057 4046 2369 4102 liberabant.
2403 4046 2479 4101 Ne
2508 4047 2626 4117 quis
2654 4048 2795 4102 enim
2822 4048 3021 4104 diceret
3043 4091 3059 4117 ,
3094 4061 3153 4105 ut
3170 4050 3280 4121 jam
3310 4062 3465 4107 antea
3496 4053 3643 4117 dixi,

2056 4140 2227 4208 ipsum
2253 4154 2317 4194 ex
2344 4139 2520 4194 vicino
2552 4140 2781 4209 quodam
2817 4140 2934 4197 vico
2960 4157 3123 4212 panes
3148 4151 3444 4199 mutuatum
3487 4162 3605 4201 esse
3625 4187 3645 4215 ,

2054 4230 2202 4285 Iocus
2230 4229 2349 4300 quis
2375 4230 2446 4284 sit
2483 4227 2823 4299 declaratur,
2869 4241 2928 4287 ut
2968 4233 3279 4290 miraculum
3312 4235 3644 4292 crederetur.

2056 4320 2258 4376 Idcirco
2284 4330 2339 4376 et
2359 4321 2587 4391 primum
2614 4332 2669 4377 et
2688 4322 2791 4379 hoc
2818 4339 3029 4395 quoque
3052 4325 3260 4396 signum
3289 4327 3341 4381 in
3363 4328 3646 4385 solitudine

2055 4410 2179 4467 facit
2201 4453 2217 4477 ,
2270 4427 2301 4467 a
2330 4412 2518 4467 viculis
2562 4412 2719 4484 longe
2754 4414 3002 4470 diSIante.
3039 4416 3143 4471 Sed
3188 4416 3377 4472 horum
3409 4419 3539 4472 nihil
3570 4420 3648 4473 in-

2056 4505 2355 4576 telligentes
2380 4504 2626 4576 discipuli
2649 4507 2899 4562 dicebant
2923 4525 2935 4561 :
2963 4507 3110 4564 Unde
3132 4511 3273 4564 nobis
3302 4513 3353 4565 in
3377 4513 3648 4569 solitudine

2056 4603 2127 4650 tot
2153 4595 2348 4666 panes?
2373 4596 2503 4652 Nam
2523 4598 2776 4668 putabant
2802 4599 2948 4653 illum
2972 4598 3093 4655 ideo
3120 4600 3233 4655 haec
3253 4601 3470 4668 dixisse,
3497 4605 3645 4672 quasi

2057 4697 2423 4757 prmeepturus
2446 4696 2591 4742 esset
2610 4697 2667 4742 ut
2694 4687 2815 4743 illos
2835 4688 3105 4753 cibarent;
3130 4690 3223 4746 sed
3255 4692 3541 4747 admodum
3576 4694 3647 4748 in-

2056 4780 2331 4850 sipienter.
2383 4780 2612 4852 Ideoque
2660 4782 2763 4837 illis
2805 4798 2977 4853 nuper
3005 4783 3252 4849 dixerat,
3292 4783 3422 4839 Date
3450 4802 3537 4841 vos
3577 4789 3646 4840 eis

2056 4872 2403 4943 mandacare(
2435 4872 2623 4930 Matth.
2648 4874 2737 4929 14.
2764 4873 2907 4945 16),
2933 4883 2993 4928 ιιι
3020 4874 3124 4928 illis
3144 4874 3478 4930 occasionem
3496 4876 3646 4932 daret

2056 4981 2115 5021 se
2142 4967 2242 5022 hac
2274 4966 2341 5021 dc
2366 4981 2528 5021 causa
2558 4965 2827 5036 precandi.
2858 4966 3009 5022 Nunc
3035 4982 3164 5023 vero
3191 4983 3296 5025 non
3327 4968 3486 5035 dicit,
3515 4968 3647 5024 Βατε-

2055 5056 2159 5111 illis
2182 5056 2490 5111 manducare
2510 5099 2528 5125 ,
2560 5057 2652 5112 sed
2694 5057 2820 5127 quid
2842 5058 2865 5110 ?
2892 5057 3135 5112 Misereor
3161 5076 3311 5129 super
3337 5062 3531 5116 turbam
3553 5104 3569 5128 ,
3599 5078 3646 5117 e;

2057 5149 2305 5203 dimittere
2324 5164 2405 5203 eos
2418 5149 2625 5219 jejunos
2646 5150 2761 5202 nolo
2781 5166 2800 5203 :
2830 5150 3046 5221 propius
3068 5166 3290 5207 movens
3315 5153 3645 5224 incitatisque

2056 5240 2197 5299 illos.
2229 5249 2285 5296 ut
2312 5241 2525 5295 videant
2550 5240 2676 5295 illud
2703 5242 2771 5296 ab
2796 5256 2855 5296 se
2882 5242 3168 5311 petendum
3195 5242 3343 5300 esse!
3364 5244 3495 5301 Nam
3533 5247 3644 5316 ipsa

2056 5334 2215 5389 verba
2243 5334 2604 5397 declarabant,
2635 5349 2794 5403 posse
2825 5334 2996 5404 ipsum
3020 5350 3125 5389 non
3153 5335 3423 5393 dimittere
3449 5352 3543 5393 eos
3564 5339 3621 5405 je

2055 5427 2215 5497 junos
2234 5466 2250 5494 ,
2282 5434 2339 5481 et
2368 5427 2658 5498 potentiam
2703 5426 2871 5497 ipsius
2900 5426 3274 5483 ostendebant.
3314 5429 3445 5485 Illud
3471 5431 3643 5497 enim,

2060 5518 2237 5585 Nolo,
2287 5518 2340 5573 id
2384 5518 2665 5589 signiﬁcat.
2718 5518 2851 5587 Quia
2880 5532 3011 5575 vero
3055 5531 3111 5575 et
3154 5520 3544 5577 multitudinem
3592 5533 3643 5581 et

2056 5612 2231 5669 locum
2274 5620 2330 5668 ct
2369 5611 2708 5668 solitudinem
2754 5621 3157 5682 memorarunt,
3208 5614 3373 5685 (nam
3418 5614 3643 5682 dicunt,

2061 5704 2210 5762 Unde
2252 5704 2394 5759 nobis
2433 5704 2487 5759 in
2510 5704 2782 5760 solitudine
2820 5714 2893 5758 tot
2928 5722 3123 5775 panes,
3164 5715 3218 5763 ut
3257 5707 3466 5766 satietur
3493 5713 3644 5761 tanta

2136 5821 2155 5853 ¹
2176 5818 2272 5871 Cfr.
2297 5817 2473 5869 Adnot.
2501 5817 2662 5870 Field.
2691 5816 2751 5869 ad
2775 5830 2885 5881 pag.
2910 5817 3019 5869 538.
