4108 6376
486 332 587 391 527

486 448 630 502 turba
648 446 675 500 .’
697 446 716 517 )
742 459 915 516 neque
935 452 1111 501 tamen
1131 442 1330 499 Christi
1345 443 1506 499 verba
1528 442 1925 505 intellexerunt,
1943 449 2070 495 tunc

483 556 639 593 suum
669 539 784 609 ipse
822 553 954 608 opus
985 537 1221 608 peragit,
1261 545 1318 591 et
1356 536 1431 589 ait
1457 535 1596 589 illis:
1630 535 1716 589 54.
1753 534 1886 601 Quot
1913 550 2068 604 panes

482 634 720 687 habetis?
747 632 773 685 l
783 631 839 686 lli
863 648 979 685 vero
1002 630 1195 697 dicunt,
1222 629 1446 699 Septem,
1479 638 1523 682 et
1554 628 1820 699 pisciculos
1855 642 2064 696 paucos.

482 725 592 780 Nec
615 725 725 794 jam
756 723 958 786 dicunt,
988 723 1092 777 Sed
1116 722 1221 775 [nec
1249 721 1370 792 quid
1393 731 1509 775 sunt
1538 721 1668 773 inter
1694 728 1857 772 tantos
1885 718 2059 790 (Joan.

481 819 536 873 6.
570 816 684 891 9)?
734 829 791 870 ut
835 826 989 870 antea
1031 814 1297 869 dicebant.
1343 812 1432 867 Sic
1484 812 1688 867 etiamsi
1736 826 1841 864 non
1898 819 2065 864 totum

480 909 1037 981 comprehenderent,
1066 909 1404 963 sublimiores
1431 916 1607 961 tamen
1646 903 1895 975 paulatim
1936 919 2063 959 eva—

480 1006 697 1061 debant.
736 1003 868 1058 Nam
911 1013 966 1056 et
1013 1004 1125 1072 ipse
1155 1000 1236 1054 his
1282 999 1493 1053 illorum
1532 1006 1766 1053 mentem
1805 996 2016 1066 erigens
2045 1037 2060 1062 ,

480 1096 673 1151 eodem
701 1110 806 1165 quo
835 1095 979 1164 prius
1004 1093 1163 1149 modo
1191 1091 1585 1162 interrogabat,
1618 1099 1675 1144 ut
1706 1088 1785 1143 vel
1812 1104 1875 1143 ex
1904 1087 2064 1141 modo

485 1189 844 1259 interrogandi
871 1188 981 1257 jam
1026 1196 1169 1257 gesta
1199 1187 1248 1238 in
1285 1184 1594 1239 memoriam
1637 1189 1932 1236 revocaret.
1978 1179 2056 1233 Tu

479 1298 608 1338 vero
654 1293 711 1337 ut
755 1281 842 1336 hic
869 1280 1043 1335 vidisti
1073 1279 1281 1333 illorum
1312 1274 1787 1345 impcrl‘cctionem,
1815 1272 1891 1325 sic
1915 1270 2063 1325 disce

479 1381 689 1435 illorum
712 1374 1127 1447 phil050pbicam
1145 1380 1400 1436 mentem,
1420 1380 1473 1425 et
1490 1367 1823 1422 veracitatem
1843 1365 2058 1429 mirare,

477 1469 746 1542 quomodo
772 1481 962 1536 nempe
984 1464 1276 1519 scribentes
1300 1503 1315 1528 ,
1348 1460 1709 1530 stupiditatem
1747 1472 1919 1521 suam,
1960 1456 2059 1509 etsi

478 1577 744 1631 magnam,
777 1574 879 1614 non
910 1556 1199 1612 occultent.
1227 1554 1409 1624 Neque
1435 1552 1575 1606 enim
1603 1548 1884 1605 mediocris
1905 1546 2057 1615 cttlpa

477 1663 613 1715 erat,
648 1666 816 1722 nuper
844 1649 965 1704 facti
994 1645 1230 1702 miraculi
1255 1653 1363 1699 tam
1388 1643 1493 1698 cito
1523 1639 1800 1721 oblivisci;
1832 1638 2059 1708 ideoque

478 1746 839 1813 increpantur.

546 1835 600 1889 2.
643 1834 723 1888 Ad
782 1836 894 1887 hac
940 1831 1097 1885 aliam
1142 1843 1351 1899 quoque
1399 1824 1747 1896 philosophia:
1795 1822 2054 1876 rationem

474 1931 674 1998 cogites
715 1928 873 1981 velim
920 1944 933 1978 :
973 1922 1247 1993 quomodo
1280 1928 1518 1975 ventrem
1546 1914 1733 1988 parum
1765 1916 2053 1977 curabant,

474 2019 741 2091 quomodo
770 2016 1195 2079 instituebantur,
1228 2027 1296 2066 ne
1325 2025 1524 2065 mensa:
1550 2007 1771 2063 multum
1794 2007 2056 2061 rationem

474 2113 749 2166 haberent.
774 2110 904 2164 Nam
935 2109 986 2163 in
1012 2106 1294 2163 solitudine
1319 2119 1438 2159 cum
1457 2111 1653 2167 essent,
1682 2109 1801 2171 post
1821 2098 2053 2154 triduum

470 2215 672 2275 septem
733 2219 897 2273 panes
949 2201 1233 2257 habebant.
1273 2197 1485 2254 Caetera
1529 2211 1654 2251 vero
1706 2194 1948 2249 Christus
1998 2201 2057 2248 ut

470 2298 614 2367 prius
643 2296 874 2367 disponit
903 2313 915 2348 :
946 2295 1255 2350 recumbere
1278 2291 1428 2361 jubet
1453 2291 1503 2344 in
1529 2298 1689 2354 terra,
1721 2297 1774 2342 et
1798 2287 1851 2341 in
1878 2286 2053 2340 mani-

471 2390 567 2444 bus
594 2389 971 2459 discipulornm
998 2402 1161 2456 panes
1186 2384 1516 2454 multiplicat.
1549 2382 1637 2437 55.
1680 2380 1846 2434 .Iussit
1883 2379 2047 2442 enim,

466 2485 559 2549 ait,
586 2492 637 2536 ut
663 2483 821 2536 turba:
840 2481 1201 2535 discumberent
1231 2494 1381 2549 super
1410 2486 1613 2529 terram.
1649 2474 1739 2528 56.
1768 2473 1834 2527 Et
1859 2472 2047 2540 accipi-

465 2593 552 2630 ens
580 2576 795 2645 quinque
823 2590 975 2646 panes
1005 2582 1048 2625 et
1080 2572 1261 2640 pisces,
1293 2569 1482 2641 gratias
1509 2583 1661 2636 agens
1686 2565 1857 2635 fregit,
1878 2572 1923 2616 et
1951 2568 2047 2616 da-

465 2669 546 2721 bat
569 2668 830 2737 discipulis
852 2664 1115 2734 :discipuli
1141 2679 1255 2716 vero
1281 2661 1455 2714 turbae.
1482 2660 1628 2713 Finis
1648 2672 1776 2713 vero
1804 2654 2047 2710 miraculi

462 2761 628 2830 priori
655 2759 843 2814 similis
863 2774 964 2813 non
990 2756 1104 2811 fuit.
1132 2758 1216 2812 57.
1248 2753 1836 2808 Manducaveruntcnim
1854 2766 2047 2815 omnes,

462 2852 649 2921 inquit,
692 2863 737 2906 et
774 2851 986 2905 saturati
1024 2859 1161 2912 sunt,
1201 2857 1247 2902 et
1288 2847 1507 2901 tulerunt
1546 2845 1679 2915 quod
1704 2854 1961 2913 supererat
1986 2844 2049 2897 de

463 2945 757 3015 fragmentis
785 2954 973 3012 septem
998 2951 1195 3011 sportas
1223 2941 1415 3009 plenas.
1450 2941 1537 2996 58.
1574 2940 1672 3005 Qui
1706 2949 1873 2992 autem
1911 2954 2046 2991 com-

461 3035 666 3089 edcrant
689 3043 830 3089 erant
859 3043 1072 3104 quatuor
1091 3034 1228 3087 mille
1254 3033 1366 3096 uiri,
1396 3041 1576 3102 praeter
1601 3030 1830 3084 mulieres
1852 3040 1895 3083 et
1921 3045 2043 3098 par-

462 3126 624 3181 tmlos.
655 3125 761 3181 Sed
791 3140 888 3180 cur
914 3134 1038 3179 tunc
1064 3140 1185 3179 cum
1211 3123 1490 3194 quinquies
1517 3121 1661 3176 mille
1685 3130 1884 3186 essent,
1914 3119 2044 3174 duo-

460 3216 631 3272 decim
670 3215 882 3286 c0phini
912 3214 1307 3285 superfuerunt,
1354 3214 1439 3268 hic
1466 3227 1613 3278 vero,
1646 3222 1871 3283 quatuor
1900 3211 2044 3266 mille

458 3322 578 3362 cum
628 3308 757 3375 sint,
796 3316 999 3378 septem
1042 3316 1237 3377 sporta:
1266 3314 1551 3378 supersunt
1577 3304 1802 3377 (Matth.
1832 3305 1919 3359 14.
1949 3304 2038 3358 20.

458 3402 522 3455 ει
550 3400 613 3472 )?
640 3416 737 3456 cur
771 3416 900 3472 ergo
940 3400 1174 3455 minores
1199 3408 1351 3455 erant
1381 3399 1641 3468 reliquiae,
1680 3414 1803 3453 cum
1828 3413 1933 3452 non
1966 3406 2043 3451 tot

457 3502 639 3549 essent
660 3493 747 3563 qui
770 3492 1112 3548 comederent
1127 3492 1154 3546 ?
1178 3491 1267 3546 Vel
1288 3491 1569 3546 dicendum
1591 3499 1691 3556 est,
1714 3500 1930 3560 sportas
1953 3504 2043 3543 co-

458 3585 638 3654 phittis
667 3585 895 3655 majores
920 3584 1113 3651 fuisse;
1144 3585 1225 3639 vel
1249 3600 1316 3639 ne
1341 3584 1538 3654 paritas
1564 3583 1771 3637 numeri
1805 3583 1854 3636 itt
1883 3581 2040 3635 mira-

457 3676 577 3731 culo
618 3678 935 3733 oblivionem
988 3686 1232 3748 pareret,
1280 3692 1344 3731 ex
1390 3675 1687 3731 diﬂ’erentia
1728 3675 2039 3731 memoriam

458 3768 672 3823 illorum
716 3770 993 3833 excitasse,
1046 3778 1102 3823 ut
1125 3785 1189 3823 ex
1222 3768 1478 3822 varietate
1516 3774 1574 3822 ct
1614 3766 1770 3836 huius
1800 3775 1853 3821 et
1899 3765 2039 3820 illius

460 3860 887 3914 recordarentur.
921 3860 1147 3930 Ideoque
1186 3868 1308 3914 tunc
1331 3859 1591 3928 cophinos
1623 3858 2039 3929 fragmentorum

458 3952 734 4023 discipulis
785 3968 1006 4007 numero
1047 3967 1203 4023 pares
1245 3952 1401 4019 facit,
1449 3967 1591 4006 nunc
1634 3967 1762 4006 vero
1815 3950 2040 4021 panibus

458 4052 688 4112 sportas,
727 4052 782 4097 et
822 4044 872 4097 in
904 4043 1006 4098 hoc
1036 4059 1245 4114 quoque
1272 4059 1421 4099 suam
1452 4042 1770 4098 ineffabilem
1804 4050 2039 4112 potesta-

460 4142 565 4187 tem
593 4134 843 4199 ostendit,
880 4145 932 4189 et
958 4135 1263 4189 facilitatem
1303 4135 1618 4204 imperandi,
1645 4150 1763 4190 cum
1793 4134 1957 4204 possit
1987 4142 2041 4188 ct

459 4227 561 4282 hoc
591 4237 645 4282 et
676 4227 767 4281 illo
792 4227 949 4281 modo
973 4228 1225 4282 miracula
1247 4228 1426 4283 cdere.
1450 4227 1630 4296 Neque
1654 4226 1794 4281 enim
1819 4225 2039 4280 modicae

459 4320 735 4390 potestatis
762 4330 873 4374 erat
898 4335 1175 4374 numerum
1199 4335 1354 4389 posse
1376 4334 1695 4374 conservare
1717 4318 1766 4371 in
1791 4324 2036 4386 utroque,

456 4430 579 4468 cum
604 4423 727 4468 tunc
749 4413 1030 4484 quinquies
1058 4414 1224 4481 mille,
1254 4428 1393 4467 nunc
1417 4421 1644 4483 quatuor
1667 4411 1809 4465 mille
1837 4419 2033 4474 essent,

458 4520 558 4561 nec
583 4506 753 4576 plura,
801 4522 899 4561 nec
943 4510 1190 4575 pauciora
1239 4505 1531 4575 fragmenta
1584 4505 1831 4574 relinqui,
1877 4520 2035 4574 quam

457 4608 581 4652 tunc
619 4597 855 4668 cophiui,
903 4614 1041 4652 nunc
1088 4607 1284 4665 sportce
1325 4597 1741 4668 caperent,etsi
1786 4610 2038 4651 numerus

454 4691 796 4745 convivarum
846 4706 951 4744 non
998 4706 1091 4760 par
1112 4698 1272 4745 esset.
1304 4689 1451 4744 Finis
1488 4690 1570 4744 hic
1598 4689 1727 4744 etin
1759 4688 1935 4758 priore
1959 4687 2035 4742 si-

454 4782 596 4834 milis
614 4781 726 4835 luit.
745 4780 879 4835 Nam
908 4792 1049 4845 tunc,
1076 4780 1310 4835 dimissis
1339 4780 1525 4845 turbis,
1557 4780 1763 4849 navigio
1792 4779 2034 4846 recessit,

452 4881 509 4928 et
537 4872 622 4926 hic
650 4873 797 4937 item,
832 4882 889 4927 ut
911 4872 1145 4928 Joannes
1176 4871 1323 4943 (Cap.
1348 4871 1400 4927 6.
1433 4873 1523 4939 l7)
1561 4872 1706 4927 dicit.
1731 4872 1862 4939 Quia
1893 4873 2035 4926 enim

456 4964 658 5018 nullutn
685 4965 891 5034 signum
933 4965 1069 5020 adeo
1111 4964 1315 5019 turbam
1355 4963 1638 5020 inducebat
1673 4964 1739 5019 ad
1777 4964 1922 5018 illum
1951 4980 2036 5020 sc-

453 5058 743 5126 quettdum,
765 5066 825 5112 ut
850 5073 1045 5130 panum
1077 5058 1388 5113 miraculum
1413 5101 1428 5126 ,
1463 5067 1517 5113 et
1556 5056 1656 5112 hoc
1696 5058 1855 5113 modo
1886 5059 2034 5128 sequi

453 5151 601 5207 illum
627 5191 644 5217 ,
670 5149 763 5205 sed
806 5150 965 5206 etiam
1008 5166 1191 5222 regem
1232 5150 1405 5207 facere
1434 5150 1716 5215 volebant,
1748 5160 2035 5206 ntomncm

455 5241 751 5314 tyrannidis
789 5242 1142 5311 suspicionem
1178 5242 1413 5308 devitet,
1448 5251 1565 5312 post
1602 5240 1903 5311 hujusmodi
1932 5243 2033 5295 mi-

453 5334 691 5390 raculum
737 5335 972 5390 recedit:
1002 5350 1103 5390 nec
1140 5335 1384 5404 pedibus,
1434 5352 1513 5401 ne,
1544 5336 1617 5390 illi
1661 5344 2031 5406 sequerentur,

452 5427 548 5483 scd
576 5426 807 5498 navigio.
839 5425 929 5483 59.
958 5423 1028 5480 Et
1070 5427 1278 5482 dimissa
1309 5428 1476 5495 turba,
1510 5428 1699 5499 inquit.
1731 5428 1956 5483 ascendit
1982 5428 2033 5482 in

453 5520 760 5583 naviculam,
791 5527 838 5573 et
882 5518 1014 5573 venit
1058 5520 1111 5573 in
1152 5520 1280 5588 ﬁnes
1309 5519 1572 5592 Magdala.
1617 5519 1766 5590 (Cap.
1797 5519 1938 5589 XVI)
1979 5520 2029 5574 l.

452 5611 516 5665 Et
542 5611 835 5666 accedentes
858 5608 1106 5666 Phariswi
1133 5620 1179 5665 et
1218 5612 1490 5667 Sadductei
1528 5614 1771 5685 rogabant
1804 5630 1935 5676 eum,
1979 5623 2034 5666 ut

451 5704 651 5772 signum
686 5705 752 5758 de
786 5703 912 5758 cwlo
932 5702 1212 5757 ostenderet
1242 5705 1331 5757 eis.
1377 5706 1432 5757 2.
1465 5704 1561 5758 Ille
1581 5715 1747 5759 autem
1771 5705 1899 5760 dixit
1923 5706 2032 5760 eis:

456 5793 670 5867 Vespere
699 5797 841 5868 facta
864 5794 1061 5867 dicitis,
1099 5797 1340 5852 Serenum
1365 5802 1457 5853 erit
1483 5815 1498 5851 :
1523 5800 1856 5855 rubicundum
1895 5801 2027 5855 enim

1368 327 1420 382 S.
1455 324 1731 383 JOANNlS
1766 324 2234 382 CHRYSOSTOMI
2272 326 2587 385 AllClll‘EP.
2626 330 3155 388 CONSTANTINOP.

3648 335 3755 390 5‘38

2174 440 2350 493 malum
2372 453 2443 497 est
2461 460 2481 505 ;
2510 445 2561 499 5.
2592 454 2637 498 et
2681 462 2846 507 mane,
2880 445 3048 500 Hodie
3092 455 3355 515 tempestas
3410 447 3501 499 erit
3532 462 3548 500 :
3578 450 3753 503 rutilat

2170 533 2300 585 enim
2325 534 2464 588 triste
2489 536 2682 589 cwlum.
2712 536 2765 591 4.
2796 536 2999 591 Faciem
3021 539 3131 591 ειειὶ
3160 538 3315 591 nostis
3344 538 3645 608 diiudicare,
3677 544 3749 595 si-

2169 640 2270 693 gna
2307 642 2421 679 vero
2469 637 2747 697 temporum
2791 646 2891 682 non
2933 630 3180 699 potestis?
3227 628 3492 684 Generatio
3519 648 3674 701 prava
3704 646 3752 688 et

2168 716 2399 771 adultera
2424 721 2624 789 signum
2661 724 2859 791 qucerit,
2901 733 2947 775 et
2972 724 3170 794 signum
3198 741 3297 777 non
3323 726 3525 779 dabitur
3555 727 3621 790 ei,
3656 730 3751 780 nisi

2166 808 2364 879 signum
2392 809 2541 865 Iona:
2568 816 2843 884 prophetce.
2872 812 2943 867 Et
2970 814 3313 884 derelinquens
3341 833 3423 870 cos
3451 818 3593 871 abiit.
3616 818 3752 872 Mar-

2165 917 2261 956 cus
2286 913 2462 957 autcm
2491 905 2641 973 dicit,
2670 908 2804 962 Cum
2820 909 3170 963 accessissent
3193 919 3247 964 et
3268 920 3586 979 quaarercnt,
3605 913 3751 981 inge-

2166 994 2364 1048 muisse
2385 996 2591 1063 spiritu,
2616 1013 2679 1053 ac
2710 998 2907 1054 dixisse
2940 1017 2953 1054 :
2989 1000 3124 1065 Quid
3146 1002 3399 1072 generatio
3428 1003 3524 1057 ista
3550 1004 3751 1074 signum

2165 1088 2340 1155 quierit
2368 1088 2555 1152 (Marc.
2585 1091 2637 1146 8.
2675 1092 2805 1161 i9)?
2835 1093 2945 1147 Etsi
2996 1094 3111 1148 talis
3142 1094 3488 1165 interrogatio
3534 1095 3666 1149 iram
3696 1105 3751 1149 ct

2166 1177 2579 1248 indignationem
2613 1183 2781 1251 possit
2818 1185 3068 1247 excitare,
3097 1194 3339 1240 attamen
3373 1186 3631 1255 benignus
3658 1186 3749 1240 ille

2166 1268 2422 1325 Dominus
2449 1287 2553 1325 non
2583 1272 2850 1342 irascitur,
2884 1275 2977 1330 scd
3009 1276 3290 1330 miseratur
3332 1276 3452 1331 illos
3480 1286 3745 1346 tamquam

2164 1360 2440 1416 incurabili
2485 1363 2673 1419 morbo
2698 1365 3020 1430 laborantes,
3056 1367 3147 1437 qui
3178 1376 3296 1437 post
3324 1376 3522 1421 tantam
3552 1378 3745 1437 poten-

2164 1450 2250 1504 tia:
2280 1466 2391 1506 sua:
2434 1451 2966 1523 demonstrationem,
3007 1466 3267 1513 tentatum
3294 1458 3529 1513 veniant.
3564 1458 3746 1530 Neque

2160 1543 2302 1596 enim
2325 1544 2651 1600 accedebant
2677 1549 3048 1616 utcredercnt,
3071 1550 3164 1605 sed
3191 1561 3249 1605 ut
3268 1550 3743 1620 reprehenderent.

2160 1636 2293 1691 Nam
2323 1638 2388 1702 si,
2414 1647 2472 1693 ut
2511 1640 2815 1709 crederent,
2845 1644 3215 1711 accessissent,
3244 1645 3477 1701 dedisset
3514 1646 3693 1718 utique
3724 1666 3739 1703 :

2144 1730 2246 1797 'qni
2287 1730 2429 1785 enim
2472 1731 2681 1788 mulieri
2725 1734 2876 1800 dixit,
2910 1733 3031 1788 Non
3057 1746 3131 1790 est
3175 1737 3359 1790 bonum
3397 1737 3621 1809 (Matth.
3649 1741 3739 1796 l5.

2158 1819 2273 1890 26),
2303 1829 2357 1875 ct
2400 1832 2581 1891 postea
2627 1824 2833 1895 signum
2878 1825 3041 1891 dedit,
3080 1828 3244 1881 multo
3289 1829 3454 1898 magis
3485 1830 3567 1885 his
3592 1846 3735 1900 prte-

2158 1910 2379 1966 bttisset.
2405 1913 2602 1968 Verum
2630 1917 2751 1985 quia
2773 1932 2878 1971 non
2906 1917 3216 1987 quaerebant
3240 1926 3298 1973 ut
3322 1921 3618 1986 crederent,
3646 1923 3740 1993 hy-

2160 2005 2386 2072 pocritas
2432 2006 2550 2060 illos
2588 2007 2713 2062 alibi
2761 2020 2935 2075 vocat,
2966 2011 3087 2079 quia
3114 2010 3255 2065 aliud
3284 2012 3550 2079 dicebant,
3594 2015 3738 2069 aliud

2156 2096 2478 2152 sentiebant.
2523 2097 2579 2154 Si
2607 2100 2747 2154 enim
2778 2099 3151 2164 credidissent,
3194 2118 3299 2157 non
3329 2104 3541 2172 petituri
3563 2116 3735 2161 erant.

2155 2187 2386 2243 Aliunde
2413 2189 2572 2244 etiam
2598 2191 2769 2260 palam
2791 2200 2872 2247 est
2900 2193 3044 2262 ipsos
3071 2210 3176 2249 non
3208 2196 3517 2252 credidisse.
3557 2196 3735 2253 Incre-

2154 2279 2260 2347 pati
2286 2282 2481 2351 quippe
2507 2291 2561 2336 et
2581 2283 2860 2349 confutati,
2887 2300 2992 2339 non
3020 2296 3349 2352 manserunt,
3378 2304 3551 2358 neque
3584 2289 3734 2345 dixe-

2152 2383 2316 2447 runt:
2356 2376 2675 2445 lgnoramus
2712 2386 2769 2432 et
2803 2377 3047 2434 ediscere
3089 2380 3399 2450 quaerimus.
3427 2380 3579 2449 Quod
3608 2398 3736 2438 vero

2150 2466 2357 2535 signum
2385 2466 2453 2521 de
2478 2467 2610 2522 caelo
2639 2468 2930 2537 petebant?
2972 2469 3043 2525 Ut
3079 2469 3246 2524 solem
3274 2471 3507 2539 sisteret,
3540 2473 3621 2528 vel
3649 2473 3731 2527 lu-

2153 2574 2272 2612 nam
2305 2558 2558 2625 frenaret,
2609 2569 2701 2615 aut
2746 2560 2967 2616 fulmina
3000 2563 3255 2631 mitteret,
3281 2573 3371 2618 aut
3397 2579 3576 2619 aerem
3611 2580 3732 2620 mu-

2151 2660 2308 2720 taret,
2354 2662 2446 2707 aut
2480 2654 2605 2725 quid
2654 2656 2845 2711 simile.
2889 2656 3025 2723 Quid
3068 2658 3225 2729 igitur
3246 2659 3321 2713 ait
3348 2660 3499 2728 ipse?
3526 2657 3731 2713 Facient

2148 2746 2260 2801 cali
2287 2746 2566 2817 dijudicare
2589 2748 2745 2813 scitis,
2777 2750 2923 2820 signa
2947 2766 3062 2804 vero
3078 2760 3355 2821 temporum
3379 2767 3481 2805 non
3501 2752 3733 2821 potestis?

2150 2837 2368 2893 Vidistis
2398 2841 2860 2896 mansuetudinem
2887 2852 2941 2896 et
2968 2842 3423 2897 moderationem?
3446 2843 3561 2898 Non
3589 2846 3728 2899 enim

2146 2938 2204 2985 ut
2232 2931 2379 3001 prius
2418 2932 2631 3001 negavit
2668 2944 2722 2987 et
2747 2932 2899 3000 dixit,
2931 2933 3051 2988 Non
3081 2934 3281 2988 dabitur
3308 2935 3354 2989 ei
3379 2934 3604 3004 (Matth.
3639 2936 3725 2991 12.

2146 3022 2278 3095 59),
2309 3022 2404 3078 sed
2430 3038 2648 3078 causam
2676 3039 2771 3079 cur
2810 3039 2914 3080 non
2957 3024 3049 3080 det
3088 3024 3261 3092 aﬂ‘crt,
3292 3025 3498 3081 etiamsi
3524 3027 3597 3080 illi
3623 3044 3726 3081 non

2147 3126 2205 3174 ut
2226 3118 2495 3175 discerent
2520 3122 2925 3192 interrogarent.
2950 3122 3205 3191 Quaenam
3235 3123 3392 3194 igitur
3410 3138 3567 3179 causa
3590 3125 3727 3179 erat?

2146 3209 2216 3267 Ut
2241 3211 2297 3266 in
2315 3213 2469 3279 celo,
2498 3213 2687 3283 inquit,
2715 3214 2857 3268 aliud
2883 3214 3093 3285 signum
3113 3225 3196 3270 cst
3220 3217 3565 3285 tempestatis,
3588 3217 3726 3271 aliud

2144 3305 2561 3376 tranquillitatis,
2610 3321 2712 3362 nec
2738 3308 2857 3377 quis
2882 3316 3169 3377 conSpccto
3199 3310 3526 3378 tempestatis
3549 3310 3721 3379 signo.

2143 3398 2577 3469 tranquillitatem
2621 3408 2914 3468 exspectat,
2946 3416 3118 3472 neque
3148 3402 3202 3455 in
3231 3402 3608 3471 tranquillitate
3637 3418 3724 3459 sc-

2141 3504 2267 3544 rcua
2292 3499 2658 3558 tempestatem
2694 3508 2706 3542 :
2736 3491 2812 3545 sic
2836 3490 2904 3545 de
2944 3505 3031 3545 me
3058 3506 3269 3561 quoque
3295 3493 3723 3547 existimandum.

2141 3582 2298 3636 Aliud
2324 3583 2466 3639 enim
2512 3591 2594 3636 est
2625 3592 2831 3652 tempus
2862 3582 3019 3653 hujus
3044 3583 3322 3649 adventus,
3352 3584 3493 3639 aliud
3543 3587 3722 3639 futuri.

2142 3676 2293 3731 Nunc
2319 3692 2454 3747 opus
2483 3686 2566 3731 est
2606 3677 2772 3747 signis
2798 3677 2922 3745 illis,
2951 3693 3069 3748 qua:
3098 3677 3149 3732 in
3181 3686 3321 3733 terra
3351 3678 3575 3745 dantur;
3606 3695 3726 3750 quae

2142 3771 2196 3825 in
2226 3771 2359 3827 cmlo
2384 3779 2584 3837 autem,
2609 3772 2661 3824 in
2686 3770 2819 3825 illud
2864 3779 3072 3841 tempus
3100 3782 3464 3826 reservantur.
3484 3772 3641 3828 Nunc
3671 3784 3731 3828 ut;

2142 3862 2382 3918 medicus
2402 3862 2542 3927 veni,
2571 3871 2697 3916 tunc
2722 3871 2778 3915 ut
2815 3862 2977 3931 judex
3003 3861 3202 3927 adero;
3233 3878 3376 3918 nunc
3409 3872 3465 3918 ut
3490 3879 3723 3934 qumram

2142 3968 2237 4009 eos
2264 3954 2355 4024 qui
2392 3962 2727 4018 erraverunt,
2775 3961 2907 4007 tunc
2930 3962 2989 4007 ut
3025 3954 3260 4008 rationes
3283 3963 3542 4024 repetam.
3575 3956 3724 4011 Ideo-

2141 4058 2252 4115 quo
2265 4045 2434 4101 latens
2464 4044 2615 4108 veni;
2646 4054 2770 4099 tunc
2794 4044 3002 4114 publice
3029 4055 3083 4100 et
3107 4045 3280 4114 palam
3321 4047 3480 4103 czelos
3504 4051 3719 4104 convol-

2141 4154 2282 4205 vam,
2304 4138 2471 4191 solem
2500 4135 2840 4198 abscondam,
2867 4137 3043 4190 lunam
3065 4151 3172 4190 non
3197 4137 3369 4193 sinam
3397 4140 3525 4195 dare
3550 4140 3720 4196 lucem

2141 4246 2310 4284 suam.
2338 4228 2487 4283 Tunc
2509 4230 2729 4281 virtutes
2755 4228 3008 4282 caelorum
3041 4227 3414 4297 movebuntur,
3440 4230 3723 4287 adventus-

2141 4334 2243 4390 que
2281 4333 2432 4372 mcus
2459 4317 2648 4372 similis
2676 4317 2779 4373 erit
2815 4316 3007 4386 fulguri
3045 4316 3323 4373 confestim
3352 4321 3594 4377 omnibus
3624 4339 3720 4394 ap-

2141 4413 2365 4484 parenti.
2388 4411 2493 4468 Sed
2511 4426 2616 4467 non
2633 4422 2715 4467 est
2732 4410 2842 4481 jam
2866 4419 3075 4481 tempus
3098 4410 3400 4482 huiusmodi
3426 4415 3717 4484 signorum.

2138 4508 2270 4562 Nam
2297 4507 2417 4561 veni
2445 4506 2733 4560 moriturus
2763 4513 2818 4559 et
2846 4505 3149 4573 turpissima
3181 4520 3455 4574 passurus.
3479 4507 3593 4561 Non
3624 4524 3720 4562 au-

2138 4600 2292 4655 distis
2338 4598 2650 4669 prophetam
2699 4598 2964 4653 dicentem
3010 4615 3024 4652 :
3070 4596 3193 4651 Non
3234 4600 3516 4665 contendet,
3567 4617 3722 4670 neque

2137 4691 2394 4755 clamabit,
2422 4705 2580 4759 neque
2619 4688 2851 4743 audietur
2878 4688 3003 4759 foris
3028 4704 3125 4741 voa:
3153 4688 3301 4759 ejus(
3328 4687 3456 4743 Isai.
3490 4690 3580 4745 42.
3609 4692 3643 4744 ‘2
3665 4692 3725 4763 )?

2137 4792 2192 4837 et
2216 4782 2375 4836 alium
2399 4794 2583 4837 rursus
2616 4796 2630 4834 :
2659 4778 2936 4834 Descendct
2962 4780 3089 4833 sicut
3116 4778 3288 4849 pluvia
3306 4781 3359 4835 in
3375 4780 3532 4837 vellus
3553 4781 3719 4853 (Psal.

2137 4875 2227 4929 7t.
2258 4874 2341 4944 6)?

2209 4971 2262 5024 5.
2286 4968 2438 5037 Quod
2464 4970 2508 5022 si
2535 4982 2603 5023 ea
2627 4969 2774 5038 signa
2803 4967 2980 5022 dicant
3006 4982 3128 5037 qua:
3150 4968 3249 5023 sub
3283 4967 3561 5024 Pharaone
3590 4968 3729 5025 facta

2138 5070 2283 5128 sunt,
2309 5075 2439 5115 sane
2482 5059 2572 5115 illo
2619 5069 2856 5127 tempore
2894 5059 2962 5113 ab
2986 5058 3138 5114 hoste
3175 5060 3306 5129 eripi
3333 5061 3629 5131 oportebat,
3660 5078 3725 5116 ac

2136 5152 2254 5223 jure
2275 5153 2362 5206 illa
2392 5151 2587 5206 fiebant
2615 5150 2761 5221 signa
2796 5167 2809 5203 :
2844 5149 2917 5204 illi
2943 5159 3141 5215 autem,
3168 5152 3256 5221 qui
3286 5151 3351 5204 ad
3390 5152 3592 5205 amicos
3622 5153 3721 5206 ad-

2140 5247 2300 5313 venit,
2335 5261 2439 5300 non
2470 5259 2604 5315 Opus
2631 5253 2713 5299 est
2741 5244 2906 5313 signis
2933 5244 3055 5299 illis.
3091 5244 3370 5312 Quomodo
3405 5254 3580 5300 autem
3610 5263 3718 5299 ma-

2137 5354 2239 5409 gna
2259 5339 2346 5394 illa
2366 5338 2524 5405 dabo,
2552 5352 2670 5392 cum
2693 5352 2853 5408 parva
2873 5352 2975 5392 non
2998 5337 3319 5391 credantur?
3340 5337 3503 5391 Parva
3524 5339 3721 5396 Scilice,’

2137 5440 2393 5503 quantum
2436 5430 2503 5484 ad
2546 5430 2977 5495 ostentationem,
3028 5445 3148 5482 nam
3194 5430 3297 5483 illis
3332 5429 3527 5482 virtute
3554 5431 3722 5483 multo

2139 5523 2342 5591 majora
2388 5530 2529 5575 sunt.
2576 5520 2712 5588 Quid
2754 5521 2896 5576 enim
2945 5536 3041 5590 par
3088 5521 3244 5575 fuerit
3271 5529 3607 5589 peccatorum
3638 5537 3722 5574 rc-

2138 5614 2418 5671 missioni?
2461 5612 2586 5683 qttid
2630 5622 2734 5667 tam
2781 5613 3023 5668 mirabile
3068 5612 3225 5666 fuerit
3271 5627 3428 5682 quam
3456 5622 3719 5665 mortuum

2136 5708 2426 5771 suscitare,
2477 5707 2750 5760 daemonas
2795 5705 3029 5775 pellere,
3075 5719 3269 5773 corpus
3312 5704 3639 5765 reformare,
3668 5712 3721 5756 et

2139 5801 2314 5857 omnia
2365 5799 2704 5855 restaurare?
2743 5797 2819 5852 'l‘u
2862 5813 2987 5852 vero
3034 5813 3126 5852 cor
3170 5810 3353 5851 eorum
3393 5802 3712 5848 orcaecatum
