  <div class='ocr_page' id='page_1' title='image "/cluster/home/n/w/nwhite01/storage/ocr_20150623/58/nnc1.0046979956/068.png"; bbox 0 0 4108 6376; ppageno 0'>
   <div class='ocr_carea' id='block_1_1' title="bbox 268 371 373 428">
    <p class='ocr_par' dir='ltr' id='par_1_1' title="bbox 268 371 373 428">
     <span class='ocr_line' id='line_1_1' title="bbox 268 371 373 428; baseline 0 -2"><span class='ocrx_word' id='word_1_1' title='bbox 268 371 373 428; x_wconf 68' lang='lat'><strong>5‘27</strong></span> 
     </span>
    </p>
   </div>
   <div class='ocr_carea' id='block_1_2' title="bbox 265 490 1943 564">
    <p class='ocr_par' dir='ltr' id='par_1_2' title="bbox 265 490 1943 564">
     <span class='ocr_line' id='line_1_2' title="bbox 265 490 1943 564; baseline -0.004 -14"><span class='ocrx_word' id='word_1_2' title='bbox 265 493 549 563; x_wconf 67' lang='grc' dir='ltr'><strong>διαϐλέψαι</strong></span> <span class='ocrx_word' id='word_1_3' title='bbox 574 490 710 564; x_wconf 77' lang='grc' dir='ltr'><strong>πρὸς</strong></span> <span class='ocrx_word' id='word_1_4' title='bbox 738 492 798 547; x_wconf 86' lang='grc' dir='ltr'><strong>τὸ</strong></span> <span class='ocrx_word' id='word_1_5' title='bbox 837 495 966 564; x_wconf 82' lang='grc' dir='ltr'><strong>παρ’</strong></span> <span class='ocrx_word' id='word_1_6' title='bbox 1003 493 1164 546; x_wconf 85' lang='grc' dir='ltr'><strong>αὐτοῦ</strong></span> <span class='ocrx_word' id='word_1_7' title='bbox 1195 491 1367 546; x_wconf 84' lang='grc' dir='ltr'><strong>ταῦτα</strong></span> <span class='ocrx_word' id='word_1_8' title='bbox 1407 493 1647 563; x_wconf 78' lang='grc' dir='ltr'><strong>αἰτῆσαι.</strong></span> <span class='ocrx_word' id='word_1_9' title='bbox 1695 493 1806 547; x_wconf 86' lang='lat' dir='ltr'><strong>Kal</strong></span> <span class='ocrx_word' id='word_1_10' title='bbox 1831 491 1943 563; x_wconf 78' lang='grc' dir='ltr'><strong>γὰρ</strong></span> 
     </span>
    </p>
   </div>
   <div class='ocr_carea' id='block_1_3' title="bbox 262 572 1941 648">
    <p class='ocr_par' dir='ltr' id='par_1_3' title="bbox 262 572 1941 648">
     <span class='ocr_line' id='line_1_3' title="bbox 262 572 1941 648; baseline -0.002 -16"><span class='ocrx_word' id='word_1_11' title='bbox 262 577 568 640; x_wconf 81' lang='grc' dir='ltr'><strong>δεικνύντος</strong></span> <span class='ocrx_word' id='word_1_12' title='bbox 593 572 660 647; x_wconf 83' lang='grc' dir='ltr'><strong>ἦν</strong></span> <span class='ocrx_word' id='word_1_13' title='bbox 675 577 742 630; x_wconf 78' lang='grc' dir='ltr'><strong>τὰ</strong></span> <span class='ocrx_word' id='word_1_14' title='bbox 781 578 1021 648; x_wconf 77' lang='grc' dir='ltr'><strong>ῥήματα,</strong></span> <span class='ocrx_word' id='word_1_15' title='bbox 1057 577 1138 630; x_wconf 81' lang='grc' dir='ltr'><strong>ὅτι</strong></span> <span class='ocrx_word' id='word_1_16' title='bbox 1183 577 1404 629; x_wconf 87' lang='grc' dir='ltr'><strong>δύναται</strong></span> <span class='ocrx_word' id='word_1_17' title='bbox 1430 575 1506 648; x_wconf 85' lang='grc' dir='ltr'><strong>μὴ</strong></span> <span class='ocrx_word' id='word_1_18' title='bbox 1539 575 1804 630; x_wconf 85' lang='grc' dir='ltr'><strong>ἀπολῦσαι</strong></span> <span class='ocrx_word' id='word_1_19' title='bbox 1841 577 1941 628; x_wconf 90' lang='grc' dir='ltr'><strong>αὐ-</strong></span> 
     </span>
    </p>
   </div>
   <div class='ocr_carea' id='block_1_4' title="bbox 262 661 1942 734">
    <p class='ocr_par' dir='ltr' id='par_1_4' title="bbox 262 661 1942 734">
     <span class='ocr_line' id='line_1_4' title="bbox 262 661 1942 734; baseline -0.002 -17"><span class='ocrx_word' id='word_1_20' title='bbox 262 666 390 727; x_wconf 75' lang='grc' dir='ltr'><strong>τοὺς</strong></span> <span class='ocrx_word' id='word_1_21' title='bbox 410 663 646 734; x_wconf 78' lang='grc' dir='ltr'><strong>νήστεις,</strong></span> <span class='ocrx_word' id='word_1_22' title='bbox 671 662 767 716; x_wconf 78' lang='grc' dir='ltr'><strong>καὶ</strong></span> <span class='ocrx_word' id='word_1_23' title='bbox 794 661 1149 733; x_wconf 79' lang='grc' dir='ltr'><strong>ἐμφαίνοντος</strong></span> <span class='ocrx_word' id='word_1_24' title='bbox 1181 661 1280 732; x_wconf 81' lang='grc' dir='ltr'><strong>τὴν</strong></span> <span class='ocrx_word' id='word_1_25' title='bbox 1309 661 1578 725; x_wconf 81' lang='grc' dir='ltr'><strong>ἐξουσίαν.</strong></span> <span class='ocrx_word' id='word_1_26' title='bbox 1606 661 1679 713; x_wconf 77' lang='grc' dir='ltr'><strong>Τὸ</strong></span> <span class='ocrx_word' id='word_1_27' title='bbox 1705 662 1832 731; x_wconf 80' lang='grc' dir='ltr'><strong>γὰρ,</strong></span> <span class='ocrx_word' id='word_1_28' title='bbox 1860 663 1942 715; x_wconf 87' lang='grc' dir='ltr'><strong>Οὐ</strong></span> 
     </span>
    </p>
   </div>
   <div class='ocr_carea' id='block_1_5' title="bbox 262 744 1944 815">
    <p class='ocr_par' dir='ltr' id='par_1_5' title="bbox 262 744 1944 815">
     <span class='ocr_line' id='line_1_5' title="bbox 262 744 1944 815; baseline -0.004 -13"><span class='ocrx_word' id='word_1_29' title='bbox 262 745 436 807; x_wconf 82' lang='grc' dir='ltr'><strong>θέλω,</strong></span> <span class='ocrx_word' id='word_1_30' title='bbox 477 745 637 798; x_wconf 87' lang='grc' dir='ltr'><strong>τοῦτό</strong></span> <span class='ocrx_word' id='word_1_31' title='bbox 674 747 822 799; x_wconf 90' lang='grc' dir='ltr'><strong>ἐστιν</strong></span> <span class='ocrx_word' id='word_1_32' title='bbox 862 744 1296 815; x_wconf 87' lang='grc' dir='ltr'><strong>ἐνδεικνυμένου.</strong></span> <span class='ocrx_word' id='word_1_33' title='bbox 1337 744 1555 815; x_wconf 80' lang='grc' dir='ltr'><strong>Ἐπειδὴ</strong></span> <span class='ocrx_word' id='word_1_34' title='bbox 1596 745 1652 797; x_wconf 87' lang='grc' dir='ltr'><strong>δέ</strong></span> <span class='ocrx_word' id='word_1_35' title='bbox 1685 745 1777 798; x_wconf 90' lang='grc' dir='ltr'><strong>τοῦ</strong></span> <span class='ocrx_word' id='word_1_36' title='bbox 1808 744 1944 814; x_wconf 80' lang='grc' dir='ltr'><strong>πλή-</strong></span> 
     </span>
    </p>
   </div>
   <div class='ocr_carea' id='block_1_6' title="bbox 263 826 1942 900">
    <p class='ocr_par' dir='ltr' id='par_1_6' title="bbox 263 826 1942 900">
     <span class='ocr_line' id='line_1_6' title="bbox 263 826 1942 900; baseline -0.002 -17"><span class='ocrx_word' id='word_1_37' title='bbox 263 829 388 892; x_wconf 86' lang='grc' dir='ltr'><strong>θους</strong></span> <span class='ocrx_word' id='word_1_38' title='bbox 418 829 834 900; x_wconf 78' lang='grc' dir='ltr'><strong>ἐμνημόνευσαν</strong></span> <span class='ocrx_word' id='word_1_39' title='bbox 864 829 1071 889; x_wconf 82' lang='grc' dir='ltr'><strong>λοιπὸν,</strong></span> <span class='ocrx_word' id='word_1_40' title='bbox 1093 832 1188 882; x_wconf 69' lang='grc' dir='ltr'><strong>καὶ</strong></span> <span class='ocrx_word' id='word_1_41' title='bbox 1218 826 1312 880; x_wconf 87' lang='grc' dir='ltr'><strong>τοῦ</strong></span> <span class='ocrx_word' id='word_1_42' title='bbox 1341 828 1530 893; x_wconf 86' lang='grc' dir='ltr'><strong>τόπου,</strong></span> <span class='ocrx_word' id='word_1_43' title='bbox 1563 828 1659 882; x_wconf 74' lang='grc' dir='ltr'><strong>καὶ</strong></span> <span class='ocrx_word' id='word_1_44' title='bbox 1685 829 1785 899; x_wconf 87' lang='grc' dir='ltr'><strong>τῆς</strong></span> <span class='ocrx_word' id='word_1_45' title='bbox 1812 830 1942 900; x_wconf 83' lang='grc' dir='ltr'><strong>ἐρη-</strong></span> 
     </span>
    </p>
   </div>
   <div class='ocr_carea' id='block_1_7' title="bbox 265 911 1943 984">
    <p class='ocr_par' dir='ltr' id='par_1_7' title="bbox 265 911 1943 984">
     <span class='ocr_line' id='line_1_7' title="bbox 265 911 1943 984; baseline 0.001 -19"><span class='ocrx_word' id='word_1_46' title='bbox 265 911 427 983; x_wconf 72' lang='grc' dir='ltr'><strong>μίαςο</strong></span> <span class='ocrx_word' id='word_1_47' title='bbox 485 911 708 983; x_wconf 86' lang='grc' dir='ltr'><strong>(Πόθεν</strong></span> <span class='ocrx_word' id='word_1_48' title='bbox 767 915 898 984; x_wconf 80' lang='grc' dir='ltr'><strong>γὰρ,</strong></span> <span class='ocrx_word' id='word_1_49' title='bbox 953 913 1140 982; x_wconf 69' lang='grc' dir='ltr'><strong>φησὶν,</strong></span> <span class='ocrx_word' id='word_1_50' title='bbox 1197 912 1343 980; x_wconf 72' lang='grc' dir='ltr'><strong>ἡμῖν</strong></span> <span class='ocrx_word' id='word_1_51' title='bbox 1395 912 1464 965; x_wconf 84' lang='grc' dir='ltr'><strong>ἐν</strong></span> <span class='ocrx_word' id='word_1_52' title='bbox 1510 913 1724 981; x_wconf 80' lang='grc' dir='ltr'><strong>ἐρημίᾳ</strong></span> <span class='ocrx_word' id='word_1_53' title='bbox 1777 912 1943 980; x_wconf 75' lang='grc' dir='ltr'><strong>ἄρτοι</strong></span> 
     </span>
    </p>
   </div>
   <div class='ocr_carea' id='block_1_8' title="bbox 260 997 1944 1068">
    <p class='ocr_par' dir='ltr' id='par_1_8' title="bbox 260 997 1944 1068">
     <span class='ocr_line' id='line_1_8' title="bbox 260 997 1944 1068; baseline 0 -16"><span class='ocrx_word' id='word_1_54' title='bbox 260 1000 560 1064; x_wconf 82' lang='grc' dir='ltr'><strong>τοσοῦτοι,</strong></span> <span class='ocrx_word' id='word_1_55' title='bbox 621 997 778 1051; x_wconf 84' lang='grc' dir='ltr'><strong>ὥστε</strong></span> <span class='ocrx_word' id='word_1_56' title='bbox 833 997 1122 1068; x_wconf 81' lang='grc' dir='ltr'><strong>χορτάσαι</strong></span> <span class='ocrx_word' id='word_1_57' title='bbox 1177 997 1368 1067; x_wconf 79' lang='grc' dir='ltr'><strong>ὄχλον</strong></span> <span class='ocrx_word' id='word_1_58' title='bbox 1417 998 1714 1052; x_wconf 87' lang='grc' dir='ltr'><strong>τοσοῦτον</strong></span> <span class='ocrx_word' id='word_1_59' title='bbox 1741 998 1780 1068; x_wconf 85' lang='grc'><strong>;)</strong></span> <span class='ocrx_word' id='word_1_60' title='bbox 1850 1001 1944 1052; x_wconf 73' lang='grc' dir='ltr'><strong>καὶ</strong></span> 
     </span>
    </p>
   </div>
   <div class='ocr_carea' id='block_1_9' title="bbox 261 1081 1941 1154">
    <p class='ocr_par' dir='ltr' id='par_1_9' title="bbox 261 1081 1941 1154">
     <span class='ocr_line' id='line_1_9' title="bbox 261 1081 1941 1154; baseline 0.002 -20"><span class='ocrx_word' id='word_1_61' title='bbox 261 1081 382 1135; x_wconf 87' lang='grc' dir='ltr'><strong>οὐδὲ</strong></span> <span class='ocrx_word' id='word_1_62' title='bbox 422 1082 565 1136; x_wconf 77' lang='grc' dir='ltr'><strong>οὕτω</strong></span> <span class='ocrx_word' id='word_1_63' title='bbox 613 1083 848 1152; x_wconf 81' lang='grc' dir='ltr'><strong>συνῆκαν</strong></span> <span class='ocrx_word' id='word_1_64' title='bbox 891 1083 950 1134; x_wconf 88' lang='grc' dir='ltr'><strong>τὸ</strong></span> <span class='ocrx_word' id='word_1_65' title='bbox 991 1081 1200 1150; x_wconf 81' lang='grc' dir='ltr'><strong>λεχθὲν,</strong></span> <span class='ocrx_word' id='word_1_66' title='bbox 1253 1081 1435 1134; x_wconf 83' lang='grc' dir='ltr'><strong>λοιπὸν</strong></span> <span class='ocrx_word' id='word_1_67' title='bbox 1487 1082 1648 1146; x_wconf 82' lang='grc' dir='ltr'><strong>αὐτὸς</strong></span> <span class='ocrx_word' id='word_1_68' title='bbox 1698 1083 1765 1136; x_wconf 86' lang='grc' dir='ltr'><strong>τά</strong></span> <span class='ocrx_word' id='word_1_69' title='bbox 1812 1085 1941 1154; x_wconf 85' lang='grc' dir='ltr'><strong>παρ’</strong></span> 
     </span>
    </p>
   </div>
   <div class='ocr_carea' id='block_1_10' title="bbox 260 1164 1943 1235">
    <p class='ocr_par' dir='ltr' id='par_1_10' title="bbox 260 1164 1943 1235">
     <span class='ocr_line' id='line_1_10' title="bbox 260 1164 1943 1235; baseline 0.002 -18"><span class='ocrx_word' id='word_1_70' title='bbox 260 1164 454 1217; x_wconf 88' lang='grc' dir='ltr'><strong>ἑαυτοῦ</strong></span> <span class='ocrx_word' id='word_1_71' title='bbox 504 1164 768 1232; x_wconf 78' lang='grc' dir='ltr'><strong>εἰσφέρει,</strong></span> <span class='ocrx_word' id='word_1_72' title='bbox 818 1165 912 1216; x_wconf 85' lang='grc' dir='ltr'><strong>καί</strong></span> <span class='ocrx_word' id='word_1_73' title='bbox 957 1181 1120 1235; x_wconf 89' lang='grc' dir='ltr'><strong>φησιν</strong></span> <span class='ocrx_word' id='word_1_74' title='bbox 1162 1167 1379 1228; x_wconf 75' lang='grc' dir='ltr'><strong>αὐτοῖς’</strong></span> <span class='ocrx_word' id='word_1_75' title='bbox 1437 1167 1678 1230; x_wconf 83' lang='grc' dir='ltr'><strong>Πόσους</strong></span> <span class='ocrx_word' id='word_1_76' title='bbox 1724 1165 1943 1234; x_wconf 77' lang='grc' dir='ltr'><strong>ἄρτους</strong></span> 
     </span>
    </p>
   </div>
   <div class='ocr_carea' id='block_1_11' title="bbox 259 1247 1937 1319">
    <p class='ocr_par' dir='ltr' id='par_1_11' title="bbox 259 1247 1937 1319">
     <span class='ocr_line' id='line_1_11' title="bbox 259 1247 1937 1319; baseline 0.001 -16"><span class='ocrx_word' id='word_1_77' title='bbox 259 1249 464 1318; x_wconf 60' lang='lat' dir='ltr'><strong>Extare;</strong></span> <span class='ocrx_word' id='word_1_78' title='bbox 512 1250 577 1302; x_wconf 88' lang='grc' dir='ltr'><strong>Οί</strong></span> <span class='ocrx_word' id='word_1_79' title='bbox 621 1247 689 1300; x_wconf 82' lang='grc' dir='ltr'><strong>δὲ</strong></span> <span class='ocrx_word' id='word_1_80' title='bbox 730 1248 1040 1317; x_wconf 84' lang='grc' dir='ltr'><strong>λέγουσιν,</strong></span> <span class='ocrx_word' id='word_1_81' title='bbox 1093 1247 1294 1313; x_wconf 78' lang='grc' dir='ltr'><strong>Ἑπτὰ,</strong></span> <span class='ocrx_word' id='word_1_82' title='bbox 1330 1249 1429 1301; x_wconf 79' lang='grc' dir='ltr'><strong>καί</strong></span> <span class='ocrx_word' id='word_1_83' title='bbox 1460 1250 1636 1319; x_wconf 84' lang='grc' dir='ltr'><strong>ὀλίγα</strong></span> <span class='ocrx_word' id='word_1_84' title='bbox 1685 1251 1937 1318; x_wconf 82' lang='grc' dir='ltr'><strong>ἰχθύδια.</strong></span> 
     </span>
    </p>
   </div>
   <div class='ocr_carea' id='block_1_12' title="bbox 259 1334 1942 1404">
    <p class='ocr_par' dir='ltr' id='par_1_12' title="bbox 259 1334 1942 1404">
     <span class='ocr_line' id='line_1_12' title="bbox 259 1334 1942 1404; baseline 0.001 -14"><span class='ocrx_word' id='word_1_85' title='bbox 259 1338 372 1390; x_wconf 86' lang='lat' dir='ltr'><strong>Kal</strong></span> <span class='ocrx_word' id='word_1_86' title='bbox 391 1335 574 1389; x_wconf 85' lang='grc' dir='ltr'><strong>οὐκέτι</strong></span> <span class='ocrx_word' id='word_1_87' title='bbox 600 1335 872 1404; x_wconf 90' lang='grc' dir='ltr'><strong>λέγουσιν,</strong></span> <span class='ocrx_word' id='word_1_88' title='bbox 917 1334 1093 1389; x_wconf 80' lang='grc' dir='ltr'><strong>Ἀλλὰ</strong></span> <span class='ocrx_word' id='word_1_89' title='bbox 1113 1334 1300 1388; x_wconf 84' lang='grc' dir='ltr'><strong>ταῦτα</strong></span> <span class='ocrx_word' id='word_1_90' title='bbox 1327 1336 1385 1388; x_wconf 92' lang='grc' dir='ltr'><strong>τί</strong></span> <span class='ocrx_word' id='word_1_91' title='bbox 1415 1335 1586 1390; x_wconf 86' lang='grc' dir='ltr'><strong>ἐστιν</strong></span> <span class='ocrx_word' id='word_1_92' title='bbox 1605 1339 1691 1402; x_wconf 83' lang='grc' dir='ltr'><strong>είς</strong></span> <span class='ocrx_word' id='word_1_93' title='bbox 1727 1340 1942 1393; x_wconf 80' lang='grc' dir='ltr'><strong>τοσού-</strong></span> 
     </span>
    </p>
   </div>
   <div class='ocr_carea' id='block_1_13' title="bbox 258 1416 1938 1494">
    <p class='ocr_par' dir='ltr' id='par_1_13' title="bbox 258 1416 1938 1494">
     <span class='ocr_line' id='line_1_13' title="bbox 258 1416 1938 1494; baseline 0.002 -20"><span class='ocrx_word' id='word_1_94' title='bbox 258 1437 439 1488; x_wconf 84' lang='grc' dir='ltr'><strong>τους;</strong></span> <span class='ocrx_word' id='word_1_95' title='bbox 471 1420 661 1490; x_wconf 89' lang='grc' dir='ltr'><strong>ῶσπερ</strong></span> <span class='ocrx_word' id='word_1_96' title='bbox 699 1418 1012 1489; x_wconf 78' lang='grc' dir='ltr'><strong>ἔμπροσθεν</strong></span> <span class='ocrx_word' id='word_1_97' title='bbox 1057 1416 1232 1474; x_wconf 82' lang='grc' dir='ltr'><strong>εἷπον.</strong></span> <span class='ocrx_word' id='word_1_98' title='bbox 1277 1419 1466 1484; x_wconf 81' lang='grc' dir='ltr'><strong>Οὕτως</strong></span> <span class='ocrx_word' id='word_1_99' title='bbox 1510 1423 1558 1474; x_wconf 90' lang='grc' dir='ltr'><strong>εἰ</strong></span> <span class='ocrx_word' id='word_1_100' title='bbox 1598 1423 1692 1476; x_wconf 78' lang='grc' dir='ltr'><strong>καὶ</strong></span> <span class='ocrx_word' id='word_1_101' title='bbox 1738 1424 1812 1494; x_wconf 83' lang='grc' dir='ltr'><strong>μὴ</strong></span> <span class='ocrx_word' id='word_1_102' title='bbox 1845 1424 1938 1478; x_wconf 88' lang='grc' dir='ltr'><strong>τοῦ</strong></span> 
     </span>
    </p>
   </div>
   <div class='ocr_carea' id='block_1_14' title="bbox 257 1505 1940 1580">
    <p class='ocr_par' dir='ltr' id='par_1_14' title="bbox 257 1505 1940 1580">
     <span class='ocr_line' id='line_1_14' title="bbox 257 1505 1940 1580; baseline 0.003 -21"><span class='ocrx_word' id='word_1_103' title='bbox 257 1506 464 1570; x_wconf 72' lang='grc' dir='ltr'><strong>παντὸς</strong></span> <span class='ocrx_word' id='word_1_104' title='bbox 517 1505 990 1577; x_wconf 78' lang='grc' dir='ltr'><strong>ἐπελαμϐάνοντο,</strong></span> <span class='ocrx_word' id='word_1_105' title='bbox 1054 1506 1168 1559; x_wconf 86' lang='grc' dir='ltr'><strong>ἀλλ’</strong></span> <span class='ocrx_word' id='word_1_106' title='bbox 1223 1507 1374 1576; x_wconf 83' lang='grc' dir='ltr'><strong>ὅμως</strong></span> <span class='ocrx_word' id='word_1_107' title='bbox 1426 1506 1750 1580; x_wconf 78' lang='grc' dir='ltr'><strong>ὑψηλότεροι</strong></span> <span class='ocrx_word' id='word_1_108' title='bbox 1799 1510 1940 1564; x_wconf 82' lang='grc' dir='ltr'><strong>κατὰ</strong></span> 
     </span>
    </p>
   </div>
   <div class='ocr_carea' id='block_1_15' title="bbox 260 1589 1940 1665">
    <p class='ocr_par' dir='ltr' id='par_1_15' title="bbox 260 1589 1940 1665">
     <span class='ocr_line' id='line_1_15' title="bbox 260 1589 1940 1665; baseline 0.004 -23"><span class='ocrx_word' id='word_1_109' title='bbox 260 1589 458 1660; x_wconf 78' lang='grc' dir='ltr'><strong>μικρὸν</strong></span> <span class='ocrx_word' id='word_1_110' title='bbox 495 1589 752 1658; x_wconf 88' lang='grc' dir='ltr'><strong>ἐγίνοντο.</strong></span> <span class='ocrx_word' id='word_1_111' title='bbox 782 1589 892 1642; x_wconf 89' lang='lat' dir='ltr'><strong>Kal</strong></span> <span class='ocrx_word' id='word_1_112' title='bbox 910 1589 1020 1660; x_wconf 80' lang='grc' dir='ltr'><strong>γὰρ</strong></span> <span class='ocrx_word' id='word_1_113' title='bbox 1049 1591 1143 1643; x_wconf 72' lang='grc' dir='ltr'><strong>καὶ</strong></span> <span class='ocrx_word' id='word_1_114' title='bbox 1174 1591 1336 1654; x_wconf 81' lang='grc' dir='ltr'><strong>αὐτὸς</strong></span> <span class='ocrx_word' id='word_1_115' title='bbox 1357 1591 1447 1645; x_wconf 81' lang='grc' dir='ltr'><strong>διὰ</strong></span> <span class='ocrx_word' id='word_1_116' title='bbox 1473 1593 1677 1646; x_wconf 85' lang='grc' dir='ltr'><strong>τούτων</strong></span> <span class='ocrx_word' id='word_1_117' title='bbox 1709 1594 1940 1665; x_wconf 81' lang='grc' dir='ltr'><strong>ἐγείρων</strong></span> 
     </span>
    </p>
   </div>
   <div class='ocr_carea' id='block_1_16' title="bbox 257 1673 1940 1749">
    <p class='ocr_par' dir='ltr' id='par_1_16' title="bbox 257 1673 1940 1749">
     <span class='ocr_line' id='line_1_16' title="bbox 257 1673 1940 1749; baseline 0.005 -24"><span class='ocrx_word' id='word_1_118' title='bbox 257 1673 436 1741; x_wconf 84' lang='grc' dir='ltr'><strong>αὐτῶν</strong></span> <span class='ocrx_word' id='word_1_119' title='bbox 467 1673 566 1745; x_wconf 72' lang='grc' dir='ltr'><strong>τὴν</strong></span> <span class='ocrx_word' id='word_1_120' title='bbox 603 1673 860 1738; x_wconf 84' lang='grc' dir='ltr'><strong>διάνοιαν,</strong></span> <span class='ocrx_word' id='word_1_121' title='bbox 902 1675 1103 1745; x_wconf 82' lang='grc' dir='ltr'><strong>ὁμοίως</strong></span> <span class='ocrx_word' id='word_1_122' title='bbox 1133 1676 1334 1746; x_wconf 85' lang='grc' dir='ltr'><strong>ἐρωτᾷ,</strong></span> <span class='ocrx_word' id='word_1_123' title='bbox 1373 1675 1564 1749; x_wconf 84' lang='grc' dir='ltr'><strong>ὥσπερ</strong></span> <span class='ocrx_word' id='word_1_124' title='bbox 1600 1679 1694 1733; x_wconf 76' lang='grc' dir='ltr'><strong>καὶ</strong></span> <span class='ocrx_word' id='word_1_125' title='bbox 1741 1680 1940 1746; x_wconf 89' lang='grc' dir='ltr'><strong>πρότε-</strong></span> 
     </span>
    </p>
   </div>
   <div class='ocr_carea' id='block_1_17' title="bbox 257 1759 1939 1834">
    <p class='ocr_par' dir='ltr' id='par_1_17' title="bbox 257 1759 1939 1834">
     <span class='ocr_line' id='line_1_17' title="bbox 257 1759 1939 1834; baseline 0.004 -23"><span class='ocrx_word' id='word_1_126' title='bbox 257 1775 376 1830; x_wconf 82' lang='grc' dir='ltr'><strong>ρον,</strong></span> <span class='ocrx_word' id='word_1_127' title='bbox 399 1759 486 1812; x_wconf 83' lang='grc' dir='ltr'><strong>ἵνα</strong></span> <span class='ocrx_word' id='word_1_128' title='bbox 512 1759 606 1812; x_wconf 80' lang='grc' dir='ltr'><strong>καὶ</strong></span> <span class='ocrx_word' id='word_1_129' title='bbox 634 1760 712 1830; x_wconf 85' lang='grc' dir='ltr'><strong>τῷ</strong></span> <span class='ocrx_word' id='word_1_130' title='bbox 738 1760 921 1830; x_wconf 85' lang='grc' dir='ltr'><strong>τρόπῳ</strong></span> <span class='ocrx_word' id='word_1_131' title='bbox 951 1760 1048 1828; x_wconf 88' lang='grc' dir='ltr'><strong>τῆς</strong></span> <span class='ocrx_word' id='word_1_132' title='bbox 1077 1759 1401 1830; x_wconf 83' lang='grc' dir='ltr'><strong>ἐρωτήσεως</strong></span> <span class='ocrx_word' id='word_1_133' title='bbox 1429 1761 1713 1834; x_wconf 84' lang='grc' dir='ltr'><strong>ἀναμνήσῃ</strong></span> <span class='ocrx_word' id='word_1_134' title='bbox 1741 1765 1939 1829; x_wconf 81' lang='grc' dir='ltr'><strong>αὐτοὺς</strong></span> 
     </span>
    </p>
   </div>
   <div class='ocr_carea' id='block_1_18' title="bbox 255 1842 1936 1916">
    <p class='ocr_par' dir='ltr' id='par_1_18' title="bbox 255 1842 1936 1916">
     <span class='ocr_line' id='line_1_18' title="bbox 255 1842 1936 1916; baseline 0.006 -22"><span class='ocrx_word' id='word_1_135' title='bbox 255 1842 366 1894; x_wconf 85' lang='grc' dir='ltr'><strong>τῶν</strong></span> <span class='ocrx_word' id='word_1_136' title='bbox 413 1843 514 1914; x_wconf 76' lang='grc' dir='ltr'><strong>ἤδη</strong></span> <span class='ocrx_word' id='word_1_137' title='bbox 552 1843 955 1914; x_wconf 82' lang='grc' dir='ltr'><strong>γεγενημένων.</strong></span> <span class='ocrx_word' id='word_1_138' title='bbox 1007 1845 1078 1896; x_wconf 86' lang='grc' dir='ltr'><strong>Σύ</strong></span> <span class='ocrx_word' id='word_1_139' title='bbox 1132 1843 1189 1896; x_wconf 86' lang='grc' dir='ltr'><strong>δὲ</strong></span> <span class='ocrx_word' id='word_1_140' title='bbox 1239 1842 1427 1916; x_wconf 82' lang='grc' dir='ltr'><strong>ὥσπερ</strong></span> <span class='ocrx_word' id='word_1_141' title='bbox 1463 1842 1602 1910; x_wconf 83' lang='grc' dir='ltr'><strong>εἶδες</strong></span> <span class='ocrx_word' id='word_1_142' title='bbox 1652 1848 1829 1904; x_wconf 87' lang='grc' dir='ltr'><strong>αὐτῶν</strong></span> <span class='ocrx_word' id='word_1_143' title='bbox 1877 1851 1936 1904; x_wconf 75' lang='grc' dir='ltr'><strong>τὸ</strong></span> 
     </span>
    </p>
   </div>
   <div class='ocr_carea' id='block_1_19' title="bbox 255 1926 1934 2004">
    <p class='ocr_par' dir='ltr' id='par_1_19' title="bbox 255 1926 1934 2004">
     <span class='ocr_line' id='line_1_19' title="bbox 255 1926 1934 2004; baseline 0.003 -23"><span class='ocrx_word' id='word_1_144' title='bbox 255 1927 446 1991; x_wconf 82' lang='grc' dir='ltr'><strong>ἀτελὲς</strong></span> <span class='ocrx_word' id='word_1_145' title='bbox 474 1929 539 1981; x_wconf 87' lang='grc' dir='ltr'><strong>ἐκ</strong></span> <span class='ocrx_word' id='word_1_146' title='bbox 558 1927 784 1991; x_wconf 89' lang='grc' dir='ltr'><strong>τούτων,</strong></span> <span class='ocrx_word' id='word_1_147' title='bbox 819 1926 959 1981; x_wconf 86' lang='grc' dir='ltr'><strong>οὐτω</strong></span> <span class='ocrx_word' id='word_1_148' title='bbox 989 1927 1274 1999; x_wconf 80' lang='grc' dir='ltr'><strong>κατάμαθε</strong></span> <span class='ocrx_word' id='word_1_149' title='bbox 1303 1931 1395 1982; x_wconf 71' lang='grc' dir='ltr'><strong>καὶ</strong></span> <span class='ocrx_word' id='word_1_150' title='bbox 1432 1929 1494 1983; x_wconf 73' lang='grc' dir='ltr'><strong>τὸ</strong></span> <span class='ocrx_word' id='word_1_151' title='bbox 1526 1931 1809 2002; x_wconf 89' lang='grc' dir='ltr'><strong>φιλόσοφον</strong></span> <span class='ocrx_word' id='word_1_152' title='bbox 1838 1936 1934 2004; x_wconf 87' lang='grc' dir='ltr'><strong>τῆς</strong></span> 
     </span>
    </p>
   </div>
   <div class='ocr_carea' id='block_1_20' title="bbox 255 2010 1937 2088">
    <p class='ocr_par' dir='ltr' id='par_1_20' title="bbox 255 2010 1937 2088">
     <span class='ocr_line' id='line_1_20' title="bbox 255 2010 1937 2088; baseline 0.004 -24"><span class='ocrx_word' id='word_1_153' title='bbox 255 2010 504 2084; x_wconf 88' lang='grc' dir='ltr'><strong>γνώμης,</strong></span> <span class='ocrx_word' id='word_1_154' title='bbox 552 2015 647 2066; x_wconf 74' lang='grc' dir='ltr'><strong>καὶ</strong></span> <span class='ocrx_word' id='word_1_155' title='bbox 688 2011 965 2083; x_wconf 81' lang='grc' dir='ltr'><strong>θαύμασον</strong></span> <span class='ocrx_word' id='word_1_156' title='bbox 1012 2012 1072 2066; x_wconf 81' lang='grc' dir='ltr'><strong>τὸ</strong></span> <span class='ocrx_word' id='word_1_157' title='bbox 1105 2013 1423 2084; x_wconf 84' lang='grc' dir='ltr'><strong>φιλάληθες,</strong></span> <span class='ocrx_word' id='word_1_158' title='bbox 1475 2016 1593 2078; x_wconf 89' lang='grc' dir='ltr'><strong>πῶς</strong></span> <span class='ocrx_word' id='word_1_159' title='bbox 1625 2018 1776 2070; x_wconf 75' lang='grc' dir='ltr'><strong>αὐτοὶ</strong></span> <span class='ocrx_word' id='word_1_160' title='bbox 1801 2020 1937 2088; x_wconf 82' lang='grc' dir='ltr'><strong>γρά-</strong></span> 
     </span>
    </p>
   </div>
   <div class='ocr_carea' id='block_1_21' title="bbox 256 2095 1938 2169">
    <p class='ocr_par' dir='ltr' id='par_1_21' title="bbox 256 2095 1938 2169">
     <span class='ocr_line' id='line_1_21' title="bbox 256 2095 1938 2169; baseline 0.004 -21"><span class='ocrx_word' id='word_1_161' title='bbox 256 2113 471 2164; x_wconf 81' lang='grc' dir='ltr'><strong>φοντες,</strong></span> <span class='ocrx_word' id='word_1_162' title='bbox 524 2096 594 2149; x_wconf 78' lang='grc' dir='ltr'><strong>τὰ</strong></span> <span class='ocrx_word' id='word_1_163' title='bbox 642 2095 852 2150; x_wconf 78' lang='grc' dir='ltr'><strong>ἑαυτῶν</strong></span> <span class='ocrx_word' id='word_1_164' title='bbox 900 2096 960 2149; x_wconf 90' lang='grc' dir='ltr'><strong>οὐ</strong></span> <span class='ocrx_word' id='word_1_165' title='bbox 1017 2095 1356 2167; x_wconf 82' lang='grc' dir='ltr'><strong>κρύπτουσιν</strong></span> <span class='ocrx_word' id='word_1_166' title='bbox 1400 2097 1780 2169; x_wconf 87' lang='grc' dir='ltr'><strong>ἐλαττώματα,</strong></span> <span class='ocrx_word' id='word_1_167' title='bbox 1842 2103 1938 2156; x_wconf 71' lang='grc' dir='ltr'><strong>καὶ</strong></span> 
     </span>
    </p>
   </div>
   <div class='ocr_carea' id='block_1_22' title="bbox 253 2175 1936 2252">
    <p class='ocr_par' dir='ltr' id='par_1_22' title="bbox 253 2175 1936 2252">
     <span class='ocr_line' id='line_1_22' title="bbox 253 2175 1936 2252; baseline 0.002 -21"><span class='ocrx_word' id='word_1_168' title='bbox 253 2179 432 2233; x_wconf 85' lang='grc' dir='ltr'><strong>ταῦτα</strong></span> <span class='ocrx_word' id='word_1_169' title='bbox 477 2180 686 2250; x_wconf 88' lang='grc' dir='ltr'><strong>μεγάλα</strong></span> <span class='ocrx_word' id='word_1_170' title='bbox 729 2180 880 2234; x_wconf 75' lang='grc' dir='ltr'><strong>ὄντα.</strong></span> <span class='ocrx_word' id='word_1_171' title='bbox 926 2179 1060 2232; x_wconf 86' lang='grc' dir='ltr'><strong>Οὐδέ</strong></span> <span class='ocrx_word' id='word_1_172' title='bbox 1103 2179 1212 2250; x_wconf 80' lang='grc' dir='ltr'><strong>γὰρ</strong></span> <span class='ocrx_word' id='word_1_173' title='bbox 1246 2180 1308 2232; x_wconf 85' lang='grc' dir='ltr'><strong>τὸ</strong></span> <span class='ocrx_word' id='word_1_174' title='bbox 1353 2180 1513 2250; x_wconf 81' lang='grc' dir='ltr'><strong>τυχὸν</strong></span> <span class='ocrx_word' id='word_1_175' title='bbox 1545 2175 1614 2250; x_wconf 85' lang='grc' dir='ltr'><strong>ἦν</strong></span> <span class='ocrx_word' id='word_1_176' title='bbox 1663 2181 1936 2252; x_wconf 78' lang='grc' dir='ltr'><strong>ἔγκλημα,</strong></span> 
     </span>
    </p>
   </div>
   <div class='ocr_carea' id='block_1_23' title="bbox 255 2265 1934 2338">
    <p class='ocr_par' dir='ltr' id='par_1_23' title="bbox 255 2265 1934 2338">
     <span class='ocr_line' id='line_1_23' title="bbox 255 2265 1934 2338; baseline -0.001 -15"><span class='ocrx_word' id='word_1_177' title='bbox 255 2265 486 2338; x_wconf 73' lang='grc' dir='ltr'><strong>ἔναγχος</strong></span> <span class='ocrx_word' id='word_1_178' title='bbox 509 2266 606 2319; x_wconf 82' lang='grc' dir='ltr'><strong>τοῦ</strong></span> <span class='ocrx_word' id='word_1_179' title='bbox 641 2266 866 2335; x_wconf 75' lang='grc' dir='ltr'><strong>σημείου</strong></span> <span class='ocrx_word' id='word_1_180' title='bbox 896 2265 1087 2317; x_wconf 88' lang='grc' dir='ltr'><strong>τούτου</strong></span> <span class='ocrx_word' id='word_1_181' title='bbox 1124 2265 1418 2335; x_wconf 85' lang='grc' dir='ltr'><strong>γενομένου</strong></span> <span class='ocrx_word' id='word_1_182' title='bbox 1517 2265 1690 2331; x_wconf 76' lang='grc' dir='ltr'><strong>οὕτως</strong></span> <span class='ocrx_word' id='word_1_183' title='bbox 1730 2268 1934 2335; x_wconf 86' lang='grc' dir='ltr'><strong>εὐθέως</strong></span> 
     </span>
    </p>
   </div>
   <div class='ocr_carea' id='block_1_24' title="bbox 254 2348 1497 2417">
    <p class='ocr_par' dir='ltr' id='par_1_24' title="bbox 254 2348 1497 2417">
     <span class='ocr_line' id='line_1_24' title="bbox 254 2348 1497 2417; baseline -0.002 -12"><span class='ocrx_word' id='word_1_184' title='bbox 254 2351 643 2406; x_wconf 71' lang='grc' dir='ltr'><strong>ἐπιλαθέσθαι·</strong></span> <span class='ocrx_word' id='word_1_185' title='bbox 679 2350 767 2404; x_wconf 83' lang='grc' dir='ltr'><strong>διὰ</strong></span> <span class='ocrx_word' id='word_1_186' title='bbox 801 2349 956 2404; x_wconf 88' lang='grc' dir='ltr'><strong>τοῦτο</strong></span> <span class='ocrx_word' id='word_1_187' title='bbox 989 2349 1082 2402; x_wconf 69' lang='grc' dir='ltr'><strong>καὶ</strong></span> <span class='ocrx_word' id='word_1_188' title='bbox 1116 2348 1497 2417; x_wconf 88' lang='grc' dir='ltr'><strong>ἑπιτιμῶνται.</strong></span> 
     </span>
    </p>
   </div>
   <div class='ocr_carea' id='block_1_25' title="bbox 331 2499 1935 2577">
    <p class='ocr_par' dir='ltr' id='par_1_25' title="bbox 331 2499 1935 2577">
     <span class='ocr_line' id='line_1_25' title="bbox 331 2499 1935 2577; baseline -0.002 -16"><span class='ocrx_word' id='word_1_189' title='bbox 331 2507 396 2577; x_wconf 83' lang='grc' dir='ltr'><strong>β’.</strong></span> <span class='ocrx_word' id='word_1_190' title='bbox 455 2504 609 2560; x_wconf 83' lang='grc' dir='ltr'><strong>Μετά</strong></span> <span class='ocrx_word' id='word_1_191' title='bbox 629 2505 687 2558; x_wconf 84' lang='grc' dir='ltr'><strong>δὲ</strong></span> <span class='ocrx_word' id='word_1_192' title='bbox 709 2502 918 2557; x_wconf 91' lang='grc' dir='ltr'><strong>τούτων</strong></span> <span class='ocrx_word' id='word_1_193' title='bbox 947 2503 1041 2556; x_wconf 79' lang='grc' dir='ltr'><strong>καὶ</strong></span> <span class='ocrx_word' id='word_1_194' title='bbox 1065 2500 1163 2572; x_wconf 81' lang='grc' dir='ltr'><strong>τὴν</strong></span> <span class='ocrx_word' id='word_1_195' title='bbox 1206 2499 1373 2571; x_wconf 84' lang='grc' dir='ltr'><strong>ἄλλην</strong></span> <span class='ocrx_word' id='word_1_196' title='bbox 1403 2501 1722 2571; x_wconf 81' lang='grc' dir='ltr'><strong>φιλοσοφίαν</strong></span> <span class='ocrx_word' id='word_1_197' title='bbox 1748 2504 1935 2573; x_wconf 88' lang='grc' dir='ltr'><strong>ἐννόη-</strong></span> 
     </span>
    </p>
   </div>
   <div class='ocr_carea' id='block_1_26' title="bbox 258 2585 1936 2663">
    <p class='ocr_par' dir='ltr' id='par_1_26' title="bbox 258 2585 1936 2663">
     <span class='ocr_line' id='line_1_26' title="bbox 258 2585 1936 2663; baseline 0.011 -38"><span class='ocrx_word' id='word_1_198' title='bbox 258 2610 350 2645; x_wconf 74' lang='grc' dir='ltr'><strong>σον</strong></span> <span class='ocrx_word' id='word_1_199' title='bbox 370 2609 383 2622; x_wconf 90' lang='grc'><strong>.</strong></span> <span class='ocrx_word' id='word_1_200' title='bbox 423 2590 539 2654; x_wconf 70' lang='grc' dir='ltr'><strong>πῶς</strong></span> <span class='ocrx_word' id='word_1_201' title='bbox 565 2585 705 2660; x_wconf 75' lang='grc' dir='ltr'><strong>ἦσαν</strong></span> <span class='ocrx_word' id='word_1_202' title='bbox 729 2587 967 2657; x_wconf 83' lang='grc' dir='ltr'><strong>γαστρὸς</strong></span> <span class='ocrx_word' id='word_1_203' title='bbox 997 2586 1277 2657; x_wconf 82' lang='grc' dir='ltr'><strong>κρείττους</strong></span> <span class='ocrx_word' id='word_1_204' title='bbox 1296 2604 1310 2618; x_wconf 77' lang='grc' dir='ltr'><strong>ο</strong></span> <span class='ocrx_word' id='word_1_205' title='bbox 1342 2585 1459 2649; x_wconf 90' lang='grc' dir='ltr'><strong>πῶς</strong></span> <span class='ocrx_word' id='word_1_206' title='bbox 1487 2587 1832 2642; x_wconf 82' lang='grc' dir='ltr'><strong>ἐπαιδεύοντο</strong></span> <span class='ocrx_word' id='word_1_207' title='bbox 1861 2591 1936 2663; x_wconf 81' lang='grc' dir='ltr'><strong>μὴ</strong></span> 
     </span>
    </p>
   </div>
   <div class='ocr_carea' id='block_1_27' title="bbox 255 2668 1932 2743">
    <p class='ocr_par' dir='ltr' id='par_1_27' title="bbox 255 2668 1932 2743">
     <span class='ocr_line' id='line_1_27' title="bbox 255 2668 1932 2743; baseline -0.001 -16"><span class='ocrx_word' id='word_1_208' title='bbox 255 2676 425 2729; x_wconf 75' lang='grc' dir='ltr'><strong>πολὺν</strong></span> <span class='ocrx_word' id='word_1_209' title='bbox 459 2672 724 2726; x_wconf 82' lang='grc' dir='ltr'><strong>ποιεῖσθαι</strong></span> <span class='ocrx_word' id='word_1_210' title='bbox 751 2668 1031 2740; x_wconf 75' lang='grc' dir='ltr'><strong>τραπέζης</strong></span> <span class='ocrx_word' id='word_1_211' title='bbox 1057 2669 1232 2737; x_wconf 87' lang='grc' dir='ltr'><strong>λόγον.</strong></span> <span class='ocrx_word' id='word_1_212' title='bbox 1276 2669 1364 2722; x_wconf 87' lang='grc' dir='ltr'><strong>Ἐν</strong></span> <span class='ocrx_word' id='word_1_213' title='bbox 1386 2672 1590 2743; x_wconf 82' lang='grc' dir='ltr'><strong>ἐρημίᾳ</strong></span> <span class='ocrx_word' id='word_1_214' title='bbox 1625 2671 1735 2743; x_wconf 83' lang='grc' dir='ltr'><strong>γὰρ</strong></span> <span class='ocrx_word' id='word_1_215' title='bbox 1762 2673 1932 2740; x_wconf 80' lang='grc' dir='ltr'><strong>ὄντες,</strong></span> 
     </span>
    </p>
   </div>
   <div class='ocr_carea' id='block_1_28' title="bbox 255 2752 1928 2828">
    <p class='ocr_par' dir='ltr' id='par_1_28' title="bbox 255 2752 1928 2828">
     <span class='ocr_line' id='line_1_28' title="bbox 255 2752 1928 2828; baseline -0.003 -16"><span class='ocrx_word' id='word_1_216' title='bbox 255 2761 351 2812; x_wconf 73' lang='grc' dir='ltr'><strong>καὶ</strong></span> <span class='ocrx_word' id='word_1_217' title='bbox 385 2761 531 2828; x_wconf 80' lang='grc' dir='ltr'><strong>τρεῖς</strong></span> <span class='ocrx_word' id='word_1_218' title='bbox 553 2757 764 2826; x_wconf 78' lang='grc' dir='ltr'><strong>ἡμέρας</strong></span> <span class='ocrx_word' id='word_1_219' title='bbox 792 2757 910 2808; x_wconf 88' lang='grc' dir='ltr'><strong>ἐκεῖ</strong></span> <span class='ocrx_word' id='word_1_220' title='bbox 934 2754 1315 2822; x_wconf 71' lang='grc' dir='ltr'><strong>διατρίϐοντες.</strong></span> <span class='ocrx_word' id='word_1_221' title='bbox 1359 2755 1497 2808; x_wconf 82' lang='grc' dir='ltr'><strong>ἐπτὰ</strong></span> <span class='ocrx_word' id='word_1_222' title='bbox 1524 2756 1726 2825; x_wconf 73' lang='grc' dir='ltr'><strong>ἄρτους</strong></span> <span class='ocrx_word' id='word_1_223' title='bbox 1764 2752 1928 2827; x_wconf 75' lang='grc' dir='ltr'><strong>εἶχον.</strong></span> 
     </span>
    </p>
   </div>
   <div class='ocr_carea' id='block_1_29' title="bbox 255 2836 1934 2912">
    <p class='ocr_par' dir='ltr' id='par_1_29' title="bbox 255 2836 1934 2912">
     <span class='ocr_line' id='line_1_29' title="bbox 255 2836 1934 2912; baseline -0.001 -18"><span class='ocrx_word' id='word_1_224' title='bbox 255 2843 338 2894; x_wconf 71' lang='lat' dir='ltr'><strong><em>Ta</em></strong></span> <span class='ocrx_word' id='word_1_225' title='bbox 369 2842 466 2911; x_wconf 79' lang='grc' dir='ltr'><strong>μὲν</strong></span> <span class='ocrx_word' id='word_1_226' title='bbox 497 2836 590 2894; x_wconf 80' lang='grc' dir='ltr'><strong>οὖν</strong></span> <span class='ocrx_word' id='word_1_227' title='bbox 619 2839 754 2892; x_wconf 83' lang='grc' dir='ltr'><strong>ἄλλα</strong></span> <span class='ocrx_word' id='word_1_228' title='bbox 776 2838 976 2908; x_wconf 83' lang='grc' dir='ltr'><strong>ὁμοίως</strong></span> <span class='ocrx_word' id='word_1_229' title='bbox 1021 2840 1132 2900; x_wconf 85' lang='grc' dir='ltr'><strong>τοῖς</strong></span> <span class='ocrx_word' id='word_1_230' title='bbox 1158 2839 1445 2908; x_wconf 79' lang='grc' dir='ltr'><strong>προτέροις</strong></span> <span class='ocrx_word' id='word_1_231' title='bbox 1473 2841 1652 2890; x_wconf 87' lang='grc' dir='ltr'><strong>ποιεῖ·</strong></span> <span class='ocrx_word' id='word_1_232' title='bbox 1700 2841 1794 2893; x_wconf 75' lang='grc' dir='ltr'><strong>καὶ</strong></span> <span class='ocrx_word' id='word_1_233' title='bbox 1826 2841 1934 2912; x_wconf 79' lang='grc' dir='ltr'><strong>γὰρ</strong></span> 
     </span>
    </p>
   </div>
   <div class='ocr_carea' id='block_1_30' title="bbox 253 2921 1934 2993">
    <p class='ocr_par' dir='ltr' id='par_1_30' title="bbox 253 2921 1934 2993">
     <span class='ocr_line' id='line_1_30' title="bbox 253 2921 1934 2993; baseline -0.001 -13"><span class='ocrx_word' id='word_1_234' title='bbox 253 2924 572 2980; x_wconf 77' lang='grc' dir='ltr'><strong>κατακλίνει</strong></span> <span class='ocrx_word' id='word_1_235' title='bbox 610 2924 807 2986; x_wconf 76' lang='grc' dir='ltr'><strong>αὐτοὺς</strong></span> <span class='ocrx_word' id='word_1_236' title='bbox 851 2923 942 2973; x_wconf 69' lang='grc' dir='ltr'><strong>ἐπὶ</strong></span> <span class='ocrx_word' id='word_1_237' title='bbox 985 2921 1081 2990; x_wconf 72' lang='grc' dir='ltr'><strong>τὴν</strong></span> <span class='ocrx_word' id='word_1_238' title='bbox 1120 2921 1246 2990; x_wconf 87' lang='grc' dir='ltr'><strong>γῆν,</strong></span> <span class='ocrx_word' id='word_1_239' title='bbox 1291 2921 1384 2974; x_wconf 73' lang='grc' dir='ltr'><strong>καὶ</strong></span> <span class='ocrx_word' id='word_1_240' title='bbox 1413 2923 1468 2974; x_wconf 83' lang='grc' dir='ltr'><strong>ἐν</strong></span> <span class='ocrx_word' id='word_1_241' title='bbox 1491 2924 1609 2984; x_wconf 83' lang='grc' dir='ltr'><strong>ταῖς</strong></span> <span class='ocrx_word' id='word_1_242' title='bbox 1639 2925 1793 2993; x_wconf 75' lang='grc' dir='ltr'><strong>χερσὶ</strong></span> <span class='ocrx_word' id='word_1_243' title='bbox 1827 2925 1934 2979; x_wconf 89' lang='grc' dir='ltr'><strong>τῶν</strong></span> 
     </span>
    </p>
   </div>
   <div class='ocr_carea' id='block_1_31' title="bbox 258 3005 1932 3080">
    <p class='ocr_par' dir='ltr' id='par_1_31' title="bbox 258 3005 1932 3080">
     <span class='ocr_line' id='line_1_31' title="bbox 258 3005 1932 3080; baseline 0 -18"><span class='ocrx_word' id='word_1_244' title='bbox 258 3009 515 3080; x_wconf 79' lang='grc' dir='ltr'><strong>μαθητῶν</strong></span> <span class='ocrx_word' id='word_1_245' title='bbox 540 3010 684 3062; x_wconf 84' lang='grc' dir='ltr'><strong>ποιεῖ</strong></span> <span class='ocrx_word' id='word_1_246' title='bbox 718 3005 984 3076; x_wconf 79' lang='grc' dir='ltr'><strong>πηγάζειν</strong></span> <span class='ocrx_word' id='word_1_247' title='bbox 1024 3005 1149 3068; x_wconf 85' lang='grc' dir='ltr'><strong>τούς</strong></span> <span class='ocrx_word' id='word_1_248' title='bbox 1190 3005 1407 3075; x_wconf 80' lang='grc' dir='ltr'><strong>ἄρτους.</strong></span> <span class='ocrx_word' id='word_1_249' title='bbox 1455 3005 1766 3060; x_wconf 81' lang='grc' dir='ltr'><strong>Ἐκέλευσε</strong></span> <span class='ocrx_word' id='word_1_250' title='bbox 1803 3007 1932 3078; x_wconf 81' lang='grc' dir='ltr'><strong>γὰρ,</strong></span> 
     </span>
    </p>
   </div>
   <div class='ocr_carea' id='block_1_32' title="bbox 254 3087 1931 3162">
    <p class='ocr_par' dir='ltr' id='par_1_32' title="bbox 254 3087 1931 3162">
     <span class='ocr_line' id='line_1_32' title="bbox 254 3087 1931 3162; baseline 0.001 -17"><span class='ocrx_word' id='word_1_251' title='bbox 254 3094 410 3162; x_wconf 69' lang='grc' dir='ltr'><strong>φησὶ,</strong></span> <span class='ocrx_word' id='word_1_252' title='bbox 471 3091 614 3157; x_wconf 85' lang='grc' dir='ltr'><strong>τοὺς</strong></span> <span class='ocrx_word' id='word_1_253' title='bbox 672 3090 896 3159; x_wconf 79' lang='grc' dir='ltr'><strong>ὄχλους</strong></span> <span class='ocrx_word' id='word_1_254' title='bbox 959 3088 1289 3142; x_wconf 80' lang='grc' dir='ltr'><strong>ἀναπεσεῖν</strong></span> <span class='ocrx_word' id='word_1_255' title='bbox 1329 3087 1428 3140; x_wconf 78' lang='grc' dir='ltr'><strong>ἐπὶ</strong></span> <span class='ocrx_word' id='word_1_256' title='bbox 1477 3088 1592 3155; x_wconf 81' lang='grc' dir='ltr'><strong>τὴν</strong></span> <span class='ocrx_word' id='word_1_257' title='bbox 1636 3090 1773 3159; x_wconf 83' lang='grc' dir='ltr'><strong>γῆν.</strong></span> <span class='ocrx_word' id='word_1_258' title='bbox 1824 3093 1931 3146; x_wconf 85' lang='lat' dir='ltr'><strong>Kal</strong></span> 
     </span>
    </p>
   </div>
   <div class='ocr_carea' id='block_1_33' title="bbox 252 3171 1934 3245">
    <p class='ocr_par' dir='ltr' id='par_1_33' title="bbox 252 3171 1934 3245">
     <span class='ocr_line' id='line_1_33' title="bbox 252 3171 1934 3245; baseline -0.008 -14"><span class='ocrx_word' id='word_1_259' title='bbox 252 3177 459 3234; x_wconf 78' lang='grc' dir='ltr'><strong>λαϐὼν</strong></span> <span class='ocrx_word' id='word_1_260' title='bbox 502 3175 644 3241; x_wconf 87' lang='grc' dir='ltr'><strong>τοὺς</strong></span> <span class='ocrx_word' id='word_1_261' title='bbox 688 3175 838 3228; x_wconf 82' lang='grc' dir='ltr'><strong>ἑπτὰ</strong></span> <span class='ocrx_word' id='word_1_262' title='bbox 867 3173 1084 3242; x_wconf 77' lang='grc' dir='ltr'><strong>ἄρτους</strong></span> <span class='ocrx_word' id='word_1_263' title='bbox 1119 3171 1215 3225; x_wconf 79' lang='grc' dir='ltr'><strong>καί</strong></span> <span class='ocrx_word' id='word_1_264' title='bbox 1247 3171 1386 3238; x_wconf 84' lang='grc' dir='ltr'><strong>τοὺς</strong></span> <span class='ocrx_word' id='word_1_265' title='bbox 1434 3174 1662 3241; x_wconf 73' lang='grc' dir='ltr'><strong>ἰχθύας.</strong></span> <span class='ocrx_word' id='word_1_266' title='bbox 1695 3176 1934 3245; x_wconf 41' lang='grc' dir='ltr'><strong>εὐχαριν.</strong></span> 
     </span>
    </p>
   </div>
   <div class='ocr_carea' id='block_1_34' title="bbox 253 3254 1938 3328">
    <p class='ocr_par' dir='ltr' id='par_1_34' title="bbox 253 3254 1938 3328">
     <span class='ocr_line' id='line_1_34' title="bbox 253 3254 1938 3328; baseline -0.001 -13"><span class='ocrx_word' id='word_1_267' title='bbox 253 3261 496 3328; x_wconf 80' lang='grc' dir='ltr'><strong>στήσας</strong></span> <span class='ocrx_word' id='word_1_268' title='bbox 537 3260 780 3324; x_wconf 82' lang='grc' dir='ltr'><strong>ἕκλασε,</strong></span> <span class='ocrx_word' id='word_1_269' title='bbox 834 3257 932 3312; x_wconf 77' lang='grc' dir='ltr'><strong>καί</strong></span> <span class='ocrx_word' id='word_1_270' title='bbox 973 3254 1174 3310; x_wconf 80' lang='grc' dir='ltr'><strong>ἐδίδου</strong></span> <span class='ocrx_word' id='word_1_271' title='bbox 1214 3254 1338 3320; x_wconf 88' lang='grc' dir='ltr'><strong>τοῖς</strong></span> <span class='ocrx_word' id='word_1_272' title='bbox 1384 3257 1709 3324; x_wconf 80' lang='grc' dir='ltr'><strong>μαθηταῖς·</strong></span> <span class='ocrx_word' id='word_1_273' title='bbox 1769 3263 1821 3313; x_wconf 86' lang='lat' dir='ltr'><strong><em>ol</em></strong></span> <span class='ocrx_word' id='word_1_274' title='bbox 1869 3259 1938 3314; x_wconf 79' lang='grc' dir='ltr'><strong>δὲ</strong></span> 
     </span>
    </p>
   </div>
   <div class='ocr_carea' id='block_1_35' title="bbox 250 3339 1934 3416">
    <p class='ocr_par' dir='ltr' id='par_1_35' title="bbox 250 3339 1934 3416">
     <span class='ocr_line' id='line_1_35' title="bbox 250 3339 1934 3416; baseline -0.009 -17"><span class='ocrx_word' id='word_1_275' title='bbox 250 3345 511 3416; x_wconf 84' lang='grc' dir='ltr'><strong>μαθηταί</strong></span> <span class='ocrx_word' id='word_1_276' title='bbox 546 3344 627 3410; x_wconf 87' lang='grc' dir='ltr'><strong>τῷ</strong></span> <span class='ocrx_word' id='word_1_277' title='bbox 655 3345 834 3412; x_wconf 75' lang='grc' dir='ltr'><strong>ὄχλῳ.</strong></span> <span class='ocrx_word' id='word_1_278' title='bbox 878 3341 953 3395; x_wconf 81' lang='grc' dir='ltr'><strong>Τὸ</strong></span> <span class='ocrx_word' id='word_1_279' title='bbox 985 3341 1042 3395; x_wconf 87' lang='grc' dir='ltr'><strong>δέ</strong></span> <span class='ocrx_word' id='word_1_280' title='bbox 1079 3339 1230 3403; x_wconf 87' lang='grc' dir='ltr'><strong>τέλος</strong></span> <span class='ocrx_word' id='word_1_281' title='bbox 1265 3339 1451 3393; x_wconf 86' lang='grc' dir='ltr'><strong>οὐκέτι</strong></span> <span class='ocrx_word' id='word_1_282' title='bbox 1497 3341 1701 3410; x_wconf 86' lang='grc' dir='ltr'><strong>ὅμοιον.</strong></span> <span class='ocrx_word' id='word_1_283' title='bbox 1748 3344 1934 3412; x_wconf 42' lang='lat' dir='ltr'><strong>&quot;Esca-</strong></span> 
     </span>
    </p>
   </div>
   <div class='ocr_carea' id='block_1_36' title="bbox 257 3423 1938 3503">
    <p class='ocr_par' dir='ltr' id='par_1_36' title="bbox 257 3423 1938 3503">
     <span class='ocr_line' id='line_1_36' title="bbox 257 3423 1938 3503; baseline 0 -21"><span class='ocrx_word' id='word_1_284' title='bbox 257 3450 370 3495; x_wconf 66' lang='grc' dir='ltr'><strong>γον</strong></span> <span class='ocrx_word' id='word_1_285' title='bbox 404 3431 513 3503; x_wconf 84' lang='grc' dir='ltr'><strong>γὰρ</strong></span> <span class='ocrx_word' id='word_1_286' title='bbox 531 3429 774 3494; x_wconf 88' lang='grc' dir='ltr'><strong>πάντες,</strong></span> <span class='ocrx_word' id='word_1_287' title='bbox 805 3425 960 3496; x_wconf 74' lang='grc' dir='ltr'><strong>φησὶ,</strong></span> <span class='ocrx_word' id='word_1_288' title='bbox 988 3425 1086 3481; x_wconf 82' lang='grc' dir='ltr'><strong>καί</strong></span> <span class='ocrx_word' id='word_1_289' title='bbox 1114 3423 1606 3492; x_wconf 80' lang='grc' dir='ltr'><strong>ἐχορτάσθησαν·</strong></span> <span class='ocrx_word' id='word_1_290' title='bbox 1646 3425 1746 3479; x_wconf 79' lang='grc' dir='ltr'><strong>καί</strong></span> <span class='ocrx_word' id='word_1_291' title='bbox 1784 3423 1938 3497; x_wconf 83' lang='grc' dir='ltr'><strong>ἦραν</strong></span> 
     </span>
    </p>
   </div>
   <div class='ocr_carea' id='block_1_37' title="bbox 255 3507 1937 3586">
    <p class='ocr_par' dir='ltr' id='par_1_37' title="bbox 255 3507 1937 3586">
     <span class='ocr_line' id='line_1_37' title="bbox 255 3507 1937 3586; baseline -0.007 -13"><span class='ocrx_word' id='word_1_292' title='bbox 255 3519 326 3573; x_wconf 72' lang='grc' dir='ltr'><strong>τὸ</strong></span> <span class='ocrx_word' id='word_1_293' title='bbox 359 3514 726 3586; x_wconf 71' lang='grc' dir='ltr'><strong>περισσεῦον</strong></span> <span class='ocrx_word' id='word_1_294' title='bbox 752 3510 872 3565; x_wconf 85' lang='grc' dir='ltr'><strong>τῶν</strong></span> <span class='ocrx_word' id='word_1_295' title='bbox 897 3510 1260 3577; x_wconf 74' lang='grc' dir='ltr'><strong>κλασμάτων</strong></span> <span class='ocrx_word' id='word_1_296' title='bbox 1281 3507 1430 3562; x_wconf 78' lang='grc' dir='ltr'><strong>ἑπτὰ</strong></span> <span class='ocrx_word' id='word_1_297' title='bbox 1455 3509 1755 3577; x_wconf 79' lang='grc' dir='ltr'><strong>σπυρίδας</strong></span> <span class='ocrx_word' id='word_1_298' title='bbox 1781 3511 1937 3580; x_wconf 77' lang='grc' dir='ltr'><strong>πλή-</strong></span> 
     </span>
    </p>
   </div>
   <div class='ocr_carea' id='block_1_38' title="bbox 251 3589 1936 3672">
    <p class='ocr_par' dir='ltr' id='par_1_38' title="bbox 251 3589 1936 3672">
     <span class='ocr_line' id='line_1_38' title="bbox 251 3589 1936 3672; baseline -0.004 -17"><span class='ocrx_word' id='word_1_299' title='bbox 251 3617 405 3672; x_wconf 81' lang='grc' dir='ltr'><strong>ρεις.</strong></span> <span class='ocrx_word' id='word_1_300' title='bbox 443 3601 508 3652; x_wconf 80' lang='lat' dir='ltr'><strong><em>Ol</em></strong></span> <span class='ocrx_word' id='word_1_301' title='bbox 542 3596 611 3650; x_wconf 83' lang='grc' dir='ltr'><strong>δὲ</strong></span> <span class='ocrx_word' id='word_1_302' title='bbox 656 3595 966 3658; x_wconf 81' lang='grc' dir='ltr'><strong>ἐσθίοντες</strong></span> <span class='ocrx_word' id='word_1_303' title='bbox 1013 3589 1177 3661; x_wconf 82' lang='grc' dir='ltr'><strong>ἦσαν</strong></span> <span class='ocrx_word' id='word_1_304' title='bbox 1225 3593 1687 3660; x_wconf 82' lang='grc' dir='ltr'><strong>τετρακισχίλιοι</strong></span> <span class='ocrx_word' id='word_1_305' title='bbox 1718 3592 1936 3663; x_wconf 80' lang='grc' dir='ltr'><strong>ἄνδρες</strong></span> 
     </span>
    </p>
   </div>
   <div class='ocr_carea' id='block_1_39' title="bbox 257 3673 1935 3755">
    <p class='ocr_par' dir='ltr' id='par_1_39' title="bbox 257 3673 1935 3755">
     <span class='ocr_line' id='line_1_39' title="bbox 257 3673 1935 3755; baseline -0.004 -18"><span class='ocrx_word' id='word_1_306' title='bbox 257 3684 440 3755; x_wconf 75' lang='grc' dir='ltr'><strong>χωρὶς</strong></span> <span class='ocrx_word' id='word_1_307' title='bbox 480 3675 785 3750; x_wconf 79' lang='grc' dir='ltr'><strong>γυναικῶν</strong></span> <span class='ocrx_word' id='word_1_308' title='bbox 817 3675 915 3730; x_wconf 79' lang='grc' dir='ltr'><strong>καί</strong></span> <span class='ocrx_word' id='word_1_309' title='bbox 955 3674 1228 3730; x_wconf 87' lang='grc' dir='ltr'><strong>παιδίων.</strong></span> <span class='ocrx_word' id='word_1_310' title='bbox 1283 3673 1442 3726; x_wconf 81' lang='grc' dir='ltr'><strong>Ἀλλὰ</strong></span> <span class='ocrx_word' id='word_1_311' title='bbox 1476 3674 1616 3729; x_wconf 85' lang='grc' dir='ltr'><strong>διατί</strong></span> <span class='ocrx_word' id='word_1_312' title='bbox 1655 3675 1774 3730; x_wconf 89' lang='grc' dir='ltr'><strong>τότε</strong></span> <span class='ocrx_word' id='word_1_313' title='bbox 1836 3678 1935 3748; x_wconf 82' lang='grc' dir='ltr'><strong>μὲν</strong></span> 
     </span>
    </p>
   </div>
   <div class='ocr_carea' id='block_1_40' title="bbox 256 3757 1932 3836">
    <p class='ocr_par' dir='ltr' id='par_1_40' title="bbox 256 3757 1932 3836">
     <span class='ocr_line' id='line_1_40' title="bbox 256 3757 1932 3836; baseline -0.005 -14"><span class='ocrx_word' id='word_1_314' title='bbox 256 3763 711 3836; x_wconf 72' lang='grc' dir='ltr'><strong>πεντακισχιλίων</strong></span> <span class='ocrx_word' id='word_1_315' title='bbox 758 3762 946 3824; x_wconf 76' lang='grc' dir='ltr'><strong>ὄντων,</strong></span> <span class='ocrx_word' id='word_1_316' title='bbox 997 3759 1202 3812; x_wconf 78' lang='grc' dir='ltr'><strong>δώδεκα</strong></span> <span class='ocrx_word' id='word_1_317' title='bbox 1251 3757 1462 3827; x_wconf 80' lang='grc' dir='ltr'><strong>κόφινοι</strong></span> <span class='ocrx_word' id='word_1_318' title='bbox 1511 3758 1932 3828; x_wconf 86' lang='grc' dir='ltr'><strong>ἐπερίσσευσαν.</strong></span> 
     </span>
    </p>
   </div>
   <div class='ocr_carea' id='block_1_41' title="bbox 255 3839 1935 3915">
    <p class='ocr_par' dir='ltr' id='par_1_41' title="bbox 255 3839 1935 3915">
     <span class='ocr_line' id='line_1_41' title="bbox 255 3839 1935 3915; baseline -0.005 -10"><span class='ocrx_word' id='word_1_319' title='bbox 255 3849 495 3905; x_wconf 76' lang='grc' dir='ltr'><strong>ἐνταῦθα</strong></span> <span class='ocrx_word' id='word_1_320' title='bbox 555 3849 611 3901; x_wconf 81' lang='grc' dir='ltr'><strong>δὲ</strong></span> <span class='ocrx_word' id='word_1_321' title='bbox 675 3842 1162 3915; x_wconf 76' lang='grc' dir='ltr'><strong>τετρακισχιλίων,</strong></span> <span class='ocrx_word' id='word_1_322' title='bbox 1225 3839 1365 3896; x_wconf 80' lang='grc' dir='ltr'><strong>ἐπτὰ</strong></span> <span class='ocrx_word' id='word_1_323' title='bbox 1430 3844 1724 3914; x_wconf 83' lang='grc' dir='ltr'><strong>σπυρίδες;</strong></span> <span class='ocrx_word' id='word_1_324' title='bbox 1790 3846 1935 3910; x_wconf 90' lang='grc' dir='ltr'><strong>τίνος</strong></span> 
     </span>
    </p>
   </div>
   <div class='ocr_carea' id='block_1_42' title="bbox 257 3921 1933 3998">
    <p class='ocr_par' dir='ltr' id='par_1_42' title="bbox 257 3921 1933 3998">
     <span class='ocr_line' id='line_1_42' title="bbox 257 3921 1933 3998; baseline -0.004 -8"><span class='ocrx_word' id='word_1_325' title='bbox 257 3931 352 3990; x_wconf 78' lang='grc' dir='ltr'><strong>οὖν</strong></span> <span class='ocrx_word' id='word_1_326' title='bbox 378 3935 562 3988; x_wconf 82' lang='grc' dir='ltr'><strong>ἐνεκεν</strong></span> <span class='ocrx_word' id='word_1_327' title='bbox 597 3930 692 3984; x_wconf 76' lang='grc' dir='ltr'><strong>καὶ</strong></span> <span class='ocrx_word' id='word_1_328' title='bbox 718 3927 860 3982; x_wconf 87' lang='grc' dir='ltr'><strong>διατί</strong></span> <span class='ocrx_word' id='word_1_329' title='bbox 886 3927 1145 3980; x_wconf 86' lang='grc' dir='ltr'><strong>ἐλάττονα</strong></span> <span class='ocrx_word' id='word_1_330' title='bbox 1169 3921 1239 3998; x_wconf 83' lang='grc' dir='ltr'><strong>ῆν</strong></span> <span class='ocrx_word' id='word_1_331' title='bbox 1277 3929 1345 3980; x_wconf 74' lang='grc' dir='ltr'><strong>τὰ</strong></span> <span class='ocrx_word' id='word_1_332' title='bbox 1380 3928 1625 3997; x_wconf 80' lang='grc' dir='ltr'><strong>λείψανα,</strong></span> <span class='ocrx_word' id='word_1_333' title='bbox 1657 3930 1834 3983; x_wconf 90' lang='grc' dir='ltr'><strong>καίτοι</strong></span> <span class='ocrx_word' id='word_1_334' title='bbox 1872 3932 1933 3984; x_wconf 91' lang='grc' dir='ltr'><strong>οὐ</strong></span> 
     </span>
    </p>
   </div>
   <div class='ocr_carea' id='block_1_43' title="bbox 257 4009 1934 4079">
    <p class='ocr_par' dir='ltr' id='par_1_43' title="bbox 257 4009 1934 4079">
     <span class='ocr_line' id='line_1_43' title="bbox 257 4009 1934 4079; baseline 0 -11"><span class='ocrx_word' id='word_1_335' title='bbox 257 4015 530 4074; x_wconf 66' lang='grc' dir='ltr'><strong>τοσούτων</strong></span> <span class='ocrx_word' id='word_1_336' title='bbox 558 4014 725 4067; x_wconf 74' lang='grc' dir='ltr'><strong>ὄντων</strong></span> <span class='ocrx_word' id='word_1_337' title='bbox 750 4010 858 4065; x_wconf 90' lang='grc' dir='ltr'><strong>τῶν</strong></span> <span class='ocrx_word' id='word_1_338' title='bbox 888 4009 1229 4079; x_wconf 76' lang='grc' dir='ltr'><strong>ἑστιωμένων</strong></span> <span class='ocrx_word' id='word_1_339' title='bbox 1252 4028 1265 4074; x_wconf 92' lang='grc'>;</span> <span class='ocrx_word' id='word_1_340' title='bbox 1303 4011 1372 4063; x_wconf 88' lang='grc' dir='ltr'><strong>Ἦ</strong></span> <span class='ocrx_word' id='word_1_341' title='bbox 1405 4012 1582 4065; x_wconf 77' lang='grc' dir='ltr'><strong>τοίνυν</strong></span> <span class='ocrx_word' id='word_1_342' title='bbox 1607 4012 1766 4066; x_wconf 83' lang='grc' dir='ltr'><strong>τοῦτο</strong></span> <span class='ocrx_word' id='word_1_343' title='bbox 1789 4013 1934 4069; x_wconf 80' lang='grc' dir='ltr'><strong>ἐστιν</strong></span> 
     </span>
    </p>
   </div>
   <div class='ocr_carea' id='block_1_44' title="bbox 256 4093 1934 4168">
    <p class='ocr_par' dir='ltr' id='par_1_44' title="bbox 256 4093 1934 4168">
     <span class='ocr_line' id='line_1_44' title="bbox 256 4093 1934 4168; baseline -0.008 -13"><span class='ocrx_word' id='word_1_344' title='bbox 256 4103 454 4164; x_wconf 75' lang='grc' dir='ltr'><strong>εἰπεῖν,</strong></span> <span class='ocrx_word' id='word_1_345' title='bbox 488 4100 570 4153; x_wconf 84' lang='grc' dir='ltr'><strong>ὃτι</strong></span> <span class='ocrx_word' id='word_1_346' title='bbox 605 4098 662 4151; x_wconf 88' lang='grc' dir='ltr'><strong>αἰ</strong></span> <span class='ocrx_word' id='word_1_347' title='bbox 692 4095 949 4166; x_wconf 90' lang='grc' dir='ltr'><strong>σπυρίδες</strong></span> <span class='ocrx_word' id='word_1_348' title='bbox 973 4093 1080 4146; x_wconf 87' lang='grc' dir='ltr'><strong>τῶν</strong></span> <span class='ocrx_word' id='word_1_349' title='bbox 1101 4093 1335 4163; x_wconf 82' lang='grc' dir='ltr'><strong>κοφίνων</strong></span> <span class='ocrx_word' id='word_1_350' title='bbox 1366 4093 1583 4165; x_wconf 78' lang='grc' dir='ltr'><strong>μείζους</strong></span> <span class='ocrx_word' id='word_1_351' title='bbox 1611 4093 1751 4167; x_wconf 78' lang='grc' dir='ltr'><strong>ἦσαν</strong></span> <span class='ocrx_word' id='word_1_352' title='bbox 1775 4115 1790 4130; x_wconf 76' lang='grc' dir='ltr'><strong>ο</strong></span> <span class='ocrx_word' id='word_1_353' title='bbox 1820 4098 1852 4168; x_wconf 87' lang='grc' dir='ltr'><strong>ῆ</strong></span> <span class='ocrx_word' id='word_1_354' title='bbox 1884 4099 1934 4152; x_wconf 68' lang='grc' dir='ltr'><strong>ει</strong></span> 
     </span>
    </p>
   </div>
   <div class='ocr_carea' id='block_1_45' title="bbox 263 4177 1933 4256">
    <p class='ocr_par' dir='ltr' id='par_1_45' title="bbox 263 4177 1933 4256">
     <span class='ocr_line' id='line_1_45' title="bbox 263 4177 1933 4256; baseline -0.002 -19"><span class='ocrx_word' id='word_1_355' title='bbox 263 4186 342 4256; x_wconf 81' lang='grc' dir='ltr'><strong>μὴ</strong></span> <span class='ocrx_word' id='word_1_356' title='bbox 369 4183 546 4241; x_wconf 85' lang='grc' dir='ltr'><strong>τοῦτο.</strong></span> <span class='ocrx_word' id='word_1_357' title='bbox 578 4181 666 4234; x_wconf 82' lang='grc' dir='ltr'><strong>ἵνα</strong></span> <span class='ocrx_word' id='word_1_358' title='bbox 704 4178 778 4251; x_wconf 81' lang='grc' dir='ltr'><strong>μὴ</strong></span> <span class='ocrx_word' id='word_1_359' title='bbox 807 4177 1024 4246; x_wconf 85' lang='grc' dir='ltr'><strong>πάλινή</strong></span> <span class='ocrx_word' id='word_1_360' title='bbox 1062 4177 1243 4248; x_wconf 84' lang='grc' dir='ltr'><strong>ἰσότης</strong></span> <span class='ocrx_word' id='word_1_361' title='bbox 1279 4177 1374 4230; x_wconf 89' lang='grc' dir='ltr'><strong>τοῦ</strong></span> <span class='ocrx_word' id='word_1_362' title='bbox 1400 4179 1627 4248; x_wconf 83' lang='grc' dir='ltr'><strong>σημείου</strong></span> <span class='ocrx_word' id='word_1_363' title='bbox 1663 4183 1741 4242; x_wconf 85' lang='grc' dir='ltr'><strong>είς</strong></span> <span class='ocrx_word' id='word_1_364' title='bbox 1763 4179 1933 4252; x_wconf 81' lang='grc' dir='ltr'><strong>λήθην</strong></span> 
     </span>
    </p>
   </div>
   <div class='ocr_carea' id='block_1_46' title="bbox 256 4260 1934 4334">
    <p class='ocr_par' dir='ltr' id='par_1_46' title="bbox 256 4260 1934 4334">
     <span class='ocr_line' id='line_1_46' title="bbox 256 4260 1934 4334; baseline -0.01 -13"><span class='ocrx_word' id='word_1_365' title='bbox 256 4267 457 4328; x_wconf 72' lang='grc' dir='ltr'><strong>αὐτοὺς</strong></span> <span class='ocrx_word' id='word_1_366' title='bbox 497 4263 732 4334; x_wconf 76' lang='grc' dir='ltr'><strong>ἐμϐάλῃ.</strong></span> <span class='ocrx_word' id='word_1_367' title='bbox 768 4264 834 4333; x_wconf 84' lang='grc' dir='ltr'><strong>τῇ</strong></span> <span class='ocrx_word' id='word_1_368' title='bbox 869 4260 1100 4331; x_wconf 79' lang='grc' dir='ltr'><strong>διαφορᾷ</strong></span> <span class='ocrx_word' id='word_1_369' title='bbox 1142 4260 1242 4330; x_wconf 81' lang='grc' dir='ltr'><strong>τὴν</strong></span> <span class='ocrx_word' id='word_1_370' title='bbox 1279 4261 1500 4331; x_wconf 87' lang='grc' dir='ltr'><strong>μνήμην</strong></span> <span class='ocrx_word' id='word_1_371' title='bbox 1528 4262 1707 4315; x_wconf 85' lang='grc' dir='ltr'><strong>αὐτῶν</strong></span> <span class='ocrx_word' id='word_1_372' title='bbox 1739 4263 1934 4332; x_wconf 83' lang='grc' dir='ltr'><strong>διεγεί-</strong></span> 
     </span>
    </p>
   </div>
   <div class='ocr_carea' id='block_1_47' title="bbox 261 4342 1932 4422">
    <p class='ocr_par' dir='ltr' id='par_1_47' title="bbox 261 4342 1932 4422">
     <span class='ocr_line' id='line_1_47' title="bbox 261 4342 1932 4422; baseline -0.004 -18"><span class='ocrx_word' id='word_1_373' title='bbox 261 4369 346 4422; x_wconf 87' lang='grc' dir='ltr'><strong>ρει</strong></span> <span class='ocrx_word' id='word_1_374' title='bbox 370 4391 384 4414; x_wconf 95' lang='grc'><strong>,</strong></span> <span class='ocrx_word' id='word_1_375' title='bbox 424 4350 511 4402; x_wconf 82' lang='grc' dir='ltr'><strong>ἵνα</strong></span> <span class='ocrx_word' id='word_1_376' title='bbox 561 4349 626 4400; x_wconf 89' lang='grc' dir='ltr'><strong>ἐκ</strong></span> <span class='ocrx_word' id='word_1_377' title='bbox 662 4343 758 4398; x_wconf 88' lang='grc' dir='ltr'><strong>τοῦ</strong></span> <span class='ocrx_word' id='word_1_378' title='bbox 808 4342 1263 4414; x_wconf 87' lang='grc' dir='ltr'><strong>παρηλλαγμένου</strong></span> <span class='ocrx_word' id='word_1_379' title='bbox 1302 4343 1692 4411; x_wconf 84' lang='grc' dir='ltr'><strong>ἀναμνησθῶσι</strong></span> <span class='ocrx_word' id='word_1_380' title='bbox 1741 4345 1932 4400; x_wconf 85' lang='grc' dir='ltr'><strong>κάκεί-</strong></span> 
     </span>
    </p>
   </div>
   <div class='ocr_carea' id='block_1_48' title="bbox 257 4425 1932 4500">
    <p class='ocr_par' dir='ltr' id='par_1_48' title="bbox 257 4425 1932 4500">
     <span class='ocr_line' id='line_1_48' title="bbox 257 4425 1932 4500; baseline -0.005 -15"><span class='ocrx_word' id='word_1_381' title='bbox 257 4451 350 4485; x_wconf 89' lang='grc' dir='ltr'><strong>νου</strong></span> <span class='ocrx_word' id='word_1_382' title='bbox 393 4431 486 4485; x_wconf 77' lang='grc' dir='ltr'><strong>καὶ</strong></span> <span class='ocrx_word' id='word_1_383' title='bbox 531 4429 745 4484; x_wconf 86' lang='grc' dir='ltr'><strong>τούτου.</strong></span> <span class='ocrx_word' id='word_1_384' title='bbox 791 4426 890 4480; x_wconf 77' lang='grc' dir='ltr'><strong>Διά</strong></span> <span class='ocrx_word' id='word_1_385' title='bbox 923 4425 987 4496; x_wconf 80' lang='grc' dir='ltr'><strong>δὴ</strong></span> <span class='ocrx_word' id='word_1_386' title='bbox 1019 4425 1175 4478; x_wconf 86' lang='grc' dir='ltr'><strong>τοῦτο</strong></span> <span class='ocrx_word' id='word_1_387' title='bbox 1207 4425 1328 4479; x_wconf 91' lang='grc' dir='ltr'><strong>τότε</strong></span> <span class='ocrx_word' id='word_1_388' title='bbox 1367 4427 1466 4496; x_wconf 84' lang='grc' dir='ltr'><strong>μὲν</strong></span> <span class='ocrx_word' id='word_1_389' title='bbox 1511 4430 1625 4491; x_wconf 90' lang='grc' dir='ltr'><strong>τοῖς</strong></span> <span class='ocrx_word' id='word_1_390' title='bbox 1661 4429 1932 4500; x_wconf 77' lang='grc' dir='ltr'><strong>μαθηταῖς</strong></span> 
     </span>
    </p>
   </div>
   <div class='ocr_carea' id='block_1_49' title="bbox 264 4507 1932 4585">
    <p class='ocr_par' dir='ltr' id='par_1_49' title="bbox 264 4507 1932 4585">
     <span class='ocr_line' id='line_1_49' title="bbox 264 4507 1932 4585; baseline -0.003 -17"><span class='ocrx_word' id='word_1_391' title='bbox 264 4514 586 4585; x_wconf 71' lang='grc' dir='ltr'><strong>ἰσαρίθμους</strong></span> <span class='ocrx_word' id='word_1_392' title='bbox 623 4512 768 4564; x_wconf 89' lang='grc' dir='ltr'><strong>ποιεῖ</strong></span> <span class='ocrx_word' id='word_1_393' title='bbox 797 4509 924 4572; x_wconf 79' lang='grc' dir='ltr'><strong>τοὺς</strong></span> <span class='ocrx_word' id='word_1_394' title='bbox 948 4509 1200 4577; x_wconf 85' lang='grc' dir='ltr'><strong>κοφίνους</strong></span> <span class='ocrx_word' id='word_1_395' title='bbox 1243 4507 1353 4560; x_wconf 89' lang='grc' dir='ltr'><strong>τῶν</strong></span> <span class='ocrx_word' id='word_1_396' title='bbox 1391 4507 1677 4577; x_wconf 74' lang='grc' dir='ltr'><strong>λειψάνων,</strong></span> <span class='ocrx_word' id='word_1_397' title='bbox 1725 4511 1842 4563; x_wconf 76' lang='grc' dir='ltr'><strong>νυνὶ</strong></span> <span class='ocrx_word' id='word_1_398' title='bbox 1873 4511 1932 4565; x_wconf 80' lang='grc' dir='ltr'><strong>δὲ</strong></span> 
     </span>
    </p>
   </div>
   <div class='ocr_carea' id='block_1_50' title="bbox 258 4589 1933 4668">
    <p class='ocr_par' dir='ltr' id='par_1_50' title="bbox 258 4589 1933 4668">
     <span class='ocr_line' id='line_1_50' title="bbox 258 4589 1933 4668; baseline -0.01 -17"><span class='ocrx_word' id='word_1_399' title='bbox 258 4600 370 4660; x_wconf 82' lang='grc' dir='ltr'><strong>τοῖς</strong></span> <span class='ocrx_word' id='word_1_400' title='bbox 390 4596 576 4668; x_wconf 77' lang='grc' dir='ltr'><strong>ἄρτοις</strong></span> <span class='ocrx_word' id='word_1_401' title='bbox 597 4593 694 4657; x_wconf 85' lang='grc' dir='ltr'><strong>τὰς</strong></span> <span class='ocrx_word' id='word_1_402' title='bbox 723 4592 1004 4663; x_wconf 87' lang='grc' dir='ltr'><strong>σπυρίδας,</strong></span> <span class='ocrx_word' id='word_1_403' title='bbox 1049 4591 1150 4644; x_wconf 89' lang='grc' dir='ltr'><strong>κάν</strong></span> <span class='ocrx_word' id='word_1_404' title='bbox 1179 4589 1353 4660; x_wconf 85' lang='grc' dir='ltr'><strong>τούτῳ</strong></span> <span class='ocrx_word' id='word_1_405' title='bbox 1385 4591 1483 4661; x_wconf 83' lang='grc' dir='ltr'><strong>τὴν</strong></span> <span class='ocrx_word' id='word_1_406' title='bbox 1521 4591 1727 4659; x_wconf 81' lang='grc' dir='ltr'><strong>ἄφατον</strong></span> <span class='ocrx_word' id='word_1_407' title='bbox 1771 4593 1933 4648; x_wconf 79' lang='grc' dir='ltr'><strong>δύνα-</strong></span> 
     </span>
    </p>
   </div>
   <div class='ocr_carea' id='block_1_51' title="bbox 262 4672 1932 4751">
    <p class='ocr_par' dir='ltr' id='par_1_51' title="bbox 262 4672 1932 4751">
     <span class='ocr_line' id='line_1_51' title="bbox 262 4672 1932 4751; baseline -0.001 -19"><span class='ocrx_word' id='word_1_408' title='bbox 262 4698 356 4751; x_wconf 89' lang='grc' dir='ltr'><strong>μιν</strong></span> <span class='ocrx_word' id='word_1_409' title='bbox 393 4676 814 4746; x_wconf 78' lang='grc' dir='ltr'><strong>ἐνδεικνύμενος,</strong></span> <span class='ocrx_word' id='word_1_410' title='bbox 854 4674 949 4727; x_wconf 80' lang='grc' dir='ltr'><strong>καὶ</strong></span> <span class='ocrx_word' id='word_1_411' title='bbox 983 4672 1081 4744; x_wconf 81' lang='grc' dir='ltr'><strong>τὴν</strong></span> <span class='ocrx_word' id='word_1_412' title='bbox 1113 4673 1361 4726; x_wconf 84' lang='grc' dir='ltr'><strong>εὐκολίαν</strong></span> <span class='ocrx_word' id='word_1_413' title='bbox 1406 4673 1504 4743; x_wconf 89' lang='grc' dir='ltr'><strong>τῆς</strong></span> <span class='ocrx_word' id='word_1_414' title='bbox 1547 4675 1816 4743; x_wconf 81' lang='grc' dir='ltr'><strong>ἐξουσίας,</strong></span> <span class='ocrx_word' id='word_1_415' title='bbox 1848 4679 1932 4732; x_wconf 80' lang='grc' dir='ltr'><strong>ὅτι</strong></span> 
     </span>
    </p>
   </div>
   <div class='ocr_carea' id='block_1_52' title="bbox 259 4756 1930 4833">
    <p class='ocr_par' dir='ltr' id='par_1_52' title="bbox 259 4756 1930 4833">
     <span class='ocr_line' id='line_1_52' title="bbox 259 4756 1930 4833; baseline -0.01 -16"><span class='ocrx_word' id='word_1_416' title='bbox 259 4762 409 4833; x_wconf 88' lang='grc' dir='ltr'><strong>αὐτῷ</strong></span> <span class='ocrx_word' id='word_1_417' title='bbox 436 4759 656 4816; x_wconf 74' lang='grc' dir='ltr'><strong>δυνατὸν</strong></span> <span class='ocrx_word' id='word_1_418' title='bbox 692 4757 785 4811; x_wconf 73' lang='lat' dir='ltr'><strong><em>xal</em></strong></span> <span class='ocrx_word' id='word_1_419' title='bbox 813 4756 954 4810; x_wconf 77' lang='grc' dir='ltr'><strong>οὕτω</strong></span> <span class='ocrx_word' id='word_1_420' title='bbox 987 4757 1079 4808; x_wconf 78' lang='grc' dir='ltr'><strong>καὶ</strong></span> <span class='ocrx_word' id='word_1_421' title='bbox 1114 4756 1313 4828; x_wconf 85' lang='grc' dir='ltr'><strong>ἑτέρως</strong></span> <span class='ocrx_word' id='word_1_422' title='bbox 1356 4756 1424 4810; x_wconf 87' lang='grc' dir='ltr'><strong>τὰ</strong></span> <span class='ocrx_word' id='word_1_423' title='bbox 1460 4757 1683 4812; x_wconf 88' lang='grc' dir='ltr'><strong>τοιαῦτα</strong></span> <span class='ocrx_word' id='word_1_424' title='bbox 1717 4758 1930 4831; x_wconf 81' lang='grc' dir='ltr'><strong>θαυμα-</strong></span> 
     </span>
    </p>
   </div>
   <div class='ocr_carea' id='block_1_53' title="bbox 259 4837 1930 4917">
    <p class='ocr_par' dir='ltr' id='par_1_53' title="bbox 259 4837 1930 4917">
     <span class='ocr_line' id='line_1_53' title="bbox 259 4837 1930 4917; baseline -0.001 -17"><span class='ocrx_word' id='word_1_425' title='bbox 259 4846 531 4917; x_wconf 90' lang='grc' dir='ltr'><strong>τουργεῖν.</strong></span> <span class='ocrx_word' id='word_1_426' title='bbox 558 4842 694 4898; x_wconf 86' lang='grc' dir='ltr'><strong>Οὐδέ</strong></span> <span class='ocrx_word' id='word_1_427' title='bbox 715 4841 823 4913; x_wconf 82' lang='grc' dir='ltr'><strong>γὰρ</strong></span> <span class='ocrx_word' id='word_1_428' title='bbox 855 4842 1054 4910; x_wconf 82' lang='grc' dir='ltr'><strong>μικρᾶς</strong></span> <span class='ocrx_word' id='word_1_429' title='bbox 1075 4840 1357 4910; x_wconf 80' lang='grc' dir='ltr'><strong>δυνάμεως</strong></span> <span class='ocrx_word' id='word_1_430' title='bbox 1379 4837 1469 4912; x_wconf 82' lang='grc' dir='ltr'><strong>ἦν,</strong></span> <span class='ocrx_word' id='word_1_431' title='bbox 1499 4841 1560 4895; x_wconf 82' lang='grc' dir='ltr'><strong>τὸ</strong></span> <span class='ocrx_word' id='word_1_432' title='bbox 1585 4841 1675 4894; x_wconf 82' lang='grc' dir='ltr'><strong>τὸν</strong></span> <span class='ocrx_word' id='word_1_433' title='bbox 1699 4845 1930 4914; x_wconf 72' lang='grc' dir='ltr'><strong>ἀριθμὸν</strong></span> 
     </span>
    </p>
   </div>
   <div class='ocr_carea' id='block_1_54' title="bbox 261 4923 1932 5002">
    <p class='ocr_par' dir='ltr' id='par_1_54' title="bbox 261 4923 1932 5002">
     <span class='ocr_line' id='line_1_54' title="bbox 261 4923 1932 5002; baseline -0.002 -19"><span class='ocrx_word' id='word_1_434' title='bbox 261 4927 415 5002; x_wconf 65' lang='grc'><strong>[540]</strong></span> <span class='ocrx_word' id='word_1_435' title='bbox 445 4926 773 4997; x_wconf 81' lang='grc' dir='ltr'><strong>διατηρῆσαι</strong></span> <span class='ocrx_word' id='word_1_436' title='bbox 796 4925 889 4977; x_wconf 76' lang='grc' dir='ltr'><strong>καὶ</strong></span> <span class='ocrx_word' id='word_1_437' title='bbox 920 4924 1038 4975; x_wconf 87' lang='grc' dir='ltr'><strong>τότε</strong></span> <span class='ocrx_word' id='word_1_438' title='bbox 1069 4923 1164 4977; x_wconf 74' lang='grc' dir='ltr'><strong>καὶ</strong></span> <span class='ocrx_word' id='word_1_439' title='bbox 1204 4923 1318 4985; x_wconf 89' lang='grc' dir='ltr'><strong>νῦν,</strong></span> <span class='ocrx_word' id='word_1_440' title='bbox 1352 4924 1472 4976; x_wconf 89' lang='grc' dir='ltr'><strong>τότε</strong></span> <span class='ocrx_word' id='word_1_441' title='bbox 1512 4923 1610 4994; x_wconf 88' lang='grc' dir='ltr'><strong>μὲν</strong></span> <span class='ocrx_word' id='word_1_442' title='bbox 1643 4943 1932 4979; x_wconf 86' lang='grc' dir='ltr'><strong>πεντακισ-</strong></span> 
     </span>
    </p>
   </div>
   <div class='ocr_carea' id='block_1_55' title="bbox 261 5006 1930 5084">
    <p class='ocr_par' dir='ltr' id='par_1_55' title="bbox 261 5006 1930 5084">
     <span class='ocr_line' id='line_1_55' title="bbox 261 5006 1930 5084; baseline -0.004 -17"><span class='ocrx_word' id='word_1_443' title='bbox 261 5012 446 5084; x_wconf 88' lang='grc' dir='ltr'><strong>χιλίων</strong></span> <span class='ocrx_word' id='word_1_444' title='bbox 469 5010 668 5075; x_wconf 71' lang='grc' dir='ltr'><strong>δντων,</strong></span> <span class='ocrx_word' id='word_1_445' title='bbox 707 5008 823 5061; x_wconf 78' lang='grc' dir='ltr'><strong>νυνὶ</strong></span> <span class='ocrx_word' id='word_1_446' title='bbox 859 5006 915 5059; x_wconf 83' lang='grc' dir='ltr'><strong>δὲ</strong></span> <span class='ocrx_word' id='word_1_447' title='bbox 963 5006 1442 5077; x_wconf 76' lang='grc' dir='ltr'><strong>τετρακισχιλίωνο</strong></span> <span class='ocrx_word' id='word_1_448' title='bbox 1492 5009 1588 5063; x_wconf 76' lang='lat' dir='ltr'><strong><em>xal</em></strong></span> <span class='ocrx_word' id='word_1_449' title='bbox 1635 5009 1772 5080; x_wconf 88' lang='grc' dir='ltr'><strong>μήτε</strong></span> <span class='ocrx_word' id='word_1_450' title='bbox 1809 5010 1930 5064; x_wconf 84' lang='grc' dir='ltr'><strong>τότε</strong></span> 
     </span>
    </p>
   </div>
   <div class='ocr_carea' id='block_1_56' title="bbox 259 5088 1931 5164">
    <p class='ocr_par' dir='ltr' id='par_1_56' title="bbox 259 5088 1931 5164">
     <span class='ocr_line' id='line_1_56' title="bbox 259 5088 1931 5164; baseline -0.003 -12"><span class='ocrx_word' id='word_1_451' title='bbox 259 5097 370 5152; x_wconf 88' lang='grc' dir='ltr'><strong>τῶν</strong></span> <span class='ocrx_word' id='word_1_452' title='bbox 399 5094 656 5164; x_wconf 87' lang='grc' dir='ltr'><strong>κοφίνων,</strong></span> <span class='ocrx_word' id='word_1_453' title='bbox 703 5091 840 5163; x_wconf 86' lang='grc' dir='ltr'><strong>μήτε</strong></span> <span class='ocrx_word' id='word_1_454' title='bbox 886 5088 980 5142; x_wconf 85' lang='grc' dir='ltr'><strong>νῦν</strong></span> <span class='ocrx_word' id='word_1_455' title='bbox 1016 5088 1124 5142; x_wconf 89' lang='grc' dir='ltr'><strong>τῶν</strong></span> <span class='ocrx_word' id='word_1_456' title='bbox 1166 5089 1438 5160; x_wconf 72' lang='grc' dir='ltr'><strong>σπυρίδιον</strong></span> <span class='ocrx_word' id='word_1_457' title='bbox 1495 5091 1630 5162; x_wconf 88' lang='grc' dir='ltr'><strong>μήτε</strong></span> <span class='ocrx_word' id='word_1_458' title='bbox 1675 5092 1931 5147; x_wconf 89' lang='grc' dir='ltr'><strong>ἐλάττονα</strong></span> 
     </span>
    </p>
   </div>
   <div class='ocr_carea' id='block_1_57' title="bbox 263 5172 1928 5252">
    <p class='ocr_par' dir='ltr' id='par_1_57' title="bbox 263 5172 1928 5252">
     <span class='ocr_line' id='line_1_57' title="bbox 263 5172 1928 5252; baseline -0.01 -18"><span class='ocrx_word' id='word_1_459' title='bbox 263 5181 403 5252; x_wconf 87' lang='grc' dir='ltr'><strong>μήτε</strong></span> <span class='ocrx_word' id='word_1_460' title='bbox 473 5177 693 5230; x_wconf 85' lang='grc' dir='ltr'><strong>πλείονα</strong></span> <span class='ocrx_word' id='word_1_461' title='bbox 768 5172 1020 5243; x_wconf 89' lang='grc' dir='ltr'><strong>γενέσθαι</strong></span> <span class='ocrx_word' id='word_1_462' title='bbox 1094 5172 1308 5240; x_wconf 87' lang='grc' dir='ltr'><strong>ἀφεῖναι</strong></span> <span class='ocrx_word' id='word_1_463' title='bbox 1365 5173 1434 5226; x_wconf 79' lang='grc' dir='ltr'><strong>τὰ</strong></span> <span class='ocrx_word' id='word_1_464' title='bbox 1483 5172 1731 5243; x_wconf 76' lang='grc' dir='ltr'><strong>λείψανα,</strong></span> <span class='ocrx_word' id='word_1_465' title='bbox 1805 5176 1928 5230; x_wconf 70' lang='grc' dir='ltr'><strong>καί-</strong></span> 
     </span>
    </p>
   </div>
   <div class='ocr_carea' id='block_1_58' title="bbox 257 5256 1928 5332">
    <p class='ocr_par' dir='ltr' id='par_1_58' title="bbox 257 5256 1928 5332">
     <span class='ocr_line' id='line_1_58' title="bbox 257 5256 1928 5332; baseline -0.003 -14"><span class='ocrx_word' id='word_1_466' title='bbox 257 5281 408 5332; x_wconf 87' lang='grc' dir='ltr'><strong>τοιγε</strong></span> <span class='ocrx_word' id='word_1_467' title='bbox 451 5261 544 5316; x_wconf 89' lang='grc' dir='ltr'><strong>τοῦ</strong></span> <span class='ocrx_word' id='word_1_468' title='bbox 603 5257 842 5330; x_wconf 82' lang='grc' dir='ltr'><strong>πλήθους</strong></span> <span class='ocrx_word' id='word_1_469' title='bbox 898 5256 1008 5310; x_wconf 88' lang='grc' dir='ltr'><strong>τῶν</strong></span> <span class='ocrx_word' id='word_1_470' title='bbox 1057 5257 1398 5328; x_wconf 82' lang='grc' dir='ltr'><strong>ἑστιωμένων</strong></span> <span class='ocrx_word' id='word_1_471' title='bbox 1450 5258 1706 5328; x_wconf 85' lang='grc' dir='ltr'><strong>διαφόρου</strong></span> <span class='ocrx_word' id='word_1_472' title='bbox 1756 5258 1928 5323; x_wconf 78' lang='grc' dir='ltr'><strong>ὄντος.</strong></span> 
     </span>
    </p>
   </div>
   <div class='ocr_carea' id='block_1_59' title="bbox 256 5339 1931 5416">
    <p class='ocr_par' dir='ltr' id='par_1_59' title="bbox 256 5339 1931 5416">
     <span class='ocr_line' id='line_1_59' title="bbox 256 5339 1931 5416; baseline -0.002 -14"><span class='ocrx_word' id='word_1_473' title='bbox 256 5345 487 5402; x_wconf 78' lang='grc' dir='ltr'><strong>Καὶ-τὸ</strong></span> <span class='ocrx_word' id='word_1_474' title='bbox 556 5341 708 5405; x_wconf 80' lang='grc' dir='ltr'><strong>τέλος</strong></span> <span class='ocrx_word' id='word_1_475' title='bbox 759 5341 816 5394; x_wconf 85' lang='grc' dir='ltr'><strong>δὲ</strong></span> <span class='ocrx_word' id='word_1_476' title='bbox 859 5341 1043 5412; x_wconf 85' lang='grc' dir='ltr'><strong>ὅμοιον</strong></span> <span class='ocrx_word' id='word_1_477' title='bbox 1096 5339 1173 5410; x_wconf 81' lang='grc' dir='ltr'><strong>τῷ</strong></span> <span class='ocrx_word' id='word_1_478' title='bbox 1221 5343 1490 5412; x_wconf 85' lang='grc' dir='ltr'><strong>προτέρῳ.</strong></span> <span class='ocrx_word' id='word_1_479' title='bbox 1546 5344 1656 5397; x_wconf 89' lang='lat' dir='ltr'><strong>Kal</strong></span> <span class='ocrx_word' id='word_1_480' title='bbox 1689 5344 1797 5416; x_wconf 87' lang='grc' dir='ltr'><strong>γὰρ</strong></span> <span class='ocrx_word' id='word_1_481' title='bbox 1836 5345 1931 5398; x_wconf 75' lang='grc' dir='ltr'><strong>καὶ</strong></span> 
     </span>
    </p>
   </div>
   <div class='ocr_carea' id='block_1_60' title="bbox 255 5424 1930 5500">
    <p class='ocr_par' dir='ltr' id='par_1_60' title="bbox 255 5424 1930 5500">
     <span class='ocr_line' id='line_1_60' title="bbox 255 5424 1930 5500; baseline -0.001 -16"><span class='ocrx_word' id='word_1_482' title='bbox 255 5432 381 5484; x_wconf 85' lang='grc' dir='ltr'><strong>τότε</strong></span> <span class='ocrx_word' id='word_1_483' title='bbox 457 5429 584 5491; x_wconf 84' lang='grc' dir='ltr'><strong>τούς</strong></span> <span class='ocrx_word' id='word_1_484' title='bbox 671 5426 860 5496; x_wconf 76' lang='grc' dir='ltr'><strong>ὄχλους</strong></span> <span class='ocrx_word' id='word_1_485' title='bbox 940 5424 1098 5493; x_wconf 79' lang='grc' dir='ltr'><strong>ἀφεὶς</strong></span> <span class='ocrx_word' id='word_1_486' title='bbox 1183 5424 1530 5496; x_wconf 84' lang='grc' dir='ltr'><strong>ἀνεχώρησεν</strong></span> <span class='ocrx_word' id='word_1_487' title='bbox 1617 5431 1675 5481; x_wconf 92' lang='grc' dir='ltr'><strong>ἐν</strong></span> <span class='ocrx_word' id='word_1_488' title='bbox 1758 5428 1930 5500; x_wconf 82' lang='grc' dir='ltr'><strong>πλοίῳ</strong></span> 
     </span>
    </p>
   </div>
   <div class='ocr_carea' id='block_1_61' title="bbox 256 5507 1932 5583">
    <p class='ocr_par' dir='ltr' id='par_1_61' title="bbox 256 5507 1932 5583">
     <span class='ocr_line' id='line_1_61' title="bbox 256 5507 1932 5583; baseline -0.004 -15"><span class='ocrx_word' id='word_1_489' title='bbox 256 5515 356 5568; x_wconf 73' lang='grc' dir='ltr'><strong>καὶ</strong></span> <span class='ocrx_word' id='word_1_490' title='bbox 399 5511 532 5565; x_wconf 81' lang='grc' dir='ltr'><strong>νῦν·</strong></span> <span class='ocrx_word' id='word_1_491' title='bbox 579 5510 672 5562; x_wconf 80' lang='grc' dir='ltr'><strong>καὶ</strong></span> <span class='ocrx_word' id='word_1_492' title='bbox 717 5511 745 5562; x_wconf 88' lang='grc' dir='ltr'>ὁ</span> <span class='ocrx_word' id='word_1_493' title='bbox 776 5508 1026 5576; x_wconf 82' lang='grc' dir='ltr'><strong>Ἰωάννης</strong></span> <span class='ocrx_word' id='word_1_494' title='bbox 1073 5507 1129 5560; x_wconf 85' lang='grc' dir='ltr'><strong>δέ</strong></span> <span class='ocrx_word' id='word_1_495' title='bbox 1173 5507 1331 5560; x_wconf 89' lang='grc' dir='ltr'><strong>τοῦτό</strong></span> <span class='ocrx_word' id='word_1_496' title='bbox 1375 5526 1558 5580; x_wconf 75' lang='grc' dir='ltr'><strong>φησιν.</strong></span> <span class='ocrx_word' id='word_1_497' title='bbox 1576 5509 1792 5583; x_wconf 79' lang='grc' dir='ltr'><strong>Ἐπειδὴ</strong></span> <span class='ocrx_word' id='word_1_498' title='bbox 1822 5513 1932 5582; x_wconf 80' lang='grc' dir='ltr'><strong>γὰρ</strong></span> 
     </span>
    </p>
   </div>
   <div class='ocr_carea' id='block_1_62' title="bbox 256 5588 1930 5662">
    <p class='ocr_par' dir='ltr' id='par_1_62' title="bbox 256 5588 1930 5662">
     <span class='ocr_line' id='line_1_62' title="bbox 256 5588 1930 5662; baseline -0.001 -13"><span class='ocrx_word' id='word_1_499' title='bbox 256 5594 410 5649; x_wconf 81' lang='grc' dir='ltr'><strong>οὐδὲν</strong></span> <span class='ocrx_word' id='word_1_500' title='bbox 442 5593 585 5646; x_wconf 85' lang='grc' dir='ltr'><strong>οῦτω</strong></span> <span class='ocrx_word' id='word_1_501' title='bbox 612 5593 834 5662; x_wconf 90' lang='grc' dir='ltr'><strong>σημεῖον</strong></span> <span class='ocrx_word' id='word_1_502' title='bbox 856 5588 1169 5642; x_wconf 84' lang='grc' dir='ltr'><strong>ἀκολουθεῖν</strong></span> <span class='ocrx_word' id='word_1_503' title='bbox 1201 5589 1348 5660; x_wconf 79' lang='grc' dir='ltr'><strong>αὐτῷ</strong></span> <span class='ocrx_word' id='word_1_504' title='bbox 1388 5591 1822 5662; x_wconf 78' lang='grc' dir='ltr'><strong>παρεσκεύαζεν,</strong></span> <span class='ocrx_word' id='word_1_505' title='bbox 1853 5595 1930 5658; x_wconf 88' lang='grc' dir='ltr'><strong>ώς</strong></span> 
     </span>
    </p>
   </div>
   <div class='ocr_carea' id='block_1_63' title="bbox 252 5671 1930 5744">
    <p class='ocr_par' dir='ltr' id='par_1_63' title="bbox 252 5671 1930 5744">
     <span class='ocr_line' id='line_1_63' title="bbox 252 5671 1930 5744; baseline 0 -14"><span class='ocrx_word' id='word_1_506' title='bbox 252 5678 318 5730; x_wconf 81' lang='grc' dir='ltr'><strong>τὸ</strong></span> <span class='ocrx_word' id='word_1_507' title='bbox 361 5675 472 5729; x_wconf 89' lang='grc' dir='ltr'><strong>τῶν</strong></span> <span class='ocrx_word' id='word_1_508' title='bbox 522 5675 702 5744; x_wconf 81' lang='grc' dir='ltr'><strong>ἄρτων</strong></span> <span class='ocrx_word' id='word_1_509' title='bbox 737 5673 943 5743; x_wconf 90' lang='grc' dir='ltr'><strong>θαῦμα,</strong></span> <span class='ocrx_word' id='word_1_510' title='bbox 981 5671 1074 5726; x_wconf 87' lang='grc' dir='ltr'><strong>καί</strong></span> <span class='ocrx_word' id='word_1_511' title='bbox 1116 5672 1177 5723; x_wconf 82' lang='grc' dir='ltr'><strong>οὐ</strong></span> <span class='ocrx_word' id='word_1_512' title='bbox 1228 5673 1387 5742; x_wconf 91' lang='grc' dir='ltr'><strong>μόνον</strong></span> <span class='ocrx_word' id='word_1_513' title='bbox 1425 5673 1756 5738; x_wconf 83' lang='grc' dir='ltr'><strong>ἀκολουθεῖν,</strong></span> <span class='ocrx_word' id='word_1_514' title='bbox 1793 5676 1930 5730; x_wconf 83' lang='grc' dir='ltr'><strong>ἀλλὰ</strong></span> 
     </span>
    </p>
   </div>
   <div class='ocr_carea' id='block_1_64' title="bbox 257 5755 1928 5827">
    <p class='ocr_par' dir='ltr' id='par_1_64' title="bbox 257 5755 1928 5827">
     <span class='ocr_line' id='line_1_64' title="bbox 257 5755 1928 5827; baseline -0.001 -13"><span class='ocrx_word' id='word_1_515' title='bbox 257 5763 352 5814; x_wconf 71' lang='grc' dir='ltr'><strong>καὶ</strong></span> <span class='ocrx_word' id='word_1_516' title='bbox 398 5757 624 5827; x_wconf 83' lang='grc' dir='ltr'><strong>βασιλέα</strong></span> <span class='ocrx_word' id='word_1_517' title='bbox 654 5759 829 5809; x_wconf 84' lang='grc' dir='ltr'><strong>ποιεῖν</strong></span> <span class='ocrx_word' id='word_1_518' title='bbox 873 5755 1177 5820; x_wconf 80' lang='grc' dir='ltr'><strong>ἐϐούλοντο,</strong></span> <span class='ocrx_word' id='word_1_519' title='bbox 1203 5755 1513 5822; x_wconf 86' lang='grc' dir='ltr'><strong>τυραννίδος</strong></span> <span class='ocrx_word' id='word_1_520' title='bbox 1552 5756 1768 5826; x_wconf 88' lang='grc' dir='ltr'><strong>φεύγων</strong></span> <span class='ocrx_word' id='word_1_521' title='bbox 1798 5759 1928 5812; x_wconf 89' lang='grc' dir='ltr'><strong>ὐπο-</strong></span> 
     </span>
    </p>
   </div>
   <div class='ocr_carea' id='block_1_65' title="bbox 254 5837 1928 5914">
    <p class='ocr_par' dir='ltr' id='par_1_65' title="bbox 254 5837 1928 5914">
     <span class='ocr_line' id='line_1_65' title="bbox 254 5837 1928 5914; baseline 0.001 -19"><span class='ocrx_word' id='word_1_522' title='bbox 254 5844 386 5914; x_wconf 63' lang='grc' dir='ltr'><strong>ψίαν</strong></span> <span class='ocrx_word' id='word_1_523' title='bbox 436 5841 690 5912; x_wconf 80' lang='grc' dir='ltr'><strong>ἀποπηδᾷ</strong></span> <span class='ocrx_word' id='word_1_524' title='bbox 741 5839 878 5910; x_wconf 73' lang='grc' dir='ltr'><strong>μετὰ</strong></span> <span class='ocrx_word' id='word_1_525' title='bbox 931 5839 1028 5910; x_wconf 79' lang='grc' dir='ltr'><strong>τὴν</strong></span> <span class='ocrx_word' id='word_1_526' title='bbox 1079 5837 1518 5909; x_wconf 89' lang='grc' dir='ltr'><strong>θαυματουργίαν</strong></span> <span class='ocrx_word' id='word_1_527' title='bbox 1568 5843 1800 5914; x_wconf 88' lang='grc' dir='ltr'><strong>ταύτην·</strong></span> <span class='ocrx_word' id='word_1_528' title='bbox 1834 5844 1928 5896; x_wconf 74' lang='grc' dir='ltr'><strong>καὶ</strong></span> 
     </span>
    </p>
   </div>
   <div class='ocr_carea' id='block_1_66' title="bbox 256 5923 1926 5996">
    <p class='ocr_par' dir='ltr' id='par_1_66' title="bbox 256 5923 1926 5996">
     <span class='ocr_line' id='line_1_66' title="bbox 256 5923 1926 5996; baseline -0.001 -13"><span class='ocrx_word' id='word_1_529' title='bbox 256 5929 378 5984; x_wconf 75' lang='grc' dir='ltr'><strong>οὐδὲ</strong></span> <span class='ocrx_word' id='word_1_530' title='bbox 413 5925 550 5996; x_wconf 78' lang='grc' dir='ltr'><strong>πεζῇ</strong></span> <span class='ocrx_word' id='word_1_531' title='bbox 598 5927 836 5988; x_wconf 82' lang='grc' dir='ltr'><strong>ἄπεισιν.</strong></span> <span class='ocrx_word' id='word_1_532' title='bbox 871 5929 957 5980; x_wconf 86' lang='grc' dir='ltr'><strong>ἵνα</strong></span> <span class='ocrx_word' id='word_1_533' title='bbox 999 5926 1074 5995; x_wconf 80' lang='grc' dir='ltr'><strong>μὴ</strong></span> <span class='ocrx_word' id='word_1_534' title='bbox 1108 5923 1565 5996; x_wconf 83' lang='grc' dir='ltr'><strong>ἀκολουθήσωσιν,</strong></span> <span class='ocrx_word' id='word_1_535' title='bbox 1600 5928 1714 5980; x_wconf 85' lang='grc' dir='ltr'><strong>ἀλλ’</strong></span> <span class='ocrx_word' id='word_1_536' title='bbox 1743 5930 1822 5994; x_wconf 88' lang='grc' dir='ltr'><strong>εἰς</strong></span> <span class='ocrx_word' id='word_1_537' title='bbox 1866 5929 1926 5982; x_wconf 84' lang='grc' dir='ltr'><strong>τὸ</strong></span> 
     </span>
    </p>
   </div>
   <div class='ocr_carea' id='block_1_67' title="bbox 260 6008 1920 6085">
    <p class='ocr_par' dir='ltr' id='par_1_67' title="bbox 260 6008 1920 6085">
     <span class='ocr_line' id='line_1_67' title="bbox 260 6008 1920 6085; baseline -0.006 -19"><span class='ocrx_word' id='word_1_538' title='bbox 260 6018 443 6068; x_wconf 72' lang='grc' dir='ltr'><strong>πλοῖον</strong></span> <span class='ocrx_word' id='word_1_539' title='bbox 491 6011 680 6075; x_wconf 67' lang='grc' dir='ltr'><strong>ἐμϐάς.</strong></span> <span class='ocrx_word' id='word_1_540' title='bbox 730 6012 833 6066; x_wconf 79' lang='grc' dir='ltr'><strong>Καὶ</strong></span> <span class='ocrx_word' id='word_1_541' title='bbox 886 6012 1223 6074; x_wconf 62' lang='grc' dir='ltr'><strong>ἀπολύσας,</strong></span> <span class='ocrx_word' id='word_1_542' title='bbox 1269 6008 1442 6078; x_wconf 72' lang='grc' dir='ltr'><strong>φησὶ,</strong></span> <span class='ocrx_word' id='word_1_543' title='bbox 1495 6011 1633 6079; x_wconf 83' lang='grc' dir='ltr'><strong>τοὺς</strong></span> <span class='ocrx_word' id='word_1_544' title='bbox 1681 6014 1920 6085; x_wconf 58' lang='grc' dir='ltr'><strong>ὄχλους,</strong></span> 
     </span>
    </p>
   </div>
   <div class='ocr_carea' id='block_1_68' title="bbox 1441 373 3711 444">
    <p class='ocr_par' dir='ltr' id='par_1_68' title="bbox 1441 373 3711 444">
     <span class='ocr_line' id='line_1_68' title="bbox 1441 373 3711 444; baseline 0.005 -15"><span class='ocrx_word' id='word_1_545' title='bbox 1441 375 1507 429; x_wconf 83' lang='lat' dir='ltr'><strong>IN</strong></span> <span class='ocrx_word' id='word_1_546' title='bbox 1549 373 1967 430; x_wconf 68' lang='lat' dir='ltr'><strong>MATTIUEUM</strong></span> <span class='ocrx_word' id='word_1_547' title='bbox 2007 373 2241 431; x_wconf 79' lang='lat' dir='ltr'><strong>HOMIL.</strong></span> <span class='ocrx_word' id='word_1_548' title='bbox 2283 377 2503 437; x_wconf 84' lang='lat' dir='ltr'><strong><em>Llll.al.</em></strong></span> <span class='ocrx_word' id='word_1_549' title='bbox 2544 383 2674 438; x_wconf 78' lang='lat' dir='ltr'><strong>LIV.</strong></span> <span class='ocrx_word' id='word_1_550' title='bbox 3607 387 3711 444; x_wconf 66' lang='grc' dir='ltr'><strong>ἴὶέὶκ</strong></span> 
     </span>
    </p>
   </div>
   <div class='ocr_carea' id='block_1_69' title="bbox 2042 493 3713 578">
    <p class='ocr_par' dir='ltr' id='par_1_69' title="bbox 2042 493 3713 578">
     <span class='ocr_line' id='line_1_69' title="bbox 2042 493 3713 578; baseline 0.012 -31"><span class='ocrx_word' id='word_1_551' title='bbox 2042 493 2226 564; x_wconf 75' lang='grc' dir='ltr'><strong>ἀνέϐη</strong></span> <span class='ocrx_word' id='word_1_552' title='bbox 2267 501 2358 564; x_wconf 83' lang='grc' dir='ltr'><strong>είς</strong></span> <span class='ocrx_word' id='word_1_553' title='bbox 2395 500 2464 554; x_wconf 87' lang='grc' dir='ltr'><strong>τὸ</strong></span> <span class='ocrx_word' id='word_1_554' title='bbox 2517 503 2767 567; x_wconf 86' lang='grc' dir='ltr'><strong>πλοῖον,</strong></span> <span class='ocrx_word' id='word_1_555' title='bbox 2816 503 2917 559; x_wconf 79' lang='grc' dir='ltr'><strong>καὶ</strong></span> <span class='ocrx_word' id='word_1_556' title='bbox 2957 501 3143 575; x_wconf 85' lang='grc' dir='ltr'><strong>ἦλθεν</strong></span> <span class='ocrx_word' id='word_1_557' title='bbox 3187 509 3272 573; x_wconf 75' lang='grc' dir='ltr'><strong>εἷς</strong></span> <span class='ocrx_word' id='word_1_558' title='bbox 3309 509 3380 563; x_wconf 79' lang='grc' dir='ltr'><strong>τὰ</strong></span> <span class='ocrx_word' id='word_1_559' title='bbox 3417 509 3545 578; x_wconf 79' lang='grc' dir='ltr'><strong>ὅρια</strong></span> <span class='ocrx_word' id='word_1_560' title='bbox 3589 517 3713 567; x_wconf 78' lang='grc' dir='ltr'><strong>Μα-</strong></span> 
     </span>
    </p>
   </div>
   <div class='ocr_carea' id='block_1_70' title="bbox 2043 579 3714 657">
    <p class='ocr_par' dir='ltr' id='par_1_70' title="bbox 2043 579 3714 657">
     <span class='ocr_line' id='line_1_70' title="bbox 2043 579 3714 657; baseline 0.01 -25"><span class='ocrx_word' id='word_1_561' title='bbox 2043 579 2252 647; x_wconf 86' lang='grc' dir='ltr'><strong>γδαλὰ.</strong></span> <span class='ocrx_word' id='word_1_562' title='bbox 2282 583 2393 636; x_wconf 83' lang='grc' dir='ltr'><strong>Καί</strong></span> <span class='ocrx_word' id='word_1_563' title='bbox 2439 589 2877 654; x_wconf 77' lang='grc' dir='ltr'><strong>προσελθόντες</strong></span> <span class='ocrx_word' id='word_1_564' title='bbox 2907 591 2961 642; x_wconf 81' lang='grc' dir='ltr'><strong>οὶ</strong></span> <span class='ocrx_word' id='word_1_565' title='bbox 2993 590 3300 657; x_wconf 78' lang='grc' dir='ltr'><strong>Φαρισαῖοι</strong></span> <span class='ocrx_word' id='word_1_566' title='bbox 3329 592 3427 644; x_wconf 81' lang='grc' dir='ltr'><strong>καί</strong></span> <span class='ocrx_word' id='word_1_567' title='bbox 3453 594 3714 649; x_wconf 71' lang='grc' dir='ltr'><strong>Σαδδου-</strong></span> 
     </span>
    </p>
   </div>
   <div class='ocr_carea' id='block_1_71' title="bbox 2038 662 3713 743">
    <p class='ocr_par' dir='ltr' id='par_1_71' title="bbox 2038 662 3713 743">
     <span class='ocr_line' id='line_1_71' title="bbox 2038 662 3713 743; baseline 0.01 -28"><span class='ocrx_word' id='word_1_568' title='bbox 2038 662 2197 716; x_wconf 67' lang='grc' dir='ltr'><strong>»σιαῖοι</strong></span> <span class='ocrx_word' id='word_1_569' title='bbox 2229 665 2469 732; x_wconf 75' lang='grc' dir='ltr'><strong>ἠρώτων</strong></span> <span class='ocrx_word' id='word_1_570' title='bbox 2496 669 2681 722; x_wconf 83' lang='grc' dir='ltr'><strong>αὐτὸν</strong></span> <span class='ocrx_word' id='word_1_571' title='bbox 2719 671 2969 740; x_wconf 88' lang='grc' dir='ltr'><strong>σημεῖον</strong></span> <span class='ocrx_word' id='word_1_572' title='bbox 3011 673 3078 727; x_wconf 81' lang='grc' dir='ltr'><strong>ἐκ</strong></span> <span class='ocrx_word' id='word_1_573' title='bbox 3107 673 3214 726; x_wconf 86' lang='grc' dir='ltr'><strong>τοῦ</strong></span> <span class='ocrx_word' id='word_1_574' title='bbox 3239 675 3496 742; x_wconf 82' lang='grc' dir='ltr'><strong>οὐρανοῦ</strong></span> <span class='ocrx_word' id='word_1_575' title='bbox 3521 677 3713 743; x_wconf 71' lang='grc' dir='ltr'><strong>δεῖξαι</strong></span> 
     </span>
    </p>
   </div>
   <div class='ocr_carea' id='block_1_72' title="bbox 2040 747 3714 830">
    <p class='ocr_par' dir='ltr' id='par_1_72' title="bbox 2040 747 3714 830">
     <span class='ocr_line' id='line_1_72' title="bbox 2040 747 3714 830; baseline 0.013 -32"><span class='ocrx_word' id='word_1_576' title='bbox 2040 747 2345 814; x_wconf 78' lang='grc' dir='ltr'><strong>αὺτοῖς-,⁸0</strong></span> <span class='ocrx_word' id='word_1_577' title='bbox 2377 749 2445 803; x_wconf 88' lang='grc' dir='ltr'><strong>δέ</strong></span> <span class='ocrx_word' id='word_1_578' title='bbox 2473 769 2694 821; x_wconf 72' lang='grc' dir='ltr'><strong>φησιν·</strong></span> <span class='ocrx_word' id='word_1_579' title='bbox 2737 757 2942 824; x_wconf 74' lang='grc' dir='ltr'><strong>Ὀψίας</strong></span> <span class='ocrx_word' id='word_1_580' title='bbox 2977 759 3304 828; x_wconf 73' lang='grc' dir='ltr'><strong>γενομένης</strong></span> <span class='ocrx_word' id='word_1_581' title='bbox 3338 761 3566 830; x_wconf 83' lang='grc' dir='ltr'><strong>λέγετε,</strong></span> <span class='ocrx_word' id='word_1_582' title='bbox 3597 767 3714 818; x_wconf 83' lang='grc' dir='ltr'><strong>Εὐ-</strong></span> 
     </span>
    </p>
   </div>
   <div class='ocr_carea' id='block_1_73' title="bbox 2041 830 3712 915">
    <p class='ocr_par' dir='ltr' id='par_1_73' title="bbox 2041 830 3712 915">
     <span class='ocr_line' id='line_1_73' title="bbox 2041 830 3712 915; baseline 0.009 -30"><span class='ocrx_word' id='word_1_583' title='bbox 2041 830 2176 886; x_wconf 82' lang='grc' dir='ltr'><strong>δία·</strong></span> <span class='ocrx_word' id='word_1_584' title='bbox 2215 835 2493 904; x_wconf 78' lang='grc' dir='ltr'><strong>πυρράζει</strong></span> <span class='ocrx_word' id='word_1_585' title='bbox 2526 839 2636 906; x_wconf 86' lang='grc' dir='ltr'><strong>γὰρ</strong></span> <span class='ocrx_word' id='word_1_586' title='bbox 2685 842 2718 892; x_wconf 83' lang='grc' dir='ltr'><em>ὁ</em></span> <span class='ocrx_word' id='word_1_587' title='bbox 2747 842 3029 908; x_wconf 81' lang='grc' dir='ltr'><strong>οὐρανός·</strong></span> <span class='ocrx_word' id='word_1_588' title='bbox 3079 843 3176 896; x_wconf 78' lang='grc' dir='ltr'><strong>καί</strong></span> <span class='ocrx_word' id='word_1_589' title='bbox 3219 844 3388 910; x_wconf 85' lang='grc' dir='ltr'><strong>πρωῒ,</strong></span> <span class='ocrx_word' id='word_1_590' title='bbox 3443 843 3712 915; x_wconf 84' lang='grc' dir='ltr'><strong>Σήμερον</strong></span> 
     </span>
    </p>
   </div>
   <div class='ocr_carea' id='block_1_74' title="bbox 2041 917 3712 996">
    <p class='ocr_par' dir='ltr' id='par_1_74' title="bbox 2041 917 3712 996">
     <span class='ocr_line' id='line_1_74' title="bbox 2041 917 3712 996; baseline 0.009 -27"><span class='ocrx_word' id='word_1_591' title='bbox 2041 917 2261 986; x_wconf 86' lang='grc' dir='ltr'><strong>χειμών</strong></span> <span class='ocrx_word' id='word_1_592' title='bbox 2285 934 2297 946; x_wconf 82' lang='lat'><strong>&#39;</strong></span> <span class='ocrx_word' id='word_1_593' title='bbox 2357 919 2630 987; x_wconf 66' lang='grc' dir='ltr'><strong>πυρράζει</strong></span> <span class='ocrx_word' id='word_1_594' title='bbox 2677 923 2785 992; x_wconf 81' lang='grc' dir='ltr'><strong>γὰρ</strong></span> <span class='ocrx_word' id='word_1_595' title='bbox 2832 924 3174 993; x_wconf 77' lang='grc' dir='ltr'><strong>στυγνάζων</strong></span> <span class='ocrx_word' id='word_1_596' title='bbox 3222 930 3255 980; x_wconf 83' lang='grc' dir='ltr'><strong>ό</strong></span> <span class='ocrx_word' id='word_1_597' title='bbox 3305 931 3577 996; x_wconf 81' lang='grc' dir='ltr'><strong>οὐρανός.</strong></span> <span class='ocrx_word' id='word_1_598' title='bbox 3635 930 3712 984; x_wconf 84' lang='grc' dir='ltr'><strong>Τὸ</strong></span> 
     </span>
    </p>
   </div>
   <div class='ocr_carea' id='block_1_75' title="bbox 2035 999 3712 1080">
    <p class='ocr_par' dir='ltr' id='par_1_75' title="bbox 2035 999 3712 1080">
     <span class='ocr_line' id='line_1_75' title="bbox 2035 999 3712 1080; baseline 0.01 -28"><span class='ocrx_word' id='word_1_599' title='bbox 2035 999 2152 1068; x_wconf 85' lang='grc' dir='ltr'><strong>μὲν</strong></span> <span class='ocrx_word' id='word_1_600' title='bbox 2179 1003 2503 1068; x_wconf 86' lang='grc' dir='ltr'><strong>πρόσωπον</strong></span> <span class='ocrx_word' id='word_1_601' title='bbox 2535 1004 2641 1058; x_wconf 85' lang='grc' dir='ltr'><strong>τοῦ</strong></span> <span class='ocrx_word' id='word_1_602' title='bbox 2664 1007 2922 1073; x_wconf 83' lang='grc' dir='ltr'><strong>οὐρανοῦ</strong></span> <span class='ocrx_word' id='word_1_603' title='bbox 2954 1009 3275 1077; x_wconf 76' lang='grc' dir='ltr'><strong>γινώσκετε</strong></span> <span class='ocrx_word' id='word_1_604' title='bbox 3304 1013 3618 1080; x_wconf 83' lang='grc' dir='ltr'><strong>διακρῖναι,</strong></span> <span class='ocrx_word' id='word_1_605' title='bbox 3639 1015 3712 1069; x_wconf 83' lang='grc' dir='ltr'><strong>τὰ</strong></span> 
     </span>
    </p>
   </div>
   <div class='ocr_carea' id='block_1_76' title="bbox 2040 1083 3711 1164">
    <p class='ocr_par' dir='ltr' id='par_1_76' title="bbox 2040 1083 3711 1164">
     <span class='ocr_line' id='line_1_76' title="bbox 2040 1083 3711 1164; baseline 0.008 -28"><span class='ocrx_word' id='word_1_606' title='bbox 2040 1083 2108 1136; x_wconf 81' lang='grc' dir='ltr'><strong>δὲ</strong></span> <span class='ocrx_word' id='word_1_607' title='bbox 2140 1085 2362 1154; x_wconf 84' lang='grc' dir='ltr'><strong>σημεῖα</strong></span> <span class='ocrx_word' id='word_1_608' title='bbox 2403 1085 2519 1139; x_wconf 87' lang='grc' dir='ltr'><strong>τῶν</strong></span> <span class='ocrx_word' id='word_1_609' title='bbox 2574 1088 2794 1157; x_wconf 82' lang='grc' dir='ltr'><strong>καιρῶν</strong></span> <span class='ocrx_word' id='word_1_610' title='bbox 2818 1092 2889 1143; x_wconf 85' lang='grc' dir='ltr'><strong>οὐ</strong></span> <span class='ocrx_word' id='word_1_611' title='bbox 2915 1090 3217 1155; x_wconf 84' lang='grc' dir='ltr'><strong>δύνασθε;</strong></span> <span class='ocrx_word' id='word_1_612' title='bbox 3254 1095 3444 1148; x_wconf 83' lang='grc' dir='ltr'><strong>Γενεὰ</strong></span> <span class='ocrx_word' id='word_1_613' title='bbox 3479 1096 3711 1164; x_wconf 80' lang='grc' dir='ltr'><strong>ποντιρὰ</strong></span> 
     </span>
    </p>
   </div>
   <div class='ocr_carea' id='block_1_77' title="bbox 2041 1169 3710 1245">
    <p class='ocr_par' dir='ltr' id='par_1_77' title="bbox 2041 1169 3710 1245">
     <span class='ocr_line' id='line_1_77' title="bbox 2041 1169 3710 1245; baseline 0.007 -24"><span class='ocrx_word' id='word_1_614' title='bbox 2041 1169 2138 1222; x_wconf 83' lang='grc' dir='ltr'><strong>καὶ</strong></span> <span class='ocrx_word' id='word_1_615' title='bbox 2177 1169 2457 1237; x_wconf 77' lang='grc' dir='ltr'><strong>μοιχαλὶς</strong></span> <span class='ocrx_word' id='word_1_616' title='bbox 2488 1171 2740 1239; x_wconf 85' lang='grc' dir='ltr'><strong>σημεῖον</strong></span> <span class='ocrx_word' id='word_1_617' title='bbox 2765 1171 3038 1239; x_wconf 79' lang='grc' dir='ltr'><strong>ἐπιζητεῖ,</strong></span> <span class='ocrx_word' id='word_1_618' title='bbox 3079 1177 3175 1228; x_wconf 81' lang='grc' dir='ltr'><strong>καὶ</strong></span> <span class='ocrx_word' id='word_1_619' title='bbox 3216 1177 3468 1245; x_wconf 84' lang='grc' dir='ltr'><strong>σημεῖον</strong></span> <span class='ocrx_word' id='word_1_620' title='bbox 3511 1180 3583 1232; x_wconf 85' lang='grc' dir='ltr'><strong>οὐ</strong></span> <span class='ocrx_word' id='word_1_621' title='bbox 3611 1178 3710 1232; x_wconf 71' lang='grc' dir='ltr'><strong>δοο</strong></span> 
     </span>
    </p>
   </div>
   <div class='ocr_carea' id='block_1_78' title="bbox 2040 1253 3706 1331">
    <p class='ocr_par' dir='ltr' id='par_1_78' title="bbox 2040 1253 3706 1331">
     <span class='ocr_line' id='line_1_78' title="bbox 2040 1253 3706 1331; baseline 0.005 -21"><span class='ocrx_word' id='word_1_622' title='bbox 2040 1253 2288 1322; x_wconf 79' lang='grc' dir='ltr'><strong>θήσεται</strong></span> <span class='ocrx_word' id='word_1_623' title='bbox 2313 1255 2488 1323; x_wconf 78' lang='grc' dir='ltr'><strong>αὐτῇ,</strong></span> <span class='ocrx_word' id='word_1_624' title='bbox 2509 1259 2559 1309; x_wconf 83' lang='grc' dir='ltr'><strong>εὶ</strong></span> <span class='ocrx_word' id='word_1_625' title='bbox 2583 1255 2669 1324; x_wconf 80' lang='grc' dir='ltr'><strong>μὴ</strong></span> <span class='ocrx_word' id='word_1_626' title='bbox 2686 1256 2752 1310; x_wconf 88' lang='grc' dir='ltr'><strong>τὸ</strong></span> <span class='ocrx_word' id='word_1_627' title='bbox 2779 1257 3030 1326; x_wconf 85' lang='grc' dir='ltr'><strong>σημεῖον</strong></span> <span class='ocrx_word' id='word_1_628' title='bbox 3063 1259 3230 1314; x_wconf 85' lang='grc' dir='ltr'><strong>Ἰωνᾶ</strong></span> <span class='ocrx_word' id='word_1_629' title='bbox 3250 1261 3353 1314; x_wconf 88' lang='grc' dir='ltr'><strong>τοῦ</strong></span> <span class='ocrx_word' id='word_1_630' title='bbox 3377 1262 3706 1331; x_wconf 66' lang='grc' dir='ltr'><strong>προφήτου.</strong></span> 
     </span>
    </p>
   </div>
   <div class='ocr_carea' id='block_1_79' title="bbox 2043 1337 3706 1418">
    <p class='ocr_par' dir='ltr' id='par_1_79' title="bbox 2043 1337 3706 1418">
     <span class='ocr_line' id='line_1_79' title="bbox 2043 1337 3706 1418; baseline 0.008 -30"><span class='ocrx_word' id='word_1_631' title='bbox 2043 1337 2149 1390; x_wconf 74' lang='lat' dir='ltr'><strong>Kal</strong></span> <span class='ocrx_word' id='word_1_632' title='bbox 2177 1339 2520 1393; x_wconf 79' lang='grc' dir='ltr'><strong>καταλιπὼν</strong></span> <span class='ocrx_word' id='word_1_633' title='bbox 2550 1341 2771 1406; x_wconf 83' lang='grc' dir='ltr'><strong>αὐτοὺς</strong></span> <span class='ocrx_word' id='word_1_634' title='bbox 2799 1341 3090 1410; x_wconf 75' lang='grc' dir='ltr'><strong>ἀπῆλθεν.</strong></span> <span class='ocrx_word' id='word_1_635' title='bbox 3108 1341 3165 1396; x_wconf 86' lang='grc'><strong>’0</strong></span> <span class='ocrx_word' id='word_1_636' title='bbox 3185 1343 3242 1394; x_wconf 86' lang='grc' dir='ltr'><strong>δέ</strong></span> <span class='ocrx_word' id='word_1_637' title='bbox 3265 1345 3490 1414; x_wconf 82' lang='grc' dir='ltr'><strong>Μάρκος</strong></span> <span class='ocrx_word' id='word_1_638' title='bbox 3520 1349 3706 1418; x_wconf 76' lang='grc' dir='ltr'><strong>φησὶν,</strong></span> 
     </span>
    </p>
   </div>
   <div class='ocr_carea' id='block_1_80' title="bbox 2039 1421 3709 1497">
    <p class='ocr_par' dir='ltr' id='par_1_80' title="bbox 2039 1421 3709 1497">
     <span class='ocr_line' id='line_1_80' title="bbox 2039 1421 3709 1497; baseline 0.008 -25"><span class='ocrx_word' id='word_1_639' title='bbox 2039 1421 2120 1473; x_wconf 84' lang='grc' dir='ltr'><strong>ὃτι</strong></span> <span class='ocrx_word' id='word_1_640' title='bbox 2149 1422 2551 1493; x_wconf 78' lang='grc' dir='ltr'><strong>προσελθόντων</strong></span> <span class='ocrx_word' id='word_1_641' title='bbox 2585 1425 2762 1478; x_wconf 88' lang='grc' dir='ltr'><strong>αὐτῶν</strong></span> <span class='ocrx_word' id='word_1_642' title='bbox 2807 1427 2901 1478; x_wconf 77' lang='grc' dir='ltr'><strong>καὶ</strong></span> <span class='ocrx_word' id='word_1_643' title='bbox 2931 1425 3325 1497; x_wconf 81' lang='grc' dir='ltr'><strong>συζητούντων,</strong></span> <span class='ocrx_word' id='word_1_644' title='bbox 3365 1429 3709 1485; x_wconf 81' lang='grc' dir='ltr'><strong>Ἀναστενὰ-</strong></span> 
     </span>
    </p>
   </div>
   <div class='ocr_carea' id='block_1_81' title="bbox 2040 1504 3708 1581">
    <p class='ocr_par' dir='ltr' id='par_1_81' title="bbox 2040 1504 3708 1581">
     <span class='ocr_line' id='line_1_81' title="bbox 2040 1504 3708 1581; baseline 0.006 -24"><span class='ocrx_word' id='word_1_645' title='bbox 2040 1505 2152 1570; x_wconf 78' lang='grc' dir='ltr'><strong>ξας</strong></span> <span class='ocrx_word' id='word_1_646' title='bbox 2183 1504 2263 1570; x_wconf 81' lang='grc' dir='ltr'><strong>τῷ</strong></span> <span class='ocrx_word' id='word_1_647' title='bbox 2302 1507 2592 1576; x_wconf 76' lang='grc' dir='ltr'><strong>πνεύματι</strong></span> <span class='ocrx_word' id='word_1_648' title='bbox 2629 1509 2848 1572; x_wconf 85' lang='grc' dir='ltr'><strong>αὐτοῦ,</strong></span> <span class='ocrx_word' id='word_1_649' title='bbox 2889 1507 3050 1577; x_wconf 83' lang='grc' dir='ltr'><strong>λέγει</strong></span> <span class='ocrx_word' id='word_1_650' title='bbox 3076 1524 3091 1540; x_wconf 79' lang='grc' dir='ltr'><strong>ο</strong></span> <span class='ocrx_word' id='word_1_651' title='bbox 3138 1511 3198 1563; x_wconf 86' lang='grc' dir='ltr'><strong>Τί</strong></span> <span class='ocrx_word' id='word_1_652' title='bbox 3235 1511 3274 1578; x_wconf 78' lang='grc' dir='ltr'>ἡ</span> <span class='ocrx_word' id='word_1_653' title='bbox 3321 1513 3497 1579; x_wconf 85' lang='grc' dir='ltr'><strong>γενεὰ</strong></span> <span class='ocrx_word' id='word_1_654' title='bbox 3555 1513 3708 1581; x_wconf 84' lang='grc' dir='ltr'><strong>αὕτη</strong></span> 
     </span>
    </p>
   </div>
   <div class='ocr_carea' id='block_1_82' title="bbox 2039 1589 3708 1670">
    <p class='ocr_par' dir='ltr' id='par_1_82' title="bbox 2039 1589 3708 1670">
     <span class='ocr_line' id='line_1_82' title="bbox 2039 1589 3708 1670; baseline 0.005 -29"><span class='ocrx_word' id='word_1_655' title='bbox 2039 1589 2298 1658; x_wconf 74' lang='grc' dir='ltr'><strong>σημεῖον</strong></span> <span class='ocrx_word' id='word_1_656' title='bbox 2339 1590 2634 1658; x_wconf 78' lang='grc' dir='ltr'><strong>ἑπιζητεῖ;</strong></span> <span class='ocrx_word' id='word_1_657' title='bbox 2677 1593 2933 1661; x_wconf 84' lang='grc' dir='ltr'><strong>Καίτοιγε</strong></span> <span class='ocrx_word' id='word_1_658' title='bbox 2976 1593 3148 1664; x_wconf 72' lang='grc' dir='ltr'><strong>ὀργῆς</strong></span> <span class='ocrx_word' id='word_1_659' title='bbox 3181 1594 3308 1658; x_wconf 81' lang='grc' dir='ltr'><strong>ἀξία</strong></span> <span class='ocrx_word' id='word_1_660' title='bbox 3362 1599 3395 1668; x_wconf 88' lang='grc' dir='ltr'><strong>ή</strong></span> <span class='ocrx_word' id='word_1_661' title='bbox 3441 1597 3708 1670; x_wconf 89' lang='grc' dir='ltr'><strong>ἐρώτησις</strong></span> 
     </span>
    </p>
   </div>
   <div class='ocr_carea' id='block_1_83' title="bbox 2041 1674 3708 1752">
    <p class='ocr_par' dir='ltr' id='par_1_83' title="bbox 2041 1674 3708 1752">
     <span class='ocr_line' id='line_1_83' title="bbox 2041 1674 3708 1752; baseline 0.005 -26"><span class='ocrx_word' id='word_1_662' title='bbox 2041 1675 2134 1726; x_wconf 80' lang='grc' dir='ltr'><strong>καί</strong></span> <span class='ocrx_word' id='word_1_663' title='bbox 2183 1674 2608 1742; x_wconf 85' lang='grc' dir='ltr'><strong>ἀγανακτήσεως</strong></span> <span class='ocrx_word' id='word_1_664' title='bbox 2628 1691 2642 1703; x_wconf 86' lang='grc'><strong>·</strong></span> <span class='ocrx_word' id='word_1_665' title='bbox 2674 1674 2788 1728; x_wconf 84' lang='grc' dir='ltr'><strong>ἀλλ’</strong></span> <span class='ocrx_word' id='word_1_666' title='bbox 2817 1675 2966 1745; x_wconf 85' lang='grc' dir='ltr'><strong>ὅμως</strong></span> <span class='ocrx_word' id='word_1_667' title='bbox 2996 1677 3024 1729; x_wconf 84' lang='grc' dir='ltr'><strong>ό</strong></span> <span class='ocrx_word' id='word_1_668' title='bbox 3052 1677 3432 1749; x_wconf 89' lang='grc' dir='ltr'><strong>φιλάνθρωπος</strong></span> <span class='ocrx_word' id='word_1_669' title='bbox 3469 1682 3563 1734; x_wconf 70' lang='grc' dir='ltr'><strong>καὶ</strong></span> <span class='ocrx_word' id='word_1_670' title='bbox 3608 1699 3708 1752; x_wconf 86' lang='grc' dir='ltr'><strong>κη-</strong></span> 
     </span>
    </p>
   </div>
   <div class='ocr_carea' id='block_1_84' title="bbox 2037 1755 3708 1827">
    <p class='ocr_par' dir='ltr' id='par_1_84' title="bbox 2037 1755 3708 1827">
     <span class='ocr_line' id='line_1_84' title="bbox 2037 1755 3708 1827; baseline 0.005 -17"><span class='ocrx_word' id='word_1_671' title='bbox 2037 1755 2216 1826; x_wconf 87' lang='grc' dir='ltr'><strong>δεμὼν</strong></span> <span class='ocrx_word' id='word_1_672' title='bbox 2247 1757 2348 1810; x_wconf 91' lang='grc' dir='ltr'><strong>οὐκ</strong></span> <span class='ocrx_word' id='word_1_673' title='bbox 2375 1756 2674 1827; x_wconf 77' lang='grc' dir='ltr'><strong>ὀργίζεται,</strong></span> <span class='ocrx_word' id='word_1_674' title='bbox 2701 1758 2815 1810; x_wconf 83' lang='grc' dir='ltr'><strong>ἀλλ’</strong></span> <span class='ocrx_word' id='word_1_675' title='bbox 2848 1758 2986 1810; x_wconf 86' lang='grc' dir='ltr'><strong>ἐλεεῖ</strong></span> <span class='ocrx_word' id='word_1_676' title='bbox 3026 1758 3120 1812; x_wconf 76' lang='grc' dir='ltr'><strong>καὶ</strong></span> <span class='ocrx_word' id='word_1_677' title='bbox 3161 1760 3432 1824; x_wconf 75' lang='grc' dir='ltr'><strong>ταλανίζει</strong></span> <span class='ocrx_word' id='word_1_678' title='bbox 3476 1763 3571 1816; x_wconf 80' lang='grc' dir='ltr'><strong>ἆτε</strong></span> <span class='ocrx_word' id='word_1_679' title='bbox 3613 1766 3708 1819; x_wconf 88' lang='grc' dir='ltr'><strong>ἀν-</strong></span> 
     </span>
    </p>
   </div>
   <div class='ocr_carea' id='block_1_85' title="bbox 2039 1838 3708 1916">
    <p class='ocr_par' dir='ltr' id='par_1_85' title="bbox 2039 1838 3708 1916">
     <span class='ocr_line' id='line_1_85' title="bbox 2039 1838 3708 1916; baseline 0.005 -24"><span class='ocrx_word' id='word_1_680' title='bbox 2039 1838 2161 1892; x_wconf 88' lang='grc' dir='ltr'><strong>ίατα</strong></span> <span class='ocrx_word' id='word_1_681' title='bbox 2193 1839 2502 1905; x_wconf 80' lang='grc' dir='ltr'><strong>νοσοῦντας,</strong></span> <span class='ocrx_word' id='word_1_682' title='bbox 2538 1842 2632 1892; x_wconf 73' lang='grc' dir='ltr'><strong>καὶ</strong></span> <span class='ocrx_word' id='word_1_683' title='bbox 2683 1841 2820 1911; x_wconf 76' lang='grc' dir='ltr'><strong>μετὰ</strong></span> <span class='ocrx_word' id='word_1_684' title='bbox 2872 1841 3138 1913; x_wconf 85' lang='grc' dir='ltr'><strong>τοσαύτην</strong></span> <span class='ocrx_word' id='word_1_685' title='bbox 3176 1844 3449 1909; x_wconf 82' lang='grc' dir='ltr'><strong>ἀπόδειξιν</strong></span> <span class='ocrx_word' id='word_1_686' title='bbox 3482 1847 3581 1916; x_wconf 85' lang='grc' dir='ltr'><strong>τῆς</strong></span> <span class='ocrx_word' id='word_1_687' title='bbox 3611 1849 3708 1901; x_wconf 90' lang='grc' dir='ltr'><strong>αὐ-</strong></span> 
     </span>
    </p>
   </div>
   <div class='ocr_carea' id='block_1_86' title="bbox 2034 1922 3705 1999">
    <p class='ocr_par' dir='ltr' id='par_1_86' title="bbox 2034 1922 3705 1999">
     <span class='ocr_line' id='line_1_86' title="bbox 2034 1922 3705 1999; baseline 0.004 -24"><span class='ocrx_word' id='word_1_688' title='bbox 2034 1923 2127 1976; x_wconf 86' lang='grc' dir='ltr'><strong>τοῦ</strong></span> <span class='ocrx_word' id='word_1_689' title='bbox 2166 1922 2446 1994; x_wconf 77' lang='grc' dir='ltr'><strong>δυνάμεως</strong></span> <span class='ocrx_word' id='word_1_690' title='bbox 2479 1923 2834 1995; x_wconf 79' lang='grc' dir='ltr'><strong>πειράζοντας</strong></span> <span class='ocrx_word' id='word_1_691' title='bbox 2887 1926 3066 1980; x_wconf 88' lang='grc' dir='ltr'><strong>αὐτόν.</strong></span> <span class='ocrx_word' id='word_1_692' title='bbox 3127 1927 3260 1979; x_wconf 81' lang='grc' dir='ltr'><strong>Οὐδὲ</strong></span> <span class='ocrx_word' id='word_1_693' title='bbox 3289 1929 3396 1999; x_wconf 81' lang='grc' dir='ltr'><strong>γὰρ</strong></span> <span class='ocrx_word' id='word_1_694' title='bbox 3429 1929 3568 1981; x_wconf 82' lang='grc' dir='ltr'><strong>ὥστε</strong></span> <span class='ocrx_word' id='word_1_695' title='bbox 3615 1947 3705 1982; x_wconf 89' lang='grc' dir='ltr'><strong>πι-</strong></span> 
     </span>
    </p>
   </div>
   <div class='ocr_carea' id='block_1_87' title="bbox 2037 2005 3706 2083">
    <p class='ocr_par' dir='ltr' id='par_1_87' title="bbox 2037 2005 3706 2083">
     <span class='ocr_line' id='line_1_87' title="bbox 2037 2005 3706 2083; baseline 0.005 -25"><span class='ocrx_word' id='word_1_696' title='bbox 2037 2005 2258 2059; x_wconf 85' lang='grc' dir='ltr'><strong>στεῦσαι</strong></span> <span class='ocrx_word' id='word_1_697' title='bbox 2308 2006 2554 2076; x_wconf 81' lang='grc' dir='ltr'><strong>ἐζήτουν,</strong></span> <span class='ocrx_word' id='word_1_698' title='bbox 2601 2006 2716 2060; x_wconf 84' lang='grc' dir='ltr'><strong>ἀλλ’</strong></span> <span class='ocrx_word' id='word_1_699' title='bbox 2751 2007 2893 2060; x_wconf 79' lang='grc' dir='ltr'><strong>ὥστε</strong></span> <span class='ocrx_word' id='word_1_700' title='bbox 2945 2008 3314 2065; x_wconf 76' lang='grc' dir='ltr'><strong>ἐπιλαϐέσθαι.</strong></span> <span class='ocrx_word' id='word_1_701' title='bbox 3371 2013 3434 2064; x_wconf 83' lang='grc' dir='ltr'><strong>Εἰ</strong></span> <span class='ocrx_word' id='word_1_702' title='bbox 3477 2013 3586 2083; x_wconf 78' lang='grc' dir='ltr'><strong>γὰρ</strong></span> <span class='ocrx_word' id='word_1_703' title='bbox 3630 2013 3706 2078; x_wconf 88' lang='grc' dir='ltr'><strong>ώς</strong></span> 
     </span>
    </p>
   </div>
   <div class='ocr_carea' id='block_1_88' title="bbox 2038 2091 3706 2167">
    <p class='ocr_par' dir='ltr' id='par_1_88' title="bbox 2038 2091 3706 2167">
     <span class='ocr_line' id='line_1_88' title="bbox 2038 2091 3706 2167; baseline 0.005 -23"><span class='ocrx_word' id='word_1_704' title='bbox 2038 2091 2419 2156; x_wconf 87' lang='grc' dir='ltr'><strong>πιστεύσοντες</strong></span> <span class='ocrx_word' id='word_1_705' title='bbox 2469 2092 2792 2164; x_wconf 85' lang='grc' dir='ltr'><strong>προσῆλθον,</strong></span> <span class='ocrx_word' id='word_1_706' title='bbox 2823 2093 3020 2147; x_wconf 79' lang='grc' dir='ltr'><strong>ἔδωκεν</strong></span> <span class='ocrx_word' id='word_1_707' title='bbox 3052 2094 3211 2148; x_wconf 82' lang='grc' dir='ltr'><strong>ἄν.⁹Ο</strong></span> <span class='ocrx_word' id='word_1_708' title='bbox 3245 2097 3352 2167; x_wconf 76' lang='grc' dir='ltr'><strong>γὰρ</strong></span> <span class='ocrx_word' id='word_1_709' title='bbox 3386 2099 3450 2166; x_wconf 80' lang='grc' dir='ltr'><strong>τῇ</strong></span> <span class='ocrx_word' id='word_1_710' title='bbox 3487 2102 3706 2166; x_wconf 77' lang='grc' dir='ltr'><strong>γυναικὶ</strong></span> 
     </span>
    </p>
   </div>
   <div class='ocr_carea' id='block_1_89' title="bbox 2037 2175 3707 2252">
    <p class='ocr_par' dir='ltr' id='par_1_89' title="bbox 2037 2175 3707 2252">
     <span class='ocr_line' id='line_1_89' title="bbox 2037 2175 3707 2252; baseline 0.004 -24"><span class='ocrx_word' id='word_1_711' title='bbox 2037 2175 2228 2238; x_wconf 84' lang='grc' dir='ltr'><strong>εἰπὼν,</strong></span> <span class='ocrx_word' id='word_1_712' title='bbox 2263 2179 2384 2230; x_wconf 81' lang='grc' dir='ltr'><strong>Οὐκ</strong></span> <span class='ocrx_word' id='word_1_713' title='bbox 2414 2177 2545 2230; x_wconf 80' lang='grc' dir='ltr'><strong>ἐστι</strong></span> <span class='ocrx_word' id='word_1_714' title='bbox 2571 2177 2785 2244; x_wconf 81' lang='grc' dir='ltr'><strong>καλὸν,</strong></span> <span class='ocrx_word' id='word_1_715' title='bbox 2815 2180 2909 2233; x_wconf 81' lang='grc' dir='ltr'><strong>καὶ</strong></span> <span class='ocrx_word' id='word_1_716' title='bbox 2957 2179 3096 2248; x_wconf 87' lang='grc' dir='ltr'><strong>μετὰ</strong></span> <span class='ocrx_word' id='word_1_717' title='bbox 3143 2179 3314 2234; x_wconf 88' lang='grc' dir='ltr'><strong>ταῦτα</strong></span> <span class='ocrx_word' id='word_1_718' title='bbox 3351 2183 3495 2247; x_wconf 80' lang='grc' dir='ltr'><strong>δοὺς,</strong></span> <span class='ocrx_word' id='word_1_719' title='bbox 3525 2181 3707 2252; x_wconf 90' lang='grc' dir='ltr'><strong>πολλῷ</strong></span> 
     </span>
    </p>
   </div>
   <div class='ocr_carea' id='block_1_90' title="bbox 2042 2260 3704 2337">
    <p class='ocr_par' dir='ltr' id='par_1_90' title="bbox 2042 2260 3704 2337">
     <span class='ocr_line' id='line_1_90' title="bbox 2042 2260 3704 2337; baseline 0.004 -23"><span class='ocrx_word' id='word_1_720' title='bbox 2042 2260 2240 2330; x_wconf 85' lang='grc' dir='ltr'><strong>μᾶλλον</strong></span> <span class='ocrx_word' id='word_1_721' title='bbox 2269 2260 2334 2314; x_wconf 83' lang='grc' dir='ltr'><strong>ἂν</strong></span> <span class='ocrx_word' id='word_1_722' title='bbox 2375 2260 2582 2323; x_wconf 84' lang='grc' dir='ltr'><strong>τούτοις</strong></span> <span class='ocrx_word' id='word_1_723' title='bbox 2611 2261 3058 2331; x_wconf 82' lang='grc' dir='ltr'><strong>παρέσχεν.Ἀλλ’</strong></span> <span class='ocrx_word' id='word_1_724' title='bbox 3093 2265 3278 2337; x_wconf 84' lang='grc' dir='ltr'><strong>ἐπειδὴ</strong></span> <span class='ocrx_word' id='word_1_725' title='bbox 3310 2267 3369 2320; x_wconf 91' lang='grc' dir='ltr'><strong>οὐ</strong></span> <span class='ocrx_word' id='word_1_726' title='bbox 3415 2265 3704 2320; x_wconf 89' lang='grc' dir='ltr'><strong>πιστεῦσαι</strong></span> 
     </span>
    </p>
   </div>
   <div class='ocr_carea' id='block_1_91' title="bbox 2039 2345 3702 2422">
    <p class='ocr_par' dir='ltr' id='par_1_91' title="bbox 2039 2345 3702 2422">
     <span class='ocr_line' id='line_1_91' title="bbox 2039 2345 3702 2422; baseline 0.005 -24"><span class='ocrx_word' id='word_1_727' title='bbox 2039 2346 2296 2417; x_wconf 73' lang='grc' dir='ltr'><strong>ἐζήτουν,</strong></span> <span class='ocrx_word' id='word_1_728' title='bbox 2338 2345 2426 2399; x_wconf 85' lang='grc' dir='ltr'><strong>διὰ</strong></span> <span class='ocrx_word' id='word_1_729' title='bbox 2473 2345 2632 2399; x_wconf 88' lang='grc' dir='ltr'><strong>τοῦτο</strong></span> <span class='ocrx_word' id='word_1_730' title='bbox 2680 2347 2776 2401; x_wconf 74' lang='grc' dir='ltr'><strong>καὶ</strong></span> <span class='ocrx_word' id='word_1_731' title='bbox 2810 2349 3106 2420; x_wconf 85' lang='grc' dir='ltr'><strong>ὑποκριτὰς</strong></span> <span class='ocrx_word' id='word_1_732' title='bbox 3150 2351 3375 2422; x_wconf 86' lang='grc' dir='ltr'><strong>ἑτέρωθι</strong></span> <span class='ocrx_word' id='word_1_733' title='bbox 3413 2352 3584 2416; x_wconf 87' lang='grc' dir='ltr'><strong>καλεῖ,</strong></span> <span class='ocrx_word' id='word_1_734' title='bbox 3621 2353 3702 2407; x_wconf 82' lang='grc' dir='ltr'><strong>ὅτι</strong></span> 
     </span>
    </p>
   </div>
   <div class='ocr_carea' id='block_1_92' title="bbox 2037 2430 3703 2505">
    <p class='ocr_par' dir='ltr' id='par_1_92' title="bbox 2037 2430 3703 2505">
     <span class='ocr_line' id='line_1_92' title="bbox 2037 2430 3703 2505; baseline 0.005 -23"><span class='ocrx_word' id='word_1_735' title='bbox 2037 2430 2201 2500; x_wconf 82' lang='grc' dir='ltr'><strong>ἐτερα</strong></span> <span class='ocrx_word' id='word_1_736' title='bbox 2235 2431 2331 2501; x_wconf 85' lang='grc' dir='ltr'><strong>μὲν</strong></span> <span class='ocrx_word' id='word_1_737' title='bbox 2358 2430 2562 2498; x_wconf 76' lang='grc' dir='ltr'><strong>ἔλεγον,</strong></span> <span class='ocrx_word' id='word_1_738' title='bbox 2589 2430 2750 2501; x_wconf 85' lang='grc' dir='ltr'><strong>ἑτερα</strong></span> <span class='ocrx_word' id='word_1_739' title='bbox 2779 2432 2834 2484; x_wconf 89' lang='grc' dir='ltr'><strong>δέ</strong></span> <span class='ocrx_word' id='word_1_740' title='bbox 2863 2433 3140 2505; x_wconf 82' lang='grc' dir='ltr'><strong>ἐφρόνουν.</strong></span> <span class='ocrx_word' id='word_1_741' title='bbox 3165 2437 3226 2488; x_wconf 84' lang='grc' dir='ltr'><strong>Εἰ</strong></span> <span class='ocrx_word' id='word_1_742' title='bbox 3257 2436 3364 2505; x_wconf 87' lang='grc' dir='ltr'><strong>γὰρ</strong></span> <span class='ocrx_word' id='word_1_743' title='bbox 3397 2437 3703 2500; x_wconf 82' lang='grc' dir='ltr'><strong>ἐπίστευον,</strong></span> 
     </span>
    </p>
   </div>
   <div class='ocr_carea' id='block_1_93' title="bbox 2037 2515 3704 2588">
    <p class='ocr_par' dir='ltr' id='par_1_93' title="bbox 2037 2515 3704 2588">
     <span class='ocr_line' id='line_1_93' title="bbox 2037 2515 3704 2588; baseline 0.004 -20"><span class='ocrx_word' id='word_1_744' title='bbox 2037 2515 2144 2568; x_wconf 85' lang='grc' dir='ltr'><strong>οὐδ’</strong></span> <span class='ocrx_word' id='word_1_745' title='bbox 2178 2515 2243 2568; x_wconf 87' lang='grc' dir='ltr'><strong>ἂν</strong></span> <span class='ocrx_word' id='word_1_746' title='bbox 2275 2515 2504 2585; x_wconf 69' lang='grc' dir='ltr'><strong>ᾔτησαν.</strong></span> <span class='ocrx_word' id='word_1_747' title='bbox 2543 2516 2653 2569; x_wconf 87' lang='lat' dir='ltr'><strong>Kal</strong></span> <span class='ocrx_word' id='word_1_748' title='bbox 2683 2515 2946 2586; x_wconf 87' lang='grc' dir='ltr'><strong>ἑτέρωθεν</strong></span> <span class='ocrx_word' id='word_1_749' title='bbox 2997 2519 3054 2572; x_wconf 81' lang='grc' dir='ltr'><strong>δὲ</strong></span> <span class='ocrx_word' id='word_1_750' title='bbox 3101 2520 3256 2588; x_wconf 86' lang='grc' dir='ltr'><strong>δῆλον</strong></span> <span class='ocrx_word' id='word_1_751' title='bbox 3277 2562 3292 2587; x_wconf 96' lang='grc'><strong>,</strong></span> <span class='ocrx_word' id='word_1_752' title='bbox 3337 2521 3419 2574; x_wconf 85' lang='grc' dir='ltr'><strong>ὃτι</strong></span> <span class='ocrx_word' id='word_1_753' title='bbox 3454 2522 3553 2574; x_wconf 90' lang='grc' dir='ltr'><strong>οὐκ</strong></span> <span class='ocrx_word' id='word_1_754' title='bbox 3583 2521 3704 2574; x_wconf 83' lang='grc' dir='ltr'><strong>ἐπί-</strong></span> 
     </span>
    </p>
   </div>
   <div class='ocr_carea' id='block_1_94' title="bbox 2041 2593 3704 2675">
    <p class='ocr_par' dir='ltr' id='par_1_94' title="bbox 2041 2593 3704 2675">
     <span class='ocr_line' id='line_1_94' title="bbox 2041 2593 3704 2675; baseline 0.004 -23"><span class='ocrx_word' id='word_1_755' title='bbox 2041 2616 2253 2652; x_wconf 73' lang='grc' dir='ltr'><strong>στευονο</strong></span> <span class='ocrx_word' id='word_1_756' title='bbox 2284 2601 2364 2653; x_wconf 75' lang='grc' dir='ltr'><strong>ὅτι</strong></span> <span class='ocrx_word' id='word_1_757' title='bbox 2392 2599 2806 2670; x_wconf 83' lang='grc' dir='ltr'><strong>ἐπιτιμηθέντες</strong></span> <span class='ocrx_word' id='word_1_758' title='bbox 2833 2602 2925 2654; x_wconf 76' lang='grc' dir='ltr'><strong>καὶ</strong></span> <span class='ocrx_word' id='word_1_759' title='bbox 2950 2593 3312 2672; x_wconf 70' lang='grc' dir='ltr'><strong>ἐλεγχθέντες,</strong></span> <span class='ocrx_word' id='word_1_760' title='bbox 3349 2605 3408 2658; x_wconf 91' lang='grc' dir='ltr'><strong>οὐ</strong></span> <span class='ocrx_word' id='word_1_761' title='bbox 3439 2605 3704 2675; x_wconf 68' lang='grc' dir='ltr'><strong>παρέμειυ</strong></span> 
     </span>
    </p>
   </div>
   <div class='ocr_carea' id='block_1_95' title="bbox 2039 2679 3699 2759">
    <p class='ocr_par' dir='ltr' id='par_1_95' title="bbox 2039 2679 3699 2759">
     <span class='ocr_line' id='line_1_95' title="bbox 2039 2679 3699 2759; baseline 0.004 -23"><span class='ocrx_word' id='word_1_762' title='bbox 2039 2701 2158 2749; x_wconf 88' lang='grc' dir='ltr'><strong>ναν,</strong></span> <span class='ocrx_word' id='word_1_763' title='bbox 2189 2683 2308 2737; x_wconf 84' lang='grc' dir='ltr'><strong>οὐδέ</strong></span> <span class='ocrx_word' id='word_1_764' title='bbox 2354 2679 2525 2746; x_wconf 78' lang='grc' dir='ltr'><strong>εἷπον,</strong></span> <span class='ocrx_word' id='word_1_765' title='bbox 2562 2684 2642 2736; x_wconf 87' lang='grc' dir='ltr'><strong>ὃτι</strong></span> <span class='ocrx_word' id='word_1_766' title='bbox 2678 2683 3000 2754; x_wconf 85' lang='grc' dir='ltr'><strong>Ἀγνοοῦμεν</strong></span> <span class='ocrx_word' id='word_1_767' title='bbox 3043 2686 3138 2739; x_wconf 73' lang='grc' dir='ltr'><strong>καὶ</strong></span> <span class='ocrx_word' id='word_1_768' title='bbox 3189 2687 3378 2757; x_wconf 86' lang='grc' dir='ltr'><strong>μαθεῖν</strong></span> <span class='ocrx_word' id='word_1_769' title='bbox 3413 2687 3699 2759; x_wconf 79' lang='grc' dir='ltr'><strong>ζητοῦμεν.</strong></span> 
     </span>
    </p>
   </div>
   <div class='ocr_carea' id='block_1_96' title="bbox 2041 2766 3704 2843">
    <p class='ocr_par' dir='ltr' id='par_1_96' title="bbox 2041 2766 3704 2843">
     <span class='ocr_line' id='line_1_96' title="bbox 2041 2766 3704 2843; baseline 0.004 -23"><span class='ocrx_word' id='word_1_770' title='bbox 2041 2769 2105 2820; x_wconf 88' lang='grc' dir='ltr'><strong>Τί</strong></span> <span class='ocrx_word' id='word_1_771' title='bbox 2131 2767 2186 2820; x_wconf 83' lang='grc' dir='ltr'><strong>δὲ</strong></span> <span class='ocrx_word' id='word_1_772' title='bbox 2217 2770 2439 2838; x_wconf 89' lang='grc' dir='ltr'><strong>σημεῖον</strong></span> <span class='ocrx_word' id='word_1_773' title='bbox 2466 2768 2529 2819; x_wconf 90' lang='grc' dir='ltr'><strong>ἐκ</strong></span> <span class='ocrx_word' id='word_1_774' title='bbox 2557 2766 2649 2820; x_wconf 83' lang='grc' dir='ltr'><strong>τοῦ</strong></span> <span class='ocrx_word' id='word_1_775' title='bbox 2684 2769 2911 2838; x_wconf 88' lang='grc' dir='ltr'><strong>οὐρανοῦ</strong></span> <span class='ocrx_word' id='word_1_776' title='bbox 2939 2769 3098 2840; x_wconf 74' lang='grc' dir='ltr'><strong>ᾔτουν</strong></span> <span class='ocrx_word' id='word_1_777' title='bbox 3123 2788 3138 2836; x_wconf 90' lang='lat'><strong>;</strong></span> <span class='ocrx_word' id='word_1_778' title='bbox 3179 2773 3247 2824; x_wconf 87' lang='grc' dir='ltr'><strong><em>Ἥ</em></strong></span> <span class='ocrx_word' id='word_1_779' title='bbox 3279 2772 3368 2824; x_wconf 82' lang='grc' dir='ltr'><strong>τὸν</strong></span> <span class='ocrx_word' id='word_1_780' title='bbox 3398 2771 3546 2842; x_wconf 76' lang='grc' dir='ltr'><strong>ἥλιον</strong></span> <span class='ocrx_word' id='word_1_781' title='bbox 3577 2775 3704 2843; x_wconf 82' lang='grc' dir='ltr'><strong>στῆ-</strong></span> 
     </span>
    </p>
   </div>
   <div class='ocr_carea' id='block_1_97' title="bbox 2041 2849 3703 2925">
    <p class='ocr_par' dir='ltr' id='par_1_97' title="bbox 2041 2849 3703 2925">
     <span class='ocr_line' id='line_1_97' title="bbox 2041 2849 3703 2925; baseline 0.005 -23"><span class='ocrx_word' id='word_1_782' title='bbox 2041 2867 2168 2911; x_wconf 87' lang='grc' dir='ltr'><strong>σαι,</strong></span> <span class='ocrx_word' id='word_1_783' title='bbox 2205 2850 2236 2920; x_wconf 85' lang='grc' dir='ltr'>ἢ</span> <span class='ocrx_word' id='word_1_784' title='bbox 2281 2849 2379 2920; x_wconf 78' lang='grc' dir='ltr'><strong>τὴν</strong></span> <span class='ocrx_word' id='word_1_785' title='bbox 2426 2850 2655 2921; x_wconf 83' lang='grc' dir='ltr'><strong>σελήνην</strong></span> <span class='ocrx_word' id='word_1_786' title='bbox 2687 2851 3001 2920; x_wconf 85' lang='grc' dir='ltr'><strong>χαλινῶσαι,</strong></span> <span class='ocrx_word' id='word_1_787' title='bbox 3035 2853 3068 2925; x_wconf 75' lang='grc' dir='ltr'><strong>ἢ</strong></span> <span class='ocrx_word' id='word_1_788' title='bbox 3101 2854 3398 2924; x_wconf 82' lang='grc' dir='ltr'><strong>κεραυνοὺς</strong></span> <span class='ocrx_word' id='word_1_789' title='bbox 3442 2872 3703 2925; x_wconf 88' lang='grc' dir='ltr'><strong>κατενεγ-</strong></span> 
     </span>
    </p>
   </div>
   <div class='ocr_carea' id='block_1_98' title="bbox 2039 2937 3704 3008">
    <p class='ocr_par' dir='ltr' id='par_1_98' title="bbox 2039 2937 3704 3008">
     <span class='ocr_line' id='line_1_98' title="bbox 2039 2937 3704 3008; baseline 0.002 -19"><span class='ocrx_word' id='word_1_790' title='bbox 2039 2940 2175 3003; x_wconf 87' lang='grc' dir='ltr'><strong>κεῖν,</strong></span> <span class='ocrx_word' id='word_1_791' title='bbox 2210 2937 2242 3007; x_wconf 82' lang='grc' dir='ltr'><strong>ἢ</strong></span> <span class='ocrx_word' id='word_1_792' title='bbox 2273 2937 2364 2989; x_wconf 75' lang='grc' dir='ltr'><strong>τὸν</strong></span> <span class='ocrx_word' id='word_1_793' title='bbox 2389 2938 2525 3008; x_wconf 82' lang='grc' dir='ltr'><strong>ἀέρα</strong></span> <span class='ocrx_word' id='word_1_794' title='bbox 2556 2937 2952 3008; x_wconf 81' lang='grc' dir='ltr'><strong>μεταόαλεῖν,ἢ</strong></span> <span class='ocrx_word' id='word_1_795' title='bbox 2984 2937 3111 2991; x_wconf 76' lang='grc' dir='ltr'><strong>ἄλλο</strong></span> <span class='ocrx_word' id='word_1_796' title='bbox 3141 2955 3192 2991; x_wconf 89' lang='grc' dir='ltr'><strong>τι</strong></span> <span class='ocrx_word' id='word_1_797' title='bbox 3227 2937 3488 2993; x_wconf 87' lang='grc' dir='ltr'><strong>τοιοῦτον.</strong></span> <span class='ocrx_word' id='word_1_798' title='bbox 3517 2941 3582 2993; x_wconf 90' lang='grc' dir='ltr'><strong>Τί</strong></span> <span class='ocrx_word' id='word_1_799' title='bbox 3609 2958 3704 2995; x_wconf 87' lang='grc' dir='ltr'><strong>ουν</strong></span> 
     </span>
    </p>
   </div>
   <div class='ocr_carea' id='block_1_99' title="bbox 2041 3019 3704 3091">
    <p class='ocr_par' dir='ltr' id='par_1_99' title="bbox 2041 3019 3704 3091">
     <span class='ocr_line' id='line_1_99' title="bbox 2041 3019 3704 3091; baseline 0.002 -17"><span class='ocrx_word' id='word_1_800' title='bbox 2041 3021 2175 3091; x_wconf 77' lang='grc' dir='ltr'><strong>πρὸς</strong></span> <span class='ocrx_word' id='word_1_801' title='bbox 2212 3020 2386 3073; x_wconf 87' lang='grc' dir='ltr'><strong>ταῦτα</strong></span> <span class='ocrx_word' id='word_1_802' title='bbox 2429 3020 2622 3088; x_wconf 88' lang='grc' dir='ltr'><strong>αὐτός;</strong></span> <span class='ocrx_word' id='word_1_803' title='bbox 2677 3019 2747 3074; x_wconf 84' lang='grc' dir='ltr'><strong>Τὸ</strong></span> <span class='ocrx_word' id='word_1_804' title='bbox 2782 3019 2898 3089; x_wconf 90' lang='grc' dir='ltr'><strong>μὲν</strong></span> <span class='ocrx_word' id='word_1_805' title='bbox 2931 3023 3252 3090; x_wconf 88' lang='grc' dir='ltr'><strong>πρόσωπον</strong></span> <span class='ocrx_word' id='word_1_806' title='bbox 3294 3021 3400 3076; x_wconf 88' lang='grc' dir='ltr'><strong>τοῦ</strong></span> <span class='ocrx_word' id='word_1_807' title='bbox 3444 3025 3704 3091; x_wconf 86' lang='grc' dir='ltr'><strong>οὐρανοῦ</strong></span> 
     </span>
    </p>
   </div>
   <div class='ocr_carea' id='block_1_100' title="bbox 2039 3103 3704 3174">
    <p class='ocr_par' dir='ltr' id='par_1_100' title="bbox 2039 3103 3704 3174">
     <span class='ocr_line' id='line_1_100' title="bbox 2039 3103 3704 3174; baseline 0.002 -19"><span class='ocrx_word' id='word_1_808' title='bbox 2039 3104 2362 3172; x_wconf 76' lang='grc' dir='ltr'><strong>γινώσκετε</strong></span> <span class='ocrx_word' id='word_1_809' title='bbox 2399 3103 2743 3171; x_wconf 82' lang='grc' dir='ltr'><strong>διακρίνειν,</strong></span> <span class='ocrx_word' id='word_1_810' title='bbox 2773 3103 2844 3156; x_wconf 86' lang='grc' dir='ltr'><strong>τὰ</strong></span> <span class='ocrx_word' id='word_1_811' title='bbox 2887 3103 2955 3157; x_wconf 83' lang='grc' dir='ltr'><strong>δὲ</strong></span> <span class='ocrx_word' id='word_1_812' title='bbox 2999 3103 3216 3174; x_wconf 87' lang='grc' dir='ltr'><strong>σημεῖα</strong></span> <span class='ocrx_word' id='word_1_813' title='bbox 3250 3104 3368 3159; x_wconf 85' lang='grc' dir='ltr'><strong>τῶν</strong></span> <span class='ocrx_word' id='word_1_814' title='bbox 3392 3106 3608 3174; x_wconf 85' lang='grc' dir='ltr'><strong>καιρῶν</strong></span> <span class='ocrx_word' id='word_1_815' title='bbox 3633 3108 3704 3160; x_wconf 89' lang='grc' dir='ltr'><strong>οὐ</strong></span> 
     </span>
    </p>
   </div>
   <div class='ocr_carea' id='block_1_101' title="bbox 2038 3188 3705 3260">
    <p class='ocr_par' dir='ltr' id='par_1_101' title="bbox 2038 3188 3705 3260">
     <span class='ocr_line' id='line_1_101' title="bbox 2038 3188 3705 3260; baseline 0 -18"><span class='ocrx_word' id='word_1_816' title='bbox 2038 3189 2338 3252; x_wconf 79' lang='grc' dir='ltr'><strong>δύνασθε;</strong></span> <span class='ocrx_word' id='word_1_817' title='bbox 2375 3190 2569 3260; x_wconf 83' lang='grc' dir='ltr'><strong>Ὀρᾶτε</strong></span> <span class='ocrx_word' id='word_1_818' title='bbox 2613 3188 2711 3259; x_wconf 78' lang='grc' dir='ltr'><strong>τὴν</strong></span> <span class='ocrx_word' id='word_1_819' title='bbox 2763 3189 3041 3259; x_wconf 84' lang='grc' dir='ltr'><strong>πραότητα</strong></span> <span class='ocrx_word' id='word_1_820' title='bbox 3085 3189 3178 3242; x_wconf 81' lang='grc' dir='ltr'><strong>καὶ</strong></span> <span class='ocrx_word' id='word_1_821' title='bbox 3223 3188 3323 3259; x_wconf 85' lang='grc' dir='ltr'><strong>τὴν</strong></span> <span class='ocrx_word' id='word_1_822' title='bbox 3364 3189 3705 3258; x_wconf 70' lang='grc' dir='ltr'><strong>ἐπιείκειανς</strong></span> 
     </span>
    </p>
   </div>
   <div class='ocr_carea' id='block_1_102' title="bbox 2039 3271 3704 3345">
    <p class='ocr_par' dir='ltr' id='par_1_102' title="bbox 2039 3271 3704 3345">
     <span class='ocr_line' id='line_1_102' title="bbox 2039 3271 3704 3345; baseline 0.008 -27"><span class='ocrx_word' id='word_1_823' title='bbox 2039 3274 2172 3327; x_wconf 69' lang='grc' dir='ltr'><strong>οὐδὲ</strong></span> <span class='ocrx_word' id='word_1_824' title='bbox 2224 3273 2333 3345; x_wconf 83' lang='grc' dir='ltr'><strong>γὰρ</strong></span> <span class='ocrx_word' id='word_1_825' title='bbox 2377 3273 2453 3336; x_wconf 83' lang='grc' dir='ltr'><strong>ὡς</strong></span> <span class='ocrx_word' id='word_1_826' title='bbox 2500 3272 2767 3344; x_wconf 86' lang='grc' dir='ltr'><strong>πρότερον</strong></span> <span class='ocrx_word' id='word_1_827' title='bbox 2805 3273 3078 3344; x_wconf 72' lang='grc' dir='ltr'><strong>ἠρνήσατο</strong></span> <span class='ocrx_word' id='word_1_828' title='bbox 3110 3273 3267 3343; x_wconf 89' lang='grc' dir='ltr'><strong>μόνον</strong></span> <span class='ocrx_word' id='word_1_829' title='bbox 3294 3275 3387 3327; x_wconf 79' lang='lat' dir='ltr'><strong><em>xal</em></strong></span> <span class='ocrx_word' id='word_1_830' title='bbox 3413 3271 3584 3338; x_wconf 76' lang='grc' dir='ltr'><strong>εἶπεν,</strong></span> <span class='ocrx_word' id='word_1_831' title='bbox 3617 3274 3704 3331; x_wconf 85' lang='grc' dir='ltr'><strong>Οὐ</strong></span> 
     </span>
    </p>
   </div>
   <div class='ocr_carea' id='block_1_103' title="bbox 2038 3355 3704 3432">
    <p class='ocr_par' dir='ltr' id='par_1_103' title="bbox 2038 3355 3704 3432">
     <span class='ocr_line' id='line_1_103' title="bbox 2038 3355 3704 3432; baseline 0.002 -21"><span class='ocrx_word' id='word_1_832' title='bbox 2038 3357 2359 3424; x_wconf 79' lang='grc' dir='ltr'><strong>δοθήσεται</strong></span> <span class='ocrx_word' id='word_1_833' title='bbox 2391 3356 2566 3425; x_wconf 79' lang='grc' dir='ltr'><strong>αὐτῇ,</strong></span> <span class='ocrx_word' id='word_1_834' title='bbox 2596 3355 2733 3410; x_wconf 78' lang='grc' dir='ltr'><strong>ἀλλὰ</strong></span> <span class='ocrx_word' id='word_1_835' title='bbox 2778 3359 2872 3410; x_wconf 68' lang='grc' dir='ltr'><strong>καὶ</strong></span> <span class='ocrx_word' id='word_1_836' title='bbox 2901 3356 3000 3429; x_wconf 84' lang='grc' dir='ltr'><strong>τὴν</strong></span> <span class='ocrx_word' id='word_1_837' title='bbox 3034 3359 3212 3412; x_wconf 90' lang='grc' dir='ltr'><strong>αἰτίαν</strong></span> <span class='ocrx_word' id='word_1_838' title='bbox 3239 3357 3405 3427; x_wconf 87' lang='grc' dir='ltr'><strong>λέγει,</strong></span> <span class='ocrx_word' id='word_1_839' title='bbox 3449 3359 3516 3413; x_wconf 82' lang='grc' dir='ltr'><strong>δι’</strong></span> <span class='ocrx_word' id='word_1_840' title='bbox 3544 3360 3610 3432; x_wconf 79' lang='grc' dir='ltr'><strong>ἥν</strong></span> <span class='ocrx_word' id='word_1_841' title='bbox 3641 3361 3704 3414; x_wconf 86' lang='grc' dir='ltr'><strong>οὐ</strong></span> 
     </span>
    </p>
   </div>
   <div class='ocr_carea' id='block_1_104' title="bbox 2036 3441 3701 3514">
    <p class='ocr_par' dir='ltr' id='par_1_104' title="bbox 2036 3441 3701 3514">
     <span class='ocr_line' id='line_1_104' title="bbox 2036 3441 3701 3514; baseline 0.002 -18"><span class='ocrx_word' id='word_1_842' title='bbox 2036 3443 2243 3506; x_wconf 89' lang='grc' dir='ltr'><strong>δίδωσι,</strong></span> <span class='ocrx_word' id='word_1_843' title='bbox 2271 3444 2511 3512; x_wconf 88' lang='grc' dir='ltr'><strong>καίτοιγε</strong></span> <span class='ocrx_word' id='word_1_844' title='bbox 2534 3443 2634 3512; x_wconf 87' lang='grc' dir='ltr'><strong>οὐχ</strong></span> <span class='ocrx_word' id='word_1_845' title='bbox 2657 3441 2797 3512; x_wconf 83' lang='grc' dir='ltr'><strong>ὑπὲρ</strong></span> <span class='ocrx_word' id='word_1_846' title='bbox 2823 3441 2918 3495; x_wconf 86' lang='grc' dir='ltr'><strong>τοῦ</strong></span> <span class='ocrx_word' id='word_1_847' title='bbox 2946 3442 3134 3513; x_wconf 87' lang='grc' dir='ltr'><strong>μαθεῖν</strong></span> <span class='ocrx_word' id='word_1_848' title='bbox 3154 3443 3480 3514; x_wconf 86' lang='grc' dir='ltr'><strong>ἐρωτώντων</strong></span> <span class='ocrx_word' id='word_1_849' title='bbox 3501 3446 3701 3500; x_wconf 87' lang='grc' dir='ltr'><strong>αὐτῶν.</strong></span> 
     </span>
    </p>
   </div>
   <div class='ocr_carea' id='block_1_105' title="bbox 2038 3524 3706 3600">
    <p class='ocr_par' dir='ltr' id='par_1_105' title="bbox 2038 3524 3706 3600">
     <span class='ocr_line' id='line_1_105' title="bbox 2038 3524 3706 3600; baseline 0.002 -20"><span class='ocrx_word' id='word_1_850' title='bbox 2038 3528 2134 3590; x_wconf 84' lang='grc' dir='ltr'><strong>Τίς</strong></span> <span class='ocrx_word' id='word_1_851' title='bbox 2175 3524 2268 3582; x_wconf 77' lang='grc' dir='ltr'><strong>οὖν</strong></span> <span class='ocrx_word' id='word_1_852' title='bbox 2297 3529 2330 3597; x_wconf 87' lang='grc' dir='ltr'><strong>ή</strong></span> <span class='ocrx_word' id='word_1_853' title='bbox 2359 3527 2546 3593; x_wconf 70' lang='grc' dir='ltr'><strong>αἰτίας</strong></span> <span class='ocrx_word' id='word_1_854' title='bbox 2580 3527 2790 3596; x_wconf 83' lang='grc' dir='ltr'><strong>’Ὠσπερ</strong></span> <span class='ocrx_word' id='word_1_855' title='bbox 2819 3527 2910 3580; x_wconf 80' lang='grc' dir='ltr'><strong>ἐπὶ</strong></span> <span class='ocrx_word' id='word_1_856' title='bbox 2938 3526 3031 3580; x_wconf 89' lang='grc' dir='ltr'><strong>τοῦ</strong></span> <span class='ocrx_word' id='word_1_857' title='bbox 3066 3528 3316 3597; x_wconf 83' lang='grc' dir='ltr'><strong>οὐρανοῦ,</strong></span> <span class='ocrx_word' id='word_1_858' title='bbox 3354 3529 3538 3600; x_wconf 79' lang='grc' dir='ltr'><strong>φησὶν,</strong></span> <span class='ocrx_word' id='word_1_859' title='bbox 3576 3529 3706 3584; x_wconf 78' lang='grc' dir='ltr'><strong>ἄλλο</strong></span> 
     </span>
    </p>
   </div>
   <div class='ocr_carea' id='block_1_106' title="bbox 2040 3610 3704 3682">
    <p class='ocr_par' dir='ltr' id='par_1_106' title="bbox 2040 3610 3704 3682">
     <span class='ocr_line' id='line_1_106' title="bbox 2040 3610 3704 3682; baseline 0.002 -19"><span class='ocrx_word' id='word_1_860' title='bbox 2040 3612 2139 3680; x_wconf 84' lang='grc' dir='ltr'><strong>μὲν</strong></span> <span class='ocrx_word' id='word_1_861' title='bbox 2183 3613 2407 3682; x_wconf 89' lang='grc' dir='ltr'><strong>σημεῖον</strong></span> <span class='ocrx_word' id='word_1_862' title='bbox 2447 3611 2540 3664; x_wconf 90' lang='grc' dir='ltr'><strong>τοῦ</strong></span> <span class='ocrx_word' id='word_1_863' title='bbox 2575 3610 2860 3680; x_wconf 88' lang='grc' dir='ltr'><strong>χειμῶνος,</strong></span> <span class='ocrx_word' id='word_1_864' title='bbox 2895 3611 3020 3665; x_wconf 85' lang='grc' dir='ltr'><strong>ἄλλο</strong></span> <span class='ocrx_word' id='word_1_865' title='bbox 3043 3611 3098 3664; x_wconf 85' lang='grc' dir='ltr'><strong>δὲ</strong></span> <span class='ocrx_word' id='word_1_866' title='bbox 3124 3615 3222 3682; x_wconf 88' lang='grc' dir='ltr'><strong>τῆς</strong></span> <span class='ocrx_word' id='word_1_867' title='bbox 3250 3613 3450 3676; x_wconf 87' lang='grc' dir='ltr'><strong>εὐδίας,</strong></span> <span class='ocrx_word' id='word_1_868' title='bbox 3485 3614 3579 3667; x_wconf 67' lang='grc' dir='ltr'><strong>καὶ</strong></span> <span class='ocrx_word' id='word_1_869' title='bbox 3605 3615 3704 3667; x_wconf 85' lang='grc' dir='ltr'><strong>οὐκ</strong></span> 
     </span>
    </p>
   </div>
   <div class='ocr_carea' id='block_1_107' title="bbox 2035 3693 3700 3766">
    <p class='ocr_par' dir='ltr' id='par_1_107' title="bbox 2035 3693 3700 3766">
     <span class='ocr_line' id='line_1_107' title="bbox 2035 3693 3700 3766; baseline 0.002 -20"><span class='ocrx_word' id='word_1_870' title='bbox 2035 3693 2102 3747; x_wconf 86' lang='grc' dir='ltr'><strong>ἄν</strong></span> <span class='ocrx_word' id='word_1_871' title='bbox 2131 3711 2214 3757; x_wconf 88' lang='grc' dir='ltr'><strong>τις</strong></span> <span class='ocrx_word' id='word_1_872' title='bbox 2233 3693 2296 3746; x_wconf 81' lang='grc' dir='ltr'><strong>τὸ</strong></span> <span class='ocrx_word' id='word_1_873' title='bbox 2322 3697 2544 3763; x_wconf 88' lang='grc' dir='ltr'><strong>σημεῖον</strong></span> <span class='ocrx_word' id='word_1_874' title='bbox 2578 3695 2700 3746; x_wconf 85' lang='grc' dir='ltr'><strong>ἰδὼν</strong></span> <span class='ocrx_word' id='word_1_875' title='bbox 2729 3693 2820 3746; x_wconf 87' lang='grc' dir='ltr'><strong>τοῦ</strong></span> <span class='ocrx_word' id='word_1_876' title='bbox 2845 3694 3112 3764; x_wconf 85' lang='grc' dir='ltr'><strong>χειμῶνος</strong></span> <span class='ocrx_word' id='word_1_877' title='bbox 3133 3695 3375 3766; x_wconf 77' lang='grc' dir='ltr'><strong>γαλήνην</strong></span> <span class='ocrx_word' id='word_1_878' title='bbox 3398 3694 3700 3765; x_wconf 76' lang='grc' dir='ltr'><strong>ζητήσειεν,</strong></span> 
     </span>
    </p>
   </div>
   <div class='ocr_carea' id='block_1_108' title="bbox 2035 3776 3702 3850">
    <p class='ocr_par' dir='ltr' id='par_1_108' title="bbox 2035 3776 3702 3850">
     <span class='ocr_line' id='line_1_108' title="bbox 2035 3776 3702 3850; baseline 0.003 -21"><span class='ocrx_word' id='word_1_879' title='bbox 2035 3776 2155 3829; x_wconf 85' lang='grc' dir='ltr'><strong>οὐδὲ</strong></span> <span class='ocrx_word' id='word_1_880' title='bbox 2199 3777 2257 3830; x_wconf 91' lang='grc' dir='ltr'><strong>ἑν</strong></span> <span class='ocrx_word' id='word_1_881' title='bbox 2302 3776 2512 3847; x_wconf 79' lang='grc' dir='ltr'><strong>γαλήνῃ</strong></span> <span class='ocrx_word' id='word_1_882' title='bbox 2554 3777 2733 3847; x_wconf 84' lang='grc' dir='ltr'><strong>εὐδινῇ</strong></span> <span class='ocrx_word' id='word_1_883' title='bbox 2782 3776 3060 3848; x_wconf 74' lang='grc' dir='ltr'><strong>χειμῶναο</strong></span> <span class='ocrx_word' id='word_1_884' title='bbox 3111 3778 3253 3831; x_wconf 82' lang='grc' dir='ltr'><strong>οὓτω</strong></span> <span class='ocrx_word' id='word_1_885' title='bbox 3307 3779 3401 3832; x_wconf 71' lang='grc' dir='ltr'><strong>καὶ</strong></span> <span class='ocrx_word' id='word_1_886' title='bbox 3446 3779 3536 3831; x_wconf 85' lang='grc' dir='ltr'><strong>ἐπ’</strong></span> <span class='ocrx_word' id='word_1_887' title='bbox 3566 3779 3702 3850; x_wconf 79' lang='grc' dir='ltr'><strong>ἐμοῦ</strong></span> 
     </span>
    </p>
   </div>
   <div class='ocr_carea' id='block_1_109' title="bbox 2036 3856 3703 3932">
    <p class='ocr_par' dir='ltr' id='par_1_109' title="bbox 2036 3856 3703 3932">
     <span class='ocr_line' id='line_1_109' title="bbox 2036 3856 3703 3932; baseline 0.003 -21"><span class='ocrx_word' id='word_1_888' title='bbox 2036 3859 2346 3928; x_wconf 81' lang='grc' dir='ltr'><strong>λογίζεσθαι</strong></span> <span class='ocrx_word' id='word_1_889' title='bbox 2381 3862 2506 3930; x_wconf 84' lang='grc' dir='ltr'><strong>χρή.</strong></span> <span class='ocrx_word' id='word_1_890' title='bbox 2531 3860 2722 3923; x_wconf 81' lang='grc' dir='ltr'><strong>Ἀλλος</strong></span> <span class='ocrx_word' id='word_1_891' title='bbox 2750 3860 2858 3931; x_wconf 85' lang='grc' dir='ltr'><strong>γὰρ</strong></span> <span class='ocrx_word' id='word_1_892' title='bbox 2882 3856 3034 3923; x_wconf 72' lang='grc' dir='ltr'><strong>οὗτος</strong></span> <span class='ocrx_word' id='word_1_893' title='bbox 3061 3861 3161 3931; x_wconf 79' lang='grc' dir='ltr'><strong>τῆς</strong></span> <span class='ocrx_word' id='word_1_894' title='bbox 3194 3862 3492 3932; x_wconf 87' lang='grc' dir='ltr'><strong>παρουσίας</strong></span> <span class='ocrx_word' id='word_1_895' title='bbox 3519 3863 3547 3915; x_wconf 89' lang='grc' dir='ltr'>ὁ</span> <span class='ocrx_word' id='word_1_896' title='bbox 3582 3879 3703 3916; x_wconf 67' lang='grc' dir='ltr'><strong>και.-</strong></span> 
     </span>
    </p>
   </div>
   <div class='ocr_carea' id='block_1_110' title="bbox 2039 3942 3702 4016">
    <p class='ocr_par' dir='ltr' id='par_1_110' title="bbox 2039 3942 3702 4016">
     <span class='ocr_line' id='line_1_110' title="bbox 2039 3942 3702 4016; baseline 0.003 -20"><span class='ocrx_word' id='word_1_897' title='bbox 2039 3943 2149 4014; x_wconf 83' lang='grc' dir='ltr'><strong>ρὺς,</strong></span> <span class='ocrx_word' id='word_1_898' title='bbox 2179 3942 2336 4006; x_wconf 75' lang='grc' dir='ltr'><strong>ἄλλος</strong></span> <span class='ocrx_word' id='word_1_899' title='bbox 2365 3943 2421 3996; x_wconf 85' lang='grc' dir='ltr'><strong>δέ</strong></span> <span class='ocrx_word' id='word_1_900' title='bbox 2463 3944 2492 3995; x_wconf 88' lang='grc' dir='ltr'>ὁ</span> <span class='ocrx_word' id='word_1_901' title='bbox 2529 3943 2757 4014; x_wconf 89' lang='grc' dir='ltr'><strong>μέλλων.</strong></span> <span class='ocrx_word' id='word_1_902' title='bbox 2795 3944 2943 4015; x_wconf 75' lang='grc'><strong>[5411</strong></span> <span class='ocrx_word' id='word_1_903' title='bbox 2976 3945 3089 3998; x_wconf 87' lang='grc' dir='ltr'><strong>Νῦν</strong></span> <span class='ocrx_word' id='word_1_904' title='bbox 3141 3946 3297 4016; x_wconf 87' lang='grc' dir='ltr'><strong>χρεία</strong></span> <span class='ocrx_word' id='word_1_905' title='bbox 3343 3946 3544 3999; x_wconf 84' lang='grc' dir='ltr'><strong>τούτων</strong></span> <span class='ocrx_word' id='word_1_906' title='bbox 3591 3946 3702 4001; x_wconf 89' lang='grc' dir='ltr'><strong>τῶν</strong></span> 
     </span>
    </p>
   </div>
   <div class='ocr_carea' id='block_1_111' title="bbox 2037 4027 3700 4102">
    <p class='ocr_par' dir='ltr' id='par_1_111' title="bbox 2037 4027 3700 4102">
     <span class='ocr_line' id='line_1_111' title="bbox 2037 4027 3700 4102; baseline 0.004 -24"><span class='ocrx_word' id='word_1_907' title='bbox 2037 4027 2278 4097; x_wconf 89' lang='grc' dir='ltr'><strong>σημείων</strong></span> <span class='ocrx_word' id='word_1_908' title='bbox 2306 4027 2415 4080; x_wconf 88' lang='grc' dir='ltr'><strong>τῶν</strong></span> <span class='ocrx_word' id='word_1_909' title='bbox 2443 4029 2499 4080; x_wconf 92' lang='grc' dir='ltr'><strong>ἑν</strong></span> <span class='ocrx_word' id='word_1_910' title='bbox 2529 4029 2596 4098; x_wconf 79' lang='grc' dir='ltr'><strong>τῇ</strong></span> <span class='ocrx_word' id='word_1_911' title='bbox 2623 4029 2694 4098; x_wconf 81' lang='grc' dir='ltr'><strong>γῇ</strong></span> <span class='ocrx_word' id='word_1_912' title='bbox 2713 4042 2727 4056; x_wconf 87' lang='grc'><strong>⁸</strong></span> <span class='ocrx_word' id='word_1_913' title='bbox 2759 4027 2828 4080; x_wconf 80' lang='grc' dir='ltr'><strong>τὰ</strong></span> <span class='ocrx_word' id='word_1_914' title='bbox 2855 4029 2909 4082; x_wconf 92' lang='grc' dir='ltr'><strong>δέ</strong></span> <span class='ocrx_word' id='word_1_915' title='bbox 2938 4031 2995 4082; x_wconf 87' lang='grc' dir='ltr'><strong>ἐν</strong></span> <span class='ocrx_word' id='word_1_916' title='bbox 3023 4029 3100 4100; x_wconf 83' lang='grc' dir='ltr'><strong>τῷ</strong></span> <span class='ocrx_word' id='word_1_917' title='bbox 3137 4030 3348 4102; x_wconf 82' lang='grc' dir='ltr'><strong>οὐρανῷ</strong></span> <span class='ocrx_word' id='word_1_918' title='bbox 3376 4032 3567 4101; x_wconf 82' lang='grc' dir='ltr'><strong>ἐκείνῳ</strong></span> <span class='ocrx_word' id='word_1_919' title='bbox 3608 4049 3700 4084; x_wconf 88' lang='grc' dir='ltr'><strong>τε-</strong></span> 
     </span>
    </p>
   </div>
   <div class='ocr_carea' id='block_1_112' title="bbox 2033 4109 3700 4184">
    <p class='ocr_par' dir='ltr' id='par_1_112' title="bbox 2033 4109 3700 4184">
     <span class='ocr_line' id='line_1_112' title="bbox 2033 4109 3700 4184; baseline 0.004 -22"><span class='ocrx_word' id='word_1_920' title='bbox 2033 4111 2322 4180; x_wconf 87' lang='grc' dir='ltr'><strong>ταμίευται</strong></span> <span class='ocrx_word' id='word_1_921' title='bbox 2348 4109 2428 4180; x_wconf 81' lang='grc' dir='ltr'><strong>τῷ</strong></span> <span class='ocrx_word' id='word_1_922' title='bbox 2457 4110 2656 4181; x_wconf 82' lang='grc' dir='ltr'><strong>καιρῷ.</strong></span> <span class='ocrx_word' id='word_1_923' title='bbox 2688 4109 2801 4162; x_wconf 86' lang='grc' dir='ltr'><strong>Νῦν</strong></span> <span class='ocrx_word' id='word_1_924' title='bbox 2829 4110 2905 4172; x_wconf 85' lang='grc' dir='ltr'><strong>ώς</strong></span> <span class='ocrx_word' id='word_1_925' title='bbox 2940 4113 3122 4183; x_wconf 83' lang='grc' dir='ltr'><strong>ίατρὸς</strong></span> <span class='ocrx_word' id='word_1_926' title='bbox 3163 4109 3346 4184; x_wconf 83' lang='grc' dir='ltr'><strong>ἦλθον,</strong></span> <span class='ocrx_word' id='word_1_927' title='bbox 3376 4114 3496 4167; x_wconf 90' lang='grc' dir='ltr'><strong>τότε</strong></span> <span class='ocrx_word' id='word_1_928' title='bbox 3524 4115 3600 4178; x_wconf 83' lang='grc' dir='ltr'><strong>ὡς</strong></span> <span class='ocrx_word' id='word_1_929' title='bbox 3622 4115 3700 4168; x_wconf 90' lang='grc' dir='ltr'><strong>δι-</strong></span> 
     </span>
    </p>
   </div>
   <div class='ocr_carea' id='block_1_113' title="bbox 2034 4193 3698 4268">
    <p class='ocr_par' dir='ltr' id='par_1_113' title="bbox 2034 4193 3698 4268">
     <span class='ocr_line' id='line_1_113' title="bbox 2034 4193 3698 4268; baseline 0.002 -20"><span class='ocrx_word' id='word_1_930' title='bbox 2034 4195 2242 4264; x_wconf 80' lang='grc' dir='ltr'><strong>καστὴς</strong></span> <span class='ocrx_word' id='word_1_931' title='bbox 2274 4194 2586 4265; x_wconf 86' lang='grc' dir='ltr'><strong>παρέσομαι</strong></span> <span class='ocrx_word' id='word_1_932' title='bbox 2607 4211 2620 4224; x_wconf 76' lang='grc' dir='ltr'><strong>ο</strong></span> <span class='ocrx_word' id='word_1_933' title='bbox 2651 4193 2744 4248; x_wconf 88' lang='grc' dir='ltr'><strong>νῦν</strong></span> <span class='ocrx_word' id='word_1_934' title='bbox 2763 4194 2901 4247; x_wconf 82' lang='grc' dir='ltr'><strong>ὥστε</strong></span> <span class='ocrx_word' id='word_1_935' title='bbox 2928 4195 3159 4267; x_wconf 82' lang='grc' dir='ltr'><strong>ζητῆσαι</strong></span> <span class='ocrx_word' id='word_1_936' title='bbox 3180 4196 3239 4250; x_wconf 82' lang='grc' dir='ltr'><strong>τὸ</strong></span> <span class='ocrx_word' id='word_1_937' title='bbox 3264 4197 3698 4268; x_wconf 88' lang='grc' dir='ltr'><strong>πεπλανημένον,</strong></span> 
     </span>
    </p>
   </div>
   <div class='ocr_carea' id='block_1_114' title="bbox 2032 4277 3696 4352">
    <p class='ocr_par' dir='ltr' id='par_1_114' title="bbox 2032 4277 3696 4352">
     <span class='ocr_line' id='line_1_114' title="bbox 2032 4277 3696 4352; baseline 0.001 -20"><span class='ocrx_word' id='word_1_938' title='bbox 2032 4280 2153 4332; x_wconf 83' lang='grc' dir='ltr'><strong>τότε</strong></span> <span class='ocrx_word' id='word_1_939' title='bbox 2197 4277 2337 4331; x_wconf 82' lang='grc' dir='ltr'><strong>ὥστε</strong></span> <span class='ocrx_word' id='word_1_940' title='bbox 2361 4280 2663 4348; x_wconf 83' lang='grc' dir='ltr'><strong>ἀπαιτῆσαι</strong></span> <span class='ocrx_word' id='word_1_941' title='bbox 2693 4277 2940 4340; x_wconf 89' lang='grc' dir='ltr'><strong>εὐθύνας.</strong></span> <span class='ocrx_word' id='word_1_942' title='bbox 2968 4280 3066 4333; x_wconf 85' lang='grc' dir='ltr'><strong>Διά</strong></span> <span class='ocrx_word' id='word_1_943' title='bbox 3094 4279 3253 4334; x_wconf 85' lang='grc' dir='ltr'><strong>τοῦτο</strong></span> <span class='ocrx_word' id='word_1_944' title='bbox 3296 4279 3475 4335; x_wconf 86' lang='grc' dir='ltr'><strong>λαθών</strong></span> <span class='ocrx_word' id='word_1_945' title='bbox 3499 4277 3662 4352; x_wconf 81' lang='grc' dir='ltr'><strong>ἦλθον</strong></span> <span class='ocrx_word' id='word_1_946' title='bbox 3681 4298 3696 4312; x_wconf 85' lang='grc'><strong>·</strong></span> 
     </span>
    </p>
   </div>
   <div class='ocr_carea' id='block_1_115' title="bbox 2031 4363 3699 4434">
    <p class='ocr_par' dir='ltr' id='par_1_115' title="bbox 2031 4363 3699 4434">
     <span class='ocr_line' id='line_1_115' title="bbox 2031 4363 3699 4434; baseline 0.001 -17"><span class='ocrx_word' id='word_1_947' title='bbox 2031 4365 2153 4417; x_wconf 83' lang='grc' dir='ltr'><strong>τότε</strong></span> <span class='ocrx_word' id='word_1_948' title='bbox 2203 4365 2260 4417; x_wconf 86' lang='grc' dir='ltr'><strong>δὲ</strong></span> <span class='ocrx_word' id='word_1_949' title='bbox 2309 4363 2446 4434; x_wconf 86' lang='grc' dir='ltr'><strong>μετὰ</strong></span> <span class='ocrx_word' id='word_1_950' title='bbox 2494 4363 2693 4432; x_wconf 87' lang='grc' dir='ltr'><strong>πολλῆς</strong></span> <span class='ocrx_word' id='word_1_951' title='bbox 2743 4364 2842 4432; x_wconf 80' lang='grc' dir='ltr'><strong>τῆς</strong></span> <span class='ocrx_word' id='word_1_952' title='bbox 2890 4363 3312 4434; x_wconf 82' lang='grc' dir='ltr'><strong>δημοσιεύσεως,</strong></span> <span class='ocrx_word' id='word_1_953' title='bbox 3343 4365 3435 4421; x_wconf 84' lang='grc' dir='ltr'><strong>τὸν</strong></span> <span class='ocrx_word' id='word_1_954' title='bbox 3475 4366 3699 4433; x_wconf 72' lang='grc' dir='ltr'><strong>οὐρανὸν</strong></span> 
     </span>
    </p>
   </div>
   <div class='ocr_carea' id='block_1_116' title="bbox 2034 4447 3699 4521">
    <p class='ocr_par' dir='ltr' id='par_1_116' title="bbox 2034 4447 3699 4521">
     <span class='ocr_line' id='line_1_116' title="bbox 2034 4447 3699 4521; baseline 0 -20"><span class='ocrx_word' id='word_1_955' title='bbox 2034 4448 2277 4512; x_wconf 88' lang='grc' dir='ltr'><strong>ἑλίττων,</strong></span> <span class='ocrx_word' id='word_1_956' title='bbox 2312 4448 2401 4500; x_wconf 82' lang='grc' dir='ltr'><strong>τὸν</strong></span> <span class='ocrx_word' id='word_1_957' title='bbox 2430 4448 2579 4517; x_wconf 69' lang='grc' dir='ltr'><strong>’ήλιον</strong></span> <span class='ocrx_word' id='word_1_958' title='bbox 2616 4447 3004 4517; x_wconf 86' lang='grc' dir='ltr'><strong>ἀποκρύπτων,</strong></span> <span class='ocrx_word' id='word_1_959' title='bbox 3032 4448 3130 4519; x_wconf 80' lang='grc' dir='ltr'><strong>τὴν</strong></span> <span class='ocrx_word' id='word_1_960' title='bbox 3155 4448 3382 4521; x_wconf 88' lang='grc' dir='ltr'><strong>σελήνην</strong></span> <span class='ocrx_word' id='word_1_961' title='bbox 3401 4449 3500 4502; x_wconf 90' lang='grc' dir='ltr'><strong>οὐκ</strong></span> <span class='ocrx_word' id='word_1_962' title='bbox 3517 4449 3699 4518; x_wconf 74' lang='grc' dir='ltr'><strong>ἀφιεὶς</strong></span> 
     </span>
    </p>
   </div>
   <div class='ocr_carea' id='block_1_117' title="bbox 2031 4532 3697 4606">
    <p class='ocr_par' dir='ltr' id='par_1_117' title="bbox 2031 4532 3697 4606">
     <span class='ocr_line' id='line_1_117' title="bbox 2031 4532 3697 4606; baseline 0 -18"><span class='ocrx_word' id='word_1_963' title='bbox 2031 4535 2212 4588; x_wconf 88' lang='grc' dir='ltr'><strong>δοῦναι</strong></span> <span class='ocrx_word' id='word_1_964' title='bbox 2239 4533 2300 4588; x_wconf 79' lang='grc' dir='ltr'><strong>τὸ</strong></span> <span class='ocrx_word' id='word_1_965' title='bbox 2329 4532 2461 4602; x_wconf 84' lang='grc' dir='ltr'><strong>φῶς.</strong></span> <span class='ocrx_word' id='word_1_966' title='bbox 2497 4533 2630 4586; x_wconf 88' lang='grc' dir='ltr'><strong>Τότε</strong></span> <span class='ocrx_word' id='word_1_967' title='bbox 2665 4532 2757 4586; x_wconf 76' lang='grc' dir='ltr'><strong>καὶ</strong></span> <span class='ocrx_word' id='word_1_968' title='bbox 2800 4533 2856 4586; x_wconf 86' lang='grc' dir='ltr'><strong>αἰ</strong></span> <span class='ocrx_word' id='word_1_969' title='bbox 2890 4533 3147 4603; x_wconf 88' lang='grc' dir='ltr'><strong>δυνάμεις</strong></span> <span class='ocrx_word' id='word_1_970' title='bbox 3172 4533 3280 4587; x_wconf 90' lang='grc' dir='ltr'><strong>τῶν</strong></span> <span class='ocrx_word' id='word_1_971' title='bbox 3308 4534 3550 4606; x_wconf 84' lang='grc' dir='ltr'><strong>οὐρανῶν</strong></span> <span class='ocrx_word' id='word_1_972' title='bbox 3599 4553 3697 4588; x_wconf 73' lang='grc' dir='ltr'><strong>σαο</strong></span> 
     </span>
    </p>
   </div>
   <div class='ocr_carea' id='block_1_118' title="bbox 2032 4615 3699 4690">
    <p class='ocr_par' dir='ltr' id='par_1_118' title="bbox 2032 4615 3699 4690">
     <span class='ocr_line' id='line_1_118' title="bbox 2032 4615 3699 4690; baseline -0.001 -17"><span class='ocrx_word' id='word_1_973' title='bbox 2032 4621 2402 4690; x_wconf 87' lang='grc' dir='ltr'><strong>λευθήσονται,</strong></span> <span class='ocrx_word' id='word_1_974' title='bbox 2440 4618 2534 4670; x_wconf 73' lang='grc' dir='ltr'><strong>καὶ</strong></span> <span class='ocrx_word' id='word_1_975' title='bbox 2588 4615 2870 4689; x_wconf 78' lang='grc' dir='ltr'><strong>ἀστραπήν</strong></span> <span class='ocrx_word' id='word_1_976' title='bbox 2921 4617 3134 4688; x_wconf 86' lang='grc' dir='ltr'><strong>ἀθρόως</strong></span> <span class='ocrx_word' id='word_1_977' title='bbox 3181 4620 3316 4672; x_wconf 79' lang='grc' dir='ltr'><strong>πᾶσι</strong></span> <span class='ocrx_word' id='word_1_978' title='bbox 3367 4617 3699 4688; x_wconf 86' lang='grc' dir='ltr'><strong>φαινομένην</strong></span> 
     </span>
    </p>
   </div>
   <div class='ocr_carea' id='block_1_119' title="bbox 2036 4701 3699 4776">
    <p class='ocr_par' dir='ltr' id='par_1_119' title="bbox 2036 4701 3699 4776">
     <span class='ocr_line' id='line_1_119' title="bbox 2036 4701 3699 4776; baseline -0.001 -18"><span class='ocrx_word' id='word_1_979' title='bbox 2036 4707 2335 4776; x_wconf 87' lang='grc' dir='ltr'><strong>μιμήσεται</strong></span> <span class='ocrx_word' id='word_1_980' title='bbox 2377 4704 2476 4774; x_wconf 90' lang='grc' dir='ltr'><strong>τῆς</strong></span> <span class='ocrx_word' id='word_1_981' title='bbox 2520 4701 2822 4772; x_wconf 83' lang='grc' dir='ltr'><strong>παρουσίας</strong></span> <span class='ocrx_word' id='word_1_982' title='bbox 2859 4719 2959 4772; x_wconf 89' lang='grc' dir='ltr'><strong>μου</strong></span> <span class='ocrx_word' id='word_1_983' title='bbox 3010 4705 3044 4772; x_wconf 87' lang='grc' dir='ltr'><strong>ή</strong></span> <span class='ocrx_word' id='word_1_984' title='bbox 3087 4702 3396 4770; x_wconf 85' lang='grc' dir='ltr'><strong>ἐπιφάνεια.</strong></span> <span class='ocrx_word' id='word_1_985' title='bbox 3415 4701 3554 4753; x_wconf 80' lang='grc' dir='ltr'><strong>Ἀλλ’</strong></span> <span class='ocrx_word' id='word_1_986' title='bbox 3578 4703 3699 4772; x_wconf 77' lang='grc' dir='ltr'><strong>οὐχὶ</strong></span> 
     </span>
    </p>
   </div>
   <div class='ocr_carea' id='block_1_120' title="bbox 2033 4781 3699 4856">
    <p class='ocr_par' dir='ltr' id='par_1_120' title="bbox 2033 4781 3699 4856">
     <span class='ocr_line' id='line_1_120' title="bbox 2033 4781 3699 4856; baseline -0.002 -15"><span class='ocrx_word' id='word_1_987' title='bbox 2033 4787 2128 4841; x_wconf 87' lang='grc' dir='ltr'><strong>νῦν</strong></span> <span class='ocrx_word' id='word_1_988' title='bbox 2170 4787 2372 4841; x_wconf 86' lang='grc' dir='ltr'><strong>τούτων</strong></span> <span class='ocrx_word' id='word_1_989' title='bbox 2401 4787 2428 4839; x_wconf 85' lang='grc' dir='ltr'>ὁ</span> <span class='ocrx_word' id='word_1_990' title='bbox 2457 4784 2647 4856; x_wconf 81' lang='grc' dir='ltr'><strong>καιρὸς</strong></span> <span class='ocrx_word' id='word_1_991' title='bbox 2678 4785 2787 4837; x_wconf 91' lang='grc' dir='ltr'><strong>τῶν</strong></span> <span class='ocrx_word' id='word_1_992' title='bbox 2814 4785 3054 4856; x_wconf 84' lang='grc' dir='ltr'><strong>σημείων</strong></span> <span class='ocrx_word' id='word_1_993' title='bbox 3080 4800 3093 4813; x_wconf 83' lang='grc'><em>’</em></span> <span class='ocrx_word' id='word_1_994' title='bbox 3129 4781 3290 4855; x_wconf 83' lang='grc' dir='ltr'><strong>ἦλθον</strong></span> <span class='ocrx_word' id='word_1_995' title='bbox 3338 4784 3446 4854; x_wconf 85' lang='grc' dir='ltr'><strong>γὰρ</strong></span> <span class='ocrx_word' id='word_1_996' title='bbox 3493 4785 3699 4838; x_wconf 78' lang='grc' dir='ltr'><strong>ἀποθα-</strong></span> 
     </span>
    </p>
   </div>
   <div class='ocr_carea' id='block_1_121' title="bbox 2031 4868 3700 4941">
    <p class='ocr_par' dir='ltr' id='par_1_121' title="bbox 2031 4868 3700 4941">
     <span class='ocr_line' id='line_1_121' title="bbox 2031 4868 3700 4941; baseline -0.003 -14"><span class='ocrx_word' id='word_1_997' title='bbox 2031 4877 2163 4932; x_wconf 82' lang='grc' dir='ltr'><strong>νεῖν,</strong></span> <span class='ocrx_word' id='word_1_998' title='bbox 2195 4872 2292 4926; x_wconf 77' lang='grc' dir='ltr'><strong>καὶ</strong></span> <span class='ocrx_word' id='word_1_999' title='bbox 2332 4869 2401 4924; x_wconf 85' lang='grc' dir='ltr'><strong>τὰ</strong></span> <span class='ocrx_word' id='word_1_1000' title='bbox 2440 4871 2645 4941; x_wconf 81' lang='grc' dir='ltr'><strong>ἐσχατα</strong></span> <span class='ocrx_word' id='word_1_1001' title='bbox 2679 4870 2892 4924; x_wconf 88' lang='grc' dir='ltr'><strong>παθεῖν.</strong></span> <span class='ocrx_word' id='word_1_1002' title='bbox 2933 4869 3048 4923; x_wconf 90' lang='grc' dir='ltr'><strong>Οὐκ</strong></span> <span class='ocrx_word' id='word_1_1003' title='bbox 3076 4869 3342 4938; x_wconf 74' lang='grc' dir='ltr'><strong>ἠκούσατε</strong></span> <span class='ocrx_word' id='word_1_1004' title='bbox 3365 4868 3458 4922; x_wconf 89' lang='grc' dir='ltr'><strong>τοῦ</strong></span> <span class='ocrx_word' id='word_1_1005' title='bbox 3487 4870 3700 4941; x_wconf 80' lang='grc' dir='ltr'><strong>προφή-</strong></span> 
     </span>
    </p>
   </div>
   <div class='ocr_carea' id='block_1_122' title="bbox 2031 4951 3699 5023">
    <p class='ocr_par' dir='ltr' id='par_1_122' title="bbox 2031 4951 3699 5023">
     <span class='ocr_line' id='line_1_122' title="bbox 2031 4951 3699 5023; baseline -0.001 -15"><span class='ocrx_word' id='word_1_1006' title='bbox 2031 4973 2123 5008; x_wconf 91' lang='grc' dir='ltr'><strong>του</strong></span> <span class='ocrx_word' id='word_1_1007' title='bbox 2167 4955 2415 5023; x_wconf 85' lang='grc' dir='ltr'><strong>λέγοντος</strong></span> <span class='ocrx_word' id='word_1_1008' title='bbox 2439 4973 2452 4986; x_wconf 87' lang='grc'>·</span> <span class='ocrx_word' id='word_1_1009' title='bbox 2516 4955 2638 5008; x_wconf 82' lang='grc' dir='ltr'><strong>Οὐκ</strong></span> <span class='ocrx_word' id='word_1_1010' title='bbox 2687 4953 2914 5022; x_wconf 86' lang='grc' dir='ltr'><strong>ἐρίσει,</strong></span> <span class='ocrx_word' id='word_1_1011' title='bbox 2965 4951 3109 5006; x_wconf 85' lang='grc' dir='ltr'><strong>οὐδὲ</strong></span> <span class='ocrx_word' id='word_1_1012' title='bbox 3154 4951 3512 5020; x_wconf 81' lang='grc' dir='ltr'><strong>κραυγάσει,</strong></span> <span class='ocrx_word' id='word_1_1013' title='bbox 3557 4952 3699 5006; x_wconf 75' lang='grc' dir='ltr'><strong>οὐδὲ</strong></span> 
     </span>
    </p>
   </div>
   <div class='ocr_carea' id='block_1_123' title="bbox 2031 5033 3695 5107">
    <p class='ocr_par' dir='ltr' id='par_1_123' title="bbox 2031 5033 3695 5107">
     <span class='ocr_line' id='line_1_123' title="bbox 2031 5033 3695 5107; baseline -0.003 -13"><span class='ocrx_word' id='word_1_1014' title='bbox 2031 5038 2474 5104; x_wconf 80' lang='grc' dir='ltr'><strong>ἀκουσθήσεται</strong></span> <span class='ocrx_word' id='word_1_1015' title='bbox 2505 5037 2621 5102; x_wconf 83' lang='grc' dir='ltr'><strong>ἕξω</strong></span> <span class='ocrx_word' id='word_1_1016' title='bbox 2645 5038 2683 5104; x_wconf 77' lang='grc' dir='ltr'>ἡ</span> <span class='ocrx_word' id='word_1_1017' title='bbox 2707 5035 2876 5106; x_wconf 71' lang='grc' dir='ltr'><strong>φωνὴ</strong></span> <span class='ocrx_word' id='word_1_1018' title='bbox 2907 5033 3095 5090; x_wconf 85' lang='grc' dir='ltr'><strong>αὑτοῦ</strong></span> <span class='ocrx_word' id='word_1_1019' title='bbox 3112 5052 3130 5100; x_wconf 90' lang='grc'><strong><em>;</em></strong></span> <span class='ocrx_word' id='word_1_1020' title='bbox 3163 5035 3257 5089; x_wconf 76' lang='grc' dir='ltr'><strong>καὶ</strong></span> <span class='ocrx_word' id='word_1_1021' title='bbox 3285 5036 3473 5107; x_wconf 88' lang='grc' dir='ltr'><strong>ἑτέρου</strong></span> <span class='ocrx_word' id='word_1_1022' title='bbox 3503 5035 3663 5090; x_wconf 86' lang='grc' dir='ltr'><strong>πάλιν</strong></span> <span class='ocrx_word' id='word_1_1023' title='bbox 3681 5051 3695 5070; x_wconf 76' lang='grc' dir='ltr'><strong>ο</strong></span> 
     </span>
    </p>
   </div>
   <div class='ocr_carea' id='block_1_124' title="bbox 2031 5120 3134 5189">
    <p class='ocr_par' dir='ltr' id='par_1_124' title="bbox 2031 5120 3134 5189">
     <span class='ocr_line' id='line_1_124' title="bbox 2031 5120 3134 5189; baseline -0.005 -12"><span class='ocrx_word' id='word_1_1024' title='bbox 2031 5121 2441 5189; x_wconf 80' lang='grc' dir='ltr'><strong>Καταόήσεται</strong></span> <span class='ocrx_word' id='word_1_1025' title='bbox 2469 5121 2548 5188; x_wconf 84' lang='grc' dir='ltr'><strong>ὡς</strong></span> <span class='ocrx_word' id='word_1_1026' title='bbox 2577 5122 2749 5186; x_wconf 84' lang='grc' dir='ltr'><strong>ὑετὸς</strong></span> <span class='ocrx_word' id='word_1_1027' title='bbox 2776 5120 2876 5174; x_wconf 78' lang='grc' dir='ltr'><strong>ἐπὶ</strong></span> <span class='ocrx_word' id='word_1_1028' title='bbox 2903 5120 3134 5184; x_wconf 86' lang='grc' dir='ltr'><strong>πόκον;</strong></span> 
     </span>
    </p>
   </div>
   <div class='ocr_carea' id='block_1_125' title="bbox 2109 5256 3696 5331">
    <p class='ocr_par' dir='ltr' id='par_1_125' title="bbox 2109 5256 3696 5331">
     <span class='ocr_line' id='line_1_125' title="bbox 2109 5256 3696 5331; baseline -0.003 -15"><span class='ocrx_word' id='word_1_1029' title='bbox 2109 5269 2172 5331; x_wconf 80' lang='grc' dir='ltr'><strong>γ’.</strong></span> <span class='ocrx_word' id='word_1_1030' title='bbox 2213 5262 2276 5314; x_wconf 85' lang='grc' dir='ltr'><strong>Εἰ</strong></span> <span class='ocrx_word' id='word_1_1031' title='bbox 2306 5261 2362 5315; x_wconf 86' lang='grc' dir='ltr'><strong>δέ</strong></span> <span class='ocrx_word' id='word_1_1032' title='bbox 2394 5261 2462 5313; x_wconf 81' lang='grc' dir='ltr'><strong>τὰ</strong></span> <span class='ocrx_word' id='word_1_1033' title='bbox 2481 5260 2574 5313; x_wconf 74' lang='grc' dir='ltr'><strong>ἐπὶ</strong></span> <span class='ocrx_word' id='word_1_1034' title='bbox 2594 5257 2794 5330; x_wconf 81' lang='grc' dir='ltr'><strong>Φαραὼ</strong></span> <span class='ocrx_word' id='word_1_1035' title='bbox 2815 5257 3023 5325; x_wconf 90' lang='grc' dir='ltr'><strong>λέγοιεν</strong></span> <span class='ocrx_word' id='word_1_1036' title='bbox 3045 5257 3264 5326; x_wconf 89' lang='grc' dir='ltr'><strong>σημεῖα,</strong></span> <span class='ocrx_word' id='word_1_1037' title='bbox 3285 5256 3543 5328; x_wconf 90' lang='grc' dir='ltr'><strong>πολεμίου</strong></span> <span class='ocrx_word' id='word_1_1038' title='bbox 3575 5257 3696 5311; x_wconf 80' lang='grc' dir='ltr'><strong>τότε</strong></span> 
     </span>
    </p>
   </div>
   <div class='ocr_carea' id='block_1_126' title="bbox 2030 5340 3697 5414">
    <p class='ocr_par' dir='ltr' id='par_1_126' title="bbox 2030 5340 3697 5414">
     <span class='ocr_line' id='line_1_126' title="bbox 2030 5340 3697 5414; baseline -0.001 -16"><span class='ocrx_word' id='word_1_1039' title='bbox 2030 5344 2409 5414; x_wconf 89' lang='grc' dir='ltr'><strong>ἀπαλλαγῆναι</strong></span> <span class='ocrx_word' id='word_1_1040' title='bbox 2443 5341 2550 5395; x_wconf 83' lang='grc' dir='ltr'><strong>εδει</strong></span> <span class='ocrx_word' id='word_1_1041' title='bbox 2573 5382 2586 5405; x_wconf 94' lang='grc'><strong>,</strong></span> <span class='ocrx_word' id='word_1_1042' title='bbox 2623 5341 2717 5394; x_wconf 77' lang='grc' dir='ltr'><strong>καὶ</strong></span> <span class='ocrx_word' id='word_1_1043' title='bbox 2765 5340 2990 5402; x_wconf 86' lang='grc' dir='ltr'><strong>εἰκότως</strong></span> <span class='ocrx_word' id='word_1_1044' title='bbox 3016 5341 3198 5392; x_wconf 88' lang='grc' dir='ltr'><strong>ἐκεῖνα</strong></span> <span class='ocrx_word' id='word_1_1045' title='bbox 3243 5340 3454 5409; x_wconf 89' lang='grc' dir='ltr'><strong>ἐγίνετο</strong></span> <span class='ocrx_word' id='word_1_1046' title='bbox 3486 5357 3500 5370; x_wconf 73' lang='grc' dir='ltr'><strong>ο</strong></span> <span class='ocrx_word' id='word_1_1047' title='bbox 3533 5340 3612 5412; x_wconf 84' lang='grc' dir='ltr'><strong>τῷ</strong></span> <span class='ocrx_word' id='word_1_1048' title='bbox 3639 5341 3697 5396; x_wconf 72' lang='grc' dir='ltr'><strong>δέ</strong></span> 
     </span>
    </p>
   </div>
   <div class='ocr_carea' id='block_1_127' title="bbox 2029 5423 3692 5500">
    <p class='ocr_par' dir='ltr' id='par_1_127' title="bbox 2029 5423 3692 5500">
     <span class='ocr_line' id='line_1_127' title="bbox 2029 5423 3692 5500; baseline -0.002 -18"><span class='ocrx_word' id='word_1_1049' title='bbox 2029 5427 2167 5500; x_wconf 82' lang='grc' dir='ltr'><strong>πρὸς</strong></span> <span class='ocrx_word' id='word_1_1050' title='bbox 2225 5427 2410 5496; x_wconf 88' lang='grc' dir='ltr'><strong>φίλους</strong></span> <span class='ocrx_word' id='word_1_1051' title='bbox 2466 5424 2672 5478; x_wconf 85' lang='grc' dir='ltr'><strong>ἐλθόντι</strong></span> <span class='ocrx_word' id='word_1_1052' title='bbox 2719 5423 2924 5478; x_wconf 91' lang='grc' dir='ltr'><strong>τούτων</strong></span> <span class='ocrx_word' id='word_1_1053' title='bbox 2975 5425 3036 5476; x_wconf 92' lang='grc' dir='ltr'><strong>οὐ</strong></span> <span class='ocrx_word' id='word_1_1054' title='bbox 3089 5423 3247 5495; x_wconf 88' lang='grc' dir='ltr'><strong>χρεία</strong></span> <span class='ocrx_word' id='word_1_1055' title='bbox 3284 5423 3392 5476; x_wconf 87' lang='grc' dir='ltr'><strong>τῶν</strong></span> <span class='ocrx_word' id='word_1_1056' title='bbox 3431 5425 3692 5495; x_wconf 88' lang='grc' dir='ltr'><strong>σημείων.</strong></span> 
     </span>
    </p>
   </div>
   <div class='ocr_carea' id='block_1_128' title="bbox 2029 5505 3696 5579">
    <p class='ocr_par' dir='ltr' id='par_1_128' title="bbox 2029 5505 3696 5579">
     <span class='ocr_line' id='line_1_128' title="bbox 2029 5505 3696 5579; baseline -0.003 -15"><span class='ocrx_word' id='word_1_1057' title='bbox 2029 5511 2154 5575; x_wconf 89' lang='grc' dir='ltr'><strong>Πῶς</strong></span> <span class='ocrx_word' id='word_1_1058' title='bbox 2191 5510 2246 5564; x_wconf 87' lang='grc' dir='ltr'><strong>δέ</strong></span> <span class='ocrx_word' id='word_1_1059' title='bbox 2285 5509 2379 5562; x_wconf 81' lang='grc' dir='ltr'><strong>καὶ</strong></span> <span class='ocrx_word' id='word_1_1060' title='bbox 2415 5508 2484 5562; x_wconf 85' lang='grc' dir='ltr'><strong>τὰ</strong></span> <span class='ocrx_word' id='word_1_1061' title='bbox 2521 5508 2732 5579; x_wconf 86' lang='grc' dir='ltr'><strong>μεγάλα</strong></span> <span class='ocrx_word' id='word_1_1062' title='bbox 2762 5507 2938 5568; x_wconf 88' lang='grc' dir='ltr'><strong>δώσω,</strong></span> <span class='ocrx_word' id='word_1_1063' title='bbox 2967 5507 3076 5561; x_wconf 89' lang='grc' dir='ltr'><strong>τῶν</strong></span> <span class='ocrx_word' id='word_1_1064' title='bbox 3103 5505 3314 5578; x_wconf 89' lang='grc' dir='ltr'><strong>μικρῶν</strong></span> <span class='ocrx_word' id='word_1_1065' title='bbox 3342 5506 3416 5578; x_wconf 82' lang='grc' dir='ltr'><strong>μή</strong></span> <span class='ocrx_word' id='word_1_1066' title='bbox 3449 5524 3696 5560; x_wconf 84' lang='grc' dir='ltr'><strong>πιστευο-</strong></span> 
     </span>
    </p>
   </div>
   <div class='ocr_carea' id='block_1_129' title="bbox 2033 5588 3698 5662">
    <p class='ocr_par' dir='ltr' id='par_1_129' title="bbox 2033 5588 3698 5662">
     <span class='ocr_line' id='line_1_129' title="bbox 2033 5588 3698 5662; baseline 0.002 -19"><span class='ocrx_word' id='word_1_1067' title='bbox 2033 5593 2238 5662; x_wconf 87' lang='grc' dir='ltr'><strong>μένων;</strong></span> <span class='ocrx_word' id='word_1_1068' title='bbox 2277 5592 2506 5662; x_wconf 89' lang='grc' dir='ltr'><strong>Μικρῶν</strong></span> <span class='ocrx_word' id='word_1_1069' title='bbox 2544 5591 2620 5654; x_wconf 88' lang='grc' dir='ltr'><strong>ώς</strong></span> <span class='ocrx_word' id='word_1_1070' title='bbox 2656 5589 2794 5662; x_wconf 81' lang='grc' dir='ltr'><strong>πρὸς</strong></span> <span class='ocrx_word' id='word_1_1071' title='bbox 2833 5588 3090 5655; x_wconf 76' lang='grc' dir='ltr'><strong>ἐπίδειξιν</strong></span> <span class='ocrx_word' id='word_1_1072' title='bbox 3127 5589 3307 5659; x_wconf 86' lang='grc' dir='ltr'><strong>λέγω·</strong></span> <span class='ocrx_word' id='word_1_1073' title='bbox 3349 5590 3472 5643; x_wconf 79' lang='grc' dir='ltr'><strong>ἐπεὶ</strong></span> <span class='ocrx_word' id='word_1_1074' title='bbox 3509 5593 3574 5662; x_wconf 83' lang='grc' dir='ltr'><strong>τῇ</strong></span> <span class='ocrx_word' id='word_1_1075' title='bbox 3612 5591 3698 5646; x_wconf 83' lang='grc' dir='ltr'><strong>δυ·</strong></span> 
     </span>
    </p>
   </div>
   <div class='ocr_carea' id='block_1_130' title="bbox 2028 5671 3695 5747">
    <p class='ocr_par' dir='ltr' id='par_1_130' title="bbox 2028 5671 3695 5747">
     <span class='ocr_line' id='line_1_130' title="bbox 2028 5671 3695 5747; baseline 0 -19"><span class='ocrx_word' id='word_1_1076' title='bbox 2028 5677 2190 5746; x_wconf 89' lang='grc' dir='ltr'><strong>νάμει</strong></span> <span class='ocrx_word' id='word_1_1077' title='bbox 2229 5675 2408 5746; x_wconf 82' lang='grc' dir='ltr'><strong>πολλῷ</strong></span> <span class='ocrx_word' id='word_1_1078' title='bbox 2432 5675 2603 5730; x_wconf 91' lang='grc' dir='ltr'><strong>ταῦτα</strong></span> <span class='ocrx_word' id='word_1_1079' title='bbox 2631 5675 2854 5728; x_wconf 86' lang='grc' dir='ltr'><strong>ἐκείνων</strong></span> <span class='ocrx_word' id='word_1_1080' title='bbox 2888 5674 3109 5744; x_wconf 78' lang='grc' dir='ltr'><strong>μείζονα</strong></span> <span class='ocrx_word' id='word_1_1081' title='bbox 3132 5671 3220 5747; x_wconf 82' lang='grc' dir='ltr'><strong>ῆν.</strong></span> <span class='ocrx_word' id='word_1_1082' title='bbox 3259 5675 3325 5727; x_wconf 87' lang='grc' dir='ltr'><strong>Τί</strong></span> <span class='ocrx_word' id='word_1_1083' title='bbox 3351 5675 3457 5746; x_wconf 85' lang='grc' dir='ltr'><strong>γὰρ</strong></span> <span class='ocrx_word' id='word_1_1084' title='bbox 3483 5674 3549 5727; x_wconf 85' lang='grc' dir='ltr'><strong>ἂν</strong></span> <span class='ocrx_word' id='word_1_1085' title='bbox 3583 5676 3695 5730; x_wconf 73' lang='grc' dir='ltr'><strong>ἴσον</strong></span> 
     </span>
    </p>
   </div>
   <div class='ocr_carea' id='block_1_131' title="bbox 2028 5757 3691 5829">
    <p class='ocr_par' dir='ltr' id='par_1_131' title="bbox 2028 5757 3691 5829">
     <span class='ocr_line' id='line_1_131' title="bbox 2028 5757 3691 5829; baseline -0.001 -17"><span class='ocrx_word' id='word_1_1086' title='bbox 2028 5761 2113 5829; x_wconf 82' lang='grc' dir='ltr'><strong>εἴη</strong></span> <span class='ocrx_word' id='word_1_1087' title='bbox 2163 5759 2256 5813; x_wconf 83' lang='grc' dir='ltr'><strong>τοῦ</strong></span> <span class='ocrx_word' id='word_1_1088' title='bbox 2312 5759 2684 5829; x_wconf 83' lang='grc' dir='ltr'><strong>ἁμαρτήματα</strong></span> <span class='ocrx_word' id='word_1_1089' title='bbox 2735 5757 2933 5822; x_wconf 83' lang='grc' dir='ltr'><strong>λῦσαι,</strong></span> <span class='ocrx_word' id='word_1_1090' title='bbox 2973 5759 3068 5811; x_wconf 77' lang='grc' dir='ltr'><strong>καὶ</strong></span> <span class='ocrx_word' id='word_1_1091' title='bbox 3120 5758 3312 5828; x_wconf 88' lang='grc' dir='ltr'><strong>νεκρὸν</strong></span> <span class='ocrx_word' id='word_1_1092' title='bbox 3355 5759 3691 5829; x_wconf 82' lang='grc' dir='ltr'><strong>ἀναστῆσαι,</strong></span> 
     </span>
    </p>
   </div>
   <div class='ocr_carea' id='block_1_132' title="bbox 2029 5842 3693 5914">
    <p class='ocr_par' dir='ltr' id='par_1_132' title="bbox 2029 5842 3693 5914">
     <span class='ocr_line' id='line_1_132' title="bbox 2029 5842 3693 5914; baseline -0.002 -17"><span class='ocrx_word' id='word_1_1093' title='bbox 2029 5844 2122 5897; x_wconf 76' lang='grc' dir='ltr'><strong>καὶ</strong></span> <span class='ocrx_word' id='word_1_1094' title='bbox 2158 5845 2419 5914; x_wconf 86' lang='grc' dir='ltr'><strong>δαίμονας</strong></span> <span class='ocrx_word' id='word_1_1095' title='bbox 2467 5843 2757 5906; x_wconf 85' lang='grc' dir='ltr'><strong>ἀπελάσαι,</strong></span> <span class='ocrx_word' id='word_1_1096' title='bbox 2795 5845 2888 5896; x_wconf 70' lang='grc' dir='ltr'><strong>καὶ</strong></span> <span class='ocrx_word' id='word_1_1097' title='bbox 2939 5843 3344 5913; x_wconf 83' lang='grc' dir='ltr'><strong>δημιουργῆσαι</strong></span> <span class='ocrx_word' id='word_1_1098' title='bbox 3375 5842 3565 5912; x_wconf 86' lang='grc' dir='ltr'><strong>σῶμα,</strong></span> <span class='ocrx_word' id='word_1_1099' title='bbox 3600 5844 3693 5895; x_wconf 78' lang='grc' dir='ltr'><strong>καὶ</strong></span> 
     </span>
    </p>
   </div>
   <div class='ocr_carea' id='block_1_133' title="bbox 2027 5925 3694 5997">
    <p class='ocr_par' dir='ltr' id='par_1_133' title="bbox 2027 5925 3694 5997">
     <span class='ocr_line' id='line_1_133' title="bbox 2027 5925 3694 5997; baseline -0.002 -16"><span class='ocrx_word' id='word_1_1100' title='bbox 2027 5929 2096 5981; x_wconf 79' lang='grc' dir='ltr'><strong>τὰ</strong></span> <span class='ocrx_word' id='word_1_1101' title='bbox 2126 5928 2261 5982; x_wconf 78' lang='grc' dir='ltr'><strong>ἄλλα</strong></span> <span class='ocrx_word' id='word_1_1102' title='bbox 2295 5928 2469 5982; x_wconf 86' lang='grc' dir='ltr'><strong>πάντα</strong></span> <span class='ocrx_word' id='word_1_1103' title='bbox 2499 5926 2824 5996; x_wconf 89' lang='grc' dir='ltr'><strong>διορθῶσαι;</strong></span> <span class='ocrx_word' id='word_1_1104' title='bbox 2856 5926 2926 5978; x_wconf 92' lang='grc' dir='ltr'><strong>Σύ</strong></span> <span class='ocrx_word' id='word_1_1105' title='bbox 2955 5925 3011 5978; x_wconf 85' lang='grc' dir='ltr'><strong>δὲ</strong></span> <span class='ocrx_word' id='word_1_1106' title='bbox 3035 5925 3214 5980; x_wconf 87' lang='grc' dir='ltr'><strong>αὐτῶν</strong></span> <span class='ocrx_word' id='word_1_1107' title='bbox 3248 5927 3350 5997; x_wconf 84' lang='grc' dir='ltr'><strong>δρα</strong></span> <span class='ocrx_word' id='word_1_1108' title='bbox 3375 5925 3471 5996; x_wconf 80' lang='grc' dir='ltr'><strong>τὴν</strong></span> <span class='ocrx_word' id='word_1_1109' title='bbox 3510 5944 3694 5979; x_wconf 85' lang='grc' dir='ltr'><strong>πεπω-</strong></span> 
     </span>
    </p>
   </div>
   <div class='ocr_carea' id='block_1_134' title="bbox 2033 6010 3694 6088">
    <p class='ocr_par' dir='ltr' id='par_1_134' title="bbox 2033 6010 3694 6088">
     <span class='ocr_line' id='line_1_134' title="bbox 2033 6010 3694 6088; baseline -0.002 -21"><span class='ocrx_word' id='word_1_1110' title='bbox 2033 6014 2279 6088; x_wconf 86' lang='grc' dir='ltr'><strong>ρωμένην</strong></span> <span class='ocrx_word' id='word_1_1111' title='bbox 2308 6011 2566 6086; x_wconf 85' lang='grc' dir='ltr'><strong>καρδίαν,</strong></span> <span class='ocrx_word' id='word_1_1112' title='bbox 2598 6011 2714 6076; x_wconf 86' lang='grc' dir='ltr'><strong>πῶς</strong></span> <span class='ocrx_word' id='word_1_1113' title='bbox 2749 6010 3099 6078; x_wconf 81' lang='grc' dir='ltr'><strong>ἀκούσαντες,</strong></span> <span class='ocrx_word' id='word_1_1114' title='bbox 3143 6011 3225 6063; x_wconf 80' lang='grc' dir='ltr'><strong>ὅτι</strong></span> <span class='ocrx_word' id='word_1_1115' title='bbox 3260 6013 3340 6066; x_wconf 82' lang='grc' dir='ltr'><strong>Οὐ</strong></span> <span class='ocrx_word' id='word_1_1116' title='bbox 3368 6010 3694 6079; x_wconf 74' lang='grc' dir='ltr'><strong>δοθήσεται</strong></span> 
     </span>
    </p>
   </div>
  </div>
