4108 6376
323 492 624 560 considera,
652 492 739 562 qui
767 507 886 546 cum
913 491 1205 555 audissent,
1234 489 1451 560 Signum
1474 507 1574 545 non
1607 492 1807 545 dabitur
1831 492 1900 544 eis

324 587 420 641 nisi
460 588 661 657 signum
690 584 840 638 Iona
869 584 1149 655 prophetae,
1198 598 1301 637 non
1350 583 1694 653 interrOgant.
1743 582 1903 653 Atqui

322 682 602 753 Oportebat
643 695 759 743 eos.
802 681 892 750 qui
935 680 1246 751 prophetam
1295 688 1586 745 noverant,
1618 679 1902 746 omniaque

324 787 447 831 tunc
470 785 638 845 geSta,
666 781 721 827 et
746 772 859 827 bsic
892 771 1001 841 jam
1034 771 1210 826 denuo
1236 770 1535 835 audiebant,
1569 769 1824 824 sciscitari
1850 777 1902 823 et

321 866 550 931 discere,
593 879 691 919 cur
731 862 833 917 hoc
866 862 1133 918 diceretur
1160 883 1176 915 :
1203 861 1319 927 sed,
1364 861 1504 930 quod
1539 860 1670 927 dixi,
1700 876 1803 915 non
1833 876 1900 913 ex

320 956 558 1012 discendi
584 953 852 1009 desiderio
877 954 977 1008 hoc
1006 952 1301 1022 proferunt.
1328 951 1555 1021 Ideoque
1579 951 1777 1006 relictis
1797 949 1901 1005 illis

320 1049 468 1102 abiit.
493 1048 548 1103 5.
579 1046 648 1100 Et
685 1062 800 1099 cum
830 1045 1095 1111 venissent,
1142 1044 1329 1113 inquit,
1357 1043 1591 1111 discipuli
1627 1043 1736 1113 ejus
1763 1053 1900 1097 trans

322 1145 525 1213 fretum,
555 1139 695 1193 obliti
721 1146 834 1191 sunt
863 1152 1019 1206 panes
1044 1136 1287 1206 accipere.
1314 1136 1368 1189 ϐ.
1397 1133 1546 1189 Jesus
1580 1145 1744 1188 autem
1771 1134 1901 1188 dixit

320 1232 422 1285 illis
448 1247 467 1284 :
503 1228 676 1284 Videte
704 1240 750 1283 et
777 1238 940 1282 cavete
965 1245 996 1281 a
1021 1230 1261 1299 femtento
1290 1226 1663 1281 Pharisaeorum
1693 1239 1738 1282 et
1761 1228 1899 1282 Sad-

322 1326 631 1378 ducaorum.
680 1321 789 1377 Cur
828 1337 932 1376 non
973 1320 1127 1386 dixit,
1170 1318 1364 1375 Cavete
1392 1334 1421 1373 a
1450 1319 1731 1375 doctrina?
1780 1320 1902 1373 Vult

320 1424 464 1469 certe
489 1413 617 1483 ipsis
642 1429 763 1483 qua:
781 1423 929 1483 gesta
950 1410 1158 1464 fuerant
1191 1410 1242 1469 in
1273 1410 1583 1464 memoriam
1618 1424 1897 1478 revocare;

320 1506 523 1560 sciebat
550 1504 693 1558 enim
734 1504 845 1573 jam
871 1517 991 1557 esse
1014 1501 1228 1557 oblitos.
1256 1500 1361 1556 Sed
1391 1501 1702 1571 simpliciter
1740 1516 1898 1555 accu-

320 1613 441 1652 sare
484 1611 589 1650 non
638 1592 917 1649 videbatur
946 1603 1070 1647 tunc
1092 1601 1444 1662 opportunum
1483 1606 1646 1646 esse:
1694 1606 1896 1657 verum,

320 1690 601 1745 occasione
625 1688 693 1743 ab
716 1688 818 1743 illis
846 1698 1082 1757 accepta,
1122 1686 1396 1754 increpare
1426 1685 1543 1739 illos
1571 1684 1898 1740 tolerabilem

322 1780 576 1837 reddebat
618 1779 1027 1834 accusationem.
1078 1776 1146 1831 Et
1191 1792 1286 1831 cur
1330 1790 1433 1830 non
1466 1785 1586 1830 tunc
1612 1776 1900 1846 increpavit

321 1888 413 1927 eos
436 1886 558 1926 cum
582 1871 849 1936 dixerunt,
886 1868 1032 1925 Unde
1059 1868 1200 1923 nobis
1228 1869 1281 1922 in
1308 1868 1579 1923 solitudine
1601 1878 1671 1923 tot
1706 1885 1859 1937 panes
1876 1870 1902 1923 .’

321 1963 455 2021 Nam
488 1972 614 2019 tunc
654 1962 968 2018 videbantur
995 1961 1111 2016 haec
1154 1968 1450 2030 opportune
1485 1960 1588 2016 dici
1619 1975 1794 2031 posse.
1823 1962 1901 2018 Ne

322 2054 590 2110 videretur
613 2053 680 2110 ad
701 2054 909 2124 signum
939 2052 1238 2108 faciendum
1262 2067 1499 2107 currere.
1537 2054 1782 2123 Alioquin
1807 2070 1902 2109 au-

322 2156 429 2202 tem
453 2146 666 2203 nolebat
685 2161 865 2202 coram
888 2147 1054 2201 turbis
1077 2145 1193 2200 illos
1214 2160 1458 2215 arguere,
1483 2148 1565 2201 vel
1585 2161 1704 2201 sese
1721 2157 1902 2202 osten-

323 2248 456 2293 tare.
506 2237 658 2293 Nunc
700 2250 831 2294 vero
884 2237 1236 2308 opportunior
1283 2238 1571 2300 accusatio,
1621 2239 1743 2308 quia
1782 2250 1903 2309 post

321 2329 516 2400 duplex
543 2329 856 2385 miraculum
889 2330 1021 2383 tales
1048 2338 1222 2384 erant.
1272 2325 1475 2384 Idcirco
1499 2345 1620 2383 cum
1645 2330 1788 2385 aliud
1820 2330 1900 2386 le-

321 2421 485 2475 cisset
535 2421 885 2485 miraculum,
942 2429 1067 2475 tunc
1120 2420 1391 2489 increpat,
1452 2422 1903 2493 cogitationesque

323 2512 557 2582 ipsorum
588 2512 642 2567 in
670 2512 904 2567 medium
932 2511 1193 2582 producit.
1217 2512 1348 2579 Quid
1371 2527 1535 2584 porro
1560 2514 1901 2584 cogitabant?

324 2599 376 2657 'l.
404 2604 537 2670 Quia
565 2619 720 2673 panes
749 2620 848 2658 non
874 2608 1176 2675 accepimus,
1201 2604 1383 2672 inquit.
1409 2604 1597 2659 Adhuc
1621 2607 1762 2660 enim
1780 2622 1903 2676 pur-

321 2695 621 2765 gationibus
663 2693 898 2749 ludaicis
941 2704 1094 2749 erant
1138 2693 1351 2757 addicti,
1402 2706 1500 2749 nec
1526 2711 1632 2750 non
1657 2697 1900 2752 ciborum

320 2786 817 2851 observationibus;
868 2784 1093 2855 ideoque
1130 2800 1315 2840 eorum
1358 2788 1592 2840 omnium
1623 2802 1781 2842 causa
1807 2804 1901 2843 ve-

322 2875 624 2931 hementius
648 2876 700 2931 in
724 2876 841 2931 illos
862 2875 1146 2942 invehitur,
1174 2875 1358 2932 dicens
1388 2893 1400 2929 :
1434 2876 1486 2931 8.
1517 2876 1652 2942 Quid
1671 2880 1901 2949 cogitatis

320 2968 372 3023 in
400 2968 534 3023 vobis
556 2969 701 3038 ipsis,
731 2967 941 3022 modicae
967 2968 1117 3037 fidei,
1145 2967 1280 3037 quod
1309 2984 1463 3034 partes
1490 2985 1589 3021 non
1627 2970 1853 3039 ceperitis
1875 2970 1901 3023 ?

320 3062 376 3117 9.
415 3061 655 3116 Nondum
678 3060 973 3131 intelligitis,
1001 3076 1157 3130 neque
1182 3060 1550 3114 recordamini?
1569 3060 1899 3116 Occaecatum

319 3163 403 3208 est
425 3168 518 3208 cor
538 3161 795 3219 vestrum,
832 3151 1014 3206 oculos
1058 3150 1314 3205 habentes
1341 3165 1446 3204 non
1492 3149 1701 3217 videtis,
1742 3165 1901 3207 aures

320 3244 575 3301 habentes
605 3260 709 3299 non
735 3244 949 3298 auditis.
976 3242 1098 3297 Non
1121 3243 1454 3297 recordamini
1478 3245 1695 3315 quinque
1711 3260 1901 3316 panum

319 3338 373 3391 in
396 3337 609 3409 quinque
630 3336 792 3389 millia
820 3335 1096 3400 hominum,
1115 3344 1160 3389 et
1178 3346 1296 3405 quot
1318 3336 1560 3405 cep/tinus
1578 3338 1860 3405 sumpsistis
1874 3336 1903 3392 ?

320 3427 411 3483 10.
437 3444 592 3497 neque
611 3437 801 3497 septem
836 3443 1045 3497 panum,
1083 3427 1137 3479 in
1165 3436 1379 3496 quatuor
1422 3427 1584 3481 millia
1618 3427 1895 3496 hominum,

319 3531 366 3575 et
388 3531 505 3591 quot
528 3532 726 3592 sportas
749 3520 1033 3589 sumpsistis
1049 3520 1075 3572 Ρ

389 3610 680 3682 Increpatio
726 3611 1099 3665 mansuetudini
1136 3611 1404 3682 conjuncta
1434 3612 1594 3667 utilis.
1618 3641 1690 3652 -
1717 3612 1901 3668 Videu’

318 3703 571 3774 grandem
597 3701 1048 3771 indignationem?
1073 3701 1256 3772 Neque
1279 3716 1499 3773 usquam
1528 3702 1652 3757 alibi
1690 3704 1901 3759 videtur

319 3794 440 3851 illos
466 3795 545 3850 sic
573 3794 897 3864 increpasse.
928 3792 1036 3849 Cur
1062 3808 1190 3863 ergo
1213 3795 1283 3848 ita
1325 3793 1481 3849 facit?
1511 3794 1579 3851 Ut
1606 3809 1791 3851 rursus
1818 3796 1898 3851 ci-

319 3887 508 3941 borum
538 3885 925 3941 observationis
949 3886 1254 3955 Opinionem
1273 3886 1591 3943 eliminaret.
1612 3888 1737 3944 Iden
1754 3890 1896 3945 enim

318 3985 445 4033 tunc
468 3977 680 4033 dicebat
706 3984 935 4042 tantum,
963 3976 1089 4032 Sine
1112 3977 1367 4032 intellectu
1399 3979 1537 4046 estis,
1566 3994 1668 4033 non
1705 3978 1895 4034 intelli-

316 4070 469 4141 gitis,-
499 4069 588 4124 hic
615 4084 742 4125 vero
776 4070 1122 4126 vehementer
1149 4070 1475 4142 increpando
1502 4072 1652 4139 dicit,
1679 4073 1899 4129 Modica:

315 4162 457 4229 ﬁdei.
518 4161 636 4217 Non
691 4162 833 4217 enim
888 4164 1083 4234 ubique
1128 4166 1588 4221 mansuetudinem
1640 4166 1898 4223 adhibere

316 4258 549 4321 oportet.
576 4248 649 4308 Ut
672 4252 815 4308 enim
853 4252 1098 4310 fiduciam
1128 4254 1258 4326 ipsis
1284 4256 1551 4313 indiderat
1580 4274 1595 4313 :
1622 4257 1701 4313 sic
1728 4267 1783 4314 et
1808 4258 1895 4313 iu-

315 4352 520 4414 crepat,
550 4342 651 4401 hac
690 4344 945 4401 varietate
986 4345 1143 4402 saluti
1172 4363 1359 4403 eorum
1388 4348 1736 4419 prospiciens.
1763 4347 1897 4405 Vide

315 4446 496 4491 autem
521 4444 575 4490 et
600 4435 1033 4505 inerepationem.
1065 4446 1121 4493 et
1146 4453 1251 4493 una
1276 4438 1734 4495 mansuetudinem
1757 4441 1897 4496 mul-

316 4532 445 4581 tam.
478 4525 611 4581 Nam
639 4540 758 4581 sese
780 4524 892 4581 fere
918 4542 1149 4598 purgans
1176 4528 1319 4599 quod
1344 4530 1463 4586 illos
1482 4545 1670 4601 aspere
1692 4532 1897 4602 arguis-

315 4626 418 4683 set,
443 4615 520 4671 ait
544 4632 558 4669 :
586 4613 829 4670 Nondum
851 4616 1129 4689 intelligitis
1147 4620 1365 4691 quinque
1407 4635 1561 4690 panes
1585 4621 1641 4677 in
1677 4622 1896 4693 quinque

313 4708 496 4775 millia,
524 4716 569 4762 et
592 4717 711 4776 quot
738 4708 980 4779 cophinos
1006 4711 1324 4780 sumpsistis?
1355 4721 1401 4765 et
1424 4723 1612 4781 septem
1652 4729 1807 4784 panes
1838 4714 1895 4769 in

313 4809 529 4870 quatuor
550 4801 731 4867 millia,
767 4811 814 4856 et
854 4812 970 4872 quot
989 4814 1185 4873 sportas
1210 4806 1526 4876 sumpsistis?
1554 4806 1679 4863 Ideo
1699 4822 1892 4863 nume-

315 4905 432 4947 rum
477 4891 634 4948 all'ert
673 4902 778 4948 tam
825 4910 1009 4951 eorum
1052 4898 1141 4967 qui
1170 4899 1532 4967 comederant,
1576 4916 1734 4971 quam
1761 4902 1892 4958 reli-

312 4984 591 5054 quiarum;
618 4994 676 5040 ut
705 4986 809 5041 illis
837 4988 993 5044 simul
1022 4990 1073 5044 in
1104 4991 1414 5046 memoriam
1440 5002 1718 5050 revocaret
1751 5010 1890 5065 pra:-

315 5074 488 5141 terita,
515 5083 567 5130 et
606 5075 673 5130 ad
708 5076 882 5132 futura
926 5080 1070 5150 ipsos
1104 5083 1414 5138 attentiores
1443 5083 1709 5141 redderet.
1742 5086 1810 5141 Et
1835 5097 1893 5142 ut

312 5163 507 5230 discas,
529 5175 781 5236 quantum
803 5168 972 5238 potuit
992 5170 1300 5241 increpatio,
1319 5183 1480 5243 utque
1500 5176 1889 5233 somnoleutam

315 5255 551 5324 ipsorum
579 5267 810 5314 mentem
835 5263 1083 5328 erexerit,
1105 5264 1226 5318 audi
1246 5265 1370 5335 quid
1390 5265 1533 5321 dicat
1545 5269 1889 5339 evangelista.

311 5345 442 5401 Nam
469 5362 590 5402 cum
611 5347 768 5405 Jesus
790 5350 919 5405 nihil
944 5353 1169 5424 amplius
1187 5352 1427 5423 dixisset,
1450 5357 1541 5413 sed
1564 5358 1891 5429 increpasset

313 5436 428 5492 haec
474 5446 677 5494 tantum
726 5440 991 5511 addendo,
1036 5445 1123 5498 il.
1157 5445 1422 5510 Quomodo
1460 5462 1563 5502 non
1590 5448 1887 5521 intelligitis,

311 5546 389 5583 me
431 5546 533 5584 non
586 5548 618 5585 a
667 5549 798 5603 pane
844 5550 1017 5589 cavere
1057 5537 1245 5592 dixisse
1290 5540 1446 5603 vobis.
1476 5541 1565 5596 sed
1587 5556 1621 5595 a
1647 5544 1891 5613 fermento

314 5621 691 5679 Pharisaorum
734 5636 783 5680 et
823 5626 1262 5685 Sadductnorum?
1305 5632 1486 5688 subdit
1518 5635 1840 5704 evangelista
1870 5654 1885 5692 :

314 5712 403 5766 i2.
438 5711 578 5766 Tunc
597 5715 971 5784 intellexerunt,
996 5720 1116 5790 quia
1139 5737 1241 5776 non
1265 5722 1464 5777 dixerat
1487 5726 1758 5780 cavendum
1784 5742 1891 5783 esse

312 5824 343 5860 α
359 5806 609 5875 fermento
636 5810 805 5880 panis,
832 5811 922 5867 sed
956 5829 989 5868 a
1012 5812 1240 5871 doctrina
1266 5812 1647 5876 Pharisteorum
1665 5830 1713 5878 ct
1745 5821 1884 5879 Sad-

1343 370 1407 433 IN
1446 367 1851 434 ΜΑἸἼἮίΕυΜ
1889 368 2116 432 IiOMlL.
2156 371 2289 433 LIII.
2327 376 2398 434 al.
2440 371 2573 435 LIV.

3474 384 3581 441 5'50

2013 492 2334 562 ducworum;
2358 495 2562 550 etiamsi
2588 495 2675 550 ille
2707 494 2818 550 hrcc
2847 504 2949 550 nOn
2981 492 3163 551 luisset
3183 494 3578 569 interpretatus.

2010 585 2141 639 Vide
2166 596 2359 655 quanta
2389 587 2524 642 bona
2547 588 2784 642 attulerit
2812 588 3120 658 increpatio.
3143 588 3274 643 Nam
3295 606 3324 643 a
3347 590 3581 647 Judaicis

2006 675 2463 731 observationibus
2492 678 2613 734 illos
2640 678 2879 743 abduxit,
2923 689 2979 733 et
3016 679 3269 734 socordes
3296 692 3472 745 antea,
3504 680 3581 735 fe-

2005 768 2431 836 citattentiores,
2478 780 2637 839 atque
2679 784 2708 822 a
2749 769 2868 824 lidci
2903 769 3265 826 imbecillitate
3293 774 3576 835 revocavit.

2004 856 2076 912 ita
2106 868 2163 913 ut
2182 873 2288 914 non
2319 861 2557 927 timeant,
2578 876 2752 932 neque
2780 862 3082 928 lormident,
3127 864 3170 917 si
3208 864 3421 933 quando
3448 881 3580 934 pau-

2004 966 2097 1006 cos
2126 966 2288 1022 panes
2328 953 2575 1020 habeant,
2621 970 2792 1025 neque
2819 954 2886 1009 de
2929 954 3069 1010 fame
3111 955 3342 1010 cavenda
3368 958 3577 1011 solliciti

2004 1043 2131 1110 sint,
2161 1043 2254 1098 sed
2284 1043 2397 1099 lucc
2422 1046 2599 1099 omnia
2622 1056 2982 1100 C(mlemtlaltl.
3014 1046 3090 1101 Ne
3114 1048 3288 1116 itaque
3319 1062 3415 1104 nos
3441 1063 3581 1103 scm-

2006 1148 2100 1202 per
2122 1134 2380 1188 assentari
2422 1135 2647 1190 subditis
2668 1136 2915 1202 velimus,
2948 1152 3045 1191 nec
3070 1147 3320 1206 cptemus
3347 1148 3403 1193 ut
3426 1139 3461 1193 ii
3487 1140 3579 1209 qui

2005 1224 2159 1279 nobis
2197 1236 2433 1295 prmsunt
2470 1226 2624 1282 nobis
2668 1228 3003 1283 adulentur'.
3032 1228 3161 1282 Nam
3193 1240 3417 1299 utroque
3446 1246 3580 1299 opus

2004 1316 2165 1372 habet
2210 1333 2358 1374 mens
2392 1319 2624 1374 humana
2666 1320 2921 1375 remedio.
2970 1320 3093 1375 Ideo
3142 1321 3280 1376 Deus
3306 1336 3391 1377 res
3425 1323 3581 1391 hujus

2004 1408 2188 1463 mundi
2226 1409 2303 1464 sic
2344 1409 2703 1475 administrat,
2732 1426 2793 1464 ac
2815 1410 2973 1464 modo
3007 1410 3129 1476 hoc,
3162 1410 3321 1466 modo
3346 1411 3474 1466 illud
3502 1410 3581 1465 fa-

2002 1503 2095 1567 cit,
2142 1517 2313 1572 neque
2358 1502 2497 1557 bona
2550 1503 2840 1567 manentia,
2898 1518 3068 1573 neque
3121 1503 3254 1556 mala
3285 1504 3411 1557 sinit
3437 1518 3578 1557 esse.

2002 1592 2458 1661 Quemadmodum
2484 1593 2623 1647 enim
2646 1592 2805 1647 modo
2824 1594 2960 1660 dies,
2982 1593 3140 1646 modo
3160 1608 3264 1646 nox
3291 1604 3393 1659 est,
3421 1593 3580 1647 modo

2002 1694 2183 1753 testas,
2228 1686 2388 1740 modo
2435 1685 2747 1740 hiemszsic
2794 1695 2848 1739 et
2896 1685 2949 1739 in
2980 1685 3133 1740 nobis
3162 1684 3322 1739 modo
3345 1685 3579 1747 tristitia,

2003 1778 2165 1832 modo
2207 1777 2489 1847 voluptas;
2548 1776 2707 1831 modo
2756 1777 2994 1842 morbus,
3048 1776 3206 1831 modo
3258 1775 3475 1831 sanitas.
3502 1774 3581 1829 Ne

2002 1884 2130 1940 ergo
2174 1869 2427 1923 miremur
2457 1868 2501 1923 si
2527 1878 2861 1938 :rgrotemus,
2891 1867 3103 1938 quando
3118 1867 3275 1921 etiam
3298 1882 3417 1921 cum
3443 1866 3581 1921 bene

2003 1963 2243 2018 valemus
2268 1960 2567 2016 mirandum
2593 1962 2731 2016 est”.
2754 1960 2934 2030 Neque
2964 1961 3236 2014 turbemur
3255 1974 3373 2013 cum
3395 1958 3581 2013 dolore

2003 2053 2268 2123 angimur,
2317 2068 2439 2106 nam
2486 2051 2698 2121 quando
2739 2051 3053 2121 gaudemus,
3098 2051 3330 2104 maxime
3377 2049 3577 2104 turbari

2006 2161 2099 2216 par
2123 2153 2222 2200 est.
2247 2144 2436 2198 Omnia
2480 2143 2676 2213 quippe
2717 2141 3009 2197 secundum
3048 2148 3291 2195 naturam
3316 2152 3371 2195 et
3399 2156 3579 2195 rerqu

2002 2236 2194 2291 seriem
2220 2234 2490 2289 eveniunt.

2074 2331 2128 2384 4.
2173 2328 2296 2386 Haec
2321 2330 2421 2382 vita
2461 2327 2600 2381 bonis
2624 2335 2670 2381 et
2696 2326 2842 2379 malis
2866 2323 3134 2394 permixta.
3152 2350 3223 2363 -—
3244 2320 3442 2392 Ecquid
3471 2321 3541 2375 mi
3560 2350 3573 2359 -

2005 2421 2142 2477 raris
2169 2421 2213 2476 si
2262 2419 2378 2474 haec
2419 2419 2513 2473 tibi
2553 2417 2882 2486 contingant,
2931 2414 3144 2483 quando
3190 2415 3350 2469 etiam
3382 2416 3579 2471 sanctis

2004 2515 2289 2584 contigisse
2315 2511 2588 2568 videmus?
2615 2510 2683 2566 Ut
2709 2519 2884 2564 autem
2910 2507 3037 2563 illud
3057 2507 3283 2571 ediscas,
3309 2520 3405 2575 age
3421 2522 3578 2575 quam

2005 2609 2164 2662 vitam
2191 2616 2346 2675 putas
2373 2604 2639 2672 voluptate
2668 2602 2875 2672 plenam
2898 2610 2951 2654 et
2975 2614 3003 2653 a
3031 2598 3256 2669 negotiis
3280 2605 3578 2661 vacantem,

2005 2699 2058 2754 in
2082 2697 2310 2751 medium
2334 2694 2676 2749 adducamus.
2707 2690 2869 2746 Visne
2890 2689 3118 2744 Abraba:
3147 2689 3307 2743 vitam
3335 2703 3365 2742 a
3388 2688 3578 2757 princi-

2005 2792 2093 2862 pio
2132 2786 2533 2845 examinemus?
2575 2785 2711 2852 Quid
2757 2799 2886 2854 ergo
2934 2782 3025 2837 ille
3073 2781 3299 2851 primum
3348 2780 3580 2834 audivit?

2003 2884 2258 2956 Egredere
2286 2882 2348 2935 de
2378 2891 2510 2934 terra
2535 2889 2622 2933 tua
2642 2888 2687 2932 et
2717 2877 2779 2931 de
2803 2877 3096 2947 cognatione
3113 2884 3199 2928 tua
3223 2873 3478 2945 (Gen.12.
3503 2875 3578 2944 l).

2002 2976 2247 3033 Vidistin‘
2273 2972 2580 3028 mandatum
2624 2970 2807 3024 dolore
2850 2967 3098 3037 plenum?
3148 2966 3254 3021 Sed
3299 2965 3420 3020 vide
3468 2981 3579 3021 rem

2005 3082 2315 3142 prosperam
2359 3064 2679 3120 succedere:
2708 3061 2775 3116 Et
2819 3061 2928 3115 veni
2960 3061 3015 3115 in
3043 3070 3228 3115 terram
3255 3075 3405 3127 quam
3434 3074 3581 3112 mon-

2002 3172 2225 3217 stravere
2253 3158 2361 3225 tibi,
2388 3166 2434 3212 et
2463 3156 2651 3228 faciam
2679 3164 2727 3209 ts
2748 3155 2801 3207 in
2825 3162 3021 3225 gentem
3043 3167 3299 3223 magnam.
3315 3148 3450 3219 Quid
3482 3149 3580 3219 igi-

2004 3255 2122 3310 tur?
2148 3268 2216 3307 an
2243 3250 2331 3307 ubi
2370 3251 2423 3305 in
2473 3260 2667 3304 terram
2712 3246 2875 3312 venit,
2920 3253 2975 3301 et
3015 3244 3082 3300 ad
3119 3254 3327 3315 portum
3357 3244 3580 3313 appulit,

2004 3346 2173 3403 tristia
2201 3342 2515 3401 cessarunt?
2541 3341 2913 3412 Nequaquam;
2937 3338 3045 3393 imo
3065 3338 3165 3392 alia
3182 3335 3447 3406 prioribus
3462 3351 3579 3406 gra-

2002 3439 2151 3493 viora
2178 3437 2323 3491 illum
2346 3443 2702 3505 exceperunt;
2734 3431 2903 3486 fames
2926 3438 2981 3485 et
3006 3428 3420 3498 transmigratio,
3452 3441 3581 3481 uxo-

2002 3532 2079 3588 ris
2103 3540 2319 3600 raptus:
2345 3538 2399 3584 et
2422 3537 2602 3597 postea
2625 3527 2761 3581 bona
2792 3525 2892 3579 alia
2922 3530 3316 3583 successerunt.
3349 3521 3582 3575 Pharao—

2004 3624 2088 3677 nis
2110 3622 2281 3691 plaga,
2318 3618 2582 3683 dimtssio,
2615 3616 2807 3682 honor,
2856 3614 3023 3668 multa
3066 3612 3153 3667 illa
3182 3611 3344 3675 dona,
3379 3609 3584 3665 reditus

2001 3716 2238 3771 domum.
2289 3712 2417 3781 Quae
2459 3718 2751 3779 sequuntur
2790 3721 2971 3763 autem
3010 3704 3196 3761 eadem
3227 3703 3366 3758 serie
3396 3717 3583 3772 proce-

2000 3806 2155 3872 dunt,
2180 3804 2333 3860 bonis
2360 3812 2415 3858 et
2454 3802 2609 3856 malis
2654 3799 2932 3870 permixta.
2971 3794 3242 3865 Apostolis
3270 3808 3480 3864 quoque
3506 3795 3583 3847 si-

2003 3897 2148 3953 milia
2172 3902 2487 3951 cvenerunt.
2518 3891 2640 3945 Ideo
2667 3888 2860 3943 Paulus
2885 3886 3128 3942 dicebat:
3162 3883 3262 3952 Qui
3293 3885 3583 3938 consolatur

2001 4003 2094 4041 nos
2120 3987 2174 4040 in
2211 3984 2346 4039 omni
2386 3981 2727 4045 tribulatione,
2768 3989 2821 4033 ut
2852 3978 3099 4049 possimus
3138 3985 3184 4029 et
3212 3991 3303 4029 nos
3330 3974 3582 4028 consolari

2000 4094 2105 4143 eos,
2136 4077 2296 4147 quiin
2323 4075 2457 4129 omni
2486 4072 2811 4127 tribulatione
2837 4078 2953 4125 sunt
2997 4066 3074 4140 (2.
3104 4066 3222 4121 Cor.
3249 4066 3302 4121 l.
3332 4065 3412 4137 4).
3443 4064 3583 4133 Quid

2001 4170 2121 4225 haec
2139 4167 2206 4222 ad
2233 4181 2342 4235 me,
2365 4165 2593 4236 inquies,
2623 4163 2711 4233 qui
2734 4176 2946 4231 semper
2975 4161 3028 4215 in
3055 4158 3244 4214 dolore
3265 4160 3485 4213 versor?
3503 4157 3582 4212 Ne

2000 4262 2259 4333 ingratus,
2286 4273 2353 4313 ne
2378 4256 2757 4313 beneﬁciorum
2781 4255 3061 4308 immemor
3078 4260 3195 4306 esto
3215 4266 3230 4305 :
3251 4264 3422 4320 neque
3436 4248 3579 4304 enim

2000 4353 2114 4410 lieri
2141 4358 2319 4423 potest
2345 4359 2404 4406 ut
2426 4348 2549 4421 quis
2577 4361 2789 4416 semper
2814 4346 2867 4399 in
2889 4343 3073 4398 dolore
3092 4351 3368 4398 versetur:
3397 4354 3501 4394 non
3526 4338 3576 4394 id

1999 4454 2189 4503 natura
2210 4443 2350 4499 ferre
2369 4449 2582 4511 posset;
2604 4436 2697 4493 sed
2718 4436 2840 4507 quia
2860 4448 3073 4504 semper
3092 4431 3144 4487 in
3164 4430 3358 4503 gaudio
3377 4429 3578 4485 versari

1998 4536 2274 4599 vellemus,
2303 4532 2424 4588 ideo
2448 4545 2546 4586 nos
2590 4542 2802 4599 semper
2830 4526 2882 4581 in
2909 4538 3141 4581 mmrore
3166 4537 3286 4578 esse
3311 4530 3575 4591 putamus.

1997 4629 2182 4699 Neque
2207 4627 2307 4681 hac
2327 4625 2396 4680 de
2424 4638 2585 4681 causa
2612 4630 2834 4684 tantum,
2882 4616 2977 4673 sed
3006 4616 3130 4688 quia
3155 4615 3416 4669 bonarum
3459 4627 3578 4683 pro-

1997 4733 2378 4793 sperarumque
2396 4731 2574 4773 rerum
2591 4714 2771 4769 statim
2797 4709 3178 4774 obliviseimur,
3197 4706 3425 4761 tristium
3448 4720 3575 4759 vero

1997 4827 2211 4883 semper
2236 4808 2595 4871 recordamur,
2614 4804 2811 4861 idcirco
2831 4816 2929 4857 nos
2954 4798 3232 4869 semperin
3258 4796 3441 4852 dolore
3457 4809 3578 4851 esse

1997 4882 2245 4960 dicimus.
2271 4901 2451 4971 Neque
2481 4899 2620 4953 enim
2653 4902 2828 4967 potest
2856 4893 3016 4947 homo
3052 4904 3265 4959 semper
3293 4888 3345 4942 in
3374 4882 3580 4941 dolori-

1998 4999 2098 5055 bus
2123 5012 2263 5053 esse.
2293 4995 2347 5050 Si
2381 4994 2551 5063 placet
2576 4999 2775 5054 autem,
2798 5002 2918 5042 eum
2944 4984 3033 5056 qui
3060 4984 3112 5038 in
3137 4980 3345 5036 deliciis
3363 4993 3576 5047 semper

1998 5093 2160 5147 vitam
2187 5088 2295 5159 agit
2320 5085 2681 5156 exploremus,
2710 5079 2995 5134 delicatum
3021 5086 3235 5141 nempe,
3267 5070 3573 5125 afﬂuentem

1996 5180 2263 5245 omnibus,
2302 5190 2509 5232 necnon
2537 5185 2914 5234 :rrumnosum,
2954 5166 3231 5231 afﬂictum,
3262 5178 3315 5217 tn
3343 5174 3577 5216 mmrore

1998 5281 2325 5334 versantem.
2348 5268 2481 5326 Nam
2502 5262 2985 5323 demonstrabimus
3006 5258 3176 5325 vobis,
3192 5269 3291 5311 nec
3315 5254 3463 5311 illum
3480 5251 3578 5306 do-

1999 5372 2151 5436 loris,
2178 5382 2278 5423 nec
2305 5365 2446 5420 hunc
2466 5358 2861 5431 tranquillitatis
2888 5368 3105 5426 prorsus
3131 5358 3403 5419 expertem
3433 5360 3572 5401 εςςρ.

1998 5462 2197 5522 Verum
2214 5473 2281 5514 ne
2296 5454 2601 5512 turbemini.
2633 5452 2972 5521 Supponatur
2998 5446 3051 5501 in
3082 5443 3258 5499 medio
3282 5439 3575 5496 consistere

2064 5647 2080 5678 ⁸
2114 5642 2240 5695 Editi
2264 5651 2317 5692 ut
2340 5642 2389 5691 in
2415 5646 2554 5691 textu
2579 5639 2778 5688 habent.
2803 5642 2933 5697 ιδεμ,
2956 5646 3045 5685 nec
3083 5636 3298 5695 optemus
3322 5634 3371 5677 ut
3394 5626 3578 5678 subditi

1996 5707 2130 5758 nobis
2151 5705 2423 5756 adulantur.
2580 5762 2583 5763 ν
3363 5752 3376 5763 ,
3466 5753 3496 5763 _,

2062 5752 2461 5828 ililii,itto’r’tiergo
2505 5762 2783 5828 dolendum,
2822 5774 2865 5811 st
2886 5765 3190 5823 aegrotemus,
3213 5752 3407 5821 quando
3432 5753 3576 5805 etiam

1993 5844 2104 5884 cum
2127 5824 2244 5884 bene
2269 5824 2495 5890 paternus,
2521 5824 2782 5877 dotentlum
2802 5830 2889 5875 est.
