4108 6376
367 334 472 390 i333

364 453 530 509 multa
562 450 704 512 fecit,
752 458 803 504 ct
853 448 920 503 de
949 447 1129 502 multis
1157 445 1579 515 sublimihusque
1609 445 1944 516 dogmatibus

364 544 635 607 disseruit,
668 543 964 612 multasque
993 541 1214 609 prmbuit
1241 540 1723 594 demonstrationes
1745 549 1796 592 et
1816 538 1948 592 divi-

363 636 544 691 nitatis
572 651 704 696 suae,
751 645 804 689 et
835 650 945 690 suae
985 648 1105 687 cum
1146 632 1302 687 Patre
1342 631 1665 694 concordiae,
1697 640 1823 685 tunc
1849 631 1944 685 de-

332 740 504 778 ‘mum
540 727 678 782 hanc
706 727 808 782 illis
839 725 1042 796 profert
1067 724 1558 792 interrogationem.
1581 722 1762 791 Neque
1791 721 1941 786 dixit,

355 817 527 879 Quem
553 835 638 873 me
659 820 842 873 dicunt
867 833 987 872 esse
1008 815 1196 871 scribae
1223 827 1275 869 et
1298 814 1586 869 Pharisaei?
1611 816 1851 883 quamvis
1869 812 1943 866 illi

363 911 532 979 ipsum
563 925 706 980 szepe
731 908 1026 965 disserendi
1057 921 1214 963 causa
1238 907 1618 962 convenerint:
1641 896 1757 968 sed,
1784 906 1944 970 Quem

361 1019 441 1056 me
466 1004 643 1056 dicunt
669 1004 893 1056 homines
920 1002 1067 1055 esse?
1094 1000 1275 1071 pepuli
1319 999 1645 1068 opinionem,
1681 1012 1799 1066 quae
1825 997 1942 1051 sine

359 1096 668 1166 acceptione
687 1109 807 1148 esse
824 1095 979 1155 solet,
1008 1094 1304 1162 requirens.
1335 1091 1482 1145 Licet
1507 1091 1648 1144 enim
1675 1089 1757 1142 illa
1786 1089 1940 1158 longe

358 1187 616 1256 dejectior
646 1197 789 1241 esset
816 1201 972 1256 quam
999 1200 1094 1252 par
1119 1193 1255 1247 erat,
1284 1193 1336 1236 at
1365 1197 1391 1235 a
1421 1181 1650 1251 nequitia
1677 1189 1792 1234 erat
1811 1181 1939 1233 alie-

359 1293 424 1332 na
451 1297 462 1328 :
489 1278 880 1334 Pltarismorum
910 1286 1085 1330 autem
1115 1276 1292 1345 opinio
1319 1274 1593 1344 iniquitate
1624 1273 1773 1341 plena
1801 1279 1934 1325 erat.

361 1373 427 1424 Iit
451 1371 743 1426 ostendens
779 1386 936 1439 quam
967 1370 1128 1425 vellet
1170 1367 1520 1422 teconomiam
1551 1366 1664 1420 sive
1693 1365 1936 1419 incarna-

358 1467 556 1520 tionem
589 1466 639 1519 in
669 1463 918 1520 confesso
949 1463 1156 1528 haberi,
1202 1462 1298 1525 ait,
1345 1459 1537 1513 Filium
1581 1458 1814 1520 hominis,
1859 1457 1935 1511 sic

355 1557 686 1611 divinitatem
714 1556 1008 1626 appellans,
1039 1564 1098 1608 ut
1125 1554 1246 1608 alibi
1292 1566 1434 1621 βαῖνε
1465 1551 1604 1605 facit.
1640 1551 1739 1604 Ait‘
1765 1549 1929 1612 enim,

357 1649 520 1704 Nemo
547 1651 771 1703 ascendit
799 1649 850 1702 in
880 1651 1080 1712 etclam,
1104 1647 1201 1700 nisi
1230 1647 1278 1700 F
1281 1647 1402 1700 ilius
1427 1646 1662 1710 hominis,
1691 1645 1778 1714 qui
1795 1645 1933 1697 estin

353 1743 476 1796 caelo
507 1740 684 1812 (Joan.
712 1742 764 1796 5.
790 1741 912 1808 15);
942 1750 994 1794 et
1018 1755 1250 1803 rursum,
1275 1737 1401 1792 Cum
1418 1748 1585 1790 autent
1608 1736 1829 1789 videritis
1850 1732 1934 1787 Fi-

352 1836 475 1888 lium
506 1834 723 1888 hominis
751 1833 1100 1886 ascendentem
1127 1831 1210 1884 ubi
1235 1840 1342 1885 erat
1373 1830 1511 1900 prius
1543 1829 1718 1900 (Joan.
1743 1827 1796 1882 6.
1815 1827 1927 1888 65).

354 1927 553 1981 Deinde
578 1927 700 1996 quia
746 1926 1014 1986 dicebant,
1064 1924 1149 1978 14.
1204 1923 1303 1975 Λίξὶ
1332 1920 1584 1974 Joannem
1622 1919 1925 1988 Baptistam,

349 2019 441 2071 alii
462 2017 653 2076 Eliam,
679 2016 770 2070 alii
789 2015 1085 2080 Jeremiant,
1111 2013 1200 2068 alii
1231 2029 1385 2066 unum
1407 2029 1468 2066 ea:
1497 2011 1928 2082 prOphetis:faIsa

349 2111 560 2164 illorum
591 2110 843 2179 opinione
877 2109 930 2162 in
963 2108 1194 2162 medium
1240 2105 1468 2160 adducta
1499 2103 1806 2174 subjunxit:
1837 2104 1923 2157 15.

361 2201 457 2256 Vos
481 2212 650 2256 autem
673 2217 820 2271 quem
862 2217 939 2254 me
973 2216 1080 2253 esse
1110 2198 1314 2252 dicitis?
1340 2213 1404 2252 ex
1434 2196 1664 2252 secunda
1694 2197 1926 2250 interro-

336 2295 557 2364 gatione
601 2295 722 2348 illos
767 2307 1019 2357 evocans,
1051 2302 1111 2346 ut
1141 2291 1313 2361 majus
1354 2290 1482 2361 quid
1524 2289 1591 2344 de
1622 2289 1713 2342 illo
1741 2289 1928 2358 Opina-

347 2396 549 2449 rentnr,
582 2384 978 2454 ostendensque
1009 2383 1138 2452 ipsis
1179 2385 1402 2452 primam
1450 2381 1757 2452 opinionem
1781 2395 1812 2434 a
1841 2379 1926 2434 di-

345 2476 544 2546 gnitate
558 2489 650 2530 sua
678 2475 857 2545 procul
880 2476 1088 2528 abesse.
1115 2473 1238 2528 Ideo
1256 2473 1413 2526 aliam
1432 2471 1500 2525 ab
1524 2471 1652 2540 ipsis
1671 2471 1920 2540 exquirit,

345 2578 398 2621 el.
423 2567 711 2623 secundum
739 2567 940 2637 profert
969 2566 1458 2636 interrogationem,
1502 2579 1570 2618 ne
1601 2577 1721 2618 cum
1746 2561 1926 2615 multis

345 2663 627 2727 sentirent,
658 2663 745 2732 qui
776 2662 1025 2730 quoniam
1055 2662 1206 2731 signa
1235 2659 1476 2714 viderant
1519 2657 1720 2728 majora
1764 2669 1922 2726 qttam

343 2771 462 2824 qua:
485 2755 685 2808 homini
711 2766 1017 2824 con'ipetere
1047 2763 1282 2824 possent,
1323 2751 1590 2806 hominem
1613 2749 1827 2820 quidem
1860 2747 1924 2801 il-

343 2851 449 2902 111111
493 2865 611 2903 esse
642 2849 915 2918 putabant,
959 2847 1052 2902 sed
1098 2863 1164 2902 ex
1210 2845 1434 2901 mortuis
1461 2845 1838 2906 resurrexisse,
1870 2839 1920 2894 id

341 2939 480 3009 quod
507 2939 720 2994 dicebat
748 2939 1008 2994 Herodes.
1040 2937 1144 2993 Sed
1173 2937 1426 3006 illeipsos
1450 2950 1478 2988 a
1508 2935 1594 2988 tali
1621 2933 1922 3002 suspicione

341 3032 611 3086 abducens
639 3033 746 3085 ait:
790 3031 886 3085 Vos
907 3042 1074 3083 autent
1102 3047 1246 3100 quem
1268 3045 1346 3082 me
1365 3044 1469 3082 esse
1497 3027 1662 3080 dicitis
1679 3027 1704 3079 Σ)
1735 3025 1787 3078 Id
1815 3033 1916 3086 est,

341 3124 438 3190 Qtii
470 3137 685 3192 semper
711 3138 918 3177 mecum
948 3122 1078 3176 estis
1115 3131 1168 3176 et
1199 3120 1453 3174 miracula
1484 3118 1730 3172 edentem
1777 3116 1923 3168 V‘ItIC-

341 3219 428 3281 lis,
460 3219 546 3287 qui
581 3225 634 3271 et
677 3217 773 3286 ipsi
806 3231 899 3285 per
929 3232 1014 3270 me
1057 3216 1279 3268 virtutes
1309 3213 1504 3267 multas
1534 3211 1756 3266 fecistis.
1783 3209 1920 3276 Quid

341 3311 497 3380 igitur
526 3325 586 3361 os
606 3311 967 3378 apostolorum
997 3309 1220 3363 Petrus?
1246 3308 1468 3376 Semper
1496 3306 1730 3372 fervens,
1767 3305 1917 3360 chori

339 3402 613 3469 apostolici
643 3400 977 3472 coryphmus,
1001 3400 1245 3455 omnibus
1277 3398 1636 3468 interrogatis,
1683 3397 1794 3466 ipse
1830 3412 1920 3450 re-

338 3494 582 3557 srondet.
631 3494 845 3547 Etcum
885 3493 952 3548 de
999 3493 1258 3548 sententia
1304 3492 1481 3562 pepuli
1535 3491 1918 3554 sciscitaretur,

337 3602 523 3640 omnes
554 3585 976 3654 reSponderunt:
1009 3602 1128 3640 cum
1161 3596 1337 3639 autem
1356 3584 1421 3639 de
1441 3599 1535 3639 sua
1568 3599 1666 3637 eos
1687 3591 1915 3652 rogaret,

339 3678 527 3732 Petrus
557 3679 766 3746 prosilit
806 3687 860 3732 et
899 3677 1189 3747 praettertit,
1231 3677 1442 3746 aitque:
1469 3675 1554 3730 16.
1593 3674 1669 3728 Tu
1697 3691 1748 3729 es
1774 3673 1922 3728 Chri—

336 3778 441 3822 stus
466 3768 630 3822 Filius
654 3768 748 3823 Dei
768 3769 882 3822 vivi.
903 3767 1038 3836 Quid
1066 3782 1193 3838 ergo
1216 3766 1496 3821 Christus?
1517 3767 1604 3821 I7.
1636 3764 1824 3818 Beatus
1843 3777 1915 3829 es,

338 3858 514 3913 Simon
534 3859 820 3926 Bar—Jona,
838 3860 956 3928 quia
985 3875 1104 3913 caro
1139 3872 1185 3913 et
1210 3859 1414 3929 sanguis
1435 3875 1534 3910 non
1553 3857 1786 3910 revelavit
1808 3855 1914 3908 tibi.

338 3953 493 4020 Atqui
530 3952 626 4004 nisi
655 3951 843 4006 Petrus
873 3952 950 4006 sic
976 3951 1148 4020 ipsum
1177 3965 1303 4006 vere
1328 3951 1609 4005 confessus
1638 3949 1842 4013 fuisset,
1863 3955 1919 4000 ut

333 4047 402 4099 ab
431 4047 547 4115 ipso
577 4046 733 4100 Patre
778 4047 1038 4116 genitum,
1082 4062 1188 4100 non
1229 4045 1415 4101 fuisset
1443 4045 1543 4100 hoc
1579 4043 1917 4099 revelationis

333 4151 489 4206 opus,
518 4138 562 4191 si
593 4153 755 4192 unum
784 4153 848 4192 ex
878 4138 1056 4192 multis
1085 4137 1230 4191 illum
1260 4152 1383 4192 esse
1404 4145 1659 4207 putasset,
1680 4151 1785 4190 non
1803 4145 1918 4190 erat

333 4229 462 4281 illud
495 4229 823 4283 beatitudine
849 4229 1087 4299 dignum.
1118 4229 1329 4284 Etenim
1354 4229 1464 4298 jam
1493 4237 1647 4282 antea
1669 4227 1918 4280 dicebant

334 4321 370 4373 ii
395 4321 482 4389 qui
522 4321 573 4374 in
603 4320 811 4391 navigio
835 4330 991 4376 erant
1017 4330 1134 4390 post,
1163 4330 1557 4391 tempestatem,
1599 4319 1725 4374 Vere
1749 4318 1916 4373 Filius

337 4411 433 4465 Dei
473 4422 544 4466 est
585 4413 666 4466 hic
717 4412 929 4481 (Matth.
962 4415 1049 4468 M.
1083 4415 1200 4479 53),
1246 4428 1347 4468 nec
1389 4422 1565 4468 tamen
1608 4413 1747 4468 beati
1788 4411 1915 4466 dicti

334 4512 481 4568 sinit,
511 4505 610 4558 etsi
635 4519 762 4559 vere
790 4505 1037 4560 dixerint.
1071 4504 1185 4559 Non
1213 4504 1354 4558 enim
1387 4504 1462 4558 sic
1496 4503 1704 4568 Filium,
1736 4512 1793 4554 ut
1818 4503 1917 4556 Pe-

337 4607 468 4659 trus,
498 4596 727 4649 confessi
751 4606 910 4661 sunt;
941 4595 1036 4650 sed
1066 4612 1227 4650 unum
1258 4611 1324 4651 ex
1355 4596 1536 4650 multis
1559 4610 1684 4650 vere
1724 4594 1914 4649 Filium

333 4702 455 4742 esse
484 4687 760 4756 putabant,
786 4688 1040 4742 eximium
1071 4688 1287 4757 quidem
1317 4687 1456 4743 inter
1484 4687 1702 4751 multos,
1734 4700 1834 4742 nec
1847 4695 1918 4739 ta-

337 4795 458 4833 men
487 4794 550 4832 es
586 4778 698 4847 ipsa
732 4779 904 4833 Patris
930 4779 1243 4834 substantia.

404 4870 456 4922 2.
492 4868 672 4923 Petrus
698 4887 790 4923 cur
815 4870 987 4925 beatas
1032 4871 1249 4924 dicatur.
1294 4870 1794 4925 Consubstantialitas
1822 4871 1918 4923 de-

336 4971 662 5014 monstratur.
695 4960 802 5015 Sub
823 4961 924 5030 ﬁne
956 4961 1106 5030 huius
1136 4964 1350 5027 numeri,
1404 4963 1629 5014 Anontaei
1655 4972 1701 5014 et
1737 4961 1918 5014 Ariani

334 5053 730 5122 redarguuntar.
753 5081 823 5092 —
846 5051 1139 5106 Nathanael
1166 5067 1376 5121 quoque
1401 5052 1629 5112 dicebat,
1658 5049 1838 5115 Rabbi,
1864 5062 1918 5104 tu

336 5159 385 5194 es
411 5141 576 5196 Filius
605 5141 718 5206 Dei,
773 5153 825 5195 tu
860 5159 912 5196 es
945 5159 1036 5196 rex
1083 5141 1250 5197 Israel
1279 5142 1472 5213 (Joan.
1504 5139 1704 5213 1.19).
1737 5142 1917 5212 Neque

334 5232 506 5286 solum
551 5247 654 5288 non
699 5233 885 5287 beatus
909 5233 1132 5291 dicitur:
1178 5249 1362 5287 verum
1390 5234 1549 5289 etiam
1576 5234 1727 5303 quasi
1752 5235 1918 5288 multo

337 5327 588 5382 inferiora
623 5343 781 5397 quam
823 5329 1104 5397 oportebat
1139 5329 1379 5394 dixisset,
1425 5329 1602 5382 abillo
1645 5327 1916 5398 redargui-

337 5431 422 5475 tur
459 5439 470 5474 :
509 5421 788 5491 subjuuxit
840 5423 1016 5486 enim,
1068 5422 1199 5488 Quia
1245 5423 1353 5475 dixi
1414 5423 1535 5486 tibi,
1593 5419 1707 5474 Vidi
1749 5433 1796 5474 te
1829 5421 1916 5474 sub

336 5513 457 5580 ﬁcu,
486 5515 686 5578 credis;
713 5518 910 5585 majora
933 5516 1011 5568 his
1037 5517 1219 5568 videbis
1244 5513 1433 5587 (Joan.
1469 5517 1518 5568 1.
1538 5515 1663 5584 50).
1691 5514 1797 5569 Cur
1818 5514 1916 5582 igi-

338 5613 420 5656 tur
451 5604 635 5659 Petrus
670 5605 853 5660 beatus
874 5606 1110 5660 dicitur?
1140 5607 1270 5672 Quia
1307 5606 1454 5660 illum
1489 5608 1697 5677 proprie
1728 5605 1766 5659 F
1772 5607 1917 5660 ilium

337 5696 614 5751 confessus
637 5705 738 5751 est.
787 5697 988 5752 Idcirco
1019 5697 1122 5750 illis
1145 5713 1429 5765 numquam
1469 5697 1710 5752 Christus
1748 5697 1920 5752 simile

339 5786 609 5859 quidpiam
631 5787 801 5843 dixit:
831 5789 917 5843 hic
940 5799 1115 5844 autem
1140 5790 1300 5844 etiam
1327 5805 1450 5844 eum
1471 5791 1559 5861 qui
1589 5791 1922 5847 revelaverat

672 5903 943 5963 PATnOL.
993 5903 1108 5963 Gn.
1163 5902 1380 5964 LVIII.

1359 329 1421 384 IN
1461 329 1866 386 MATTHIEUM
1911 330 2139 385 IIOMIL.
2187 331 2315 386 LIV.
2358 333 2428 386 al.
2471 333 2580 386 LV.

3542 335 3643 394 551

2057 444 2363 500 declaravit.
2387 445 2517 500 Nam
2548 462 2614 502 ne
2640 447 2848 516 plurimi
2879 447 3159 502 crederent
3197 465 3316 504 eum
3337 450 3458 522 quia
3485 452 3642 508 Chri-

2056 550 2193 589 stum
2228 538 2492 593 ferventer
2517 540 2767 605 amabat,
2797 541 2995 596 amoris
3037 553 3091 596 et
3127 542 3447 599 adulationis
3469 545 3632 600 verba

2056 628 2357 696 protulisse,
2387 639 2548 700 atque
2569 646 2634 685 ex
2654 630 2845 686 affectu
2870 642 2922 687 et
2937 638 3124 702 gratia,
3153 633 3203 687 in
3226 635 3460 690 medium
3483 636 3637 692 affert

2051 737 2172 777 eum
2202 724 2288 791 qui
2311 724 2359 778 id
2392 725 2463 778 illi
2491 726 2838 796 inspiraverat
2866 745 2879 781 :
2910 737 2966 780 ut
2997 727 3191 787 discas,
3221 729 3434 783 Petrum
3468 731 3632 785 verba

2055 816 2358 882 protulisse,
2385 815 2594 871 Patrem
2628 833 2754 872 vero
2779 818 3008 873 dictasse
3036 835 3048 870 :
3081 829 3135 872 ut
3157 835 3260 872 non
3289 821 3420 874 ultra
3448 822 3634 875 crede-

2049 919 2137 959 res
2162 905 2444 960 humanam
2465 909 2770 977 opinionem
2801 909 2887 964 illa
2917 925 3037 964 esse
3055 927 3174 980 qum
3201 912 3338 966 dicta
3365 923 3507 975 sunt,
3535 915 3629 968 sed

2049 995 2282 1051 divinum
2323 998 2533 1068 dogma.
2557 997 2663 1053 Cur
2685 1010 2860 1055 autem
2905 1017 3008 1055 nou
3049 1003 3099 1056 id
3150 1003 3261 1072 ipse
3293 1007 3624 1072 pronuntiat,

2047 1103 2146 1142 nec
2165 1088 2313 1150 dicit,
2346 1090 2456 1159 Ego
2482 1105 2598 1144 sum
2621 1089 2861 1146 Christus
2886 1110 2898 1146 :
2931 1093 3020 1147 sed
3049 1109 3141 1163 per
3163 1095 3624 1164 ittlel‘rognlitttwnt

2046 1181 2173 1234 illud
2204 1194 2454 1252 apparat,
2485 1193 2542 1236 ut
2570 1184 2689 1238 illos
2719 1184 2934 1240 inducat
2959 1184 3023 1239 ad
3073 1187 3466 1241 confitendum?
3486 1189 3624 1255 Quo-

2044 1272 2184 1324 niam
2217 1273 2342 1326 illud
2373 1285 2426 1327 et
2455 1274 2554 1342 ipsi
2580 1277 2976 1344 congruentius,
3001 1287 3050 1330 et
3081 1277 3247 1346 magis
3267 1280 3620 1334 necessarium

2042 1375 2175 1430 erat,
2205 1366 2425 1436 illosque
2451 1369 2615 1436 magis
2639 1371 2704 1420 ad
2729 1369 2882 1423 Iidem
2906 1385 3090 1423 eorum
3115 1385 3229 1439 qua:
3255 1371 3391 1424 dicta
3417 1371 3618 1426 fuerant

2041 1457 2360 1509 attralieliat.
2406 1456 2592 1512 Viden‘
2649 1460 2916 1527 quomodo
2959 1459 3146 1514 Filium
3189 1461 3388 1516 revelat
3428 1462 3621 1518 Pater?

2039 1547 2304 1618 quomodo
2329 1548 2536 1603 Patrem
2565 1550 2772 1603 Filius?
2805 1549 2980 1617 Neque
3019 1550 3244 1613 Patrem,
3279 1553 3468 1622 inquit,
3509 1556 3622 1620 quis

2039 1643 2174 1696 novit
2200 1644 2295 1697 nisi
2322 1642 2506 1707 Filius,
2553 1654 2598 1698 et
2630 1646 2712 1698 cui
2742 1645 2952 1699 voluerit
2980 1644 3148 1698 Filius
3184 1647 3404 1700 revelare
3444 1651 3460 1717 (
3490 1647 3613 1701 Lac.

2039 1735 2124 1790 I0.
2151 1735 2272 1807 22).
2304 1734 2421 1791 Non
2461 1751 2589 1807 ergo
2616 1751 2899 1807 possumus
2945 1737 3160 1792 aliunde
3185 1753 3508 1808 cognoscere
3535 1739 3620 1792 Fi-

2036 1825 2184 1889 lium,
2215 1841 2371 1896 quam
2410 1842 2504 1896 per
2530 1829 2700 1897 ipsum
2729 1829 2961 1893 Patrem,
2996 1845 3168 1898 neque
3193 1829 3428 1895 Patrem,
3460 1845 3617 1900 quam

2036 1934 2128 1988 per
2170 1919 2340 1988 ipsum
2373 1920 2584 1974 Filium.
2636 1920 2815 1991 Itaque
2842 1921 2963 1976 inde
3004 1930 3057 1975 et
3101 1922 3318 1976 honoris
3347 1924 3620 1992 arqualitas

2033 2020 2087 2065 et
2117 2012 2640 2066 consubstantialitas
2662 2013 3075 2068 demonstratur.
3125 2015 3256 2081 Quid
3291 2015 3446 2082 igitur
3468 2015 3618 2070 Cltri-

2032 2104 2184 2157 stus?
2216 2103 2289 2157 Tu
2328 2122 2378 2157 es
2414 2105 2594 2160 Simon
2628 2105 2765 2174 ﬁlias
2800 2107 2972 2170 Jona;
3015 2120 3066 2158 tu
3111 2109 3361 2160 vocaberis
3395 2106 3612 2172 Cen/tas.

2030 2194 2162 2261 Quia
2184 2196 2346 2261 enim,
2371 2196 2558 2265 inquit,
2578 2197 2785 2251 Patrem
2809 2211 2982 2252 meum
3009 2198 3322 2265 pra-dicasti,
3349 2213 3447 2266 ego
3471 2200 3614 2253 illum

2031 2292 2247 2344 nomino
2277 2291 2362 2361 qui
2391 2302 2440 2346 te
2478 2292 2662 2362 genuit
2695 2307 2798 2346 :ac
2827 2293 2870 2346 si
2907 2291 3130 2358 diceret,
3178 2291 3324 2346 Sient
3377 2301 3429 2346 lu
3481 2294 3613 2348 filius

2029 2382 2182 2450 Jona,
2215 2384 2293 2439 sic
2313 2400 2412 2455 ego
2439 2385 2612 2439 Patris
2639 2387 2740 2440 mei
2772 2385 2960 2440 Filius.
2990 2385 3121 2440 Nam
3162 2401 3612 2454 supervacaneum

2031 2477 2217 2533 fuisset
2244 2479 2445 2544 dicere,
2473 2477 2554 2532 Tu
2579 2496 2629 2533 es
2667 2478 2804 2548 ﬁlius
2850 2477 2987 2532 Jona
3017 2494 3036 2532 :
3064 2478 3157 2533 sed
3184 2478 3305 2548 quia
3352 2479 3441 2534 ille
3481 2478 3616 2534 dixit

2029 2568 2216 2624 Filium
2245 2569 2356 2633 Dei,
2391 2577 2448 2624 ut
2487 2569 2812 2633 ostenderet,
2849 2571 3020 2638 ipsum
3049 2583 3166 2623 esse
3204 2569 3291 2622 Dei
3319 2568 3534 2632 Filium,
3558 2579 3616 2624 ut

2029 2661 2117 2715 ille
2165 2660 2305 2715 filius
2326 2670 2438 2716 erat
2467 2660 2596 2715 Jona
2617 2703 2630 2724 ,
2660 2661 2900 2730 ejusdem
2932 2675 3050 2714 cum
3083 2669 3230 2729 patre
3270 2660 3608 2723 substantiae,

2027 2752 2147 2807 ideo
2176 2752 2300 2806 illud
2341 2751 2559 2824 addidit.
2595 2752 2681 2806 18.
2724 2751 2788 2804 Et
2837 2767 2926 2820 ego
2960 2751 3072 2803 dico
3099 2751 3205 2817 tibi,
3245 2760 3298 2804 tu
3325 2767 3376 2805 es
3407 2749 3607 2816 Petrus,

2026 2855 2073 2898 et
2097 2861 2246 2915 super
2269 2845 2400 2898 hanc
2420 2854 2611 2915 petram
2639 2844 2898 2913 wdiﬁcabo
2921 2843 3197 2897 Ecclesium
3221 2859 3403 2906 meam,
3424 2842 3474 2896 id
3501 2856 3604 2904 est,

2025 2949 2184 3005 super
2212 2935 2366 2989 fidem
2396 2934 2770 2990 confessionis.
2819 2934 2951 2988 IIinc
2994 2933 3229 2987 declarat
3267 2934 3461 2987 multos
3488 2949 3609 2988 esse

2025 3027 2338 3090 credituros,
2369 3029 2588 3096 ejusque
2619 3017 2830 3080 sensum
2861 3026 3033 3095 erigit,
3059 3033 3113 3078 et
3143 3033 3406 3092 pastorem
3439 3025 3607 3094 ipsum

2025 3119 2315 3174 constituit.
2360 3118 2426 3172 Et
2469 3130 2628 3189 por-tte
2662 3119 2813 3189 inferi
2853 3135 2954 3172 non
2999 3117 3334 3186 prarvalebunt
3369 3117 3609 3172 adversus

2025 3228 2154 3265 eant.
2185 3211 2240 3267 Si
2268 3227 2397 3267 vero
2443 3212 2697 3266 adversus
2729 3226 2846 3266 eam
2886 3225 2990 3263 non
3030 3208 3414 3280 prmvalebunt,
3443 3209 3610 3262 multo

2026 3305 2198 3358 minus
2233 3304 2514 3359 adversum
2545 3319 2630 3357 me
2659 3302 3036 3372 prtevalebunt.
3063 3301 3241 3370 Itaque
3264 3315 3330 3354 ne
3357 3299 3605 3366 turheris,

2023 3408 2143 3450 cam
2172 3394 2355 3449 audies
2391 3410 2475 3449 me
2504 3394 2752 3448 traditum
2780 3403 2832 3447 et
2879 3391 3192 3447 cruciﬁxum
3221 3407 3358 3446 esse.
3406 3389 3609 3446 Deinde

2024 3488 2250 3541 alterum
2279 3486 2407 3541 dicit
2433 3486 2690 3540 honorem
2727 3504 2740 3540 :
2773 3484 2857 3540 I9.
2890 3483 3002 3554 Ego
3034 3493 3202 3537 autem
3223 3483 3351 3538 dabo
3377 3482 3466 3536 tibi
3503 3483 3611 3536 cla-

2023 3594 2104 3632 ves
2129 3578 2272 3649 regni
2296 3578 2552 3631 cazlorum.
2572 3577 2706 3643 Quid
2734 3576 2996 3645 significat
3024 3575 3172 3641 illud,
3201 3574 3312 3645 Ego
3329 3583 3495 3627 autem
3521 3574 3610 3628 tibi

2023 3673 2194 3726 dabo?
2218 3671 2673 3740 Quemadmodum
2701 3669 2860 3724 Pater
2890 3670 2980 3722 tibi
3002 3655 3150 3723 dedit
3195 3681 3254 3723 ut
3294 3683 3379 3722 me
3405 3683 3606 3738 cogno-

2021 3779 2220 3834 sceres,
2254 3767 2329 3819 sic
2355 3775 2406 3818 ct
2434 3779 2532 3834 ego
2565 3763 2655 3816 tibi
2682 3762 2840 3818 dabo.
2866 3761 3051 3831 Neque
3075 3761 3226 3825 dixit,
3257 3759 3479 3831 Rogabo
3502 3760 3606 3814 Pa-

2023 3865 2179 3921 trem,
2211 3855 2415 3910 etiantsi
2443 3869 2631 3924 magna
2673 3863 2814 3906 esset
2859 3853 3137 3921 potestatis
3183 3849 3604 3915 demonstratio,

2022 3963 2075 4009 et
2094 3954 2219 4007 doni
2245 3953 2546 4022 magnitudo
2570 3950 2847 4006 ineffabilis
2867 3967 2880 4016 ;
2900 3949 3015 4016 sed,
3042 3947 3153 4020 Ego
3173 3949 3302 4004 dabo
3324 3950 3429 4003 tibi.
3447 3951 3604 4017 Quid,

2021 4059 2201 4116 quaeso
2222 4087 2235 4110 ,
2259 4045 2394 4098 das?
2414 4043 2588 4099 Clav'es
2609 4043 2750 4113 regni
2772 4043 3010 4096 caelorum
3039 4056 3058 4095 :
3093 4050 3139 4094 et
3184 4057 3506 4113 quacumque
3541 4043 3604 4096 li-

2020 4139 2213 4209 gaveris
2238 4153 2387 4206 super
2414 4145 2596 4190 terram
2615 4178 2630 4200 ,
2670 4145 2816 4189 erant
2837 4135 2995 4206 ligata
3019 4143 3066 4187 et
3104 4134 3158 4188 in
3177 4135 3314 4188 caelis
3347 4151 3366 4188 :
3397 4145 3443 4188 et
3471 4150 3608 4205 quae-

2021 4246 2233 4300 cumque
2257 4230 2460 4282 solveris
2485 4245 2636 4298 super
2664 4237 2870 4294 terram,
2901 4236 3042 4280 erunt
3076 4227 3245 4292 soluta
3279 4236 3324 4280 et
3365 4228 3418 4281 in
3447 4229 3604 4282 cazlis.

2020 4321 2297 4388 Quomodo
2345 4320 2502 4391 igitur
2541 4335 2643 4373 non
2680 4319 2797 4387 ejus
2837 4319 2958 4385 erit,
3011 4329 3068 4373 ut
3101 4333 3130 4373 a
3173 4319 3375 4373 dextris
3398 4322 3607 4374 etsini-

2021 4413 2146 4468 stris
2167 4413 2354 4466 sedere
2383 4411 2659 4477 concedat,
2692 4412 2780 4480 qui
2811 4409 2964 4475 dixit,
2994 4408 3105 4481 Ego
3126 4409 3213 4463 tibi
3238 4410 3404 4464 dabo?
3428 4411 3610 4465 Videu'

2021 4505 2290 4576 quomodo
2317 4505 2382 4559 ad
2411 4503 2772 4558 sublimiorem
2819 4503 2885 4559 de
2942 4517 3001 4558 se
3054 4504 3362 4573 opinionem
3394 4505 3608 4558 Petrum

2021 4599 2210 4667 erigat,
2239 4606 2293 4651 et
2320 4597 2552 4664 seipsum
2581 4595 2799 4659 revelct,
2827 4608 2888 4648 ac
2917 4608 3012 4663 per
3036 4594 3194 4648 hasce
3219 4594 3350 4647 duas
3379 4593 3606 4662 promis-

2009 4691 2199 4745 ‘siones
2220 4704 2276 4744 se
2307 4689 2499 4743 Filium
2533 4687 2622 4742 Dei
2651 4701 2770 4742 esse
2791 4683 3217 4740 OStendat?Nam
3244 4699 3362 4753 quae
3384 4685 3474 4738 ttiti
3499 4685 3608 4739 Deo

2021 4791 2146 4835 sunt
2178 4784 2407 4850 propria,
2439 4793 2630 4848 nempe
2675 4786 2888 4846 peccata
2938 4777 3168 4842 solvere,
3214 4775 3507 4830 Ecclesiam
3556 4777 3607 4829 in

2022 4883 2171 4928 tanto
2200 4872 2452 4927 fluctuum
2501 4885 2762 4926 concursu
2807 4869 3081 4924 immotam
3130 4867 3386 4934 reddere,
3432 4867 3610 4922 homi-

2022 4982 2249 5036 nemque
2279 4967 2592 5034 piscatorem
2631 4973 2741 5018 toto
2780 4965 3125 5032 impugnante
3166 4962 3298 5016 orbe
3339 4970 3489 5031 petra
3515 4964 3611 5016 tir-

2022 5063 2246 5114 miorem
2279 5057 2524 5117 reddere,
2566 5056 2680 5110 haec
2709 5071 2767 5112 se
2807 5053 2880 5109 illi
2918 5055 3163 5109 daturum
3200 5055 3524 5125 pollicetur:
3555 5066 3612 5110 ut

2025 5149 2182 5204 Pater
2206 5148 2489 5203 Jeremiam
2515 5147 2792 5216 alloquens
2816 5145 3044 5213 dicebat,
3085 5161 3143 5201 se
3182 5146 3424 5216 posuisse
3462 5147 3609 5201 illum

2022 5241 2160 5294 sicut
2187 5238 2487 5293 columnam
2514 5251 2707 5291 tuream
2736 5244 2790 5290 et
2808 5236 2944 5290 sicut
2969 5250 3178 5290 murum
3211 5237 3230 5306 (
3247 5235 3360 5290 Jer.
3387 5237 3439 5290 1.
3465 5236 3532 5291 18
3556 5237 3607 5307 );

2023 5330 2114 5386 sed
2139 5329 2283 5384 illum
2307 5329 2397 5382 uni
2427 5325 2591 5398 genti,
2620 5327 2762 5381 hunc
2782 5335 2959 5383 autem
2983 5326 3035 5380 in
3069 5326 3322 5383 universo
3346 5335 3608 5382 terrarum

2025 5425 2180 5481 orbe.
2202 5422 2455 5478 Libenter
2479 5434 2772 5492 quaererem
2793 5420 2946 5476 abiis
2988 5420 3079 5491 qui
3109 5421 3450 5475 imminutam
3491 5420 3608 5474 Filii

2026 5511 2349 5582 dignitatem
2374 5509 2587 5572 volunt,
2610 5523 2730 5578 qua:
2746 5508 2953 5576 majora
2979 5509 3090 5562 sint
3105 5509 3269 5575 dona,
3284 5526 3351 5564 an
3367 5527 3486 5581 qua
3504 5511 3605 5567 Pa-

2033 5611 2137 5665 ter,
2151 5617 2220 5657 an
2235 5618 2358 5672 qua:
2369 5600 2540 5657 Filius
2553 5599 2714 5655 Petro
2727 5597 3038 5655 dedit.Nam
3055 5598 3602 5660 Paterrevelationem

2035 5694 2156 5749 Filii
2175 5693 2332 5749 Petro
2346 5693 2516 5761 dedit;
2542 5693 2712 5748 Filius
2728 5706 2860 5747 vero
2875 5700 2926 5746 et
2945 5691 3120 5750 Patris
3137 5703 3188 5748 et
3211 5693 3294 5748 sui
3320 5693 3490 5765 ipsius
3511 5711 3603 5751 co-

2035 5789 2330 5859 gnitionem
2369 5803 2464 5860 per
2478 5797 2648 5850 totou
2681 5786 2865 5843 orbem
2893 5783 2970 5840 illi
2992 5784 3350 5843 disseminare
3372 5789 3603 5845 commi-

3264 5901 3303 5962 5
