4108 6376
490 306 589 362 535

490 421 581 487 sit,
611 434 675 476 ac
715 417 930 474 mortali
968 415 1174 472 homini
1213 429 1430 472 omnem
1465 413 1518 467 in
1562 411 1697 466 caelo
1732 419 2053 480 potestatem

489 513 658 579 dedit,
689 512 816 570 dum
868 511 1047 567 claves
1089 510 1165 564 illi
1197 507 1443 569 tradidit,
1498 508 1588 577 qui
1625 505 1921 560 Ecclesiam
1965 520 2059 572 per

493 614 664 659 totum
704 605 892 660 orbem
929 612 1194 657 terrarum
1224 601 1485 664 extendit,
1509 608 1563 652 et
1592 599 1736 652 caelis
1768 597 2058 651 ﬁrmiorem

493 700 818 752 monstravit
858 715 872 752 :
911 713 1034 750 nam
1087 697 1180 760 ait,
1217 695 1414 750 Catum
1459 705 1507 747 et
1547 704 1686 746 terra
1718 694 2064 757 transibunt;

494 789 646 842 verba
677 802 848 843 autem
871 806 984 842 mea
1009 805 1110 842 non
1129 787 1430 840 transibunt
1469 785 1664 857 (Matii.
1685 789 1774 841 9.4.
1795 785 2063 852 55).Quo-

495 883 661 936 modo
686 897 816 952 ergo
844 881 1024 935 minor
1052 880 1098 935 is
1122 881 1214 950 qui
1243 881 1368 934 talia
1391 879 1558 944 dedit,
1582 880 1672 948 qui
1706 880 1830 932 talia
1856 879 1981 933 fecit
2005 877 2068 931 ιτ

499 974 621 1029 llaec
657 990 816 1044 porro
846 975 991 1038 dico,
1026 989 1130 1027 non
1163 973 1309 1041 quod
1341 971 1520 1026 Patris
1557 985 1610 1027 et
1635 971 1753 1026 Filii
1783 988 1946 1042 opera
1983 971 2068 1024 di-

498 1069 673 1121 vidam
703 1087 714 1121 :
744 1066 936 1122 Omnia
961 1068 1095 1120 enim
1119 1083 1210 1134 per
1237 1067 1408 1135 ipsum
1435 1067 1580 1133 facta
1599 1076 1802 1128 sunt,et
1827 1066 2067 1131 siueipso

500 1159 696 1228 factum
743 1172 817 1213 est
855 1160 988 1213 nihil
1025 1158 1214 1228 (J-oan.
1249 1162 1298 1214 1.
1331 1160 1418 1226 5);
1470 1161 1563 1214 sed
1603 1169 1661 1212 ut
1701 1159 2068 1228 impudentem

503 1251 718 1306 illorum
737 1251 976 1321 linguam
995 1252 1304 1321 reprimam,
1322 1251 1414 1320 qui
1430 1251 1553 1304 talia
1574 1249 1817 1319 proferre
1839 1249 2063 1305 audent.

556 1345 607 1398 5.
651 1341 754 1396 Cur
796 1341 1024 1394 Christus
1065 1347 1182 1392 ante
1228 1352 1512 1407 passionem
1564 1351 1616 1388 se
1671 1350 1777 1386 esse
1815 1331 2072 1387 Christum

487 1433 775 1505 pervulgari
818 1433 1049 1486 noluerit.
1080 1430 1221 1484 Petri
1263 1430 1476 1496 ﬁrmitas
1510 1436 1621 1496 post
1650 1441 1868 1479 crucent.
1898 1453 1967 1462 —
1991 1422 2071 1476 Ex

491 1526 572 1578 bis
611 1524 858 1578 omnibus
894 1522 1008 1590 ejus
1051 1520 1337 1592 potentiam
1389 1517 1773 1572 animadverte.
1820 1514 1930 1586 Ego
1984 1513 2071 1567 tibi

485 1616 616 1680 dico,
649 1625 701 1668 tu
727 1631 779 1668 es
813 1613 1028 1676 Petrus;
1061 1629 1150 1683 ego
1194 1610 1456 1679 aediﬁcabo
1503 1609 1825 1672 Ecclesium;
1863 1623 1953 1678 ego
1984 1606 2073 1660 tibi

485 1708 614 1761 dabo
638 1708 800 1760 claves
819 1705 1078 1760 ctelorum.
1113 1704 1177 1757 Et
1202 1704 1291 1758 Ἦ).
1319 1713 1455 1768 tunc,
1482 1719 1602 1757 cum
1653 1701 1767 1754 haec
1812 1699 2068 1764 dixisset,

487 1802 719 1870 prwcepit
749 1801 839 1860 eis,
859 1809 915 1852 ut
938 1798 1122 1852 nemini
1149 1797 1368 1849 dicerent
1389 1794 1521 1864 quod
1539 1795 1645 1862 ipse
1668 1802 1795 1845 esset
1816 1790 2068 1844 Christus.

487 1894 553 1948 Et
588 1909 683 1947 cur
713 1892 1002 1962 praecepit?
1033 1889 1100 1944 llt
1127 1888 1393 1943 scandatis
1416 1886 1483 1940 de
1513 1885 1690 1939 medio
1711 1883 1932 1937 sublatis
1955 1921 1971 1947 ,
2018 1890 2074 1935 et

485 2001 644 2039 cruce
670 1995 832 2054 atque
856 1984 993 2048 aliis,
1027 1999 1144 2052 qua:
1183 1995 1369 2050 passus
1399 1989 1501 2041 cst,
1525 1975 1928 2041 consummatis,
1952 1975 2073 2030 nul-

489 2077 646 2144 loquc
674 2073 886 2129 demum
913 2081 1164 2137 restante,
1189 2069 1330 2141 quod
1358 2069 1440 2123 vel
1464 2067 1765 2138 impediret,
1788 2066 1869 2119 vel
1898 2065 2074 2119 turba-

488 2177 569 2222 ret
601 2167 758 2222 ﬁdem
797 2167 849 2220 in
879 2165 1050 2236 ipsum
1092 2179 1122 2218 a
1168 2163 1350 2218 multis
1386 2170 1685 2230 susceptam
1710 2200 1726 2225 ,
1765 2160 1974 2213 sincera
2020 2166 2076 2212 et

491 2257 775 2312 immobilis
813 2257 954 2310 circa
999 2255 1171 2324 ipsqu
1224 2253 1406 2324 opinio
1443 2251 1495 2306 in
1534 2251 1834 2305 auditorum
1885 2248 2077 2303 animis

492 2349 904 2417 imprimeretur.
931 2346 1172 2404 Nondum
1202 2346 1345 2400 enim
1373 2344 1540 2415 ipsius
1571 2343 1739 2396 virtus
1786 2341 1930 2396 clare
1973 2337 2076 2393 ful-

489 2450 652 2496 serat.
689 2440 917 2511 Ideoque
947 2449 1072 2494 tunc
1103 2437 1172 2492 ah
1216 2437 1323 2492 illis
1365 2451 1482 2491 eam
1525 2433 1802 2506 prmdicari
1825 2431 2073 2496 volebat,

491 2550 613 2591 cum
641 2543 695 2590 et
724 2535 865 2588 clara
915 2548 1094 2587 rerum
1126 2531 1341 2594 veritas,
1387 2537 1443 2583 et
1483 2535 1753 2598 gestorum
1784 2524 1862 2578 vis
1889 2538 2077 2592 magna

491 2627 853 2697 apostolorum
885 2624 1040 2678 diCIis
1060 2623 1539 2693 patrocinarentur.
1570 2617 1684 2673 Non
1711 2617 1853 2676 enim
1875 2615 2079 2685 aequale

492 2734 626 2790 erat,
664 2725 834 2792 ipsum
883 2721 1063 2775 videre
1105 2720 1156 2773 iu
1197 2717 1477 2771 Palaestina
1523 2729 1664 2769 nunc
1706 2713 1957 2768 miracula
1989 2727 2080 2781 pa-

495 2826 743 2880 trantem,
768 2828 907 2868 nunc
931 2811 1265 2867 contumeliis
1290 2810 1535 2864 allectum
1577 2817 1632 2863 et
1679 2807 1926 2877 pulsum;
1959 2820 2078 2858 cum

496 2907 724 2960 maxime
742 2919 870 2960 crux
901 2903 1152 2956 miracula
1175 2901 1262 2956 illa
1288 2907 1572 2969 exceptura
1595 2906 1769 2959 esset;
1803 2897 2081 2966 ipsumque

496 2997 798 3068 perspicere
829 2996 952 3049 dum
979 2993 1174 3063 ubique
1201 3001 1461 3046 terrarum
1483 2988 1816 3049 adoraretur,
1848 2986 2083 3054 ﬁdesque

497 3092 549 3144 in
580 3090 728 3143 illum
757 3089 975 3157 vigeret,
1003 3086 1247 3154 nihilque
1287 3083 1422 3138 ultra
1455 3090 1724 3152 pateretur
1747 3095 1930 3135 eorum
1962 3093 2083 3147 qua:

497 3190 621 3236 ante
651 3195 838 3250 passus
864 3179 1054 3233 fuerat.
1087 3177 1213 3232 ldco
1239 3173 1480 3246 prmcipit
1509 3183 1566 3227 ut
1591 3172 1789 3227 nemini
1831 3171 2011 3225 dicant
2035 3171 2079 3223 ².

498 3273 635 3328 Nam
665 3270 806 3342 quod
851 3269 1013 3324 semel
1045 3268 1251 3323 radices
1277 3267 1475 3337 posuit,
1503 3265 1550 3319 si
1579 3272 1760 3334 postea
1790 3262 2081 3327 evellatur,

497 3364 716 3419 difﬁcile
743 3371 914 3432 potest
935 3362 1126 3416 iterum
1153 3359 1444 3429 plantatum
1461 3356 1601 3426 apud
1629 3355 1825 3410 multos
1856 3353 2081 3418 ﬁrmari;

501 3456 642 3526 quod
681 3471 811 3509 vero
856 3462 1134 3524 postquam
1174 3449 1341 3505 semel
1389 3448 1626 3503 deﬁxum
1667 3455 1768 3511 est,
1809 3446 2083 3499 innuotum

500 3556 699 3612 manet,
729 3545 942 3601 nemine
970 3541 1268 3597 molestiam
1296 3539 1558 3595 inferente
1584 3538 1740 3592 facile
1769 3537 2008 3606 pullulat,
2032 3545 2088 3590 et

499 3639 673 3709 majus
695 3635 1079 3692 incrementum
1105 3630 1318 3700 accipit.
1342 3629 1472 3684 Nam
1504 3629 1550 3683 si
1579 3629 1614 3683 ii
1645 3628 1734 3697 qui
1758 3628 1905 3697 signa
1937 3625 2086 3680 vide-

501 3741 619 3785 rant
646 3729 889 3800 plurima,
924 3733 978 3782 et
1006 3732 1084 3781 tot
1104 3721 1447 3779 iueﬁ‘abilium
1475 3719 1848 3791 mysteriorum
1872 3717 2087 3786 partici-

502 3839 593 3895 pes
615 3830 791 3886 erant,
820 3822 904 3876 vel
935 3817 1049 3874 solo
1075 3816 1261 3871 auditu
1292 3813 1636 3869 scandalizati
1658 3820 1819 3875 sunt;
1846 3811 1953 3864 imo
1984 3825 2088 3866 non

503 3913 600 3983 ipsi
623 3913 745 3978 soli,
787 3911 880 3967 sed
912 3920 966 3966 et
1009 3909 1202 3964 Petrus
1231 3906 1468 3962 omnium
1495 3903 1813 3975 coryphqu
1841 3919 1854 3956 :
1887 3905 2088 3972 cogites

503 4005 660 4059 velim
687 4003 815 4074 quid
839 4000 1041 4073 passuri
1070 4007 1224 4055 erant
1243 3996 1478 4069 plurimi,
1510 3995 1555 4050 si
1581 3993 1887 4049 didicissent
1917 3993 2088 4063 ipsum

501 4113 620 4152 esse
648 4097 839 4152 Filium
868 4094 986 4160 Dei,
1026 4102 1078 4148 et
1105 4101 1291 4164 postea
1317 4090 1577 4145 vidissent
1595 4103 1717 4143 eum
1747 4085 2004 4156 cruciﬁgi,
2036 4093 2091 4140 et

502 4189 670 4260 sputis
719 4187 929 4253 fmdari,
974 4201 1095 4240 cum
1144 4182 1520 4257 mysteriorum
1563 4179 2088 4250 hujusmodiarcaua

503 4297 607 4334 non
639 4289 881 4345 nossent,
910 4276 1137 4333 necdum
1178 4275 1433 4346 Spiritum
1459 4282 1703 4329 sanctum
1730 4271 2084 4342 accepissent.

504 4371 637 4425 Nam
662 4371 705 4424 si
742 4367 1017 4437 discipulis
1046 4366 1260 4422 dicebat
1290 4384 1304 4420 :
1332 4365 1500 4420 Multa
1529 4364 1687 4418 habeo
1719 4363 1857 4417 vobis
1889 4363 2085 4428 dicere,

503 4462 588 4516 sed
622 4478 721 4514 non
743 4460 949 4530 potestis
971 4469 1173 4529 portare
1206 4458 1357 4511 modo
1403 4457 1423 4528 (
1440 4455 1598 4510 Joan.
1629 4456 1717 4511 16.
1749 4454 1848 4527 12)
1877 4471 1891 4507 :
1921 4453 2088 4508 multo

503 4553 670 4623 magis
698 4552 902 4622 reliqua
929 4549 1217 4605 multitudo
1243 4549 1565 4615 decidisset,
1596 4549 1641 4603 si
1671 4555 1794 4602 ante
1832 4554 2090 4616 opportu-

503 4661 628 4699 num
659 4649 888 4713 tempus,
920 4642 1063 4713 quod
1092 4645 1142 4697 in
1171 4642 1254 4697 bis
1299 4641 1570 4713 mysteriis
1595 4655 1900 4712 supremum
1931 4647 2046 4694 erat
2068 4678 2086 4706 ,

502 4739 631 4807 ipsis
651 4738 944 4793 revelatum
973 4735 1183 4791 fuisset.
1213 4733 1418 4789 Idcirco
1459 4732 1573 4789 haec
1600 4733 1784 4789 dicere
1815 4731 2084 4802 prohibet.

503 4829 571 4884 Et
618 4840 673 4882 ut
715 4827 892 4883 discas
919 4835 1177 4898 quantum
1206 4825 1464 4880 intererat
1507 4824 1720 4893 plenam
1765 4831 1946 4893 postea
1991 4821 2089 4876 do-

503 4920 727 4974 clriuam
768 4919 1036 4990 accipere,
1065 4917 1345 4973 summotis
1385 4916 1450 4970 iis
1475 4931 1594 4986 quae
1623 4913 1943 4970 oﬁ‘endiculo
1968 4928 2088 4970 esse

505 5019 766 5080 poterant,
800 5011 850 5065 id
897 5011 963 5065 ab
1001 5010 1118 5080 ipso
1164 5007 1451 5080 coryphan
1475 5007 1677 5077 accipe.
1722 5006 1840 5076 Ipse
1859 5021 2089 5077 namque

505 5103 711 5169 Petrus,
741 5103 827 5173 qui
852 5111 972 5173 post
998 5111 1076 5158 tot
1103 5102 1357 5158 miracula
1390 5100 1525 5156 adeo
1575 5098 1872 5154 imbecillus
1920 5112 2090 5168 appa-

505 5193 630 5258 ruit,
653 5203 712 5247 ut
735 5203 975 5263 negaret,
997 5193 1263 5259 vilemque
1292 5193 1518 5262 puellam
1547 5191 1780 5258 timeret,
1809 5199 2087 5260 postquam

503 5299 677 5342 crucis
702 5294 916 5355 peracto
954 5287 1230 5359 mysterio,
1263 5283 1677 5341 resurrectionis
1703 5283 1878 5337 claras
1899 5281 2086 5337 habuit

505 5376 1009 5444 demonstrationes,
1041 5393 1163 5433 cum
1201 5378 1332 5432 nihil
1367 5377 1442 5431 illi
1481 5377 1618 5431 ultra
1646 5374 1967 5430 oﬁ'endiculo
1995 5390 2089 5430 es-

507 5477 621 5538 set,
649 5469 783 5526 nihil
808 5485 929 5525 eum
960 5469 1217 5536 turbaret,
1244 5470 1323 5526 sic
1349 5470 1620 5526 immotam
1654 5468 1822 5524 tenuit
1859 5467 2090 5537 Spiritus

503 5565 822 5633 doctrinam,
866 5572 923 5620 ut
964 5565 1331 5626 vehementius
1372 5579 1530 5636 quam
1557 5564 1644 5621 leo
1685 5563 1740 5618 in
1782 5563 2086 5619 Judazorum

567 5725 586 5783 ξ
620 5719 818 5783 Itorel.,
831 5719 1068 5783 quomodo
1087 5731 1203 5783 ergo
1223 5717 1448 5783 minoris
1459 5715 1549 5783 qui
1569 5716 1687 5783 talia
1709 5716 1873 5783 fecit?

570 5782 593 5813 ¹
624 5789 748 5841 Haec,
765 5778 879 5834 ideo
899 5781 1122 5848 praecipit
1143 5778 1195 5833 iit
1215 5780 1393 5835 nemini
1414 5778 1598 5845 dicunt,
1621 5778 1798 5832 desunt
1820 5781 1870 5830 in
1886 5778 2054 5830 Morel.

1192 297 1248 352 S.
1285 293 1569 352 JOANNIS
1599 291 2094 348 CHRYSOSTOMI
2143 292 2452 347 ARCHIEP.
2476 292 3006 348 CONSTANTlNOP.

3649 296 3750 351 556

2175 409 2427 478 populum
2454 412 2698 473 irrueret,
2728 410 2824 464 etsi
2849 410 3078 480 pericula
3097 419 3153 464 et
3177 410 3321 466 mille
3351 424 3548 469 mortes
3579 416 3752 468 iuiuu-

2172 513 2379 558 tierent.
2405 503 2570 556 Multa
2595 505 2724 558 enim
2750 503 2905 556 habeo
2937 504 3073 558 vobis
3106 505 3288 571 dicere,
3323 506 3509 574 inquit,
3540 508 3628 560 sed
3652 525 3752 562 non

2174 594 2376 660 potestis
2401 607 2602 663 portare
2629 593 2795 647 modo.
2825 594 2960 661 Quitt
2993 595 3150 648 etiam
3181 596 3340 649 multa
3389 597 3457 649 ab
3498 598 3587 650 illo
3611 597 3752 652 dicta

2174 701 2278 738 non
2306 686 2698 755 intelligebatur,
2739 701 2857 755 qua:
2901 696 3024 740 ante
3065 702 3276 741 crucem
3323 690 3596 744 manifesta
3647 708 3751 744 non

2173 779 2421 835 reddidit.
2458 781 2807 850 Posteaquam
2836 781 2992 850 igitur
3020 793 3406 850 resurrexerat,
3439 793 3565 837 tunc
3603 801 3754 854 qua:-

2172 872 2293 926 dam
2316 887 2500 926 eorum
2522 888 2640 941 qua:
2664 873 2871 927 dixerat
2894 874 3288 929 intellexerunt.
3318 875 3448 930 Jure
3466 891 3595 946 ergo
3615 879 3752 931 mul-

2175 967 2240 1020 tis
2264 967 2532 1035 praecepit,
2560 981 2628 1021 ne
2657 966 2783 1020 illud
2815 977 2939 1022 ante
2959 969 3132 1022 crucis
3161 969 3460 1037 passionem
3489 969 3754 1038 dicerent,

2173 1060 2386 1129 quando
2415 1075 2482 1112 ne
2507 1073 2668 1113 ausus
2695 1060 2906 1130 quidem
2946 1071 3025 1115 est
3051 1061 3136 1126 iis,
3168 1061 3257 1130 qui
3287 1072 3467 1130 postea
3498 1062 3756 1134 praedica-

2175 1152 2279 1204 turi
2307 1160 2489 1215 erant,
2538 1152 2717 1206 omnia
2759 1164 2881 1206 ante
2922 1168 3133 1208 crucem
3177 1156 3401 1223 aperire.
3446 1156 3532 1210 20.
3579 1156 3658 1210 Ex
3695 1174 3756 1211 eo

2174 1253 2396 1314 tempore
2417 1245 2564 1312 ctepit
2587 1243 2736 1299 Jesus
2764 1246 2884 1314 ipsis
2909 1246 3186 1309 ostendere,
3213 1247 3346 1316 quod
3369 1257 3614 1318 oporteret
3642 1266 3754 1302 eum

2176 1335 2302 1403 pati.
2331 1335 2410 1389 Ex
2437 1351 2666 1405 quonam
2699 1337 2977 1406 tempore?
3002 1337 3132 1391 Cum
3181 1339 3280 1392 hoc
3323 1339 3514 1409 dogma
3559 1341 3610 1394 iu
3652 1342 3756 1395 illis

2177 1426 2432 1491 inseruit;
2465 1442 2584 1481 cum
2611 1429 2844 1496 gentium
2872 1428 3076 1482 initium
3100 1428 3322 1483 induxit.
3357 1431 3425 1484 At
3470 1446 3643 1499 neque
3678 1434 3756 1488 sic

2177 1519 2229 1574 id
2271 1520 2412 1590 quod
2441 1520 2715 1575 dicebatur
2744 1521 3123 1578 intellexerunt
3155 1541 3168 1574 :
3203 1523 3326 1577 Erat
3347 1525 3513 1588 enim,
3556 1525 3754 1594 inquit,

2176 1613 2499 1667 absconditus
2547 1631 2709 1668 sermo
2737 1616 2801 1668 ab
2834 1616 2906 1669 eis
2935 1614 3098 1685 (Luc.
3134 1617 3220 1672 18.
3250 1617 3385 1687 54);
3431 1628 3484 1673 et
3526 1619 3674 1688 quasi
3703 1619 3757 1673 iu

2177 1707 2501 1760 obscuritate
2521 1707 2746 1776 quadam
2772 1709 3137 1773 versabantur,
3173 1710 3473 1764 nescientes
3517 1726 3636 1765 eum
3668 1727 3757 1766 re-

2177 1810 2538 1854 surrecturum
2559 1815 2698 1856 esse.
2730 1802 3065 1872 Quapropter
3096 1804 3146 1855 in
3170 1801 3285 1856 istis
3325 1802 3628 1858 difﬁcilibus
3656 1804 3757 1857 im-

2180 1903 2454 1958 moratur,
2501 1904 2555 1947 et
2591 1909 2891 1949 sermonem
2924 1896 3246 1965 amplilicat,
3280 1907 3338 1950 ut
3377 1897 3481 1951 illis
3525 1909 3756 1954 mentem

2178 1985 2399 2054 aperiat,
2431 1993 2487 2039 et
2526 1985 2820 2055 intelligant
2846 1985 2970 2055 quid
2997 1987 3067 2040 sit
3091 1986 3217 2042 illud
3249 1988 3390 2057 quod
3413 1988 3622 2043 dicitur.
3654 1989 3758 2044 Ve-

2178 2091 2296 2130 rum
2329 2075 2450 2130 Non
2478 2076 2853 2143 intellexerunt,
2883 2079 2970 2132 sed
2997 2087 3103 2132 erat
3131 2081 3476 2134 absconditum
3496 2082 3618 2152 ipsis
3647 2099 3759 2136 ver-

2179 2167 2295 2222 bum
2317 2170 2450 2223 istud
2476 2168 2771 2242 (lbidem);
2812 2185 2912 2226 nec
2947 2171 3212 2227 audebant
3239 2173 3383 2227 illum
3413 2173 3757 2244 interrogare,

2181 2274 2286 2314 non
2319 2268 2490 2314 utrum
2521 2271 2662 2318 esset
2693 2263 3002 2328 moriturus,
3032 2263 3126 2318 sed
3165 2265 3432 2335 quomodo
3458 2275 3515 2320 et
3540 2281 3642 2335 qua
3671 2283 3760 2320 ra-

2183 2351 2344 2406 tione.
2377 2352 2446 2407 Et
2488 2353 2614 2423 quid
2651 2364 2768 2409 erat
2811 2356 2910 2410 hoc
2938 2358 3286 2428 mysterium?
3311 2357 3424 2412 Non
3453 2360 3594 2412 enim
3620 2358 3762 2413 scie-

2181 2442 2327 2507 bant,
2358 2445 2483 2514 quid
2507 2454 2650 2499 esset
2666 2460 2964 2515 resurgere,
2997 2448 3271 2518 multoque
3293 2449 3482 2503 melius
3509 2449 3762 2518 putabant

2181 2551 2301 2592 esse
2353 2553 2456 2593 non
2503 2539 2660 2592 mori.
2695 2539 2920 2609 Ideoque
2938 2541 3056 2596 aliis
3085 2542 3333 2596 omnibus
3359 2541 3675 2611 perturbatis
3699 2556 3765 2596 ac

2183 2627 2565 2694 dubitantibus,
2598 2645 2807 2684 rursum
2839 2631 3046 2694 Petrus,
3105 2641 3286 2701 utpote
3327 2633 3534 2687 fervens
3557 2673 3571 2697 ,
3618 2634 3765 2687 solus

2183 2733 2343 2772 ausus
2369 2729 2445 2773 est
2482 2720 2578 2775 hac
2602 2719 2669 2774 de
2697 2737 2753 2775 re
2784 2722 2924 2790 loqui
2955 2740 2967 2775 :
2998 2725 3169 2793 "neque
3197 2733 3372 2778 tamen
3415 2724 3640 2792 publice,
3669 2724 3764 2779 sed

2185 2822 2425 2864 seorsum
2452 2829 2465 2874 ;
2499 2811 2546 2864 id
2579 2821 2680 2876 est,
2711 2813 2778 2866 ab
2806 2814 2924 2868 aliis
2951 2825 3187 2868 semotus
3207 2815 3517 2883 discipulis;
3550 2817 3763 2885 aitque:

2185 2901 2272 2955 22.
2308 2902 2568 2972 Propitius
2595 2905 2680 2957 tibi
2718 2907 2807 2970 sis,
2840 2904 3072 2970 Domine,
3119 2925 3217 2961 non
3257 2908 3348 2960 erit
3373 2907 3461 2960 tibi
3489 2908 3601 2962 hoc.
3629 2908 3765 2976 Quid

2189 2995 2289 3048 hoc
2311 2997 2429 3049 est?
2471 2997 2559 3065 qui
2592 2997 2968 3052 revelationem
2995 2998 3197 3060 habuit,
3250 2999 3339 3067 qui
3370 2999 3554 3054 beatus
3578 3000 3770 3069 praedi-

2187 3096 2335 3141 catus
2363 3097 2463 3152 est,
2492 3088 2574 3141 hic
2615 3088 2793 3141 subito
2836 3089 3012 3158 lapsus
3037 3089 3248 3152 cecidit,
3281 3090 3348 3142 ita
3379 3100 3435 3143 ut
3465 3091 3767 3160 passionem

2188 3178 2346 3232 etiam
2376 3179 2700 3233 timeret?et
2726 3179 2853 3248 quid
2879 3181 3092 3243 mirum,
3135 3180 3178 3233 si
3219 3179 3285 3244 is,
3329 3181 3416 3250 qui
3457 3180 3555 3234 hac
3594 3179 3662 3234 de
3710 3196 3772 3232 re

2190 3286 2293 3325 non
2320 3280 2601 3339 acceperat
2641 3271 3041 3337 rcvclationem,
3088 3271 3140 3326 id
3184 3287 3370 3342 passus
3389 3273 3493 3326 sit?
3527 3272 3593 3327 Ut
3625 3272 3768 3327 enim

2189 3361 2363 3417 discas
2391 3362 2538 3417 illum
2568 3378 2628 3418 ea
2659 3379 2777 3432 quae
2802 3377 2960 3433 supra
2989 3363 3128 3418 dicta
3156 3375 3280 3419 sunt
3323 3380 3429 3419 non
3457 3381 3522 3419 ex
3551 3381 3608 3420 se
3643 3381 3770 3434 pro-

2193 3455 2414 3521 tulisse,
2447 3455 2566 3510 vide
2607 3455 2873 3525 quomodo
2895 3457 2944 3509 in
2968 3455 3050 3509 his
3083 3473 3202 3526 qua:
3241 3456 3342 3510 sibi
3381 3458 3617 3512 revelata
3662 3473 3770 3511 non

2191 3545 2434 3612 fuerant,
2481 3545 2722 3601 turbetur
2764 3555 2819 3602 et
2856 3555 3158 3613 evertatur,
3206 3557 3259 3602 et
3285 3547 3477 3602 millies
3505 3548 3773 3602 audiendo

2192 3654 2300 3695 non
2329 3639 2536 3695 noverit
2571 3640 2697 3711 quid
2722 3639 3004 3695 diceretur.
3036 3639 3167 3705 Nam
3193 3640 3334 3711 quod
3375 3641 3537 3696 Filius
3569 3642 3657 3696 Dei
3685 3657 3772 3696 es-

2191 3741 2295 3799 set,
2322 3731 2374 3786 id
2397 3741 2542 3789 certe
2564 3741 2814 3798 noverat;
2842 3733 2965 3802 quid
2988 3742 3164 3788 autem
3185 3733 3254 3787 sit
3273 3734 3580 3804 mysterium
3597 3735 3772 3789 crucis

2191 3832 2245 3879 et
2262 3825 2684 3885 resurrectionis.
2705 3823 2938 3879 nondum
2954 3825 3053 3894 ipsi
3075 3825 3219 3879 clare
3240 3834 3420 3879 notum
3441 3835 3574 3879 erat.
3591 3826 3771 3880 Sermo

2192 3917 2560 3987 enim,inquit,
2578 3928 2686 3972 erat
2705 3918 2827 3988 ipsis
2853 3918 3094 3973 occultus.
3125 3916 3286 3972 Vides
3310 3917 3587 3986 illumjure
3617 3933 3767 3972 man-

2192 4007 2370 4074 dasse,
2402 4023 2470 4062 ue
2498 4007 2615 4061 aliis
2635 4006 2910 4062 dicerent?
2931 4007 3062 4061 Nam
3097 4007 3141 4063 si
3173 4022 3266 4062 eos
3301 4023 3432 4078 quos
3459 4007 3508 4061 id
3535 4007 3774 4063 ediscere

2193 4101 2553 4156 necessarium
2583 4111 2701 4155 erat
2737 4103 2806 4155 ita
2843 4101 3100 4166 turbavit,
3136 4101 3260 4171 quid
3297 4117 3402 4155 non
3427 4103 3563 4171 passi
3591 4114 3776 4159 esseut

2191 4193 2371 4248 caeteri
2387 4193 2410 4246 ?
2429 4191 2546 4263 Ipse
2565 4208 2691 4248 vero
2711 4203 2769 4247 ut
2793 4193 3103 4248 ostenderet
3121 4209 3178 4248 se
3204 4209 3306 4247 non
3325 4194 3542 4247 invitmn
3562 4193 3627 4248 ad
3647 4209 3774 4262 pas-

2192 4288 2398 4342 sionem
2412 4287 2616 4351 venire,
2634 4287 2921 4356 increpavit
2935 4287 3171 4352 Petrum,
3185 4296 3293 4341 sata
3302 4301 3527 4356 namque
3543 4291 3770 4344 vocavit.

2261 4382 2313 4436 4.
2354 4380 2432 4434 De
2465 4397 2615 4435 cruce
2645 4379 2830 4436 Christi
2866 4398 2967 4435 non
2992 4379 3397 4436 erubescendum.
3425 4382 3562 4437 Crux
3583 4383 3776 4453 quoties

2192 4483 2298 4527 tum
2324 4473 2518 4542 publice
2547 4485 2651 4528 tum
2679 4475 2913 4545 privatim
2937 4475 3180 4529 adhibita.
3204 4505 3273 4514 —
3298 4475 3528 4529 Audiam
3575 4475 3663 4545 qui
3707 4475 3776 4528 de

2190 4582 2349 4624 cruce
2384 4567 2582 4624 Christi
2619 4569 2958 4623 erubescunt.
2987 4569 3194 4623 Etenim
3225 4568 3267 4622 si
3309 4568 3623 4639 coryplneus
3661 4569 3772 4634 ille,

2191 4669 2476 4731 antequam
2517 4660 2693 4714 omnia
2737 4661 2904 4730 probe
2943 4659 3139 4724 sciret,
3182 4659 3324 4730 quod
3371 4661 3459 4714 tali
3503 4669 3646 4714 eSset
3690 4661 3774 4713 af-

2193 4751 2355 4818 fectu,
2383 4763 2598 4807 satanas
2624 4752 2922 4822 appellatus
2951 4760 3052 4818 est,
3083 4767 3242 4822 quam
3286 4753 3495 4806 veniam
3527 4768 3774 4806 merean-

2194 4852 2280 4898 tur
2319 4845 2396 4899 illi
2437 4843 2547 4914 qui,
2588 4852 2710 4912 post
2753 4851 2952 4898 tantam
2991 4842 3525 4906 demonstrationem,
3559 4857 3780 4896 uecono.

2194 4937 2353 4991 miam
2384 4935 2618 5005 negant?
2641 4936 2864 5002 Quando
2888 4935 3029 4990 enim
3057 4935 3136 4989 vir
3153 4935 3242 5004 qui
3271 4935 3455 4989 beatus
3479 4936 3778 5004 appellatus

2192 5039 2293 5095 est,
2324 5029 2413 5099 qui
2443 5027 2600 5084 talem
2629 5028 2846 5098 protulit
2885 5027 3296 5092 confessionem,
3327 5027 3440 5081 hinc
3470 5036 3646 5081 tamen
3682 5042 3778 5080 au-

2193 5120 2292 5187 dit,
2321 5121 2372 5175 in
2403 5120 2583 5175 animo
2614 5131 2796 5189 reputa
2825 5128 3021 5190 quanta
3053 5120 3257 5189 passuri
3289 5119 3396 5173 sint
3435 5120 3490 5183 ii,
3531 5121 3620 5188 qui
3656 5129 3778 5190 post

2196 5215 2293 5269 ista
2321 5212 2632 5284 mysterium
2659 5213 2834 5266 crucis
2863 5211 3214 5280 vilipendunt.
3235 5210 3348 5265 Non
3375 5211 3525 5274 dixit,
3551 5210 3776 5265 Satanas

2195 5320 2290 5375 per
2315 5314 2366 5360 te
2395 5305 2643 5374 loquutus
2684 5313 2799 5370 est;
2831 5303 2943 5367 sed,
2976 5303 3066 5358 25.
3109 5301 3247 5356 Vade
3277 5313 3387 5369 post
3418 5319 3515 5366 nte,
3547 5312 3773 5358 satanas.

2193 5398 2325 5452 Nam
2351 5397 2596 5467 cupiebat
2624 5395 2961 5450 adversarius
2990 5405 3046 5449 ut
3072 5394 3317 5448 Christus
3338 5410 3441 5448 non
3465 5405 3774 5464 pateretur:

2197 5490 2316 5548 ideo
2358 5491 2435 5545 sic
2462 5489 2804 5545 vehementer
2843 5488 3154 5556 increpavit,
3185 5487 3326 5556 quod
3366 5487 3594 5541 maxime
3617 5486 3778 5541 sciret

2195 5596 2250 5641 et
2280 5586 2424 5640 illum
2451 5593 2506 5640 et
2533 5585 2665 5638 alios
2694 5585 2792 5637 hoc
2820 5583 2990 5651 ipsum
3021 5580 3228 5645 timere,
3256 5596 3428 5649 neque
3460 5579 3614 5634 facile
3645 5579 3774 5633 illud

2197 5677 2500 5732 admittere.
2551 5675 2886 5744 Quapropter
2927 5673 3121 5727 mentis
3181 5673 3298 5740 ejus
3341 5686 3530 5725 arcana
3578 5671 3776 5725 revelat

2201 5770 2384 5825 dicens
2413 5787 2424 5823 :
2455 5766 2577 5823 Non
2603 5767 2740 5837 sapis
2766 5781 2825 5820 ea
2853 5779 2967 5836 qua
3003 5762 3099 5818 De:
3121 5772 3257 5831 sunt,
3281 5764 3369 5817 sed
3398 5779 3454 5816 ea
3478 5778 3590 5832 qua
3614 5761 3765 5816 homi-
