4108 6376
265 360 370 414 555

267 493 376 548 ραι,
415 475 505 529 καὶ
536 473 811 549 ἀνθρώπῳ
843 473 1023 546 θνητῷ
1053 473 1161 527 τῶν
1184 472 1242 526 ἐν
1270 473 1346 544 τῷ
1365 472 1581 544 οὐρανῷ
1602 470 1822 525 πάντων
1843 468 1944 538 τὴν

261 557 512 624 ἐξουσίαν
535 558 856 630 ἐνεχείρισε,
910 557 1009 619 τὰς
1040 557 1188 619 κλεῖς
1232 555 1383 626 αὐτῷ
1419 555 1563 618 δοὺς,
1594 554 1652 618 ὃς
1678 555 1780 625 τὴν
1819 555 1946 607 Ἐκ-

259 639 493 708 κλησίαν
521 638 802 708 πανταχοῦ
837 638 934 710 τῆς
956 637 1286 708 οἰκουμένης
1320 636 1577 702 ἐξέτεινε,
1620 636 1830 689 καὶτοῦ
1854 637 1946 689 οὐ-

261 721 427 793 ρανοῦ
452 721 809 793 ἰσχυροτέραν
839 722 1138 792 ἀπέφηνεν.
1181 720 1247 776 ὀ
1275 719 1532 788 οὐρανὸς
1551 719 1661 790 γάρ
1681 718 1778 772 καὶ
1807 719 1846 786 ἡ
1867 714 1944 788 τῆ

257 805 695 873 παρελεύσεται
713 821 726 834 ·
761 807 817 860 οι
853 804 922 857 δὲ
954 807 1126 873 λόγοι
1173 822 1294 872 μου
1341 806 1416 858 οὐ
1458 803 1546 871 μὴ
1577 801 1940 870 παρέλθωσι.

259 891 384 955 Πῶς
414 887 508 944 οὖν
537 891 778 945 ἐλάττων
811 893 840 945 6
868 889 1094 944 τοιαῦτα
1128 890 1273 954 δοὺς,
1307 891 1337 943 6
1376 889 1600 943 τοιαῦτα
1647 885 1944 958 κατωρθω-

257 974 412 1040 κώς;
446 975 558 1029 Kal
585 975 760 1029 1a61a
801 974 966 1042 λέγω,
999 974 1060 1027 οὐ
1095 972 1322 1047 διαιρῶν
1362 972 1573 1044 [ἰατρὸς
1616 972 1711 1025 καὶ
1737 970 1866 1024 Υίοῦ
1895 971 1944 1002 ³⁸

257 1057 326 1110 τά
363 1057 532 1129 ἔργα·
569 1056 775 1112 Πάντα
825 1057 934 1127 γάρ
973 1056 1049 1109 δι’
1100 1055 1288 1110 αὑτοῦ
1322 1055 1595 1126 ἐγένετο,
1633 1054 1733 1108 καί
1764 1053 1944 1123 χωρίς

256 1139 445 1195 αὐτοῦ
487 1139 726 1210 ἐγένετο
773 1139 916 1194 οὐδὲ
955 1138 1056 1193 ἓν·
1099 1137 1216 1192 ἀλλ’
1266 1137 1631 1209 ἐπιστομίζων
1668 1137 1763 1210 τήν
1784 1137 1943 1191 ἀναί-

258 1239 484 1293 σχυντον
513 1223 760 1291 γλῶτταν
787 1223 895 1276 τῶν
924 1221 1152 1275 τοιαῦτα
1182 1219 1528 1293 τολμώντων.

335 1306 407 1374 γ’.
437 1307 580 1377 Ὅρα
606 1305 663 1358 δέ
693 1305 782 1358 διὰ
810 1307 1027 1358 πάντων
1053 1304 1218 1358 αὐτοῦ
1243 1306 1340 1375 τὴν
1372 1303 1639 1369 ἐξουσίαν.
1671 1301 1818 1372 Ἐγώ
1842 1319 1942 1359 σοι

256 1389 436 1460 λέγω,
459 1389 541 1444 σὺ
572 1385 631 1443 εί
651 1389 871 1456 Πέτρος
892 1405 906 1419 ·
938 1388 1053 1458 ἐγὼ
1090 1387 1466 1458 οἰκοδομήσω
1519 1385 1636 1456 τὴν
1695 1389 1943 1457 Ἐκκλη-

255 1473 405 1527 σίαν
423 1490 436 1503 ·
461 1471 574 1540 ἐγώ
589 1488 688 1526 σοι
704 1471 876 1525 δώσω
897 1473 1005 1538 τὰς
1026 1471 1194 1537 κλεῖς
1207 1470 1326 1525 τῶν
1339 1470 1634 1539 οὐρανῶν.
1659 1472 1762 1524 Καὶ
1787 1472 1938 1536 τότε,

254 1555 430 1609 ταῦτα
453 1554 644 1615 είπὼν,
678 1556 1058 1609 Διεστείλατο
1079 1554 1305 1620 αὐτοῖς,
1330 1554 1432 1608 ἵνα
1453 1553 1667 1622 μηδενί
1691 1555 1943 1607 εἴπωσιν

255 1639 347 1693 ὅτι
371 1640 553 1704 αὐτός
577 1640 752 1692 ἐστιν
793 1640 826 1692 ὀ
864 1639 1137 1706 Χριστός.
1177 1637 1288 1689 Kal
1330 1636 1472 1698 τίνος
1505 1635 1691 1689 ἐνεκεν
1713 1636 1942 1689 διεστεί-

256 1723 390 1777 λατο
413 1740 428 1788 ;
459 1723 621 1774 Ὥστε
649 1721 758 1774 τῶν
780 1721 1242 1784 σκανδαλιζόντων
1267 1721 1310 1752 ⁸¹
1334 1721 1400 1773 ἐκ
1418 1719 1584 1790 μέσου
1607 1719 1938 1791 γενομένων,

257 1811 357 1864 καὶ
387 1809 482 1864 τοῦ
520 1809 754 1881 σταυροῦ
780 1808 1147 1873 τελεσθέντος,
1187 1809 1282 1862 καὶ
1307 1805 1415 1861 τῶν
1438 1807 1612 1862 ἀλλων
1636 1800 1712 1860 ὧν
1740 1807 1942 1862 ἔπαθεν

256 1893 729 1964 ἀπαρτισθέντων,
775 1894 871 1946 καὶ
924 1892 1151 1962 μηδενὸς
1190 1890 1344 1954 ὄντος
1379 1890 1567 1944 λοιπὸν
1606 1891 1701 1946 τοῦ
1756 1891 1941 1945 διακό-

255 1995 484 2040 πτοντος
516 1979 609 2031 καὶ
639 1975 917 2040 θολοῦντος
957 1975 1058 2047 τὴν
1289 1975 1370 2038 είς
1404 1974 1566 2028 αὐτὸν
1594 1976 1706 2028 τῶν
1729 1976 1940 2030 πολλῶν

257 2062 465 2122 πίστιν,
491 2059 740 2130 καθαρὰν
769 2059 860 2112 καὶ
883 2059 1141 2130 ἀκίνητον
1161 2058 1536 2128 ἐντυπωθῆναι
1580 2058 1690 2112 τῶν
1714 2060 1942 2113 ἀκουόν-

256 2160 368 2196 των
397 2146 461 2214 τῇ
492 2142 704 2213 διανοίᾳ
739 2141 837 2212 τὴν
863 2143 1251 2212 προσήκουσαν
1281 2143 1408 2213 περί
1427 2142 1594 2195 αὐτοῦ
1617 2142 1796 2210 δόξαν.
1828 2144 1940 2197 Kal

256 2225 367 2295 γὰρ
395 2223 546 2278 οὐπω
571 2224 756 2292 σαφῶς
777 2220 845 2295 ἦν
871 2224 1194 2295 ἐκλάμψασα
1222 2224 1387 2278 αὐτοῦ
1413 2227 1446 2296 ή
1471 2225 1716 2296 δὺναμις.
1747 2225 1846 2278 Διά
1874 2225 1937 2297 δὴ

254 2306 418 2360 τοῦτο
463 2308 585 2359 τότε
619 2305 870 2359 ἐϐούλετο
923 2304 1397 2378 ἀνακηρύττεσθαι
1431 2306 1562 2379 παρ’
1614 2306 1814 2371 αὐτῶν,
1849 2308 1938 2361 ὅτε

257 2392 354 2445 καὶ
385 2391 418 2459 ή
447 2388 623 2459 σαφὴς
655 2389 762 2442 τῶν
793 2389 1135 2460 πραγμάτων
1168 2389 1424 2460 ἀλήθεια,
1457 2391 1551 2444 καὶ
1580 2391 1613 2462 ή
1651 2390 1760 2443 τῶν
1793 2407 1932 2460 γινο·

262 2473 445 2544 μένων
474 2474 520 2504 ⁸¹
554 2473 707 2542 ἰσχὺς
740 2469 1026 2543 συνηγόρει
1048 2475 1160 2536 τοῖς
1185 2474 1336 2546 παρά
1364 2474 1473 2528 τῶν
1509 2475 1823 2528 ἀποστόλων
1847 2475 1936 2528 λε-

258 2557 533 2626 γομένοις.
575 2556 712 2608 Οὐδὲ
741 2553 850 2625 γὰρ
877 2555 991 2609 ἴσον
1027 2551 1096 2626 ἦν
1123 2556 1170 2587 ⁸³
1213 2557 1346 2626 ὁρᾷν
1378 2555 1472 2609 νῦν
1502 2557 1602 2627 μὲν
1647 2559 1704 2610 ἐν
1734 2559 1939 2610 Παλαι-

261 2639 416 2710 στίνῃ
438 2637 976 2707 θαυματουργοῦντα,
1011 2637 1107 2691 νῦν
1135 2638 1191 2692 δὲ
1219 2639 1574 2709 ὑϐριζόμενον
1593 2679 1607 2702 ,
1644 2639 1936 2709 ἐλαυνόμε-

259 2737 351 2774 νον
371 2737 384 2750 ·
422 2722 550 2791 (xal
572 2720 808 2792 μάλιστα
835 2721 998 2774 ὁπότε
1034 2721 1128 2774 καὶ
1159 2724 1187 2775 ὁ
1227 2721 1455 2793 σταυρὸς
1484 2722 1672 2792 ἔμελλε
1699 2724 1939 2793 διαδέχε-

261 2795 387 2858 σθαι
445 2805 514 2858 τὰ
567 2804 821 2875 θαύματα
875 2804 945 2857 τὰ
998 2804 1323 2875 γινόμενα·)
1385 2806 1476 2858 καὶ
1527 2806 1796 2875 πανταχοῦ
1838 2809 1939 2878 τῆς

257 2888 587 2960 οἰκουμένης
621 2887 1094 2959 προσκυνούμενον
1124 2888 1340 2958 βλέπειν
1394 2890 1486 2943 καὶ
1530 2891 1933 2961 πιστευόμενον,

259 2969 357 3022 καὶ
386 2963 550 3040 μηδὲν
596 2968 836 3022 τοιοῦτον
885 2968 1163 3040 πάσχοντα
1213 2970 1417 3034 λοιπὸν,
1465 2966 1576 3024 οἷον
1619 2972 1806 3026 ἔπαθε·
1835 2974 1934 3027 Διά

257 3051 421 3105 τοῦτό
446 3069 580 3123 φησι
611 3051 798 3122 μηδενὶ
831 3054 1025 3106 εἰπεῖν.
1078 3053 1152 3105 Τὸ
1200 3053 1299 3122 μὲν
1345 3052 1452 3124 γὰρ
1496 3053 1720 3124 ριζωθέν
1764 3055 1931 3122 ἀπαξ,

259 3133 382 3190 εἷτα
434 3133 803 3198 ἀνασπασθέν,
858 3133 1134 3197 δυσκόλως
1182 3133 1248 3186 ἂν
1274 3135 1532 3202 φυτευθὲν
1570 3136 1931 3210 κατασχεθείη

259 3219 425 3272 πάλιν
458 3219 610 3288 παρά
638 3218 752 3282 τοῖς
787 3217 1000 3280 πολλοῖς
1020 3234 1033 3247 ο
1062 3221 1123 3269 τὸ
1155 3216 1211 3269 δὲ
1246 3219 1382 3288 μετά
1421 3218 1481 3270 τὸ
1515 3222 1755 3290 παγῆναι
1786 3219 1936 3288 ἆπαξ

262 3305 456 3374 μεῖναν
503 3304 780 3372 ἀκίνητον.
836 3303 930 3354 καὶ
982 3300 1294 3372 μηδαμόθεν
1327 3302 1685 3373 ἐπηρεασθὲν,
1738 3305 1935 3376 ῥᾳδίως

257 3386 456 3448 ἄνεισι,
486 3384 744 3455 καὶπρὸς
779 3382 1007 3455 αὐξησιν
1035 3383 1311 3438 ἐπιδίδωσι
1366 3385 1606 3456 μείζονα.
1647 3385 1710 3438 Εἰ
1737 3388 1848 3459 γὰρ
1884 3391 1934 3442 οἰ

259 3471 504 3542 σημείων
530 3467 960 3531 ἀπολελαυκότες
977 3466 1208 3530 πολλῶν,
1231 3468 1326 3521 καὶ
1345 3467 1615 3521 τοσούτων
1645 3471 1937 3540 μετασχόν-

255 3575 351 3622 τες
381 3555 691 3628 μυστηρίων
710 3555 1061 3626 ἀπορρήτων,
1093 3553 1198 3608 ὐπὸ
1223 3553 1322 3623 τῆς
1342 3553 1511 3624 ἀκοῆς
1542 3552 1709 3624 μόνης
1737 3555 1932 3608 ἐσκαν-

257 3638 624 3708 δαλίσθησαν·
653 3635 850 3707 μᾶλλον
863 3635 921 3689 δέ
949 3635 1052 3690 οὐκ
1083 3635 1240 3690 ιιιίτοί⁵
1269 3634 1440 3706 μόνοι,
1469 3633 1607 3688 ἀλλά
1638 3635 1732 3689 καὶ
1753 3636 1783 3687 6
1806 3635 1937 3692 πάν-

256 3738 369 3775 των
410 3720 705 3792 κορυφαῖος
743 3718 981 3788 Πέτροςτ
1030 3717 1284 3790 ἐννόησον
1331 3716 1383 3770 τι
1436 3717 1564 3779 τοὺς
1589 3716 1818 3782 πολλοὺς
1865 3715 1935 3792 ἦν

257 3803 408 3866 εἰκὸς
431 3801 641 3864 παθεῖν,
666 3800 932 3870 μαθόντας
962 3798 1061 3870 μέν
1081 3799 1163 3853 ὃτι
1187 3799 1315 3865 Υίὸς
1330 3798 1464 3853 Θεοῦ
1491 3801 1659 3862 ἐστιν,
1691 3799 1934 3871 ὁρῶντας

255 3887 317 3940 δέ
354 3885 446 3938 καὶ
474 3881 873 3955 σταυρούμενον
906 3882 999 3935 καὶ
1036 3881 1431 3951 ἐμπτυόμενον,
1460 3880 1556 3933 καὶ
1589 3879 1698 3933 τῶν
1733 3899 1935 3954 μυστησ

260 3966 395 4037 ρίων
420 3966 624 4020 τούτων
652 3965 714 4018 τὸ
742 3964 1053 4035 ἀπόρρητον
1075 3963 1175 4017 οὐκ
1209 3963 1437 4027 εἰδότας,
1465 3962 1587 4016 οὐδὲ
1616 3964 1934 4035 Πνεύματος

257 4047 700 4110 ἀπολελαυκότας
749 4046 926 4114 ἁγίου.
983 4045 1046 4099 Εἰ
1098 4046 1209 4117 γὰρ
1250 4047 1363 4109 τοῖς
1418 4046 1688 4118 μαθηταῖς
1740 4047 1894 4119 ἐλεγε
1913 4067 1928 4082 ·

261 4133 467 4187 Πολλὰ
492 4132 612 4200 ἔχω
633 4129 834 4200 λέγειν
856 4129 1017 4198 ὑμῖν,
1041 4130 1178 4184 ἀλλ’
1217 4132 1290 4184 οὐ
1309 4129 1576 4186 δύνασθε
1603 4133 1934 4196 βαστάζειν

255 4214 414 4281 ἄρτι·
456 4212 636 4282 πολλῷ
672 4211 870 4282 μᾶλλον
905 4212 934 4263 ὁ
970 4209 1158 4274 λοιπὸς
1205 4209 1376 4280 δῆμος
1421 4209 1724 4265 κατέπεσεν
1755 4210 1842 4275 ἂν,
1877 4213 1927 4265 εί

257 4297 366 4367 πρὸ
398 4295 590 4367 καιροῦ
619 4294 712 4348 τοῦ
737 4295 1103 4365 προσήκοντος
1130 4292 1192 4346 τὸ
1219 4293 1325 4346 τῶν
1377 4294 1692 4367 μυστηρίων
1719 4295 1927 4350 τούτων

254 4378 554 4450 ἀκρότατον
575 4378 756 4441 αὐτοῖς
786 4375 1166 4448 ἀπεκαλύφθη.
1194 4375 1294 4429 Διά
1319 4376 1382 4448 δὴ
1421 4375 1580 4430 τοῦτο
1617 4377 1813 4432 κωλύει
1846 4380 1928 4431 εἰ-

257 4465 400 4515 πεῖν.
451 4462 561 4515 Kal
614 4462 701 4513 ἵνα
738 4462 914 4532 μάθῃς
954 4461 1118 4513 πόσον
1165 4455 1232 4531 ἦν
1261 4460 1321 4512 τὸ
1362 4458 1499 4529 μετά
1530 4459 1702 4516 ταῦτα
1733 4461 1926 4531 μαθεῖν

255 4546 438 4617 πλήρη
468 4545 565 4616 τὴν
587 4545 954 4609 διδασκαλίαν,
999 4543 1108 4597 τῶν
1140 4542 1598 4607 σκανδαλιζὸντων
1633 4545 1930 4616 παρελθόν⁹

253 4647 386 4695 των,
407 4628 500 4683 ἀπ’
528 4627 693 4682 αὐτοῦ
716 4628 906 4680 τούτου
933 4627 979 4660 ⁸⁵
1008 4627 1102 4680 τοῦ
1135 4627 1432 4699 κορυφαίου
1468 4626 1722 4697 μάνθανε.
1757 4629 1929 4692 Αὐτὸς

254 4713 366 4784 γάρ
389 4705 541 4774 οὗτος
561 4713 590 4764 6
615 4711 839 4782 Πέτρος,
865 4711 894 4762 ὁ
926 4709 1064 4782 μετὰ
1086 4709 1321 4762 τοσαῦτα
1342 4710 1543 4779 σημεῖα
1567 4708 1709 4762 οὕτω
1741 4711 1929 4779 φανεὶς

254 4796 507 4867 ἀσθενὴς,
530 4794 606 4858 ὡς
632 4794 726 4848 καὶ
754 4793 1114 4865 ἀρνήσασθαι,
1144 4793 1241 4846 καὶ
1285 4792 1454 4864 κόρην
1505 4793 1692 4867 εὐτελῆ
1727 4794 1924 4857 δεῖσαι,

253 4881 439 4953 ἐπειδὴ
467 4883 497 4934 6
523 4879 752 4950 σταυρὸς
778 4876 1152 4949 προεχώρησε,
1181 4876 1275 4930 καὶ
1307 4875 1406 4946 τῆς
1444 4876 1791 4940 ἀναστάσεως
1829 4893 1924 4930 σα-

252 4968 375 5034 φεῖς
400 4964 559 5018 ἔλαϐε
585 4963 684 5027 τὰς
705 4961 1026 5026 ἀποδείξεις,
1051 4961 1144 5014 καί⁸
1180 4959 1330 5013 οὐδὲν
1368 4955 1438 5031 ἦν
1468 4959 1652 5013 λοιπὸν
1676 4959 1738 5013 τὸ
1761 4976 1924 5012 σκαν-

250 5049 466 5112 δαλίξον
512 5046 675 5101 αὐτὸν
721 5045 818 5099 καὶ
858 5043 1142 5116 θορυϐοῦν,
1191 5043 1365 5106 οὓτως
1402 5043 1656 5114 ἀκίνητον
1689 5043 1918 5113 κατέσχε

249 5130 346 5186 τοῦ
376 5129 690 5198 Πνεύματος
715 5128 816 5199 τὴν
837 5126 1202 5188 διδασκαλίαν,
1229 5125 1304 5187 ὡς
1325 5124 1536 5187 λέοντος
1565 5125 1919 5196 σφοδρότερον

251 5215 528 5284 ἐπιπηδᾷν
557 5214 604 5246 ⁸⁵
653 5213 732 5283 τῷ
769 5213 925 5285 δήμῳ
966 5210 1076 5264 τῶν
1114 5208 1404 5275 Ἰουδαίων,
1451 5207 1627 5262 καίτοι
1659 5208 1919 5262 κινδύνων

249 5296 348 5350 καὶ
383 5295 593 5366 μυρίων
623 5293 867 5349 θανάτων
897 5292 1322 5362 ἀπειλουμένων.
1380 5290 1618 5362 Εἰκότως
1661 5291 1838 5344 τοίνυν
1870 5291 1916 5323 ⁸⁸

245 5381 362 5441 τοῖς
392 5378 606 5441 πολλοῖς
632 5377 885 5431 ἐκέλευσε
924 5377 998 5447 μὴ
1031 5376 1204 5428 εἰπεῖν
1237 5373 1343 5443 πρὸ
1370 5373 1463 5426 τοῦ
1495 5374 1749 5444 σταυροῦ,
1781 5374 1916 5428 ὅπου

247 5477 312 5529 γε
337 5461 458 5514 οὐδέ
486 5460 669 5524 αὐτοῖς
709 5462 821 5523 τοῖς
866 5459 1118 5530 μέλλουσι
1149 5457 1420 5510 διδάσκειν
1458 5456 1637 5516 πάντα
1685 5458 1914 5512 ἐνθεῖναι

1416 357 1484 413 ΙΝ
1523 350 1942 412 MATTHA‘IUM
1985 350 2217 408 HOMIL.
2258 354 2373 409 LIV
2411 356 2479 410 al.
2524 354 2630 409 LV.

3617 349 3722 408 536

2047 481 2318 553 ἐθάρρησε
2363 483 2468 556 πρὸ
2511 482 2608 536 τοῦ
2667 481 2925 554 σταυροῦ.
2981 479 3195 536 Πολλὰ
3221 479 3331 550 γάρ
3355 478 3474 547 ἐχω
3519 478 3724 549 λέγειν

2043 565 2207 633 ὑμῖν,
2237 566 2422 636 φησὶν,
2460 566 2599 620 ἀλλ’
2625 567 2698 621 οὐ
2747 566 3016 621 δύνασθε
3052 562 3383 629 βαστάζειν
3406 563 3558 632 ἇρτι.
3612 564 3723 619 Kal

2043 646 2152 699 τῶν
2195 647 2498 719 εἰρημένων
2527 647 2584 700 δέ
2632 647 2762 718 παρ’
2789 647 2957 701 αὐτοῦ
3003 647 3172 700 πολλά
3210 645 3515 716 ἀγνοοῦσιν,
3549 646 3586 702 ἀ
3622 647 3722 701 οὐκ

2044 730 2269 799 ἐποίησε
2299 730 2446 800 σαφῆ
2475 729 2582 800 πρὸ
2612 729 2705 782 τοῦ
2738 729 3000 800 σταυροῦ.
3036 730 3166 782 Ὅτε
3197 729 3328 799 γοῦν
3356 730 3575 800 ἀνέστη,
3599 730 3722 785 τότε

2045 813 2288 883 ἔγνωσαν
2313 813 2428 867 ἐνια
2451 814 2561 866 τῶν
2591 813 2910 883 λεχθέντων.
2950 813 3085 868 Ἀπὸ
3115 816 3250 867 τότε
3270 812 3495 882 ἤρξατο
3517 815 3723 882 αὐτοῖς

2043 897 2347 951 δεικνύειν
2377 897 2444 963 ⁸⁷,
2466 897 2555 950 ὅτι
2577 895 2675 950 δεῖ
2701 897 2889 950 αὑτὸν
2909 898 3142 952 παθεῖν.
3181 899 3314 952 Ἀπὸ
3361 900 3496 953 τότε
3513 915 3527 928 ·
3556 900 3720 964 πότες

2044 978 2174 1032 Ὅτε
2203 977 2403 1050 ἔπηξεν
2446 979 2504 1031 ἐν
2556 979 2743 1041 αὐτοῖς
2769 978 2831 1031 τὸ
2859 979 3064 1049 δόγμα’
3111 981 3201 1034 ὅτε
3251 981 3352 1051 τὴν
3387 981 3563 1054 ἀρχὴν
3612 983 3722 1036 τῶν

2042 1062 2214 1116 ἐθνῶν
2253 1063 2572 1133 εἰσήγαγεν.
2617 1061 2757 1114 Ἀλλ’
2802 1062 2926 1116 οὐδέ
2958 1061 3101 1117 οὕτω
3129 1063 3380 1118 συνίεσαν
3409 1065 3469 1118 τὸ
3495 1065 3722 1138 λεγόμε-

2043 1161 2161 1197 νον·
2189 1141 2310 1200 Ἦν
2337 1145 2469 1216 γάρ,
2503 1145 2656 1216 φησί,
2694 1145 3148 1214 κεκαλυμμένος
3178 1144 3328 1220 [550]
3362 1150 3395 1202 0'
3413 1148 3593 1218 λόγος
3617 1150 3722 1204 ἀπ’

2041 1229 2242 1282 αὐτῶν
2261 1244 2276 1258 ·
2306 1231 2400 1283 καὶ
2431 1228 2622 1299 ῶσπερ
2672 1230 2730 1281 ἐν
2759 1230 2999 1301 ἀσαφείᾳ
3039 1231 3146 1284 τινὶ
3172 1227 3334 1302 ἦσαν,
3369 1233 3468 1286 οὐκ
3520 1235 3722 1300 εἰδότες

2041 1314 2122 1367 ὅτι
2155 1314 2452 1382 ἀναστῆναι
2474 1313 2636 1366 αὐτὸν
2666 1313 2765 1366 δεῖ.
2805 1313 2902 1366 Διὰ
2929 1313 3086 1366 τοῦτο
3132 1316 3226 1368 καὶ
3256 1315 3578 1388 ἐνδιατρίϐει
3607 1319 3720 1384 τοῖς

2040 1396 2350 1466 δυσχερέσι,
2384 1397 2479 1449 καὶ
2506 1394 2842 1465 ἐμπλατύνει
2873 1395 2965 1448 τὸν
2999 1395 3178 1464 λόγον,
3218 1397 3306 1451 ἴνα
3335 1399 3574 1472 διανοίξῃ
3618 1401 3717 1454 αὑ.

2039 1479 2150 1530 τῶν
2178 1480 2276 1550 τὴν
2307 1479 2565 1541 διάνοιαν,
2590 1480 2682 1532 καὶ
2705 1479 2906 1532 συνῶσι
2935 1478 2987 1531 τί
3017 1479 3148 1533 ποτέ
3168 1482 3285 1534 ἐστι
3316 1482 3377 1535 τὸ
3405 1481 3715 1554 λεγόμενον.

2054 1561 2193 1613 Ἀλλ’
2219 1563 2300 1616 06
2351 1560 2658 1630 συνῆκαν,
2693 1561 2831 1616 ἀλλ’
2870 1561 2952 1631 ἦν
2973 1563 3038 1615 τὸ
3053 1562 3222 1632 ρῆμα
3269 1566 3721 1635 κεκαλυμμένον

2041 1643 2143 1697 ἀπ’
2173 1643 2372 1698 αὐτῶν
2395 1660 2410 1675 ο
2447 1644 2546 1697 καί
2579 1645 2907 1714 ἐφοϐοῦντο
2945 1645 3134 1700 αὐτὸν
3151 1646 3447 1717 ἐρωτῆσαι
3470 1667 3484 1681 ·
3524 1651 3643 1720 οὐχί
3670 1653 3717 1704 εἰ

2042 1728 2415 1791 ἀποθανεῖται,
2471 1728 2608 1782 ἀλλά
2660 1727 2778 1792 πῶς
2808 1729 2902 1782 καὶ
2941 1727 3048 1781 τίνι
3096 1730 3301 1802 τρόπῳ,
3349 1733 3444 1786 καὶ
3491 1733 3544 1786 τί
3584 1734 3716 1788 ποτέ

2041 1813 2159 1865 ἐστι
2181 1811 2340 1866 τοῦτο
2371 1813 2433 1866 τὸ
2470 1815 2787 1884 μυστήριον.
2811 1813 2946 1866 Οὐδὲ
2974 1812 3084 1884 γὰρ
3107 1814 3328 1884 ⁴ᾔδεσαν,
3359 1817 3412 1870 τί
3447 1818 3574 1871 ποτέ
3601 1820 3716 1872 ἐστι

2039 1896 2102 1950 τὸ
2134 1897 2436 1966 ἀναστῆναι
2492 1895 2652 1949 τοῦτο
2684 1895 2838 1958 αὐτὸ,
2879 1897 2973 1950 καὶ
3002 1896 3182 1967 πολλῷ
3213 1896 3420 1967 βέλτιον
3468 1901 3716 1972 ἐνόμιζον

2039 1974 2182 2033 εἶναι
2210 1979 2272 2032 τὸ
2307 1979 2382 2049 μὴ
2416 1978 2731 2034 ἀποθανεῖν.
2790 1980 2890 2034 Διά
2928 1978 3088 2034 τοῦτο
3118 1981 3227 2034 τῶν
3251 1981 3426 2036 ἄλλων
3459 1983 3716 2055 θορυϐου-

2043 2063 2223 2133 μένων
2246 2062 2340 2116 καὶ¹
2363 2061 2766 2134 διαπορούντων
2794 2062 2863 2127 ⁸⁸,
2889 2063 3052 2116 πάλιν
3083 2063 3111 2116 6
3137 2065 3361 2138 Πέτρος,
3389 2065 3592 2138 θερμὸς
3617 2069 3713 2128 ῶν,

2043 2147 2202 2217 μόνος
2223 2145 2396 2216 τολμᾷ
2433 2147 2564 2217 περὶ
2588 2144 2797 2199 τούτων
2819 2145 3166 2216 διαλεχθῆναι
3189 2164 3203 2178 ·
3233 2148 3324 2202 καὶ
3348 2149 3469 2202 οὐδὲ
3489 2145 3640 2215 οὗτος
3667 2157 3713 2186 ³⁵⁸

2040 2230 2343 2301 παρρησίᾳ,
2362 2229 2496 2284 ἀλλά
2519 2231 2640 2283 κατ’
2673 2229 2810 2284 ἰδίαν
2834 2228 3014 2282 λαϐών
3033 2247 3048 2261 ο
3076 2230 3346 2297 τουτέστι,
3377 2233 3486 2288 τῶν
3511 2234 3713 2292 λοιπῶν

2039 2315 2340 2386 ἀποσχίσας
2368 2314 2559 2367 ἐαυτὸν
2587 2315 2634 2346 ⁹⁶
2670 2313 2962 2386 μαθητῶν
3003 2314 3096 2368 καί
3127 2332 3291 2386 φησιν
3312 2331 3326 2345 ⁸
3357 2318 3554 2386 Ἵλεώς
3589 2337 3710 2383 σοι,

2039 2399 2237 2465 Κύριε,
2266 2400 2337 2452 οὺ
2362 2397 2449 2467 μὴ
2478 2396 2649 2450 ἔσται
2677 2411 2776 2450 σοι
2796 2395 2990 2452 τοῦτο.
3023 2397 3089 2448 Τί
3121 2415 3251 2450 ποτε
3277 2397 3434 2452 τοῦτό
3471 2402 3616 2456 ἐστιν
3641 2423 3655 2468 ς
3681 2409 3714 2459 6

2038 2481 2436 2550 ἀποκαλύψεως
2461 2479 2662 2550 τυχὼν,
2691 2483 2719 2534 6
2739 2481 3120 2551 μακαρισθεὶς,
3140 2478 3292 2545 οὗτος
3327 2483 3470 2539 οὕτω
3501 2488 3710 2558 ταχέως

2037 2562 2252 2615 διέπεσε
2287 2564 2379 2616 καὶ
2407 2562 2640 2632 ἐσφάλη,
2682 2561 2758 2624 ὡς
2801 2561 3099 2632 φοϐηθῆναι
3149 2564 3210 2617 τὸ
3266 2565 3470 2633 πάθος;
3505 2569 3612 2624 Καὶ
3658 2573 3710 2624 τί

2039 2647 2370 2715 θαυμαστὸν,
2426 2645 2520 2697 τὸν
2564 2647 2626 2698 οὐ
2661 2644 2954 2716 δεξάμενον
3000 2647 3059 2698 ἐν
3109 2646 3317 2712 τούτοις
3369 2649 3710 2724 ἀποκάλυψιν

2037 2729 2198 2781 τοῦτο
2231 2729 2460 2792 παθεῖνς
2489 2730 2605 2783 Ἱνα
2636 2729 2747 2799 γὰρ
2779 2727 2978 2800 μάθῃς,
3022 2731 3104 2783 ὅτι
3137 2731 3256 2784 οὐδὲ
3297 2734 3477 2788 ἐκεῖνα
3499 2737 3708 2792 οἴκοθεν

2038 2808 2359 2877 ἐφθέγξατο,
2390 2810 2493 2881 ὅρα
2523 2809 2565 2840 ⁸⁸
2599 2811 2656 2860 ἐν
2678 2808 2888 2872 τούτοις
2908 2811 3019 2871 τοῖς
3041 2809 3140 2862 οὐκ
3165 2810 3708 2884 ἀποκεκαλυμμένοις

2037 2891 2189 2962 αὐτῷ
2231 2891 2348 2955 πῶς
2399 2891 2709 2962 θορυϐεῖται
2756 2891 2851 2944 καὶ
2880 2891 3287 2962 περιτρέπεται,
3324 2894 3418 2946 καὶ
3448 2899 3709 2968 μυριάκις

2038 2973 2250 3028 ἀκούων
2275 2974 2374 3027 οὐκ
2398 2970 2506 3027 οἵδε
2530 2975 2582 3027 τί
2609 2975 2740 3027 ποτέ
2772 2974 2890 3027 ἐστι
2915 2973 2976 3025 τὸ
2998 2973 3307 3044 λεγόμενον.
3328 2975 3448 3030 Ὅτι
3476 2978 3574 3047 μὲν
3598 2981 3708 3052 γάρ

2036 3057 2164 3120 Υἱὸς
2196 3057 2328 3110 Θεοῦ
2360 3059 2526 3118 ἐστιν,
2563 3057 2796 3128 ἔμαθεν·
2841 3058 2869 3110 ὃ
2913 3057 2967 3109 τί
2996 3073 3128 3109 ποτε
3171 3057 3229 3111 δέ
3264 3059 3379 3112 ἐστι
3408 3061 3470 3112 τὸ
3499 3066 3706 3134 μυστή-

2038 3157 2153 3212 ριον
2182 3139 2276 3192 τοῦ
2333 3138 2569 3211 σταυροῦ
2607 3140 2699 3192 καὶ
2745 3139 2844 3208 τῆς
2882 3138 3250 3202 ἀναστάσεως,
3299 3140 3510 3194 οὐδέπω
3556 3147 3704 3200 αὑτῶ

2034 3222 2192 3294 δῆλον
2215 3221 2451 3292 ἐγένετο.
2481 3223 2590 3276 Kal
2615 3222 2722 3293 γὰρ
2744 3217 2884 3280 ἾῙν.
2916 3221 3100 3290 φησὶν,
3126 3224 3159 3274 ό
3183 3222 3365 3290 λόγος
3384 3223 3486 3277 ἀπ’
3506 3228 3705 3282 αὐτῶν

2035 3305 2504 3375 κεκαλυμμένος.
2544 3306 2705 3377 Ὁρᾷς
2731 3305 2813 3358 ὅτι
2859 3303 3083 3366 δικαίως
3120 3303 3335 3358 ἐκέλευε
3369 3307 3415 3337 ⁹¹
3458 3310 3570 3373 τοῖς
3608 3313 3704 3366 ἄλ-

2034 3388 2146 3454 λοις
2178 3390 2252 3460 μὴ
2274 3391 2512 3456 ἐξειπεῖν
2533 3406 2548 3454 ;
2573 3389 2634 3442 Εἰ
2660 3388 2767 3460 γὰρ
2788 3387 2882 3451 οὓς
2903 3388 3199 3454 ἀναγκαῖον
3223 3382 3292 3459 ἦν
3309 3388 3502 3458 μαθεῖν
3530 3393 3701 3464 061m;

2033 3472 2336 3544 ἐθορύϐησε
2353 3473 2418 3536 ’³,
2449 3473 2501 3526 τί
2524 3472 2624 3525 οὐκ
2653 3470 2719 3525 ἀν
2740 3471 2945 3525 ἐπαθον
2971 3471 3022 3523 οἱ
3057 3470 3266 3536 λοιποίς
3313 3473 3483 3538 Αὐτὸς
3517 3477 3701 3546 μέντοι

2031 3556 2267 3618 δεικνὺς,
2301 3556 2384 3609 ὅτι
2419 3553 2675 3608 τοσοῦτον
2697 3554 2896 3625 ἀπέχει
2928 3554 3078 3608 ἄκων
3101 3553 3275 3608 ἐλθεῖν
3307 3556 3398 3608 ἐπὶ
3421 3558 3480 3610 16
3507 3561 3696 3627 πάθος,

2034 3637 2130 3693 καὶ
2155 3638 2454 3708 ἐπετίμησε
2483 3635 2561 3707 τῷ
2585 3637 2797 3707 Πέτρῳ,
2826 3638 2922 3691 καὶ
2949 3638 3195 3691 Σατανᾶν
3219 3636 3497 3693 ἐκάλεσεν.

2101 3721 2165 3777 δ’.
2217 3722 2631 3776 Ἀκουσάτωσαν
2665 3721 2782 3775 ὅσοι
2823 3720 2886 3774 16
2924 3720 3096 3783 πάθος
3137 3720 3556 3788 ἐπαισχύνονται
3602 3727 3698 3780 τοῦ

2034 3803 2268 3877 σταυροῦ
2296 3806 2342 3837 ⁸⁸
2372 3804 2467 3857 τοῦ
2505 3801 2764 3874 Χριστοῦ.
2798 3803 2863 3856 Εἰ
2896 3801 3005 3872 γὰρ
3036 3803 3064 3855 6
3094 3805 3407 3873 κορυφαῖος,
3443 3806 3535 3858 καὶ
3568 3809 3700 3878 πρὶν

2032 3887 2066 3959 ἦ
2101 3887 2283 3941 πάντα
2318 3885 2508 3956 μαθεῖν
2548 3885 2756 3954 σαφῶς,
2793 3884 3038 3947 Σατανᾶς
3069 3883 3270 3954 ἐκλήθη
3296 3884 3454 3938 τοῦτο
3487 3887 3696 3952 παθὼν,

2030 3971 2155 4025 τινα
2182 3969 2248 4024 ἀν
2291 3969 2463 4039 ἔχοιεν
2494 3967 2822 4040 συγγνώμην
2865 3968 2913 4022 οί
2946 3967 3082 4038 μετά
3123 3967 3391 4038 τοσαύτην
3427 3970 3698 4038 ἀπόδειξιν

2029 4052 2130 4122 τὴν
2158 4051 2467 4122 οἰκονομίαν
2497 4051 2851 4121 ἀρνούμενοις
2887 4051 3055 4104 Ὅταν
3087 4049 3196 4120 γὰρ
3227 4052 3256 4102 6
3290 4049 3434 4104 οὕτω
3464 4070 3695 4126 μακαρι·

2031 4135 2198 4200 σθεὶς,
2233 4136 2260 4188 ὁ
2304 4132 2528 4186 τοιαῦτα
2562 4131 2920 4204 ὁμολογήσας,
2958 4132 3184 4186 τοιαῦτα
3215 4133 3411 4206 ἀκούῃ,
3443 4138 3696 4204 ἐννόησον

2030 4219 2153 4271 τίνα
2179 4217 2458 4270 πείσονται
2487 4217 2534 4269 οἰ
2562 4215 2700 4286 μετά
2719 4215 2891 4269 ταῦτα
2918 4214 3240 4276 ἀθετοῦντες
3261 4215 3355 4269 τοῦ
3381 4219 3612 4291 σταυροῦ
3636 4222 3695 4274 16

2036 4301 2354 4372 μυστήριον.
2403 4299 2511 4351 Kal
2554 4299 2654 4351 οὐκ
2693 4295 2866 4358 εἶπεν,
2924 4298 2982 4351 '0
3016 4298 3260 4362 Σατανᾶς
3288 4298 3587 4368 ἐφθέγξατο
3609 4302 3694 4357 διὰ

2033 4384 2158 4438 σοῦ’
2193 4383 2332 4450 ἀλλ’,
2359 4383 2593 4452 Ὕπαγε
2619 4382 2814 4436 ὀπίσω
2841 4399 2982 4450 μου,
3008 4380 3264 4435 Σατανᾶ.
3303 4381 3410 4434 Καὶ
3435 4382 3545 4454 γάρ
3571 4386 3692 4438 ἐπι-

2031 4467 2199 4540 θυμία
2227 4463 2295 4539 ἦν
2317 4465 2411 4520 τοῦ
2442 4465 2820 4536 ἀντικειμένου
2845 4465 2908 4519 16
2931 4467 2977 4498 ⁸⁵
3005 4464 3081 4537 μὴ
3108 4464 3300 4518 παθεῖν
3325 4465 3419 4519 τὸν
3436 4467 3692 4538 Χριστόν.

2025 4552 2124 4605 Διά
2151 4551 2310 4605 τοῦτο
2329 4548 2469 4620 μετά
2485 4549 2755 4619 τοσαύτης
2783 4547 3141 4617 σφοδρότητος
3169 4546 3498 4618 ἐπετίμησεν
3517 4549 3691 4619 αὐτῷ,

2025 4633 2212 4704 ἐπειδὴ
2250 4633 2363 4704 ᾔδει
2399 4631 2634 4703 μάλιστα
2673 4629 2767 4682 καὶ
2795 4630 2959 4682 αὐτὸν
2997 4629 3092 4682 καὶ
3143 4628 3268 4691 τούς
3295 4628 3489 4692 ἄλλους
3533 4629 3696 4683 τοῦτο

2024 4717 2408 4787 φοϐουμένους,
2441 4715 2534 4767 καὶ
2567 4713 2666 4767 οὐκ
2707 4712 2945 4776 εὐκόλως
2988 4713 3119 4766 αὐτὸ
3147 4711 3466 4780 δεξομένους
3491 4712 3558 4765 ’⁸.
3593 4714 3694 4768 Διά

2022 4799 2181 4852 τοῦτο
2204 4799 2298 4852 καὶ
2335 4796 2708 4852 ἀποκαλύπτει
2756 4795 2824 4849 τὰ
2852 4796 2960 4850 ἀπὸ
2988 4795 3090 4865 τῆς
3113 4795 3352 4858 διανοίας
3397 4794 3564 4849 αὐτοῦ
3600 4793 3692 4849 λέ·

2026 4899 2138 4951 γων
2158 4900 2172 4913 '
2213 4883 2294 4936 Οὐ
2321 4879 2559 4950 φρονεῖς
2595 4881 2668 4933 τὰ
2695 4879 2802 4934 τοῦ
2838 4879 3006 4943 Θεοῦ,
3036 4879 3197 4933 ἀλλὰ
3225 4880 3296 4931 τὰ
3327 4876 3448 4931 τῶν
3465 4878 3692 4948 ἀνθρώ-

2026 4981 2174 5018 πων.
2207 4965 2272 5017 Τί
2302 4965 2358 5017 δέ
2389 4967 2556 5025 ἐστιν,
2585 4965 2668 5016 Οὐ
2705 4962 2946 5031 φρονεῖς
2970 4961 3042 5015 τὰ
3070 4960 3176 5015 τοῦ
3205 4960 3376 5026 Θεοῦ,
3405 4961 3566 5015 ἀλλὰ
3619 4963 3691 5016 τὰ

2024 5048 2145 5100 τῶν
2181 5045 2506 5115 ἀνθρώπων
2529 5045 2631 5111 ⁹⁶⁶;
2672 5045 2909 5106 Ἐκεῖνος
2951 5042 3276 5114 ἀνθρωπίνῳ
3324 5043 3570 5115 λογισμῷ
3596 5047 3691 5099 καὶ

2025 5131 2199 5201 γηΐνῳ
2218 5130 2278 5183 16
2299 5131 2531 5200 πρᾶγμα
2552 5127 2840 5192 ἐξετάζων,
2859 5127 3108 5196 ἐνόμιζεν
3128 5125 3352 5197 αἰσχρὸν
3372 5121 3512 5181 εἶναι
3534 5126 3690 5181 τοῦτο

2023 5211 2172 5282 αὐτῷ
2192 5213 2286 5264 καὶ
2315 5210 2583 5280 ἀπρεπές.
2615 5208 3057 5279 Καθικνούμενος
3087 5207 3268 5262 τοίνυν
3291 5207 3459 5262 αὐτοῦ
3493 5226 3686 5280 φησιν’

2023 5296 2098 5349 U6
2131 5295 2192 5348 16
2221 5294 2319 5366 ἐμὲ
2371 5293 2564 5346 παθεῖν
2592 5291 2839 5363 ἀπρεπές
2862 5308 2877 5322 ο
2925 5290 3062 5344 ἀλλά
3107 5292 3173 5344 σὺ
3225 5294 3458 5362 σαρκικῇ
3495 5292 3689 5366 γνώμῃ

2023 5377 2232 5441 τούτοις
2257 5376 2468 5447 ψηφίζῃ
2493 5393 2507 5406 ·
2535 5375 2610 5436 ὼς
2640 5377 2687 5427 εἰ
2711 5373 2852 5427 κατά
3062 5374 3193 5427 Θεὸν
3241 5374 3436 5444 ῆκουες
3463 5374 3571 5426 τῶν
3603 5373 3688 5427 λε-

2025 5460 2290 5530 γομένων,
2320 5460 2415 5528 τῆς
2445 5457 2716 5528 σαρκικῆς
2749 5456 2985 5521 διανοίας
3033 5456 3385 5523 ἀπαλλαγεὶς,
3415 5455 3562 5527 ᾔδεις
3585 5457 3685 5522 ἂν,

319 5553 366 5584 ⁸ο
389 5553 482 5605 τοῦ
507 5552 717 5621 Πατρὸς
740 5552 834 5605 καὶ
858 5551 952 5604 τοῦ
979 5551 1110 5603 Υίοῦ
1143 5549 1276 5621 Edd.
1313 5548 1456 5621 Infra
1489 5549 1599 5621 τῶν
1623 5549 1692 5621 τά
1715 5551 1934 5621 τοιαῦτα

2109 5552 2150 5583 ⁸⁸
2183 5550 2493 5621 σκανδάλων
2517 5549 2580 5602 L.
2628 5551 2701 5621 κε’
2733 5550 3043 5621 γενομένων
3066 5551 3135 5603 K.
3213 5550 3261 5621 "_
3285 5543 3353 5618 ἦν
3378 5564 3492 5621 pip.
3521 5552 3590 5621 ίξ.
3615 5565 3661 5621 rp

291 5665 308 5679 .
327 5623 422 5677 καὶ
451 5630 580 5677 ante
617 5617 970 5693 ἐλαυνόμενον
1002 5621 1203 5674 habent
1237 5620 1304 5693 l._._
1323 5619 1394 5673 Μ.
1465 5617 1516 5658 ⁸⁸
1547 5619 1760 5693 τούτου]
1790 5621 1934 5693 τοῦτι

2036 5621 2064 5674 [.
2095 5622 2290 5676 τούτου
2321 5637 2430 5678 om.

244 5640 308 5726 ρ.
327 5639 422 5677 και
451 5639 580 5677 ante
617 5639 970 5744 ἐλαυνόμενον
1003 5639 1203 5674 ιιευριιι
1237 5639 1394 5701 nam.
1465 5639 1516 5658 ιν
1547 5639 1760 5702 τουτου]
1790 5639 1934 5674 τουτί

273 5698 295 5725 ⁸
332 5695 613 5747 l'rareunle
653 5693 775 5746 cod.
859 5733 871 5745 .
907 5691 1012 5745 huc
1055 5691 1437 5746 transtulimus
1485 5689 1768 5760 periodum
1801 5692 1933 5753 Είκό

249 5764 397 5814 Idem
453 5762 584 5814 fecit
618 5761 844 5814 Latinus
883 5763 1170 5814 internres.
1247 5760 1291 5792 ³⁷
1320 5760 1516 5814 αὐτοὺς
1569 5759 1841 5814 διδάσκειν
1873 5763 1908 5814 4

2036 5639 2064 5674 ι.
2095 5639 2290 5676 τουτου
2321 5639 2430 5678 om.
2456 5639 2516 5673 ιι.
2624 5639 2669 5653 ν-
2700 5639 2948 5692 εμπηοαν
2973 5639 3032 5674 ιλ.
3065 5639 3263 5690 καιτοι]
3297 5639 3388 5672 και

2036 5709 2041 5751 :
2078 5693 2258 5746 τοίνυν
2301 5709 2354 5746 κ.
2383 5709 2435 5744 τ.
2459 5692 2506 5744 ἐ.
2539 5706 2664 5760 qua
2701 5692 2862 5814 vulg:
2895 5700 3016 5760 post
3036 5707 3089 5746 ν.
3118 5689 3414 5776 λεχθέντων

2036 5778 2152 5814 sua.
2227 5763 2271 5794 ³⁸
2300 5761 2649 5814 ἀπορούντων
2704 5762 2765 5814 L.
2841 5759 2885 5814 1.
2916 5760 3014 5814 En.
3092 5763 3136 5793 "
3167 5776 3340 5814 ουτως
3389 5756 3414 5812 ί

2841 5777 2885 5814 ι.
2916 5777 2996 5830 np

332 5695 613 5747 l'rareunle
653 5693 775 5746 cod.

249 5764 397 5818 Idem
453 5762 584 5816 fecit
618 5761 844 5816 Latinus
883 5763 1170 5831 interpres.
1215 5760 1291 5831 __"
1320 5759 1516 5831 αὐτοὺς
1569 5759 1841 5831 διδάσκειν
1873 5763 1908 5815 4

2036 5778 2152 5831 sqq.

2622 5620 2669 5653 ι·
2700 5593 3038 5692 ιᾲξτῖιῌὶῐξ
3065 5593 3263 5692 {agitat}
3292 5593 3492 5692 ξιὲιῐξξ
3519 5593 3590 5672 ιῑῖ
3611 5593 3682 5675 ίιξ

3464 5689 3680 5744 lenitur.

2229 5711 2258 5744 ν
2301 5709 2354 5746 κ.
2383 5709 2435 5744 τ.
2459 5705 2506 5775 εί
2539 5706 2664 5760 qua
2701 5705 2788 5744 νιιι
2829 5706 2862 5742 ο
2895 5705 3016 5760 post
3036 5707 3089 5746 ν.
3120 5705 3414 5776 Αεχυεντων
3464 5705 3514 5742 ιε
3552 5705 3679 5744 ιιιιι·.

2227 5763 2271 5832 ξ’
2300 5764 2649 5832 ἀπορουντων
2704 5762 2765 5815 L.
2916 5760 3014 5830 Ep.
3092 5763 3136 5793 ”
3167 5776 3342 5832 ουτως
3389 5756 3459 5832 (Ξ.
3616 5760 3679 5818 L.

245 5836 294 5866 ”
318 5833 477 5914 αὐτόν
503 5831 564 5886 Κ.
603 5831 672 5886 Μ.
709 5848 764 5902 p.
795 5847 848 5901 p.
874 5829 1045 5902 Κύριε
1071 5847 1179 5884 om.
1211 5829 1277 5884 K.
1450 5832 1492 5862 θ’
1524 5829 1670 5954 ὅραὲ
1694 5832 1818 5886 add.
1855 5833 1934 5886 πῶ

245 5905 410 5954 batur
444 5919 498 5954 ιιι
545 5903 679 5954 EdJ.
719 5912 843 5954 ante
867 5902 999 5954 Bon.
1024 5899 1184 5954 ἰδίω.
1265 5902 1310 5931 ’⁸
1346 5901 1600 5954 ἐκέλευσε
1673 5901 1763 5954 (Id.
1795 5901 1934 5954 ἐκάλι

2036 5829 2161 5888 τξΗ.
2197 5829 2440 5886 Μ.1ιι1ι·ἓι
2475 5831 2590 5894 πῶς
2619 5841 2746 5886 ante
2793 5829 3101 5902 θορυϐεῖται
3145 5846 3257 5885 om.
3305 5830 3370 5884 Η.
3403 5829 3494 5884 Bis
3539 5831 3681 5900 lege-

2053 5901 2116 5954 L.
2195 5903 2242 5936 ⁸⁸
2267 5895 2413 5954 οῦτοι
2449 5900 2621 5954 οὕτως
2655 5901 3061 5954 ἐθορυϐήθησαν
3094 5901 3154 5954 ι..
3232 5901 3276 5933 ⁸⁸
3324 5898 3416 5954 τοῦ
3445 5901 3678 5954 σταυροῦ

245 5905 410 5958 batur
444 5904 498 5957 in
545 5903 679 5957 EdJ.
712 5899 843 5954 'ante
867 5899 999 5956 Ben.
1024 5899 1184 5955 2⁸⁸1³³.
1265 5902 1310 5931 ’⁸
1346 5899 1600 5954 ἐκέλευσε

243 5991 359 6030 om.
389 5973 450 6026 L.
473 5974 536 6026 Μ.
612 5974 658 6004 ³⁸
687 5973 769 6039 τόι
802 5972 893 6026 τοῦ
921 5970 990 6027 Μ.

1673 5901 1763 5955 (Id.
1795 5895 2018 5985 ἐκάλεσε
2053 5901 2116 5959 L.
2174 5903 2242 5985 ,ξ’
2267 5895 2621 5985 οὗτοιθύτιιις
2655 5895 3061 5985 ἐθορμϐήθησαν
3094 5901 3154 5956 L.
3181 5971 3192 5985 ι
3232 5901 3276 5985 ’ξ
3324 5895 3678 5985 τοῦιρταυροῦ

1067 5973 1111 6002 ’⁸
1133 5971 1460 6040 δεξαμένους
1485 5969 1546 6024 Κ.
1575 5970 1632 6025 L.
1659 5981 1712 6027 et
1737 5987 1818 6042 pr.
1847 5972 1908 6026 G.

2079 5976 2147 6006 "'
2174 5971 2298 6030 llxc
2325 5973 2388 6026 Τί
2416 5971 2471 6024 δέ
2497 5968 3018 6040 ἐστιν...ἀνθρώπων
3043 5988 3147 6026 non
3181 5971 3380 6026 habent
3409 5968 3473 6023 (ἑ.
3508 5968 3601 6025 Ου’.
