4108 6376
423 305 524 362 557

418 427 504 481 ὅτι
533 423 655 495 ἐμοὶ
681 424 913 495 μάλιστα
940 430 1097 484 τοῦτο
1122 431 1333 502 πρέπον
1362 431 1500 484 ἐστί.
1549 432 1621 485 ΣΞ)
1661 431 1760 501 μὲν
1793 431 1900 504 γὰρ
1944 433 2095 504 νομί-

419 512 554 576 ζεις,
589 511 669 562 ὅτι
699 510 918 576 ἀνάξιόν
953 513 1056 583 μού
1089 517 1206 567 ἐστι
1240 515 1300 568 τὸ
1337 514 1530 568 παθεῖν
1551 531 1566 546 ·
1602 516 1713 584 ἐγὼ
1738 517 1793 568 δέ
1819 535 1900 570 σοι
1930 518 2092 584 λέγω,

418 600 502 651 ὅτι
527 596 586 650 τὺ
621 596 693 668 μὴ
738 596 929 650 παθεῖν
980 615 1048 667 με
1079 599 1177 668 τῆς
1221 599 1314 652 τοῦ
1347 600 1596 653 διαϐόλου
1643 601 1867 671 γνώμης
1907 603 2053 654 ἐστίν
2079 620 2091 633 ο

417 683 528 734 ἀπὸ
565 681 671 733 τῶν
715 672 971 734 ἐναντίων
1031 683 1410 736 καταστέλλων
1470 683 1637 737 αὐτοῦ
1682 685 1781 754 τὴν
1833 686 2090 754 ἀγωνίαν.

421 761 628 830 Ὥσπερ
654 760 764 831 γάρ
807 762 1076 831 Ἰωάννην.
1113 761 1331 826 ἀνάξιον
1356 762 1520 815 αὐτοῦ
1554 763 1840 832 νομίζοντα
1868 759 2005 816 εἶναι
2036 764 2096 816 τὸ

418 839 784 911 βαπτισθῆναι
806 842 896 894 ὐπ’
936 841 1120 903 αὐτοῦ,
1152 842 1414 912 βαπτίσαι
1459 843 1674 896 έπεισεν
1707 842 1897 905 εἰπὼν,
1931 842 2095 896 Οὕτω

416 919 648 987 πρέπον
697 920 870 974 ἐστὶν
912 921 1057 988 ἡμῖν
1079 937 1094 952 ·
1128 922 1224 975 καὶ
1249 922 1410 976 αὐτὸν
1453 923 1510 976 δὲ
1547 927 1734 976 τοῦτον
1765 923 1856 976 τὸν
1887 923 2094 993 Πέτρον

417 997 698 1052 κωλύοντα
747 999 909 1052 αὐτὸν
940 1000 984 1032 ⁸⁷
1019 999 1169 1070 νίψαι
1205 1003 1332 1064 τοὺς
1383 1002 1572 1063 πόδας,
1631 999 1800 1056 εἰπὼν
1847 1001 1894 1032 ³⁸
1919 1041 1934 1064 ,
1972 1002 2094 1053 Οὐκ

419 1077 575 1145 ἔχεις
591 1077 770 1146 μέρος
792 1078 917 1146 μετ’
939 1079 1108 1142 ἐμοῦ,
1129 1081 1240 1132 ἐὰν
1255 1079 1339 1146 μή
1364 1095 1480 1132 σου
1503 1083 1660 1149 νίψω
1697 1080 1842 1144 τοὺς
1879 1079 2089 1145 πόδας·

420 1155 556 1208 οὕτω
591 1163 682 1209 καί
710 1157 943 1209 ἐνταῦθα
969 1159 1076 1211 ἀπὸ
1105 1158 1212 1210 τῶν
1239 1160 1494 1212 ἐναντίων
1525 1160 1687 1214 αὐτὸν
1714 1160 1967 1228 κατέσχε,
2000 1158 2094 1210 καὶ

423 1238 482 1306 τῇ
516 1236 613 1306 τῆς
641 1237 1011 1308 ἐπιτιμήσεως
1041 1238 1362 1309 σφοδρότητι
1382 1239 1474 1292 τὸν
1503 1240 1641 1308 ὐπέρ
1662 1237 1756 1291 τοῦ
1785 1238 1978 1291 παθεῖν
2001 1237 2090 1306 φό-

422 1316 509 1366 ϐον
528 1315 857 1370 κατέστειλε.
879 1315 1080 1385 Μηδεὶς
1101 1317 1280 1369 τοίνυν
1294 1318 1630 1386 αἰσχυνέσθω
1655 1319 1700 1349 ⁹⁹
1720 1317 1787 1369 τὰ
1805 1334 1860 1369 σε
1871 1315 1976 1386 μνά
1996 1317 2094 1384 τῆς

420 1393 692 1462 σωτηρίας
720 1394 750 1462 ἡ
760 1393 875 1463 μῶν
902 1393 1169 1465 σύμϐολα,
1194 1396 1289 1448 καὶ
1315 1397 1373 1448 τὸ
1396 1396 1689 1465 κεφάλαιον
1717 1397 1825 1449 τῶν
1849 1394 2091 1460 ἀγαθῶν,

417 1472 483 1523 δι’
517 1473 544 1524 δ
571 1475 662 1526 καὶ
712 1473 893 1542 ζῶμεν
931 1473 972 1536 ί,
1013 1474 1108 1526 καὶ
1142 1473 1208 1526 δι’
1237 1475 1265 1526 ὃ
1297 1475 1464 1545 ἐσμεν
1486 1491 1499 1504 ·
1529 1474 1644 1526 ἀλλ’
1693 1476 1770 1537 ὼς
1808 1475 2090 1541 στέφανον,

416 1551 557 1604 οὕτω
588 1552 974 1623 περιφέρωμεν
1006 1553 1098 1606 τὸν
1133 1554 1360 1625 σταυρὸν
1391 1553 1494 1606 ’τοῦ
1539 1552 1798 1625 Χριστοῦ.
1849 1553 1957 1605 Καὶ
1985 1551 2092 1623 γὰρ

416 1633 591 1684 πάντα
617 1632 682 1684 δι’
717 1632 881 1684 αὐτοῦ
915 1633 1149 1687 τελεῖται
1176 1634 1244 1686 τὰ
1273 1632 1396 1687 καθ’
1426 1636 1458 1702 ἡ
1470 1634 1596 1701 μᾶς.
1636 1633 1754 1686 Κᾶν
1785 1633 2088 1702 ἀναγεννή-

417 1712 572 1780 ϐῆναι
598 1710 713 1782 δέῃ,
751 1712 980 1782 σταυρὸς
1003 1713 1397 1781 παραγίνεται·
1422 1712 1523 1766 κᾶν
1552 1713 1826 1782 τραφῆναι
1855 1715 1954 1782 τὴν
1987 1731 2089 1783 μυ·

421 1791 608 1857 στικὴν
629 1790 843 1860 ἐκείνην
872 1792 1076 1861 τροφὴν
1105 1794 1148 1850 ³,
1174 1791 1274 1845 κᾶν
1294 1791 1763 1863 χειροτονηθῆναι.
1787 1791 1888 1845 κᾶν
1911 1791 2088 1844 ὁτιοῦν

414 1871 600 1940 ἕτερον
630 1869 876 1939 ποιῆσαι,
909 1869 1184 1940 πανταχοῦ
1214 1871 1275 1922 τὸ
1304 1871 1404 1940 τῆς
1431 1871 1451 1902 ³
1473 1871 1629 1940 νίκης
1653 1873 1785 1940 ἡμῖν
1817 1871 2086 1941 παρίστα-

413 1967 503 2004 ται
539 1949 823 2020 σύμϐολον.
863 1951 960 2003 Διά
992 1950 1150 2003 τοῦτο
1179 1951 1274 2004 καὶ
1302 1951 1395 2003 ἐπὶ
1425 1953 1602 2013 οἰκίας
1632 1953 1674 2013 δ,
1717 1951 1810 2003 καί.
1842 1952 1935 2004 ἐπὶ
1978 1951 2088 2002 τῶν

415 2029 632 2099 τοίχων,
656 2030 751 2083 καὶ
785 2031 876 2083 ἐπὶ
898 2032 1005 2082 τῶν
1032 2030 1286 2102 θυρίδων,
1311 2032 1405 2084 καὶ
1431 2032 1524 2083 ἐπὶ
1557 2030 1652 2084 τοῦ
1689 2030 1963 2101 μετώπου,
1996 2032 2088 2084 καὶ

415 2111 504 2163 ἐπὶ
529 2109 626 2178 τῆς
657 2109 910 2172 διανοίας,
943 2110 1080 2180 μετὰ
1115 2109 1316 2180 πολλῆς
1340 2111 1720 2180 ἐπιγράψομεν
1744 2110 1905 2163 αὐτὸν
1939 2111 1959 2142 ⁵
1989 2111 2088 2179 τῆς

417 2191 671 2260 σπουδῆς.
704 2190 817 2256 Τῆς
841 2189 949 2259 γὰρ
972 2191 1112 2261 ὑπὲρ
1141 2193 1172 2260 ἡ
1183 2190 1299 2256 μῶν
1332 2191 1629 2262 σωτηρίας,
1675 2192 1771 2245 καὶ
1817 2192 1918 2261 τῆς
1944 2191 2090 2244 ἐλευ-

415 2269 601 2338 θερίας
629 2269 728 2337 τῆς
767 2271 970 2340 κοινῆς,
1005 2271 1102 2323 καὶ
1125 2272 1222 2340 τῆς
1248 2272 1549 2334 ἐπιεικείας
1572 2273 1604 2340 ἡ
1615 2270 1730 2340 μῶν
1751 2270 1851 2324 τοῦ
1887 2271 2089 2324 Δεσπό-

411 2364 504 2400 ⁴του
531 2347 687 2400 τοῦτό
716 2351 831 2401 ἐστι
865 2349 926 2402 τὸ
955 2352 1198 2420 σημεῖον.
1230 2349 1324 2414 Ὡς
1351 2352 1650 2418 πρόϐατον
1670 2351 1776 2420 γὰρ
1810 2351 1908 2404 ἐπὶ
1934 2366 2088 2418 σεσα-

414 2427 530 2498 γὶιν
556 2427 733 2495 ἤχθη.
769 2429 938 2482 Ὅταν
996 2428 1174 2481 τοίνυν
1221 2428 1516 2500 σφραγίζῃ,
1569 2430 1738 2484 ἐννόει
1788 2432 1965 2484 πᾶσαν
1992 2429 2086 2482 τοῦ

416 2506 650 2578 σταυροῦ
684 2507 781 2578 τὴν
806 2506 1082 2573 ὑπόθεσιν,
1128 2510 1223 2561 καὶ
1256 2508 1446 2561 σϐέσον
1477 2508 1647 2578 θυμὸν
1691 2510 1786 2562 καὶ
1825 2509 1895 2562 τὰ
1925 2509 2087 2562 λοιπά

414 2588 592 2641 πάντα
621 2587 788 2657 πάθη.
813 2588 982 2640 Ὅταν
1020 2587 1317 2660 σφραγίζῃ,
1349 2587 1550 2658 πολλῆς
1567 2587 1842 2659 ἔμπλησον
1870 2589 1930 2641 τὸ
1961 2590 2088 2660 μέτο

413 2685 559 2720 ωπον
595 2667 902 2738 παρρησίας
924 2707 939 2731 ,
970 2666 1259 2736 ἐλευθέραν
1299 2665 1398 2737 τὴν
1426 2667 1601 2738 ψυχὴν
1643 2667 1887 2738 ποίησον.
1946 2670 2085 2720 Ἴστε

411 2747 470 2798 δὲ
498 2747 713 2808 πάντως
737 2746 859 2798 τίνα
887 2745 1004 2798 ἐστὶ
1044 2745 1112 2798 τά
1143 2745 1456 2816 ἐλευθερίαν
1494 2749 1821 2816 παρέχοντα.
1873 2747 1964 2798 Διὸ
1997 2749 2088 2800 καὶ

414 2824 625 2889 Παῦλος
653 2827 733 2888 εἰς
761 2824 920 2878 τοῦτο
944 2825 1152 2890 ἐνάγων
1175 2825 1341 2894 ἡμᾶς,
1375 2826 1454 2886 εἰς
1488 2824 1585 2894 τὴν
1609 2825 1923 2894 ἐλευθερίαν
1941 2827 2084 2892 λέγω

414 2904 511 2975 τὴν
541 2906 921 2976 προσήκουσαν
959 2907 1111 2974 ἡμῖν,
1161 2901 1334 2966 οὕτως
1365 2905 1548 2971 ἐνῆγε,
1583 2904 1676 2956 τοῦ
1728 2904 1961 2974 σταυροῦ
1996 2906 2088 2957 καὶ

414 2982 508 3036 τοῦ
545 2984 776 3053 αἵματος
823 2985 1140 3053 ἀναμνήσας
1189 2981 1283 3035 τοῦ
1336 2983 1686 3038 Δεσποτικοῦ.
1754 2982 1930 3052 Τιμῆς
1953 2985 2083 3052 γὰρ,

414 3063 599 3132 φησὶν,
621 3060 1026 3132 ἠγοράσθητε·
1065 3061 1150 3130 μὴ
1194 3062 1432 3131 γίνεσθε
1489 3061 1696 3116 δοῦλοι
1743 3063 2085 3130 ἀνθρώπων.

425 3142 728 3212 Ἐννόησον,
780 3142 933 3210 φησὶ,
979 3139 1076 3211 τὴν
1106 3141 1246 3210 ὐπέρ
1298 3141 1390 3193 σοῦ
1436 3141 1866 3211 καταϐληθεῖσαν
1900 3142 2085 3212 τιμὴν,

413 3221 507 3274 καὶ
527 3221 740 3284 οὐδενὸς
769 3219 878 3272 τῶν
909 3217 1210 3289 ἀνθρώπων
1230 3219 1330 3291 ἔσῃ
1358 3219 1542 3284 δοῦλος
1563 3239 1576 3251 ο
1606 3221 1767 3292 τιμὴν
1801 3220 1892 3272 τὸν
1925 3239 2088 3273 σταυ-

415 3300 508 3370 ρὸν
539 3299 732 3367 λέγων.
793 3297 926 3351 Οὐδέ
956 3298 1062 3366 γὰρ
1091 3297 1279 3360 ἁπλῶς
1325 3298 1402 3369 τῷ
1431 3299 1679 3370 δακτύλῳ
1731 3300 2087 3369 ἐγχαράττειν

412 3378 575 3433 αὐτὸν
621 3377 720 3438 δεῖ,
756 3377 893 3430 ἀλλά
942 3377 1205 3447 πρότερον
1234 3379 1299 3446 τῇ
1345 3377 1660 3451 προαιρέσει
1704 3381 1838 3448 μετά
1887 3379 2088 3450 πολλῆς

412 3459 515 3527 τῆς
542 3459 798 3520 πίστεως.
835 3455 954 3510 Κᾶν
986 3456 1158 3519 οὕτως
1193 3457 1511 3529 ἐντυπὼσῃς
1535 3458 1698 3510 αὐτὸν
1731 3461 1796 3529 τῇ
1829 3457 1968 3526 ὄψει,
1997 3461 2088 3511 οὐ-

412 3538 525 3601 δεὶς
555 3536 722 3605 ἐγγύς
753 3553 847 3588 σου
877 3537 1064 3606 στῆναι
1085 3537 1372 3606 δυνήσεται
1406 3538 1514 3589 τῶν
1553 3538 1876 3608 ἀκαθάρτων
1901 3539 2087 3608 δαιμό-

413 3635 520 3670 νων
553 3617 594 3681 ⁶,
624 3614 766 3686 ὁρῶν
795 3614 895 3684 τὴν
944 3614 1238 3686 μάχαιραν,
1297 3617 1354 3668 ἐν
1458 3616 1557 3688 τὴν
1610 3616 1823 3687 πληγὴν
1872 3617 2083 3680 ἔλαϐεν,

413 3697 554 3768 ὁρῶν
593 3697 654 3750 τδ
698 3697 868 3765 ξίφος,
903 3688 948 3764 ᾧ
1161 3699 1382 3770 καιρίαν
1413 3699 1650 3766 ἐδέξατο.
1689 3700 1751 3753 Εἰ
1784 3699 1892 3772 γάρ
1922 3703 2087 3770 ἡμεῖς

411 3777 611 3840 τόπους
631 3776 864 3846 ὁρῶντες
885 3777 944 3828 ἐν
967 3771 1048 3840 οἷς
1062 3777 1461 3848 ἀποτέμνονται
1508 3781 1558 3830 οἰ
1591 3771 1896 3843 κατάδικοι,
1930 3782 2086 3853 φρίτ-

412 3873 599 3932 τομεγν,
625 3857 875 3927 ἐννόησον
895 3857 948 3909 τί
980 3859 1223 3910 πείσεται
1257 3859 1288 3909 ὁ
1315 3858 1559 3921 διάϐολος
1593 3861 1635 3918 ⁸,
1662 3858 1723 3910 τὸ
1754 3859 1916 3912 ὅπλον
1943 3861 2085 3932 δρῶν

414 3937 480 3989 δι’
512 3931 572 3990 οῦ
599 3937 778 3988 πᾶσαν
810 3936 909 4005 τήν
955 3935 1183 3998 δύναμιν
1213 3937 1376 3990 αὐτοῦ
1421 3937 1610 3992 ἔλυσεν
1647 3941 1675 3991 6
1707 3931 2086 4008 Χριστὸςζκαὶ

411 4015 512 4085 τὴν
535 4015 628 4068 τοῦ
660 4016 951 4086 δράκοντος
983 4018 1222 4086 ἀπέτεμε
1257 4017 1520 4086 κεφαλήν.
1568 4017 1658 4087 Μὴ
1706 4017 1884 4071 τοίνυν
1930 4020 2086 4071 ἐπαι-

415 4095 647 4164 σχυνθῇς
675 4095 928 4148 τοσοῦτον
958 4096 1179 4162 ἀγοθξν,
1215 4096 1300 4148 ἵνα
1336 4097 1408 4165 μή
1443 4113 1502 4148 σε
1522 4097 1854 4168 ἐπαισχυνθῇ
1887 4100 1915 4152 6
1946 4101 2084 4168 Χρι-

415 4175 558 4237 στὸς,
578 4175 705 4228 ὅταν
735 4175 960 4245 ἔρχηται
985 4177 1123 4245 μετά
1139 4175 1240 4245 τῆς
1259 4175 1415 4246 δόξης
1431 4175 1615 4240 αὐτοῦ,
1649 4179 1744 4230 καὶ
1775 4178 1834 4230 τὸ
1860 4182 2084 4248 σημεῖον

413 4254 726 4325 ἔμπροσθεν
747 4256 1001 4324 φαίνηται
1023 4255 1236 4324 λάμπον
1253 4257 1272 4287 ⁹
1297 4255 1438 4325 ὐπέρ
1462 4255 1561 4323 τὴν
1578 4257 1772 4310 ἀκτῖνα
1789 4257 1962 4325 αὐτὴν
1987 4255 2081 4310 τοῦ

413 4335 585 4406 ἡλίου.
610 4336 718 4388 Καὶ
737 4334 844 4404 γάρ
864 4334 1081 4404 ἔρχεται
1101 4337 1128 4387 ὁ
1156 4334 1385 4402 σταυρὸς
1411 4334 1554 4394 τότε,
1580 4335 1761 4404 φωνήν
1786 4337 1966 4404 ἀφιεὶς
1993 4337 2082 4390 διὰ

412 4416 512 4484 τῆς
532 4414 726 4483 ὂψεως,
753 4414 996 4484 καὶπρὸς
1021 4414 1118 4482 τὴν
1139 4413 1459 4483 οἰκουμένην
1478 4414 1696 4468 ἀπασαν
1713 4415 1976 4484 ἀπολογού
1987 4435 2081 4486 με·

413 4512 501 4557 νος
696 4493 833 4564 ὑπὲρ
846 4492 938 4546 τοῦ
953 4493 1246 4552 Δεσπότου,
1267 4493 1359 4546 καὶ
1376 4494 1586 4556 δεικνὺς
1605 4496 1684 4547 ὅτι
1703 4494 1853 4547 οὐδὲν
1871 4497 2080 4549 ἐνέλιπε

411 4573 519 4625 τῶν
548 4575 627 4636 εἰς
653 4571 815 4626 αὐτὸν
843 4569 1102 4641 ἡκόντων.
1134 4569 1304 4623 Τοῦτο
1345 4570 1406 4623 τὸ
1433 4574 1676 4641 σημεῖον,
1708 4573 1798 4624 καὶ
1849 4574 1939 4626 ἐπὶ
1972 4575 2080 4628 τῶν

411 4653 690 4724 προγόνων
723 4650 879 4721 ἡμῶν
924 4651 1019 4703 καὶ
1050 4650 1164 4712 νῦν,
1199 4650 1366 4721 θύρας
1421 4651 1620 4718 ἀνέῳξε
1657 4651 2076 4721 κεκλεισμένας·

411 4733 568 4786 τοῦτο
586 4733 888 4803 δηλητήρια
902 4731 1089 4784 ἔσϐεσε
1109 4731 1374 4802 φάρμακα
1392 4747 1405 4760 ·
1423 4729 1580 4782 τοῦτο
1602 4731 1826 4784 κωνείου
1853 4731 2079 4803 δύναμιν

413 4812 629 4877 ἐξέλυσε
647 4829 660 4842 ·
682 4811 838 4866 τοῦτο
863 4811 1067 4882 θηρίων
1095 4811 1347 4882 δήγματα
1388 4811 1605 4864 ἰοϐόλων
1643 4812 1850 4864 ἰάσατο.
1886 4815 1944 4865 Εἰ
1971 4814 2083 4883 γὰρ

413 4891 540 4961 ᾇδου
571 4890 744 4954 πύλας
769 4890 990 4961 ἀνέῳξε,
1020 4889 1112 4942 καί¹
1143 4889 1386 4960 οὐρανῶν
1417 4890 1610 4960 ἀψῖδας
1631 4891 1948 4956 ἀνεπέτασε,
1988 4894 2080 4946 καὶ

413 4971 738 5038 παραδείσου
777 4973 979 5024 εἴσοδον
1024 4970 1321 5022 ἐνεκαίνισε
1359 4969 1422 5030 ’⁸,
1479 4970 1571 5022 καὶ
1603 4969 1696 5022 τοῦ
1736 4970 1980 5023 διαϐόλου
2015 4972 2082 5025 τὰ

412 5049 500 5102 va?
513 5066 578 5120 9.1.
600 5049 823 5118 ἐξέκοψε
841 5067 852 5078 ·
870 5049 922 5102 τί
946 5048 1254 5117 θαυμαστὸν
1273 5050 1320 5100 εἰ
1338 5049 1350 5077 ¹
1366 5049 1380 5077 ¹
1395 5048 1700 5117 φαρμάκων
1721 5048 2081 5119 δηλητηρίων,

414 5130 505 5182 καὶ
521 5128 628 5180 τῶν
651 5127 971 5196 θηρίων,καῑ.
987 5124 1092 5178 τῶν
1111 5123 1284 5178 ἀλλων
1306 5126 1414 5177 τῶν
1432 5126 1686 5179 τοιούτων
1704 5128 2049 5196 περιεγένετο
2066 5147 2080 5194 ;

483 5221 526 5249 ⁵³⁷
560 5219 760 5272 αὐτὸν]
812 5218 976 5272 αὐτοῦ
1037 5217 1172 5272 Edd.

416 5362 506 5413 καὶ
555 5359 876 5428 ἐπουρανίου

413 5429 707 5498 Flm‘ilegii,

1187 316 1243 370 S.
1285 315 1572 371 JOANNIS
1605 315 2100 372 CHRYSOSTOMI
2143 314 2462 373 ARCHIEP.
2495 315 3041 374 CONSTANTINOI‘.

1285 5217 1480 5292 “_Sic_
1517 5218 1574 5271 L.
1746 5219 1957 5292 favente.
2010 5221 2108 5277 Ge.
2161 5222 2336 5275 umeri
2377 5220 2527 5290 αὐτῷ
2571 5221 2625 5273 δέ
2665 5220 2848 5292 τούτῳ
2893 5221 2972 5290 τῷ

409 5293 456 5321 9"
497 5284 778 5343 ΠΘΙΚΟΝ.
804 5289 951 5361 Περί
979 5289 1073 5361 τοῦ
1100 5288 1550 5361 ’ἐπῃσχύνεσθαι
1598 5287 1878 5361 ὁμολογεῖν
1907 5291 1997 5342 τὸν
2039 5292 2224 5361 τίμιον
2277 5284 2510 5360 σταυρόν
2530 5306 2542 5318 ·
2573 5293 2629 5342 ἐν
2657 5284 2700 5356 ᾧ
2732 5284 2830 5343 καῖ
3032 5290 3140 5342 τῶν

3759 313 3868 370 538

2272 439 2332 487 ε’.
2371 430 2569 485 Τοῦτον
2598 434 2640 463 ¹¹
2668 433 2845 486 τοίνυν
2873 431 3172 501 ἐγκόλαψον
3199 435 3264 503 τῇ
3309 431 3512 504 διανοίᾳ
3539 433 3606 502 τῇ
3640 432 3706 501 σῇ
3731 469 3746 491 ,
3763 431 3868 504 καὶ

2193 514 2294 584 τὴν
2328 513 2600 583 σωτηρίαν
2629 513 2956 582 περίπτυξαι
2996 512 3104 565 τῶν
3134 512 3418 582 ἡμετέρων
3445 503 3654 582 ψυχῶν.
3699 503 3869 571 Οὗτος

2194 601 2304 671 γὰρ
2329 601 2357 652 6
2405 594 2636 666 σταυρὸς
2656 594 2754 665 τὴν
2789 592 3112 663 οἰκουμένην
3139 593 3309 644 ἕσωσε
3334 593 3378 623 ’³
3415 593 3508 644 καὶ
3543 591 3869 661 ἐπέστρεψε.

2196 670 2290 750 τὴν
2322 677 2528 745 πλάνην
2554 673 2802 744 ἐξήλασε,
2837 673 2937 744 τὴν
2971 672 3230 742 ἀλήθειαν
3266 673 3606 742 ἐπανήγαγε,
3635 670 3732 742 την
3762 672 3871 741 γῆν

2193 756 2420 828 οὐρανόν
2443 754 2688 823 ἐποίησε,
2722 755 2848 816 τοὺς
2888 750 3209 824 ἀνθρώπους
3251 753 3514 820 ἀγγέλους
3551 753 3867 828 εἰργάσατο.

2193 827 2292 893 Διά
2315 838 2502 892 τοῦτον
2524 837 2575 889 οἰ
2606 835 2854 905 δαίμονες
2879 835 3062 888 οὐκέτι
3101 833 3349 903 φοϐεροὶ,
3382 832 3496 885 ἀλλ’
3526 827 3872 904 εὐκαταφρό-

2193 933 2376 989 νητοι·
2422 914 2540 968 οὐδὲ
2566 916 2594 967 6
2631 913 2857 976 θάνατος
2887 912 3136 978 θάνατος,
3160 913 3274 965 ἀλλ’
3314 911 3514 974 ὕπνος·
3548 911 3635 964 διὰ
3678 911 3873 964 τοῦτον

2194 999 2372 1052 πάντα
2424 997 2683 1067 ἔρριπται
2721 995 2894 1064 χαμαὶ
2927 991 3020 1046 καὶ
3068 994 3378 1063 πεπάτηται
3422 991 3491 1046 τά
3528 991 3871 1062 πολεμοῦντα

2195 1080 2342 1150 ἡμῖν.
2375 1079 2472 1128 Ἂν
2496 1075 2674 1128 τοίνυν
2707 1075 2834 1144 είπῃ
2867 1074 2949 1126 σοί
2979 1090 3081 1136 τις,
3106 1073 3209 1126 Τὸν
3245 1073 3660 1143 ἐσταυρωμένον
3699 1089 3873 1143 προσ-

2195 1159 2374 1220 κυνεῖς
2396 1173 2410 1220 ;
2435 1154 2556 1208 εἰπέ
2591 1153 2790 1224 φαιδρᾷ
2833 1157 2898 1224 τῇ
2930 1157 3116 1225 φωνῇ,
3162 1153 3418 1224 γεγηθότι
3447 1153 3524 1222 τῷ
3562 1152 3867 1223 προσώπῳ·

2196 1239 2305 1290 Καὶ
2339 1235 2646 1302 προσκυνῶ.
2687 1235 2779 1286 καὶ
2805 1234 2866 1286 οὐ
2902 1233 3180 1302 παύσομαί
3223 1251 3351 1286 ποτε
3380 1233 3720 1304 προσκυνῶν.
3745 1232 3869 1285 Κάν

2193 1315 2420 1387 γελάσῃ,
2446 1314 2712 1384 δάκρυσον
2739 1311 2900 1364 αὐτὸν
2930 1313 3010 1365 ὅτι
3043 1313 3311 1381 μαίνεται.
3354 1312 3761 1382 Εὐχαρίστησον
3787 1313 3869 1381 τῷ

2194 1396 2459 1465 Δεσπότῃ,
2485 1395 2566 1446 ὅτι
2589 1391 2814 1445 τοιαῦτα
2839 1393 2986 1463 ἡμᾶς
3014 1393 3393 1463 εὐεργέτησεν,
3426 1392 3462 1445 ἀ
3499 1392 3633 1462 μηδὲ
3671 1391 3866 1460 μαθεῖν

2194 1472 2414 1527 δύναταί
2451 1489 2534 1535 τις
2569 1473 2736 1542 χωρὶς
2764 1471 2860 1540 τῆς
2905 1471 3108 1524 ἀνωθεν
3160 1469 3573 1539 ἀποκαλύψεως.
3610 1471 3711 1522 Διά
3754 1471 3868 1540 γάρ

2194 1553 2352 1606 τοῦτο
2407 1553 2502 1605 καὶ
2557 1547 2711 1614 οὗτος
2757 1551 2927 1621 γελᾷ,
2972 1551 3053 1603 ὅτι
3113 1549 3379 1619 Ψυχικὸς
3427 1551 3739 1617 ἄνθρωπος
3795 1553 3872 1604 οὐ

2195 1633 2428 1702 δέχεται
2456 1631 2529 1685 τὰ
2557 1630 2663 1684 τοῦ
2702 1632 3063 1696 Πνεύματος.
3098 1630 3253 1682 Ἐπεὶ
3283 1631 3375 1682 καὶ
3403 1631 3470 1682 τά
3492 1629 3680 1681 παιδία
3711 1628 3874 1681 τοῦτο

2197 1715 2413 1784 πάσχει,
2445 1713 2572 1766 ὅταν
2599 1729 2648 1764 τι
2679 1711 2789 1764 τῶν
2821 1710 3071 1781 μεγάλων
3118 1708 3200 1781 ῐδῃ
3228 1709 3322 1762 καὶ
3362 1709 3690 1779 θαυμαστῶν
3715 1726 3727 1739 ο
3765 1710 3872 1762 κᾶν

2194 1797 2273 1857 εἰς
2301 1792 2576 1864 μυστήρια
2611 1790 2655 1821 ¹⁴
2687 1791 2986 1860 εἰσαγάγῃς
3019 1789 3259 1853 παιδίον,
3293 1788 3601 1857 γελάσεται.
3649 1788 3873 1852 Τούτοις

2193 1872 2256 1944 δὴ
2283 1872 2376 1925 καὶ
2421 1869 2683 1939 Ἕλληνες
2733 1869 2940 1922 ἐοίκασι
2969 1871 3080 1931 τοῖς
3108 1868 3368 1929 παιδίοις·
3428 1867 3627 1937 μᾶλλον
3664 1869 3719 1920 δὲ
3776 1872 3873 1922 καὶ

2193 1951 2398 2004 τούτων
2445 1950 2582 2002 εἰσὶν
2619 1948 2992 2018 άτελέστεροι,
3033 1947 3112 2000 διὸ
3138 1947 3236 2000 καὶ
3266 1946 3603 2018 ἀθλιώτεροι,
3657 1947 3740 1999 ὅτι
3771 1949 3873 2001 οὐκ

2195 2033 2252 2084 ἐν
2281 2029 2444 2099 ἀώρῳ
2468 2029 2674 2098 ἡλικίᾳ.
2697 2025 2812 2082 ἀλλ’
2841 2033 2898 2082 ἐν
2929 2027 3112 2097 τελεία
3148 2027 3216 2079 τά
3246 2025 3356 2080 τῶν
3384 2028 3591 2096 νηπίων
3631 2027 3874 2096 πάσχου-

2197 2124 2313 2160 σιν·
2342 2109 2463 2161 ὄθεν
2502 2107 2620 2161 οὐδέ
2656 2105 2944 2176 συγνὼμης
2977 2108 3114 2159 εἰσὶν
3154 2105 3312 2170 ἄξιοι.
3363 2106 3501 2160 Ἀλλ’
3531 2108 3691 2176 ἡμεῖς
3725 2107 3873 2177 λαμ-

2195 2189 2311 2260 πρᾷ
2334 2191 2397 2258 τῇ
2427 2187 2600 2256 φωνῆ,
2627 2187 2720 2240 καὶ
2747 2185 2888 2256 μέγα
2915 2186 3010 2239 καὶ
3041 2186 3244 2257 ὑψηλὸν
3283 2185 3516 2256 βοῶντες
3535 2227 3549 2245 ,
3577 2184 3876 2256 κράζωμεν

2195 2272 2290 2323 καί⁵
2313 2269 2581 2339 λέγωμεν,
2618 2267 2713 2321 καὶ
2749 2269 2878 2320 ὅταν
2909 2268 3114 2330 πάντες
3154 2269 3402 2339 παρῶσιν
3436 2268 3693 2339 Ἓλληνες
3731 2269 3877 2338 μετά

2195 2349 2436 2411 πλείονος
2457 2347 2558 2417 τῆς
2581 2346 2915 2418 παρρησίας,
2934 2347 3017 2399 ὅτι
3045 2345 3118 2398 Τὸ
3142 2348 3405 2418 καύχημα
3443 2349 3599 2418 ήμῶν
3635 2349 3664 2399 6
3701 2364 3873 2400 σταυ-

2198 2428 2310 2500 ρὸς,
2347 2426 2521 2481 καὶτὸ
2545 2425 2833 2493 κεφάλαιον
2863 2425 2970 2478 τῶν
2990 2425 3207 2494 ἀγαθῶν
3233 2428 3507 2487 ἁπάντων,
3533 2427 3624 2480 καὶ
3657 2429 3688 2498 ἡ
3724 2431 3873 2498 παῤ-

2197 2507 2357 2578 ρησία
2397 2508 2490 2559 καὶ
2521 2508 2549 2559 6
2590 2504 2850 2574 στέφανος
2878 2504 3041 2567 ἅπας.
3087 2505 3414 2576 Ἐϐουλόμην
3443 2507 3536 2561 καὶ
3566 2507 3702 2576 μετά
3725 2505 3874 2559 Παύ-

2193 2586 2286 2640 λου
2315 2584 2571 2639 δύνασθαι
2593 2583 2770 2651 λέγειν
2787 2623 2801 2645 ,
2830 2584 2911 2636 ὅτι
2937 2583 3017 2636 Δι’
3044 2581 3117 2640 οὗ
3143 2585 3273 2654 ἐμοὶ
3311 2587 3540 2654 κόσμος
3567 2586 3870 2653 ἐσταύρω-

2192 2683 2308 2729 ται,
2345 2663 2506 2734 κάγὼ
2536 2663 2615 2728 τῷ
2640 2664 2876 2732 κόσμῳ·
2919 2663 3032 2718 ἀλλ’
3059 2666 3120 2717 οὐ
3156 2664 3426 2735 δύναμαι,
3463 2665 3724 2731 ποικίλοις
3758 2669 3870 2720 πά-

2194 2743 2310 2796 θεσι
2353 2741 2733 2812 κατεχόμενος.
2769 2741 2862 2793 Διὸ
2910 2743 3162 2814 παραινῶ
3197 2745 3292 2797 καὶ
3343 2745 3492 2814 ύμῖν,
3524 2747 3616 2798 καὶ
3660 2746 3764 2815 πρό
3801 2760 3870 2812 γε

2196 2823 2348 2894 ὑμῶν
2397 2821 2619 2892 ἐμαυτῷ
2654 2824 2718 2887 ’⁵,
2772 2823 3148 2892 σταυρωθῆναι
3191 2824 3268 2894 τῷ
3312 2825 3525 2895 κόσμῳ,
3576 2829 3670 2879 καὶ
3701 2828 3871 2897 μηδὲν

2194 2904 2372 2956 κοινὸν
2435 2901 2579 2971 ἔχειν
2629 2902 2762 2972 πρὸς
2816 2901 2914 2972 τὴν
2969 2903 3092 2972 γῆν,
3129 2903 3264 2957 ἀλλά
3316 2905 3414 2974 τῆς
3452 2906 3564 2959 ἂνω
3612 2908 3870 2975 πατρίδος

2193 2984 2347 3053 ἐρᾷν,
2386 2982 2481 3034 καὶ
2536 2980 2635 3050 τῆς
2684 2981 2892 3034 ἐκεῖθεν
2943 2981 3099 3050 δόξης
3151 2984 3245 3036 καὶ
3306 2985 3413 3036 τῶν
3454 2985 3692 3052 ἀγαθῶν.
3755 2987 3868 3039 Καὶ

2188 3063 2298 3133 γάρ
2345 3061 2668 3131 στρατιῶταί
2711 3063 2876 3131 ἐσμεν
2921 3061 3195 3122 Βασιλέως
3245 3063 3534 3133 οὐρανίου,
3589 3060 3697 3118 καὶ¹
3723 3066 3869 3118 ὅπλα

2189 3142 2514 3211 ἐνδεδύμεθα
2558 3141 2922 3212 πνευματικά.
2962 3137 3027 3194 Τί
3085 3142 3263 3195 τοίνυν
3324 3144 3585 3214 καπήλων
3619 3146 3736 3176 ⁸⁸³³
3770 3146 3867 3197 καὶ

2187 3222 2458 3292 ἀγυρτῶν,
2504 3220 2699 3291 μᾶλλον
2741 3221 2798 3273 δὲ
2845 3220 3142 3290 σκωλήκων
3197 3222 3309 3291 βίον
3378 3225 3863 3294 μεταχειρίζομενε

2190 3303 2360 3355 Ὅπου
2384 3300 2492 3372 γὰρ
2529 3303 2557 3353 ὁ
2601 3301 2851 3372 βασιλεὺς
2878 3341 2890 3362 ,
2926 3302 3044 3353 ἐκεῖ
3087 3304 3182 3356 καὶ
3211 3303 3301 3355 τὸν
3351 3303 3686 3374 στρατιώτην
3725 3301 3868 3359 εῖναι

2184 3380 2284 3433 δεῖ.
2322 3381 2429 3433 Καὶ
2476 3379 2585 3450 γὰρ
2619 3381 2946 3449 στρατιῶται
2995 3381 3322 3452 γεγόναμεν,
3368 3384 3427 3435 οὐ
3467 3385 3576 3436 τῶν
3614 3387 3864 3456 μακρὰν,

2186 3459 2322 3512 ἀλλὰ
2385 3458 2493 3512 τῶν
2550 3458 2736 3526 ἐγγύς.
2801 3459 2858 3510 Ὁ
2914 3460 3014 3529 μὲν
3067 3459 3176 3530 γάρ
3253 3462 3347 3512 ἐπὶ
3416 3462 3515 3531 τῆς
3592 3462 3696 3531 γῆς
3759 3464 3862 3533 βα-

2189 3539 2388 3602 σιλεὺς,
2448 3538 2548 3590 οὐκ
2592 3538 2658 3590 ἀν
2705 3537 2991 3608 ἀνάσχοιτο
3043 3542 3250 3602 πάντας
3287 3535 3426 3593 εἶναι
3469 3545 3526 3593 ἐν
3563 3545 3676 3605 τοῖς
3709 3543 3867 3612 βασι-

2186 3618 2368 3682 λείοις,
2400 3618 2521 3671 οὐδὲ
2553 3617 2702 3692 παρά
2726 3617 2824 3681 τὰς
2853 3618 3018 3671 αὐτοῦ
3047 3619 3288 3689 πλευράς
3310 3638 3322 3650 ·
3359 3621 3388 3672 ὁ
3419 3621 3472 3672 δὲ
3493 3621 3600 3673 τῶν
3616 3623 3867 3692 οὐρανῶν

2186 3699 2432 3761 ἅπαντας
2451 3697 2618 3765 ἐγγὺς
2647 3691 2787 3750 εἶναι
2821 3696 3066 3765 βούλεται
3281 3698 3372 3750 τοῦ
3415 3699 3604 3768 θρόνου
3640 3691 3735 3753 τοῦ
3767 3701 3866 3770 βα-

2187 3777 2416 3832 σιλικοῦ.
2456 3779 2568 3830 Καὶ
2608 3776 2724 3838 πῶς
2760 3777 2984 3830 δυνατὸν
3032 3777 3263 3831 ἐνταῦθα
3305 3778 3497 3840 ὄντας,
3544 3782 3698 3849 φησί,
3732 3783 3865 3849 παρ’

2187 3861 2391 3914 ἐκεῖνον
2424 3856 2642 3909 ἑστάναι
2683 3856 2772 3908 τὸν
2802 3857 3020 3927 θρόνονς
3063 3859 3186 3910 ’Ότι
3224 3858 3317 3911 καὶ
3365 3857 3576 3921 Παῦλος
3624 3861 3717 3912 ἐπὶ
3760 3861 3866 3930 τῆς

2186 3939 2288 4007 γῆς
2320 3939 2414 4000 ὢν,
2451 3939 2585 3990 ὅπου
2625 3935 2696 3988 τὰ
2737 3937 2988 4006 Σεραφὶμ
3020 3933 3087 4007 ἦν
3113 3977 3127 3998 ,
3162 3937 3294 3990 ὅπου
3342 3936 3411 3989 τὰ
3437 3938 3734 4008 Χερουϐὶμ,
3766 3943 3865 3993 καὶ

2187 4019 2466 4089 ἐγγυτέρω
2497 4018 2590 4071 τοῦ
2618 4018 2874 4088 Χριστοῦ,
2906 4017 2939 4087 ἢ
2982 4013 3125 4071 οὗτοι
3156 4019 3206 4070 οἱ
3237 4018 3599 4088 ἀσπιδηφόροι
3642 4019 3738 4072 τοῦ
3768 4019 3866 4089 βα-

2190 4098 2400 4161 σιλέως.
2437 4091 2596 4150 Οὗτοι
2633 4100 2730 4167 μὲν
2771 4099 2879 4168 γάρ
2910 4097 3177 4166 πολλαχοῦ
3209 4098 3307 4160 τὰς
3339 4097 3492 4166 ὄψεις
3528 4100 3864 4169 περιφέρου-

2191 4195 2312 4231 σιν⁹
2365 4180 2570 4230 ἐκεῖνον
2617 4177 2674 4230 δέ
2725 4178 2875 4230 οὐδὲν
2941 4176 3273 4245 ἐφάνταζεν,
3319 4176 3438 4229 οὐδὲ
3513 4178 3858 4247 περιεῖλκεν,

2187 4257 2336 4312 ἀλλά,
2354 4259 2532 4312 πᾶσαν
2562 4257 2661 4326 τὴν
2705 4258 2942 4310 διάνοιαν
2974 4256 3109 4328 πρὸς
3165 4255 3255 4308 τὸν
3286 4255 3510 4326 βασιλέα
3553 4259 3858 4329 τεταμένην

2187 4335 2350 4408 εἶχεν.
2376 4338 2538 4390 Ὥστε
2570 4336 2636 4389 ἂν
2664 4335 3033 4406 βουληθῶμεν,
3082 4335 3302 4388 δυνατὸν
3340 4335 3434 4388 καὶ
3478 4336 3610 4406 ἡμῖν
3672 4337 3852 4391 τοῦτο.

2187 4418 2251 4470 Εἰ
2284 4417 2382 4485 μὲν
2416 4416 2524 4486 γάρ
2554 4418 2702 4485 τόπῳ
2732 4417 3058 4484 διειστήκει.
3097 4413 3276 4477 καλῶς
3324 4414 3389 4467 ἂν
3423 4414 3683 4486 ἠπόρεις·
3713 4419 3760 4468 εἰ
3797 4418 3854 4470 δὲ

2188 4495 2464 4565 πανταχοῦ
2507 4494 2758 4566 πάρεστι,
2813 4494 2888 4563 τῷ
2936 4493 3286 4556 σπουδάζοντι
3337 4493 3430 4545 καὶ
3477 4495 3856 4566 συντεταμένῳ

2186 4577 2411 4648 πλησίον
2437 4574 2570 4629 ἐστί.
2605 4574 2702 4628 Διά
2731 4573 2885 4626 τοῦτο
2913 4575 3006 4627 καὶ
3035 4577 3063 4628 6
3096 4574 3385 4644 Προφήτης
3419 4573 3602 4641 ἔλεγεν
3620 4591 3636 4606 ·
3655 4577 3734 4627 Οὐ
3751 4594 3857 4644 φο-

2188 4656 2518 4724 ϐηθήσομαι
2541 4653 2715 4716 κακὰ,
2746 4652 2835 4706 ὄτι
2861 4652 2942 4706 σὺ
2969 4653 3093 4722 μετ’
3123 4653 3268 4721 ἐμοῦ
3294 4650 3383 4708 εἴ·
3428 4654 3519 4706 καὶ
3553 4653 3715 4717 αὐτὸς
3749 4655 3857 4707 πά-

2187 4744 2267 4796 λιν
2293 4743 2321 4795 6
2345 4743 2506 4804 Θεός·
2533 4741 2677 4808 Θεὸς
2706 4742 2946 4811 ἑγγίζὶον
3104 4744 3238 4809 εἰμι,
3268 4741 3364 4796 καὶ
3383 4743 3520 4809 οὐχὶ
3553 4742 3698 4806 Θεὸς
3717 4745 3859 4810 πόῤ-

2179 4825 2388 4888 ρωσεν.
2417 4823 2628 4892 Ὥσπερ
2670 4839 2762 4875 ουν
2821 4825 2876 4876 αἰ
2937 4823 3199 4892 ἁμαρτίαι
3239 4821 3512 4874 διιστῶσιν
3576 4823 3722 4891 ἡμᾶς
3759 4823 3854 4875 ἀπ’

2188 4892 2372 4954 αὐτοῦ,
2406 4892 2546 4945 οὕτω
2567 4893 2659 4945 καί
2685 4893 2740 4945 αἱ
2792 4893 3121 4946 δικαιοσύναι
3175 4893 3493 4958 συνάγουσιν
3524 4894 3671 4961 ἡμᾶς
3717 4894 3856 4962 1:96;

2188 4971 2382 5023 αὐτόν·
2418 4973 2544 5024 ’Ἔτι
2590 4971 2699 5042 γὰρ
2749 4972 3086 5037 λαλοῦντός
3117 4987 3252 5031 σου,
3291 4971 3475 5039 φησὶν,
3509 4970 3622 5037 ἐρῶ
3648 5012 3662 5034 ,
3701 4969 3855 5025 Ἰδοὺ

2189 5050 2444 5118 πάρειμι.
2490 5051 2646 5114 Ποῖος
2682 5050 2863 5120 πατὴρ
2905 5049 3078 5114 οὕτως
3119 5051 3183 5102 ἂν
3237 5049 3562 5103 ὐπακούσειέ
3591 5067 3720 5102 ποτε
3742 5056 3855 5120 τοῖς

2191 5128 2470 5198 ὲγγόνοιςξ
2521 5129 2650 5181 ποία
2684 5131 2865 5199 μήτηρ
2893 5127 3065 5190 οὕτως
3087 5129 3202 5180 ἐστὶ
3241 5129 3730 5198 παρεσκευασμένη
3759 5131 3854 5180 καὶ

3029 5222 3218 5290 Πέτρῳ
3272 5219 3527 5272 κωλύοντι
3539 5261 3549 5271 .
3559 5259 3571 5272 .
3584 5259 3597 5272 .
3609 5260 3622 5273 .
3675 5216 3851 5273 εἶπεν.

3187 5291 3454 5360 βραϐείων
3480 5290 3574 5343 τοῦ
3608 5290 3852 5358 ἐπιγείου

928 5358 1210 5429 βασιλέως,
1241 5359 1400 5410 ὁποῖά
1449 5361 1552 5410 εἰσι
1593 5361 1702 5420 τοῖς
1741 5359 1968 5413 ἐλεοῦσι.
2020 5360 2083 5416 G.

2193 5377 2266 5413 me
2289 5358 2590 5429 sequuntur
2638 5376 2810 5429 usque
2841 5361 2905 5415 ad
2938 5358 2988 5428 ί).
3025 5362 3130 5416 552
3178 5358 3321 5414 ιιιειί.
3350 5361 3635 5427 (-xscripsil
3660 5371 3852 5413 auctor

742 5445 832 5498 pp.
869 5429 1123 5482 5425ίὸ.
1153 5428 1348 5481 Omnia
1383 5444 1556 5497 usque
1605 5429 1671 5483 ad
1704 5430 1864 5498 ﬂuent
1905 5431 2152 5485 Homilia:
2207 5428 2475 5484 habemur
2522 5433 2573 5483 in
2610 5428 2846 5498 Ecldgis,
2892 5430 3051 5483 "om.
3103 5447 3306 5485 xxxvm
3338 5430 3435 5484 Ed.
3474 5429 3606 5488 Ben.
3686 5432 3701 5461 ¹
3725 5431 3793 5483 δι’
3821 5431 3849 5482 ὅ

411 5501 504 5552 καὶ
535 5498 760 5622 LL'SIC.
789 5498 869 5551 ιη.
907 5501 1020 5582 καὶ¹
1048 5500 1113 5550 δι’
1145 5498 1178 5550 ἀ
1204 5499 1252 5561 ζ.
1290 5498 1356 5552 G.
1392 5500 1485 5551 καὶ
1512 5499 1577 5551 δι’
1605 5500 1634 5550 6
1659 5499 1710 5562 ξ.
1745 5497 1818 5579 HL
1844 5502 1934 5573 καὶ
1965 5501 2032 5553 δι’
2075 5502 2133 5554 ὃν
2166 5501 2216 5564 ζ.
2250 5501 2446 5581 Κ..κα“ι
2474 5501 2540 5553 δι’
2575 5501 2602 5554 ὃ
2625 5500 2814 5624 ἐεὶμεν]
2865 5499 2954 5582 εἰς
3129 5501 3257 5582 διζδ
3288 5501 3377 5555 καί
3426 5502 3596 5570 ἐσμεν
3644 5499 3705 5554 ι..
3756 5500 3850 5553 καί

411 5573 616 5624 ἐσαενι
660 5611 672 5622 .
752 5573 771 5601 ¹
810 5568 1034 5624 τοοφηνῖ
1069 5567 1346 5624 τράπεζαν
1373 5569 1437 5624 G.
1473 5568 1537 5622 Η.
1613 5570 1633 5600 ³
1672 5570 1731 5622 τὸ
1760 5570 1880 5624 τηςι
1917 5569 2006 5624 Sic
2056 5571 2117 5624 L.
2150 5570 2231 5624 Fl.
2268 5589 2424 5624 τουτο
2450 5571 2510 5623 τὸ
2533 5571 2632 5624 τῆς
2719 5610 2731 5623 .
2761 5582 2938 5624 (ἶᾺΞιθΗ
2971 5588 3126 5624 τουτο
3165 5588 3286 5624 της.
3365 5572 3500 5624 ⁴⁵καὶ
3544 5573 3602 5623 ἐν
3649 5569 3849 5624 οἰκίαις

409 5567 672 5641 ἐσμενΜ.
706 5639 714 5641 μ
752 5573 771 5601 ¹
810 5568 1034 5641 τροφήν]
1069 5567 1537 5641 τράπεζαν-ϐζΗ.
1597 5570 1633 5641 7³
1672 5570 1731 5622 τὸ
1760 5569 1880 5641 τῆς]
1917 5569 2006 5625 Sic
2056 5571 2096 5624 L

2198 5575 2231 5628 Ι.
2268 5571 2424 5625 τοῦτο
2450 5571 2510 5623 τὸ
2533 5571 2632 5641 τῆς

877 5639 931 5692 ΓΙ.
968 5637 1032 5708 οξ
1057 5655 1107 5706 p.
1133 5637 1308 5712 θυρῶν
1344 5638 1516 5712 Ιπξι.
1590 5640 1613 5712 7⁵
1652 5640 1781 5693 αὐτό
1825 5637 1884 5694 Ii.
1922 5641 1979 5693 L.
2029 5642 2101 5696 Mc

2193 5641 2325 5712 ὑπέρ
2369 5658 2481 5712 om.
2519 5637 2646 5695 δαν.
2723 5642 2743 5671 ⁸
2780 5640 3068 5712 δαιμόνων]

409 5639 557 5692 Ιηέν
606 5639 804 5702 οἰκίαις
854 5639 931 5692 ΡΙ.

3365 5569 3506 5624 ⁴’καί
3544 5573 3602 5623 ἐν
3649 5569 3849 5630 οἰκίαις

2761 5570 2938 5625 exteri
2971 5570 3126 5641 τοῦτο
3165 5571 3286 5641 τῆς.

3133 5639 3457 5712 πνευμάτων
3490 5641 3554 5696 G.
3588 5639 3652 5694 H.
3685 5709 3709 5712 _
3730 5642 3750 5672 '
3777 5642 3846 5712 ἐν

407 5704 452 5782 ᾧ
501 5709 579 5764 Fl.
607 5711 723 5762 Mox
762 5704 984 5782 πληγήν
1013 5704 1156 5782 qimd
1193 5704 1313 5778 ῥίγει
1343 5710 1557 5782 ἐδέξατο
1587 5711 1885 5782 legebatur,
1926 5714 2101 5766 ahesm

2193 5704 2342 5766 lbel'll.
2395 5711 2456 5765 L.
2489 5711 2568 5764 Fl.
2646 5712 2673 5782 ἦ
2703 5704 2971 5782 διάϐολος]
3003 5704 3129 5782 add.
3162 5704 3331 5782 καῖὀἰ
3376 5711 3628 5782 δαίμοιξς
3671 5709 3736 5765 G.
3764 5709 3842 5782 Β.

409 5781 574 5852 ﬁdem)
619 5782 920 5852 πείσονται,
955 5780 1188 5852 ὁρῶντες
1225 5790 1298 5852 νί-
1326 5781 1502 5832 -αὐτῶν
1559 5782 1779 5834 habent.
1831 5781 1937 5852 Ero
1969 5784 2101 5836 alter

2197 5785 2407 5837 ectione
2455 5793 2599 5852 stam
2645 5781 2741 5835 Ge.
2773 5794 2826 5836 el
2861 5780 2968 5835 FL'
3009 5783 3036 5852 _°
3075 5781 3407 5852 λάμπονίδίο
3441 5781 3509 5834 Μ.
3545 5781 3624 5834 Fl.
3683 5781 3846 5852 yulgo

407 5851 681 5920 λαμπρόν.
717 5851 810 5902 τοῦ
831 5851 978 5920 ηλίου
1015 5867 1125 5905 um.
1163 5849 1322 5920 LM.

405 5921 514 5972 τῶν
545 5919 669 5974 ante
712 5921 913 5988 θηρίων
963 5935 1074 5972 om.
1111 5920 1170 5973 L.
1203 5919 1270 5972 Μ.
1353 5922 1396 5951 ¹¹
1435 5921 1591 5974 τοῦτο
1622 5920 1754 5974 Είίιί.

1405 5852 1445 5880 ¹⁰
1485 5853 1794 5904 ἀνεκαίνισε
1838 5851 1920 5906 Fl.
1953 5864 2006 5906 el.
2054 5853 2214 5906 codd.

1853 5923 1893 5952 ³³
1925 5923 2098 5975 ἔσωσε

2193 5923 2225 5974 ιί
2253 5939 2362 5975 nni.
2397 5921 2457 5975 L.
2489 5921 2567 5974 ΡΙ.
2646 5922 2703 5992 ¹ξγ
2731 5921 2819 5975 Sic
2855 5923 2915 5977 L.
2944 5922 3010 5974 Μ.
3055 5922 3153 5992 ϐο.
3191 5921 3271 5976 FI.
3298 5921 3476 5978 ctéleri
3522 5924 3841 5992 μυστήριον.

402 5991 453 6022 ⁸⁸
491 5991 584 6042 καὶ.
613 5989 836 6060 ἐμαυτῷ
868 5988 933 6044 G.
966 5989 1033 6046 Η.
1069 5991 1134 6044 li.
1171 5992 1532 6062 σταυροῦσθαι
1557 5993 1621 6046 G.
1661 5990 1725 6047 Η.
1755 5990 2046 6048 Nobiscum
2080 5993 2101 6047 ί

2193 6003 2208 6048 ι
2248 5992 2429 6062 Eclog.

2261 5861 2454 5922 praeter
2495 5851 2564 5922 Τί.
2592 5862 2654 5906 οι-
2680 5853 2756 5922 sic
2799 5853 2968 5907 edidit
3002 5850 3129 5904 δον.
3192 5855 3248 5922 ξι
3291 5850 3490 5922 éljadd.
3521 5853 3612 5904 καί
3665 5850 3730 5904 G.
3779 5851 3842 5903 ll.

2511 5993 2624 6044 “."
2664 5991 2836 6054 Vulgo
2883 5994 2951 6046 τά
2991 5991 3270 6052 καπήλων.
