4108 6376
361 377 461 441 53.1

361 517 502 553 num.
523 496 661 567 Quid
692 513 851 567 porro
875 497 1002 552 illud
1029 507 1132 564 cst,
1162 495 1280 550 Non
1308 497 1448 567 sapis
1469 513 1527 551 ea
1555 513 1669 567 quae
1695 496 1788 550 Dei
1806 507 1942 561 sunt,

363 596 452 647 sed
477 611 536 648 ea
563 607 677 658 qua
714 593 974 646 hominum
993 593 1021 646 γ
1044 591 1139 646 llle
1184 591 1416 646 humano
1458 601 1512 645 et
1538 601 1752 646 terreno
1779 589 1948 644 ratio-

360 686 501 740 cinio
528 701 640 740 rem
669 685 999 750 examinans,
1047 685 1266 754 putabat
1307 684 1358 740 id
1384 684 1600 740 Christo
1641 693 1796 754 turpe
1829 699 1948 740 esse

360 790 413 833 et
444 777 776 832 indecorum.
818 778 993 848 Ipsum
1035 777 1214 849 itaque
1250 795 1477 846 carpens
1520 779 1631 834 ait:
1663 778 1777 834 Non
1808 779 1952 834 inde-

361 884 544 922 corum
575 877 660 922 est
685 884 771 924 me
796 869 903 939 pati
924 885 938 922 :
962 868 1055 924 sed
1077 878 1131 923 tu
1161 869 1360 923 carnali
1379 869 1604 925 consilio
1621 869 1944 937 itajudicas:

360 961 450 1030 qui
480 960 525 1014 si
550 959 840 1015 secundum
864 960 1031 1015 Deum
1057 960 1198 1015 dicta
1215 960 1475 1022 audisses,
1497 979 1525 1015 a
1555 961 1754 1016 carnali
1771 962 1948 1016 animo

361 1053 659 1124 expeditus,
689 1055 856 1110 scires
885 1054 937 1109 id
964 1069 1052 1110 me
1076 1056 1307 1110 maxime
1332 1054 1527 1111 decere
1551 1073 1565 1120 ;
1597 1065 1651 1111 tu
1680 1057 1823 1111 enim
1852 1073 1946 1125 pu-

364 1157 463 1209 tas,
497 1145 764 1216 indignam
794 1161 908 1202 rem
934 1161 1074 1213 esse,
1118 1148 1163 1202 si
1205 1147 1259 1202 id
1299 1163 1399 1216 ego
1445 1149 1650 1216 patiar:
1685 1163 1784 1218 ego
1819 1164 1948 1204 vero

363 1241 484 1295 dico
509 1241 627 1304 tibi,
657 1240 851 1296 diaboli
881 1241 1208 1296 voluntatem
1230 1257 1350 1296 esse
1381 1251 1435 1295 nt
1463 1257 1563 1312 ego
1591 1257 1696 1294 non
1730 1243 1900 1311 patiar
1929 1259 1944 1294 ε

361 1351 428 1390 ex
473 1333 758 1389 contrariis
801 1333 1211 1389 sollicitudinem
1265 1334 1382 1401 ejus
1423 1333 1766 1402 reprimebat.
1799 1333 1950 1389 Sicut

362 1426 502 1479 enim
533 1424 792 1480 Joannem
820 1425 910 1494 qui
938 1424 1211 1494 indignum
1243 1423 1457 1478 Christo
1485 1425 1702 1492 putabat
1725 1439 1864 1490 esse,
1902 1425 1945 1478 si

360 1515 496 1570 absc
513 1515 894 1586 baptizaretur,
909 1515 973 1569 ad
997 1515 1048 1570 id
1068 1515 1367 1570 faciendum
1391 1515 1594 1569 induxit
1610 1515 1796 1570 dicens
1819 1534 1830 1568 :
1860 1516 1949 1569 Sic

362 1609 498 1662 decet
543 1625 635 1662 nos
663 1607 876 1679 (Matth.
924 1609 977 1664 5.
1023 1607 1148 1678 15);
1192 1617 1244 1661 et
1293 1609 1390 1675 ipsi
1439 1608 1594 1662 Petro
1637 1607 1798 1676 pedes
1822 1623 1948 1661 suos

363 1703 538 1756 lavare
569 1700 864 1770 prohibenti
891 1701 1042 1766 dixit,
1081 1699 1195 1754 Non
1219 1699 1370 1754 habes
1392 1711 1584 1769 partem
1607 1717 1818 1758 mecum.
1851 1700 1950 1753 uisi

362 1793 512 1860 pedes
555 1803 668 1847 tuos
706 1793 873 1846 lavero
903 1791 1082 1862 (Joan.
1117 1792 1204 1847 15.
1234 1789 1303 1862 8)
1343 1791 1460 1846 :sic
1495 1792 1688 1868 ethoc
1725 1792 1840 1846 loco
1882 1808 1948 1845 ex

361 1885 643 1941 contrariis
671 1885 843 1956 ipsum
869 1884 1147 1957 repressit,
1175 1894 1228 1939 et
1258 1884 1637 1953 increpationis
1658 1884 1946 1938 vehemen-

363 1978 430 2031 tia
464 1977 712 2032 timorem
739 1977 1002 2047 passionis
1035 1977 1308 2032 exstinxit.
1349 1975 1627 2031 Neminem
1656 1976 1814 2047 igitur
1853 1992 1950 2046 pu-

360 2070 483 2124 deat
525 2069 912 2124 honorabilium
946 2068 1133 2124 salutis
1175 2079 1371 2124 nostra:
1411 2068 1796 2139 symbolorum,
1829 2084 1948 2138 qua:

361 2171 485 2216 sunt
513 2172 673 2230 caput
712 2162 994 2222 bonorum,
1038 2177 1132 2230 per
1156 2178 1276 2230 qua:
1303 2160 1549 2225 vivimus,
1583 2175 1677 2229 per
1715 2176 1832 2230 quae
1859 2175 1949 2215 su-

363 2270 482 2310 mus
507 2273 518 2308 :
545 2254 638 2310 sed
669 2270 881 2310 crucem
907 2253 1101 2308 Chriin
1133 2255 1281 2326 quasi
1322 2270 1572 2310 coronam
1603 2254 1947 2309 circumfera-

361 2363 518 2413 mus;
551 2362 646 2416 per
666 2362 783 2402 eam
811 2347 954 2402 enim
983 2347 1160 2400 omnia
1185 2363 1306 2416 quae
1332 2346 1397 2400 ad
1427 2362 1523 2400 nos
1549 2355 1793 2415 spectant
1823 2361 1946 2414 pcr-

362 2440 632 2496 ﬁcinntur.
685 2440 740 2495 Si
805 2442 1110 2510 regenerari
1161 2450 1449 2510 oporteat,
1499 2455 1628 2495 crux
1671 2439 1856 2503 adest;
1903 2439 1947 2494 si

361 2533 588 2602 mystico
610 2531 702 2585 illo
722 2532 840 2586 cibo
863 2533 1072 2596 tmtriri,
1090 2533 1133 2585 si
1154 2531 1410 2596 ordinari,
1432 2541 1487 2586 et
1508 2533 1551 2586 si
1574 2531 1783 2602 quidvis
1805 2532 1948 2586 aliud

363 2623 686 2692 faciendum,
715 2625 912 2695 ubique
938 2627 1091 2679 nobis
1134 2625 1284 2680 adest
1321 2625 1422 2680 hoc
1464 2625 1698 2680 victoriae
1736 2626 1952 2697 symbo-

362 2717 490 2770 ltun.
519 2716 723 2771 Idcirco
747 2726 800 2772 et
827 2717 992 2782 domi,
1022 2727 1076 2772 et
1100 2716 1151 2770 in
1183 2717 1490 2786 parietibus,
1519 2727 1574 2772 et
1595 2717 1647 2772 in
1677 2717 1948 2783 fenestris,

360 2817 416 2865 ct
444 2809 494 2862 in
517 2809 691 2864 fronte
718 2819 772 2864 et
794 2810 844 2863 in
878 2821 1077 2875 mente,
1111 2810 1253 2864 illam
1291 2826 1411 2865 cum
1457 2811 1622 2865 multo
1659 2809 1835 2866 studio
1856 2809 1950 2865 de-

364 2902 650 2972 pingimus.
701 2901 812 2956 Hoc
860 2902 1055 2972 quippe
1106 2902 1313 2971 signum
1366 2912 1450 2957 est
1498 2911 1695 2958 nostra:
1739 2903 1949 2970 salutis,

361 2995 662 3049 communis
689 2993 970 3058 libertatis,
994 3002 1049 3048 et
1072 2994 1495 3048 mansuetudinis
1524 2995 1731 3049 Domini
1761 3013 1774 3049 :
1801 2993 1950 3050 Sicut

361 3087 467 3141 ovis
509 3087 652 3140 enim
693 3085 761 3138 ad
789 3087 1083 3140 occisionem
1122 3085 1298 3139 ductus
1323 3094 1395 3140 est
1443 3084 1579 3158 (Act.
1608 3085 1662 3140 8.
1695 3085 1784 3140 '52.
1818 3085 1947 3140 Isai.

363 3181 451 3234 55.
483 3179 559 3249 7).
589 3179 720 3233 Cum
752 3177 910 3248 igitur
949 3187 1001 3231 te
1032 3176 1230 3246 signas,
1273 3185 1439 3230 totum
1472 3177 1645 3232 crucis
1670 3192 1952 3246 argumen-

365 3283 475 3327 tum
501 3274 696 3343 cogita,
725 3272 1006 3342 exstingue
1024 3272 1153 3325 iram
1178 3285 1471 3339 omncSquc
1493 3286 1682 3340 pravos
1705 3269 1949 3325 aﬂ'ectus.

365 3367 494 3420 Cum
523 3375 574 3420 te
600 3366 800 3435 signas,
831 3365 995 3418 multa
1025 3363 1214 3417 ﬁducia
1250 3365 1481 3417 frontem
1511 3370 1658 3416 tuam
1685 3362 1852 3431 reple,
1885 3361 1950 3414 li-

367 3460 547 3512 beram
579 3457 740 3511 facito
764 3458 1016 3510 animam.
1048 3454 1209 3510 Scitis
1240 3455 1396 3524 plane
1424 3470 1668 3524 quamam
1696 3454 1804 3508 sint
1831 3469 1953 3522 qua:

367 3549 663 3603 libertatem
689 3546 843 3602 nobis
864 3547 1090 3616 pariant.
1114 3544 1240 3600 ideo
1259 3545 1454 3600 Paulus
1474 3543 1539 3598 ad
1567 3544 1618 3598 id
1647 3558 1743 3598 nos
1758 3543 1953 3598 cohor-

368 3652 505 3706 tans,
536 3641 638 3696 hoc
663 3649 742 3696 est
763 3640 830 3694 ad
856 3639 1152 3695 libertatem
1182 3633 1336 3693 nobis
1349 3647 1752 3707 congruentem,
1777 3635 1953 3691 crucis

366 3748 421 3788 et
461 3732 738 3804 sanguinis
777 3730 1028 3786 dominici
1069 3729 1341 3785 mentione
1400 3728 1572 3795 facta,
1618 3727 1697 3784 sic
1748 3727 1948 3783 habet:

373 3825 562 3892 Pretio,
593 3825 782 3894 inquit,
815 3824 970 3894 empti
997 3823 1158 3885 estis;
1198 3839 1260 3876 ne
1287 3822 1396 3875 sitis
1434 3822 1562 3876 servi
1591 3821 1850 3874 hominum
1874 3821 1950 3890 (1.

367 3922 485 3976 Cor.
519 3922 572 3974 7.
597 3920 712 3990 25).
745 3918 951 3987 Cogita,
983 3917 1192 3987 inquit,
1231 3917 1455 3986 pretium
1499 3931 1594 3985 pro
1623 3925 1675 3969 te
1701 3929 1950 3968 numera-

370 4024 499 4080 tmn,
528 4021 688 4082 atque
719 4011 913 4066 nullius
943 4009 1174 4065 hominis
1193 4009 1299 4063 eris
1323 4022 1539 4073 servus;
1574 4005 1803 4076 pretium
1825 4019 1955 4059 vero

367 4120 582 4161 crucem
625 4112 800 4158 vocat.
847 4101 1032 4172 Neque
1065 4100 1208 4156 enim
1254 4098 1570 4168 simpliciter
1613 4097 1758 4151 illam
1788 4095 1954 4167 digito

368 4199 653 4255 eﬁ'ormare
679 4207 911 4268 oportet,
943 4196 1037 4252 sed
1066 4196 1211 4265 prius
1232 4194 1504 4248 voluntate
1533 4200 1586 4246 et
1623 4189 1786 4244 multa
1827 4188 1950 4242 ﬁde.

367 4291 422 4347 Si
477 4290 579 4345 hoc
625 4289 787 4345 modo
838 4288 983 4342 illam
1023 4287 1076 4341 in
1119 4285 1254 4339 facie
1293 4295 1379 4338 tua
1422 4281 1748 4351 depinxeris,
1779 4278 1954 4335 nullus

371 4387 696 4454 impurorum
739 4382 1042 4437 daemonum
1088 4385 1271 4433 contra
1315 4384 1368 4430 te
1407 4383 1552 4429 stare
1594 4373 1804 4442 poterit,
1831 4385 1954 4426 cum

370 4496 554 4536 ensem
607 4477 784 4532 videat
819 4490 928 4546 quo
959 4474 1146 4527 vulnus
1188 4471 1412 4539 accepit,
1451 4483 1571 4522 cum
1606 4465 1840 4537 gladium
1873 4465 1954 4516 vi-

371 4573 495 4627 deat
519 4586 623 4640 quo
644 4567 789 4623 letali
828 4566 981 4636 plaga
1009 4561 1280 4633 perfossus
1307 4568 1411 4615 est.
1455 4557 1512 4613 Si
1541 4572 1638 4611 nos
1667 4555 1809 4610 enim
1839 4553 1954 4608 loca

374 4664 620 4718 videntes
657 4660 748 4714 ubi
797 4659 870 4712 rei
915 4655 1210 4718 caeduntur,
1257 4648 1748 4721 perhorrescimus,
1781 4644 1952 4714 cogita

371 4755 496 4824 quid
543 4751 753 4823 passuri
796 4751 904 4804 sint
943 4747 1191 4802 diabolus
1229 4755 1281 4799 et
1306 4742 1601 4806 dietnones,
1633 4739 1794 4793 telum
1825 4737 1954 4791 illud

373 4847 634 4908 videntes,
672 4858 779 4914 quo
805 4841 1048 4896 Christus
1079 4846 1243 4892 totam
1281 4836 1489 4890 illorum
1520 4831 1810 4901 potentiam
1849 4830 1959 4884 sol-

373 4941 467 5004 vit,
495 4935 849 5005 draconisque
875 4939 1036 5000 caput
1079 4927 1326 4983 abscidit.
1356 4925 1434 4980 Ne
1460 4925 1639 4994 itaque
1676 4931 1728 4976 te
1762 4920 1958 4990 pudeat

376 5035 504 5086 tanti
544 5027 747 5098 accepti
791 5025 940 5092 boui,
982 5038 1047 5077 ne
1085 5020 1354 5076 Christum
1398 5017 1472 5071 tui
1522 5013 1718 5084 pudeat
1743 5011 1957 5082 quando

374 5123 550 5177 veniet
574 5135 696 5176 cum
723 5117 892 5189 gloria
919 5129 1036 5177 sua,
1074 5123 1128 5167 et
1155 5112 1258 5165 hoc
1283 5110 1492 5179 signum
1533 5113 1660 5160 ante
1683 5103 1955 5159 Christum

375 5213 639 5268 videbitur
692 5210 820 5279 ipsis
871 5206 1135 5262 solaribos
1189 5201 1354 5257 radiis
1404 5195 1757 5268 splendidius.
1809 5193 1959 5249 Tunc

376 5308 517 5362 enim
546 5319 679 5360 crux
703 5301 900 5364 veniet,
929 5305 1218 5366 conspectu
1257 5309 1357 5349 suo
1385 5306 1570 5346 vocem
1605 5285 1874 5350 emittens,
1907 5297 1962 5342 et

377 5399 632 5452 adversus
675 5395 860 5448 orbem
905 5400 1071 5446 totum
1122 5400 1337 5444 causam
1393 5383 1598 5439 Domini
1641 5380 1959 5445 defendens,

377 5491 776 5557 ostendensque
823 5483 955 5539 nihil
995 5497 1062 5537 ex
1092 5481 1209 5550 ejus
1256 5487 1406 5549 parte
1449 5473 1702 5530 defuisse.
1748 5472 1859 5526 lloc
1884 5471 1960 5525 si-

375 5600 539 5653 gnum
567 5591 623 5634 et
650 5578 910 5648 majorum
939 5584 1243 5629 nostrorum
1288 5580 1528 5639 tempore
1552 5576 1606 5622 et
1634 5579 1750 5620 εενο
1778 5572 1963 5618 nostro

373 5675 586 5730 clausas
602 5671 812 5742 aperuit
823 5669 1012 5740 januas
1028 5683 1043 5733 ;
1063 5665 1165 5719 hoc
1180 5665 1387 5734 signum
1403 5669 1661 5715 venenata
1679 5657 1963 5727 pharmaca

383 5765 664 5827 exstinxit;
713 5763 814 5816 hoc
838 5761 1022 5814 cicuta:
1052 5759 1157 5812 vim
1201 5755 1390 5819 solvit;
1419 5753 1538 5808 .hoc
1583 5759 1963 5805 venenatarum

386 5859 613 5916 fetarum
636 5867 844 5911 morsus
857 5850 1079 5909 curavit.
1102 5849 1232 5903 Nam
1249 5845 1486 5916 siporlas
1507 5840 1794 5898 inferorum
1833 5853 1963 5910 ape-

1459 380 1521 436 ΙΝ
1562 377 1966 435 ΜΑΤἸἩᾸΞΟΜ
2006 377 2233 434 11011111..
2276 375 2406 432 LW.
2448 382 2518 431 al.
2560 375 2670 432 LV.

3543 371 3640 434 5'58

2055 499 2181 562 ruit,
2210 500 2251 554 si
2283 497 2537 554 caelorum
2562 498 2696 553 ostia
2727 498 3006 562 reserat-it,
3035 505 3088 552 et
3113 495 3343 567 paradisi
3365 497 3638 551 [enatavit

2055 588 2371 660 ingressum,
2389 591 2434 646 si
2449 589 2644 646 diaboli
2662 606 2854 646 nervos
2880 589 3095 646 rescidit
3113 610 3126 646 :
3144 589 3271 662 quid
3287 590 3479 645 mirum
3497 589 3540 644 si
3559 589 3636 643 le-

2056 681 2207 738 tifera
2224 682 2530 752 pharmaca,
2550 681 2710 747 feras,
2729 683 2937 754 aiiaque
2960 681 3268 755 hujusmodi
3283 684 3638 752 superaverit?

2124 775 2178 830 5.
2207 774 2330 831 Hoc
2355 790 2484 845 ergo
2511 775 2568 831 in
2611 786 2788 831 mente
2817 785 2902 830 tua
2937 775 3177 845 insculpe
3197 817 3216 842 ,
3247 785 3302 830 et
3339 775 3638 830 animarum

2054 873 2354 919 nostrarum
2416 866 2641 921 salutem
2685 866 3026 936 amplectere.
3088 865 3213 923 Haec
3264 866 3459 936 quippe
3508 881 3638 921 crux

2052 958 2237 1013 orbem
2260 960 2496 1014 servavit
2539 969 2594 1015 et
2618 962 2912 1027 convertit,
2946 976 3184 1016 errorem
3225 961 3458 1032 expulit,
3500 962 3639 1019 veri.

2055 1060 2214 1104 tatem
2243 1050 2481 1117 induxit,
2518 1062 2712 1107 terram
2739 1053 2928 1108 caelum
2973 1053 3176 1116 effecit,
3209 1054 3450 1110 homines
3479 1071 3635 1126 auge-

2053 1141 2134 1195 los
2152 1140 2403 1200 reddidit.
2419 1143 2477 1197 Vi
2505 1146 2679 1199 crucis
2706 1145 2978 1200 dzemones
2995 1160 3102 1200 non
3133 1145 3267 1201 ultra
3294 1145 3637 1214 formidandi,

2053 1234 2146 1291 sed
2195 1236 2520 1306 despiciendi
2567 1247 2728 1302 sunt;
2780 1254 2952 1308 neque
3006 1254 3153 1294 mors
3199 1255 3346 1296 mors
3376 1248 3494 1306 est,
3543 1241 3638 1296 sed

2053 1345 2305 1384 somnus:
2327 1345 2423 1400 per
2445 1346 2657 1386 crucem
2683 1349 2802 1402 qua:
2823 1333 2974 1388 nobis
2999 1335 3442 1399 adversabantur,
3461 1335 3638 1390 omnia

2053 1420 2198 1476 humi
2245 1422 2449 1491 dejecta
2478 1424 2877 1479 conculcantnr.
2909 1424 2964 1479 Si
2987 1426 3108 1495 quis
3135 1440 3262 1495 ergo
3308 1425 3449 1481 dicat
3501 1426 3593 1480 tibi
3628 1468 3640 1490 ,

2053 1514 2446 1572 Cruciﬁxumne
2470 1515 2704 1570 adoras?
2731 1517 2848 1570 beta
2874 1532 3024 1580 voce,
3053 1517 3206 1572 hilari
3235 1518 3378 1571 vultu
3410 1533 3637 1588 respon-

2053 1609 2142 1673 de,
2174 1607 2356 1662 Adoro
2375 1651 2390 1672 ,
2415 1623 2515 1663 nec
2539 1607 2796 1663 adorandi
2827 1608 2986 1662 ﬁnem
3015 1607 3223 1664 faciam.
3255 1611 3310 1663 Si
3342 1610 3543 1676 rideat,
3573 1612 3640 1664 de

2053 1697 2168 1764 ejus
2195 1697 2399 1752 insania
2428 1698 2691 1770 lacrymas
2715 1698 2896 1754 funde.
2943 1699 3152 1756 Gratias
3179 1716 3275 1768 age
3305 1701 3529 1755 Domino
3573 1701 3641 1756 de

2055 1789 2212 1843 tantis
2256 1789 2530 1846 beneficiis
2549 1834 2564 1856 ,
2596 1807 2716 1862 qua:
2745 1793 2860 1848 sine
2885 1793 3082 1848 czelesti
3112 1794 3434 1849 revelatione
3464 1811 3530 1849 ne
3556 1795 3641 1848 di~

2052 1896 2205 1938 scere
2228 1882 2442 1953 quidem
2472 1883 2591 1955 quis
2619 1885 2804 1954 possit.
2841 1885 2965 1940 Ideo
2985 1900 3177 1956 nempe
3203 1886 3289 1939 hic
3318 1885 3488 1951 ridet,
3521 1887 3640 1956 quia

2053 1974 2304 2030 Animalis
2333 1977 2482 2031 homo
2525 1993 2625 2031 non
2654 1978 2867 2048 percipit
2909 1994 2967 2030 ea
2993 1994 3106 2048 quae
3136 1978 3361 2043 Spiritus
3379 1989 3498 2032 sunt
3545 1980 3562 2046 (
3590 1979 3640 2032 1.

2053 2067 2170 2122 Cor.
2193 2067 2247 2121 2.
2274 2067 2394 2139 14).
2426 2068 2556 2122 Nam
2583 2077 2637 2121 et
2668 2068 2813 2138 pueri
2836 2069 2912 2123 sic
2929 2069 3106 2124 solent
3130 2068 3294 2134 afﬁci,
3313 2083 3640 2139 cummagna

2053 2157 2294 2229 quaedam
2325 2169 2380 2213 et
2410 2159 2666 2212 mirabilia
2697 2158 2964 2213 viderint:
2995 2160 3038 2213 si
3070 2159 3323 2214 infantem
3352 2161 3417 2214 ad
3445 2171 3639 2231 myste-

2053 2251 2190 2304 rium
2219 2251 2577 2306 introduxeris
2597 2291 2612 2315 ,
2654 2251 2869 2306 ridebit.
2900 2250 2992 2307 llis
3029 2253 3264 2322 puerulis
3288 2253 3492 2309 similes
3521 2265 3641 2312 sunt

2051 2343 2312 2413 gentiles;
2346 2344 2454 2398 imo
2475 2343 2558 2398 his
2574 2358 2784 2413 quoque
2801 2352 2924 2398 sunt
2953 2344 3390 2412 imperfectiorcs.
3415 2345 3645 2417 Ideoque

2054 2439 2390 2505 miseriores,
2427 2439 2568 2510 quod
2616 2454 2721 2494 non
2762 2439 2814 2494 in
2847 2441 3163 2503 immatura,
3191 2438 3284 2494 sed
3332 2439 3385 2492 in
3410 2438 3643 2510 perfecta

2055 2542 2232 2600 actate,
2252 2533 2441 2589 eodem
2472 2551 2577 2605 quo
2607 2535 2755 2604 pueri
2782 2535 2943 2589 modo
2970 2531 3298 2599 afﬁciantur;
3321 2541 3643 2602 quapropter

2055 2625 2208 2680 venia
2237 2634 2363 2681 sunt
2391 2625 2610 2697 indigni.
2641 2626 2746 2683 Sed
2778 2640 2877 2680 nos
2904 2625 3046 2680 clara
3075 2639 3371 2694 magnaque
3396 2637 3528 2678 voce
3550 2663 3566 2687 ,
3591 2633 3643 2678 et

2055 2717 2292 2773 clamore
2320 2718 2559 2774 adhibito
2605 2719 2877 2779 dicamus:
2930 2718 3039 2772 imo
3067 2716 3270 2787 majore
3296 2731 3418 2772 cum
3453 2714 3644 2770 ﬁducia

2056 2811 2098 2864 si
2154 2809 2384 2880 gentiles
2433 2824 2622 2865 omnes
2673 2810 2847 2864 adsint
2879 2828 2890 2863 :
2918 2808 3097 2865 Gloria
3151 2816 3332 2862 nostra
3367 2821 3495 2862 crux
3523 2815 3642 2866 est,

2055 2913 2215 2972 caput
2259 2902 2520 2958 bonorum
2551 2903 2824 2968 omnium,
2875 2901 3066 2957 ﬁducia
3107 2911 3162 2958 et
3188 2915 3407 2957 corona.
3441 2897 3647 2955 Vellem

2055 3009 2176 3049 cum
2207 2995 2371 3051 Paulo
2395 3008 2555 3064 posse
2583 2993 2762 3050 dicere
2793 3012 2805 3046 :
2839 2992 2947 3047 Per
2966 3009 3112 3063 quem
3138 2991 3263 3046 mihi
3288 2991 3504 3045 mundus
3529 3007 3647 3044 cru-

2054 3087 2236 3152 ciﬁxus
2262 3096 2356 3150 est,
2389 3095 2433 3140 et
2459 3101 2550 3158 ego
2571 3088 2762 3140 mundo
2797 3083 2954 3155 (Gal.
2981 3086 3033 3140 6.
3069 3086 3171 3152 14)
3206 3103 3219 3138 :
3253 3083 3347 3139 sed
3387 3099 3492 3137 non
3521 3097 3640 3152 pos-

2056 3193 2175 3232 sum
2225 3179 2468 3248 plurimis
2517 3179 2766 3234 detentus
2812 3178 3108 3233 affectibus.
3165 3181 3504 3248 Quapropter
3551 3191 3645 3229 vos

2058 3270 2266 3337 honor,
2285 3281 2339 3326 et
2363 3282 2487 3326 ante
2507 3285 2603 3326 vos
2637 3271 2918 3341 meipsum,
2943 3279 3001 3325 ut
3022 3268 3222 3324 mundo
3245 3267 3642 3337 cruciﬁgamur,

2057 3363 2293 3434 nihilque
2320 3378 2606 3418 commune
2635 3377 2755 3417 cum
2788 3370 2927 3416 terra
2960 3360 3249 3416 habeamus
3270 3401 3285 3426 ,
3316 3357 3409 3412 sed
3450 3373 3643 3427 super-

2057 3471 2178 3509 nam
2205 3469 2446 3510 amemus
2473 3454 2692 3524 patriam
2715 3493 2730 3517 ,
2762 3453 2982 3523 gloriam
3009 3453 3152 3507 illam
3172 3495 3192 3519 ,
3222 3451 3359 3507 bona
3387 3450 3639 3506 caelestia.

2055 3549 2186 3602 bam
2217 3547 2378 3617 Regis
2400 3547 2632 3602 caelestis
2658 3546 2854 3601 milites
2877 3559 3062 3600 sumus
3079 3587 3092 3610 ,
3120 3553 3175 3598 et
3202 3543 3367 3598 armis
3391 3542 3644 3613 spiritua-

2056 3641 2197 3697 libns
2243 3640 2530 3694 induimur.
2561 3637 2670 3694 Cur
2697 3653 2825 3709 ergo
2861 3651 3160 3708 cauponam
3181 3678 3197 3702 ,
3229 3635 3604 3691 circulatorum
3626 3677 3652 3701 ,.

2058 3734 2166 3788 imo
2196 3733 2456 3788 vermium
2485 3731 2646 3785 vitam
2677 3731 2927 3800 agimus?
2969 3727 3074 3784 Ubi
3102 3728 3246 3783 enim
3277 3743 3370 3782 rex
3399 3734 3483 3781 est
3507 3766 3527 3792 ,
3573 3725 3642 3780 ibi

2057 3825 2278 3880 militem
2319 3839 2439 3879 esse
2462 3831 2691 3892 oportet.
2732 3821 2866 3875 Nam
2909 3820 3106 3874 milites
3150 3833 3335 3874 sumus
3364 3835 3379 3870 :
3413 3831 3520 3872 non
3550 3832 3644 3870 eo-~

2059 3931 2176 3970 rum
2220 3915 2308 3986 qui
2338 3915 2493 3986 longe
2513 3956 2529 3981 ,
2561 3914 2656 3970 sed
2686 3930 2871 3968 eorum
2901 3913 2990 3982 qui
3030 3925 3196 3982 prope
3241 3917 3384 3964 sunt.
3433 3908 3641 3964 Etenim

2056 4022 2155 4063 rex
2183 4019 2427 4062 terrenus
2455 4022 2559 4060 non
2593 4007 2850 4074 permittit
2873 4019 3062 4059 omnes
3088 4003 3141 4058 in
3172 4003 3315 4073 regia
3343 4016 3497 4066 esse,
3546 4016 3646 4057 nee

2057 4100 2123 4154 ad
2151 4100 2266 4170 ejus
2291 4101 2456 4155 latera
2485 4101 2810 4162 consistere;
2832 4109 2888 4154 at
2919 4098 3153 4152 caelestis
3192 4096 3282 4152 ille
3311 4096 3646 4151 Rex'omnes

2059 4211 2224 4266 prope
2255 4194 2460 4265 regium
2479 4192 2670 4248 solium
2701 4193 2716 4221 ί
2755 4191 2867 4244 vult
2891 4190 3104 4244 adesse.
3141 4189 3206 4244 Et
3235 4186 3504 4259 quomodo
3527 4186 3642 4240 ﬁeri

2058 4294 2271 4357 potest,
2301 4285 2535 4354 inquies,
2563 4291 2621 4337 ut
2648 4284 2733 4336 hic
2773 4282 3060 4351 degentes,
3085 4294 3252 4349 prope
3285 4277 3475 4333 solium
3516 4278 3652 4332 illud

2057 4379 2297 4434 stemus?
2325 4378 2458 4444 Quia
2481 4385 2538 4432 et
2556 4376 2751 4430 Paulus
2771 4390 2892 4429 cum
2925 4375 2976 4428 in
3001 4384 3141 4428 terra
3168 4379 3343 4435 esset,
3369 4371 3438 4425 ibi
3467 4379 3661 4425 tamen.

2058 4483 2206 4538 erat,
2237 4471 2326 4528 ubi
2380 4470 2658 4541 Seraphim
2689 4479 2744 4524 et
2779 4468 3068 4524 Cberubim
3093 4509 3112 4533 ,
3141 4465 3361 4536 pr0pius
3393 4463 3608 4520 Christo
3628 4507 3642 4528 ,

2057 4585 2216 4641 quam
2243 4567 2501 4624 satellites
2530 4564 2860 4636 Imperatori.
2893 4561 2958 4616 Hi
2987 4575 3216 4630 namque
3249 4574 3391 4628 smpe
3412 4559 3643 4614 circnm-

2058 4679 2267 4734 qnaque
2312 4661 2638 4731 reSpiciunt;
2684 4658 2774 4713 ille
2816 4673 2945 4711 vero
2993 4655 3134 4709 nulla
3178 4651 3567 4722 imaginationis
3594 4651 3643 4702 vi

2059 4768 2236 4810 motus
2281 4755 2363 4810 vel
2404 4755 2702 4808 abstractus
2737 4759 2885 4810 erat,
2912 4747 3005 4801 sed
3051 4748 3249 4799 intenta
3296 4752 3473 4797 mente
3515 4741 3645 4810 Regi

2057 4848 2272 4902 Christo
2317 4845 2574 4899 haerebat.
2625 4842 2802 4910 Quare
2830 4840 2872 4894 si
2902 4838 3260 4900 voluerimus,
3298 4849 3398 4888 nos
3435 4848 3648 4903 quoque

2061 4940 2112 4997 id
2141 4938 2454 5010 poterimus.
2483 4935 2612 4990 Nam
2653 4936 2695 4988 si
2721 4934 2958 4987 locorum
2991 4928 3269 4984 intervallo
3299 4935 3535 4982 semotus
3563 4939 3648 4981 es-

2060 5042 2162 5096 set,
2198 5045 2302 5085 non
2332 5031 2448 5085 sine
2467 5042 2627 5083 causa
2659 5025 2772 5080 haec
2791 5023 3087 5093 objiceres;
3111 5022 3204 5076 sed
3230 5019 3276 5076 si
3299 5019 3491 5087 ubique
3513 5034 3649 5088 pra:-

2062 5140 2186 5182 sens
2215 5133 2333 5191 est,
2361 5122 2502 5193 vigili
2541 5130 2598 5176 et
2637 5127 2843 5174 attento
2868 5124 3015 5172 certe
3041 5114 3282 5184 proxime
3317 5113 3488 5168 adest.
3519 5111 3652 5172 ideo

2064 5219 2323 5288 propheta
2352 5213 2582 5277 dicebat,
2610 5210 2732 5265 Non
2761 5207 2939 5262 timebo
2965 5207 3102 5260 mala
3119 5207 3358 5273 quoniam
3383 5214 3437 5257 tu
3455 5219 3644 5258 mecum

2064 5331 2114 5368 es
2139 5315 2157 5383 (
2179 5311 2321 5366 Psal.
2350 5308 2443 5365 22.
2472 5308 2546 5378 4)
2581 5324 2594 5359 :
2628 5313 2682 5359 et
2707 5317 2890 5358 rursus
2917 5301 3032 5370 ipse
3071 5301 3206 5354 Deus
3234 5317 3248 5352 :
3282 5294 3419 5350 Deus
3455 5311 3645 5365 appro-

2068 5407 2315 5476 pinquans
2362 5418 2452 5472 ego
2502 5415 2646 5462 sum,
2699 5412 2800 5449 non
2851 5391 2989 5446 Deus
3017 5390 3192 5456 procul
3221 5387 3364 5461 (Jcr.
3387 5387 3480 5443 25.
3509 5384 3644 5456 25).

2066 5499 2213 5556 Sicut
2239 5496 2382 5552 enim
2410 5500 2620 5562 peccata
2645 5504 2740 5542 nos
2765 5486 2834 5542 ab
2865 5484 2955 5539 illo
2983 5483 3320 5553 disjungunt,
3349 5479 3426 5535 sic
3444 5477 3647 5550 justitia

2069 5608 2166 5648 nos
2196 5588 2434 5660 adjungit
2472 5584 2588 5654 ipsi.
2623 5582 2752 5636 Nam
2778 5581 2853 5634 ait
2883 5597 2896 5633 :
2924 5577 3103 5631 Adhuc
3130 5586 3176 5630 te
3203 5577 3432 5645 loquente
3458 5572 3646 5636 dicam,

2072 5684 2201 5740 Ecce
2229 5683 2408 5736 adsum
2451 5675 2612 5747 (lsai.
2643 5673 2729 5730 58.
2754 5670 2838 5742 9).
2870 5668 3002 5738 Quis
3033 5675 3180 5739 pater
3207 5663 3283 5722 sic
3313 5663 3453 5720 ﬁlios
3482 5677 3645 5732 nepo-

2135 5843 2150 5874 ι
2186 5850 2316 5894 -nus
2332 5837 2501 5897 habet,
2525 5830 2814 5884 dominicum
2837 5823 3026 5879 satisan.
