4108 6376
455 331 563 386 539

457 461 639 518 tesque
664 446 841 500 audiat
862 445 884 499 Ἰ
904 460 1022 515 qua:
1048 451 1217 497 mater
1246 443 1311 495 ita
1345 449 1524 510 parata
1556 443 1901 508 promptaque
1930 432 2030 495 sit,

458 560 523 597 ue
553 557 610 597 se
642 540 785 594 ﬁlioli
833 537 1132 592 advocent?
1190 535 1356 590 Nemo
1385 542 1565 595 certe,
1599 548 1702 584 nou
1728 537 1896 597 pater,
1928 542 2032 579 non

456 644 647 699 mater,
675 632 769 689 sed
802 632 939 684 Deus
969 628 1115 682 solus
1138 628 1349 682 assidue
1370 631 1660 694 exspectat,
1689 636 1815 674 num
1836 635 1954 688 quis
1976 632 2036 673 se

455 726 865 782 domesticorum
893 722 1134 780 advocet,
1160 737 1255 774 uee
1283 733 1529 787 umquam
1560 724 1614 769 ut
1641 714 1794 767 decet
1818 718 2034 765 vocatus

454 839 482 874 a
514 822 699 882 nobis,
749 835 853 873 non
908 816 1125 871 audivit.
1182 813 1306 869 Ideo
1338 812 1411 867 ait
1439 830 1452 864 :
1484 810 1664 863 Adhuc
1702 818 1747 861 te
1776 806 2033 875 loquente,

456 930 561 968 non
588 912 914 983 exspectabo
939 910 1112 964 donec
1135 907 1334 962 ﬁnieris
1353 947 1367 969 ,
1399 903 1491 960 sed
1531 902 1708 958 statim
1732 898 2033 954 exaudiam.

456 1006 791 1060 Advocemus
827 1004 1001 1073 itaque
1042 1001 1189 1055 illiilli
1217 1009 1273 1052 ut
1298 999 1408 1051 vult
1436 996 1683 1050 advocari
1713 1011 1725 1046 :
1759 990 2036 1060 Quomodo

455 1099 562 1152 vult
590 1097 764 1166 ergo?
809 1094 988 1158 Solve,
1016 1093 1224 1163 inquit,
1255 1107 1400 1145 omne
1441 1087 1693 1141 uinculum
1740 1083 2034 1155 injustitiaz,

455 1191 671 1245 dissolve
715 1188 1041 1259 obligatioues
1088 1186 1418 1240 violentarnm
1464 1179 1784 1251 pactionem,
1841 1193 2037 1230 omnem

453 1283 754 1350 scripturam
797 1279 1021 1346 iniquam
1048 1274 1332 1330 conscinde.
1366 1271 1567 1341 Frange
1596 1269 1830 1325 esurienti
1856 1283 2039 1338 panem

456 1385 619 1440 tuum,
648 1383 693 1426 et
720 1387 965 1443 pauperes
991 1384 1239 1439 uagosque
1266 1366 1419 1419 induc
1452 1366 1504 1419 in
1524 1364 1729 1418 domum
1776 1372 1934 1416 tuam.
1977 1360 2040 1415 Si

456 1464 638 1519 uideris
666 1461 881 1526 nudum,
910 1460 1047 1530 aperi
1074 1475 1210 1525 eum,
1232 1467 1277 1511 et
1303 1456 1596 1510 domesticos
1614 1454 1816 1508 seminis
1836 1453 1908 1506 tui
1937 1467 2040 1506 non

457 1555 760 1626 despexeris.
786 1553 927 1608 Tunc
966 1558 1192 1619 erumpet
1235 1549 1533 1602 matutinum
1582 1547 1747 1601 lumen
1768 1555 1909 1598 tuum
1932 1585 1947 1607 ,
1990 1553 2039 1599 et

458 1646 665 1703 medela
686 1656 784 1700 tute
804 1661 922 1699 mox
941 1644 1165 1699 orientur
1191 1651 1237 1697 et
1262 1641 1459 1713 prteibit
1480 1653 1595 1694 ante
1616 1650 1661 1693 te
1677 1641 1880 1711 justitia
1910 1648 1993 1692 tua
2016 1676 2037 1707 ,

457 1752 505 1794 et
530 1741 693 1810 gloria
714 1736 811 1793 Dei
856 1736 1243 1791 circumamiciet
1282 1743 1347 1788 te.
1391 1733 1532 1788 Tunc
1559 1732 1811 1787 invocabis
1836 1748 1914 1786 me
1934 1774 1949 1796 ,
1991 1741 2040 1786 et

458 1832 727 1886 exaudiam
761 1839 824 1883 te.
858 1828 1037 1882 Adhuc
1080 1837 1127 1881 te
1167 1827 1396 1897 loquente
1432 1826 1616 1879 dicam.
1674 1823 1809 1877 Ecce
1860 1824 2040 1877 adsum

459 1924 477 1993 (
501 1922 628 1977 Isai.
659 1922 748 1977 58.
777 1920 929 1990 6-9).
964 1918 1069 1974 Sed
1098 1919 1323 1989 inquies,
1352 1917 1481 1984 Quis
1517 1916 1630 1970 hinc
1658 1917 1833 1970 omnia
1867 1916 2039 1970 facere

459 2013 695 2086 poterit?
725 2012 835 2067 lmo
859 2027 1006 2074 vero,
1047 2011 1133 2065 dic
1156 2025 1358 2079 qumso,
1390 2010 1509 2080 quis
1540 2025 1645 2063 non
1678 2009 1888 2079 potest?
1911 2008 2036 2078 quid

459 2107 600 2159 anm
621 2120 684 2158 ex
713 2102 869 2158 dictis
899 2103 970 2157 ita
995 2102 1242 2157 difﬁcile?
1267 2101 1393 2172 quid
1428 2102 1752 2170 operosum?
1778 2101 1903 2172 quid
1934 2115 2039 2155 non

461 2196 660 2253 facile?
707 2196 779 2249 lta
808 2210 912 2248 nou
943 2194 1102 2249 modo
1127 2194 1396 2264 possibilia
1421 2203 1579 2257 sunt,
1608 2194 1702 2249 sed
1731 2202 1785 2248 et
1818 2192 1991 2249 facilia
2019 2234 2037 2259 ,

460 2299 516 2342 ut
552 2288 702 2343 multi
730 2303 914 2343 eorum
959 2301 1264 2341 mensuram
1311 2285 1658 2351 excesserint,
1706 2301 1812 2340 non
1865 2285 2038 2340 solum

463 2381 653 2451 iujusta
708 2380 1056 2452 chirographa
1101 2380 1431 2447 lacerantes,
1464 2380 1556 2434 sed
1586 2394 1707 2435 sese
1748 2379 1901 2435 bonis
1930 2380 2041 2435 suis

460 2474 850 2544 exspoliautes;
878 2490 983 2529 non
1005 2472 1165 2529 modo
1193 2473 1291 2527 sub
1317 2482 1456 2528 tecto
1475 2483 1529 2527 et
1546 2471 1614 2527 ad
1636 2487 1871 2526 mensam
1911 2487 2042 2541 pau-

461 2583 617 2636 peres
635 2567 975 2637 recipientes,
994 2566 1086 2621 sed
1114 2567 1272 2621 etiam
1302 2565 1370 2620 ad
1400 2565 1516 2619 illos
1545 2564 1766 2620 alendos
1791 2579 2039 2634 magnum

460 2660 700 2730 torporis
728 2660 963 2715 laborem
1007 2668 1062 2715 et
1088 2659 1336 2715 sudorem
1364 2659 1753 2729 suscipientes;
1802 2674 1907 2712 non
1951 2673 2042 2713 co-

461 2752 635 2822 gnatis
663 2751 841 2818 modo,
874 2752 967 2807 sed
984 2752 1154 2815 etiam,
1173 2751 1402 2807 inimicis
1431 2751 1685 2806 beneﬁcia
1703 2760 2035 2821 prazstantes.

531 2845 584 2901 6.
611 2846 748 2915 Quid
779 2846 830 2900 in
854 2845 1172 2915 supradictis
1200 2845 1413 2902 difﬁcile
1438 2846 1552 2903 est?
1571 2846 1685 2901 Non
1715 2847 1855 2903 enim
1888 2848 2039 2915 dixit,

460 2936 803 2993 'l‘ranscende
847 2946 1088 3004 montes,
1142 2952 1290 2992 mare
1314 2938 1535 3007 trajice,
1568 2948 1645 2993 tot
1671 2948 1725 2993 et
1751 2947 1828 2994 tot
1854 2938 2041 3009 jugera

462 3036 619 3081 terra:
662 3026 882 3081 ell‘odias
902 3067 916 3093 ,
941 3025 1155 3097 jejunus
1177 3026 1269 3081 diu
1294 3042 1541 3095 maneas,
1581 3042 1738 3083 sacco
1766 3039 1817 3083 te
1848 3030 2040 3095 indue;

459 3118 578 3183 sed,
607 3118 859 3174 Proximo
891 3120 1190 3190 impertire,
1221 3135 1408 3191 panem
1440 3121 1661 3192 largire,
1690 3122 1883 3192 iujusta
1931 3121 2045 3177 chi-

462 3210 724 3280 rographa
754 3211 1012 3268 rescinde.
1041 3212 1177 3281 Quid
1196 3255 1210 3277 ,
1239 3228 1421 3283 quaeso
1440 3254 1454 3277 ,
1482 3212 1563 3268 bis
1588 3215 1792 3270 facilius
1817 3216 1840 3269 ?
1891 3216 2043 3284 Quod

462 3302 505 3354 si
536 3300 770 3357 difficilia
796 3302 884 3356 illa
911 3312 1096 3371 putes,
1132 3304 1347 3372 praemia
1382 3305 1620 3375 respice,
1649 3317 1703 3359 et
1751 3306 1920 3361 facilia
1951 3306 2044 3361 tilii

463 3400 639 3446 erunt.
688 3391 1148 3460 Quemadmodum
1191 3396 1334 3451 enim
1382 3410 1534 3465 reges
1576 3397 1628 3451 in
1677 3397 2045 3469 hippodromis

461 3491 588 3539 aute
612 3482 948 3540 decertantes
975 3500 1201 3540 coronas
1222 3527 1238 3551 ,
1281 3486 1460 3542 bravia
1505 3498 1559 3542 et
1584 3491 1897 3545 vestimenta
1946 3506 2045 3561 po-

463 3584 628 3643 nunt,
659 3578 738 3632 sic
762 3586 816 3632 et
844 3577 1085 3634 Christus
1109 3579 1164 3634 in
1190 3579 1366 3635 medio
1407 3580 1580 3636 stadio
1608 3583 1825 3652 prtemia
1859 3584 2044 3654 ponit,

462 3684 527 3725 ac
575 3669 727 3740 quasi
783 3671 1071 3726 multorum
1125 3672 1370 3729 manibus
1416 3689 1509 3744 per
1562 3676 1837 3746 praphetaa
1883 3677 2045 3733 verba

463 3760 734 3832 expandit.
765 3762 841 3817 Ac
871 3778 1025 3834 reges
1051 3762 1267 3834 quidem
1287 3807 1303 3831 ,
1334 3768 1436 3821 etsi
1477 3766 1666 3822 millies
1698 3783 1852 3838 reges
1894 3769 2003 3823 sint
2024 3809 2043 3836 ,

467 3858 652 3921 utpote
680 3851 954 3919 homines,
984 3851 1153 3909 ﬂuxas
1198 3854 1396 3911 habent
1422 3871 1552 3926 opes
1590 3868 1645 3913 et
1673 3857 2045 3914 liberalitatem

464 3958 583 4010 qute
611 3954 897 4019 evacuatur
918 3985 933 4011 ,
964 3962 1084 4016 quae
1110 3962 1275 4017 pauca
1318 3964 1444 4004 vere
1471 3958 1632 4019 sunt,
1662 3951 1826 4007 multa
1878 3952 2048 4008 videri

461 4032 716 4101 student;
741 4018 862 4091 ideo
883 4037 1086 4107 singula
1111 4040 1334 4111 singulis
1357 4018 1761 4098 ministrisdaut
1780 4087 1795 4108 ,
1824 4052 1877 4099 et
1896 4044 1973 4099 sic
1995 4045 2049 4100 in

463 4127 698 4182 medium
729 4129 1032 4198 adducunt;
1059 4143 1245 4188 contra
1266 4150 1391 4191 vero
1420 4136 1534 4192 Rex
1561 4148 1744 4194 noster
1768 4140 1947 4195 omnia
1976 4142 2041 4194 si-

467 4220 575 4274 mul
603 4222 970 4290 accumulaus,
988 4225 1112 4295 quia
1134 4226 1368 4281 abundat
1391 4230 1599 4299 Opibus,
1625 4231 1758 4285 nihil
1783 4232 1848 4287 ad
1866 4245 2049 4288 osten-

467 4311 719 4367 tationem
749 4313 895 4382 facit,
945 4317 1129 4389 sicque
1175 4318 1227 4373 in
1281 4320 1457 4374 medio
1504 4324 1750 4393 proponit
1798 4340 1890 4388 ea,
1931 4342 2051 4396 qua:

464 4403 707 4472 exposita
744 4405 1003 4463 immensa
1045 4419 1232 4477 erunt,
1290 4413 1574 4483 multiSque
1627 4417 1871 4471 manibus
1916 4433 2052 4488 opus

466 4497 569 4552 erit
591 4496 660 4553 ad
689 4514 751 4554 ea
771 4500 1090 4557 exhibenda.
1125 4505 1277 4571 Quod
1305 4518 1361 4560 ut
1382 4508 1607 4572 ediscas,
1634 4510 1821 4565 horum
1843 4512 2051 4582 singula

464 4589 745 4661 diligenter
807 4594 1004 4665 aspice.
1056 4595 1200 4651 Tunc
1255 4611 1482 4670 erumpet
1531 4605 1832 4658 matutinum
1882 4606 2051 4660 lumen

465 4693 627 4738 tuum.
684 4686 877 4742 Annon
929 4688 1141 4745 videtur
1184 4706 1346 4747 unum
1390 4708 1508 4749 esse
1536 4694 1901 4754 donum?Sed
1944 4717 2050 4757 non

468 4791 633 4832 unum
661 4786 746 4835 est
768 4796 782 4833 :
804 4795 929 4836 nam
957 4782 1123 4838 multa
1161 4783 1303 4839 intus
1333 4784 1494 4842 habet
1518 4787 1724 4854 bravia,
1778 4807 2006 4849 coronas
2031 4838 2049 4862 ,

1164 322 1221 379 S.
1260 319 1534 378 JOANNIS
1569 311 2048 375 CllRYSOSTOlll
2091 308 2405 367 ARGHIEP.
2446 310 2983 369 CONSTANTINOP.

3619 308 3726 368 5i0

2139 437 2438 498 creteraque
2466 427 2703 497 praemia.
2722 427 2917 496 Quare,
2940 427 2984 481 si
3012 427 3205 497 placet,
3236 424 3319 480 his
3337 425 3590 480 revolutis
3615 427 3722 480 sin-

2139 520 2356 590 gulatim
2381 519 2593 574 divitias
2618 518 2776 574 hasce
2799 518 3171 583 exhibeamus,
3191 528 3447 588 quantum
3486 517 3560 571 fas
3590 518 3723 582 erit;

2141 620 2342 665 tantum
2361 627 2425 665 ne
2442 610 2719 665 deﬁciatis.
2740 611 2817 664 Ac
2837 609 3009 679 primo
3029 608 3295 663 discamus
3322 609 3447 679 quid
3474 608 3544 663 sit
3573 608 3722 674 illud,

2142 699 2404 770 Erumpet.
2428 701 2612 771 Neque
2634 701 2775 755 enim
2803 698 2953 765 dixit,
2981 699 3288 769 Apparebit,
3317 698 3433 764 sed.
3459 697 3722 767 Erumpet,

2138 803 2194 850 et
2220 794 2548 849 celeritatem
2572 803 2627 849 et
2654 793 2859 863 ecpiam
2892 793 3045 848 nobis
3072 794 3326 858 ostendit,
3375 802 3429 847 et
3469 803 3725 863 quantum

2139 885 2361 940 salutem
2402 895 2639 940 nostram
2682 884 2951 940 desideret
2971 893 3026 938 et
3056 900 3217 953 quam
3249 886 3443 954 gestiat
3470 884 3605 938 bona
3640 885 3727 939 illa

2142 976 2407 1045 proferri,
2442 975 2682 1046 nihilque
2731 990 2852 1030 esse
2906 974 3046 1044 quod
3093 974 3411 1030 iuellinbilem
3467 975 3720 1045 impetum

2139 1077 2385 1123 coerceat
2429 1087 2441 1123 :
2491 1067 2684 1138 quibus
2730 1067 2977 1121 omnibus
3025 1067 3281 1120 immensa
3331 1082 3515 1121 eorum
3571 1069 3723 1136 copia

2139 1160 2455 1216 ostenditur.
2482 1160 2617 1228 Quid
2647 1168 2824 1215 autem
2857 1159 2982 1215 illud
3015 1170 3095 1214 est
3117 1202 3137 1228 ,
3166 1158 3468 1213 Matutinum
3488 1143 3594 1214 ΡΜ
3620 1170 3723 1219 est,

2142 1268 2247 1307 non
2289 1260 2410 1322 post
2441 1251 2787 1305 tentatiouum
2820 1251 3107 1306 certamina
3138 1292 3153 1313 ,
3184 1266 3282 1305 nec
3311 1262 3425 1320 pust
3462 1252 3721 1306 malorum

2143 1347 2412 1399 incursqu
2446 1360 2461 1408 ;
2499 1344 2589 1398 sed
2622 1343 2736 1398 haec
2763 1344 3048 1413 praaveuit.
3099 1342 3554 1408 Quemadmodum
3582 1345 3727 1399 enim

2143 1438 2194 1491 in
2220 1436 2481 1491 fructibus
2510 1434 2824 1489 matutinum
2851 1434 3077 1489 dicimus
3125 1434 3173 1488 id
3203 1433 3341 1502 quod
3367 1443 3490 1488 ante
3517 1443 3726 1503 tempus

2141 1536 2381 1596 apparet,
2412 1526 2488 1579 sic
2518 1534 2571 1578 et
2599 1524 2699 1578 hoc
2720 1525 2855 1589 loco,
2875 1525 3196 1579 celeritatem
3226 1540 3407 1579 rursus
3437 1525 3728 1579 ostendens

2143 1619 2215 1673 ita
2243 1615 2396 1679 dixit,
2429 1626 2485 1670 ut
2532 1630 2689 1685 supra
2716 1615 2927 1670 dicebat
2955 1633 2967 1668 :
2998 1616 3177 1669 Adhuc
3206 1626 3252 1670 te
3274 1615 3503 1685 loquente
3523 1618 3685 1669 dicam
3708 1657 3723 1676 .

2143 1709 2276 1764 Ecce
2311 1709 2511 1762 adsum.
2544 1707 2695 1775 Quod
2726 1707 2901 1761 lumen
2928 1707 3090 1771 dicit,
3121 1708 3278 1778 quale
3305 1708 3515 1762 tandem
3545 1709 3719 1762 lumen

2142 1801 2260 1855 est?
2305 1800 2419 1855 Non
2468 1800 2567 1853 hoc
2612 1799 2842 1866 sensile,
2874 1798 2968 1853 sed
2998 1799 3138 1852 aliud
3183 1799 3349 1852 multo
3390 1801 3725 1868 prmstantius

2140 1910 2247 1962 quo
2272 1892 2459 1947 cadum
2481 1932 2497 1957 ,
2525 1890 2741 1960 angelos
2762 1931 2776 1955 ,
2806 1889 3155 1960 archangelos
3173 1929 3186 1951 ,
3215 1888 3501 1943 Cherubim
3519 1932 3533 1955 ,
3564 1889 3726 1945 Sera-

2143 1984 2288 2053 phim
2312 2024 2327 2045 ,
2372 1982 2731 2052 principatus,
2764 1990 3088 2050 potestates,
3122 1980 3380 2048 thronos,
3406 1981 3728 2036 dominatio-

2143 2090 2269 2138 nes,
2302 2073 2605 2127 universum
2655 2072 2947 2126 exercitum
2973 2112 2989 2138 ,
3020 2073 3191 2141 regias
3222 2072 3371 2126 aulas
3399 2083 3453 2127 et
3484 2073 3729 2128 taberna-

2145 2166 2263 2219 cula
2296 2165 2558 2219 videmus.
2583 2162 2713 2217 Nam
2740 2164 2785 2218 si
2812 2163 3011 2218 lumine
3038 2163 3128 2218 illo
3153 2162 3399 2233 dignatus
3426 2163 3591 2219 fueris
3611 2208 3626 2232 ,
3674 2175 3730 2221 et

2144 2256 2259 2312 lucc
2281 2255 2484 2311 videbis
2508 2296 2523 2320 ,
2554 2263 2610 2308 et
2654 2253 2896 2323 eripieris
2922 2269 2951 2307 a
2972 2253 3212 2324 gehenna
3234 2295 3250 2321 ,
3279 2269 3309 2308 a
3357 2270 3539 2310 verme
3562 2271 3726 2311 vene-

2144 2358 2303 2415 nato,
2333 2364 2363 2403 a
2407 2346 2638 2402 stridore
2688 2346 2960 2411 dentium,
2992 2364 3020 2399 a
3063 2345 3286 2401 vinculis
3317 2346 3684 2403 insolubilibus
3708 2390 3728 2415 ,

2142 2443 2210 2498 ab
2233 2441 2473 2513 angustia
2494 2448 2551 2495 et
2580 2438 2919 2493 tribulatione
2938 2479 2953 2503 ,
2981 2453 3009 2490 a
3039 2436 3271 2492 tenebris
3292 2438 3682 2492 obscurissimis
3705 2480 3723 2505 ,

2142 2551 2172 2589 a
2202 2533 2522 2590 cruciatibus
2540 2573 2556 2599 ,
2583 2530 2650 2587 ab
2676 2530 2842 2602 igneis
2881 2529 3221 2597 ﬂuminibus,
3249 2544 3277 2582 a
3309 2529 3680 2585 maledictione
3704 2573 3726 2596 ,

2143 2642 2173 2681 a
2198 2640 2476 2695 ptBnarum
2505 2622 2673 2688 locis;
2722 2632 2777 2678 et
2807 2622 2897 2675 illo
2923 2636 3113 2691 perges
3135 2662 3149 2685 ,
3192 2620 3278 2674 ubi
3312 2621 3488 2675 nullus
3535 2622 3689 2677 dolor
3708 2665 3728 2689 ,

2145 2733 2347 2772 mceror
2375 2716 2550 2771 nullus
2570 2755 2585 2779 ,
2616 2714 2710 2770 sed
2739 2713 2825 2769 ubi
2858 2714 3080 2767 multum
3110 2711 3358 2782 gaudium
3382 2753 3398 2780 ,
3426 2728 3529 2783 pax
3547 2754 3563 2780 ,
3584 2714 3726 2768 cari—

2147 2822 2249 2878 tas,
2278 2812 2481 2878 laetitia,
2513 2810 2719 2865 delicize
2752 2825 2768 2864 :
2801 2808 2890 2864 ubi
2917 2808 3020 2863 vita
3048 2819 3270 2876 aatcrua,
3292 2808 3458 2880 gloria
3485 2806 3728 2863 inetl‘abi-

2146 2906 2211 2960 lis
2232 2947 2246 2970 ,
2304 2903 2638 2975 pulchritudo
2666 2900 3036 2958 inenarrabilis
3067 2919 3083 2956 :
3116 2901 3202 2955 ubi
3230 2910 3428 2955 :eterna
3483 2900 3729 2955 taberna-

2145 2996 2261 3051 cula
2281 3038 2297 3062 ,
2328 3004 2381 3051 et
2408 2994 2575 3065 gloria
2603 2994 2761 3064 Regis
2788 2992 3203 3059 inmstlmabilis,
3235 3002 3393 3063 atque
3423 2993 3557 3047 b0na
3597 2992 3683 3046 illa
3711 3034 3725 3055 ,

2151 3091 2278 3158 Qua
2296 3090 2474 3144 oculus
2502 3104 2600 3142 non
2626 3087 2769 3154 vidit,
2808 3087 2948 3141 auris
2990 3102 3090 3140 non
3115 3085 3338 3151 audivit,
3364 3102 3519 3156 neque
3560 3085 3613 3139 in
3641 3102 3731 3140 cor

2148 3178 2368 3235 hominis
2392 3180 2721 3234 ascenderunt
2749 3176 2839 3251 (l.
2867 3177 2985 3233 Cor.
3008 3177 3062 3231 2.
3094 3178 3164 3247 9)
3192 3193 3205 3229 :
3250 3177 3337 3231 ubi
3368 3192 3594 3247 Sponsus
3623 3178 3731 3246 spi-

2147 3273 2375 3337 ritualis,
2407 3282 2458 3328 et
2490 3270 2709 3325 thalami
2734 3270 2996 3336 caelestes,
3022 3270 3254 3339 virgines
3282 3269 3503 3339 fulgidas
3529 3268 3731 3323 haben-

2151 3375 2231 3420 tes
2257 3363 2549 3434 lampadas,
2569 3372 2622 3417 et
2644 3377 2829 3418 omnes
2848 3362 2935 3431 qui
2963 3369 3163 3416 vestem
3188 3360 3386 3415 habent
3406 3361 3689 3431 nuptialem
3711 3400 3725 3413 .

2148 3460 2239 3515 ubi
2295 3458 2475 3513 multa:
2504 3456 2709 3512 Domini
2736 3471 2866 3525 opes
2889 3496 2903 3518 ,
2954 3462 3010 3509 et
3039 3454 3395 3524 promptuaria
3448 3454 3609 3523 regia.
3644 3453 3732 3507 Vi-

2150 3552 2270 3607 den‘
2294 3559 2489 3620 quanta
2515 3549 2754 3620 prtemia,
2787 3559 2841 3603 et
2868 3554 3066 3618 quanta
3099 3561 3200 3599 una
3227 3561 3354 3600 voce
3374 3545 3730 3615 comprehen-

2149 3645 2340 3701 derit?
2377 3643 2450 3699 lta
2494 3643 2540 3697 si
2586 3640 2821 3712 singulas
2868 3640 3216 3710 exploremus
3267 3653 3462 3703 voces,
3512 3638 3729 3691 multam

2152 3737 2486 3794 inveniemus
2536 3750 2715 3791 rerum
2765 3733 2972 3802 copiam
3029 3741 3081 3787 et
3128 3730 3344 3801 pelagus
3392 3733 3728 3784 immensum.

2151 3830 2286 3886 Num
2314 3827 2488 3883 adhuc
2512 3824 2899 3891 cunctabimur,
2927 3838 3127 3893 quaeso,
3157 3838 3258 3878 nec
3284 3823 3511 3892 prompti
3534 3822 3732 3877 erimus

2151 3922 2218 3977 ad
2246 3918 2663 3977 misericordiam
2694 3917 2811 3971 aliis
2840 3914 3191 3971 exhibendam
3216 3914 3241 3968 ?
3276 3913 3492 3969 Minime
3516 3956 3530 3979 ,
3572 3914 3731 3969 obse-

2152 4031 2265 4071 cro.
2290 4012 2396 4070 Sed
2427 4011 2633 4067 etiamsi
2675 4009 2852 4065 omnia
2881 4008 3139 4079 projicere
3163 4016 3217 4063 et
3240 4008 3291 4063 in
3321 4008 3491 4078 ignem
3523 4007 3733 4061 mittere

2152 4114 2432 4181 Oporteat:
2466 4104 2511 4159 si
2553 4103 2604 4159 in
2651 4101 2855 4173 gladios
2904 4099 3211 4155 incumbere
3238 4140 3254 4165 ,
3287 4099 3331 4153 si
3359 4098 3424 4153 ad
3449 4114 3732 4153 mucrones

2153 4200 2389 4265 insilire,
2421 4197 2464 4253 si
2494 4193 2703 4267 quidvis
2730 4191 2873 4248 aliud
2904 4190 3236 4246 tolerandum
3265 4200 3528 4255 occurrat,
3556 4190 3734 4244 omnia

2155 4290 2308 4345 facile
2335 4288 2567 4344 feramus
2589 4327 2603 4350 ,
2632 4295 2688 4339 ut
2713 4283 2863 4355 regni
2888 4283 3140 4337 ca-lorum
3170 4284 3441 4345 amictum,
3472 4290 3526 4335 et
3551 4281 3735 4335 iuell'a-

2156 4382 2316 4437 bilem
2345 4379 2487 4434 illam
2518 4377 2739 4447 gloriam
2767 4389 3113 4444 assequamur
3136 4386 3326 4442 :quam
3358 4371 3558 4426 utinam
3581 4371 3735 4425 nobis

2155 4474 2405 4530 omnibus
2434 4468 2668 4527 nancisci
2691 4468 2985 4537 contingat,
3012 4465 3179 4535 gratia
3201 4475 3255 4519 et
3282 4464 3607 4534 benignitate
3636 4463 3737 4517 Do-

2157 4567 2287 4623 mini
2316 4565 2482 4621 nostri
2528 4562 2656 4619 .lesu
2698 4559 2930 4624 Christi,
2962 4559 3046 4613 cui
3073 4556 3239 4628 gloria
3280 4564 3336 4610 et
3378 4555 3735 4626 imperiumin

2158 4660 2351 4717 siccula
2376 4656 2713 4713 smeulorum.
2746 4654 2937 4709 Amen.

469 4892 3727 4932 _____________________________________________..

1706 4974 2056 5039 HOMILIA
2092 4977 2222 5040 LV.
2262 4974 2348 5038 al.
2391 4969 2549 5032 LVI.

467 5115 597 5169 Car.
633 5112 720 5169 16.
752 5131 805 5168 v.
830 5114 919 5170 ει.
949 5114 1093 5170 Tunc
1142 5116 1292 5171 Iesus
1344 5118 1472 5171 dixit
1506 5119 1766 5188 discipulis
1793 5121 1898 5175 suis
1931 5136 1950 5175 :
1990 5120 2054 5176 Si

538 5205 649 5275 quis
668 5205 775 5258 uult
797 5216 907 5276 post
931 5223 1009 5260 me
1036 5208 1200 5261 venire
1216 5248 1232 5271 ,
1264 5209 1469 5280 abneget
1494 5211 1814 5281 semetipsum
1844 5252 1859 5276 ,
1885 5219 1937 5265 et
1964 5211 2055 5265 tol-

543 5299 616 5351 lat
640 5314 839 5351 crucem
868 5314 1030 5364 suam,
1058 5309 1105 5354 ct
1127 5309 1364 5368 sequatur
1389 5317 1483 5354 me.

550 5391 602 5446 l.
627 5392 708 5445 Ad
749 5401 957 5445 mortem
1000 5394 1228 5461 exemplo
1262 5393 1451 5449 Christi
1481 5396 1647 5465 parati
1669 5410 1774 5450 esse
1798 5395 2053 5450 debemus.

469 5482 698 5538 Christus
725 5484 891 5554 ipsum
919 5485 1057 5554 sequi
1088 5484 1284 5551 invitat,
1311 5502 1413 5540 non
1451 5486 1625 5556 cogit;
1658 5503 1767 5540 cur.
1797 5486 2059 5556 Abnegare

471 5578 791 5648 semetipsum
816 5578 939 5648 quid
964 5579 1047 5632 sit.
1074 5608 1146 5619 —
1172 5577 1338 5646 Tunc,
1372 5580 1747 5650 quandonam?
1768 5579 2055 5649 Postquam

483 5668 913 5734 l’etrusdixerat,
944 5668 1201 5740 Propitius
1242 5670 1330 5725 tibi
1373 5672 1463 5733 sis,
1493 5688 1593 5724 non
1632 5672 1726 5725 erit
1756 5671 1845 5723 tibi
1870 5669 1982 5731 hoc,
2004 5679 2058 5723 et

480 5759 704 5826 audivit,
734 5760 874 5817 Vade
898 5772 1012 5835 post
1047 5779 1144 5831 me,
1173 5771 1371 5818 satana.
1405 5762 1586 5834 Neque
1627 5762 1767 5819 cnim
1798 5761 1926 5818 satis
1956 5759 2054 5814 ha-

2156 5120 2270 5175 buit
2309 5116 2458 5173 illum
2489 5113 2815 5180 increpasse,
2871 5106 2967 5162 sed
3010 5121 3073 5161 ex
3118 5102 3410 5159 abundanti
3457 5098 3745 5155 ostendere

2158 5212 2344 5267 volens
2374 5217 2429 5264 et
2461 5205 2726 5261 dictorum
2755 5197 2898 5256 Petri
2939 5196 3322 5251 absurditatem
3341 5236 3356 5258 ,
3386 5201 3441 5248 et
3466 5192 3745 5246 utilitatem

2159 5318 2227 5358 ex
2256 5301 2503 5370 passione
2532 5294 2797 5354 futuram,
2827 5291 2901 5343 ait
2926 5330 2941 5353 ,
2972 5288 3052 5343 Tu
3105 5286 3233 5341 mihi
3270 5284 3401 5339 dicis
3420 5324 3436 5348 ,
3484 5281 3748 5351 Propitius

2162 5391 2251 5446 tibi
2276 5400 2399 5456 esto,
2437 5402 2540 5441 non
2565 5384 2659 5438 erit
2705 5382 2799 5435 hoc
2832 5380 2920 5433 tibi
2963 5394 2981 5432 :
3031 5392 3133 5448 ego
3166 5392 3292 5431 vero
3320 5373 3413 5429 tibi
3452 5373 3573 5426 dico
3594 5413 3609 5436 ,
3640 5385 3746 5424 non

2161 5482 2324 5537 modo
2370 5476 2729 5550 perniciosum
2755 5486 2876 5527 esse
2919 5470 3050 5532 tibi,
3098 5470 3143 5523 si
3197 5483 3283 5522 me
3310 5464 3589 5536 impedias,
3621 5473 3674 5517 et
3702 5476 3747 5516 sn

2162 5573 2464 5644 passionem
2503 5581 2675 5622 meam
2700 5563 2927 5618 moleste
2957 5560 3118 5626 feras,
3150 5557 3245 5614 sed
3270 5557 3431 5612 etiam
3458 5570 3565 5610 non
3596 5569 3751 5623 posse

2164 5675 2217 5720 te
2239 5664 2467 5719 salutem
2494 5656 2767 5727 consequi,
2804 5654 2903 5707 nisi
2940 5661 2993 5706 et
3035 5652 3148 5721 ipse
3170 5658 3384 5718 semper
3404 5645 3470 5700 ad
3511 5645 3750 5701 morien-

2164 5756 2287 5810 dum
2317 5755 2389 5810 sis
2416 5761 2645 5816 paratus.
2676 5746 2754 5802 Ne
2782 5745 2923 5801 enim
2949 5742 3222 5812 indignum
3251 5753 3309 5795 se
3331 5752 3452 5795 esse
3480 5744 3753 5810 putarent,
