4108 6376
239 409 344 466 539

241 521 505 594 διηνεκῶς
533 521 816 592 ἑστηκυῖα,
856 517 929 590 μή
957 534 1088 572 ποτε
1121 515 1368 572 καλέσειε
1400 513 1673 594 αὑτὴνντὰ,
1698 514 1918 594 παιδίας

245 593 360 658 Οὑκ
380 602 525 654 ἐστιν
537 599 731 664 0661-:l;,
743 598 804 651 οὑ
817 596 1019 670 πατὴρ,
1036 597 1097 651 06
1115 598 1316 668 μήτηρο
1333 595 1448 650 ἀλλ’
1460 598 1490 649 6
1506 593 1638 659 Θεὸς
1659 593 1923 665 διηνεκῶς

244 690 478 760 ἔστηκεν
511 687 813 759 ἀναμένων,
845 683 897 739 εἴ
918 686 1002 750 τίς
1027 701 1154 738 ποτε
1177 683 1450 739 καλέσειεν
1467 683 1627 738 αὑτὸν
1651 683 1759 736 τῶν
1788 685 1925 736 οἰκε-

246 767 376 830 τῶν,
397 767 492 820 ml
507 765 788 830 οὐδέποτε,
819 764 1165 818 καλεσάντων
1187 763 1344 836 ήμῶν
1359 762 1436 827 ὡς
1458 763 1558 826 δεῖ,
1584 765 1920 834 παρήκουσε.

245 845 344 900 Διά
375 844 534 899 τοῦτό
575 861 768 916 φησιν·
819 846 950 898 Ἔτι
977 844 1320 910 λαλοῦντός
1361 858 1507 896 σου·
1539 843 1638 896 οὑκ
1670 842 1924 912 ἀναμένω

247 942 308 978 σε
331 925 619 996 πληρῶσαι
645 966 660 989 ,
702 926 796 978 ml
831 923 1033 986 εὐθέως
1065 922 1344 979 ὑπακούω.
1381 922 1715 992 Καλέσωμεν
1743 921 1923 974 τοίνυν

245 1004 411 1058 αὑτὸν
433 1004 506 1067 ὡς
535 1003 811 1074 κληθῆναι
849 1002 1114 1074 βούλεται.
1151 1003 1276 1067 Πῶς
1315 1002 1369 1057 δὲ
1393 1003 1440 1033 ’⁵
1463 1001 1707 1072 βούλεται
1733 1017 1748 1062 ς
1779 1001 1918 1061 Λύε,

246 1084 402 1152 φησὶ,
434 1082 631 1136 πάντα
674 1082 1026 1152 σύνδεσμον
1060 1081 1332 1149 ἀδικίας,
1378 1081 1589 1135 διάλυε
1630 1096 1921 1149 στραγγα-

252 1164 395 1228 λιάς
442 1163 661 1226 ,βιαίων
718 1161 1258 1231 συναλλαγμάτων,
1306 1158 1514 1214 πᾶσαν
1560 1157 1922 1228 συγ-πυρὴν

244 1241 454 1295 ἄδικον
477 1240 724 1296 διάσπα.
765 1241 1091 1310 Διάθρυπτε
1121 1239 1396 1294 πεινῶντι
1425 1240 1533 1293 τὸν
1565 1238 1746 1306 ἄρτον
1777 1254 1913 1292 σου·

244 1321 346 1376 καί
382 1320 657 1389 πτωχοὺς
689 1321 986 1389 ἀστέτους
1020 1319 1300 1389 εἰσάγαγε
1326 1322 1414 1386 εἰς
1443 1319 1548 1372 τὸν
1582 1315 1749 1372 οἶκόν
1780 1333 1920 1371 σου.

260 1400 403 1453 Ἐὰν
428 1399 562 1468 ῖδῃς
591 1399 824 1470 rver
848 1441 862 1465 ,
901 1402 1206 1468 περίϐαλε,
1237 1399 1333 1450 καί
1365 1397 1486 1451 ἀπὸ
1531 1396 1650 1450 τῶν
1688 1397 1922 1464 οἰκείων

243 1479 352 1534 τοῦ
379 1483 724 1550 σπέρματός
750 1495 869 1535 σου
911 1481 1024 1548 οὐχ
1067 1479 1378 1546 ὐπερόψει.
1417 1479 1553 1532 Τότε
1588 1475 1920 1546 ῥαγήσεται

242 1557 509 1628 πρώτμον
547 1560 612 1614 τὸ
642 1559 769 1628 φῶς
803 1574 942 1619 σου.
967 1558 1067 1613 καί
1093 1559 1164 1612 τὰ
1194 1555 1406 1626 ἰάματὰ
1434 1574 1551 1612 σου
1589 1557 1743 1625 ταχὺ
1772 1557 1920 1609 ἀνα-

243 1638 434 1701 τελεῖ,
465 1638 563 1693 καὶ
593 1639 1068 1706 προπορεύσεται
1098 1636 1439 1705 ἔμπροσθέν
1478 1652 1596 1690 σου
1626 1639 1664 1703 ἡ
1704 1634 1923 1688 61mm-

241 1718 403 1785 σύνη
429 1733 568 1779 σου,
601 1717 698 1771 καί
723 1719 762 1786 ή
789 1716 939 1782 δόξα
959 1716 1067 1771 τοῦ
1099 1717 1246 1772 Θεοῦ
1268 1715 1612 1786 περιστελεῖ
1648 1733 1740 1770 σε.
1785 1715 1921 1768 Τότε

241 1795 576 1864 ὲπικιιλέσῃ
605 1813 703 1865 με,
730 1795 830 1849 καί
869 1797 1303 1866 εἰσακούσομιιί
1334 1813 1452 1850 σου
1473 1813 1488 1828 ο
1528 1797 1616 1850 ἔτι
1657 1793 1919 1849 λαλοῦν-

244 1875 350 1941 τός
385 1890 504 1928 σου
523 1873 658 1942 ἐρῶ,
697 1875 853 1930 Ἰδοὺ
876 1874 1133 1945 πάρειμι.
1174 1877 1285 1928 Καὶ
1308 1875 1391 1938 τίς
1419 1874 1593 1928 ταῦτα
1627 1875 1804 1927 πάντα
1828 1871 1919 1925 δύο

241 1971 401 2009 ναται
444 1956 707 2026 ποιῆσαι;
741 1955 896 2026 φησί.
932 1955 1028 2018 Τίς
1058 1953 1114 2007 δὲ
1155 1955 1216 2007 o6
1259 1952 1514 2020 δύναται;
1541 1953 1663 2006 είπέ
1699 1969 1810 2023 μοι.
1850 1951 1918 2006 Τί

243 2033 354 2105 γὰρ
391 2033 648 2106 δυσχερὲς
681 2031 788 2086 τῶν
835 2033 1139 2104 εἰρημένων
1159 2049 1174 2097 ;
1195 2032 1248 2086 τί
1291 2033 1349 2087 δὲ
1381 2033 1652 2104 ἐργῶδεςς
1682 2031 1734 2086 τί
1761 2031 1818 2084 δὲ
1852 2033 1916 2086 οὑ

244 2112 460 2184 ῥᾴδιον;
493 2111 651 2166 Οῦτω
680 2111 790 2183 γάρ
811 2111 855 2142 ³³
881 2112 1027 2165 ἐστιν
1059 2111 1180 2181 οὐχὶ
1217 2111 1420 2165 δυνατά
1450 2111 1630 2183 μόνον,
1658 2109 1796 2165 ἀλλά
1823 2109 1918 2164 ml

242 2188 462 2256 εὔκολα,
496 2193 579 2246 δτι
618 2191 804 2245 πολλοὶ
835 2191 931 2245 ml
955 2190 1016 2244 16
1045 2191 1241 2262 μέτρον
1269 2190 1376 2246 τῶν
1415 2191 1721 2264 εἰρημένων
1746 2191 1919 2262 ὑπερ-

241 2269 536 2339 ηκόντισαν
563 2311 578 2333 ,
618 2271 717 2324 οὑκ
754 2269 915 2325 ἀδικα
945 2272 1298 2342 γραμματεῖα
1337 2271 1674 2334 διασπῶντες
1717 2271 1914 2342 μόνον,

241 2347 383 2406 ἀλλά
411 2350 506 2403 ml
546 2350 616 2404 τά
662 2349 794 2404 ὄντα
837 2349 1236 2421 ἀποδυσάμενοι
1266 2349 1443 2404 πάντα
1465 2367 1479 2382 ο
1523 2351 1588 2404 06
1618 2349 1787 2421 στέγῃ
1821 2351 1917 2404 ml

241 2430 493 2501 τραπέζῃ
523 2431 650 2494 τοὺς
677 2429 928 2500 πτωχοὺς
959 2429 1257 2501 δεχόμενοι,
1291 2429 1427 2485 ἀλλά
1454 2431 1549 2485 ml
1585 2429 1663 2502 τῷ
1695 2429 1790 2483 τοῦ
1819 2426 1919 2481 σώ-

244 2525 416 2578 ματος
451 2509 636 2581 ἰερῶτι
659 2548 674 2572 ,
711 2509 805 2562 ml
842 2507 1141 2579 κάμνοντες
1178 2509 1321 2564 ὥστε
1359 2510 1556 2574 αὑτοὺς
1594 2508 1914 2580 διαθρέψαι·

239 2589 304 2641 o6
343 2591 624 2658 συγγενεῖς
657 2588 836 2659 μόνον,
873 2587 1007 2642 ἀλλά
1027 2589 1123 2642 ml
1157 2589 1383 2661 ἐχθροὺς
1409 2587 1840 2660 εὐεργετοῦντες.

321 2674 396 2733 ς’.
437 2667 503 2722 Τί
551 2668 607 2721 δὲ
655 2667 794 2731 ὅλως
837 2669 930 2721 ml
964 2667 1219 2722 δύσκολον
1253 2669 1361 2722 τῶν
1396 2668 1740 2740 εἰρημένων;
1779 2666 1916 2722 Οὑδέ

243 2745 359 2818 7&9
388 2741 564 2809 εἶπεν,
583 2746 879 2818 ’Υπέρόηθι
909 2747 968 2800 τὸ
995 2747 1140 2820 690;.
1168 2747 1384 2819 διάϐηθι
1416 2747 1476 2802 16
1519 2747 1775 2816 πέλαγος,
1801 2747 1919 2801 διά-

245 2827 455 2897 σκαψον
484 2827 692 2899 πλέθρα
725 2830 827 2900 γῆς
849 2829 982 2882 τόσα
1009 2829 1106 2881 ml
1133 2827 1286 2893 τόσα,
1309 2829 1493 2891 ἀσιτος
1516 2827 1760 2897 διάμενε,
1785 2829 1891 2881 σάκ

243 2923 341 2959 κον
369 2907 664 2978 περιδαλοῦ
682 2924 696 2938 ·
727 2907 880 2970 ἀλλὰ,
906 2909 1148 2972 Μετάδος
1189 2910 1304 2972 τοῖς
1355 2907 1572 2972 οἰκείοις
1591 2907 1656 2972 ’⁸,
1691 2907 1917 2978 μετάδος

241 2985 342 3038 τοῦ
387 2985 576 3054 ἄρτου,
608 2987 676 3042 τά
719 2989 918 3052 ἀδίκως
953 2988 1286 3059 συγκείμενα
1311 2989 1665 3058 γραμματεῖα
1689 2987 1916 3059 διάρρη-

243 3065 356 3132 ξον.
381 3065 447 3119 Τί
471 3066 674 3120 τούτων
693 3066 1058 3140 εὐκολώτερον
1077 3109 1092 3132 ,
1118 3067 1238 3120 εἰπέ
1268 3084 1377 3139 μοι.
1402 3069 1464 3121 Εἰ
1487 3067 1543 3120 δὲ
1569 3068 1661 3121 ml
1683 3067 1916 3121 δύσκολα

243 3139 388 3198 εἶναι
434 3145 695 3217 νομίζεις,
738 3147 931 3200 σκόπει
967 3139 1077 3218 μοι
1127 3150 1220 3200 καὶ
1266 3146 1336 3200 τά
1371 3145 1604 3203 ἔπαθλα.
1635 3147 1731 3201 καὶ
1762 3145 1914 3200 ἐσται

246 3240 329 3276 σοι
361 3223 536 3296 ῥᾴδια.
561 3224 828 3296 Καθάπερ
849 3224 958 3297 7&9
977 3227 1026 3278 οἱ
1054 3224 1292 3295 βασιλεῖς
1310 3227 1369 3278 ἐν
1389 3227 1510 3288 ταῖς
1532 3224 1917 3296 ἱπποδρομίαις

244 3302 356 3374 πρὸ
381 3303 491 3357 τῶν
520 3303 935 3374 ἀγωνιζομένων
971 3304 1264 3374 στεφάνους
1293 3304 1388 3358 ml
1417 3303 1643 3374 βραδεῖα
1668 3304 1762 3357 ml
1787 3305 1916 3374 ἱμάσ-

243 3400 337 3436 τια
367 3381 727 3442 συντιθέασιν.
755 3381 899 3436 οὕτω
932 3383 996 3454 δὴ
1027 3381 1174 3456 [554]
1205 3383 1300 3436 καὶ
1327 3384 1356 3436 6
1381 3381 1616 3452 Χριστὸς
1658 3382 1718 3434 ὲν
1761 3381 1911 3454 μέσῳ

245 3463 431 3534 τίθησι
457 3461 536 3533 τῷ
565 3461 763 3533 σταδίῳ
790 3461 862 3515 τὰ
889 3461 1118 3525 ἔπαθλα,
1163 3461 1414 3532 καθάπερ
1437 3461 1526 3514 διά
1552 3458 1763 3513 πολλῶν
1805 3477 1920 3530 χει-

249 3543 361 3614 ρῶν
384 3542 494 3597 τῶν
515 3540 610 3595 τοῦ
641 3542 927 3614 Προφήτου
963 3542 1225 3612 ῥημάτων
1257 3540 1514 3597 ἐκτείνων
1542 3539 1698 3595 αὑτά.
1733 3541 1843 3594 Καὶ
1866 3539 1917 3592 οί

253 3621 355 3691 μὲν
384 3622 640 3691 βασιλεῖς,
677 3619 779 3674 κάν
812 3621 1070 3692 μυριάκις
1101 3614 1205 3676 ὦσι
1233 3621 1491 3692 βασιλεῖς,
1519 3619 1614 3674 ἅτε
1641 3619 1916 3689 ἄνθρωποι

245 3701 422 3764 ὄντες,
453 3703 547 3755 ml
588 3699 848 3772 εὐπορίαν
881 3700 1278 3772 δαπανωμένην
1318 3699 1552 3771 ἔχοντες,
1591 3701 1686 3754 ml
1711 3697 1916 3769 φιλοτι-

252 3779 384 3849 μίαν
408 3779 861 3850 ἀναλισκομένην,
887 3778 956 3832 τά
993 3777 1162 3849 ὀλίγα
1185 3778 1355 3834 πολλὰ
1383 3778 1787 3850 φιλοτιμοῦνται
1813 3777 1918 3831 δεῖ·

248 3859 341 3924 ξαι
360 3876 374 3889 ·
413 3859 494 3912 διὸ
522 3858 616 3913 ml
649 3859 706 3912 ἓν
735 3857 962 3912 ἕκαστον
1000 3859 1214 3931 ἑκάστῳ
1244 3857 1352 3913 τῶν
1381 3857 1642 3913 διακόνων
1683 3857 1920 3928 ἐγχειρί-

249 3937 458 4005 ζοντες,
503 3937 677 4001 οὑτως
723 3937 1034 4007 εἰσάγουσιν
1087 3939 1167 4002 εἰς
1214 3937 1474 4010 μέσον.⁹υ
1501 3937 1558 3991 δὲ
1600 3936 1863 4001 Βασιλεὺς
1891 3938 1920 3990 6

251 4019 521 4089 ἡμέτερος
553 4017 861 4072 τούναντίον
879 4035 892 4049 ο
922 4019 1140 4073 ἅπαντα
1164 4016 1299 4089 ὁμοῦ
1332 4018 1707 4089 συμφορήσας,
1731 4016 1920 4088 ἐπειδὴ

254 4097 462 4168 σφόδρα
490 4097 637 4151 ἐστὶν
675 4095 926 4168 εὔπορος,
956 4097 1051 4151 καὶ
1082 4097 1234 4150 οὐδὲν
1277 4097 1413 4168 1196;
1452 4097 1712 4162 ἐπίδειξιν
1753 4099 1916 4158 ποιεῖ,

252 4177 424 4241 οὕτως
461 4180 542 4242 είς
579 4178 742 4248 μέσον
791 4177 1134 4249 προτίθησιν,
1175 4178 1320 4249 ἅπερ
1363 4177 1659 4232 ἐκταθέντα
1713 4177 1917 4249 άπειρα

253 4257 430 4319 ἔσται,
471 4258 567 4311 ml
617 4255 825 4310 πολλῶν
853 4259 1100 4326 δεήσεται
1148 4256 1258 4311 τῶν
1305 4255 1650 4328 κατεχουσῶν
1695 4257 1916 4327 χειρῶν.

257 4336 364 4389 Kal
393 4335 482 4389 ἵνα
512 4335 690 4410 μάθῃς
710 4334 889 4400 τοῦτο,
908 4335 1137 4390 ἕκαστον
1164 4337 1344 4391 αὑτῶν
1367 4336 1694 4408 περισκόπει
1710 4336 1754 4366 ³⁷
1777 4335 1917 4406 μετά

253 4415 560 4486 ἀκριϐείας.
581 4419 720 4470 Τότε
731 4413 1081 4484 ῥαγήσεται,
1096 4416 1249 4487 φησὶ,
1272 4414 1535 4483 πρώτμον
1551 4413 1620 4468 τὸ
1638 4411 1764 4483 φῶς
1783 4427 1921 4467 σου.

254 4489 405 4564 ’Λρα
446 4494 506 4547 οὑ
553 4493 706 4548 δοκεῖ
731 4510 812 4547 σοι
825 4493 872 4525 ’⁸
907 4493 966 4547 ἓν
990 4509 1045 4546 τι
1080 4490 1306 4546 εἶναιτὸ
1342 4491 1512 4564 δῶρον
1541 4491 1735 4557 τοῦτο;
1785 4489 1926 4544 Ἀλλ’

256 4576 358 4628 οὐκ
400 4567 546 4628 ἔστιν
577 4573 670 4626 ἐν’
706 4575 800 4627 ml
833 4571 942 4645 γάρ
970 4571 1140 4626 ⁸πολλὰ
1187 4571 1336 4626 ἔνδον
1379 4571 1514 4642 ἔχει,
1549 4571 1644 4624 καὶ
1690 4569 1926 4642 βραδεῖα

1382 398 1452 457 ιιι
1482 395 1898 456 ΜᾹΤἸἪιΕυΜ
1936 395 2170 456 HOMIL.
2207 393 2318 453 LV.
2358 395 2433 452 al.
2466 392 2603 450 LVI.

3585 381 3692 439 550

2023 513 2119 569 ml
2145 511 2442 580 στεφάνους
2465 512 2560 565 ml
2597 508 2760 579 ἕτερα
2801 505 3029 560 ἔπαθλα.
3062 505 3172 560 Καὶ
3209 506 3258 559 εἰ
3296 503 3569 576 βούλεσθε,
3599 503 3692 580 λύ-

2025 609 2219 656 σαντες
2242 579 2506 663 δείξωμεν
2545 590 2640 644 τδν
2663 587 2891 642 πλοῦτον
2915 586 3151 651 ἅπαντα,
3176 585 3360 650 καθὼς
3401 587 3538 657 ἡμῖν
3579 579 3692 638 οἷόν

2022 672 2084 727 τέ
2119 673 2236 725 ἐστι
2263 671 2462 739 δεῖξαιο
2496 668 2654 741 μόνον
2688 667 2764 740 μὴ
2795 667 3144 738 ἀποκάμητε.
3179 665 3291 722 Καὶ
3323 665 3538 737 πρῶτον
3589 664 3692 736 μά·

2023 751 2205 821 θωμεν
2234 750 2288 802 τί
2323 747 2841 818 ἐστι,Ῥαγήσεται.
2879 745 3015 800 Οὐδὲ
3065 745 3176 817 7&9
3227 741 3371 808 εἶπε,
3416 745 3690 806 Φανείται,

2021 827 2178 892 ἀλλὰ,
2197 828 2548 898 Ῥαγήσεται
2569 845 2584 858 ο
2619 828 2680 881 τὸ
2706 827 2845 898 ταχὺ
2889 826 2985 879 ml
3028 823 3250 895 δαψιλὲς
3263 825 3310 857 ¹⁹
3336 825 3467 896 ἡμῖν
3495 822 3693 894 ἐμφαί·

2023 925 2154 973 νων,
2193 910 2289 962 καὶ
2317 907 2435 971 πῶς
2480 906 2686 978 σφόδρα
2718 906 2936 977 ἐφίεται
2959 904 3059 975 τῆς
3089 903 3366 976 ἡμετέρας
3396 903 3690 974 σωτηρίας,

2025 988 2119 1042 καὶ
2151 987 2267 1051 πῶς
2305 986 2578 1040 ὠδίνειτά
2611 985 2794 1054 ἀγαθά
2815 983 2956 1038 αὑτά
2994 983 3300 1056 προελθεῖν,
3343 985 3438 1037 ml
3481 981 3695 1050 ἐπείγε-

2024 1084 2136 1131 ται,
2173 1068 2265 1121 ml
2309 1068 2462 1121 οὐδὲν
2503 1067 2655 1120 ἔσται
2689 1065 2750 1118 16
2785 1065 2996 1118 κωλύον
3024 1066 3124 1134 τὴν
3148 1065 3354 1134 ἄπρατον
3386 1063 3594 1136 ρύμην⁶
3625 1060 3694 1114 δι’

2024 1138 2100 1199 ὦν
2133 1146 2389 1199 ἁπάντων
2424 1145 2524 1215 τήν
2549 1144 2824 1214 δαψίλειαν
2876 1145 3056 1197 αὑτῶν
3105 1144 3456 1200 ἐνδείκνυται.
3491 1141 3588 1195 καὶ
3631 1140 3694 1194 16

2023 1224 2248 1295 ἄπειρον
2295 1224 2396 1294 τῆς
2437 1225 2774 1296 περιουσίας.
2809 1223 2875 1276 Τί
2917 1224 2976 1278 δέ
3018 1225 3154 1286 ἐστι,
3191 1222 3498 1294 Πρώὶζιοντ
3527 1221 3690 1275 Τουτ-

2023 1303 2192 1368 έστιν,
2219 1305 2279 1357 οὑ
2327 1304 2465 1372 μετά
2516 1303 2577 1356 16
2624 1304 2690 1358 ἐν
2725 1305 2840 1366 τοῖς
2892 1305 3220 1374 πειρασμοῖς
3262 1301 3538 1371 γενέσθαι,
3572 1297 3694 1353 οὑδὲ

2025 1385 2164 1454 μετά
2208 1386 2307 1455 τὴν
2358 1386 2468 1438 τῶν
2513 1383 2700 1439 κακῶν
2739 1383 2947 1454 ἔφοδον,
2978 1382 3116 1436 ἀλλά
3160 1383 3257 1437 καὶ
3272 1383 3317 1414 ³⁰
3369 1379 3692 1454 προφθάνει.

2023 1464 2291 1537 Καθάπερ
2317 1466 2426 1536 7&9
2452 1464 2545 1518 ἐπὶ
2571 1463 2681 1518 τῶν
2705 1462 2934 1536 καρπῶν
2959 1463 3188 1533 λέγομεν
3216 1461 3466 1534 πρὼἵμον
3502 1460 3565 1514 16
3589 1459 3696 1532 πρὸ

2021 1545 2114 1598 τοῦ
2155 1543 2347 1617 καιροῦ
2380 1545 2566 1614 φανὲν,
2600 1544 2744 1599 οὑτω
2776 1546 2869 1598 καὶ
2904 1543 3161 1606 ἐνταῦθα,
3190 1543 3253 1598 16
3279 1542 3496 1614 ταχινὸν
3516 1542 3558 1573 ²¹
3591 1542 3697 1595 πά·-

2023 1623 2107 1677 λιν
2153 1624 2455 1694 ἐμφαίνων,
2488 1623 2663 1688 οὑτως
2701 1618 2854 1678 εἶπεν
2879 1642 2892 1656 ’
2931 1622 3122 1695 ῶσπερ
3164 1623 3280 1679 ἀνω
3317 1622 3531 1692 ἔλεγεν·
3571 1621 3696 1674 Ἔτι

2023 1703 2363 1770 λαλοῦντός
2407 1718 2528 1758 σου
2576 1701 2709 1772 ἐρῶ,
2728 1703 2874 1759 Ἰδοὺ
2922 1705 3182 1773 πάρειμι.
3237 1703 3397 1755 Ποῖον
3442 1700 3500 1755 δὲ
3545 1700 3691 1768 λέγει

2025 1782 2141 1850 φῶς
2161 1782 2244 1850 ⁸³;
2288 1784 2382 1837 καὶ
2429 1783 2483 1836 τί
2531 1783 2663 1838 ποτέ
2712 1786 2829 1837 ἐστι
2871 1782 3030 1836 τοῦτο
3056 1781 3118 1834 16
3149 1781 3299 1850 φῶςς
3346 1781 3422 1833 06
3446 1777 3605 1833 τοῦτο
3633 1779 3694 1832 16

2022 1862 2302 1934 αἰσθητὸν,
2331 1861 2446 1918 ἀλλ’
2469 1862 2656 1934 ἕτερον
2683 1861 2864 1932 πολλῷ
2893 1861 3120 1934 βέλτιον,
3139 1861 3167 1915 6
3192 1861 3282 1914 τὸν
3308 1859 3537 1932 οὑρανδν
3558 1859 3693 1930 ήμῖν

2025 1942 2286 2003 δείκνυσι,
2319 1943 2446 2006 τοὺς
2471 1941 2758 2013 ἀγγέλους,
2789 1943 2916 2006 τοὺς
2962 1940 3358 2013 ἀρχαγγέλους,
3389 1937 3459 1994 τὰ
3489 1939 3696 2009 Χερου-

2025 2019 2147 2091 σὶμ,
2179 2020 2248 2075 τά
2293 2021 2566 2093 Σεραφὶμ,
2597 2025 2725 2086 τοὺς
2773 2019 3018 2094 θρόνους,
3067 2021 3166 2084 τὰς
3211 2018 3562 2092 κυριότητας,
3596 2016 3697 2080 τὰς

2021 2098 2218 2170 ἀρχὰς,
2256 2099 2356 2162 τάς
2377 2100 2645 2167 ἐξουσίας,
2675 2103 2735 2155 τὸ
2765 2099 3128 2172 στρατόπεδον
3150 2099 3317 2166 ἀπαν,
3337 2097 3437 2162 τὰς
3469 2095 3638 2160 αὑλάς
3650 2095 3700 2127 ⁸³

2021 2179 2120 2242 τὰς
2156 2177 2458 2248 βασιλικάς.
2492 2179 2592 2244 τάς
2625 2179 2956 2251 σκηνάς.’⁹Αν
3000 2179 3108 2250 γὰρ
3138 2177 3235 2232 τοῦ
3271 2175 3447 2248 φωτὸς
3482 2175 3695 2229 ἐκείνου

2023 2257 2389 2330 καταξιωθῇς,
2429 2259 2520 2313 καὶ
2563 2257 2739 2312 ταῦτα
2767 2257 2910 2328 ὕψει,
2939 2259 3033 2312 καὶ
3061 2256 3426 2330 ἀπαλλαγήσῃ
3446 2253 3694 2326 γεέννης,

2022 2339 2119 2393 ml
2163 2337 2258 2392 τοῦ
2304 2338 2587 2410 σκώληκος
2630 2339 2726 2393 τοῦ
2776 2339 3004 2403 ίοσόλου,
3032 2338 3126 2394 ml
3157 2338 3252 2393 τοῦ
3300 2335 3546 2410 βρυγμοῦ
3585 2335 3696 2388 τῶν

2022 2417 2271 2480 ὀδόντων,
2294 2418 2390 2472 καὶ
2415 2416 2524 2472 τῶν
2547 2418 2764 2490 δεσμῶν
2785 2419 2894 2475 τῶν
2922 2418 3156 2484 ἀλύτων,
3181 2419 3277 2472 ml
3298 2419 3400 2486 τῆς
3427 2433 3692 2486 στενοχω-

2025 2497 2173 2568 ρίας,
2199 2496 2296 2551 ml
2323 2497 2424 2569 τῆς
2454 2497 2706 2568 θλίψεως,
2734 2498 2831 2553 ml
2871 2501 2965 2554 τοῦ
3000 2499 3223 2562 σκότους
3255 2497 3348 2552 τοῦ
3395 2493 3694 2564 ἀφεγγοῦςν

2024 2580 2120 2634 καὶ
2159 2581 2254 2635 τοῦ
2300 2581 2746 2656 διχοτομηθῆναι,
2777 2585 2874 2638 ml
2900 2583 2994 2637 τοῦ
3022 2582 3268 2651 ποταμοῦ
3291 2581 3335 2612 ’δ
3365 2578 3460 2633 τοῦ
3497 2577 3693 2650 πυρὸς,

2022 2664 2120 2716 ml
2168 2663 2272 2734 τῆς
2321 2663 2586 2736 κατάρας,
2629 2666 2724 2719 ml
2767 2663 2877 2718 τῶν
2920 2666 3020 2735 τῆς
3069 2661 3259 2733 ὀδύνης
3300 2659 3557 2732 χωρίωνο
3599 2659 3698 2710 ml

2022 2741 2300 2816 ἀπελεύσῃ
2326 2743 2455 2798 ἔνθα
2498 2744 2742 2814 Ὰπέδρα
2782 2744 2969 2810 ὀδύνη
2995 2745 3093 2798 καί
3125 2743 3290 2810 λύπη
3315 2759 3328 2772 ·
3359 2740 3487 2794 ἔνθα
3525 2736 3697 2809 πολλὴ

2023 2823 2058 2891 ἡ
2089 2821 2253 2894 χαρὰ,
2285 2823 2380 2876 ml
2411 2825 2446 2896 ή
2477 2825 2689 2896 εἰρήνη,
2726 2824 2820 2878 ml
2863 2824 2898 2895 ή
2931 2822 3143 2891 ἀγάπη,
3176 2821 3269 2874 ml
3299 2822 3332 2891 ή
3367 2817 3568 2890 τρυφὴ,
3601 2819 3698 2870 ml

2024 2901 2060 2970 ἡ
2091 2899 2400 2972 εὐφροσύνη
2425 2918 2440 2933 ο
2467 2901 2599 2956 ἔνθα
2631 2902 2745 2975 ζωὴ
2777 2901 3016 2966 αἰώνιος,
3046 2903 3140 2956 ml
3163 2900 3291 2966 δόξα
3318 2901 3576 2972 ἄρρητος,
3603 2898 3699 2951 ml

2023 2979 2220 3044 κάλλος
2249 2981 2532 3051 ἄφραστον
2551 2998 2566 3013 ο
2600 2982 2729 3038 ἔνθα
2751 2981 2960 3037 αἰώνιοι
2996 2983 3214 3052 σκηναὶ,
3243 2981 3341 3034 καὶ
3368 2981 3402 3052 ή
3439 2979 3568 3044 δόξα
3599 2978 3696 3032 τοῦ

2021 3059 2294 3124 Βασιλέως
2323 3061 2356 3132 ή
2387 3061 2716 3134 ἀπόρρητος,
2748 3062 2844 3116 καὶ
2864 3061 2934 3115 τά
2961 3060 3139 3130 ἀγαθά
3167 3061 3442 3122 ἐκεῖνα,Ἄ
3474 3060 3700 3129 ὀφθαλ-

2013 3139 2129 3210 μὸς
2149 3142 2262 3194 οὐκ
2287 3137 2428 3202 εἶδε.
2463 3142 2564 3196 καί
2607 3137 2718 3208 οὖς
2740 3143 2853 3196 οὐκ
2889 3141 3142 3210 ἤκουσε,
3175 3141 3272 3194 καὶ
3307 3140 3403 3194 ἐπὶ
3446 3139 3700 3206 καρδίαν

2019 3220 2336 3290 ἀνθρώπου
2378 3226 2490 3277 οὐκ
2519 3222 2704 3290 ἀνέϐη
2729 3238 2743 3251 '
2790 3221 2917 3275 ἔνθα
2940 3222 2970 3274 6
2993 3220 3220 3291 νυμφὼν
3249 3221 3278 3273 6
3306 3218 3698 3290 πνευματικὸς,

2023 3301 2117 3355 καὶ
2163 3303 2218 3357 αἱ
2259 3300 2528 3366 παστάδες
2557 3301 2666 3355 τῶν
2698 3300 2967 3373 οὐρανῶν,
3000 3300 3096 3354 καὶ
3129 3300 3186 3353 al
3226 3297 3488 3370 παρθένοι
3519 3299 3574 3350 αἰ
3601 3298 3699 3361 τὰς

2022 3378 2254 3450 φαιδρὰς
2287 3378 2507 3449 ἔχουσαι
2535 3381 2843 3451 λαμπάδας,
2871 3380 2965 3433 καὶ
2997 3381 3047 3434 οἱ
3078 3380 3138 3432 16
3163 3379 3364 3450 ἔνδυμα
3397 3377 3492 3430 τοῦ
3519 3377 3698 3448 γάμου

2030 3458 2248 3529 ἔχοντες
2269 3474 2284 3489 ο
2316 3459 2446 3513 ἔνθα
2473 3459 2643 3513 πολλὰ
2659 3461 2726 3515 τὰ
2753 3461 3066 3533 ὑπάρχοντα
3085 3459 3130 3492 ³⁵
3153 3457 3249 3514 τοῦ
3279 3458 3574 3520 Δεσπότου,
3607 3458 3700 3510 ml

2022 3537 2095 3591 τὰ
2121 3539 2323 3607 ταμεῖα
2355 3537 2424 3591 τά
2451 3539 2724 3609 βασιλικά.
2759 3536 2915 3602 Εἶδες
2945 3539 3111 3610 ήλίκα
3134 3537 3204 3592 τὰ
3230 3537 3462 3597 ἔπαθλα,
3485 3536 3579 3590 ml
3601 3537 3700 3590 ὅσα

2021 3614 2112 3668 διά
2139 3617 2268 3686 μιᾶς
2305 3617 2515 3687 ρήσεως
2549 3614 2701 3688 [555]
2729 3616 3061 3682 ἐπεδείξατο,
3095 3615 3332 3679 καὶπῶς
3363 3617 3544 3669 πάντα
3574 3631 3699 3666 ουν-

2023 3695 2290 3768 εφόρησεν
2304 3696 2348 3728 ³⁸
2369 3712 2384 3760 ;
2409 3695 2565 3750 Οὕτω
2581 3696 2674 3749 ml
2693 3696 2800 3750 τῶν
2823 3695 2950 3766 ἑξῆς
2971 3698 3184 3768 ρήσεων
3202 3696 3440 3764 ἑκάστην
3459 3693 3698 3748 ἀναπτύ-

2027 3774 2235 3839 ξαντες,
2264 3773 2463 3845 πολλὴν
2491 3774 2796 3846 εὑρήσομεν
2829 3774 2928 3846 τὴν
2969 3775 3308 3845 περιουσίαν,
3339 3773 3434 3827 ml
3462 3771 3699 3842 πέλαγος

2022 3853 2371 3924 ἀχανές.¹Ἐτι
2395 3848 2488 3907 οῦν
2517 3851 2932 3925 ἀναϐαλούμεθα
2945 3851 3011 3917 ³⁷,
3038 3853 3162 3907 ¹εἰπέ
3197 3869 3310 3923 μοι,
3346 3852 3440 3905 καὶ
3471 3853 3697 3925 ὀκνήσο-

2029 3949 2127 4003 μεν
2177 3931 2345 3985 ἐλεεῖν
2387 3931 2516 3996 τοὺς
2563 3931 2883 4003 δεομένους;
2915 3931 3027 4004 Μὴ,
3060 3931 3383 4003 παρακαλῶ,
3419 3932 3553 3986 ἀλλά
3595 3933 3699 3986 κᾶν

2025 4011 2204 4065 πάντα
2242 4009 2396 4082 ῥῖψαι
2421 4009 2536 4080 δέῃ,
2565 4012 2668 4064 κᾶν
2709 4012 2788 4074 εἰς
2821 4011 2933 4083 πῦρ
2976 4011 3334 4082 ἐμϐληθῆναι,
3367 4013 3472 4066 κᾶν
3514 4013 3698 4082 ξίφους

2026 4088 2460 4160 κατατολμῆσαι,
2488 4089 2591 4143 κᾶν
2624 4088 2762 4144 κατά
2799 4089 3084 4160 μαχαιρῶν
3105 4090 3380 4158 ἅλλεσθαι,
3405 4091 3504 4146 κᾶν
3524 4091 3704 4146 ὁτιοῦν

2025 4168 2238 4234 παθεῖν,
2262 4168 2442 4223 πάντα
2467 4169 2720 4240 φέρωμεν
2745 4169 3003 4235 εὐκόλως,
3026 4170 3112 4223 ἵνα
3140 4170 3233 4224 τοῦ
3261 4170 3558 4242 ἐνδύματος
3579 4173 3702 4224 ἐπι-

2025 4247 2276 4320 τύχωμεν
2294 4248 2393 4318 τῆς
2427 4248 2702 4318 βασιλείας
2721 4249 2830 4302 τῶν
2854 4249 3117 4320 οὐρανῶν,
3146 4251 3238 4304 ml
3269 4251 3368 4322 τῆς
3387 4252 3699 4324 ἀπορρήτου

2036 4329 2191 4400 δόξης
2223 4327 2436 4399 ἐκείνης
2456 4344 2470 4359 ο
2499 4324 2568 4401 ἦς
2603 4328 2813 4397 γένοιτο
2839 4329 3048 4392 πάντας
3081 4331 3227 4400 ήμᾶς
3265 4332 3566 4400 ἐπιτυχεῖν,
3605 4331 3706 4400 χά·-

2036 4427 2143 4509 ριῖι
2289 4408 2667 4509 φιλανθρωπίρ.
2693 4409 2788 4463 τοῦ
2808 4409 3023 4509 ’Κυρίρυ
3053 4409 3209 4509 ἡμῶν
3245 4409 3419 4502 ἰησρῦ
3443 4411 3699 4506 Χριστοῦ,

2029 4489 2076 4558 ᾧ
2101 4491 2133 4559 ή
2161 4489 2288 4557 δόξα
2321 4489 2416 4543 ml
2450 4490 2512 4542 16
2545 4491 2742 4560 κράτος
2774 4490 2854 4553 είς
2896 4490 3020 4553 τοὺς
3059 4489 3261 4552 αἰῶνας
3313 4491 3421 4543 τῶν
3464 4489 3698 4545 αἰώνων.

2046 4567 2240 4640 Ἀμήν.

328 4667 375 4747 ’ξ
411 4664 491 4746 δὲ]
519 4662 615 4748 οὖν
641 4663 706 4720 G.
738 4662 805 4720 Π.
828 4735 841 4746 .
879 4665 937 4698 ⁸⁸
959 4663 1232 4784 γάεὲίὸιε.
1267 4662 1328 4718 L.
1357 4662 1471 4718 Ecl.
1505 4663 1681 4718 caeteri
1711 4661 1788 4716 δέ.
1863 4660 1911 4694 ⁸⁸

330 4745 469 4784 r1311.
497 4736 702 4784 diserte
742 4735 939 4784 lenitur
963 4752 1014 4784 ιη
1091 4737 1162 4784 cl-
1238 4735 1283 4766 "
1315 4731 1660 4784 περισκόπει]
1692 4731 1918 4784 σκόπειῑ

2024 4675 2050 4722 ς
2075 4658 2319 4784 οἰκείοιςέ
2354 4660 2418 4713 ἐκ
2445 4662 2545 4732 τῆς
2563 4660 2750 4742 οἰκίας
2781 4658 2940 4715 Vien.
2967 4661 3068 4732 τῆς
3097 4661 3294 4723 οἰκίας,
3319 4659 3465 4731 quod
3493 4659 3702 4715 Savillo

2024 4728 2059 4784 [ε.
2086 4747 2286 4784 πεοισκ
2320 4746 2492 4784 πτισον
2544 4728 2698 4784 Vlen.
2732 4730 2846 4784 Ecl.
2883 4746 2934 4784 ι).
2974 4747 3030 4784 ι).
3073 4730 3204 4784 φησί
3245 4744 3357 4784 om.
3391 4729 3455 4783 G.
3533 4731 3578 4762 ⁸⁸
3617 4747 3702 4782 σοι

257 4735 702 4797 οιΙιὶεἰῑζιΙὶςοιῑο
742 4735 939 4803 legitur
962 4736 1014 4790 in

256 4809 410 4873 deest
433 4806 486 4860 in
515 4804 651 4860 Edd.
726 4805 772 4873 ξ’
811 4807 908 4859 καὶ
932 4805 992 4858 16
1019 4804 1240 4873 δαψιλές

259 4946 465 5016 σκηνάς
487 4943 548 4999 L.
574 5015 582 5016 ί
610 4945 670 5016 7“
701 4944 810 5016 τῶν
851 4944 1113 5016 ποταμῶν
1135 4943 1201 5000 G.
1229 4943 1344 4999 Ecl.

1091 4728 1162 4789 cl.
1238 4735 1283 4766 "
1315 4731 1660 4802 περισκόπει]
1692 4731 1885 4784 σκόπει
1906 4728 2286 4802 ϐίης-περάσει

1315 4751 1668 4857 περισκοπειι
1692 4751 1918 4784 σκοπειι

1286 4802 1350 4858 K.
1435 4804 1546 4858 .M.
1622 4804 1642 4834 ³
1703 4802 1918 4856 καίοιιι.

2024 4751 2059 4785 ιε.
2086 4751 2492 4802 περισκοπησον
2551 4751 2698 4786 uel).
2732 4751 2846 4786 DCI.
2873 4751 2934 4812 .p.
2974 4751 3030 4800 ι).
3073 4751 3204 4800 φησι
3245 4751 3357 4786 om.
3391 4751 3455 4783 υ.
3533 4751 3578 4762 ·ν
3617 4751 3701 4782 σοι

2024 4798 2135 4871 ν-Μι.
2174 4799 2297 4871 Ecl.
2334 4800 2410 4871 ,ξι
2435 4799 2586 4871 -ταχύ
2616 4797 2795 4871 L._M.
2825 4798 2978 4855 Vlen.
3011 4799 3122 4854 Ecl.
3197 4799 3242 4832 ³³
3277 4799 3550 4871 φῶς]-καὶ
3584 4801 3701 4869 φῶς

256 4872 322 4931 G.
359 4876 454 4929 ml
483 4875 602 4938 πῶς
629 4874 690 4929 L.
727 4872 854 4930 Haec
900 4877 995 4929 ml
1036 4867 1348 4929 τί’ποτε...
1387 4892 1402 4916 ν
1425 4873 1503 4938 ῶς
1552 4889 1658 4928 non
1706 4871 1916 4925 haban

259 4946 465 4998 σκηνάς
487 4943 548 4998 L.
624 4945 670 4976 “
701 4944 810 4998 τῶν
851 4944 1113 4998 ποταμῶν
1135 4943 1201 4998 G.
1229 4943 1344 4998 Ecl.
1367 4892 1458 4998 16v
1488 4941 1731 4998 ποταμόν
1759 4940 1829 4994 Μ.
1906 4940 1918 4972 ³

2035 4869 2106 4924 Μ.
2183 4870 2229 4902 ³³
2261 4869 2452 4941 αὐλὰς]

2024 4939 2158 4994 πολλὰ
2190 4939 2258 4992 τά
2283 4939 2404 4998 611.]
2439 4957 2452 4986 η

1367 4939 1458 5014 16v
1488 4941 1731 5014 ποταμόν
1759 4940 1829 4994 Μ.
1863 5009 1876 5014 _
1906 4940 1951 4987 ’5.
1989 4939 2158 4994 πολλὰ
2190 4939 2258 4992 τά
2283 4939 2508 5014 6_11.]_1&
2537 4940 2706 5014 11011&
2732 4941 2829 4996 ὑπ.
2856 4939 2916 4994 ι..
2945 4939 3014 4994 τὰ
3044 4939 3282 5014 παλάτια
3310 4940 3546 5014 ὑπάρχει
3581 4941 3696 5014 Ecl.

2320 4728 2509 4800 πησον“
2544 4728 2698 4800 Vign.
2724 4730 2934 4800 _Ecl_._p.
2974 4728 3045 4800 pLV
3073 4730 3213 4800 φησί
3245 4728 3357 4800 om;
3391 4729 3455 4800 Ο.
3533 4731 3578 4762 ⁸⁸
3617 4747 3702 4782 σοι

2555 4869 2667 4933 λεις
2701 4869 2818 4924 Ecl.
2849 4872 2948 4934 τὰς
3002 4871 3184 4932 πόλεις
3206 4908 3220 4929 ,
3261 4868 3360 4932 τάς
3395 4868 3702 4939 ’βασιλικάς

258 5017 306 5046 ³⁸
346 5009 456 5070 εις
487 5015 647 5070 codd.
683 5023 740 5084 ct
772 5009 1483 5084 Εειησυνεφρόνησενίδςιν.
1513 5009 1650 5084 Μαι-ζ
1680 5009 1918 5082 συνειρόρ

2024 5028 2058 5073 ρ,
2113 5027 2236 5079 quac
2283 5010 2469 5064 Savilii
2500 5010 2815 5080 conjectura
2847 5019 2984 5075 erat,
3019 5009 3185 5065 tacite
3233 5009 3438 5080 recepit
3466 5009 3698 5066 Monlef.

259 5085 304 5118 ⁸⁵⁷
342 5083 756 5156 άναὸαλλόμεθα
793 5083 860 5140 G.
895 5082 960 5138 Κ.
993 5083 1055 5137 06
1088 5082 1390 5156 βουλόμεθα
1421 5085 1543 5154 (sic)
1573 5083 1645 5138 ι...

1811 5285 2055 5342 ΟΜΙΛΙΑ
2095 5287 2140 5339 Ν
2147 5287 2220 5342 E'.

263 5359 404 5414 Τότε
433 5362 465 5414 ὀ
496 5357 736 5428 Ἰησοῦς
762 5353 894 5412 εἶπε
917 5355 1042 5428 τοῖς
1063 5355 1356 5428 μαθηταῖς
1372 5355 1591 5428 αὑτοῦζ
1626 5356 1699 5408 El
1725 5371 1816 5428 τις
1843 5353 1934 5428 θέτ

331 5433 424 5483 λει
462 5423 655 5483 ὀπίσω
677 5423 797 5497 μου
824 5427 1048 5490 ἐλθεῖν,
1065 5423 1526 5497 ’ἀπαρνησάσθω
1565 5423 1803 5497 ἑαυτὸν,
1832 5423 1935 5480 καί.

332 5499 529 5568 ιίρὰτω
553 5495 956 5567 16110111119611
976 5496 1186 5563 αὐτοῦ,
1210 5496 1310 5549 καὶ
1338 5495 1739 5550 ἀκολουθείτω
1769 5511 1891 5562 μοι.

335 5613 405 5661 α’.
446 5607 613 5660 Τότε·
651 5605 817 5669 πότε;
849 5603 981 5657 Ὅτε
1011 5603 1042 5656 6
1073 5601 1279 5673 Πέτρος
1304 5595 1680 5665 εἷπεν,Ἰλεώς
1708 5613 1828 5664 σοι,
1855 5601 1928 5654 οὐ

255 5685 346 5756 μὴ
370 5686 542 5740 ἔσται
563 5699 665 5739 σοι
679 5683 855 5739 τοῦτο
876 5699 892 5714 ο
922 5682 1018 5738 ml
1038 5682 1290 5752 ήκουσεν,
1307 5680 1330 5699 ”
1345 5682 1538 5749 Υεατε
1575 5679 1766 5733 ὀπίσω
1783 5695 1926 5748 μου,

261 5755 522 5822 Σατανᾶ.
553 5763 688 5819 οὑδὲ
721 5762 832 5836 γὰρ
858 5760 1100 5834 ἠρκέσθη
1130 5762 1195 5832 τῇ
1227 5761 1536 5830 ἐπιτιμήσει
1572 5758 1750 5830 μόνον,
1792 5755 1932 5836 ἀλλά

263 5846 362 5898 καὶ
407 5847 471 5899 ἐκ
510 5834 828 5915 περιουσίας
860 5840 1180 5914 βουλόμενος
1207 5838 1376 5905 δεῖξαι
1416 5839 1515 5910 τήν
1543 5854 1602 5890 τε
1640 5837 1749 5892 τῶν
1779 5834 1931 5907 παρὰ

262 5928 360 5982 τοῦ
389 5928 596 5998 Πέτρου
626 5925 936 5998 εἰρημένων
975 5921 1224 5986 ἀτοπίαν,
1258 5922 1354 5987 καὶ
1393 5921 1455 5976 16
1503 5920 1690 5992 κέρδος
1728 5918 1790 5973 16
1821 5917 1930 5998 61116

262 6007 362 6064 τοῦ
407 5995 636 6077 πάθους,
681 5995 849 6078 φησί’
878 6004 959 6061 Σύ
984 6020 1074 6076 μοι
1102 6001 1302 6072 λέγεις,
1321 6001 1528 6070 Ἵλεώς
1566 6017 1694 6069 σοι,
1728 5999 1820 6054 οὐ·
1841 5995 1929 6069 μὴ

2031 5357 2202 5410 ἔσται
2230 5371 2328 5410 σοι
2349 5356 2525 5409 τοῦτο
2544 5372 2560 5389 ο
2589 5354 2701 5424 ἐγὼ
2724 5353 2782 5407 δέ
2815 5370 2898 5408 σοι
2931 5354 3096 5421 λέγω,
3122 5356 3203 5410 ὅτι
3233 5356 3294 5409 οὑ
3328 5359 3486 5428 μόνον
3510 5357 3571 5410 16
3603 5356 3702 5427 ἐμὲ

2030 5435 2270 5491 κωλῦσαι
2296 5435 2391 5488 καὶ
2424 5434 2499 5504 τῷ
2531 5434 2650 5504 ἐμῷ
2681 5433 2842 5487 πάθει
2868 5433 3268 5505 δυσχεραίνειν,
3293 5435 3586 5500 ἐπιϐλαϐές
3620 5453 3700 5490 σοι

2027 5517 2124 5570 καὶ
2154 5515 2415 5585 ὀλέθριον,
2447 5515 2560 5568 ἀλλ’
2585 5516 2664 5568 ὃτι
2691 5514 2816 5568 οὐδὲ
2841 5515 3080 5586 σωθῆναι
3113 5517 3338 5590 δυνήσῃ,
3373 5517 3468 5572 ἐὰν
3505 5517 3580 5590 μὴ
3607 5520 3704 5572 καὶ

2026 5596 2191 5661 αὐτὸς
2230 5600 2309 5661 εἰς
2334 5597 2395 5649 16
2431 5596 2718 5650 ἀποθανεῖν
2746 5592 2812 5670 ᾗς
2841 5599 3360 5670 παρεσκευασμένος
3387 5599 3700 5662 διαπαντός.

2028 5676 2146 5730 Ἵνα
2174 5677 2282 5746 7&9
2320 5677 2397 5747 μὴ
2429 5675 2648 5740 ἀνάξιον
2687 5676 2852 5729 αὑτοῦ
2895 5677 2957 5729 16
2992 5678 3186 5732 παθεῖν
3217 5675 3357 5733 εἶναι
3386 5681 3698 5751 νομίσωσιν,

2033 5760 2095 5813 o6
2119 5759 2207 5813 61&
2231 5757 2338 5812 τῶν
2376 5759 2656 5830 προτέρων
2692 5759 2870 5830 μόνον,
2903 5759 3038 5815 ἀλλὰ
3065 5762 3157 5814 ml
3185 5761 3272 5814 61&
3298 5761 3408 5816 τῶν
3431 5764 3705 5835 ἐπαγομέ-

2036 5854 2142 5914 νων
2169 5837 2366 5904 αὐτοὺς
2398 5839 2641 5893 παιδεύει
2666 5839 2759 5892 τοῦ
2799 5840 3121 5911 πράγματος
3147 5839 3216 5893 16'
3249 5841 3456 5913 κέρδος.
3476 5843 3563 5896 Ἑν
3605 5843 3705 5914 μὲν

2035 5911 2127 5972 οὖν
2159 5917 2236 5990 τῷ
2281 5919 2499 5990 Ἰωάννῃ
2521 5919 2714 5991 φησίν·
2769 5919 2911 5974 Ἐάν
2939 5919 3147 5980 πεσὼν
3173 5925 3206 5976 ό
3228 5911 3448 5988 κόκκος
3469 5923 3574 5977 τοῦ
3607 5911 3703 5977 σί·

2036 6014 2144 6055 του
2187 6000 2274 6068 εἰς
2305 5997 2419 6070 τὴν
2447 5997 2565 6071 γῆν
2597 5997 2684 6070 μὴ
2717 5998 3032 6070 ἀποθάνῃ,
3054 5999 3248 6069 αὐτὸς,
3275 6002 3456 6071 μόνος
3497 6002 3700 6069 μένει*
