  <div class='ocr_page' id='page_1' title='image "/cluster/home/n/w/nwhite01/storage/ocr_20150623/58/nnc1.0046979956/082.png"; bbox 0 0 4108 6376; ppageno 0'>
   <div class='ocr_carea' id='block_1_1' title="bbox 336 349 1904 428">
    <p class='ocr_par' dir='ltr' id='par_1_1' title="bbox 336 351 1869 428">
     <span class='ocr_line' id='line_1_1' title="bbox 336 351 1869 428; baseline -0.008 -11"><span class='ocrx_word' id='word_1_1' title='bbox 336 363 429 418; x_wconf 76' lang='lat' dir='ltr'><strong>sit</strong></span> <span class='ocrx_word' id='word_1_2' title='bbox 1145 425 1148 428; x_wconf 14' lang='lat' dir='ltr'><strong>I</strong></span> <span class='ocrx_word' id='word_1_3' title='bbox 1362 354 1425 408; x_wconf 76' lang='lat' dir='ltr'><strong>IN</strong></span> <span class='ocrx_word' id='word_1_4' title='bbox 1465 351 1869 414; x_wconf 69' lang='lat' dir='ltr'><strong>MATTHAEUM</strong></span> 
     </span>
    </p>
   </div>
   <div class='ocr_carea' id='block_1_2' title="bbox 2009 349 2581 428">
    <p class='ocr_par' dir='ltr' id='par_1_2' title="bbox 2009 349 2581 410">
     <span class='ocr_line' id='line_1_2' title="bbox 2009 349 2581 410; baseline 0.007 -4"><span class='ocrx_word' id='word_1_5' title='bbox 2009 349 2136 406; x_wconf 76' lang='lat' dir='ltr'><strong>MIL.</strong></span> <span class='ocrx_word' id='word_1_6' title='bbox 2182 350 2293 406; x_wconf 76' lang='lat' dir='ltr'><strong>LV.</strong></span> <span class='ocrx_word' id='word_1_7' title='bbox 2332 355 2406 408; x_wconf 87' lang='lat' dir='ltr'><strong>al.</strong></span> <span class='ocrx_word' id='word_1_8' title='bbox 2449 355 2581 410; x_wconf 75' lang='lat' dir='ltr'><strong>LVI.</strong></span> 
     </span>
    </p>
   </div>
   <div class='ocr_carea' id='block_1_3' title="bbox 334 467 1906 546">
    <p class='ocr_par' dir='ltr' id='par_1_3' title="bbox 334 467 1906 546">
     <span class='ocr_line' id='line_1_3' title="bbox 334 467 1906 546; baseline -0.005 -18"><span class='ocrx_word' id='word_1_9' title='bbox 334 475 472 546; x_wconf 89' lang='lat' dir='ltr'><strong>quod</strong></span> <span class='ocrx_word' id='word_1_10' title='bbox 506 473 628 528; x_wconf 85' lang='lat' dir='ltr'><strong>talia</strong></span> <span class='ocrx_word' id='word_1_11' title='bbox 657 480 955 541; x_wconf 88' lang='lat' dir='ltr'><strong>pateretur,</strong></span> <span class='ocrx_word' id='word_1_12' title='bbox 1001 483 1104 522; x_wconf 81' lang='lat' dir='ltr'><strong>nun</strong></span> <span class='ocrx_word' id='word_1_13' title='bbox 1136 469 1399 537; x_wconf 72' lang='lat' dir='ltr'><strong>prioribus</strong></span> <span class='ocrx_word' id='word_1_14' title='bbox 1434 476 1636 522; x_wconf 88' lang='lat' dir='ltr'><strong>tantmn</strong></span> <span class='ocrx_word' id='word_1_15' title='bbox 1688 467 1864 520; x_wconf 84' lang='lat' dir='ltr'><strong>verbis</strong></span> <span class='ocrx_word' id='word_1_16' title='bbox 1894 508 1906 520; x_wconf 89' lang='lat'><strong>.</strong></span> 
     </span>
    </p>
   </div>
   <div class='ocr_carea' id='block_1_4' title="bbox 333 552 1904 631">
    <p class='ocr_par' dir='ltr' id='par_1_4' title="bbox 333 552 1904 631">
     <span class='ocr_line' id='line_1_4' title="bbox 333 552 1904 631; baseline -0.008 -11"><span class='ocrx_word' id='word_1_17' title='bbox 333 552 426 620; x_wconf 84' lang='lat' dir='ltr'><strong>sed</strong></span> <span class='ocrx_word' id='word_1_18' title='bbox 469 567 629 620; x_wconf 84' lang='lat' dir='ltr'><strong>etiam</strong></span> <span class='ocrx_word' id='word_1_19' title='bbox 670 562 1017 631; x_wconf 76' lang='lat' dir='ltr'><strong>sequentibus</strong></span> <span class='ocrx_word' id='word_1_20' title='bbox 1069 561 1144 614; x_wconf 97' lang='lat' dir='ltr'><strong>rei</strong></span> <span class='ocrx_word' id='word_1_21' title='bbox 1203 561 1482 614; x_wconf 87' lang='lat' dir='ltr'><strong>utilitatem</strong></span> <span class='ocrx_word' id='word_1_22' title='bbox 1529 560 1704 614; x_wconf 93' lang='lat' dir='ltr'><strong>docet.</strong></span> <span class='ocrx_word' id='word_1_23' title='bbox 1755 559 1904 627; x_wconf 82' lang='lat' dir='ltr'><strong>Apud</strong></span> 
     </span>
    </p>
   </div>
   <div class='ocr_carea' id='block_1_5' title="bbox 337 650 1904 724">
    <p class='ocr_par' dir='ltr' id='par_1_5' title="bbox 337 650 1904 724">
     <span class='ocr_line' id='line_1_5' title="bbox 337 650 1904 724; baseline -0.007 -13"><span class='ocrx_word' id='word_1_24' title='bbox 337 657 592 711; x_wconf 81' lang='lat' dir='ltr'><strong>.lua&#39;tncm</strong></span> <span class='ocrx_word' id='word_1_25' title='bbox 620 653 833 724; x_wconf 88' lang='lat' dir='ltr'><strong>quidem</strong></span> <span class='ocrx_word' id='word_1_26' title='bbox 863 652 995 706; x_wconf 90' lang='lat' dir='ltr'><strong>dicit</strong></span> <span class='ocrx_word' id='word_1_27' title='bbox 1026 668 1040 705; x_wconf 87' lang='lat'><strong>:</strong></span> <span class='ocrx_word' id='word_1_28' title='bbox 1065 650 1178 705; x_wconf 90' lang='lat' dir='ltr'><strong>Nisi</strong></span> <span class='ocrx_word' id='word_1_29' title='bbox 1206 667 1418 722; x_wconf 83' lang='lat' dir='ltr'><strong><em>granum</em></strong></span> <span class='ocrx_word' id='word_1_30' title='bbox 1445 650 1686 722; x_wconf 78' lang='lat' dir='ltr'><strong>frumenti</strong></span> <span class='ocrx_word' id='word_1_31' title='bbox 1721 651 1904 702; x_wconf 84' lang='lat' dir='ltr'><strong>cadens</strong></span> 
     </span>
    </p>
   </div>
   <div class='ocr_carea' id='block_1_6' title="bbox 333 744 1906 816">
    <p class='ocr_par' dir='ltr' id='par_1_6' title="bbox 333 744 1906 816">
     <span class='ocr_line' id='line_1_6' title="bbox 333 744 1906 816; baseline -0.006 -14"><span class='ocrx_word' id='word_1_32' title='bbox 333 753 383 802; x_wconf 89' lang='lat' dir='ltr'><strong>in</strong></span> <span class='ocrx_word' id='word_1_33' title='bbox 411 760 594 804; x_wconf 74' lang='lat' dir='ltr'><strong>terram</strong></span> <span class='ocrx_word' id='word_1_34' title='bbox 617 758 864 802; x_wconf 84' lang='lat' dir='ltr'><strong>mortuum</strong></span> <span class='ocrx_word' id='word_1_35' title='bbox 890 747 1061 816; x_wconf 79' lang='lat' dir='ltr'><strong>fuerit,</strong></span> <span class='ocrx_word' id='word_1_36' title='bbox 1103 746 1267 816; x_wconf 85' lang='lat' dir='ltr'><strong>ipsum</strong></span> <span class='ocrx_word' id='word_1_37' title='bbox 1293 745 1455 800; x_wconf 87' lang='lat' dir='ltr'><strong>solum</strong></span> <span class='ocrx_word' id='word_1_38' title='bbox 1482 755 1649 797; x_wconf 87' lang='lat' dir='ltr'><strong>manet</strong></span> <span class='ocrx_word' id='word_1_39' title='bbox 1672 760 1690 808; x_wconf 88' lang='lat'><strong>;</strong></span> <span class='ocrx_word' id='word_1_40' title='bbox 1715 744 1792 795; x_wconf 84' lang='lat' dir='ltr'><strong>sin</strong></span> <span class='ocrx_word' id='word_1_41' title='bbox 1817 758 1906 793; x_wconf 85' lang='lat' dir='ltr'><strong>au-</strong></span> 
     </span>
    </p>
   </div>
   <div class='ocr_carea' id='block_1_7' title="bbox 337 837 1904 913">
    <p class='ocr_par' dir='ltr' id='par_1_7' title="bbox 337 837 1904 913">
     <span class='ocr_line' id='line_1_7' title="bbox 337 837 1904 913; baseline -0.004 -16"><span class='ocrx_word' id='word_1_42' title='bbox 337 856 431 897; x_wconf 85' lang='lat' dir='ltr'><strong>tem</strong></span> <span class='ocrx_word' id='word_1_43' title='bbox 458 855 714 898; x_wconf 85' lang='lat' dir='ltr'><strong>mortuum</strong></span> <span class='ocrx_word' id='word_1_44' title='bbox 737 843 919 913; x_wconf 79' lang='lat' dir='ltr'><strong>fuerit,</strong></span> <span class='ocrx_word' id='word_1_45' title='bbox 951 841 1160 894; x_wconf 83' lang='lat' dir='ltr'><strong>multum</strong></span> <span class='ocrx_word' id='word_1_46' title='bbox 1189 843 1408 911; x_wconf 82' lang='lat' dir='ltr'><strong>fructum</strong></span> <span class='ocrx_word' id='word_1_47' title='bbox 1435 837 1584 905; x_wconf 76' lang='lat' dir='ltr'><strong>a/fert</strong></span> <span class='ocrx_word' id='word_1_48' title='bbox 1611 837 1786 908; x_wconf 81' lang='lat' dir='ltr'><strong>(Joan.</strong></span> <span class='ocrx_word' id='word_1_49' title='bbox 1817 837 1904 890; x_wconf 74' lang='grc'><strong>12.</strong></span> 
     </span>
    </p>
   </div>
   <div class='ocr_carea' id='block_1_8' title="bbox 337 928 1908 1008">
    <p class='ocr_par' dir='ltr' id='par_1_8' title="bbox 337 928 1908 1008">
     <span class='ocr_line' id='line_1_8' title="bbox 337 928 1908 1008; baseline -0.006 -18"><span class='ocrx_word' id='word_1_50' title='bbox 337 935 422 990; x_wconf 64' lang='grc'><strong>24.</strong></span> <span class='ocrx_word' id='word_1_51' title='bbox 455 934 582 1008; x_wconf 70' lang='lat'><strong>25);</strong></span> <span class='ocrx_word' id='word_1_52' title='bbox 617 936 702 988; x_wconf 91' lang='lat' dir='ltr'><strong>hic</strong></span> <span class='ocrx_word' id='word_1_53' title='bbox 729 950 855 989; x_wconf 90' lang='lat' dir='ltr'><strong>vero</strong></span> <span class='ocrx_word' id='word_1_54' title='bbox 881 934 1146 1003; x_wconf 87' lang='lat' dir='ltr'><strong>copiosius</strong></span> <span class='ocrx_word' id='word_1_55' title='bbox 1186 949 1295 986; x_wconf 89' lang='lat' dir='ltr'><strong>rem</strong></span> <span class='ocrx_word' id='word_1_56' title='bbox 1325 940 1559 986; x_wconf 89' lang='lat' dir='ltr'><strong>tractans</strong></span> <span class='ocrx_word' id='word_1_57' title='bbox 1581 970 1596 992; x_wconf 93' lang='lat'><strong>,</strong></span> <span class='ocrx_word' id='word_1_58' title='bbox 1624 946 1728 982; x_wconf 91' lang='lat' dir='ltr'><strong>non</strong></span> <span class='ocrx_word' id='word_1_59' title='bbox 1755 928 1822 982; x_wconf 91' lang='lat' dir='ltr'><strong>de</strong></span> <span class='ocrx_word' id='word_1_60' title='bbox 1849 943 1908 981; x_wconf 90' lang='lat' dir='ltr'><strong>sc</strong></span> 
     </span>
    </p>
   </div>
   <div class='ocr_carea' id='block_1_9' title="bbox 335 1020 1905 1096">
    <p class='ocr_par' dir='ltr' id='par_1_9' title="bbox 335 1020 1905 1096">
     <span class='ocr_line' id='line_1_9' title="bbox 335 1020 1905 1096; baseline -0.008 -13"><span class='ocrx_word' id='word_1_61' title='bbox 335 1030 507 1084; x_wconf 88' lang='lat' dir='ltr'><strong>solmn</strong></span> <span class='ocrx_word' id='word_1_62' title='bbox 533 1038 704 1083; x_wconf 91' lang='lat' dir='ltr'><strong>morte</strong></span> <span class='ocrx_word' id='word_1_63' title='bbox 720 1027 1138 1082; x_wconf 89' lang='lat' dir='ltr'><strong>consummando</strong></span> <span class='ocrx_word' id='word_1_64' title='bbox 1165 1027 1417 1096; x_wconf 80' lang='lat' dir='ltr'><strong>loquitur,</strong></span> <span class='ocrx_word' id='word_1_65' title='bbox 1449 1023 1540 1077; x_wconf 91' lang='lat' dir='ltr'><strong>sed</strong></span> <span class='ocrx_word' id='word_1_66' title='bbox 1571 1022 1620 1076; x_wconf 89' lang='lat' dir='ltr'><strong>id</strong></span> <span class='ocrx_word' id='word_1_67' title='bbox 1653 1023 1811 1075; x_wconf 90' lang='lat' dir='ltr'><strong>etiam</strong></span> <span class='ocrx_word' id='word_1_68' title='bbox 1840 1020 1905 1072; x_wconf 88' lang='lat' dir='ltr'><strong>ad</strong></span> 
     </span>
    </p>
   </div>
   <div class='ocr_carea' id='block_1_10' title="bbox 335 1113 1910 1190">
    <p class='ocr_par' dir='ltr' id='par_1_10' title="bbox 335 1113 1910 1190">
     <span class='ocr_line' id='line_1_10' title="bbox 335 1113 1910 1190; baseline -0.008 -14"><span class='ocrx_word' id='word_1_69' title='bbox 335 1121 620 1190; x_wconf 85' lang='lat' dir='ltr'><strong>discipulos</strong></span> <span class='ocrx_word' id='word_1_70' title='bbox 649 1119 913 1174; x_wconf 89' lang='lat' dir='ltr'><strong>extendit.</strong></span> <span class='ocrx_word' id='word_1_71' title='bbox 944 1117 1171 1172; x_wconf 89' lang='lat' dir='ltr'><strong>Tantum</strong></span> <span class='ocrx_word' id='word_1_72' title='bbox 1215 1125 1294 1171; x_wconf 90' lang='lat' dir='ltr'><strong>est</strong></span> <span class='ocrx_word' id='word_1_73' title='bbox 1323 1115 1464 1169; x_wconf 88' lang='lat' dir='ltr'><strong>enim</strong></span> <span class='ocrx_word' id='word_1_74' title='bbox 1487 1113 1563 1168; x_wconf 88' lang='lat' dir='ltr'><strong>rei</strong></span> <span class='ocrx_word' id='word_1_75' title='bbox 1595 1113 1823 1176; x_wconf 89' lang='lat' dir='ltr'><strong>lucrum,</strong></span> <span class='ocrx_word' id='word_1_76' title='bbox 1852 1119 1910 1164; x_wconf 91' lang='lat' dir='ltr'><strong>ut</strong></span> 
     </span>
    </p>
   </div>
   <div class='ocr_carea' id='block_1_11' title="bbox 336 1204 1903 1279">
    <p class='ocr_par' dir='ltr' id='par_1_11' title="bbox 336 1204 1903 1279">
     <span class='ocr_line' id='line_1_11' title="bbox 336 1204 1903 1279; baseline -0.003 -16"><span class='ocrx_word' id='word_1_77' title='bbox 336 1211 487 1264; x_wconf 82' lang='lat' dir='ltr'><strong>vobis</strong></span> <span class='ocrx_word' id='word_1_78' title='bbox 516 1211 663 1279; x_wconf 88' lang='lat' dir='ltr'><strong>ipsis,</strong></span> <span class='ocrx_word' id='word_1_79' title='bbox 712 1210 754 1264; x_wconf 88' lang='lat' dir='ltr'><strong>si</strong></span> <span class='ocrx_word' id='word_1_80' title='bbox 788 1210 920 1263; x_wconf 91' lang='lat' dir='ltr'><strong>mori</strong></span> <span class='ocrx_word' id='word_1_81' title='bbox 950 1210 1148 1272; x_wconf 83' lang='lat' dir='ltr'><strong>nolitis,</strong></span> <span class='ocrx_word' id='word_1_82' title='bbox 1191 1207 1241 1262; x_wconf 91' lang='lat' dir='ltr'><strong>id</strong></span> <span class='ocrx_word' id='word_1_83' title='bbox 1263 1207 1580 1261; x_wconf 84' lang='lat' dir='ltr'><strong>damnosum</strong></span> <span class='ocrx_word' id='word_1_84' title='bbox 1603 1205 1757 1259; x_wconf 82' lang='lat' dir='ltr'><strong>vobis</strong></span> <span class='ocrx_word' id='word_1_85' title='bbox 1786 1204 1857 1258; x_wconf 89' lang='lat' dir='ltr'><strong>sit</strong></span> <span class='ocrx_word' id='word_1_86' title='bbox 1889 1221 1903 1258; x_wconf 88' lang='lat'><strong>:</strong></span> 
     </span>
    </p>
   </div>
   <div class='ocr_carea' id='block_1_12' title="bbox 337 1296 1906 1368">
    <p class='ocr_par' dir='ltr' id='par_1_12' title="bbox 337 1296 1906 1368">
     <span class='ocr_line' id='line_1_12' title="bbox 337 1296 1906 1368; baseline -0.003 -12"><span class='ocrx_word' id='word_1_87' title='bbox 337 1311 518 1356; x_wconf 86' lang='lat' dir='ltr'><strong>contra</strong></span> <span class='ocrx_word' id='word_1_88' title='bbox 560 1318 705 1368; x_wconf 85' lang='lat' dir='ltr'><strong>vero,</strong></span> <span class='ocrx_word' id='word_1_89' title='bbox 738 1302 782 1354; x_wconf 89' lang='lat' dir='ltr'><strong>si</strong></span> <span class='ocrx_word' id='word_1_90' title='bbox 811 1301 877 1354; x_wconf 91' lang='lat' dir='ltr'><strong>ad</strong></span> <span class='ocrx_word' id='word_1_91' title='bbox 921 1299 1046 1353; x_wconf 90' lang='lat' dir='ltr'><strong>illud</strong></span> <span class='ocrx_word' id='word_1_92' title='bbox 1092 1299 1285 1352; x_wconf 90' lang='lat' dir='ltr'><strong>bonum</strong></span> <span class='ocrx_word' id='word_1_93' title='bbox 1319 1300 1483 1367; x_wconf 81' lang='lat' dir='ltr'><strong>parati</strong></span> <span class='ocrx_word' id='word_1_94' title='bbox 1510 1297 1648 1352; x_wconf 87' lang='lat' dir='ltr'><strong>sitis.</strong></span> <span class='ocrx_word' id='word_1_95' title='bbox 1677 1296 1780 1352; x_wconf 90' lang='lat' dir='ltr'><strong>Sed</strong></span> <span class='ocrx_word' id='word_1_96' title='bbox 1805 1297 1906 1351; x_wconf 90' lang='lat' dir='ltr'><strong>hoc</strong></span> 
     </span>
    </p>
   </div>
   <div class='ocr_carea' id='block_1_13' title="bbox 339 1392 1910 1463">
    <p class='ocr_par' dir='ltr' id='par_1_13' title="bbox 339 1392 1910 1463">
     <span class='ocr_line' id='line_1_13' title="bbox 339 1392 1910 1463; baseline -0.002 -15"><span class='ocrx_word' id='word_1_97' title='bbox 339 1396 390 1448; x_wconf 91' lang='lat' dir='ltr'><strong>in</strong></span> <span class='ocrx_word' id='word_1_98' title='bbox 420 1395 762 1463; x_wconf 83' lang='lat' dir='ltr'><strong>sequentibus</strong></span> <span class='ocrx_word' id='word_1_99' title='bbox 784 1392 1036 1457; x_wconf 85' lang='lat' dir='ltr'><strong>ostendit,</strong></span> <span class='ocrx_word' id='word_1_100' title='bbox 1065 1394 1382 1460; x_wconf 84' lang='lat' dir='ltr'><strong>interimque</strong></span> <span class='ocrx_word' id='word_1_101' title='bbox 1400 1392 1524 1445; x_wconf 90' lang='lat' dir='ltr'><strong>illud</strong></span> <span class='ocrx_word' id='word_1_102' title='bbox 1551 1408 1648 1445; x_wconf 90' lang='lat' dir='ltr'><strong>una</strong></span> <span class='ocrx_word' id='word_1_103' title='bbox 1672 1407 1737 1446; x_wconf 83' lang='lat' dir='ltr'><strong>ex</strong></span> <span class='ocrx_word' id='word_1_104' title='bbox 1762 1401 1910 1460; x_wconf 89' lang='lat' dir='ltr'><strong>parte</strong></span> 
     </span>
    </p>
   </div>
   <div class='ocr_carea' id='block_1_14' title="bbox 339 1485 1898 1554">
    <p class='ocr_par' dir='ltr' id='par_1_14' title="bbox 339 1485 1898 1554">
     <span class='ocr_line' id='line_1_14' title="bbox 339 1485 1898 1554; baseline -0.003 -14"><span class='ocrx_word' id='word_1_105' title='bbox 339 1489 624 1541; x_wconf 84' lang='lat' dir='ltr'><strong>cxaininat.</strong></span> <span class='ocrx_word' id='word_1_106' title='bbox 658 1491 730 1540; x_wconf 83' lang='lat' dir='ltr'><strong>Ac</strong></span> <span class='ocrx_word' id='word_1_107' title='bbox 755 1487 868 1540; x_wconf 75' lang='lat' dir='ltr'><strong>vide</strong></span> <span class='ocrx_word' id='word_1_108' title='bbox 893 1486 1162 1554; x_wconf 89' lang='lat' dir='ltr'><strong>quomodo</strong></span> <span class='ocrx_word' id='word_1_109' title='bbox 1183 1485 1377 1538; x_wconf 88' lang='lat' dir='ltr'><strong>nullam</strong></span> <span class='ocrx_word' id='word_1_110' title='bbox 1411 1485 1647 1551; x_wconf 80' lang='lat' dir='ltr'><strong>imponat</strong></span> <span class='ocrx_word' id='word_1_111' title='bbox 1668 1485 1898 1538; x_wconf 67' lang='lat' dir='ltr'><strong>necessi-</strong></span> 
     </span>
    </p>
   </div>
   <div class='ocr_carea' id='block_1_15' title="bbox 339 1576 1909 1646">
    <p class='ocr_par' dir='ltr' id='par_1_15' title="bbox 339 1576 1909 1646">
     <span class='ocr_line' id='line_1_15' title="bbox 339 1576 1909 1646; baseline -0.003 -14"><span class='ocrx_word' id='word_1_112' title='bbox 339 1589 520 1632; x_wconf 83' lang='lat' dir='ltr'><strong>latem.</strong></span> <span class='ocrx_word' id='word_1_113' title='bbox 552 1577 735 1646; x_wconf 77' lang='lat' dir='ltr'><strong>Neque</strong></span> <span class='ocrx_word' id='word_1_114' title='bbox 762 1577 902 1631; x_wconf 89' lang='lat' dir='ltr'><strong>enim</strong></span> <span class='ocrx_word' id='word_1_115' title='bbox 924 1578 1077 1640; x_wconf 81' lang='lat' dir='ltr'><strong>dixit,</strong></span> <span class='ocrx_word' id='word_1_116' title='bbox 1110 1577 1323 1640; x_wconf 74' lang='lat' dir='ltr'><strong>Velitis,</strong></span> <span class='ocrx_word' id='word_1_117' title='bbox 1355 1577 1554 1639; x_wconf 88' lang='lat' dir='ltr'><strong>nolitis,</strong></span> <span class='ocrx_word' id='word_1_118' title='bbox 1588 1576 1636 1628; x_wconf 91' lang='lat' dir='ltr'><strong>id</strong></span> <span class='ocrx_word' id='word_1_119' title='bbox 1679 1589 1773 1626; x_wconf 76' lang='lat' dir='ltr'><strong>vos</strong></span> <span class='ocrx_word' id='word_1_120' title='bbox 1807 1578 1909 1642; x_wconf 86' lang='lat' dir='ltr'><strong>pati</strong></span> 
     </span>
    </p>
   </div>
   <div class='ocr_carea' id='block_1_16' title="bbox 337 1667 1907 1739">
    <p class='ocr_par' dir='ltr' id='par_1_16' title="bbox 337 1667 1907 1739">
     <span class='ocr_line' id='line_1_16' title="bbox 337 1667 1907 1739; baseline 0 -21"><span class='ocrx_word' id='word_1_121' title='bbox 337 1678 546 1738; x_wconf 84' lang='lat' dir='ltr'><strong>oportet</strong></span> <span class='ocrx_word' id='word_1_122' title='bbox 577 1685 591 1722; x_wconf 85' lang='lat'><strong><em>:</em></strong></span> <span class='ocrx_word' id='word_1_123' title='bbox 643 1668 735 1722; x_wconf 88' lang='lat' dir='ltr'><strong>sed</strong></span> <span class='ocrx_word' id='word_1_124' title='bbox 775 1668 1085 1739; x_wconf 83' lang='lat' dir='ltr'><strong>quomodo?</strong></span> <span class='ocrx_word' id='word_1_125' title='bbox 1114 1668 1172 1722; x_wconf 85' lang='lat' dir='ltr'><strong>Si</strong></span> <span class='ocrx_word' id='word_1_126' title='bbox 1198 1668 1309 1735; x_wconf 86' lang='lat' dir='ltr'><strong>quis</strong></span> <span class='ocrx_word' id='word_1_127' title='bbox 1351 1667 1455 1720; x_wconf 83' lang='lat' dir='ltr'><strong>vult</strong></span> <span class='ocrx_word' id='word_1_128' title='bbox 1483 1676 1593 1735; x_wconf 88' lang='lat' dir='ltr'><strong>post</strong></span> <span class='ocrx_word' id='word_1_129' title='bbox 1622 1683 1697 1718; x_wconf 87' lang='lat' dir='ltr'><strong>me</strong></span> <span class='ocrx_word' id='word_1_130' title='bbox 1724 1667 1907 1718; x_wconf 74' lang='lat' dir='ltr'><strong>venire.</strong></span> 
     </span>
    </p>
   </div>
   <div class='ocr_carea' id='block_1_17' title="bbox 338 1757 1879 1825">
    <p class='ocr_par' dir='ltr' id='par_1_17' title="bbox 338 1757 1879 1825">
     <span class='ocr_line' id='line_1_17' title="bbox 338 1757 1879 1825; baseline -0.001 -15"><span class='ocrx_word' id='word_1_131' title='bbox 338 1759 449 1818; x_wconf 57' lang='lat' dir='ltr'><strong>Non</strong></span> <span class='ocrx_word' id='word_1_132' title='bbox 483 1761 585 1812; x_wconf 97' lang='lat' dir='ltr'><strong>vim</strong></span> <span class='ocrx_word' id='word_1_133' title='bbox 617 1759 805 1820; x_wconf 77' lang='lat' dir='ltr'><strong>infero,</strong></span> <span class='ocrx_word' id='word_1_134' title='bbox 833 1775 934 1811; x_wconf 88' lang='lat' dir='ltr'><strong>uou</strong></span> <span class='ocrx_word' id='word_1_135' title='bbox 960 1759 1326 1812; x_wconf 74' lang='lat' dir='ltr'><strong>necessitatem</strong></span> <span class='ocrx_word' id='word_1_136' title='bbox 1347 1759 1579 1825; x_wconf 81' lang='lat' dir='ltr'><strong>impono,</strong></span> <span class='ocrx_word' id='word_1_137' title='bbox 1608 1757 1698 1810; x_wconf 91' lang='lat' dir='ltr'><strong>sed</strong></span> <span class='ocrx_word' id='word_1_138' title='bbox 1724 1757 1879 1809; x_wconf 90' lang='lat' dir='ltr'><strong>unius</strong></span> 
     </span>
    </p>
   </div>
   <div class='ocr_carea' id='block_1_18' title="bbox 339 1849 1912 1919">
    <p class='ocr_par' dir='ltr' id='par_1_18' title="bbox 339 1849 1912 1919">
     <span class='ocr_line' id='line_1_18' title="bbox 339 1849 1912 1919; baseline 0 -17"><span class='ocrx_word' id='word_1_139' title='bbox 339 1852 597 1918; x_wconf 74' lang='lat' dir='ltr'><strong>cujusque</strong></span> <span class='ocrx_word' id='word_1_140' title='bbox 639 1852 860 1905; x_wconf 89' lang='lat' dir='ltr'><strong>arbitrio</strong></span> <span class='ocrx_word' id='word_1_141' title='bbox 915 1852 966 1905; x_wconf 92' lang='lat' dir='ltr'><strong>id</strong></span> <span class='ocrx_word' id='word_1_142' title='bbox 1013 1852 1256 1919; x_wconf 86' lang='lat' dir='ltr'><strong>relinquo</strong></span> <span class='ocrx_word' id='word_1_143' title='bbox 1289 1868 1302 1902; x_wconf 91' lang='lat'><strong>:</strong></span> <span class='ocrx_word' id='word_1_144' title='bbox 1333 1850 1452 1904; x_wconf 89' lang='lat' dir='ltr'><strong>ideo</strong></span> <span class='ocrx_word' id='word_1_145' title='bbox 1503 1850 1662 1913; x_wconf 92' lang='lat' dir='ltr'><strong>dico,</strong></span> <span class='ocrx_word' id='word_1_146' title='bbox 1699 1849 1758 1902; x_wconf 87' lang='lat' dir='ltr'><strong>Si</strong></span> <span class='ocrx_word' id='word_1_147' title='bbox 1800 1850 1912 1918; x_wconf 81' lang='lat' dir='ltr'><strong>quis</strong></span> 
     </span>
    </p>
   </div>
   <div class='ocr_carea' id='block_1_19' title="bbox 337 1941 1906 2008">
    <p class='ocr_par' dir='ltr' id='par_1_19' title="bbox 337 1941 1906 2008">
     <span class='ocr_line' id='line_1_19' title="bbox 337 1941 1906 2008; baseline -0.002 -12"><span class='ocrx_word' id='word_1_148' title='bbox 337 1945 462 1996; x_wconf 77' lang='lat' dir='ltr'><strong>vult.</strong></span> <span class='ocrx_word' id='word_1_149' title='bbox 498 1943 576 1998; x_wconf 75' lang='lat' dir='ltr'><strong>Ad</strong></span> <span class='ocrx_word' id='word_1_150' title='bbox 603 1943 739 1997; x_wconf 88' lang='lat' dir='ltr'><strong>bona</strong></span> <span class='ocrx_word' id='word_1_151' title='bbox 763 1957 920 2008; x_wconf 88' lang='lat' dir='ltr'><strong>voco;</strong></span> <span class='ocrx_word' id='word_1_152' title='bbox 956 1959 1060 1996; x_wconf 90' lang='lat' dir='ltr'><strong>non</strong></span> <span class='ocrx_word' id='word_1_153' title='bbox 1087 1943 1154 1996; x_wconf 90' lang='lat' dir='ltr'><strong>ad</strong></span> <span class='ocrx_word' id='word_1_154' title='bbox 1183 1943 1318 1995; x_wconf 89' lang='lat' dir='ltr'><strong>mala</strong></span> <span class='ocrx_word' id='word_1_155' title='bbox 1345 1952 1399 1997; x_wconf 91' lang='lat' dir='ltr'><strong>et</strong></span> <span class='ocrx_word' id='word_1_156' title='bbox 1422 1957 1672 2005; x_wconf 85' lang='lat' dir='ltr'><strong>onerosa,</strong></span> <span class='ocrx_word' id='word_1_157' title='bbox 1706 1957 1808 1994; x_wconf 92' lang='lat' dir='ltr'><strong>non</strong></span> <span class='ocrx_word' id='word_1_158' title='bbox 1841 1941 1906 1993; x_wconf 93' lang='lat' dir='ltr'><strong>ad</strong></span> 
     </span>
    </p>
   </div>
   <div class='ocr_carea' id='block_1_20' title="bbox 337 2033 1906 2104">
    <p class='ocr_par' dir='ltr' id='par_1_20' title="bbox 337 2033 1906 2104">
     <span class='ocr_line' id='line_1_20' title="bbox 337 2033 1906 2104; baseline -0.001 -17"><span class='ocrx_word' id='word_1_159' title='bbox 337 2034 651 2103; x_wconf 84' lang='lat' dir='ltr'><strong>supplicium</strong></span> <span class='ocrx_word' id='word_1_160' title='bbox 681 2044 734 2089; x_wconf 91' lang='lat' dir='ltr'><strong>et</strong></span> <span class='ocrx_word' id='word_1_161' title='bbox 771 2049 978 2104; x_wconf 68' lang='lat' dir='ltr'><strong>paeuas,</strong></span> <span class='ocrx_word' id='word_1_162' title='bbox 1003 2045 1060 2087; x_wconf 93' lang='lat' dir='ltr'><strong>ut</strong></span> <span class='ocrx_word' id='word_1_163' title='bbox 1087 2049 1293 2104; x_wconf 80' lang='lat' dir='ltr'><strong>cogam.</strong></span> <span class='ocrx_word' id='word_1_164' title='bbox 1323 2033 1450 2086; x_wconf 85' lang='lat' dir='ltr'><strong>Nam</strong></span> <span class='ocrx_word' id='word_1_165' title='bbox 1483 2034 1594 2102; x_wconf 88' lang='lat' dir='ltr'><strong>ipsa</strong></span> <span class='ocrx_word' id='word_1_166' title='bbox 1623 2036 1694 2086; x_wconf 87' lang='lat' dir='ltr'><strong>rei</strong></span> <span class='ocrx_word' id='word_1_167' title='bbox 1721 2045 1906 2085; x_wconf 90' lang='lat' dir='ltr'><strong>natura</strong></span> 
     </span>
    </p>
   </div>
   <div class='ocr_carea' id='block_1_21' title="bbox 341 2126 1905 2198">
    <p class='ocr_par' dir='ltr' id='par_1_21' title="bbox 341 2126 1905 2198">
     <span class='ocr_line' id='line_1_21' title="bbox 341 2126 1905 2198; baseline 0.001 -21"><span class='ocrx_word' id='word_1_168' title='bbox 341 2137 510 2196; x_wconf 78' lang='lat' dir='ltr'><strong>potest</strong></span> <span class='ocrx_word' id='word_1_169' title='bbox 534 2127 599 2181; x_wconf 91' lang='lat' dir='ltr'><strong>ad</strong></span> <span class='ocrx_word' id='word_1_170' title='bbox 630 2126 679 2180; x_wconf 91' lang='lat' dir='ltr'><strong>id</strong></span> <span class='ocrx_word' id='word_1_171' title='bbox 719 2127 1047 2197; x_wconf 81' lang='lat' dir='ltr'><strong>pertrahere.</strong></span> <span class='ocrx_word' id='word_1_172' title='bbox 1080 2127 1199 2180; x_wconf 64' lang='lat' dir='ltr'><strong>llarc</strong></span> <span class='ocrx_word' id='word_1_173' title='bbox 1230 2143 1391 2198; x_wconf 89' lang='lat' dir='ltr'><strong>porro</strong></span> <span class='ocrx_word' id='word_1_174' title='bbox 1418 2127 1600 2180; x_wconf 89' lang='lat' dir='ltr'><strong>dicens</strong></span> <span class='ocrx_word' id='word_1_175' title='bbox 1631 2128 1800 2193; x_wconf 70' lang='lat' dir='ltr'><strong>magis</strong></span> <span class='ocrx_word' id='word_1_176' title='bbox 1825 2127 1874 2179; x_wconf 90' lang='lat' dir='ltr'><strong>al</strong></span> <span class='ocrx_word' id='word_1_177' title='bbox 1893 2159 1905 2167; x_wconf 91' lang='lat'><strong>-</strong></span> 
     </span>
    </p>
   </div>
   <div class='ocr_carea' id='block_1_22' title="bbox 340 2217 1920 2288">
    <p class='ocr_par' dir='ltr' id='par_1_22' title="bbox 340 2217 1920 2288">
     <span class='ocr_line' id='line_1_22' title="bbox 340 2217 1920 2288; baseline -0.003 -12"><span class='ocrx_word' id='word_1_178' title='bbox 340 2218 570 2276; x_wconf 88' lang='lat' dir='ltr'><strong>liciebat.</strong></span> <span class='ocrx_word' id='word_1_179' title='bbox 601 2217 732 2274; x_wconf 82' lang='lat' dir='ltr'><strong>Nam</strong></span> <span class='ocrx_word' id='word_1_180' title='bbox 765 2219 853 2287; x_wconf 90' lang='lat' dir='ltr'><strong>qui</strong></span> <span class='ocrx_word' id='word_1_181' title='bbox 881 2219 984 2272; x_wconf 86' lang='lat' dir='ltr'><strong>vim</strong></span> <span class='ocrx_word' id='word_1_182' title='bbox 1012 2217 1192 2283; x_wconf 82' lang='lat' dir='ltr'><strong>infert,</strong></span> <span class='ocrx_word' id='word_1_183' title='bbox 1222 2235 1362 2288; x_wconf 67' lang='lat' dir='ltr'><strong>Stepe</strong></span> <span class='ocrx_word' id='word_1_184' title='bbox 1398 2220 1629 2283; x_wconf 87' lang='lat' dir='ltr'><strong>avertit;</strong></span> <span class='ocrx_word' id='word_1_185' title='bbox 1663 2221 1748 2287; x_wconf 91' lang='lat' dir='ltr'><strong>qui</strong></span> <span class='ocrx_word' id='word_1_186' title='bbox 1784 2236 1920 2272; x_wconf 81' lang='lat' dir='ltr'><strong>vero.</strong></span> 
     </span>
    </p>
   </div>
   <div class='ocr_carea' id='block_1_23' title="bbox 339 2309 1908 2383">
    <p class='ocr_par' dir='ltr' id='par_1_23' title="bbox 339 2309 1908 2383">
     <span class='ocr_line' id='line_1_23' title="bbox 339 2309 1908 2383; baseline -0.001 -19"><span class='ocrx_word' id='word_1_187' title='bbox 339 2326 449 2364; x_wconf 89' lang='lat' dir='ltr'><strong>rem</strong></span> <span class='ocrx_word' id='word_1_188' title='bbox 480 2310 736 2365; x_wconf 85' lang='lat' dir='ltr'><strong>auditoris</strong></span> <span class='ocrx_word' id='word_1_189' title='bbox 774 2309 993 2383; x_wconf 83' lang='lat' dir='ltr'><strong>arbitrio</strong></span> <span class='ocrx_word' id='word_1_190' title='bbox 1021 2311 1270 2380; x_wconf 84' lang='lat' dir='ltr'><strong>relinquit</strong></span> <span class='ocrx_word' id='word_1_191' title='bbox 1291 2352 1304 2372; x_wconf 88' lang='lat'><strong>,</strong></span> <span class='ocrx_word' id='word_1_192' title='bbox 1335 2312 1501 2381; x_wconf 81' lang='lat' dir='ltr'><strong>magis</strong></span> <span class='ocrx_word' id='word_1_193' title='bbox 1530 2313 1780 2383; x_wconf 79' lang='lat' dir='ltr'><strong>attrahit;</strong></span> <span class='ocrx_word' id='word_1_194' title='bbox 1813 2329 1908 2381; x_wconf 92' lang='lat' dir='ltr'><strong>po-</strong></span> 
     </span>
    </p>
   </div>
   <div class='ocr_carea' id='block_1_24' title="bbox 339 2381 1906 2472">
    <p class='ocr_par' dir='ltr' id='par_1_24' title="bbox 339 2381 1906 2472">
     <span class='ocr_line' id='line_1_24' title="bbox 339 2381 1906 2472; baseline 0 -16"><span class='ocrx_word' id='word_1_195' title='bbox 339 2403 534 2456; x_wconf 88' lang='lat' dir='ltr'><strong>tentior</strong></span> <span class='ocrx_word' id='word_1_196' title='bbox 555 2403 747 2472; x_wconf 88' lang='lat' dir='ltr'><strong>quippe</strong></span> <span class='ocrx_word' id='word_1_197' title='bbox 769 2381 851 2457; x_wconf 80' lang='lat' dir='ltr'><strong>est</strong></span> <span class='ocrx_word' id='word_1_198' title='bbox 871 2404 1013 2456; x_wconf 92' lang='lat' dir='ltr'><strong>mitis</strong></span> <span class='ocrx_word' id='word_1_199' title='bbox 1035 2403 1109 2457; x_wconf 88' lang='lat' dir='ltr'><strong>rei</strong></span> <span class='ocrx_word' id='word_1_200' title='bbox 1140 2402 1422 2471; x_wconf 85' lang='lat' dir='ltr'><strong>expositio,</strong></span> <span class='ocrx_word' id='word_1_201' title='bbox 1449 2419 1604 2471; x_wconf 89' lang='lat' dir='ltr'><strong>quam</strong></span> <span class='ocrx_word' id='word_1_202' title='bbox 1636 2381 1906 2456; x_wconf 70' lang='lat' dir='ltr'><strong>violciitia.</strong></span> 
     </span>
    </p>
   </div>
   <div class='ocr_carea' id='block_1_25' title="bbox 335 2493 1906 2566">
    <p class='ocr_par' dir='ltr' id='par_1_25' title="bbox 335 2493 1906 2566">
     <span class='ocr_line' id='line_1_25' title="bbox 335 2493 1906 2566; baseline 0.001 -18"><span class='ocrx_word' id='word_1_203' title='bbox 335 2493 460 2550; x_wconf 80' lang='lat' dir='ltr'><strong>Ideo</strong></span> <span class='ocrx_word' id='word_1_204' title='bbox 485 2495 696 2550; x_wconf 86' lang='lat' dir='ltr'><strong>dicebat</strong></span> <span class='ocrx_word' id='word_1_205' title='bbox 735 2495 853 2562; x_wconf 83' lang='lat' dir='ltr'><strong>ilie,</strong></span> <span class='ocrx_word' id='word_1_206' title='bbox 898 2494 1090 2566; x_wconf 83' lang='lat' dir='ltr'><strong>Siquis</strong></span> <span class='ocrx_word' id='word_1_207' title='bbox 1128 2495 1250 2549; x_wconf 80' lang='lat' dir='ltr'><strong>uult.</strong></span> <span class='ocrx_word' id='word_1_208' title='bbox 1295 2496 1477 2566; x_wconf 83' lang='lat' dir='ltr'><strong>Magna</strong></span> <span class='ocrx_word' id='word_1_209' title='bbox 1522 2499 1717 2566; x_wconf 88' lang='lat' dir='ltr'><strong>quippe</strong></span> <span class='ocrx_word' id='word_1_210' title='bbox 1763 2506 1906 2559; x_wconf 86' lang='lat' dir='ltr'><strong>sunt,</strong></span> 
     </span>
    </p>
   </div>
   <div class='ocr_carea' id='block_1_26' title="bbox 335 2587 1910 2656">
    <p class='ocr_par' dir='ltr' id='par_1_26' title="bbox 335 2587 1910 2656">
     <span class='ocr_line' id='line_1_26' title="bbox 335 2587 1910 2656; baseline 0 -15"><span class='ocrx_word' id='word_1_211' title='bbox 335 2587 523 2656; x_wconf 88' lang='lat' dir='ltr'><strong>inquit,</strong></span> <span class='ocrx_word' id='word_1_212' title='bbox 566 2603 685 2656; x_wconf 68' lang='lat' dir='ltr'><strong>quae</strong></span> <span class='ocrx_word' id='word_1_213' title='bbox 729 2587 883 2642; x_wconf 87' lang='lat' dir='ltr'><strong>vobis</strong></span> <span class='ocrx_word' id='word_1_214' title='bbox 926 2587 1092 2642; x_wconf 83' lang='lat' dir='ltr'><strong>offero</strong></span> <span class='ocrx_word' id='word_1_215' title='bbox 1137 2588 1296 2650; x_wconf 90' lang='lat' dir='ltr'><strong>bona,</strong></span> <span class='ocrx_word' id='word_1_216' title='bbox 1327 2596 1381 2642; x_wconf 91' lang='lat' dir='ltr'><strong>et</strong></span> <span class='ocrx_word' id='word_1_217' title='bbox 1430 2588 1573 2649; x_wconf 88' lang='lat' dir='ltr'><strong>talia,</strong></span> <span class='ocrx_word' id='word_1_218' title='bbox 1625 2598 1680 2642; x_wconf 91' lang='lat' dir='ltr'><strong>ut</strong></span> <span class='ocrx_word' id='word_1_219' title='bbox 1728 2589 1792 2640; x_wconf 90' lang='lat' dir='ltr'><strong>ad</strong></span> <span class='ocrx_word' id='word_1_220' title='bbox 1847 2605 1910 2641; x_wconf 90' lang='lat' dir='ltr'><strong>ea</strong></span> 
     </span>
    </p>
   </div>
   <div class='ocr_carea' id='block_1_27' title="bbox 334 2678 1899 2749">
    <p class='ocr_par' dir='ltr' id='par_1_27' title="bbox 334 2678 1899 2749">
     <span class='ocr_line' id='line_1_27' title="bbox 334 2678 1899 2749; baseline 0.001 -17"><span class='ocrx_word' id='word_1_221' title='bbox 334 2689 524 2746; x_wconf 91' lang='lat' dir='ltr'><strong>sponte</strong></span> <span class='ocrx_word' id='word_1_222' title='bbox 562 2688 826 2732; x_wconf 87' lang='lat' dir='ltr'><strong>curratur.</strong></span> <span class='ocrx_word' id='word_1_223' title='bbox 868 2678 1049 2747; x_wconf 86' lang='lat' dir='ltr'><strong>Neque</strong></span> <span class='ocrx_word' id='word_1_224' title='bbox 1092 2680 1232 2733; x_wconf 90' lang='lat' dir='ltr'><strong>enim</strong></span> <span class='ocrx_word' id='word_1_225' title='bbox 1263 2681 1306 2734; x_wconf 93' lang='lat' dir='ltr'><strong>si</strong></span> <span class='ocrx_word' id='word_1_226' title='bbox 1336 2680 1456 2749; x_wconf 90' lang='lat' dir='ltr'><strong>quis</strong></span> <span class='ocrx_word' id='word_1_227' title='bbox 1480 2695 1666 2732; x_wconf 89' lang='lat' dir='ltr'><strong>aurmn</strong></span> <span class='ocrx_word' id='word_1_228' title='bbox 1699 2681 1899 2748; x_wconf 63' lang='lat' dir='ltr'><strong>prtebe-</strong></span> 
     </span>
    </p>
   </div>
   <div class='ocr_carea' id='block_1_28' title="bbox 333 2772 1904 2841">
    <p class='ocr_par' dir='ltr' id='par_1_28' title="bbox 333 2772 1904 2841">
     <span class='ocr_line' id='line_1_28' title="bbox 333 2772 1904 2841; baseline -0.001 -15"><span class='ocrx_word' id='word_1_229' title='bbox 333 2781 439 2836; x_wconf 89' lang='lat' dir='ltr'><strong>ret,</strong></span> <span class='ocrx_word' id='word_1_230' title='bbox 470 2781 524 2826; x_wconf 90' lang='lat' dir='ltr'><strong>et</strong></span> <span class='ocrx_word' id='word_1_231' title='bbox 554 2773 857 2828; x_wconf 86' lang='lat' dir='ltr'><strong>thesaurum</strong></span> <span class='ocrx_word' id='word_1_232' title='bbox 887 2781 1196 2841; x_wconf 87' lang='lat' dir='ltr'><strong>exponeret,</strong></span> <span class='ocrx_word' id='word_1_233' title='bbox 1225 2786 1347 2826; x_wconf 90' lang='lat' dir='ltr'><strong>cum</strong></span> <span class='ocrx_word' id='word_1_234' title='bbox 1376 2772 1624 2826; x_wconf 81' lang='lat' dir='ltr'><strong>violentia</strong></span> <span class='ocrx_word' id='word_1_235' title='bbox 1653 2783 1904 2836; x_wconf 87' lang='lat' dir='ltr'><strong>vocaret;</strong></span> 
     </span>
    </p>
   </div>
   <div class='ocr_carea' id='block_1_29' title="bbox 334 2864 1908 2934">
    <p class='ocr_par' dir='ltr' id='par_1_29' title="bbox 334 2864 1908 2934">
     <span class='ocr_line' id='line_1_29' title="bbox 334 2864 1908 2934; baseline 0.001 -16"><span class='ocrx_word' id='word_1_236' title='bbox 334 2865 381 2918; x_wconf 88' lang='lat' dir='ltr'><strong>si</strong></span> <span class='ocrx_word' id='word_1_237' title='bbox 417 2880 542 2918; x_wconf 85' lang='lat' dir='ltr'><strong>vero</strong></span> <span class='ocrx_word' id='word_1_238' title='bbox 570 2864 636 2918; x_wconf 92' lang='lat' dir='ltr'><strong>ad</strong></span> <span class='ocrx_word' id='word_1_239' title='bbox 682 2864 795 2919; x_wconf 68' lang='lat' dir='ltr'><strong>hazc</strong></span> <span class='ocrx_word' id='word_1_240' title='bbox 825 2865 942 2920; x_wconf 84' lang='lat' dir='ltr'><strong>sine</strong></span> <span class='ocrx_word' id='word_1_241' title='bbox 970 2864 1218 2920; x_wconf 88' lang='lat' dir='ltr'><strong>violentia</strong></span> <span class='ocrx_word' id='word_1_242' title='bbox 1261 2864 1398 2927; x_wconf 89' lang='lat' dir='ltr'><strong>itur,</strong></span> <span class='ocrx_word' id='word_1_243' title='bbox 1427 2865 1596 2919; x_wconf 92' lang='lat' dir='ltr'><strong>multo</strong></span> <span class='ocrx_word' id='word_1_244' title='bbox 1625 2867 1791 2934; x_wconf 87' lang='lat' dir='ltr'><strong>magis</strong></span> <span class='ocrx_word' id='word_1_245' title='bbox 1839 2866 1908 2919; x_wconf 90' lang='lat' dir='ltr'><strong>ad</strong></span> 
     </span>
    </p>
   </div>
   <div class='ocr_carea' id='block_1_30' title="bbox 334 2955 1910 3027">
    <p class='ocr_par' dir='ltr' id='par_1_30' title="bbox 334 2955 1910 3027">
     <span class='ocr_line' id='line_1_30' title="bbox 334 2955 1910 3027; baseline -0.001 -15"><span class='ocrx_word' id='word_1_246' title='bbox 334 2955 566 3012; x_wconf 71' lang='lat' dir='ltr'><strong>cadestia</strong></span> <span class='ocrx_word' id='word_1_247' title='bbox 595 2957 754 3010; x_wconf 90' lang='lat' dir='ltr'><strong>bona.</strong></span> <span class='ocrx_word' id='word_1_248' title='bbox 782 2956 891 3011; x_wconf 86' lang='lat' dir='ltr'><strong>Nisi</strong></span> <span class='ocrx_word' id='word_1_249' title='bbox 931 2957 1072 3015; x_wconf 88' lang='lat' dir='ltr'><strong>enim</strong></span> <span class='ocrx_word' id='word_1_250' title='bbox 1099 2957 1211 3027; x_wconf 82' lang='lat' dir='ltr'><strong>ipsa</strong></span> <span class='ocrx_word' id='word_1_251' title='bbox 1241 2957 1316 3011; x_wconf 91' lang='lat' dir='ltr'><strong>rei</strong></span> <span class='ocrx_word' id='word_1_252' title='bbox 1353 2967 1536 3010; x_wconf 89' lang='lat' dir='ltr'><strong>natura</strong></span> <span class='ocrx_word' id='word_1_253' title='bbox 1567 2958 1659 3011; x_wconf 92' lang='lat' dir='ltr'><strong>tibi</strong></span> <span class='ocrx_word' id='word_1_254' title='bbox 1695 2973 1910 3026; x_wconf 90' lang='lat' dir='ltr'><strong>persua-</strong></span> 
     </span>
    </p>
   </div>
   <div class='ocr_carea' id='block_1_31' title="bbox 334 3046 1908 3119">
    <p class='ocr_par' dir='ltr' id='par_1_31' title="bbox 334 3046 1908 3119">
     <span class='ocr_line' id='line_1_31' title="bbox 334 3046 1908 3119; baseline 0.003 -18"><span class='ocrx_word' id='word_1_255' title='bbox 334 3046 460 3102; x_wconf 87' lang='lat' dir='ltr'><strong>deat</strong></span> <span class='ocrx_word' id='word_1_256' title='bbox 477 3056 534 3101; x_wconf 93' lang='lat' dir='ltr'><strong>ut</strong></span> <span class='ocrx_word' id='word_1_257' title='bbox 555 3062 823 3114; x_wconf 90' lang='lat' dir='ltr'><strong>accurras,</strong></span> <span class='ocrx_word' id='word_1_258' title='bbox 846 3049 955 3117; x_wconf 87' lang='lat' dir='ltr'><strong>jam</strong></span> <span class='ocrx_word' id='word_1_259' title='bbox 983 3049 1174 3118; x_wconf 84' lang='lat' dir='ltr'><strong>dignus</strong></span> <span class='ocrx_word' id='word_1_260' title='bbox 1194 3065 1297 3102; x_wconf 90' lang='lat' dir='ltr'><strong>non</strong></span> <span class='ocrx_word' id='word_1_261' title='bbox 1321 3065 1382 3104; x_wconf 91' lang='lat' dir='ltr'><strong>es</strong></span> <span class='ocrx_word' id='word_1_262' title='bbox 1406 3049 1497 3118; x_wconf 87' lang='lat' dir='ltr'><strong>qui</strong></span> <span class='ocrx_word' id='word_1_263' title='bbox 1522 3051 1783 3119; x_wconf 89' lang='lat' dir='ltr'><strong>accipias;</strong></span> <span class='ocrx_word' id='word_1_264' title='bbox 1810 3068 1908 3106; x_wconf 92' lang='lat' dir='ltr'><strong>ne-</strong></span> 
     </span>
    </p>
   </div>
   <div class='ocr_carea' id='block_1_32' title="bbox 334 3139 1903 3212">
    <p class='ocr_par' dir='ltr' id='par_1_32' title="bbox 334 3139 1903 3212">
     <span class='ocr_line' id='line_1_32' title="bbox 334 3139 1903 3212; baseline 0.001 -20"><span class='ocrx_word' id='word_1_265' title='bbox 334 3154 459 3208; x_wconf 90' lang='lat' dir='ltr'><strong>que,</strong></span> <span class='ocrx_word' id='word_1_266' title='bbox 501 3139 546 3196; x_wconf 87' lang='lat' dir='ltr'><strong>si</strong></span> <span class='ocrx_word' id='word_1_267' title='bbox 584 3141 874 3208; x_wconf 89' lang='lat' dir='ltr'><strong>acceperis,</strong></span> <span class='ocrx_word' id='word_1_268' title='bbox 925 3150 1070 3196; x_wconf 88' lang='lat' dir='ltr'><strong>recte</strong></span> <span class='ocrx_word' id='word_1_269' title='bbox 1112 3141 1250 3202; x_wconf 84' lang='lat' dir='ltr'><strong>scias</strong></span> <span class='ocrx_word' id='word_1_270' title='bbox 1275 3151 1506 3210; x_wconf 76' lang='lat' dir='ltr'><strong>acceptze</strong></span> <span class='ocrx_word' id='word_1_271' title='bbox 1552 3143 1628 3198; x_wconf 89' lang='lat' dir='ltr'><strong>rei</strong></span> <span class='ocrx_word' id='word_1_272' title='bbox 1659 3144 1903 3212; x_wconf 88' lang='lat' dir='ltr'><strong>pretium.</strong></span> 
     </span>
    </p>
   </div>
   <div class='ocr_carea' id='block_1_33' title="bbox 338 3233 1908 3306">
    <p class='ocr_par' dir='ltr' id='par_1_33' title="bbox 338 3233 1908 3306">
     <span class='ocr_line' id='line_1_33' title="bbox 338 3233 1908 3306; baseline 0.006 -23"><span class='ocrx_word' id='word_1_273' title='bbox 338 3233 460 3288; x_wconf 92' lang='lat' dir='ltr'><strong>ldeo</strong></span> <span class='ocrx_word' id='word_1_274' title='bbox 488 3249 590 3288; x_wconf 92' lang='lat' dir='ltr'><strong>non</strong></span> <span class='ocrx_word' id='word_1_275' title='bbox 617 3235 755 3305; x_wconf 80' lang='lat' dir='ltr'><strong>cogit</strong></span> <span class='ocrx_word' id='word_1_276' title='bbox 779 3234 1042 3301; x_wconf 88' lang='lat' dir='ltr'><strong>Christus,</strong></span> <span class='ocrx_word' id='word_1_277' title='bbox 1070 3234 1164 3290; x_wconf 90' lang='lat' dir='ltr'><strong>sed</strong></span> <span class='ocrx_word' id='word_1_278' title='bbox 1195 3235 1466 3300; x_wconf 83' lang='lat' dir='ltr'><strong>hortatur,</strong></span> <span class='ocrx_word' id='word_1_279' title='bbox 1507 3236 1784 3306; x_wconf 86' lang='lat' dir='ltr'><strong>indulgens</strong></span> <span class='ocrx_word' id='word_1_280' title='bbox 1811 3253 1908 3292; x_wconf 88' lang='lat' dir='ltr'><strong>no-</strong></span> 
     </span>
    </p>
   </div>
   <div class='ocr_carea' id='block_1_34' title="bbox 334 3323 1906 3392">
    <p class='ocr_par' dir='ltr' id='par_1_34' title="bbox 334 3323 1906 3392">
     <span class='ocr_line' id='line_1_34' title="bbox 334 3323 1906 3392; baseline 0.003 -14"><span class='ocrx_word' id='word_1_281' title='bbox 334 3323 438 3379; x_wconf 86' lang='lat' dir='ltr'><strong>bis.</strong></span> <span class='ocrx_word' id='word_1_282' title='bbox 460 3324 590 3392; x_wconf 87' lang='lat' dir='ltr'><strong>Quia</strong></span> <span class='ocrx_word' id='word_1_283' title='bbox 615 3329 754 3380; x_wconf 89' lang='lat' dir='ltr'><strong>enim</strong></span> <span class='ocrx_word' id='word_1_284' title='bbox 781 3327 944 3380; x_wconf 89' lang='lat' dir='ltr'><strong>multa</strong></span> <span class='ocrx_word' id='word_1_285' title='bbox 975 3327 1395 3388; x_wconf 86' lang='lat' dir='ltr'><strong>insusurrabaut.</strong></span> <span class='ocrx_word' id='word_1_286' title='bbox 1423 3342 1489 3382; x_wconf 89' lang='lat' dir='ltr'><strong>ex</strong></span> <span class='ocrx_word' id='word_1_287' title='bbox 1507 3328 1598 3380; x_wconf 90' lang='lat' dir='ltr'><strong>illo</strong></span> <span class='ocrx_word' id='word_1_288' title='bbox 1623 3329 1763 3383; x_wconf 91' lang='lat' dir='ltr'><strong>dicto</strong></span> <span class='ocrx_word' id='word_1_289' title='bbox 1792 3339 1906 3382; x_wconf 90' lang='lat' dir='ltr'><strong>tur-</strong></span> 
     </span>
    </p>
   </div>
   <div class='ocr_carea' id='block_1_35' title="bbox 335 3416 1904 3490">
    <p class='ocr_par' dir='ltr' id='par_1_35' title="bbox 335 3416 1904 3490">
     <span class='ocr_line' id='line_1_35' title="bbox 335 3416 1904 3490; baseline 0.004 -24"><span class='ocrx_word' id='word_1_290' title='bbox 335 3416 464 3479; x_wconf 87' lang='lat' dir='ltr'><strong>bati,</strong></span> <span class='ocrx_word' id='word_1_291' title='bbox 491 3417 620 3471; x_wconf 83' lang='lat' dir='ltr'><strong>dicit</strong></span> <span class='ocrx_word' id='word_1_292' title='bbox 649 3419 752 3470; x_wconf 90' lang='lat' dir='ltr'><strong>illis</strong></span> <span class='ocrx_word' id='word_1_293' title='bbox 785 3439 798 3473; x_wconf 90' lang='lat'>:</span> <span class='ocrx_word' id='word_1_294' title='bbox 831 3417 944 3472; x_wconf 88' lang='lat' dir='ltr'><strong>Non</strong></span> <span class='ocrx_word' id='word_1_295' title='bbox 973 3427 1056 3473; x_wconf 90' lang='lat' dir='ltr'><strong>est</strong></span> <span class='ocrx_word' id='word_1_296' title='bbox 1096 3433 1230 3488; x_wconf 91' lang='lat' dir='ltr'><strong>opus</strong></span> <span class='ocrx_word' id='word_1_297' title='bbox 1260 3419 1559 3473; x_wconf 88' lang='lat' dir='ltr'><strong>turbatione</strong></span> <span class='ocrx_word' id='word_1_298' title='bbox 1579 3429 1634 3474; x_wconf 89' lang='lat' dir='ltr'><strong>et</strong></span> <span class='ocrx_word' id='word_1_299' title='bbox 1657 3421 1904 3490; x_wconf 91' lang='lat' dir='ltr'><strong>strepitu.</strong></span> 
     </span>
    </p>
   </div>
   <div class='ocr_carea' id='block_1_36' title="bbox 334 3509 1910 3583">
    <p class='ocr_par' dir='ltr' id='par_1_36' title="bbox 334 3509 1910 3583">
     <span class='ocr_line' id='line_1_36' title="bbox 334 3509 1910 3583; baseline 0.003 -21"><span class='ocrx_word' id='word_1_300' title='bbox 334 3509 522 3572; x_wconf 85' lang='lat' dir='ltr'><strong>Sinon</strong></span> <span class='ocrx_word' id='word_1_301' title='bbox 570 3509 772 3579; x_wconf 89' lang='lat' dir='ltr'><strong>putatis</strong></span> <span class='ocrx_word' id='word_1_302' title='bbox 794 3509 847 3572; x_wconf 89' lang='lat' dir='ltr'><strong>id</strong></span> <span class='ocrx_word' id='word_1_303' title='bbox 877 3509 1018 3580; x_wconf 87' lang='lat' dir='ltr'><strong>quod</strong></span> <span class='ocrx_word' id='word_1_304' title='bbox 1044 3510 1195 3577; x_wconf 83' lang='lat' dir='ltr'><strong>dixi,</strong></span> <span class='ocrx_word' id='word_1_305' title='bbox 1225 3511 1273 3567; x_wconf 91' lang='lat' dir='ltr'><strong>si</strong></span> <span class='ocrx_word' id='word_1_306' title='bbox 1315 3513 1470 3568; x_wconf 85' lang='lat' dir='ltr'><strong>vobis</strong></span> <span class='ocrx_word' id='word_1_307' title='bbox 1518 3527 1735 3583; x_wconf 90' lang='lat' dir='ltr'><strong>quoque</strong></span> <span class='ocrx_word' id='word_1_308' title='bbox 1776 3527 1910 3568; x_wconf 77' lang='lat' dir='ltr'><strong>cou-</strong></span> 
     </span>
    </p>
   </div>
   <div class='ocr_carea' id='block_1_37' title="bbox 333 3603 1906 3674">
    <p class='ocr_par' dir='ltr' id='par_1_37' title="bbox 333 3603 1906 3674">
     <span class='ocr_line' id='line_1_37' title="bbox 333 3603 1906 3674; baseline 0.003 -16"><span class='ocrx_word' id='word_1_309' title='bbox 333 3614 522 3674; x_wconf 68' lang='lat' dir='ltr'><strong>tingat,</strong></span> <span class='ocrx_word' id='word_1_310' title='bbox 553 3603 1027 3659; x_wconf 88' lang='lat' dir='ltr'><strong>innumerabilium</strong></span> <span class='ocrx_word' id='word_1_311' title='bbox 1071 3605 1335 3660; x_wconf 89' lang='lat' dir='ltr'><strong>bonorum</strong></span> <span class='ocrx_word' id='word_1_312' title='bbox 1370 3621 1492 3662; x_wconf 82' lang='lat' dir='ltr'><strong>esse</strong></span> <span class='ocrx_word' id='word_1_313' title='bbox 1525 3621 1769 3672; x_wconf 89' lang='lat' dir='ltr'><strong>causam,</strong></span> <span class='ocrx_word' id='word_1_314' title='bbox 1799 3621 1906 3662; x_wconf 91' lang='lat' dir='ltr'><strong>non</strong></span> 
     </span>
    </p>
   </div>
   <div class='ocr_carea' id='block_1_38' title="bbox 332 3691 1902 3764">
    <p class='ocr_par' dir='ltr' id='par_1_38' title="bbox 332 3691 1902 3764">
     <span class='ocr_line' id='line_1_38' title="bbox 332 3691 1902 3764; baseline 0.003 -20"><span class='ocrx_word' id='word_1_315' title='bbox 332 3692 438 3746; x_wconf 81' lang='lat' dir='ltr'><strong>vim</strong></span> <span class='ocrx_word' id='word_1_316' title='bbox 469 3691 640 3746; x_wconf 88' lang='lat' dir='ltr'><strong>infero</strong></span> <span class='ocrx_word' id='word_1_317' title='bbox 659 3734 676 3756; x_wconf 94' lang='lat'><strong>,</strong></span> <span class='ocrx_word' id='word_1_318' title='bbox 706 3708 809 3748; x_wconf 90' lang='lat' dir='ltr'><strong>non</strong></span> <span class='ocrx_word' id='word_1_319' title='bbox 837 3707 969 3764; x_wconf 81' lang='lat' dir='ltr'><strong>cogo</strong></span> <span class='ocrx_word' id='word_1_320' title='bbox 993 3734 1010 3760; x_wconf 93' lang='lat'><strong>,</strong></span> <span class='ocrx_word' id='word_1_321' title='bbox 1035 3694 1131 3748; x_wconf 89' lang='lat' dir='ltr'><strong>sed</strong></span> <span class='ocrx_word' id='word_1_322' title='bbox 1157 3710 1281 3749; x_wconf 92' lang='lat' dir='ltr'><strong>eum</strong></span> <span class='ocrx_word' id='word_1_323' title='bbox 1305 3695 1396 3764; x_wconf 91' lang='lat' dir='ltr'><strong>qui</strong></span> <span class='ocrx_word' id='word_1_324' title='bbox 1423 3696 1572 3764; x_wconf 88' lang='lat' dir='ltr'><strong>sequi</strong></span> <span class='ocrx_word' id='word_1_325' title='bbox 1599 3697 1726 3750; x_wconf 90' lang='lat' dir='ltr'><strong>velit</strong></span> <span class='ocrx_word' id='word_1_326' title='bbox 1745 3711 1902 3750; x_wconf 88' lang='lat' dir='ltr'><strong>voco.</strong></span> 
     </span>
    </p>
   </div>
   <div class='ocr_carea' id='block_1_39' title="bbox 333 3783 1905 3856">
    <p class='ocr_par' dir='ltr' id='par_1_39' title="bbox 333 3783 1905 3856">
     <span class='ocr_line' id='line_1_39' title="bbox 333 3783 1905 3856; baseline 0.003 -18"><span class='ocrx_word' id='word_1_327' title='bbox 333 3783 409 3840; x_wconf 86' lang='lat' dir='ltr'><strong>Ne</strong></span> <span class='ocrx_word' id='word_1_328' title='bbox 438 3787 631 3856; x_wconf 90' lang='lat' dir='ltr'><strong>putetis</strong></span> <span class='ocrx_word' id='word_1_329' title='bbox 661 3796 837 3840; x_wconf 81' lang='lat' dir='ltr'><strong>autem</strong></span> <span class='ocrx_word' id='word_1_330' title='bbox 873 3786 1020 3854; x_wconf 89' lang='lat' dir='ltr'><strong>sequi</strong></span> <span class='ocrx_word' id='word_1_331' title='bbox 1055 3802 1158 3850; x_wconf 90' lang='lat' dir='ltr'><strong>me,</strong></span> <span class='ocrx_word' id='word_1_332' title='bbox 1179 3787 1311 3840; x_wconf 92' lang='lat' dir='ltr'><strong>illud</strong></span> <span class='ocrx_word' id='word_1_333' title='bbox 1333 3803 1451 3840; x_wconf 86' lang='lat' dir='ltr'><strong>esse</strong></span> <span class='ocrx_word' id='word_1_334' title='bbox 1479 3787 1622 3856; x_wconf 90' lang='lat' dir='ltr'><strong>quod</strong></span> <span class='ocrx_word' id='word_1_335' title='bbox 1645 3803 1740 3841; x_wconf 87' lang='lat' dir='ltr'><strong>vos</strong></span> <span class='ocrx_word' id='word_1_336' title='bbox 1762 3803 1905 3843; x_wconf 89' lang='lat' dir='ltr'><strong>nunc</strong></span> 
     </span>
    </p>
   </div>
   <div class='ocr_carea' id='block_1_40' title="bbox 333 3877 1905 3947">
    <p class='ocr_par' dir='ltr' id='par_1_40' title="bbox 333 3877 1905 3947">
     <span class='ocr_line' id='line_1_40' title="bbox 333 3877 1905 3947; baseline 0.001 -17"><span class='ocrx_word' id='word_1_337' title='bbox 333 3877 521 3940; x_wconf 82' lang='lat' dir='ltr'><strong>facitis,</strong></span> <span class='ocrx_word' id='word_1_338' title='bbox 552 3893 672 3934; x_wconf 89' lang='lat' dir='ltr'><strong>cum</strong></span> <span class='ocrx_word' id='word_1_339' title='bbox 705 3893 789 3933; x_wconf 90' lang='lat' dir='ltr'><strong>me</strong></span> <span class='ocrx_word' id='word_1_340' title='bbox 818 3877 1118 3947; x_wconf 89' lang='lat' dir='ltr'><strong>sequimini.</strong></span> <span class='ocrx_word' id='word_1_341' title='bbox 1139 3877 1317 3932; x_wconf 88' lang='lat' dir='ltr'><strong>Multis</strong></span> <span class='ocrx_word' id='word_1_342' title='bbox 1345 3878 1449 3933; x_wconf 87' lang='lat' dir='ltr'><strong>erit</strong></span> <span class='ocrx_word' id='word_1_343' title='bbox 1487 3879 1640 3933; x_wconf 83' lang='lat' dir='ltr'><strong>vobis</strong></span> <span class='ocrx_word' id='word_1_344' title='bbox 1663 3895 1796 3946; x_wconf 90' lang='lat' dir='ltr'><strong>opus</strong></span> <span class='ocrx_word' id='word_1_345' title='bbox 1823 3881 1905 3932; x_wconf 91' lang='lat' dir='ltr'><strong>Ia</strong></span> 
     </span>
    </p>
   </div>
   <div class='ocr_carea' id='block_1_41' title="bbox 330 3967 1900 4040">
    <p class='ocr_par' dir='ltr' id='par_1_41' title="bbox 330 3967 1900 4040">
     <span class='ocr_line' id='line_1_41' title="bbox 330 3967 1900 4040; baseline 0.001 -18"><span class='ocrx_word' id='word_1_346' title='bbox 330 3967 569 4033; x_wconf 89' lang='lat' dir='ltr'><strong>horibus,</strong></span> <span class='ocrx_word' id='word_1_347' title='bbox 616 3971 796 4023; x_wconf 90' lang='lat' dir='ltr'><strong>multis</strong></span> <span class='ocrx_word' id='word_1_348' title='bbox 840 3971 1090 4039; x_wconf 89' lang='lat' dir='ltr'><strong>periculis</strong></span> <span class='ocrx_word' id='word_1_349' title='bbox 1141 3969 1185 4024; x_wconf 90' lang='lat' dir='ltr'><strong>si</strong></span> <span class='ocrx_word' id='word_1_350' title='bbox 1234 3979 1354 4040; x_wconf 92' lang='lat' dir='ltr'><strong>post</strong></span> <span class='ocrx_word' id='word_1_351' title='bbox 1392 3985 1476 4025; x_wconf 92' lang='lat' dir='ltr'><strong>me</strong></span> <span class='ocrx_word' id='word_1_352' title='bbox 1523 3973 1732 4024; x_wconf 92' lang='lat' dir='ltr'><strong>venturi</strong></span> <span class='ocrx_word' id='word_1_353' title='bbox 1762 3973 1900 4025; x_wconf 90' lang='lat' dir='ltr'><strong>sitis.</strong></span> 
     </span>
    </p>
   </div>
   <div class='ocr_carea' id='block_1_42' title="bbox 333 4059 1896 4130">
    <p class='ocr_par' dir='ltr' id='par_1_42' title="bbox 333 4059 1896 4130">
     <span class='ocr_line' id='line_1_42' title="bbox 333 4059 1896 4130; baseline 0.001 -18"><span class='ocrx_word' id='word_1_354' title='bbox 333 4059 445 4114; x_wconf 84' lang='lat' dir='ltr'><strong>Non</strong></span> <span class='ocrx_word' id='word_1_355' title='bbox 476 4061 638 4122; x_wconf 88' lang='lat' dir='ltr'><strong>enim,</strong></span> <span class='ocrx_word' id='word_1_356' title='bbox 669 4078 700 4113; x_wconf 94' lang='lat' dir='ltr'><strong>o</strong></span> <span class='ocrx_word' id='word_1_357' title='bbox 727 4061 904 4124; x_wconf 86' lang='lat' dir='ltr'><strong>Petre,</strong></span> <span class='ocrx_word' id='word_1_358' title='bbox 929 4064 1047 4130; x_wconf 90' lang='lat' dir='ltr'><strong>quia</strong></span> <span class='ocrx_word' id='word_1_359' title='bbox 1075 4077 1217 4115; x_wconf 85' lang='lat' dir='ltr'><strong>nunc</strong></span> <span class='ocrx_word' id='word_1_360' title='bbox 1244 4077 1331 4116; x_wconf 89' lang='lat' dir='ltr'><strong>me</strong></span> <span class='ocrx_word' id='word_1_361' title='bbox 1357 4061 1548 4115; x_wconf 89' lang='lat' dir='ltr'><strong>Filium</strong></span> <span class='ocrx_word' id='word_1_362' title='bbox 1573 4063 1662 4116; x_wconf 82' lang='lat' dir='ltr'><strong>Dei</strong></span> <span class='ocrx_word' id='word_1_363' title='bbox 1693 4063 1896 4116; x_wconf 12' lang='lat' dir='ltr'><strong>confes.</strong></span> 
     </span>
    </p>
   </div>
   <div class='ocr_carea' id='block_1_43' title="bbox 331 4151 1905 4224">
    <p class='ocr_par' dir='ltr' id='par_1_43' title="bbox 331 4151 1905 4224">
     <span class='ocr_line' id='line_1_43' title="bbox 331 4151 1905 4224; baseline 0.002 -20"><span class='ocrx_word' id='word_1_364' title='bbox 331 4166 423 4205; x_wconf 88' lang='lat' dir='ltr'><strong>sus</strong></span> <span class='ocrx_word' id='word_1_365' title='bbox 445 4168 522 4215; x_wconf 92' lang='lat' dir='ltr'><strong>es,</strong></span> <span class='ocrx_word' id='word_1_366' title='bbox 548 4151 668 4206; x_wconf 89' lang='lat' dir='ltr'><strong>ideo</strong></span> <span class='ocrx_word' id='word_1_367' title='bbox 691 4162 889 4206; x_wconf 88' lang='lat' dir='ltr'><strong>tantum</strong></span> <span class='ocrx_word' id='word_1_368' title='bbox 917 4154 1080 4207; x_wconf 91' lang='lat' dir='ltr'><strong>debes</strong></span> <span class='ocrx_word' id='word_1_369' title='bbox 1105 4169 1333 4208; x_wconf 88' lang='lat' dir='ltr'><strong>coronas</strong></span> <span class='ocrx_word' id='word_1_370' title='bbox 1354 4162 1693 4224; x_wconf 81' lang='lat' dir='ltr'><strong>exspectare,</strong></span> <span class='ocrx_word' id='word_1_371' title='bbox 1724 4165 1777 4208; x_wconf 90' lang='lat' dir='ltr'><strong>et</strong></span> <span class='ocrx_word' id='word_1_372' title='bbox 1809 4172 1905 4222; x_wconf 87' lang='lat' dir='ltr'><strong>pu-</strong></span> 
     </span>
    </p>
   </div>
   <div class='ocr_carea' id='block_1_44' title="bbox 332 4242 1903 4315">
    <p class='ocr_par' dir='ltr' id='par_1_44' title="bbox 332 4242 1903 4315">
     <span class='ocr_line' id='line_1_44' title="bbox 332 4242 1903 4315; baseline 0.003 -20"><span class='ocrx_word' id='word_1_373' title='bbox 332 4255 442 4297; x_wconf 84' lang='lat' dir='ltr'><strong>tare</strong></span> <span class='ocrx_word' id='word_1_374' title='bbox 469 4245 519 4297; x_wconf 89' lang='lat' dir='ltr'><strong>id</strong></span> <span class='ocrx_word' id='word_1_375' title='bbox 566 4243 660 4300; x_wconf 83' lang='lat' dir='ltr'><strong>tibi</strong></span> <span class='ocrx_word' id='word_1_376' title='bbox 708 4258 828 4298; x_wconf 89' lang='lat' dir='ltr'><strong>esse</strong></span> <span class='ocrx_word' id='word_1_377' title='bbox 853 4242 919 4296; x_wconf 91' lang='lat' dir='ltr'><strong>ad</strong></span> <span class='ocrx_word' id='word_1_378' title='bbox 966 4244 1192 4298; x_wconf 85' lang='lat' dir='ltr'><strong>salutem</strong></span> <span class='ocrx_word' id='word_1_379' title='bbox 1221 4245 1383 4311; x_wconf 91' lang='lat' dir='ltr'><strong>satis,</strong></span> <span class='ocrx_word' id='word_1_380' title='bbox 1413 4255 1572 4314; x_wconf 88' lang='lat' dir='ltr'><strong>atque</strong></span> <span class='ocrx_word' id='word_1_381' title='bbox 1618 4247 1903 4315; x_wconf 83' lang='lat' dir='ltr'><strong>tranquille</strong></span> 
     </span>
    </p>
   </div>
   <div class='ocr_carea' id='block_1_45' title="bbox 332 4337 1900 4406">
    <p class='ocr_par' dir='ltr' id='par_1_45' title="bbox 332 4337 1900 4406">
     <span class='ocr_line' id='line_1_45' title="bbox 332 4337 1900 4406; baseline 0.003 -18"><span class='ocrx_word' id='word_1_382' title='bbox 332 4346 512 4404; x_wconf 87' lang='lat' dir='ltr'><strong>postea</strong></span> <span class='ocrx_word' id='word_1_383' title='bbox 539 4337 756 4406; x_wconf 83' lang='lat' dir='ltr'><strong>degere,</strong></span> <span class='ocrx_word' id='word_1_384' title='bbox 786 4352 848 4390; x_wconf 92' lang='lat' dir='ltr'><strong>ac</strong></span> <span class='ocrx_word' id='word_1_385' title='bbox 878 4337 920 4390; x_wconf 93' lang='lat' dir='ltr'><strong>si</strong></span> <span class='ocrx_word' id='word_1_386' title='bbox 952 4345 1116 4390; x_wconf 93' lang='lat' dir='ltr'><strong>totum</strong></span> <span class='ocrx_word' id='word_1_387' title='bbox 1146 4337 1451 4406; x_wconf 79' lang='lat' dir='ltr'><strong>perfeceris.</strong></span> <span class='ocrx_word' id='word_1_388' title='bbox 1477 4338 1700 4392; x_wconf 88' lang='lat' dir='ltr'><strong>Possum</strong></span> <span class='ocrx_word' id='word_1_389' title='bbox 1731 4339 1900 4403; x_wconf 91' lang='lat' dir='ltr'><strong>enim,</strong></span> 
     </span>
    </p>
   </div>
   <div class='ocr_carea' id='block_1_46' title="bbox 331 4429 1903 4499">
    <p class='ocr_par' dir='ltr' id='par_1_46' title="bbox 331 4429 1903 4499">
     <span class='ocr_line' id='line_1_46' title="bbox 331 4429 1903 4499; baseline 0.001 -16"><span class='ocrx_word' id='word_1_390' title='bbox 331 4439 510 4499; x_wconf 89' lang='lat' dir='ltr'><strong>utpote</strong></span> <span class='ocrx_word' id='word_1_391' title='bbox 544 4429 635 4485; x_wconf 89' lang='lat' dir='ltr'><strong>Dei</strong></span> <span class='ocrx_word' id='word_1_392' title='bbox 673 4429 857 4492; x_wconf 89' lang='lat' dir='ltr'><strong>Filius,</strong></span> <span class='ocrx_word' id='word_1_393' title='bbox 895 4439 945 4484; x_wconf 92' lang='lat' dir='ltr'><strong>te</strong></span> <span class='ocrx_word' id='word_1_394' title='bbox 991 4446 1018 4482; x_wconf 93' lang='lat' dir='ltr'><strong>a</strong></span> <span class='ocrx_word' id='word_1_395' title='bbox 1069 4431 1329 4485; x_wconf 90' lang='lat' dir='ltr'><strong>malorum</strong></span> <span class='ocrx_word' id='word_1_396' title='bbox 1374 4432 1740 4499; x_wconf 85' lang='lat' dir='ltr'><strong>experimento</strong></span> <span class='ocrx_word' id='word_1_397' title='bbox 1788 4433 1903 4485; x_wconf 58' lang='lat' dir='ltr'><strong>exi.</strong></span> 
     </span>
    </p>
   </div>
   <div class='ocr_carea' id='block_1_47' title="bbox 331 4521 1905 4590">
    <p class='ocr_par' dir='ltr' id='par_1_47' title="bbox 331 4521 1905 4590">
     <span class='ocr_line' id='line_1_47' title="bbox 331 4521 1905 4590; baseline 0.003 -16"><span class='ocrx_word' id='word_1_398' title='bbox 331 4537 510 4587; x_wconf 87' lang='lat' dir='ltr'><strong>mere;</strong></span> <span class='ocrx_word' id='word_1_399' title='bbox 564 4521 690 4576; x_wconf 92' lang='lat' dir='ltr'><strong>nolo</strong></span> <span class='ocrx_word' id='word_1_400' title='bbox 715 4530 894 4576; x_wconf 88' lang='lat' dir='ltr'><strong>autem</strong></span> <span class='ocrx_word' id='word_1_401' title='bbox 939 4521 1013 4575; x_wconf 91' lang='lat' dir='ltr'><strong>tui</strong></span> <span class='ocrx_word' id='word_1_402' title='bbox 1045 4523 1212 4590; x_wconf 85' lang='lat' dir='ltr'><strong>gratia</strong></span> <span class='ocrx_word' id='word_1_403' title='bbox 1241 4563 1256 4587; x_wconf 89' lang='lat'><strong>,</strong></span> <span class='ocrx_word' id='word_1_404' title='bbox 1300 4530 1431 4578; x_wconf 91' lang='lat' dir='ltr'><strong>utet</strong></span> <span class='ocrx_word' id='word_1_405' title='bbox 1459 4522 1575 4590; x_wconf 89' lang='lat' dir='ltr'><strong>ipse</strong></span> <span class='ocrx_word' id='word_1_406' title='bbox 1613 4523 1810 4588; x_wconf 90' lang='lat' dir='ltr'><strong>aliquid</strong></span> <span class='ocrx_word' id='word_1_407' title='bbox 1836 4523 1905 4579; x_wconf 86' lang='lat' dir='ltr'><strong>de</strong></span> 
     </span>
    </p>
   </div>
   <div class='ocr_carea' id='block_1_48' title="bbox 331 4614 1904 4687">
    <p class='ocr_par' dir='ltr' id='par_1_48' title="bbox 331 4614 1904 4687">
     <span class='ocr_line' id='line_1_48' title="bbox 331 4614 1904 4687; baseline 0.003 -21"><span class='ocrx_word' id='word_1_408' title='bbox 331 4625 422 4668; x_wconf 88' lang='lat' dir='ltr'><strong>tuo</strong></span> <span class='ocrx_word' id='word_1_409' title='bbox 440 4614 705 4680; x_wconf 84' lang='lat' dir='ltr'><strong>conferas,</strong></span> <span class='ocrx_word' id='word_1_410' title='bbox 733 4630 796 4669; x_wconf 91' lang='lat' dir='ltr'><strong>ac</strong></span> <span class='ocrx_word' id='word_1_411' title='bbox 823 4614 1098 4685; x_wconf 87' lang='lat' dir='ltr'><strong>probatior</strong></span> <span class='ocrx_word' id='word_1_412' title='bbox 1139 4615 1355 4670; x_wconf 86' lang='lat' dir='ltr'><strong>evadas.</strong></span> <span class='ocrx_word' id='word_1_413' title='bbox 1397 4615 1579 4685; x_wconf 87' lang='lat' dir='ltr'><strong>Neque</strong></span> <span class='ocrx_word' id='word_1_414' title='bbox 1607 4617 1750 4672; x_wconf 91' lang='lat' dir='ltr'><strong>enim</strong></span> <span class='ocrx_word' id='word_1_415' title='bbox 1779 4633 1904 4687; x_wconf 87' lang='lat' dir='ltr'><strong>ago-</strong></span> 
     </span>
    </p>
   </div>
   <div class='ocr_carea' id='block_1_49' title="bbox 329 4706 1902 4779">
    <p class='ocr_par' dir='ltr' id='par_1_49' title="bbox 329 4706 1902 4779">
     <span class='ocr_line' id='line_1_49' title="bbox 329 4706 1902 4779; baseline 0.002 -19"><span class='ocrx_word' id='word_1_416' title='bbox 329 4707 544 4760; x_wconf 88' lang='lat' dir='ltr'><strong>notheta</strong></span> <span class='ocrx_word' id='word_1_417' title='bbox 564 4707 684 4776; x_wconf 88' lang='lat' dir='ltr'><strong>quis</strong></span> <span class='ocrx_word' id='word_1_418' title='bbox 708 4706 960 4760; x_wconf 82' lang='lat' dir='ltr'><strong>dilectum</strong></span> <span class='ocrx_word' id='word_1_419' title='bbox 982 4706 1186 4761; x_wconf 88' lang='lat' dir='ltr'><strong>habens</strong></span> <span class='ocrx_word' id='word_1_420' title='bbox 1204 4706 1478 4770; x_wconf 85' lang='lat' dir='ltr'><strong>athletam,</strong></span> <span class='ocrx_word' id='word_1_421' title='bbox 1501 4709 1631 4762; x_wconf 89' lang='lat' dir='ltr'><strong>velit</strong></span> <span class='ocrx_word' id='word_1_422' title='bbox 1651 4724 1902 4779; x_wconf 91' lang='lat' dir='ltr'><strong>umquam</strong></span> 
     </span>
    </p>
   </div>
   <div class='ocr_carea' id='block_1_50' title="bbox 330 4798 1903 4870">
    <p class='ocr_par' dir='ltr' id='par_1_50' title="bbox 330 4798 1903 4870">
     <span class='ocr_line' id='line_1_50' title="bbox 330 4798 1903 4870; baseline 0.003 -20"><span class='ocrx_word' id='word_1_423' title='bbox 330 4798 476 4851; x_wconf 89' lang='lat' dir='ltr'><strong>illum</strong></span> <span class='ocrx_word' id='word_1_424' title='bbox 507 4813 574 4852; x_wconf 87' lang='lat' dir='ltr'><strong>ex</strong></span> <span class='ocrx_word' id='word_1_425' title='bbox 617 4814 762 4851; x_wconf 85' lang='lat' dir='ltr'><strong>mera</strong></span> <span class='ocrx_word' id='word_1_426' title='bbox 803 4799 971 4867; x_wconf 88' lang='lat' dir='ltr'><strong>gratia</strong></span> <span class='ocrx_word' id='word_1_427' title='bbox 1017 4813 1293 4856; x_wconf 86' lang='lat' dir='ltr'><strong>coronare.</strong></span> <span class='ocrx_word' id='word_1_428' title='bbox 1338 4800 1430 4852; x_wconf 88' lang='lat' dir='ltr'><strong>sed</strong></span> <span class='ocrx_word' id='word_1_429' title='bbox 1471 4815 1537 4854; x_wconf 82' lang='lat' dir='ltr'><strong>ex</strong></span> <span class='ocrx_word' id='word_1_430' title='bbox 1579 4802 1808 4870; x_wconf 79' lang='lat' dir='ltr'><strong>propriis</strong></span> <span class='ocrx_word' id='word_1_431' title='bbox 1850 4800 1903 4855; x_wconf 89' lang='lat' dir='ltr'><strong>id</strong></span> 
     </span>
    </p>
   </div>
   <div class='ocr_carea' id='block_1_51' title="bbox 335 4889 1902 4960">
    <p class='ocr_par' dir='ltr' id='par_1_51' title="bbox 335 4889 1902 4960">
     <span class='ocr_line' id='line_1_51' title="bbox 335 4889 1902 4960; baseline 0.003 -18"><span class='ocrx_word' id='word_1_432' title='bbox 335 4900 589 4957; x_wconf 65' lang='lat' dir='ltr'><strong>praestare</strong></span> <span class='ocrx_word' id='word_1_433' title='bbox 649 4889 797 4957; x_wconf 87' lang='lat' dir='ltr'><strong>cupit</strong></span> <span class='ocrx_word' id='word_1_434' title='bbox 845 4889 1115 4942; x_wconf 87' lang='lat' dir='ltr'><strong>laboribus</strong></span> <span class='ocrx_word' id='word_1_435' title='bbox 1143 4929 1157 4954; x_wconf 95' lang='lat'><strong>,</strong></span> <span class='ocrx_word' id='word_1_436' title='bbox 1202 4889 1429 4958; x_wconf 88' lang='lat' dir='ltr'><strong>ideoque</strong></span> <span class='ocrx_word' id='word_1_437' title='bbox 1471 4891 1733 4954; x_wconf 85' lang='lat' dir='ltr'><strong>maxime,</strong></span> <span class='ocrx_word' id='word_1_438' title='bbox 1779 4893 1902 4960; x_wconf 83' lang='lat' dir='ltr'><strong>quia</strong></span> 
     </span>
    </p>
   </div>
   <div class='ocr_carea' id='block_1_52' title="bbox 331 4980 1900 5051">
    <p class='ocr_par' dir='ltr' id='par_1_52' title="bbox 331 4980 1900 5051">
     <span class='ocr_line' id='line_1_52' title="bbox 331 4980 1900 5051; baseline 0.004 -19"><span class='ocrx_word' id='word_1_439' title='bbox 331 4983 500 5050; x_wconf 87' lang='lat' dir='ltr'><strong>ipsum</strong></span> <span class='ocrx_word' id='word_1_440' title='bbox 536 4981 708 5049; x_wconf 68' lang='lat' dir='ltr'><strong>diligit</strong></span> <span class='ocrx_word' id='word_1_441' title='bbox 765 4981 884 5034; x_wconf 89' lang='lat' dir='ltr'><strong>:sic</strong></span> <span class='ocrx_word' id='word_1_442' title='bbox 924 4988 978 5033; x_wconf 89' lang='lat' dir='ltr'><strong>et</strong></span> <span class='ocrx_word' id='word_1_443' title='bbox 1022 4980 1265 5035; x_wconf 88' lang='lat' dir='ltr'><strong>Christus</strong></span> <span class='ocrx_word' id='word_1_444' title='bbox 1312 4995 1445 5051; x_wconf 90' lang='lat' dir='ltr'><strong>quos</strong></span> <span class='ocrx_word' id='word_1_445' title='bbox 1497 4984 1728 5038; x_wconf 87' lang='lat' dir='ltr'><strong>maxime</strong></span> <span class='ocrx_word' id='word_1_446' title='bbox 1776 4983 1900 5038; x_wconf 87' lang='lat' dir='ltr'><strong>dili-</strong></span> 
     </span>
    </p>
   </div>
   <div class='ocr_carea' id='block_1_53' title="bbox 327 5072 1901 5141">
    <p class='ocr_par' dir='ltr' id='par_1_53' title="bbox 327 5072 1901 5141">
     <span class='ocr_line' id='line_1_53' title="bbox 327 5072 1901 5141; baseline 0.003 -15"><span class='ocrx_word' id='word_1_447' title='bbox 327 5073 442 5139; x_wconf 81' lang='lat' dir='ltr'><strong>git,</strong></span> <span class='ocrx_word' id='word_1_448' title='bbox 487 5072 585 5126; x_wconf 89' lang='lat' dir='ltr'><strong>hos</strong></span> <span class='ocrx_word' id='word_1_449' title='bbox 623 5076 732 5126; x_wconf 85' lang='lat' dir='ltr'><strong>vult</strong></span> <span class='ocrx_word' id='word_1_450' title='bbox 775 5089 872 5125; x_wconf 90' lang='lat' dir='ltr'><strong>suo</strong></span> <span class='ocrx_word' id='word_1_451' title='bbox 919 5073 1110 5126; x_wconf 90' lang='lat' dir='ltr'><strong>merito</strong></span> <span class='ocrx_word' id='word_1_452' title='bbox 1156 5088 1275 5127; x_wconf 78' lang='lat' dir='ltr'><strong>esse</strong></span> <span class='ocrx_word' id='word_1_453' title='bbox 1327 5074 1646 5141; x_wconf 90' lang='lat' dir='ltr'><strong>conspicuos</strong></span> <span class='ocrx_word' id='word_1_454' title='bbox 1693 5076 1742 5140; x_wconf 85' lang='grc'><strong>,</strong></span> <span class='ocrx_word' id='word_1_455' title='bbox 1797 5092 1901 5130; x_wconf 90' lang='lat' dir='ltr'><strong>non</strong></span> 
     </span>
    </p>
   </div>
   <div class='ocr_carea' id='block_1_54' title="bbox 328 5164 1904 5236">
    <p class='ocr_par' dir='ltr' id='par_1_54' title="bbox 328 5164 1904 5236">
     <span class='ocr_line' id='line_1_54' title="bbox 328 5164 1904 5236; baseline 0.004 -21"><span class='ocrx_word' id='word_1_456' title='bbox 328 5173 506 5219; x_wconf 90' lang='lat' dir='ltr'><strong>autem</strong></span> <span class='ocrx_word' id='word_1_457' title='bbox 532 5181 596 5218; x_wconf 92' lang='lat' dir='ltr'><strong>ex</strong></span> <span class='ocrx_word' id='word_1_458' title='bbox 621 5166 734 5219; x_wconf 91' lang='lat' dir='ltr'><strong>sola</strong></span> <span class='ocrx_word' id='word_1_459' title='bbox 764 5180 858 5218; x_wconf 88' lang='lat' dir='ltr'><strong>sua</strong></span> <span class='ocrx_word' id='word_1_460' title='bbox 883 5181 1006 5234; x_wconf 91' lang='lat' dir='ltr'><strong>ope.</strong></span> <span class='ocrx_word' id='word_1_461' title='bbox 1038 5164 1172 5219; x_wconf 80' lang='lat' dir='ltr'><strong>Vide</strong></span> <span class='ocrx_word' id='word_1_462' title='bbox 1197 5174 1378 5220; x_wconf 91' lang='lat' dir='ltr'><strong>autem</strong></span> <span class='ocrx_word' id='word_1_463' title='bbox 1409 5167 1678 5236; x_wconf 92' lang='lat' dir='ltr'><strong>quomodo</strong></span> <span class='ocrx_word' id='word_1_464' title='bbox 1704 5169 1904 5222; x_wconf 89' lang='lat' dir='ltr'><strong>oratio.-</strong></span> 
     </span>
    </p>
   </div>
   <div class='ocr_carea' id='block_1_55' title="bbox 331 5255 1904 5326">
    <p class='ocr_par' dir='ltr' id='par_1_55' title="bbox 331 5255 1904 5326">
     <span class='ocr_line' id='line_1_55' title="bbox 331 5255 1904 5326; baseline 0.003 -18"><span class='ocrx_word' id='word_1_465' title='bbox 331 5271 451 5310; x_wconf 92' lang='lat' dir='ltr'><strong>ncm</strong></span> <span class='ocrx_word' id='word_1_466' title='bbox 478 5271 581 5309; x_wconf 91' lang='lat' dir='ltr'><strong>non</strong></span> <span class='ocrx_word' id='word_1_467' title='bbox 608 5271 888 5310; x_wconf 89' lang='lat' dir='ltr'><strong>onerosam</strong></span> <span class='ocrx_word' id='word_1_468' title='bbox 912 5255 1170 5324; x_wconf 87' lang='lat' dir='ltr'><strong>proferat.</strong></span> <span class='ocrx_word' id='word_1_469' title='bbox 1207 5256 1390 5326; x_wconf 69' lang='lat' dir='ltr'><strong>Neque</strong></span> <span class='ocrx_word' id='word_1_470' title='bbox 1412 5261 1553 5312; x_wconf 90' lang='lat' dir='ltr'><strong>enim</strong></span> <span class='ocrx_word' id='word_1_471' title='bbox 1582 5260 1632 5312; x_wconf 92' lang='lat' dir='ltr'><strong>in</strong></span> <span class='ocrx_word' id='word_1_472' title='bbox 1657 5259 1760 5314; x_wconf 88' lang='lat' dir='ltr'><strong>illis</strong></span> <span class='ocrx_word' id='word_1_473' title='bbox 1790 5270 1904 5314; x_wconf 78' lang='lat' dir='ltr'><strong>tan-</strong></span> 
     </span>
    </p>
   </div>
   <div class='ocr_carea' id='block_1_56' title="bbox 329 5349 1901 5411">
    <p class='ocr_par' dir='ltr' id='par_1_56' title="bbox 329 5349 1901 5411">
     <span class='ocr_line' id='line_1_56' title="bbox 329 5349 1901 5411; baseline 0.004 -10"><span class='ocrx_word' id='word_1_474' title='bbox 329 5359 438 5401; x_wconf 90' lang='lat' dir='ltr'><strong>tum</strong></span> <span class='ocrx_word' id='word_1_475' title='bbox 475 5349 612 5402; x_wconf 87' lang='lat' dir='ltr'><strong>mala</strong></span> <span class='ocrx_word' id='word_1_476' title='bbox 655 5349 1076 5411; x_wconf 86' lang='lat' dir='ltr'><strong>circumscribit,</strong></span> <span class='ocrx_word' id='word_1_477' title='bbox 1107 5349 1201 5404; x_wconf 89' lang='lat' dir='ltr'><strong>sed</strong></span> <span class='ocrx_word' id='word_1_478' title='bbox 1227 5359 1282 5405; x_wconf 84' lang='lat' dir='ltr'><strong>el.</strong></span> <span class='ocrx_word' id='word_1_479' title='bbox 1325 5365 1613 5410; x_wconf 88' lang='lat' dir='ltr'><strong>commune</strong></span> <span class='ocrx_word' id='word_1_480' title='bbox 1660 5353 1752 5406; x_wconf 91' lang='lat' dir='ltr'><strong>toti</strong></span> <span class='ocrx_word' id='word_1_481' title='bbox 1784 5353 1901 5408; x_wconf 90' lang='lat' dir='ltr'><strong>orbi</strong></span> 
     </span>
    </p>
   </div>
   <div class='ocr_carea' id='block_1_57' title="bbox 327 5438 1903 5511">
    <p class='ocr_par' dir='ltr' id='par_1_57' title="bbox 327 5438 1903 5511">
     <span class='ocr_line' id='line_1_57' title="bbox 327 5438 1903 5511; baseline 0.004 -19"><span class='ocrx_word' id='word_1_482' title='bbox 327 5438 517 5508; x_wconf 82' lang='lat' dir='ltr'><strong>dogma</strong></span> <span class='ocrx_word' id='word_1_483' title='bbox 541 5438 759 5494; x_wconf 89' lang='lat' dir='ltr'><strong>exhibet</strong></span> <span class='ocrx_word' id='word_1_484' title='bbox 787 5440 970 5493; x_wconf 90' lang='lat' dir='ltr'><strong>dicens</strong></span> <span class='ocrx_word' id='word_1_485' title='bbox 1002 5457 1016 5492; x_wconf 90' lang='lat'><strong>:</strong></span> <span class='ocrx_word' id='word_1_486' title='bbox 1043 5439 1104 5494; x_wconf 87' lang='lat' dir='ltr'><strong>Si</strong></span> <span class='ocrx_word' id='word_1_487' title='bbox 1123 5441 1236 5511; x_wconf 85' lang='lat' dir='ltr'><strong>quis</strong></span> <span class='ocrx_word' id='word_1_488' title='bbox 1258 5439 1383 5508; x_wconf 81' lang='lat' dir='ltr'><strong>vult,</strong></span> <span class='ocrx_word' id='word_1_489' title='bbox 1407 5442 1519 5497; x_wconf 89' lang='lat' dir='ltr'><strong>sive</strong></span> <span class='ocrx_word' id='word_1_490' title='bbox 1550 5443 1761 5506; x_wconf 87' lang='lat' dir='ltr'><strong>mulier.</strong></span> <span class='ocrx_word' id='word_1_491' title='bbox 1792 5447 1903 5498; x_wconf 83' lang='lat' dir='ltr'><strong>sive</strong></span> 
     </span>
    </p>
   </div>
   <div class='ocr_carea' id='block_1_58' title="bbox 327 5529 1905 5605">
    <p class='ocr_par' dir='ltr' id='par_1_58' title="bbox 327 5529 1905 5605">
     <span class='ocr_line' id='line_1_58' title="bbox 327 5529 1905 5605; baseline 0.007 -24"><span class='ocrx_word' id='word_1_492' title='bbox 327 5531 430 5595; x_wconf 89' lang='lat' dir='ltr'><strong>vir,</strong></span> <span class='ocrx_word' id='word_1_493' title='bbox 461 5529 572 5584; x_wconf 87' lang='lat' dir='ltr'><strong>sive</strong></span> <span class='ocrx_word' id='word_1_494' title='bbox 619 5531 889 5600; x_wconf 89' lang='lat' dir='ltr'><strong>princeps,</strong></span> <span class='ocrx_word' id='word_1_495' title='bbox 938 5530 1051 5586; x_wconf 90' lang='lat' dir='ltr'><strong>sive</strong></span> <span class='ocrx_word' id='word_1_496' title='bbox 1079 5531 1357 5599; x_wconf 88' lang='lat' dir='ltr'><strong>subditus,</strong></span> <span class='ocrx_word' id='word_1_497' title='bbox 1398 5532 1536 5589; x_wconf 92' lang='lat' dir='ltr'><strong>hanc</strong></span> <span class='ocrx_word' id='word_1_498' title='bbox 1577 5535 1905 5605; x_wconf 83' lang='lat' dir='ltr'><strong>ingrediatur</strong></span> 
     </span>
    </p>
   </div>
   <div class='ocr_carea' id='block_1_59' title="bbox 327 5619 1904 5697">
    <p class='ocr_par' dir='ltr' id='par_1_59' title="bbox 327 5619 1904 5697">
     <span class='ocr_line' id='line_1_59' title="bbox 327 5619 1904 5697; baseline 0.006 -25"><span class='ocrx_word' id='word_1_499' title='bbox 327 5621 488 5674; x_wconf 88' lang='lat' dir='ltr'><strong>viam.</strong></span> <span class='ocrx_word' id='word_1_500' title='bbox 515 5619 840 5692; x_wconf 81' lang='lat' dir='ltr'><strong>Videturque</strong></span> <span class='ocrx_word' id='word_1_501' title='bbox 871 5640 1031 5678; x_wconf 89' lang='lat' dir='ltr'><strong>unum</strong></span> <span class='ocrx_word' id='word_1_502' title='bbox 1056 5633 1258 5678; x_wconf 90' lang='lat' dir='ltr'><strong>tantum</strong></span> <span class='ocrx_word' id='word_1_503' title='bbox 1286 5626 1506 5692; x_wconf 82' lang='lat' dir='ltr'><strong>dixisse,</strong></span> <span class='ocrx_word' id='word_1_504' title='bbox 1537 5628 1631 5682; x_wconf 87' lang='lat' dir='ltr'><strong>sed</strong></span> <span class='ocrx_word' id='word_1_505' title='bbox 1657 5628 1754 5682; x_wconf 87' lang='lat' dir='ltr'><strong>tria</strong></span> <span class='ocrx_word' id='word_1_506' title='bbox 1778 5644 1904 5697; x_wconf 93' lang='lat' dir='ltr'><strong>pro-</strong></span> 
     </span>
    </p>
   </div>
   <div class='ocr_carea' id='block_1_60' title="bbox 327 5715 1896 5789">
    <p class='ocr_par' dir='ltr' id='par_1_60' title="bbox 327 5715 1896 5789">
     <span class='ocr_line' id='line_1_60' title="bbox 327 5715 1896 5789; baseline 0.009 -25"><span class='ocrx_word' id='word_1_507' title='bbox 327 5715 478 5782; x_wconf 82' lang='lat' dir='ltr'><strong>ponit</strong></span> <span class='ocrx_word' id='word_1_508' title='bbox 506 5733 518 5767; x_wconf 93' lang='lat'><strong>:</strong></span> <span class='ocrx_word' id='word_1_509' title='bbox 545 5717 814 5784; x_wconf 81' lang='lat' dir='ltr'><strong>abnegare</strong></span> <span class='ocrx_word' id='word_1_510' title='bbox 841 5718 1187 5788; x_wconf 72' lang='lat' dir='ltr'><strong>semetipsum</strong></span> <span class='ocrx_word' id='word_1_511' title='bbox 1209 5759 1224 5784; x_wconf 95' lang='lat'><strong>,</strong></span> <span class='ocrx_word' id='word_1_512' title='bbox 1257 5717 1447 5779; x_wconf 86' lang='lat' dir='ltr'><strong>tollere</strong></span> <span class='ocrx_word' id='word_1_513' title='bbox 1477 5734 1695 5782; x_wconf 85' lang='lat' dir='ltr'><strong>crucem</strong></span> <span class='ocrx_word' id='word_1_514' title='bbox 1721 5736 1896 5789; x_wconf 84' lang='lat' dir='ltr'><strong>suam,</strong></span> 
     </span>
    </p>
   </div>
   <div class='ocr_carea' id='block_1_61' title="bbox 317 5809 870 5875">
    <p class='ocr_par' dir='ltr' id='par_1_61' title="bbox 317 5809 870 5875">
     <span class='ocr_line' id='line_1_61' title="bbox 317 5809 870 5875; baseline 0.011 -21"><span class='ocrx_word' id='word_1_515' title='bbox 317 5851 331 5875; x_wconf 65' lang='lat'><strong>,_</strong></span> <span class='ocrx_word' id='word_1_516' title='bbox 392 5809 409 5842; x_wconf 76' lang='grc' dir='ltr'><strong></strong></span> <span class='ocrx_word' id='word_1_517' title='bbox 448 5809 556 5875; x_wconf 77' lang='lat' dir='ltr'><strong>Alli,</strong></span> <span class='ocrx_word' id='word_1_518' title='bbox 575 5824 676 5860; x_wconf 67' lang='lat' dir='ltr'><strong>esse</strong></span> <span class='ocrx_word' id='word_1_519' title='bbox 699 5810 870 5861; x_wconf 82' lang='lat' dir='ltr'><strong>beatos.</strong></span> 
     </span>
    </p>
   </div>
   <div class='ocr_carea' id='block_1_62' title="bbox 3489 359 3599 430">
    <p class='ocr_par' dir='ltr' id='par_1_62' title="bbox 3489 359 3599 430">
     <span class='ocr_line' id='line_1_62' title="bbox 3489 359 3599 430; baseline -0.064 0"><span class='ocrx_word' id='word_1_520' title='bbox 3489 359 3599 430; x_wconf 70' lang='lat' dir='ltr'><strong>5n.</strong></span> 
     </span>
    </p>
   </div>
   <div class='ocr_carea' id='block_1_63' title="bbox 2017 466 3596 545">
    <p class='ocr_par' dir='ltr' id='par_1_63' title="bbox 2017 466 3596 545">
     <span class='ocr_line' id='line_1_63' title="bbox 2017 466 3596 545; baseline 0.012 -28"><span class='ocrx_word' id='word_1_521' title='bbox 2017 477 2072 518; x_wconf 91' lang='lat' dir='ltr'><strong>et</strong></span> <span class='ocrx_word' id='word_1_522' title='bbox 2134 466 2304 535; x_wconf 91' lang='lat' dir='ltr'><strong>ipsum</strong></span> <span class='ocrx_word' id='word_1_523' title='bbox 2334 469 2518 538; x_wconf 84' lang='lat' dir='ltr'><strong>sequi;</strong></span> <span class='ocrx_word' id='word_1_524' title='bbox 2548 469 2654 525; x_wconf 85' lang='lat' dir='ltr'><strong>duo</strong></span> <span class='ocrx_word' id='word_1_525' title='bbox 2679 482 2855 530; x_wconf 83' lang='lat' dir='ltr'><strong>autem</strong></span> <span class='ocrx_word' id='word_1_526' title='bbox 2883 475 3164 545; x_wconf 77' lang='lat' dir='ltr'><strong>conjuncta</strong></span> <span class='ocrx_word' id='word_1_527' title='bbox 3192 487 3350 543; x_wconf 87' lang='lat' dir='ltr'><strong>sunt,</strong></span> <span class='ocrx_word' id='word_1_528' title='bbox 3383 481 3596 536; x_wconf 87' lang='lat' dir='ltr'><strong>tertium</strong></span> 
     </span>
    </p>
   </div>
   <div class='ocr_carea' id='block_1_64' title="bbox 2016 556 3597 639">
    <p class='ocr_par' dir='ltr' id='par_1_64' title="bbox 2016 556 3597 639">
     <span class='ocr_line' id='line_1_64' title="bbox 2016 556 3597 639; baseline 0.014 -33"><span class='ocrx_word' id='word_1_529' title='bbox 2016 556 2188 610; x_wconf 85' lang='lat' dir='ltr'><strong>solum</strong></span> <span class='ocrx_word' id='word_1_530' title='bbox 2222 562 2556 628; x_wconf 88' lang='lat' dir='ltr'><strong>proponitur.</strong></span> <span class='ocrx_word' id='word_1_531' title='bbox 2603 563 2708 618; x_wconf 90' lang='lat' dir='ltr'><strong>Sed</strong></span> <span class='ocrx_word' id='word_1_532' title='bbox 2741 566 2914 634; x_wconf 89' lang='lat' dir='ltr'><strong>primo</strong></span> <span class='ocrx_word' id='word_1_533' title='bbox 2943 568 3216 630; x_wconf 73' lang='lat' dir='ltr'><strong>videamus</strong></span> <span class='ocrx_word' id='word_1_534' title='bbox 3250 570 3378 639; x_wconf 92' lang='lat' dir='ltr'><strong>quid</strong></span> <span class='ocrx_word' id='word_1_535' title='bbox 3404 572 3475 626; x_wconf 92' lang='lat' dir='ltr'><strong>sit</strong></span> <span class='ocrx_word' id='word_1_536' title='bbox 3499 575 3597 630; x_wconf 88' lang='lat' dir='ltr'><strong>ah.-</strong></span> 
     </span>
    </p>
   </div>
   <div class='ocr_carea' id='block_1_65' title="bbox 2017 653 3597 735">
    <p class='ocr_par' dir='ltr' id='par_1_65' title="bbox 2017 653 3597 735">
     <span class='ocr_line' id='line_1_65' title="bbox 2017 653 3597 735; baseline 0.014 -35"><span class='ocrx_word' id='word_1_537' title='bbox 2017 661 2211 716; x_wconf 82' lang='lat' dir='ltr'><strong>negare</strong></span> <span class='ocrx_word' id='word_1_538' title='bbox 2226 653 2591 721; x_wconf 89' lang='lat' dir='ltr'><strong>semetipsum.</strong></span> <span class='ocrx_word' id='word_1_539' title='bbox 2614 655 2766 713; x_wconf 89' lang='lat' dir='ltr'><strong>Prius</strong></span> <span class='ocrx_word' id='word_1_540' title='bbox 2791 657 3058 715; x_wconf 87' lang='lat' dir='ltr'><strong>discamus</strong></span> <span class='ocrx_word' id='word_1_541' title='bbox 3077 661 3202 728; x_wconf 92' lang='lat' dir='ltr'><strong>quid</strong></span> <span class='ocrx_word' id='word_1_542' title='bbox 3231 663 3302 717; x_wconf 91' lang='lat' dir='ltr'><strong>sit</strong></span> <span class='ocrx_word' id='word_1_543' title='bbox 3325 663 3597 735; x_wconf 79' lang='lat' dir='ltr'><strong>abnegare</strong></span> 
     </span>
    </p>
   </div>
   <div class='ocr_carea' id='block_1_66' title="bbox 2015 739 3596 822">
    <p class='ocr_par' dir='ltr' id='par_1_66' title="bbox 2015 739 3596 822">
     <span class='ocr_line' id='line_1_66' title="bbox 2015 739 3596 822; baseline 0.012 -30"><span class='ocrx_word' id='word_1_544' title='bbox 2015 739 2260 803; x_wconf 86' lang='lat' dir='ltr'><strong>alterum,</strong></span> <span class='ocrx_word' id='word_1_545' title='bbox 2288 750 2344 795; x_wconf 90' lang='lat' dir='ltr'><strong>et</strong></span> <span class='ocrx_word' id='word_1_546' title='bbox 2390 753 2514 798; x_wconf 91' lang='lat' dir='ltr'><strong>tnuc</strong></span> <span class='ocrx_word' id='word_1_547' title='bbox 2559 746 2789 800; x_wconf 90' lang='lat' dir='ltr'><strong>sciemus</strong></span> <span class='ocrx_word' id='word_1_548' title='bbox 2819 748 2944 818; x_wconf 91' lang='lat' dir='ltr'><strong>quid</strong></span> <span class='ocrx_word' id='word_1_549' title='bbox 2974 749 3045 804; x_wconf 93' lang='lat' dir='ltr'><strong>sit</strong></span> <span class='ocrx_word' id='word_1_550' title='bbox 3089 751 3351 822; x_wconf 77' lang='lat' dir='ltr'><strong>abnegare</strong></span> <span class='ocrx_word' id='word_1_551' title='bbox 3395 765 3596 811; x_wconf 86' lang='lat' dir='ltr'><strong>semet-</strong></span> 
     </span>
    </p>
   </div>
   <div class='ocr_carea' id='block_1_67' title="bbox 2016 832 3593 906">
    <p class='ocr_par' dir='ltr' id='par_1_67' title="bbox 2016 832 3593 906">
     <span class='ocr_line' id='line_1_67' title="bbox 2016 832 3593 906; baseline 0.013 -23"><span class='ocrx_word' id='word_1_552' title='bbox 2016 832 2212 900; x_wconf 89' lang='lat' dir='ltr'><strong>ipsum.</strong></span> <span class='ocrx_word' id='word_1_553' title='bbox 2253 833 2352 900; x_wconf 84' lang='lat' dir='ltr'><strong>Qui</strong></span> <span class='ocrx_word' id='word_1_554' title='bbox 2398 835 2622 905; x_wconf 78' lang='lat' dir='ltr'><strong>abnegat</strong></span> <span class='ocrx_word' id='word_1_555' title='bbox 2659 839 2905 906; x_wconf 89' lang='lat' dir='ltr'><strong>alterum,</strong></span> <span class='ocrx_word' id='word_1_556' title='bbox 2931 843 3044 898; x_wconf 89' lang='lat' dir='ltr'><strong>sive</strong></span> <span class='ocrx_word' id='word_1_557' title='bbox 3073 841 3309 904; x_wconf 79' lang='lat' dir='ltr'><strong>fratrem.</strong></span> <span class='ocrx_word' id='word_1_558' title='bbox 3339 846 3450 900; x_wconf 87' lang='lat' dir='ltr'><strong>sive</strong></span> <span class='ocrx_word' id='word_1_559' title='bbox 3476 861 3593 902; x_wconf 87' lang='lat' dir='ltr'><strong>ser-</strong></span> 
     </span>
    </p>
   </div>
   <div class='ocr_carea' id='block_1_68' title="bbox 2019 929 3592 1009">
    <p class='ocr_par' dir='ltr' id='par_1_68' title="bbox 2019 929 3592 1009">
     <span class='ocr_line' id='line_1_68' title="bbox 2019 929 3592 1009; baseline 0.011 -31"><span class='ocrx_word' id='word_1_560' title='bbox 2019 940 2164 994; x_wconf 89' lang='lat' dir='ltr'><strong>vum,</strong></span> <span class='ocrx_word' id='word_1_561' title='bbox 2199 929 2314 982; x_wconf 89' lang='lat' dir='ltr'><strong>sive</strong></span> <span class='ocrx_word' id='word_1_562' title='bbox 2342 930 2504 984; x_wconf 89' lang='lat' dir='ltr'><strong>alium</strong></span> <span class='ocrx_word' id='word_1_563' title='bbox 2551 935 2871 1003; x_wconf 88' lang='lat' dir='ltr'><strong>quempiam,</strong></span> <span class='ocrx_word' id='word_1_564' title='bbox 2901 939 2999 991; x_wconf 89' lang='lat' dir='ltr'><strong>etsi</strong></span> <span class='ocrx_word' id='word_1_565' title='bbox 3025 938 3342 1009; x_wconf 84' lang='lat' dir='ltr'><strong>agellatqu</strong></span> <span class='ocrx_word' id='word_1_566' title='bbox 3381 942 3592 1008; x_wconf 90' lang='lat' dir='ltr'><strong>viderit,</strong></span> 
     </span>
    </p>
   </div>
   <div class='ocr_carea' id='block_1_69' title="bbox 2018 1021 3595 1102">
    <p class='ocr_par' dir='ltr' id='par_1_69' title="bbox 2018 1021 3595 1102">
     <span class='ocr_line' id='line_1_69' title="bbox 2018 1021 3595 1102; baseline 0.011 -30"><span class='ocrx_word' id='word_1_567' title='bbox 2018 1021 2116 1073; x_wconf 91' lang='lat' dir='ltr'><strong>etsi</strong></span> <span class='ocrx_word' id='word_1_568' title='bbox 2145 1022 2379 1076; x_wconf 91' lang='lat' dir='ltr'><strong>vinctum</strong></span> <span class='ocrx_word' id='word_1_569' title='bbox 2403 1063 2418 1088; x_wconf 93' lang='lat'><strong>,</strong></span> <span class='ocrx_word' id='word_1_570' title='bbox 2448 1024 2550 1078; x_wconf 89' lang='lat' dir='ltr'><strong>etsi</strong></span> <span class='ocrx_word' id='word_1_571' title='bbox 2591 1025 2655 1079; x_wconf 91' lang='lat' dir='ltr'><strong>ad</strong></span> <span class='ocrx_word' id='word_1_572' title='bbox 2685 1037 2909 1082; x_wconf 88' lang='lat' dir='ltr'><strong>mortem</strong></span> <span class='ocrx_word' id='word_1_573' title='bbox 2930 1029 3239 1098; x_wconf 87' lang='lat' dir='ltr'><strong>abductum,</strong></span> <span class='ocrx_word' id='word_1_574' title='bbox 3271 1035 3368 1088; x_wconf 86' lang='lat' dir='ltr'><strong>etsi</strong></span> <span class='ocrx_word' id='word_1_575' title='bbox 3388 1036 3595 1102; x_wconf 88' lang='lat' dir='ltr'><strong>quidvis</strong></span> 
     </span>
    </p>
   </div>
   <div class='ocr_carea' id='block_1_70' title="bbox 2016 1112 3600 1190">
    <p class='ocr_par' dir='ltr' id='par_1_70' title="bbox 2016 1112 3600 1190">
     <span class='ocr_line' id='line_1_70' title="bbox 2016 1112 3600 1190; baseline 0.01 -25"><span class='ocrx_word' id='word_1_576' title='bbox 2016 1112 2157 1167; x_wconf 91' lang='lat' dir='ltr'><strong>aliud</strong></span> <span class='ocrx_word' id='word_1_577' title='bbox 2184 1115 2492 1182; x_wconf 89' lang='lat' dir='ltr'><strong>patientem,</strong></span> <span class='ocrx_word' id='word_1_578' title='bbox 2515 1133 2618 1170; x_wconf 89' lang='lat' dir='ltr'><strong>non</strong></span> <span class='ocrx_word' id='word_1_579' title='bbox 2641 1119 2810 1186; x_wconf 89' lang='lat' dir='ltr'><strong>adest,</strong></span> <span class='ocrx_word' id='word_1_580' title='bbox 2835 1137 2938 1174; x_wconf 90' lang='lat' dir='ltr'><strong>non</strong></span> <span class='ocrx_word' id='word_1_581' title='bbox 2960 1123 3262 1190; x_wconf 78' lang='lat' dir='ltr'><strong>auxiliatur,</strong></span> <span class='ocrx_word' id='word_1_582' title='bbox 3283 1141 3386 1179; x_wconf 89' lang='lat' dir='ltr'><strong>non</strong></span> <span class='ocrx_word' id='word_1_583' title='bbox 3414 1129 3600 1182; x_wconf 81' lang='lat' dir='ltr'><strong>auium</strong></span> 
     </span>
    </p>
   </div>
   <div class='ocr_carea' id='block_1_71' title="bbox 2018 1203 3596 1284">
    <p class='ocr_par' dir='ltr' id='par_1_71' title="bbox 2018 1203 3596 1284">
     <span class='ocr_line' id='line_1_71' title="bbox 2018 1203 3596 1284; baseline 0.01 -26"><span class='ocrx_word' id='word_1_584' title='bbox 2018 1203 2318 1274; x_wconf 87' lang='lat' dir='ltr'><strong>frangitur,</strong></span> <span class='ocrx_word' id='word_1_585' title='bbox 2349 1223 2454 1262; x_wconf 90' lang='lat' dir='ltr'><strong>non</strong></span> <span class='ocrx_word' id='word_1_586' title='bbox 2507 1209 2622 1277; x_wconf 87' lang='lat' dir='ltr'><strong>ejus</strong></span> <span class='ocrx_word' id='word_1_587' title='bbox 2651 1225 2810 1265; x_wconf 88' lang='lat' dir='ltr'><strong>causa</strong></span> <span class='ocrx_word' id='word_1_588' title='bbox 2839 1214 3067 1282; x_wconf 90' lang='lat' dir='ltr'><strong>patitur,</strong></span> <span class='ocrx_word' id='word_1_589' title='bbox 3097 1225 3277 1284; x_wconf 89' lang='lat' dir='ltr'><strong>utpote</strong></span> <span class='ocrx_word' id='word_1_590' title='bbox 3301 1221 3389 1282; x_wconf 91' lang='lat' dir='ltr'><strong>qui</strong></span> <span class='ocrx_word' id='word_1_591' title='bbox 3435 1221 3502 1272; x_wconf 88' lang='lat' dir='ltr'><strong>ab</strong></span> <span class='ocrx_word' id='word_1_592' title='bbox 3527 1237 3596 1275; x_wconf 90' lang='lat' dir='ltr'><strong>eo</strong></span> 
     </span>
    </p>
   </div>
   <div class='ocr_carea' id='block_1_72' title="bbox 2017 1295 3593 1378">
    <p class='ocr_par' dir='ltr' id='par_1_72' title="bbox 2017 1295 3593 1378">
     <span class='ocr_line' id='line_1_72' title="bbox 2017 1295 3593 1378; baseline 0.011 -31"><span class='ocrx_word' id='word_1_593' title='bbox 2017 1295 2346 1350; x_wconf 89' lang='lat' dir='ltr'><strong>abalienatus</strong></span> <span class='ocrx_word' id='word_1_594' title='bbox 2365 1299 2452 1353; x_wconf 91' lang='lat' dir='ltr'><strong>sit.</strong></span> <span class='ocrx_word' id='word_1_595' title='bbox 2480 1299 2568 1354; x_wconf 92' lang='lat' dir='ltr'><strong>Sic</strong></span> <span class='ocrx_word' id='word_1_596' title='bbox 2589 1300 2766 1370; x_wconf 87' lang='lat' dir='ltr'><strong>itaque</strong></span> <span class='ocrx_word' id='word_1_597' title='bbox 2785 1304 2896 1356; x_wconf 90' lang='lat' dir='ltr'><strong>vult</strong></span> <span class='ocrx_word' id='word_1_598' title='bbox 2925 1320 3020 1358; x_wconf 89' lang='lat' dir='ltr'><strong>nos</strong></span> <span class='ocrx_word' id='word_1_599' title='bbox 3045 1306 3192 1359; x_wconf 90' lang='lat' dir='ltr'><strong>nullo</strong></span> <span class='ocrx_word' id='word_1_600' title='bbox 3207 1308 3366 1362; x_wconf 91' lang='lat' dir='ltr'><strong>modo</strong></span> <span class='ocrx_word' id='word_1_601' title='bbox 3382 1313 3593 1378; x_wconf 89' lang='lat' dir='ltr'><strong>corpori</strong></span> 
     </span>
    </p>
   </div>
   <div class='ocr_carea' id='block_1_73' title="bbox 2017 1389 3589 1465">
    <p class='ocr_par' dir='ltr' id='par_1_73' title="bbox 2017 1389 3589 1465">
     <span class='ocr_line' id='line_1_73' title="bbox 2017 1389 3589 1465; baseline 0.007 -25"><span class='ocrx_word' id='word_1_602' title='bbox 2017 1402 2254 1454; x_wconf 84' lang='lat' dir='ltr'><strong>parcere,</strong></span> <span class='ocrx_word' id='word_1_603' title='bbox 2286 1398 2341 1442; x_wconf 90' lang='lat' dir='ltr'><strong>ut</strong></span> <span class='ocrx_word' id='word_1_604' title='bbox 2369 1389 2480 1444; x_wconf 89' lang='lat' dir='ltr'><strong>sive</strong></span> <span class='ocrx_word' id='word_1_605' title='bbox 2526 1389 2793 1460; x_wconf 82' lang='lat' dir='ltr'><strong>flagellent</strong></span> <span class='ocrx_word' id='word_1_606' title='bbox 2816 1435 2830 1457; x_wconf 90' lang='lat'><strong>,</strong></span> <span class='ocrx_word' id='word_1_607' title='bbox 2857 1395 2971 1448; x_wconf 84' lang='lat' dir='ltr'><strong>sive</strong></span> <span class='ocrx_word' id='word_1_608' title='bbox 2999 1396 3220 1464; x_wconf 87' lang='lat' dir='ltr'><strong>pellant.</strong></span> <span class='ocrx_word' id='word_1_609' title='bbox 3266 1400 3381 1452; x_wconf 88' lang='lat' dir='ltr'><strong>sive</strong></span> <span class='ocrx_word' id='word_1_610' title='bbox 3413 1412 3589 1465; x_wconf 85' lang='lat' dir='ltr'><strong>urant,</strong></span> 
     </span>
    </p>
   </div>
   <div class='ocr_carea' id='block_1_74' title="bbox 2015 1479 3584 1555">
    <p class='ocr_par' dir='ltr' id='par_1_74' title="bbox 2015 1479 3584 1555">
     <span class='ocr_line' id='line_1_74' title="bbox 2015 1479 3584 1555; baseline 0.008 -24"><span class='ocrx_word' id='word_1_611' title='bbox 2015 1480 2126 1532; x_wconf 89' lang='lat' dir='ltr'><strong>sive</strong></span> <span class='ocrx_word' id='word_1_612' title='bbox 2152 1479 2292 1533; x_wconf 91' lang='lat' dir='ltr'><strong>aliud</strong></span> <span class='ocrx_word' id='word_1_613' title='bbox 2323 1481 2532 1550; x_wconf 90' lang='lat' dir='ltr'><strong>quidvis</strong></span> <span class='ocrx_word' id='word_1_614' title='bbox 2561 1479 2775 1547; x_wconf 82' lang='lat' dir='ltr'><strong>faciant,</strong></span> <span class='ocrx_word' id='word_1_615' title='bbox 2806 1486 3089 1540; x_wconf 85' lang='lat' dir='ltr'><strong>nonnobis</strong></span> <span class='ocrx_word' id='word_1_616' title='bbox 3120 1502 3421 1555; x_wconf 81' lang='lat' dir='ltr'><strong>parcamus.</strong></span> <span class='ocrx_word' id='word_1_617' title='bbox 3453 1491 3584 1544; x_wconf 84' lang='lat' dir='ltr'><strong>Illud</strong></span> 
     </span>
    </p>
   </div>
   <div class='ocr_carea' id='block_1_75' title="bbox 2016 1569 3592 1646">
    <p class='ocr_par' dir='ltr' id='par_1_75' title="bbox 2016 1569 3592 1646">
     <span class='ocr_line' id='line_1_75' title="bbox 2016 1569 3592 1646; baseline 0.01 -25"><span class='ocrx_word' id='word_1_618' title='bbox 2016 1569 2155 1621; x_wconf 88' lang='lat' dir='ltr'><strong>enim</strong></span> <span class='ocrx_word' id='word_1_619' title='bbox 2185 1581 2266 1622; x_wconf 89' lang='lat' dir='ltr'><strong>est</strong></span> <span class='ocrx_word' id='word_1_620' title='bbox 2293 1587 2529 1638; x_wconf 84' lang='lat' dir='ltr'><strong>parcere.</strong></span> <span class='ocrx_word' id='word_1_621' title='bbox 2551 1571 2682 1625; x_wconf 87' lang='lat' dir='ltr'><strong>Nam</strong></span> <span class='ocrx_word' id='word_1_622' title='bbox 2704 1574 2860 1626; x_wconf 90' lang='lat' dir='ltr'><strong>etiam</strong></span> <span class='ocrx_word' id='word_1_623' title='bbox 2876 1585 3056 1646; x_wconf 83' lang='lat' dir='ltr'><strong>patres</strong></span> <span class='ocrx_word' id='word_1_624' title='bbox 3079 1577 3201 1633; x_wconf 77' lang='lat' dir='ltr'><strong>filiis</strong></span> <span class='ocrx_word' id='word_1_625' title='bbox 3218 1586 3341 1634; x_wconf 91' lang='lat' dir='ltr'><strong>tunc</strong></span> <span class='ocrx_word' id='word_1_626' title='bbox 3364 1582 3592 1637; x_wconf 84' lang='lat' dir='ltr'><strong>maxime</strong></span> 
     </span>
    </p>
   </div>
   <div class='ocr_carea' id='block_1_76' title="bbox 2016 1665 3592 1743">
    <p class='ocr_par' dir='ltr' id='par_1_76' title="bbox 2016 1665 3592 1743">
     <span class='ocr_line' id='line_1_76' title="bbox 2016 1665 3592 1743; baseline 0.013 -32"><span class='ocrx_word' id='word_1_627' title='bbox 2016 1671 2259 1729; x_wconf 86' lang='lat' dir='ltr'><strong>parcunt,</strong></span> <span class='ocrx_word' id='word_1_628' title='bbox 2290 1677 2409 1716; x_wconf 88' lang='lat' dir='ltr'><strong>eum</strong></span> <span class='ocrx_word' id='word_1_629' title='bbox 2453 1665 2717 1729; x_wconf 66' lang='lat' dir='ltr'><strong>magistris</strong></span> <span class='ocrx_word' id='word_1_630' title='bbox 2748 1669 3040 1735; x_wconf 84' lang='lat' dir='ltr'><strong>tradentes,</strong></span> <span class='ocrx_word' id='word_1_631' title='bbox 3072 1671 3326 1726; x_wconf 87' lang='lat' dir='ltr'><strong>mandant</strong></span> <span class='ocrx_word' id='word_1_632' title='bbox 3374 1690 3441 1728; x_wconf 92' lang='lat' dir='ltr'><strong>ne</strong></span> <span class='ocrx_word' id='word_1_633' title='bbox 3473 1691 3592 1743; x_wconf 77' lang='lat' dir='ltr'><strong>par-</strong></span> 
     </span>
    </p>
   </div>
   <div class='ocr_carea' id='block_1_77' title="bbox 2016 1754 3591 1832">
    <p class='ocr_par' dir='ltr' id='par_1_77' title="bbox 2016 1754 3591 1832">
     <span class='ocr_line' id='line_1_77' title="bbox 2016 1754 3591 1832; baseline 0.01 -28"><span class='ocrx_word' id='word_1_634' title='bbox 2016 1763 2139 1806; x_wconf 89' lang='lat' dir='ltr'><strong>cant</strong></span> <span class='ocrx_word' id='word_1_635' title='bbox 2167 1754 2265 1808; x_wconf 88' lang='lat' dir='ltr'><strong>eis.</strong></span> <span class='ocrx_word' id='word_1_636' title='bbox 2299 1754 2370 1808; x_wconf 91' lang='lat' dir='ltr'><strong>Ita</strong></span> <span class='ocrx_word' id='word_1_637' title='bbox 2422 1767 2474 1809; x_wconf 92' lang='lat' dir='ltr'><strong>et</strong></span> <span class='ocrx_word' id='word_1_638' title='bbox 2503 1755 2748 1811; x_wconf 83' lang='lat' dir='ltr'><strong>Christus</strong></span> <span class='ocrx_word' id='word_1_639' title='bbox 2785 1776 2800 1812; x_wconf 88' lang='lat'><strong>:</strong></span> <span class='ocrx_word' id='word_1_640' title='bbox 2833 1775 2937 1812; x_wconf 89' lang='lat' dir='ltr'><strong>non</strong></span> <span class='ocrx_word' id='word_1_641' title='bbox 2988 1761 3118 1814; x_wconf 90' lang='lat' dir='ltr'><strong>dixit</strong></span> <span class='ocrx_word' id='word_1_642' title='bbox 3148 1779 3213 1817; x_wconf 90' lang='lat' dir='ltr'><strong>ne</strong></span> <span class='ocrx_word' id='word_1_643' title='bbox 3245 1774 3425 1832; x_wconf 85' lang='lat' dir='ltr'><strong>parcat</strong></span> <span class='ocrx_word' id='word_1_644' title='bbox 3468 1767 3591 1831; x_wconf 90' lang='lat' dir='ltr'><strong>sibi,</strong></span> 
     </span>
    </p>
   </div>
   <div class='ocr_carea' id='block_1_78' title="bbox 2017 1845 3590 1926">
    <p class='ocr_par' dir='ltr' id='par_1_78' title="bbox 2017 1845 3590 1926">
     <span class='ocr_line' id='line_1_78' title="bbox 2017 1845 3590 1926; baseline 0.01 -29"><span class='ocrx_word' id='word_1_645' title='bbox 2017 1845 2108 1897; x_wconf 69' lang='lat' dir='ltr'><strong>Sed</strong></span> <span class='ocrx_word' id='word_1_646' title='bbox 2151 1845 2288 1913; x_wconf 92' lang='lat' dir='ltr'><strong>quod</strong></span> <span class='ocrx_word' id='word_1_647' title='bbox 2329 1848 2539 1916; x_wconf 86' lang='lat' dir='ltr'><strong>gravius</strong></span> <span class='ocrx_word' id='word_1_648' title='bbox 2587 1858 2688 1912; x_wconf 89' lang='lat' dir='ltr'><strong>est,</strong></span> <span class='ocrx_word' id='word_1_649' title='bbox 2725 1850 2945 1921; x_wconf 74' lang='lat' dir='ltr'><strong>Abneget</strong></span> <span class='ocrx_word' id='word_1_650' title='bbox 2981 1855 3302 1922; x_wconf 82' lang='lat' dir='ltr'><strong>semetipsum</strong></span> <span class='ocrx_word' id='word_1_651' title='bbox 3341 1872 3360 1911; x_wconf 91' lang='lat'><strong><em>:</em></strong></span> <span class='ocrx_word' id='word_1_652' title='bbox 3392 1857 3443 1912; x_wconf 93' lang='lat' dir='ltr'><strong>id</strong></span> <span class='ocrx_word' id='word_1_653' title='bbox 3488 1869 3590 1926; x_wconf 88' lang='lat' dir='ltr'><strong>est,</strong></span> 
     </span>
    </p>
   </div>
   <div class='ocr_carea' id='block_1_79' title="bbox 2015 1938 3593 2015">
    <p class='ocr_par' dir='ltr' id='par_1_79' title="bbox 2015 1938 3593 2015">
     <span class='ocr_line' id='line_1_79' title="bbox 2015 1938 3593 2015; baseline 0.01 -23"><span class='ocrx_word' id='word_1_654' title='bbox 2015 1938 2149 1992; x_wconf 74' lang='lat' dir='ltr'><strong>Nihil</strong></span> <span class='ocrx_word' id='word_1_655' title='bbox 2182 1956 2300 1992; x_wconf 92' lang='lat' dir='ltr'><strong>cum</strong></span> <span class='ocrx_word' id='word_1_656' title='bbox 2351 1941 2528 2010; x_wconf 81' lang='lat' dir='ltr'><strong>seipse</strong></span> <span class='ocrx_word' id='word_1_657' title='bbox 2577 1957 2862 1996; x_wconf 85' lang='lat' dir='ltr'><strong>eommuue</strong></span> <span class='ocrx_word' id='word_1_658' title='bbox 2891 1943 3105 2009; x_wconf 69' lang='lat' dir='ltr'><strong>habt-at,</strong></span> <span class='ocrx_word' id='word_1_659' title='bbox 3134 1947 3227 2000; x_wconf 87' lang='lat' dir='ltr'><strong>sed</strong></span> <span class='ocrx_word' id='word_1_660' title='bbox 3262 1950 3509 2015; x_wconf 89' lang='lat' dir='ltr'><strong>periculis</strong></span> <span class='ocrx_word' id='word_1_661' title='bbox 3534 1968 3593 2008; x_wconf 84' lang='lat' dir='ltr'><strong>se</strong></span> 
     </span>
    </p>
   </div>
   <div class='ocr_carea' id='block_1_80' title="bbox 2013 2031 3591 2105">
    <p class='ocr_par' dir='ltr' id='par_1_80' title="bbox 2013 2031 3591 2105">
     <span class='ocr_line' id='line_1_80' title="bbox 2013 2031 3591 2105; baseline 0.01 -24"><span class='ocrx_word' id='word_1_662' title='bbox 2013 2031 2169 2084; x_wconf 81' lang='lat' dir='ltr'><strong>dedat</strong></span> <span class='ocrx_word' id='word_1_663' title='bbox 2215 2041 2270 2085; x_wconf 87' lang='lat' dir='ltr'><strong>et</strong></span> <span class='ocrx_word' id='word_1_664' title='bbox 2310 2033 2712 2102; x_wconf 82' lang='lat' dir='ltr'><strong>certaminibus,</strong></span> <span class='ocrx_word' id='word_1_665' title='bbox 2755 2044 2913 2104; x_wconf 87' lang='lat' dir='ltr'><strong>atque</strong></span> <span class='ocrx_word' id='word_1_666' title='bbox 2959 2037 3026 2088; x_wconf 82' lang='lat' dir='ltr'><strong>ita</strong></span> <span class='ocrx_word' id='word_1_667' title='bbox 3071 2039 3143 2092; x_wconf 87' lang='lat' dir='ltr'><strong>sit</strong></span> <span class='ocrx_word' id='word_1_668' title='bbox 3169 2039 3410 2105; x_wconf 86' lang='lat' dir='ltr'><strong>affectus,</strong></span> <span class='ocrx_word' id='word_1_669' title='bbox 3445 2052 3501 2095; x_wconf 92' lang='lat' dir='ltr'><strong>ut</strong></span> <span class='ocrx_word' id='word_1_670' title='bbox 3543 2044 3591 2098; x_wconf 89' lang='lat' dir='ltr'><strong>si</strong></span> 
     </span>
    </p>
   </div>
   <div class='ocr_carea' id='block_1_81' title="bbox 2011 2121 3590 2204">
    <p class='ocr_par' dir='ltr' id='par_1_81' title="bbox 2011 2121 3590 2204">
     <span class='ocr_line' id='line_1_81' title="bbox 2011 2121 3590 2204; baseline 0.009 -32"><span class='ocrx_word' id='word_1_671' title='bbox 2011 2123 2146 2184; x_wconf 86' lang='lat' dir='ltr'><strong>alius</strong></span> <span class='ocrx_word' id='word_1_672' title='bbox 2179 2121 2228 2174; x_wconf 94' lang='lat' dir='ltr'><strong>id</strong></span> <span class='ocrx_word' id='word_1_673' title='bbox 2261 2130 2547 2191; x_wconf 91' lang='lat' dir='ltr'><strong>pateretur.</strong></span> <span class='ocrx_word' id='word_1_674' title='bbox 2599 2123 2706 2178; x_wconf 81' lang='lat' dir='ltr'><strong>Nec</strong></span> <span class='ocrx_word' id='word_1_675' title='bbox 2745 2124 2897 2190; x_wconf 83' lang='lat' dir='ltr'><strong>dixit,</strong></span> <span class='ocrx_word' id='word_1_676' title='bbox 2936 2125 3142 2197; x_wconf 86' lang='lat' dir='ltr'><strong>Neget,</strong></span> <span class='ocrx_word' id='word_1_677' title='bbox 3178 2129 3270 2184; x_wconf 87' lang='lat' dir='ltr'><strong>sed</strong></span> <span class='ocrx_word' id='word_1_678' title='bbox 3292 2172 3307 2196; x_wconf 95' lang='lat'><strong>,</strong></span> <span class='ocrx_word' id='word_1_679' title='bbox 3334 2130 3590 2204; x_wconf 68' lang='lat' dir='ltr'><strong>Abneget;</strong></span> 
     </span>
    </p>
   </div>
   <div class='ocr_carea' id='block_1_82' title="bbox 2014 2215 3583 2289">
    <p class='ocr_par' dir='ltr' id='par_1_82' title="bbox 2014 2215 3583 2289">
     <span class='ocr_line' id='line_1_82' title="bbox 2014 2215 3583 2289; baseline 0.009 -22"><span class='ocrx_word' id='word_1_680' title='bbox 2014 2215 2113 2267; x_wconf 90' lang='lat' dir='ltr'><strong>hoc</strong></span> <span class='ocrx_word' id='word_1_681' title='bbox 2144 2231 2305 2284; x_wconf 87' lang='lat' dir='ltr'><strong>parvo</strong></span> <span class='ocrx_word' id='word_1_682' title='bbox 2331 2215 2693 2270; x_wconf 88' lang='lat' dir='ltr'><strong>additamento</strong></span> <span class='ocrx_word' id='word_1_683' title='bbox 2721 2216 2825 2270; x_wconf 90' lang='lat' dir='ltr'><strong>vim</strong></span> <span class='ocrx_word' id='word_1_684' title='bbox 2873 2234 3116 2289; x_wconf 88' lang='lat' dir='ltr'><strong>magnam</strong></span> <span class='ocrx_word' id='word_1_685' title='bbox 3145 2220 3367 2277; x_wconf 90' lang='lat' dir='ltr'><strong>dictioni</strong></span> <span class='ocrx_word' id='word_1_686' title='bbox 3406 2224 3583 2281; x_wconf 72' lang='lat' dir='ltr'><strong>alfert.</strong></span> 
     </span>
    </p>
   </div>
   <div class='ocr_carea' id='block_1_83' title="bbox 2014 2305 3304 2382">
    <p class='ocr_par' dir='ltr' id='par_1_83' title="bbox 2014 2305 3304 2382">
     <span class='ocr_line' id='line_1_83' title="bbox 2014 2305 3304 2382; baseline 0.006 -24"><span class='ocrx_word' id='word_1_687' title='bbox 2014 2305 2143 2358; x_wconf 59' lang='lat' dir='ltr'><strong>Nam</strong></span> <span class='ocrx_word' id='word_1_688' title='bbox 2177 2305 2441 2375; x_wconf 88' lang='lat' dir='ltr'><strong>abnegare</strong></span> <span class='ocrx_word' id='word_1_689' title='bbox 2467 2307 2633 2361; x_wconf 89' lang='lat' dir='ltr'><strong>multo</strong></span> <span class='ocrx_word' id='word_1_690' title='bbox 2664 2308 2782 2377; x_wconf 92' lang='lat' dir='ltr'><strong>plus</strong></span> <span class='ocrx_word' id='word_1_691' title='bbox 2805 2318 2885 2362; x_wconf 88' lang='lat' dir='ltr'><strong>est</strong></span> <span class='ocrx_word' id='word_1_692' title='bbox 2911 2325 3067 2378; x_wconf 87' lang='lat' dir='ltr'><strong>quam</strong></span> <span class='ocrx_word' id='word_1_693' title='bbox 3091 2327 3304 2382; x_wconf 87' lang='lat' dir='ltr'><strong>negare.</strong></span> 
     </span>
    </p>
   </div>
   <div class='ocr_carea' id='block_1_84' title="bbox 2081 2397 3588 2476">
    <p class='ocr_par' dir='ltr' id='par_1_84' title="bbox 2081 2397 3588 2476">
     <span class='ocr_line' id='line_1_84' title="bbox 2081 2397 3588 2476; baseline 0.009 -26"><span class='ocrx_word' id='word_1_694' title='bbox 2081 2398 2136 2451; x_wconf 75' lang='grc'><strong>2.</strong></span> <span class='ocrx_word' id='word_1_695' title='bbox 2170 2397 2238 2450; x_wconf 86' lang='lat' dir='ltr'><strong>Et</strong></span> <span class='ocrx_word' id='word_1_696' title='bbox 2285 2399 2430 2451; x_wconf 84' lang='lat' dir='ltr'><strong>tollat</strong></span> <span class='ocrx_word' id='word_1_697' title='bbox 2482 2415 2680 2452; x_wconf 87' lang='lat' dir='ltr'><strong>crucem</strong></span> <span class='ocrx_word' id='word_1_698' title='bbox 2716 2416 2880 2453; x_wconf 87' lang='lat' dir='ltr'><strong>suam.</strong></span> <span class='ocrx_word' id='word_1_699' title='bbox 2926 2401 3039 2456; x_wconf 84' lang='lat' dir='ltr'><strong>lloc</strong></span> <span class='ocrx_word' id='word_1_700' title='bbox 3079 2418 3151 2458; x_wconf 89' lang='lat' dir='ltr'><strong>ex</strong></span> <span class='ocrx_word' id='word_1_701' title='bbox 3189 2404 3281 2457; x_wconf 87' lang='lat' dir='ltr'><strong>illo</strong></span> <span class='ocrx_word' id='word_1_702' title='bbox 3328 2406 3588 2476; x_wconf 89' lang='lat' dir='ltr'><strong>sequitur.</strong></span> 
     </span>
    </p>
   </div>
   <div class='ocr_carea' id='block_1_85' title="bbox 2013 2490 3577 2562">
    <p class='ocr_par' dir='ltr' id='par_1_85' title="bbox 2013 2490 3577 2562">
     <span class='ocr_line' id='line_1_85' title="bbox 2013 2490 3577 2562; baseline 0.006 -18"><span class='ocrx_word' id='word_1_703' title='bbox 2013 2490 2090 2544; x_wconf 84' lang='lat' dir='ltr'><strong>Ne</strong></span> <span class='ocrx_word' id='word_1_704' title='bbox 2134 2501 2287 2560; x_wconf 91' lang='lat' dir='ltr'><strong>putes</strong></span> <span class='ocrx_word' id='word_1_705' title='bbox 2313 2491 2452 2545; x_wconf 91' lang='lat' dir='ltr'><strong>enim</strong></span> <span class='ocrx_word' id='word_1_706' title='bbox 2477 2533 2493 2555; x_wconf 90' lang='lat'><strong>,</strong></span> <span class='ocrx_word' id='word_1_707' title='bbox 2521 2491 2587 2545; x_wconf 90' lang='lat' dir='ltr'><strong>ad</strong></span> <span class='ocrx_word' id='word_1_708' title='bbox 2613 2493 2774 2547; x_wconf 87' lang='lat' dir='ltr'><strong>verba</strong></span> <span class='ocrx_word' id='word_1_709' title='bbox 2802 2509 2967 2562; x_wconf 84' lang='lat' dir='ltr'><strong>usque</strong></span> <span class='ocrx_word' id='word_1_710' title='bbox 2993 2502 3194 2548; x_wconf 90' lang='lat' dir='ltr'><strong>tantum</strong></span> <span class='ocrx_word' id='word_1_711' title='bbox 3226 2506 3280 2550; x_wconf 91' lang='lat' dir='ltr'><strong>et</strong></span> <span class='ocrx_word' id='word_1_712' title='bbox 3305 2510 3577 2554; x_wconf 87' lang='lat' dir='ltr'><strong>contume-</strong></span> 
     </span>
    </p>
   </div>
   <div class='ocr_carea' id='block_1_86' title="bbox 2011 2585 3596 2658">
    <p class='ocr_par' dir='ltr' id='par_1_86' title="bbox 2011 2585 3596 2658">
     <span class='ocr_line' id='line_1_86' title="bbox 2011 2585 3596 2658; baseline 0.005 -19"><span class='ocrx_word' id='word_1_713' title='bbox 2011 2585 2110 2639; x_wconf 88' lang='lat' dir='ltr'><strong>lias</strong></span> <span class='ocrx_word' id='word_1_714' title='bbox 2149 2595 2206 2640; x_wconf 90' lang='lat' dir='ltr'><strong>et</strong></span> <span class='ocrx_word' id='word_1_715' title='bbox 2254 2585 2537 2654; x_wconf 88' lang='lat' dir='ltr'><strong>opprobria</strong></span> <span class='ocrx_word' id='word_1_716' title='bbox 2586 2585 2848 2656; x_wconf 86' lang='lat' dir='ltr'><strong>abnegare</strong></span> <span class='ocrx_word' id='word_1_717' title='bbox 2877 2588 3109 2656; x_wconf 85' lang='lat' dir='ltr'><strong>seipsum</strong></span> <span class='ocrx_word' id='word_1_718' title='bbox 3149 2599 3438 2658; x_wconf 88' lang='lat' dir='ltr'><strong>oportere:</strong></span> <span class='ocrx_word' id='word_1_719' title='bbox 3465 2591 3596 2649; x_wconf 86' lang='lat' dir='ltr'><strong>dicit</strong></span> 
     </span>
    </p>
   </div>
   <div class='ocr_carea' id='block_1_87' title="bbox 2009 2677 3583 2750">
    <p class='ocr_par' dir='ltr' id='par_1_87' title="bbox 2009 2677 3583 2750">
     <span class='ocr_line' id='line_1_87' title="bbox 2009 2677 3583 2750; baseline 0.005 -20"><span class='ocrx_word' id='word_1_720' title='bbox 2009 2693 2284 2747; x_wconf 72' lang='grc' dir='ltr'>(</span> <span class='ocrx_word' id='word_1_721' title='bbox 2323 2677 2587 2747; x_wconf 85' lang='lat' dir='ltr'><strong>abnegare</strong></span> <span class='ocrx_word' id='word_1_722' title='bbox 2639 2679 2982 2749; x_wconf 81' lang='lat' dir='ltr'><strong>semetipsum</strong></span> <span class='ocrx_word' id='word_1_723' title='bbox 3037 2692 3314 2750; x_wconf 88' lang='lat' dir='ltr'><strong>oporteat;</strong></span> <span class='ocrx_word' id='word_1_724' title='bbox 3377 2684 3428 2738; x_wconf 81' lang='lat' dir='ltr'><strong>id</strong></span> <span class='ocrx_word' id='word_1_725' title='bbox 3479 2695 3583 2750; x_wconf 89' lang='lat' dir='ltr'><strong>est,</strong></span> 
     </span>
    </p>
   </div>
   <div class='ocr_carea' id='block_1_88' title="bbox 2009 2771 3590 2843">
    <p class='ocr_par' dir='ltr' id='par_1_88' title="bbox 2009 2771 3590 2843">
     <span class='ocr_line' id='line_1_88' title="bbox 2009 2771 3590 2843; baseline 0.004 -21"><span class='ocrx_word' id='word_1_726' title='bbox 2009 2785 2178 2840; x_wconf 91' lang='lat' dir='ltr'><strong>usque</strong></span> <span class='ocrx_word' id='word_1_727' title='bbox 2215 2771 2283 2823; x_wconf 92' lang='lat' dir='ltr'><strong>ad</strong></span> <span class='ocrx_word' id='word_1_728' title='bbox 2336 2781 2598 2834; x_wconf 89' lang='lat' dir='ltr'><strong>mortem,</strong></span> <span class='ocrx_word' id='word_1_729' title='bbox 2627 2779 2682 2824; x_wconf 92' lang='lat' dir='ltr'><strong>et</strong></span> <span class='ocrx_word' id='word_1_730' title='bbox 2722 2781 2946 2826; x_wconf 85' lang='lat' dir='ltr'><strong>mortem</strong></span> <span class='ocrx_word' id='word_1_731' title='bbox 2981 2774 3356 2843; x_wconf 80' lang='lat' dir='ltr'><strong>turpis-iniam.</strong></span> <span class='ocrx_word' id='word_1_732' title='bbox 3393 2776 3590 2832; x_wconf 68' lang='lat' dir='ltr'><strong>Iden-eo</strong></span> 
     </span>
    </p>
   </div>
   <div class='ocr_carea' id='block_1_89' title="bbox 2009 2861 3588 2934">
    <p class='ocr_par' dir='ltr' id='par_1_89' title="bbox 2009 2861 3588 2934">
     <span class='ocr_line' id='line_1_89' title="bbox 2009 2861 3588 2934; baseline 0.004 -20"><span class='ocrx_word' id='word_1_733' title='bbox 2009 2875 2116 2914; x_wconf 86' lang='lat' dir='ltr'><strong>non</strong></span> <span class='ocrx_word' id='word_1_734' title='bbox 2145 2861 2296 2923; x_wconf 79' lang='lat' dir='ltr'><strong>dixit,</strong></span> <span class='ocrx_word' id='word_1_735' title='bbox 2339 2861 2578 2930; x_wconf 83' lang='lat' dir='ltr'><strong>Abneget</strong></span> <span class='ocrx_word' id='word_1_736' title='bbox 2625 2863 2970 2932; x_wconf 85' lang='lat' dir='ltr'><strong>semetipsum</strong></span> <span class='ocrx_word' id='word_1_737' title='bbox 2999 2881 3166 2934; x_wconf 87' lang='lat' dir='ltr'><strong>usque</strong></span> <span class='ocrx_word' id='word_1_738' title='bbox 3218 2866 3286 2920; x_wconf 91' lang='lat' dir='ltr'><strong>ad</strong></span> <span class='ocrx_word' id='word_1_739' title='bbox 3341 2879 3588 2931; x_wconf 87' lang='lat' dir='ltr'><strong>mortem,</strong></span> 
     </span>
    </p>
   </div>
   <div class='ocr_carea' id='block_1_90' title="bbox 2008 2951 3589 3023">
    <p class='ocr_par' dir='ltr' id='par_1_90' title="bbox 2008 2951 3589 3023">
     <span class='ocr_line' id='line_1_90' title="bbox 2008 2951 3589 3023; baseline 0.006 -19"><span class='ocrx_word' id='word_1_740' title='bbox 2008 2952 2123 3017; x_wconf 88' lang='lat' dir='ltr'><strong>sed,</strong></span> <span class='ocrx_word' id='word_1_741' title='bbox 2152 2951 2321 3005; x_wconf 82' lang='lat' dir='ltr'><strong>Tollat</strong></span> <span class='ocrx_word' id='word_1_742' title='bbox 2345 2969 2542 3005; x_wconf 83' lang='lat' dir='ltr'><strong>crucem</strong></span> <span class='ocrx_word' id='word_1_743' title='bbox 2567 2970 2730 3016; x_wconf 86' lang='lat' dir='ltr'><strong>suam,</strong></span> <span class='ocrx_word' id='word_1_744' title='bbox 2760 2956 3118 3023; x_wconf 88' lang='lat' dir='ltr'><strong>turpissimam</strong></span> <span class='ocrx_word' id='word_1_745' title='bbox 3151 2971 3376 3013; x_wconf 87' lang='lat' dir='ltr'><strong>mortem</strong></span> <span class='ocrx_word' id='word_1_746' title='bbox 3405 2960 3589 3016; x_wconf 85' lang='lat' dir='ltr'><strong>decla-</strong></span> 
     </span>
    </p>
   </div>
   <div class='ocr_carea' id='block_1_91' title="bbox 2007 3047 3588 3120">
    <p class='ocr_par' dir='ltr' id='par_1_91' title="bbox 2007 3047 3588 3120">
     <span class='ocr_line' id='line_1_91' title="bbox 2007 3047 3588 3120; baseline 0.007 -21"><span class='ocrx_word' id='word_1_747' title='bbox 2007 3060 2166 3109; x_wconf 88' lang='lat' dir='ltr'><strong>rans;</strong></span> <span class='ocrx_word' id='word_1_748' title='bbox 2195 3056 2248 3099; x_wconf 86' lang='lat' dir='ltr'><strong>et</strong></span> <span class='ocrx_word' id='word_1_749' title='bbox 2290 3047 2430 3116; x_wconf 91' lang='lat' dir='ltr'><strong>quod</strong></span> <span class='ocrx_word' id='word_1_750' title='bbox 2459 3061 2562 3100; x_wconf 90' lang='lat' dir='ltr'><strong>non</strong></span> <span class='ocrx_word' id='word_1_751' title='bbox 2589 3047 2778 3107; x_wconf 89' lang='lat' dir='ltr'><strong>semel,</strong></span> <span class='ocrx_word' id='word_1_752' title='bbox 2810 3057 2901 3100; x_wconf 89' lang='lat' dir='ltr'><strong>aut</strong></span> <span class='ocrx_word' id='word_1_753' title='bbox 2928 3048 3007 3100; x_wconf 86' lang='lat' dir='ltr'><strong>bis</strong></span> <span class='ocrx_word' id='word_1_754' title='bbox 3027 3091 3043 3108; x_wconf 90' lang='lat'><strong><em>.</em></strong></span> <span class='ocrx_word' id='word_1_755' title='bbox 3073 3050 3164 3103; x_wconf 89' lang='lat' dir='ltr'><strong>sed</strong></span> <span class='ocrx_word' id='word_1_756' title='bbox 3197 3065 3292 3120; x_wconf 88' lang='lat' dir='ltr'><strong>per</strong></span> <span class='ocrx_word' id='word_1_757' title='bbox 3317 3061 3479 3108; x_wconf 88' lang='lat' dir='ltr'><strong>totam</strong></span> <span class='ocrx_word' id='word_1_758' title='bbox 3510 3055 3588 3110; x_wconf 79' lang='lat' dir='ltr'><strong>vi-</strong></span> 
     </span>
    </p>
   </div>
   <div class='ocr_carea' id='block_1_92' title="bbox 2010 3137 3587 3212">
    <p class='ocr_par' dir='ltr' id='par_1_92' title="bbox 2010 3137 3587 3212">
     <span class='ocr_line' id='line_1_92' title="bbox 2010 3137 3587 3212; baseline 0.007 -21"><span class='ocrx_word' id='word_1_759' title='bbox 2010 3148 2116 3193; x_wconf 90' lang='lat' dir='ltr'><strong>tam</strong></span> <span class='ocrx_word' id='word_1_760' title='bbox 2142 3139 2194 3192; x_wconf 94' lang='lat' dir='ltr'><strong>id</strong></span> <span class='ocrx_word' id='word_1_761' title='bbox 2223 3137 2522 3192; x_wconf 89' lang='lat' dir='ltr'><strong>faciendum</strong></span> <span class='ocrx_word' id='word_1_762' title='bbox 2548 3139 2634 3192; x_wconf 91' lang='lat' dir='ltr'><strong>sit.</strong></span> <span class='ocrx_word' id='word_1_763' title='bbox 2667 3139 2947 3208; x_wconf 88' lang='lat' dir='ltr'><strong>Perpetuo,</strong></span> <span class='ocrx_word' id='word_1_764' title='bbox 2975 3141 3164 3212; x_wconf 90' lang='lat' dir='ltr'><strong>inquit,</strong></span> <span class='ocrx_word' id='word_1_765' title='bbox 3191 3144 3324 3199; x_wconf 89' lang='lat' dir='ltr'><strong>hanc</strong></span> <span class='ocrx_word' id='word_1_766' title='bbox 3359 3157 3587 3203; x_wconf 90' lang='lat' dir='ltr'><strong>mortem</strong></span> 
     </span>
    </p>
   </div>
   <div class='ocr_carea' id='block_1_93' title="bbox 2007 3231 3586 3306">
    <p class='ocr_par' dir='ltr' id='par_1_93' title="bbox 2007 3231 3586 3306">
     <span class='ocr_line' id='line_1_93' title="bbox 2007 3231 3586 3306; baseline 0.006 -20"><span class='ocrx_word' id='word_1_767' title='bbox 2007 3231 2372 3296; x_wconf 89' lang='lat' dir='ltr'><strong>circumferas,</strong></span> <span class='ocrx_word' id='word_1_768' title='bbox 2419 3241 2473 3286; x_wconf 88' lang='lat' dir='ltr'><strong>et</strong></span> <span class='ocrx_word' id='word_1_769' title='bbox 2497 3231 2732 3301; x_wconf 90' lang='lat' dir='ltr'><strong>quotidie</strong></span> <span class='ocrx_word' id='word_1_770' title='bbox 2759 3233 2823 3286; x_wconf 90' lang='lat' dir='ltr'><strong>ad</strong></span> <span class='ocrx_word' id='word_1_771' title='bbox 2854 3249 3036 3288; x_wconf 86' lang='lat' dir='ltr'><strong>necem</strong></span> <span class='ocrx_word' id='word_1_772' title='bbox 3071 3247 3283 3302; x_wconf 80' lang='lat' dir='ltr'><strong>paratus</strong></span> <span class='ocrx_word' id='word_1_773' title='bbox 3326 3239 3424 3294; x_wconf 92' lang='lat' dir='ltr'><strong>sis.</strong></span> <span class='ocrx_word' id='word_1_774' title='bbox 3453 3240 3586 3306; x_wconf 87' lang='lat' dir='ltr'><strong>Quia</strong></span> 
     </span>
    </p>
   </div>
   <div class='ocr_carea' id='block_1_94' title="bbox 2007 3323 3586 3403">
    <p class='ocr_par' dir='ltr' id='par_1_94' title="bbox 2007 3323 3586 3403">
     <span class='ocr_line' id='line_1_94' title="bbox 2007 3323 3586 3403; baseline 0.006 -25"><span class='ocrx_word' id='word_1_775' title='bbox 2007 3325 2148 3379; x_wconf 84' lang='lat' dir='ltr'><strong>enim</strong></span> <span class='ocrx_word' id='word_1_776' title='bbox 2179 3323 2333 3377; x_wconf 90' lang='lat' dir='ltr'><strong>multi</strong></span> <span class='ocrx_word' id='word_1_777' title='bbox 2363 3338 2491 3393; x_wconf 89' lang='lat' dir='ltr'><strong>opes</strong></span> <span class='ocrx_word' id='word_1_778' title='bbox 2512 3333 2947 3392; x_wconf 89' lang='lat' dir='ltr'><strong>contempserunt</strong></span> <span class='ocrx_word' id='word_1_779' title='bbox 2969 3335 3024 3380; x_wconf 92' lang='lat' dir='ltr'><strong>et</strong></span> <span class='ocrx_word' id='word_1_780' title='bbox 3046 3331 3368 3397; x_wconf 79' lang='lat' dir='ltr'><strong>Voluptatem</strong></span> <span class='ocrx_word' id='word_1_781' title='bbox 3391 3341 3443 3387; x_wconf 88' lang='lat' dir='ltr'><strong>et</strong></span> <span class='ocrx_word' id='word_1_782' title='bbox 3467 3336 3586 3403; x_wconf 81' lang='lat' dir='ltr'><strong>glo-</strong></span> 
     </span>
    </p>
   </div>
   <div class='ocr_carea' id='block_1_95' title="bbox 2007 3417 3585 3496">
    <p class='ocr_par' dir='ltr' id='par_1_95' title="bbox 2007 3417 3585 3496">
     <span class='ocr_line' id='line_1_95' title="bbox 2007 3417 3585 3496; baseline 0.006 -26"><span class='ocrx_word' id='word_1_783' title='bbox 2007 3417 2162 3478; x_wconf 89' lang='lat' dir='ltr'><strong>riam,</strong></span> <span class='ocrx_word' id='word_1_784' title='bbox 2184 3426 2413 3470; x_wconf 89' lang='lat' dir='ltr'><strong>mortem</strong></span> <span class='ocrx_word' id='word_1_785' title='bbox 2437 3431 2566 3470; x_wconf 91' lang='lat' dir='ltr'><strong>vero</strong></span> <span class='ocrx_word' id='word_1_786' title='bbox 2589 3431 2694 3469; x_wconf 91' lang='lat' dir='ltr'><strong>non</strong></span> <span class='ocrx_word' id='word_1_787' title='bbox 2725 3427 3067 3485; x_wconf 86' lang='lat' dir='ltr'><strong>spreverunt,</strong></span> <span class='ocrx_word' id='word_1_788' title='bbox 3095 3431 3149 3472; x_wconf 90' lang='lat' dir='ltr'><strong>at</strong></span> <span class='ocrx_word' id='word_1_789' title='bbox 3171 3422 3460 3478; x_wconf 89' lang='lat' dir='ltr'><strong>timuerunt</strong></span> <span class='ocrx_word' id='word_1_790' title='bbox 3491 3442 3585 3496; x_wconf 81' lang='lat' dir='ltr'><strong>pc-</strong></span> 
     </span>
    </p>
   </div>
   <div class='ocr_carea' id='block_1_96' title="bbox 2007 3510 3591 3580">
    <p class='ocr_par' dir='ltr' id='par_1_96' title="bbox 2007 3510 3591 3580">
     <span class='ocr_line' id='line_1_96' title="bbox 2007 3510 3591 3580; baseline 0.008 -19"><span class='ocrx_word' id='word_1_791' title='bbox 2007 3511 2172 3564; x_wconf 91' lang='lat' dir='ltr'><strong>ricula</strong></span> <span class='ocrx_word' id='word_1_792' title='bbox 2205 3528 2218 3564; x_wconf 90' lang='lat'><strong>:</strong></span> <span class='ocrx_word' id='word_1_793' title='bbox 2249 3525 2368 3580; x_wconf 89' lang='lat' dir='ltr'><strong>ego,</strong></span> <span class='ocrx_word' id='word_1_794' title='bbox 2400 3511 2586 3579; x_wconf 90' lang='lat' dir='ltr'><strong>inquit,</strong></span> <span class='ocrx_word' id='word_1_795' title='bbox 2609 3510 2862 3564; x_wconf 88' lang='lat' dir='ltr'><strong>athletam</strong></span> <span class='ocrx_word' id='word_1_796' title='bbox 2894 3527 3070 3566; x_wconf 88' lang='lat' dir='ltr'><strong>meum</strong></span> <span class='ocrx_word' id='word_1_797' title='bbox 3110 3515 3230 3567; x_wconf 92' lang='lat' dir='ltr'><strong>volo</strong></span> <span class='ocrx_word' id='word_1_798' title='bbox 3259 3517 3326 3569; x_wconf 85' lang='lat' dir='ltr'><strong>ad</strong></span> <span class='ocrx_word' id='word_1_799' title='bbox 3359 3528 3591 3574; x_wconf 88' lang='lat' dir='ltr'><strong>mortem</strong></span> 
     </span>
    </p>
   </div>
   <div class='ocr_carea' id='block_1_97' title="bbox 2007 3603 3593 3679">
    <p class='ocr_par' dir='ltr' id='par_1_97' title="bbox 2007 3603 3593 3679">
     <span class='ocr_line' id='line_1_97' title="bbox 2007 3603 3593 3679; baseline 0.008 -26"><span class='ocrx_word' id='word_1_800' title='bbox 2007 3616 2176 3670; x_wconf 89' lang='lat' dir='ltr'><strong>usque</strong></span> <span class='ocrx_word' id='word_1_801' title='bbox 2217 3616 2451 3670; x_wconf 89' lang='lat' dir='ltr'><strong>pugnare</strong></span> <span class='ocrx_word' id='word_1_802' title='bbox 2477 3643 2492 3667; x_wconf 89' lang='lat'><strong>,</strong></span> <span class='ocrx_word' id='word_1_803' title='bbox 2522 3603 2890 3656; x_wconf 90' lang='lat' dir='ltr'><strong>etccrtamiua</strong></span> <span class='ocrx_word' id='word_1_804' title='bbox 2938 3603 3004 3657; x_wconf 91' lang='lat' dir='ltr'><strong>ad</strong></span> <span class='ocrx_word' id='word_1_805' title='bbox 3054 3607 3367 3673; x_wconf 83' lang='lat' dir='ltr'><strong>sanguinem</strong></span> <span class='ocrx_word' id='word_1_806' title='bbox 3418 3625 3593 3679; x_wconf 75' lang='lat' dir='ltr'><strong>usque</strong></span> 
     </span>
    </p>
   </div>
   <div class='ocr_carea' id='block_1_98' title="bbox 2009 3694 3584 3764">
    <p class='ocr_par' dir='ltr' id='par_1_98' title="bbox 2009 3694 3584 3764">
     <span class='ocr_line' id='line_1_98' title="bbox 2009 3694 3584 3764; baseline 0.006 -16"><span class='ocrx_word' id='word_1_807' title='bbox 2009 3695 2210 3764; x_wconf 82' lang='lat' dir='ltr'><strong>peragi.</strong></span> <span class='ocrx_word' id='word_1_808' title='bbox 2247 3694 2430 3763; x_wconf 89' lang='lat' dir='ltr'><strong>Itaque</strong></span> <span class='ocrx_word' id='word_1_809' title='bbox 2457 3694 2500 3746; x_wconf 91' lang='lat' dir='ltr'><strong>si</strong></span> <span class='ocrx_word' id='word_1_810' title='bbox 2533 3702 2756 3748; x_wconf 89' lang='lat' dir='ltr'><strong>mortem</strong></span> <span class='ocrx_word' id='word_1_811' title='bbox 2793 3695 2942 3749; x_wconf 89' lang='lat' dir='ltr'><strong>obire</strong></span> <span class='ocrx_word' id='word_1_812' title='bbox 2988 3707 3252 3764; x_wconf 80' lang='lat' dir='ltr'><strong>Oporteat,</strong></span> <span class='ocrx_word' id='word_1_813' title='bbox 3281 3710 3334 3754; x_wconf 90' lang='lat' dir='ltr'><strong>et</strong></span> <span class='ocrx_word' id='word_1_814' title='bbox 3357 3713 3584 3757; x_wconf 85' lang='lat' dir='ltr'><strong>mortem</strong></span> 
     </span>
    </p>
   </div>
   <div class='ocr_carea' id='block_1_99' title="bbox 2009 3788 3592 3864">
    <p class='ocr_par' dir='ltr' id='par_1_99' title="bbox 2009 3788 3592 3864">
     <span class='ocr_line' id='line_1_99' title="bbox 2009 3788 3592 3864; baseline 0.006 -23"><span class='ocrx_word' id='word_1_815' title='bbox 2009 3788 2398 3856; x_wconf 81' lang='lat' dir='ltr'><strong>turpissimam,</strong></span> <span class='ocrx_word' id='word_1_816' title='bbox 2434 3797 2764 3856; x_wconf 90' lang='lat' dir='ltr'><strong>mortemque</strong></span> <span class='ocrx_word' id='word_1_817' title='bbox 2790 3789 3194 3856; x_wconf 76' lang='lat' dir='ltr'><strong>exsecrandum,</strong></span> <span class='ocrx_word' id='word_1_818' title='bbox 3223 3793 3453 3858; x_wconf 86' lang='lat' dir='ltr'><strong>etiamsi,</strong></span> <span class='ocrx_word' id='word_1_819' title='bbox 3489 3811 3592 3864; x_wconf 76' lang='lat' dir='ltr'><strong>pro.</strong></span> 
     </span>
    </p>
   </div>
   <div class='ocr_carea' id='block_1_100' title="bbox 2008 3877 3584 3956">
    <p class='ocr_par' dir='ltr' id='par_1_100' title="bbox 2008 3877 3584 3956">
     <span class='ocr_line' id='line_1_100' title="bbox 2008 3877 3584 3956; baseline 0.008 -26"><span class='ocrx_word' id='word_1_820' title='bbox 2008 3893 2166 3948; x_wconf 91' lang='lat' dir='ltr'><strong>prava</strong></span> <span class='ocrx_word' id='word_1_821' title='bbox 2187 3877 2412 3948; x_wconf 86' lang='lat' dir='ltr'><strong>quadam</strong></span> <span class='ocrx_word' id='word_1_822' title='bbox 2435 3878 2757 3944; x_wconf 89' lang='lat' dir='ltr'><strong>suspicione,</strong></span> <span class='ocrx_word' id='word_1_823' title='bbox 2773 3878 2950 3932; x_wconf 89' lang='lat' dir='ltr'><strong>omnia</strong></span> <span class='ocrx_word' id='word_1_824' title='bbox 2971 3890 3182 3949; x_wconf 86' lang='lat' dir='ltr'><strong>oportet</strong></span> <span class='ocrx_word' id='word_1_825' title='bbox 3201 3883 3407 3940; x_wconf 89' lang='lat' dir='ltr'><strong>fortiter</strong></span> <span class='ocrx_word' id='word_1_826' title='bbox 3420 3885 3584 3956; x_wconf 87' lang='lat' dir='ltr'><strong>ferre,</strong></span> 
     </span>
    </p>
   </div>
   <div class='ocr_carea' id='block_1_101' title="bbox 2005 3969 3587 4043">
    <p class='ocr_par' dir='ltr' id='par_1_101' title="bbox 2005 3969 3587 4043">
     <span class='ocr_line' id='line_1_101' title="bbox 2005 3969 3587 4043; baseline 0.006 -18"><span class='ocrx_word' id='word_1_827' title='bbox 2005 3979 2059 4025; x_wconf 89' lang='lat' dir='ltr'><strong>et</strong></span> <span class='ocrx_word' id='word_1_828' title='bbox 2090 3970 2208 4024; x_wconf 91' lang='lat' dir='ltr'><strong>ideo</strong></span> <span class='ocrx_word' id='word_1_829' title='bbox 2235 3969 2462 4023; x_wconf 90' lang='lat' dir='ltr'><strong>maxime</strong></span> <span class='ocrx_word' id='word_1_830' title='bbox 2487 3970 2774 4025; x_wconf 78' lang='lat' dir='ltr'><strong>exsultare.</strong></span> <span class='ocrx_word' id='word_1_831' title='bbox 2807 3969 2874 4022; x_wconf 86' lang='lat' dir='ltr'><strong>Et</strong></span> <span class='ocrx_word' id='word_1_832' title='bbox 2897 3981 3132 4040; x_wconf 82' lang='lat' dir='ltr'><strong>sequatur</strong></span> <span class='ocrx_word' id='word_1_833' title='bbox 3157 3991 3253 4028; x_wconf 88' lang='lat' dir='ltr'><strong>me.</strong></span> <span class='ocrx_word' id='word_1_834' title='bbox 3283 3977 3413 4043; x_wconf 85' lang='lat' dir='ltr'><strong>Quia</strong></span> <span class='ocrx_word' id='word_1_835' title='bbox 3441 3981 3587 4041; x_wconf 84' lang='lat' dir='ltr'><strong>enim</strong></span> 
     </span>
    </p>
   </div>
   <div class='ocr_carea' id='block_1_102' title="bbox 2007 4059 3584 4137">
    <p class='ocr_par' dir='ltr' id='par_1_102' title="bbox 2007 4059 3584 4137">
     <span class='ocr_line' id='line_1_102' title="bbox 2007 4059 3584 4137; baseline 0.007 -23"><span class='ocrx_word' id='word_1_836' title='bbox 2007 4061 2120 4114; x_wconf 76' lang='lat' dir='ltr'><strong>fieri</strong></span> <span class='ocrx_word' id='word_1_837' title='bbox 2179 4069 2352 4128; x_wconf 88' lang='lat' dir='ltr'><strong>potest</strong></span> <span class='ocrx_word' id='word_1_838' title='bbox 2396 4059 2566 4128; x_wconf 92' lang='lat' dir='ltr'><strong>utqui</strong></span> <span class='ocrx_word' id='word_1_839' title='bbox 2608 4061 2806 4128; x_wconf 91' lang='lat' dir='ltr'><strong>patitur</strong></span> <span class='ocrx_word' id='word_1_840' title='bbox 2843 4076 2947 4114; x_wconf 88' lang='lat' dir='ltr'><strong>non</strong></span> <span class='ocrx_word' id='word_1_841' title='bbox 2991 4074 3243 4131; x_wconf 89' lang='lat' dir='ltr'><strong>sequatur</strong></span> <span class='ocrx_word' id='word_1_842' title='bbox 3290 4066 3584 4137; x_wconf 77' lang='lat' dir='ltr'><strong>Christum,</strong></span> 
     </span>
    </p>
   </div>
   <div class='ocr_carea' id='block_1_103' title="bbox 2005 4151 3586 4224">
    <p class='ocr_par' dir='ltr' id='par_1_103' title="bbox 2005 4151 3586 4224">
     <span class='ocr_line' id='line_1_103' title="bbox 2005 4151 3586 4224; baseline 0.008 -20"><span class='ocrx_word' id='word_1_843' title='bbox 2005 4167 2126 4205; x_wconf 92' lang='lat' dir='ltr'><strong>cum</strong></span> <span class='ocrx_word' id='word_1_844' title='bbox 2167 4165 2272 4204; x_wconf 92' lang='lat' dir='ltr'><strong>non</strong></span> <span class='ocrx_word' id='word_1_845' title='bbox 2331 4151 2526 4220; x_wconf 88' lang='lat' dir='ltr'><strong>patitur</strong></span> <span class='ocrx_word' id='word_1_846' title='bbox 2558 4162 2774 4218; x_wconf 88' lang='lat' dir='ltr'><strong>propter</strong></span> <span class='ocrx_word' id='word_1_847' title='bbox 2817 4151 2988 4220; x_wconf 91' lang='lat' dir='ltr'><strong>ipsum</strong></span> <span class='ocrx_word' id='word_1_848' title='bbox 3039 4153 3183 4224; x_wconf 90' lang='lat' dir='ltr'><strong>(nam</strong></span> <span class='ocrx_word' id='word_1_849' title='bbox 3215 4157 3468 4224; x_wconf 88' lang='lat' dir='ltr'><strong>latrones,</strong></span> <span class='ocrx_word' id='word_1_850' title='bbox 3500 4177 3586 4217; x_wconf 83' lang='lat' dir='ltr'><strong>se-</strong></span> 
     </span>
    </p>
   </div>
   <div class='ocr_carea' id='block_1_104' title="bbox 2007 4243 3587 4322">
    <p class='ocr_par' dir='ltr' id='par_1_104' title="bbox 2007 4243 3587 4322">
     <span class='ocr_line' id='line_1_104' title="bbox 2007 4243 3587 4322; baseline 0.004 -26"><span class='ocrx_word' id='word_1_851' title='bbox 2007 4246 2308 4314; x_wconf 89' lang='lat' dir='ltr'><strong>pulcrorum</strong></span> <span class='ocrx_word' id='word_1_852' title='bbox 2329 4243 2648 4311; x_wconf 85' lang='lat' dir='ltr'><strong>expilatores</strong></span> <span class='ocrx_word' id='word_1_853' title='bbox 2665 4254 2722 4296; x_wconf 92' lang='lat' dir='ltr'><strong>et</strong></span> <span class='ocrx_word' id='word_1_854' title='bbox 2746 4245 3154 4312; x_wconf 72' lang='lat' dir='ltr'><strong>praestigiatores</strong></span> <span class='ocrx_word' id='word_1_855' title='bbox 3176 4250 3336 4304; x_wconf 88' lang='lat' dir='ltr'><strong>multa</strong></span> <span class='ocrx_word' id='word_1_856' title='bbox 3381 4261 3436 4306; x_wconf 90' lang='lat' dir='ltr'><strong>et</strong></span> <span class='ocrx_word' id='word_1_857' title='bbox 3461 4269 3587 4322; x_wconf 73' lang='lat' dir='ltr'><strong>gra.</strong></span> 
     </span>
    </p>
   </div>
   <div class='ocr_carea' id='block_1_105' title="bbox 2005 4331 3583 4407">
    <p class='ocr_par' dir='ltr' id='par_1_105' title="bbox 2005 4331 3583 4407">
     <span class='ocr_line' id='line_1_105' title="bbox 2005 4331 3583 4407; baseline 0.006 -17"><span class='ocrx_word' id='word_1_858' title='bbox 2005 4339 2150 4390; x_wconf 90' lang='lat' dir='ltr'><strong>viora</strong></span> <span class='ocrx_word' id='word_1_859' title='bbox 2180 4331 2470 4405; x_wconf 90' lang='lat' dir='ltr'><strong>patiuntur)</strong></span> <span class='ocrx_word' id='word_1_860' title='bbox 2497 4375 2512 4398; x_wconf 92' lang='lat'><strong>,</strong></span> <span class='ocrx_word' id='word_1_861' title='bbox 2538 4351 2605 4387; x_wconf 90' lang='lat' dir='ltr'><strong>ne</strong></span> <span class='ocrx_word' id='word_1_862' title='bbox 2635 4343 2810 4402; x_wconf 91' lang='lat' dir='ltr'><strong>putes,</strong></span> <span class='ocrx_word' id='word_1_863' title='bbox 2837 4335 3080 4391; x_wconf 82' lang='lat' dir='ltr'><strong>sufficere</strong></span> <span class='ocrx_word' id='word_1_864' title='bbox 3119 4338 3286 4407; x_wconf 87' lang='lat' dir='ltr'><strong>ipsam</strong></span> <span class='ocrx_word' id='word_1_865' title='bbox 3325 4344 3583 4399; x_wconf 89' lang='lat' dir='ltr'><strong>malorum</strong></span> 
     </span>
    </p>
   </div>
   <div class='ocr_carea' id='block_1_106' title="bbox 2005 4426 3587 4496">
    <p class='ocr_par' dir='ltr' id='par_1_106' title="bbox 2005 4426 3587 4496">
     <span class='ocr_line' id='line_1_106' title="bbox 2005 4426 3587 4496; baseline 0.008 -18"><span class='ocrx_word' id='word_1_866' title='bbox 2005 4436 2268 4487; x_wconf 88' lang='lat' dir='ltr'><strong>naturam,</strong></span> <span class='ocrx_word' id='word_1_867' title='bbox 2314 4440 2529 4478; x_wconf 89' lang='lat' dir='ltr'><strong>causam</strong></span> <span class='ocrx_word' id='word_1_868' title='bbox 2563 4426 2819 4478; x_wconf 92' lang='lat' dir='ltr'><strong>malorum</strong></span> <span class='ocrx_word' id='word_1_869' title='bbox 2849 4426 3012 4481; x_wconf 90' lang='lat' dir='ltr'><strong>addit.</strong></span> <span class='ocrx_word' id='word_1_870' title='bbox 3043 4429 3296 4496; x_wconf 67' lang='lat' dir='ltr'><strong>Quaanam</strong></span> <span class='ocrx_word' id='word_1_871' title='bbox 3341 4435 3429 4490; x_wconf 86' lang='lat' dir='ltr'><strong>illa</strong></span> <span class='ocrx_word' id='word_1_872' title='bbox 3465 4439 3587 4496; x_wconf 67' lang='lat' dir='ltr'><strong>est?</strong></span> 
     </span>
    </p>
   </div>
   <div class='ocr_carea' id='block_1_107' title="bbox 2007 4516 3585 4597">
    <p class='ocr_par' dir='ltr' id='par_1_107' title="bbox 2007 4516 3585 4597">
     <span class='ocr_line' id='line_1_107' title="bbox 2007 4516 3585 4597; baseline 0.005 -23"><span class='ocrx_word' id='word_1_873' title='bbox 2007 4517 2073 4574; x_wconf 86' lang='lat' dir='ltr'><strong>Ut</strong></span> <span class='ocrx_word' id='word_1_874' title='bbox 2095 4518 2208 4572; x_wconf 66' lang='lat' dir='ltr'><strong>haec</strong></span> <span class='ocrx_word' id='word_1_875' title='bbox 2236 4531 2398 4586; x_wconf 86' lang='lat' dir='ltr'><strong>agens</strong></span> <span class='ocrx_word' id='word_1_876' title='bbox 2433 4525 2488 4570; x_wconf 93' lang='lat' dir='ltr'><strong>et</strong></span> <span class='ocrx_word' id='word_1_877' title='bbox 2523 4516 2728 4585; x_wconf 88' lang='lat' dir='ltr'><strong>patiens</strong></span> <span class='ocrx_word' id='word_1_878' title='bbox 2758 4518 2927 4585; x_wconf 89' lang='lat' dir='ltr'><strong>ipsum</strong></span> <span class='ocrx_word' id='word_1_879' title='bbox 2968 4523 3244 4590; x_wconf 89' lang='lat' dir='ltr'><strong>sequaris;</strong></span> <span class='ocrx_word' id='word_1_880' title='bbox 3287 4535 3344 4578; x_wconf 91' lang='lat' dir='ltr'><strong>ut</strong></span> <span class='ocrx_word' id='word_1_881' title='bbox 3371 4539 3585 4597; x_wconf 87' lang='lat' dir='ltr'><strong>propter</strong></span> 
     </span>
    </p>
   </div>
   <div class='ocr_carea' id='block_1_108' title="bbox 2005 4609 3580 4680">
    <p class='ocr_par' dir='ltr' id='par_1_108' title="bbox 2005 4609 3580 4680">
     <span class='ocr_line' id='line_1_108' title="bbox 2005 4609 3580 4680; baseline 0.006 -16"><span class='ocrx_word' id='word_1_882' title='bbox 2005 4613 2176 4678; x_wconf 92' lang='lat' dir='ltr'><strong>ipsum</strong></span> <span class='ocrx_word' id='word_1_883' title='bbox 2201 4610 2378 4663; x_wconf 91' lang='lat' dir='ltr'><strong>omnia</strong></span> <span class='ocrx_word' id='word_1_884' title='bbox 2408 4609 2656 4677; x_wconf 90' lang='lat' dir='ltr'><strong>patiaris,</strong></span> <span class='ocrx_word' id='word_1_885' title='bbox 2701 4619 2754 4662; x_wconf 93' lang='lat' dir='ltr'><strong>et</strong></span> <span class='ocrx_word' id='word_1_886' title='bbox 2792 4611 3025 4680; x_wconf 89' lang='lat' dir='ltr'><strong>reliquas</strong></span> <span class='ocrx_word' id='word_1_887' title='bbox 3070 4613 3290 4670; x_wconf 89' lang='lat' dir='ltr'><strong>virtutes</strong></span> <span class='ocrx_word' id='word_1_888' title='bbox 3318 4617 3580 4678; x_wconf 88' lang='lat' dir='ltr'><strong>obtineas.</strong></span> 
     </span>
    </p>
   </div>
   <div class='ocr_carea' id='block_1_109' title="bbox 2003 4699 3584 4770">
    <p class='ocr_par' dir='ltr' id='par_1_109' title="bbox 2003 4699 3584 4770">
     <span class='ocr_line' id='line_1_109' title="bbox 2003 4699 3584 4770; baseline 0.006 -12"><span class='ocrx_word' id='word_1_889' title='bbox 2003 4701 2136 4758; x_wconf 86' lang='lat' dir='ltr'><strong>Nam</strong></span> <span class='ocrx_word' id='word_1_890' title='bbox 2156 4701 2208 4755; x_wconf 88' lang='lat' dir='ltr'><strong>id</strong></span> <span class='ocrx_word' id='word_1_891' title='bbox 2235 4699 2496 4770; x_wconf 85' lang='lat' dir='ltr'><strong>significat</strong></span> <span class='ocrx_word' id='word_1_892' title='bbox 2523 4699 2674 4764; x_wconf 88' lang='lat' dir='ltr'><strong>illtid,</strong></span> <span class='ocrx_word' id='word_1_893' title='bbox 2707 4700 2960 4770; x_wconf 83' lang='lat' dir='ltr'><strong>Sequatur</strong></span> <span class='ocrx_word' id='word_1_894' title='bbox 2986 4719 3094 4768; x_wconf 87' lang='lat' dir='ltr'><strong>me;</strong></span> <span class='ocrx_word' id='word_1_895' title='bbox 3127 4705 3196 4758; x_wconf 90' lang='lat' dir='ltr'><strong>ita</strong></span> <span class='ocrx_word' id='word_1_896' title='bbox 3221 4715 3398 4762; x_wconf 89' lang='lat' dir='ltr'><strong>utnon</strong></span> <span class='ocrx_word' id='word_1_897' title='bbox 3425 4712 3584 4767; x_wconf 88' lang='lat' dir='ltr'><strong>modo</strong></span> 
     </span>
    </p>
   </div>
   <div class='ocr_carea' id='block_1_110' title="bbox 2005 4793 3585 4874">
    <p class='ocr_par' dir='ltr' id='par_1_110' title="bbox 2005 4793 3585 4874">
     <span class='ocr_line' id='line_1_110' title="bbox 2005 4793 3585 4874; baseline 0.004 -25"><span class='ocrx_word' id='word_1_898' title='bbox 2005 4795 2369 4850; x_wconf 82' lang='lat' dir='ltr'><strong>fortitudinem</strong></span> <span class='ocrx_word' id='word_1_899' title='bbox 2395 4795 2445 4848; x_wconf 92' lang='lat' dir='ltr'><strong>in</strong></span> <span class='ocrx_word' id='word_1_900' title='bbox 2476 4793 2729 4848; x_wconf 58' lang='lat' dir='ltr'><strong>aerumnis</strong></span> <span class='ocrx_word' id='word_1_901' title='bbox 2748 4834 2762 4854; x_wconf 88' lang='lat'><strong>.</strong></span> <span class='ocrx_word' id='word_1_902' title='bbox 2787 4794 2879 4848; x_wconf 90' lang='lat' dir='ltr'><strong>sed</strong></span> <span class='ocrx_word' id='word_1_903' title='bbox 2909 4804 2962 4849; x_wconf 91' lang='lat' dir='ltr'><strong>et</strong></span> <span class='ocrx_word' id='word_1_904' title='bbox 2982 4797 3362 4855; x_wconf 89' lang='lat' dir='ltr'><strong>continentiam</strong></span> <span class='ocrx_word' id='word_1_905' title='bbox 3383 4845 3397 4868; x_wconf 96' lang='lat'><strong>,</strong></span> <span class='ocrx_word' id='word_1_906' title='bbox 3421 4808 3585 4874; x_wconf 65' lang='lat' dir='ltr'><strong>tequi-</strong></span> 
     </span>
    </p>
   </div>
   <div class='ocr_carea' id='block_1_111' title="bbox 2008 4885 3583 4955">
    <p class='ocr_par' dir='ltr' id='par_1_111' title="bbox 2008 4885 3583 4955">
     <span class='ocr_line' id='line_1_111' title="bbox 2008 4885 3583 4955; baseline 0.008 -14"><span class='ocrx_word' id='word_1_907' title='bbox 2008 4897 2169 4942; x_wconf 86' lang='lat' dir='ltr'><strong>tatem</strong></span> <span class='ocrx_word' id='word_1_908' title='bbox 2190 4927 2206 4952; x_wconf 93' lang='lat'><strong>,</strong></span> <span class='ocrx_word' id='word_1_909' title='bbox 2227 4901 2548 4955; x_wconf 90' lang='lat' dir='ltr'><strong>omnemque</strong></span> <span class='ocrx_word' id='word_1_910' title='bbox 2566 4885 2956 4955; x_wconf 89' lang='lat' dir='ltr'><strong>philos0phiam</strong></span> <span class='ocrx_word' id='word_1_911' title='bbox 2977 4889 3249 4946; x_wconf 83' lang='lat' dir='ltr'><strong>exhibeas.</strong></span> <span class='ocrx_word' id='word_1_912' title='bbox 3281 4891 3410 4949; x_wconf 79' lang='lat' dir='ltr'><strong>illud</strong></span> <span class='ocrx_word' id='word_1_913' title='bbox 3439 4899 3583 4953; x_wconf 89' lang='lat' dir='ltr'><strong>enim</strong></span> 
     </span>
    </p>
   </div>
   <div class='ocr_carea' id='block_1_112' title="bbox 2003 4977 3584 5058">
    <p class='ocr_par' dir='ltr' id='par_1_112' title="bbox 2003 4977 3584 5058">
     <span class='ocr_line' id='line_1_112' title="bbox 2003 4977 3584 5058; baseline 0.006 -23"><span class='ocrx_word' id='word_1_914' title='bbox 2003 4988 2087 5035; x_wconf 88' lang='lat' dir='ltr'><strong>est</strong></span> <span class='ocrx_word' id='word_1_915' title='bbox 2102 4986 2158 5033; x_wconf 91' lang='lat' dir='ltr'><strong>ut</strong></span> <span class='ocrx_word' id='word_1_916' title='bbox 2172 4985 2381 5048; x_wconf 90' lang='lat' dir='ltr'><strong>oportet</strong></span> <span class='ocrx_word' id='word_1_917' title='bbox 2403 4977 2552 5045; x_wconf 90' lang='lat' dir='ltr'><strong>sequi</strong></span> <span class='ocrx_word' id='word_1_918' title='bbox 2582 4994 2596 5031; x_wconf 90' lang='lat'><strong>:</strong></span> <span class='ocrx_word' id='word_1_919' title='bbox 2621 4986 2674 5032; x_wconf 91' lang='lat' dir='ltr'><strong>et</strong></span> <span class='ocrx_word' id='word_1_920' title='bbox 2687 4978 2820 5032; x_wconf 85' lang='lat' dir='ltr'><strong>alias</strong></span> <span class='ocrx_word' id='word_1_921' title='bbox 2834 4992 3022 5032; x_wconf 90' lang='lat' dir='ltr'><strong>curare</strong></span> <span class='ocrx_word' id='word_1_922' title='bbox 3039 4981 3282 5048; x_wconf 88' lang='lat' dir='ltr'><strong>virtutes,</strong></span> <span class='ocrx_word' id='word_1_923' title='bbox 3301 4993 3355 5039; x_wconf 91' lang='lat' dir='ltr'><strong>et</strong></span> <span class='ocrx_word' id='word_1_924' title='bbox 3368 4997 3584 5058; x_wconf 87' lang='lat' dir='ltr'><strong>propter</strong></span> 
     </span>
    </p>
   </div>
   <div class='ocr_carea' id='block_1_113' title="bbox 2006 5067 3582 5146">
    <p class='ocr_par' dir='ltr' id='par_1_113' title="bbox 2006 5067 3582 5146">
     <span class='ocr_line' id='line_1_113' title="bbox 2006 5067 3582 5146; baseline 0.01 -27"><span class='ocrx_word' id='word_1_925' title='bbox 2006 5073 2177 5140; x_wconf 88' lang='lat' dir='ltr'><strong>ipsum</strong></span> <span class='ocrx_word' id='word_1_926' title='bbox 2195 5069 2368 5122; x_wconf 90' lang='lat' dir='ltr'><strong>omnia</strong></span> <span class='ocrx_word' id='word_1_927' title='bbox 2398 5068 2527 5137; x_wconf 85' lang='lat' dir='ltr'><strong>pati.</strong></span> <span class='ocrx_word' id='word_1_928' title='bbox 2551 5067 2686 5122; x_wconf 89' lang='lat' dir='ltr'><strong>Suut</strong></span> <span class='ocrx_word' id='word_1_929' title='bbox 2713 5069 2851 5124; x_wconf 81' lang='lat' dir='ltr'><strong>enim</strong></span> <span class='ocrx_word' id='word_1_930' title='bbox 2869 5069 2954 5138; x_wconf 90' lang='lat' dir='ltr'><strong>qui</strong></span> <span class='ocrx_word' id='word_1_931' title='bbox 2981 5069 3246 5126; x_wconf 87' lang='lat' dir='ltr'><strong>diabolmn</strong></span> <span class='ocrx_word' id='word_1_932' title='bbox 3269 5087 3582 5146; x_wconf 83' lang='lat' dir='ltr'><strong>sequuntur,</strong></span> 
     </span>
    </p>
   </div>
   <div class='ocr_carea' id='block_1_114' title="bbox 2005 5161 3584 5238">
    <p class='ocr_par' dir='ltr' id='par_1_114' title="bbox 2005 5161 3584 5238">
     <span class='ocr_line' id='line_1_114' title="bbox 2005 5161 3584 5238; baseline 0.004 -20"><span class='ocrx_word' id='word_1_933' title='bbox 2005 5173 2055 5218; x_wconf 88' lang='lat' dir='ltr'><strong>et</strong></span> <span class='ocrx_word' id='word_1_934' title='bbox 2085 5162 2199 5218; x_wconf 64' lang='lat' dir='ltr'><strong>haec</strong></span> <span class='ocrx_word' id='word_1_935' title='bbox 2229 5162 2497 5230; x_wconf 89' lang='lat' dir='ltr'><strong>patiuntur</strong></span> <span class='ocrx_word' id='word_1_936' title='bbox 2521 5203 2535 5225; x_wconf 93' lang='lat'><strong>,</strong></span> <span class='ocrx_word' id='word_1_937' title='bbox 2564 5169 2619 5213; x_wconf 91' lang='lat' dir='ltr'><strong>ct</strong></span> <span class='ocrx_word' id='word_1_938' title='bbox 2644 5171 2862 5228; x_wconf 83' lang='lat' dir='ltr'><strong>prOpter</strong></span> <span class='ocrx_word' id='word_1_939' title='bbox 2904 5161 3047 5215; x_wconf 92' lang='lat' dir='ltr'><strong>illum</strong></span> <span class='ocrx_word' id='word_1_940' title='bbox 3075 5164 3280 5218; x_wconf 87' lang='lat' dir='ltr'><strong>animas</strong></span> <span class='ocrx_word' id='word_1_941' title='bbox 3305 5181 3430 5222; x_wconf 88' lang='lat' dir='ltr'><strong>suas</strong></span> <span class='ocrx_word' id='word_1_942' title='bbox 3459 5184 3584 5238; x_wconf 81' lang='lat' dir='ltr'><strong>pro-</strong></span> 
     </span>
    </p>
   </div>
   <div class='ocr_carea' id='block_1_115' title="bbox 2007 5249 3579 5325">
    <p class='ocr_par' dir='ltr' id='par_1_115' title="bbox 2007 5249 3579 5325">
     <span class='ocr_line' id='line_1_115' title="bbox 2007 5249 3579 5325; baseline 0.004 -17"><span class='ocrx_word' id='word_1_943' title='bbox 2007 5255 2174 5318; x_wconf 89' lang='lat' dir='ltr'><strong>dunt;</strong></span> <span class='ocrx_word' id='word_1_944' title='bbox 2208 5253 2301 5307; x_wconf 88' lang='lat' dir='ltr'><strong>sed</strong></span> <span class='ocrx_word' id='word_1_945' title='bbox 2341 5267 2439 5305; x_wconf 92' lang='lat' dir='ltr'><strong>nos</strong></span> <span class='ocrx_word' id='word_1_946' title='bbox 2470 5260 2686 5320; x_wconf 89' lang='lat' dir='ltr'><strong>propter</strong></span> <span class='ocrx_word' id='word_1_947' title='bbox 2731 5249 3003 5306; x_wconf 85' lang='lat' dir='ltr'><strong>Christum</strong></span> <span class='ocrx_word' id='word_1_948' title='bbox 3028 5294 3043 5317; x_wconf 94' lang='lat'><strong>,</strong></span> <span class='ocrx_word' id='word_1_949' title='bbox 3075 5254 3181 5308; x_wconf 87' lang='lat' dir='ltr'><strong>imo</strong></span> <span class='ocrx_word' id='word_1_950' title='bbox 3213 5267 3430 5325; x_wconf 88' lang='lat' dir='ltr'><strong>propter</strong></span> <span class='ocrx_word' id='word_1_951' title='bbox 3483 5276 3579 5318; x_wconf 90' lang='lat' dir='ltr'><strong>nos</strong></span> 
     </span>
    </p>
   </div>
   <div class='ocr_carea' id='block_1_116' title="bbox 2006 5342 3578 5414">
    <p class='ocr_par' dir='ltr' id='par_1_116' title="bbox 2006 5342 3578 5414">
     <span class='ocr_line' id='line_1_116' title="bbox 2006 5342 3578 5414; baseline 0.006 -15"><span class='ocrx_word' id='word_1_952' title='bbox 2006 5347 2169 5413; x_wconf 88' lang='lat' dir='ltr'><strong>ipsos.</strong></span> <span class='ocrx_word' id='word_1_953' title='bbox 2199 5343 2298 5408; x_wconf 90' lang='lat' dir='ltr'><strong>Illi,</strong></span> <span class='ocrx_word' id='word_1_954' title='bbox 2328 5352 2384 5398; x_wconf 90' lang='lat' dir='ltr'><strong>ut</strong></span> <span class='ocrx_word' id='word_1_955' title='bbox 2410 5343 2507 5397; x_wconf 91' lang='lat' dir='ltr'><strong>sibi</strong></span> <span class='ocrx_word' id='word_1_956' title='bbox 2531 5343 2658 5411; x_wconf 88' lang='lat' dir='ltr'><strong>ipsis</strong></span> <span class='ocrx_word' id='word_1_957' title='bbox 2685 5351 2740 5397; x_wconf 91' lang='lat' dir='ltr'><strong>et</strong></span> <span class='ocrx_word' id='word_1_958' title='bbox 2768 5342 2852 5397; x_wconf 91' lang='lat' dir='ltr'><strong>hic</strong></span> <span class='ocrx_word' id='word_1_959' title='bbox 2880 5351 2937 5398; x_wconf 89' lang='lat' dir='ltr'><strong>et</strong></span> <span class='ocrx_word' id='word_1_960' title='bbox 2959 5344 3067 5399; x_wconf 93' lang='lat' dir='ltr'><strong>illic</strong></span> <span class='ocrx_word' id='word_1_961' title='bbox 3089 5359 3350 5414; x_wconf 89' lang='lat' dir='ltr'><strong>noceant;</strong></span> <span class='ocrx_word' id='word_1_962' title='bbox 3379 5367 3494 5413; x_wconf 86' lang='lat' dir='ltr'><strong>nos.</strong></span> <span class='ocrx_word' id='word_1_963' title='bbox 3525 5364 3578 5408; x_wconf 89' lang='lat' dir='ltr'><strong>ut</strong></span> 
     </span>
    </p>
   </div>
   <div class='ocr_carea' id='block_1_117' title="bbox 2006 5435 3577 5511">
    <p class='ocr_par' dir='ltr' id='par_1_117' title="bbox 2006 5435 3577 5511">
     <span class='ocr_line' id='line_1_117' title="bbox 2006 5435 3577 5511; baseline 0.006 -19"><span class='ocrx_word' id='word_1_964' title='bbox 2006 5447 2285 5506; x_wconf 88' lang='lat' dir='ltr'><strong>utramque</strong></span> <span class='ocrx_word' id='word_1_965' title='bbox 2304 5436 2464 5490; x_wconf 91' lang='lat' dir='ltr'><strong>vitam</strong></span> <span class='ocrx_word' id='word_1_966' title='bbox 2487 5435 2773 5490; x_wconf 91' lang='lat' dir='ltr'><strong>lucremur.</strong></span> <span class='ocrx_word' id='word_1_967' title='bbox 2799 5436 3078 5504; x_wconf 86' lang='lat' dir='ltr'><strong>Quomodo</strong></span> <span class='ocrx_word' id='word_1_968' title='bbox 3094 5455 3221 5511; x_wconf 79' lang='lat' dir='ltr'><strong>ergo</strong></span> <span class='ocrx_word' id='word_1_969' title='bbox 3239 5457 3343 5496; x_wconf 89' lang='lat' dir='ltr'><strong>non</strong></span> <span class='ocrx_word' id='word_1_970' title='bbox 3357 5461 3577 5501; x_wconf 79' lang='lat' dir='ltr'><strong>sunnnm</strong></span> 
     </span>
    </p>
   </div>
   <div class='ocr_carea' id='block_1_118' title="bbox 2005 5527 3577 5604">
    <p class='ocr_par' dir='ltr' id='par_1_118' title="bbox 2005 5527 3577 5604">
     <span class='ocr_line' id='line_1_118' title="bbox 2005 5527 3577 5604; baseline 0.006 -22"><span class='ocrx_word' id='word_1_971' title='bbox 2005 5527 2166 5582; x_wconf 86' lang='lat' dir='ltr'><strong>fuerit</strong></span> <span class='ocrx_word' id='word_1_972' title='bbox 2222 5528 2441 5597; x_wconf 74' lang='lat' dir='ltr'><strong>ignavia:</strong></span> <span class='ocrx_word' id='word_1_973' title='bbox 2486 5543 2592 5583; x_wconf 90' lang='lat' dir='ltr'><strong>non</strong></span> <span class='ocrx_word' id='word_1_974' title='bbox 2642 5537 2838 5582; x_wconf 85' lang='lat' dir='ltr'><strong>tantam</strong></span> <span class='ocrx_word' id='word_1_975' title='bbox 2881 5528 3243 5586; x_wconf 87' lang='lat' dir='ltr'><strong>fortitudinem</strong></span> <span class='ocrx_word' id='word_1_976' title='bbox 3295 5534 3577 5604; x_wconf 85' lang='lat' dir='ltr'><strong>exhibere,</strong></span> 
     </span>
    </p>
   </div>
   <div class='ocr_carea' id='block_1_119' title="bbox 2003 5623 3578 5692">
    <p class='ocr_par' dir='ltr' id='par_1_119' title="bbox 2003 5623 3578 5692">
     <span class='ocr_line' id='line_1_119' title="bbox 2003 5623 3578 5692; baseline 0.006 -16"><span class='ocrx_word' id='word_1_977' title='bbox 2003 5631 2252 5692; x_wconf 91' lang='lat' dir='ltr'><strong>quautam</strong></span> <span class='ocrx_word' id='word_1_978' title='bbox 2279 5623 2314 5676; x_wconf 88' lang='lat' dir='ltr'><strong>ii</strong></span> <span class='ocrx_word' id='word_1_979' title='bbox 2347 5623 2435 5688; x_wconf 92' lang='lat' dir='ltr'><strong>qui</strong></span> <span class='ocrx_word' id='word_1_980' title='bbox 2461 5632 2682 5690; x_wconf 91' lang='lat' dir='ltr'><strong>pereunt</strong></span> <span class='ocrx_word' id='word_1_981' title='bbox 2707 5623 2980 5691; x_wconf 85' lang='lat' dir='ltr'><strong>exhibent,</strong></span> <span class='ocrx_word' id='word_1_982' title='bbox 3001 5634 3058 5678; x_wconf 90' lang='lat' dir='ltr'><strong>et</strong></span> <span class='ocrx_word' id='word_1_983' title='bbox 3082 5623 3218 5691; x_wconf 68' lang='lat' dir='ltr'><strong>haec,</strong></span> <span class='ocrx_word' id='word_1_984' title='bbox 3245 5642 3365 5682; x_wconf 91' lang='lat' dir='ltr'><strong>cum</strong></span> <span class='ocrx_word' id='word_1_985' title='bbox 3390 5639 3466 5685; x_wconf 91' lang='lat' dir='ltr'><strong>tot</strong></span> <span class='ocrx_word' id='word_1_986' title='bbox 3485 5646 3578 5686; x_wconf 54' lang='lat' dir='ltr'><strong>eo.</strong></span> 
     </span>
    </p>
   </div>
   <div class='ocr_carea' id='block_1_120' title="bbox 2005 5713 3584 5785">
    <p class='ocr_par' dir='ltr' id='par_1_120' title="bbox 2005 5713 3584 5785">
     <span class='ocr_line' id='line_1_120' title="bbox 2005 5713 3584 5785; baseline 0.006 -15"><span class='ocrx_word' id='word_1_987' title='bbox 2005 5716 2153 5770; x_wconf 85' lang='lat' dir='ltr'><strong>ronis</strong></span> <span class='ocrx_word' id='word_1_988' title='bbox 2195 5715 2382 5769; x_wconf 89' lang='lat' dir='ltr'><strong>donari</strong></span> <span class='ocrx_word' id='word_1_989' title='bbox 2415 5713 2750 5768; x_wconf 75' lang='lat' dir='ltr'><strong>debeamus?</strong></span> <span class='ocrx_word' id='word_1_990' title='bbox 2778 5713 2940 5785; x_wconf 87' lang='lat' dir='ltr'><strong>Atqui</strong></span> <span class='ocrx_word' id='word_1_991' title='bbox 2987 5717 3140 5772; x_wconf 88' lang='lat' dir='ltr'><strong>nobis</strong></span> <span class='ocrx_word' id='word_1_992' title='bbox 3165 5718 3315 5773; x_wconf 84' lang='lat' dir='ltr'><strong>adest</strong></span> <span class='ocrx_word' id='word_1_993' title='bbox 3338 5717 3584 5779; x_wconf 83' lang='lat' dir='ltr'><strong>Christus</strong></span> 
     </span>
    </p>
   </div>
   <div class='ocr_carea' id='block_1_121' title="bbox 2005 5804 3595 5880">
    <p class='ocr_par' dir='ltr' id='par_1_121' title="bbox 2005 5804 3595 5880">
     <span class='ocr_line' id='line_1_121' title="bbox 2005 5804 3595 5880; baseline 0.006 -18"><span class='ocrx_word' id='word_1_994' title='bbox 2005 5807 2312 5874; x_wconf 82' lang='lat' dir='ltr'><strong>auxiliator,</strong></span> <span class='ocrx_word' id='word_1_995' title='bbox 2355 5805 2459 5861; x_wconf 91' lang='lat' dir='ltr'><strong>illis</strong></span> <span class='ocrx_word' id='word_1_996' title='bbox 2501 5819 2679 5863; x_wconf 89' lang='lat' dir='ltr'><strong>nemo.</strong></span> <span class='ocrx_word' id='word_1_997' title='bbox 2727 5804 2840 5862; x_wconf 87' lang='lat' dir='ltr'><strong>[Ioc</strong></span> <span class='ocrx_word' id='word_1_998' title='bbox 2878 5820 3038 5875; x_wconf 91' lang='lat' dir='ltr'><strong>porro</strong></span> <span class='ocrx_word' id='word_1_999' title='bbox 3075 5817 3398 5880; x_wconf 69' lang='lat' dir='ltr'><strong>praeceptum</strong></span> <span class='ocrx_word' id='word_1_1000' title='bbox 3437 5828 3595 5871; x_wconf 51' lang='lat' dir='ltr'><strong>mana</strong></span> 
     </span>
    </p>
   </div>
  </div>
