4108 6376
451 313 557 370 583

453 431 598 486 duvit
622 469 639 495 ,
680 445 801 486 cum
849 429 993 485 misit
1030 442 1126 485 eos
1154 427 1339 483 dicens
1375 444 1389 482 :
1439 425 1506 480 In
1534 425 1666 480 uiam
1710 423 1931 496 gentium
1968 436 2031 474 ne

457 522 699 578 abieritis.
734 521 885 577 Mitto
923 520 1066 576 enim
1097 537 1181 575 vos
1204 522 1331 575 sicut
1356 535 1470 573 oues
1515 518 1646 571 inter
1672 514 1839 586 lupos.
1878 512 1941 567 Et
1964 512 2035 566 ad

456 613 698 685 prmities
737 623 784 667 et
827 629 968 683 reges
1009 611 1261 666 ducemini
1288 609 1498 683 (Matth.
1541 608 1629 663 10.
1669 608 1724 664 5.
1756 606 1847 662 16.
1894 605 2033 672 17);

458 721 598 761 nunc
640 714 818 760 autem
855 703 986 759 illud
1025 703 1241 772 gravius
1268 713 1323 758 et
1370 703 1545 756 acrius
1573 700 1856 771 expressit.
1885 698 2039 755 Tunc

455 799 598 854 enim
632 806 857 853 mortem
886 804 1089 851 tantum
1128 794 1341 850 dicebat
1370 812 1384 853 :
1412 794 1501 849 hic
1524 808 1653 851 vero
1674 793 1835 849 etiam
1864 792 2040 847 crucis

457 889 783 944 mentionem
814 887 955 951 fecit,
984 896 1040 942 et
1066 887 1240 941 erucis
1262 896 1528 956 perpetuae
1554 903 1567 940 :
1596 900 1719 940 nam
1742 884 1837 951 ait,
1869 882 2038 937 Tollat

454 996 655 1033 crucem
680 995 867 1045 suam;
896 977 949 1033 id
984 986 1086 1043 est,
1127 976 1287 1033 Ferat
1323 991 1555 1047 semper,
1595 985 1650 1031 et
1679 982 1875 1046 portet.
1906 972 2040 1029 Illud

458 1085 619 1140 porro
643 1068 821 1126 facere
844 1069 1054 1126 solebat
1071 1068 1288 1139 ubique,
1311 1082 1418 1123 non
1448 1066 1517 1120 ab
1545 1061 1697 1120 initio
1719 1074 1774 1121 et
1796 1064 2039 1132 exordio,

457 1163 552 1219 sed
592 1162 791 1218 sensim
837 1172 892 1218 et
922 1162 1176 1233 paulatim
1221 1161 1420 1231 majora
1453 1168 1715 1229 prrecepta
1760 1157 2039 1221 inducens,

459 1270 526 1309 ne
549 1254 820 1309 auditores
847 1253 925 1309 rei
951 1252 1211 1324 gravitate
1256 1250 1619 1307 turbarentur.
1651 1249 1855 1305 Deinde
1875 1291 1889 1315 ,
1918 1249 2041 1319 quia

460 1347 511 1400 icl
546 1345 686 1417 quod
716 1345 917 1401 dictum
955 1343 1173 1413 fuerat,
1200 1344 1389 1399 durum
1418 1358 1539 1398 esse
1579 1342 1891 1405 videbatur,
1920 1339 2044 1396 vide

459 1435 731 1504 quomodo
764 1436 815 1490 in
855 1434 1204 1506 sequentibus
1238 1434 1400 1488 leniat
1430 1433 1582 1497 illud,
1614 1441 1881 1502 ponatque
1906 1446 2044 1502 prte-

464 1529 568 1582 tnia
603 1528 830 1582 sudores
861 1526 1205 1595 superantia;
1232 1541 1403 1596 neque
1437 1526 1657 1596 przemia
1685 1534 1912 1589 tantum,
1946 1523 2040 1578 sed

461 1620 710 1691 nequitia:
738 1620 999 1691 supplicia
1034 1637 1046 1671 :
1076 1620 1128 1673 iu
1156 1618 1350 1689 quibus
1376 1619 1545 1689 magis
1580 1626 1848 1682 versatur,
1876 1631 2037 1686 quam

463 1716 516 1768 in
540 1713 679 1780 aliis,
719 1713 970 1783 quoniam
1013 1727 1120 1766 non
1151 1712 1221 1765 ita
1265 1710 1525 1765 bonorum
1557 1709 1697 1763 dona
1717 1750 1732 1773 ,
1765 1718 1824 1762 ut
1857 1721 2045 1777 paena-

464 1823 583 1862 rum
605 1805 1071 1870 comminationes,
1095 1804 1290 1859 multos
1317 1804 1384 1858 ad
1412 1819 1595 1858 sanam
1623 1812 1855 1857 mentem
1886 1801 2045 1856 redu-

463 1914 587 1953 cere
609 1897 805 1952 solent.
837 1895 1217 1952 Animadverte
1250 1910 1412 1966 porro
1448 1893 1717 1964 quomodo
1758 1892 1882 1946 hinc
1914 1891 2049 1946 inei-

465 1990 575 2060 piat
598 1998 655 2045 et
684 1987 736 2043 iu
774 1986 1002 2059 idipsum
1033 1987 1263 2043 desinat.
1311 1987 1403 2042 25.
1439 1986 1756 2054 Quicumque
1782 1984 1918 2041 enim
1965 2000 2051 2038 uo—

467 2082 617 2137 luerit
639 2083 864 2137 animam
903 2097 1049 2135 suam
1072 2081 1264 2135 salvam
1307 2080 1494 2150 facere,
1538 2078 1709 2150 perdet
1738 2094 1846 2133 eam
1882 2094 1901 2132 :
1928 2077 2045 2147 qui-

466 2190 676 2244 cumque
701 2172 973 2243 perdiderit
999 2173 1223 2225 animam
1267 2188 1413 2225 suam
1456 2179 1663 2241 propter
1698 2185 1796 2234 me,
1835 2158 2052 2222 inu'eniet

468 2284 598 2322 eam.
628 2266 719 2321 26.
756 2264 892 2333 Quid
914 2265 1045 2319 enim
1072 2264 1273 2334 prodest
1300 2264 1492 2318 homini
1513 2263 1557 2316 si
1588 2260 1832 2315 ntundum
1854 2261 2055 2314 uniuer-

470 2375 580 2412 sum
608 2358 830 2413 lucretur
856 2398 871 2422 ,
900 2356 1085 2411 animat
1109 2372 1225 2410 vero
1248 2372 1355 2409 suae
1393 2355 1744 2408 detrimentum
1788 2352 2011 2421 patiatur
2030 2351 2056 2403 .9

470 2461 557 2505 aut
578 2466 726 2522 quam
756 2450 893 2503 dabit
920 2449 1070 2502 homo
1118 2448 1558 2502 commutationem
1597 2462 1690 2516 pro
1711 2445 1883 2498 anima
1923 2444 2056 2498 sua?

474 2543 527 2597 bl
551 2552 633 2596 est
679 2559 692 2595 :
733 2540 852 2595 Non
889 2539 1029 2609 quod
1071 2538 1221 2593 vobis
1260 2554 1363 2591 non
1401 2552 1655 2615 parcam,‘
1692 2537 1800 2590 imo
1830 2539 2058 2590 maxime

475 2646 701 2702 parcens
727 2628 842 2685 hanc
871 2631 1145 2701 praecipio.
1181 2628 1312 2683 Nam
1340 2630 1428 2697 qui
1461 2630 1630 2697 parcit
1652 2628 1759 2682 lilio
1787 2642 1905 2693 suo,
1940 2641 2057 2695 pcr-

473 2724 554 2779 tlit
582 2724 765 2788 illum;
792 2724 882 2792 qui
930 2739 1036 2777 non
1067 2722 1255 2791 parcit,
1293 2731 1471 2775 servat
1496 2736 1640 2776 eum.
1696 2720 1847 2788 Quod
1895 2721 2055 2773 etiam

476 2815 690 2885 Sapiens
735 2812 950 2882 quidam
992 2812 1199 2867 dicebat
1249 2811 1351 2865 ε.ςί
1375 2812 1677 2880 percusseris
1712 2810 1878 2877 [illum
1920 2819 2062 2863 tuum

479 2907 636 2976 virga,
654 2921 755 2958 non
778 2905 1016 2958 morietur
1047 2919 1064 2958 :
1088 2905 1307 2955 -.uintant
1333 2912 1499 2955 autem
1517 2903 1627 2972 ejus
1655 2918 1685 2954 a
1704 2912 1861 2954 morte
1881 2902 2063 2967 eripies

479 2994 661 3065 (Prov.
712 2996 803 3050 25.
857 2996 984 3062 lli);
1041 3009 1103 3049 ac
1156 3009 1388 3058 rursum,
1444 2994 1544 3060 Qui
1589 2993 1856 3063 refrigerat
1898 2993 2064 3061 ﬁlium

479 3105 650 3155 suum,
681 3087 853 3158 ligabit
891 3087 1099 3141 vulnera
1146 3088 1253 3157 ejus
1294 3085 1481 3156 (Eccli.
1529 3085 1613 3141 50.
1646 3087 1699 3153 1)
1737 3104 1748 3138 :
1785 3085 1881 3139 hoc
1904 3086 2061 3139 etiam

482 3181 535 3233 in
581 3179 816 3234 exercitu
849 3178 926 3232 lit.
956 3178 1085 3233 Nam
1110 3178 1153 3232 si
1200 3178 1306 3231 dux
1367 3193 1587 3247 parcens
1618 3178 1892 3241 militibus.
1924 3179 2066 3233 intus

481 3272 661 3341 iubeat
706 3286 920 3340 semper
946 3285 1198 3332 manere,
1233 3280 1337 3324 tam
1381 3271 1573 3325 milites
1614 3286 1773 3340 quam
1819 3270 1952 3325 alios
1993 3271 2068 3325 si-

483 3362 592 3417 mul
635 3361 951 3431 corrumpit.
992 3360 1069 3415 Ne
1112 3361 1271 3431 igitur
1315 3361 1471 3415 etiam
1518 3360 1667 3415 vobis
1699 3361 1824 3415 illud
1861 3363 2071 3416 contin-

483 3463 604 3523 gat,
650 3452 852 3521 inquit,
897 3461 1109 3522 Oportet
1134 3467 1229 3506 vos
1258 3461 1563 3521 perpetuam
1594 3452 1661 3506 ad
1691 3462 1919 3508 mortem
1949 3469 2069 3510 esse

489 3552 722 3613 paratos.
760 3542 892 3597 Nam
922 3552 976 3597 et
1000 3558 1161 3613 grave
1208 3542 1403 3597 bellum
1455 3558 1575 3597 mox
1621 3544 1973 3599 excitabitur:
2004 3562 2071 3599 ne

485 3652 612 3707 ergo
642 3637 783 3691 intus
808 3634 1127 3702 sedeas,sed
1148 3636 1232 3690 exi
1259 3647 1312 3690 et
1337 3647 1566 3706 pugnate
1590 3654 1604 3703 ;
1633 3638 1675 3691 si
1704 3637 1755 3691 in
1785 3640 1900 3692 acie
1927 3639 2071 3693 ceci-

486 3729 650 3795 deris,
706 3738 831 3784 tunc
856 3729 1018 3784 vitam
1050 3730 1315 3784 invenisti.
1360 3729 1490 3786 Nam
1539 3730 1581 3784 si
1625 3730 1677 3788 in
1724 3731 1871 3786 hisce
1919 3732 2075 3787 bellis

487 3820 796 3885 sensilibus,
829 3821 920 3891 qui
970 3830 1247 3891 promptus
1272 3830 1325 3877 et
1368 3833 1580 3892 paratus
1605 3823 1671 3877 ad
1718 3824 1919 3878 aedem
1967 3836 2070 3889 est,

490 3913 576 3967 bic
604 3913 892 3982 praeclarus
918 3913 1057 3967 inter
1081 3923 1305 3968 caeteros
1331 3925 1385 3969 et
1415 3915 1640 3969 invictus
1664 3914 1891 3969 habetur
1921 3957 1935 3979 ,
1968 3916 2074 3969 ini-

490 4003 642 4057 micis
685 4002 1062 4058 l'ormidolosus
1088 4011 1171 4059 est
1193 4046 1206 4068 ,
1237 4020 1557 4073 quamquam
1586 4004 1628 4058 si
1659 4005 1937 4068 moriatur,
1966 4020 2073 4060 non

492 4096 659 4166 possit
682 4110 802 4151 eum
830 4096 1124 4166 Imperator
1151 4097 1428 4159 suscitare,
1456 4113 1549 4166 pro
1578 4114 1685 4167 quo
1709 4114 1855 4152 arma
1886 4100 2029 4171 cepit
2057 4117 2071 4154 :

492 4189 660 4243 multo
682 4189 850 4259 magis
881 4189 933 4244 in
971 4190 1117 4244 hisce
1146 4189 1330 4256 bellis,
1380 4191 1473 4244 ubi
1517 4206 1639 4260 spes
1664 4193 2077 4247 resurrectionis

494 4281 759 4346 habetur,
814 4281 904 4351 qui
955 4282 1186 4336 animam
1229 4295 1379 4336 suam
1421 4281 1487 4336 ad
1541 4292 1768 4339 mortem
1819 4285 2074 4354 exponit,

493 4370 726 4427 inveniet
779 4386 896 4425 eam
921 4387 937 4426 :
967 4372 1160 4440 primo,
1206 4372 1328 4441 quia
1364 4387 1468 4427 non
1510 4374 1617 4428 cito
1662 4375 1942 4441 vincetur;
1985 4391 2075 4430 se-

490 4461 689 4527 cundo,
717 4463 839 4535 quia
863 4461 964 4518 etsi
988 4462 1263 4530 ceciderit,
1291 4464 1357 4521 ad
1387 4464 1666 4522 meliorem
1691 4467 1852 4522 vitam
1882 4467 2079 4538 perdu-

499 4554 572 4610 cit
589 4568 729 4609 eam.

562 4648 617 4704 3.
647 4645 845 4702 Deinde
868 4645 989 4716 quia
1019 4645 1152 4701 dixit
1179 4645 1314 4712 :Qui
1333 4646 1439 4701 vult
1458 4648 1681 4702 animam
1705 4665 1851 4703 suam
1884 4652 2077 4707 salvam

493 4745 683 4811 facere,
738 4739 912 4810 perdet
958 4756 1069 4794 eam
1094 4780 1108 4803 ,
1146 4746 1193 4792 et
1229 4740 1524 4808 quicumque
1556 4741 1728 4809 perdet
1750 4783 1766 4807 ,
1821 4744 2033 4799 saluabit
2059 4764 2081 4801 :

496 4833 583 4886 hic
611 4841 665 4887 et
693 4831 797 4886 illic
823 4831 1052 4887 salutem
1081 4839 1137 4885 et
1187 4829 1538 4901 perditionem
1589 4834 1807 4903 posuit,
1852 4852 1920 4891 ne
1962 4839 2079 4907 quis

496 4933 774 4993 utramque
806 4923 891 4978 vel
919 4920 1271 4994 perditionem
1300 4921 1384 4976 vel
1422 4923 1649 4979 salutem
1675 4926 1934 4996 aequalem
1960 4942 2081 4984 esse

497 5022 667 5083 putet,
694 5012 790 5068 sed
837 5012 986 5068 clare
1025 5012 1231 5079 discat,
1264 5021 1469 5067 tantum
1508 5029 1630 5071 esse
1672 5016 1818 5071 illam
1864 5018 2000 5073 inter
2028 5028 2083 5083 et

498 5103 638 5160 hanc
653 5104 877 5159 salutem
903 5103 1214 5168 discrimen,
1233 5112 1489 5175 quantum
1504 5104 1645 5161 inter
1658 5107 2005 5176 perditionem
2027 5119 2083 5165 et

497 5195 726 5251 salutem
756 5211 771 5260 ;
798 5202 855 5249 et
897 5208 964 5249 ex
993 5196 1278 5250 contrariis
1312 5196 1429 5252 haec
1457 5197 1527 5251 ita
1553 5198 1866 5267 comprobat
1895 5217 1910 5252 :
1945 5202 2081 5268 Quid

496 5289 632 5344 enim
672 5286 872 5358 prodest
901 5286 1089 5341 homini
1117 5287 1161 5341 si
1204 5287 1449 5342 mundum
1477 5290 1766 5344 uniuersum
1815 5293 2035 5346 lucretur
2060 5333 2079 5359 ,

496 5380 684 5434 anime
724 5392 841 5432 vero
881 5392 989 5431 sua:
1038 5376 1388 5432 detrimentum
1418 5380 1687 5447 patiatur?
1730 5379 1916 5436 Viden’
1943 5398 2081 5451 quo-

500 5469 663 5527 modo
698 5469 845 5525 salus
872 5476 1060 5524 contra
1083 5468 1173 5539 jus
1200 5468 1386 5540 fasque
1413 5482 1742 5542 comparata,
1766 5484 1822 5529 et
1850 5474 2082 5545 perditio

496 5570 601 5629 est,
623 5570 678 5617 et
699 5562 844 5617 omni
869 5559 1168 5631 perditione
1190 5560 1447 5629 deterior,
1476 5573 1658 5633 utpote
1693 5580 1813 5635 qua:
1838 5567 1910 5621 sit
1937 5566 2081 5622 insa-

501 5651 721 5719 nabilis,
751 5651 891 5724 quod
941 5650 1073 5707 nihil
1119 5651 1189 5707 sit
1215 5652 1353 5707 ultra
1376 5692 1394 5719 ,
1434 5668 1542 5723 quo
1569 5671 1630 5710 ea
1662 5657 1828 5725 possit
1855 5656 2085 5714 redimi?

499 5741 609 5801 Nec
631 5742 799 5815 dicas,
827 5744 995 5816 inquit
1018 5784 1032 5812 ,
1062 5743 1295 5802 animam
1340 5759 1493 5802 suam
1541 5762 1787 5805 servasse
1836 5749 1926 5820 qui
1957 5750 2079 5806 talia

1157 311 1214 369 s.
1251 288 1529 368 JOANNIS
1548 302 2020 365 cunvsosrosu
2058 298 2375 357 ARCHlEP.
2412 298 2942 359 CONSTANTINOP.

3617 305 3722 362 5M

2148 415 2385 488 pericula
2410 417 2682 483 evaserit;
2713 417 2809 475 sed
2848 433 2970 475 cum
3018 419 3196 475 anima
3236 420 3353 491 ejus
3393 437 3532 492 pone
3563 424 3723 478 etiam

2142 517 2314 564 totum
2351 508 2561 565 orbem.
2587 509 2723 579 Quid
2768 510 2893 566 hinc
2934 511 3051 581 plus
3099 512 3313 567 habebit
3357 513 3447 567 illa
3479 514 3727 584 perdita?

2144 599 2241 656 Dic
2269 600 2413 656 enim
2460 600 2629 668 mihi,
2662 602 2705 656 si
2744 601 2972 657 famulos
3002 610 3120 657 tuos
3148 602 3360 659 videres
3409 604 3462 658 in
3517 603 3726 659 deliciis

2143 707 2287 760 esse,
2336 702 2499 764 teque
2528 694 2581 748 in
2612 694 2868 750 extremis
2907 693 3064 749 malis
3083 737 3098 761 ,
3129 710 3197 749 an
3224 695 3345 765 quia
3372 694 3622 750 dominus
3647 711 3730 761 es,

2143 785 2269 840 hinc
2291 784 2562 856 quidpiam
2614 795 2668 841 te
2697 786 2891 840 lucrari
2922 786 3186 857 putares?
3215 786 3584 857 Nequaquam.
3615 786 3730 843 Hoc

2144 878 2319 949 ipsum
2346 878 2415 934 de
2443 880 2624 935 anima
2649 881 2847 951 cogita,
2874 895 2997 936 cum
3026 896 3191 936 carne
3220 882 3272 936 in
3302 881 3511 938 deliciis
3547 891 3603 937 et
3642 883 3732 936 di-

2143 969 2288 1025 vitiis
2314 980 2523 1041 agente,
2548 970 2639 1028 illa
2668 971 2897 1026 futuram
2924 972 3208 1042 perniciem
3238 983 3534 1044 exspectat.
3568 974 3732 1041 Quam

2144 1071 2313 1115 autem
2338 1061 2474 1115 dabit
2496 1062 2644 1116 homo
2663 1064 3102 1117 commutationem
3120 1081 3213 1134 pro
3239 1067 3410 1118 animo
3429 1082 3522 1120 sua
3542 1066 3569 1119 Ρ
3592 1065 3737 1120 Rur-

2146 1167 2238 1207 sus
2265 1153 2454 1209 eadem
2490 1155 2541 1209 in
2566 1170 2625 1210 re
2650 1154 2867 1210 insistit.
2896 1154 3031 1210 Num
3062 1156 3244 1221 aliam,
3275 1157 3462 1227 inquit,
3487 1157 3722 1211 animam

2148 1243 2314 1300 babes
2341 1287 2356 1310 ,
2401 1261 2559 1316 quam
2601 1245 2696 1301 des
2739 1261 2838 1316 pro
2866 1246 3040 1301 anima
3070 1246 3195 1301 tua?
3239 1246 3495 1302 Pecunias
3520 1247 3658 1303 enim
3686 1248 3734 1302 si

2150 1335 2473 1406 perdideris,
2487 1336 2617 1390 alias
2635 1351 2730 1407 pro
2746 1336 2957 1391 amissis
2972 1347 3122 1406 potes
3138 1337 3387 1408 supplere
3404 1354 3419 1403 ;
3436 1338 3668 1409 itemque
3688 1339 3740 1392 si

2149 1428 2385 1491 domum,
2410 1429 2455 1483 si
2473 1444 2678 1497 servos,
2693 1430 2737 1484 si
2750 1429 2993 1500 quamvis
3007 1430 3162 1484 aliam
3178 1430 3569 1500 possessionem
3586 1449 3599 1483 :
3618 1429 3735 1484 ani-

2150 1538 2293 1577 mam
2326 1538 2451 1577 vero
2478 1523 2521 1576 si
2550 1523 2864 1592 perdideris,
2892 1523 3049 1577 aliam
3076 1538 3183 1578 non
3224 1523 3425 1593 poteris
3454 1522 3584 1579 dare
3621 1523 3730 1577 ani-

2153 1628 2293 1668 mam
2317 1630 2330 1666 :
2359 1613 2455 1668 sed
2478 1614 2682 1669 etiamsi
2703 1614 2957 1669 mundum
2985 1613 3208 1684 habeas,
3234 1616 3444 1671 etiamsi
3470 1631 3564 1671 rex
3593 1616 3742 1671 orbis

2152 1705 2249 1771 sis,
2272 1720 2370 1760 nec
2396 1706 2440 1759 si
2466 1706 2645 1761 omnia
2669 1721 2789 1776 qua:
2816 1706 2870 1760 in
2892 1706 3021 1760 urbe
3050 1715 3196 1773 sunt,
3227 1706 3336 1762 imo
3358 1720 3457 1764 uec
3480 1707 3527 1761 si
3563 1708 3744 1778 ipsum

2153 1798 2341 1853 orbem
2371 1813 2621 1869 poneres,
2662 1814 2847 1868 posses
2868 1799 2953 1854 vel
2994 1799 3226 1854 animam
3257 1815 3415 1855 unam
3454 1799 3737 1857 redimere.

2148 1888 2358 1959 Ecquid
2387 1889 2580 1944 mirum
2626 1891 2671 1944 si
2696 1890 2747 1944 in
2774 1890 2953 1944 anima
2983 1891 3055 1945 ita
3082 1891 3173 1958 sit,
3207 1906 3328 1946 cum
3355 1901 3410 1946 et
3433 1892 3486 1947 in
3516 1907 3747 1964 corpore

2156 1979 2386 2050 ldipsum
2417 1980 2725 2052 perspicere
2771 1980 2970 2037 liceat?
2995 1981 3215 2037 Etiamsi
3256 1982 3401 2040 mille
3441 1982 3745 2041 diademati-

2157 2072 2261 2127 bus
2309 2073 2589 2144 insignitus
2619 2090 2788 2142 esses,
2836 2075 2879 2129 si
2928 2090 3122 2145 corpus
3167 2074 3397 2132 haberes
3442 2077 3742 2134 morbidum

2157 2173 2215 2220 et
2258 2165 2552 2221 iucurabile
2572 2209 2587 2231 ,
2619 2182 2723 2220 non
2751 2181 2939 2236 posses
2961 2208 2976 2231 ,
3010 2176 3122 2222 toto
3147 2183 3315 2238 regno
3357 2169 3417 2223 in
3438 2169 3743 2226 mercedem

2159 2257 2328 2325 dato,
2383 2259 2665 2313 sanitatem
2714 2261 2954 2329 corporis
3000 2260 3305 2327 restituere,
3354 2261 3562 2317 etiamsi
3599 2263 3743 2320 mille

2158 2365 2380 2421 corpora
2423 2351 2703 2421 adjiceres,
2735 2354 2895 2407 urbes
2948 2363 3106 2423 atque
3154 2340 3427 2425 pecunias.
3466 2355 3555 2411 Sic
3583 2356 3745 2415 etiam

2161 2444 2229 2497 de
2258 2444 2433 2496 anima
2483 2444 2693 2514 cogita;
2741 2444 2849 2498 imo
2889 2445 3056 2499 multo
3082 2448 3251 2516 magis
3279 2446 3348 2503 de
3388 2448 3585 2512 anima,
3626 2464 3744 2503 om-

2164 2537 2425 2607 nibusque
2467 2537 2584 2592 aliis
2630 2537 2865 2606 relictis,
2896 2554 3113 2609 operam
3146 2547 3310 2595 totam
3348 2542 3399 2595 in
3430 2541 3573 2596 illam
3617 2556 3746 2596 cou-

2165 2626 2324 2682 feras.

2235 2720 2289 2775 4.
2314 2720 2395 2773 Ad
2410 2738 2493 2776 eos
2514 2721 2600 2791 qui
2627 2721 2843 2776 salutem
2864 2724 3051 2777 animo:
3071 2725 3345 2796 negligunt.
3376 2724 3552 2781 Gloria
3570 2736 3619 2782 et
3641 2729 3759 2782 sub-

2165 2812 2352 2864 stantia
2388 2829 2489 2865 una
2519 2811 2694 2867 Patris
2739 2823 2784 2867 et
2832 2812 2979 2869 Filii.
3012 2845 3076 2855 —
3100 2815 3177 2871 Ne
3226 2817 3403 2887 itaque
3444 2816 3513 2873 de
3558 2818 3749 2874 alienis

2167 2904 2462 2971 sollicitus,
2513 2907 2737 2974 teipsum
2778 2917 2831 2962 et
2877 2917 2964 2962 tua
3016 2908 3370 2980 negligaszid
3418 2910 3559 2982 quod
3612 2926 3750 2967 nunc

2167 3010 2356 3050 onmes
2396 2994 2640 3063 faciunt,
2679 2998 2883 3052 similes
2914 2999 2977 3053 iis
3007 3000 3099 3070 qui
3132 3002 3182 3055 in
3215 3002 3448 3056 metallis
3473 3003 3752 3070 laborant,

2169 3086 2258 3156 qui
2292 3086 2419 3140 nihil
2449 3087 2689 3143 utilitatis
2716 3089 2799 3143 vel
2828 3088 3130 3144 divitiarum
3168 3106 3235 3146 ex
3274 3091 3376 3148 hoc
3414 3092 3595 3150 labore
3632 3109 3753 3150 car-

2170 3186 2299 3245 punt
2332 3194 2347 3243 ;
2380 3177 2471 3232 sed
2500 3177 2724 3232 multum
2753 3179 3081 3247 detrimenti,
3110 3183 3361 3252 quoniam
3388 3184 3581 3239 frustra
3611 3186 3753 3255 peri-

2170 3268 2420 3323 clitantur
2447 3280 2498 3324 et
2531 3286 2627 3339 pro
2658 3272 2779 3326 aliis
2809 3273 3193 3341 periclitantur,
3222 3275 3353 3329 nihil
3384 3291 3450 3332 ex
3475 3277 3755 3333 sudoribus

2172 3372 2227 3417 et
2251 3378 2318 3417 ex
2348 3373 2519 3418 morte
2538 3404 2554 3429 ,
2594 3379 2751 3435 quam
2782 3365 3094 3436 plerumque
3118 3370 3349 3430 obeunt,
3385 3369 3587 3424 fructus
3615 3370 3757 3426 rele-

2174 3465 2373 3509 rentes.
2421 3455 2528 3512 llos
2572 3457 2725 3511 multi
2772 3473 2914 3512 nunc
2960 3458 3249 3522 imitantur,
3283 3462 3373 3530 qui
3401 3461 3519 3516 aliis
3548 3462 3759 3518 divitias

2173 3555 2444 3616 quaerunt;
2493 3546 2605 3601 imo
2645 3547 2728 3601 his
2757 3548 3063 3604 miseriores
3085 3560 3230 3617 sunt,
3260 3552 3400 3622 quod
3430 3562 3551 3623 post
3576 3563 3652 3608 tot
3676 3553 3758 3608 la-

2175 3636 2334 3691 bores
2376 3638 2620 3707 gehenna
2673 3652 2771 3693 nos
2810 3649 3104 3710 exspectet.
3158 3639 3265 3697 Illis
3313 3645 3455 3698 enim
3505 3644 3758 3700 sudorum

2178 3728 2336 3782 tinem
2362 3744 2510 3783 mors
2540 3728 2730 3784 affert:
2762 3730 2912 3784 nobis
2945 3741 3120 3786 autem
3164 3734 3370 3788 initium
3414 3735 3560 3791 mille
3591 3736 3759 3791 maleo

2177 3835 2293 3874 rum
2323 3834 2468 3874 mors
2495 3830 2598 3874 est.
2631 3819 2783 3888 Quod
2812 3822 2855 3876 si
2888 3821 3061 3887 dicas,
3096 3831 3150 3878 te
3175 3824 3390 3879 divitem
3422 3827 3525 3881 tuis
3550 3825 3653 3881 frui
3680 3828 3755 3881 la-

2176 3911 2396 3965 boribus
2416 3951 2433 3978 ,
2462 3911 2687 3966 ostende
2715 3912 2949 3967 animam
2988 3914 3160 3969 ltetam
3190 3924 3244 3971 et
3271 3916 3489 3972 hilarem
3510 3959 3525 3981 ,
3558 3928 3615 3973 et
3640 3927 3762 3973 tunc

2180 4003 2232 4059 id
2255 4004 2493 4061 credam.
2522 4006 2773 4061 Omnium
2811 4008 3007 4078 quippe
3044 4026 3162 4081 qua:
3197 4010 3249 4064 in
3293 4010 3447 4064 nobis
3472 4021 3596 4066 sunt
3619 4012 3764 4082 prin-

2179 4111 2307 4167 ceps
2334 4108 2415 4153 est
2454 4100 2629 4153 anima
2657 4117 2670 4153 :
2700 4100 2841 4169 quod
2880 4101 2924 4154 si
2952 4115 3149 4170 corpus
3190 4102 3277 4157 illa
3308 4105 3618 4159 tabescenle
3648 4104 3763 4173 piu—

2180 4191 2419 4262 guescit,
2449 4191 2578 4246 nihil
2611 4193 2701 4247 tibi
2735 4193 2981 4247 utilitatis
3021 4193 3181 4246 all'ert
3236 4193 3322 4247 illa
3376 4194 3704 4251 abundantia
3746 4215 3761 4253 '.

2181 4284 2318 4338 sicut
2341 4284 2484 4338 enim
2515 4285 2708 4339 ancilla
2739 4285 2974 4351 laetante,
3000 4285 3131 4339 nihil
3157 4285 3222 4340 ad
3249 4284 3431 4341 heram
3458 4298 3765 4357 pereuntem

2182 4373 2393 4429 ancillae
2437 4376 2764 4444 prOSperitas
2806 4374 2960 4429 atl‘ert
2979 4415 2995 4441 ,
3027 4390 3126 4431 nec
3152 4374 3280 4446 quid
3308 4378 3516 4432 confert
3543 4380 3767 4434 vestium

2182 4478 2401 4522 ornatus
2429 4466 2497 4521 ad
2524 4468 2702 4522 carnis
2729 4467 3128 4533 inﬁrmitatem;
3160 4467 3255 4523 sed
3280 4484 3491 4524 rursum
3514 4470 3657 4524 dicet
3676 4470 3767 4525 tibi

2182 4558 2424 4615 Christus
2450 4578 2463 4614 :
2495 4558 2659 4623 Quam
2680 4558 2817 4612 dabit
2841 4559 2989 4612 homo
3008 4561 3447 4615 commutationem
3476 4578 3567 4630 pro
3598 4563 3771 4615 animo

2182 4651 2318 4705 sua?
2348 4650 2685 4719 przecipitqne
2713 4649 2803 4703 tibi
2830 4664 3063 4719 semper,
3090 4658 3148 4703 ut
3174 4651 3238 4704 ad
3268 4650 3410 4704 illam
3456 4652 3766 4707 servandam

2184 4741 2447 4803 verseris,
2479 4740 2727 4807 illamque
2756 4754 2910 4794 cures
2936 4740 3127 4794 solam.
3164 4740 3449 4809 Postquam
3498 4742 3657 4811 igitur
3686 4742 3769 4798 his

2183 4832 2368 4885 verbis
2395 4838 2658 4885 terrorem
2686 4830 2941 4897 incussit,
2974 4830 3234 4885 bonormn
3265 4834 3621 4902 promissione
3645 4851 3770 4889 con-

2186 4924 2414 4989 solatur,
2445 4924 2528 4978 his
2554 4924 2731 4977 verbis
2755 4942 2767 4977 :
2791 4924 2879 4979 27.
2924 4922 2973 4977 F
2975 4925 3093 4978 ilius
3121 4926 3255 4978 enim
3283 4925 3498 4979 hominis
3536 4937 3771 4981 uentum

2187 5017 2338 5070 estin
2370 5014 2537 5086 gloria
2580 5014 2753 5069 Patris
2796 5032 2912 5069 cum
2950 5017 3139 5069 sanctis
3177 5017 3368 5086 angelis
3405 5018 3535 5083 suis,
3579 5028 3625 5072 et
3654 5028 3772 5071 tunc

2186 5110 2360 5164 reddet
2386 5109 2654 5178 unicuique
2674 5108 2950 5162 secundum
2966 5106 3125 5179 opera
3144 5109 3273 5179 ejus.
3300 5107 3488 5164 Viden'
3505 5112 3771 5181 quomodo

2186 5202 2355 5271 gloria
2403 5200 2473 5255 sit
2512 5215 2615 5254 una
2648 5199 2819 5254 Patris
2859 5209 2913 5254 et
2958 5199 3120 5254 Filii?
3163 5198 3315 5266 Quod
3346 5200 3391 5254 si
3428 5201 3597 5272 gloria
3627 5217 3765 5265 una,

2188 5289 2527 5347 manifestum
2560 5300 2641 5345 est
2668 5292 3021 5345 substantiam
3042 5306 3252 5361 quoque
3274 5307 3432 5346 unam
3463 5307 3603 5347 esse.
3637 5292 3767 5347 Nam

2187 5384 2233 5437 si
2275 5382 2327 5436 in
2357 5381 2653 5437 substantia
2699 5398 2842 5446 una,
2901 5381 3203 5437 diﬂ'erentia
3259 5390 3344 5436 est
3394 5382 3581 5452 gloria:
3636 5384 3771 5451 (Alia

2186 5474 2384 5546 quippe
2412 5483 2485 5529 est
2524 5474 2689 5544 gloria
2729 5474 2886 5539 solis,
2926 5474 3031 5528 alia
3057 5472 3222 5543 gloria
3254 5474 3418 5539 inme,
3467 5475 3572 5529 alia
3610 5476 3772 5546 gloria

2187 5567 2447 5623 stellarum
2465 5583 2485 5623 :
2513 5566 2660 5620 stella
2702 5566 2835 5620 enim
2868 5583 2901 5620 a
2933 5567 3081 5621 stella
3104 5565 3276 5633 diﬂ'ert
3297 5566 3350 5621 in
3375 5567 3539 5638 gloria
3570 5567 3619 5641 [1
3649 5567 3768 5623 Cor.

2192 5659 2285 5715 i5.
2317 5655 2429 5731 ll].
2460 5667 2516 5713 et
2544 5666 2721 5712 tamen
2751 5673 2856 5711 una
2889 5668 2970 5711 cst
3006 5655 3347 5728 substantia),
3380 5660 3647 5728 quomodo
3679 5677 3773 5715 eo-

2190 5766 2309 5808 rum
2330 5792 2345 5817 ,
2375 5765 2605 5822 quorum
2632 5749 2802 5821 gloria
2830 5764 2931 5804 una
2964 5760 3066 5817 est,
3089 5748 3387 5805 substantia
3413 5750 3621 5807 diversa
3648 5764 3780 5804 esse
