4108 6376
393 252 494 307 515

385 368 809 424 credatur?Non
837 371 979 426 enim
1020 368 1196 438 dixit,
1241 370 1298 425 ln
1339 371 1429 424 tali
1476 371 1643 441 gloria
1683 370 1852 440 qualis
1883 379 1966 426 est

393 460 565 517 Patris
591 465 757 532 gloria
779 505 795 527 ,
825 473 882 518 ut
909 463 1196 518 discrimen
1227 480 1346 519 csse
1374 465 1694 536 suspiceris;
1742 464 1836 519 sed
1880 481 1970 519 ac-

387 563 606 616 curate,
641 557 692 610 in
723 556 909 611 eadem
941 557 1084 626 ipsa,
1116 557 1323 625 inquit,
1358 557 1528 626 gloria
1556 558 1776 622 veniet,
1810 558 1880 610 ita
1912 565 1968 611 ut

386 663 488 703 una
530 649 824 718 eademque
866 663 985 704 esse
1025 649 1276 718 putetur?
1303 648 1438 714 Quid
1469 649 1630 718 igitur
1661 650 1849 713 times,
1882 651 1967 704 in-

382 743 518 810 quit,
541 740 722 806 Petre,
752 740 879 794 dum
903 750 1130 795 mortem
1155 740 1344 794 audis?
1372 740 1521 794 Tunc
1541 744 1683 794 enim
1709 757 1792 794 me
1819 741 1967 796 vide-

384 832 464 886 bis
486 833 539 885 in
569 832 740 902 gloria
773 831 966 886 Patris.
995 832 1050 886 Si
1075 847 1175 901 ego
1207 833 1260 886 in
1288 831 1455 901 gloria
1478 871 1494 898 ,
1518 841 1574 887 et
1600 846 1696 886 vos
1718 832 1768 885 in
1795 832 1962 901 gloria

380 925 548 990 eritis.
581 924 698 980 Non
725 925 866 979 enim
901 940 987 980 res
1014 936 1204 980 vestrae
1230 935 1355 980 sunt
1376 927 1658 994 praesentis
1681 927 1802 980 vitae
1824 927 1963 980 limi-

381 1017 520 1071 tibus
548 1017 968 1086 circumscripta:
999 1039 1012 1073 :
1040 1017 1134 1072 sed
1161 1017 1262 1072 alia
1289 1033 1408 1072 sors
1447 1018 1636 1072 melior
1676 1031 1773 1072 vos
1811 1019 1958 1072 exci-

379 1111 506 1180 piet.
541 1113 790 1166 Attamen
818 1120 1097 1181 postquam
1129 1111 1267 1166 bona
1291 1111 1379 1165 illa
1407 1110 1563 1178 dixit,
1595 1126 1702 1164 non
1727 1110 1815 1164 hic
1840 1110 1960 1164 sub-

375 1201 530 1265 stitit,
563 1201 661 1257 sed
689 1211 742 1257 et
769 1202 1025 1258 terribilia
1056 1201 1375 1270 admiscuit,
1419 1201 1679 1272 judicium
1726 1202 1854 1256 illud
1905 1202 1956 1257 in

375 1292 608 1348 medium
645 1293 936 1356 adducens,
969 1302 1023 1347 et
1055 1294 1290 1348 rationes
1320 1295 1690 1359 inevitabiles,
1736 1305 1956 1349 senten-

375 1384 500 1438 tiam
540 1385 657 1440 sine
684 1385 788 1438 ulla
816 1384 1154 1454 acceptione,
1177 1385 1436 1456 judicium
1467 1387 1607 1456 quod
1647 1387 1820 1455 decipi
1857 1403 1952 1440 ne-

370 1477 508 1546 quit.
540 1476 725 1547 Neque
751 1487 924 1533 tamen
964 1479 1171 1533 tristem
1211 1480 1335 1534 sivit
1379 1480 1600 1534 omnino
1645 1496 1953 1536 sermonem

371 1581 514 1634 esse,
541 1568 637 1623 sed
667 1569 858 1622 bonam
891 1583 1041 1638 spem
1068 1569 1372 1624 admiscuit.
1401 1569 1584 1640 Neque
1611 1571 1755 1625 enim
1782 1570 1946 1637 dixit,

370 1660 522 1715 Tunc
550 1670 858 1731 peccatores
885 1662 1100 1732 puniet,
1149 1663 1244 1718 sed
1266 1703 1280 1725 ,
1324 1663 1520 1718 Reddet
1559 1664 1828 1733 unicuique
1866 1681 1949 1718 se-

365 1752 588 1807 cundum
613 1769 769 1823 opera
787 1770 899 1808 sua.
931 1754 1043 1809 Hoc
1069 1767 1228 1824 porro
1251 1755 1386 1810 dixit
1414 1770 1518 1810 non
1549 1754 1706 1810 modo
1735 1765 1793 1809 ut
1821 1770 1948 1825 pec-

363 1844 635 1900 catoribus
680 1846 924 1915 supplicii
967 1848 1280 1902 memoriam
1327 1861 1634 1911 revocaret,
1664 1849 1755 1904 sed
1783 1851 1943 1902 etiam

363 1945 422 1990 ut
447 1936 548 2006 piis
573 1937 882 1991 braviorum
910 1947 963 1992 et
987 1953 1327 1993 coronarum.
1360 1939 1464 1994 Sed
1493 1941 1582 1995 ille
1608 1941 1854 2011 quidem,
1889 1952 1945 1997 ut

359 2026 530 2083 bonos
575 2029 719 2084 viros
766 2040 1075 2096 recrearet,
1134 2031 1249 2086 htec
1290 2031 1452 2091 dixit;
1485 2048 1585 2103 ego
1610 2045 1786 2088 autem
1816 2049 1934 2104 per-

359 2124 614 2178 horresco
636 2137 853 2192 semper
889 2123 1014 2178 dum
1046 2126 1158 2178 haec
1184 2124 1342 2179 audio
1372 2144 1384 2180 :
1415 2141 1519 2180 non
1550 2142 1667 2180 sum
1699 2129 1840 2180 enim
1873 2127 1940 2181 de

357 2231 581 2270 numero
608 2217 1052 2272 coronandorum.
1104 2218 1238 2273 Puto
1264 2227 1440 2273 autem
1469 2219 1603 2274 alios
1630 2235 1750 2274 esse
1781 2220 1936 2287 hujus

356 2307 563 2361 timoris
588 2317 642 2361 et
668 2309 927 2378 angustia:
954 2308 1107 2364 nobis
1133 2319 1431 2364 consortes.
1463 2311 1630 2379 Quem
1661 2313 1802 2366 enim
1828 2329 1933 2366 non

353 2409 574 2469 possent
615 2400 730 2456 haec
765 2403 926 2456 verba
957 2413 1159 2458 terrere
1181 2445 1196 2469 ,
1244 2405 1288 2458 si
1321 2405 1372 2458 in
1403 2405 1789 2459 conscientiam
1817 2405 1932 2475 ejus

350 2493 723 2560 immittantur,
751 2511 909 2565 quem
954 2511 1058 2552 non
1102 2498 1153 2550 in
1203 2497 1480 2551 horrorem
1533 2498 1826 2564 inducere,
1859 2499 1928 2552 ita

349 2596 409 2640 ut
450 2602 760 2657 persuasum
804 2588 1019 2655 habeat,
1065 2590 1218 2644 nobis
1262 2605 1420 2645 sacco
1447 2600 1503 2645 et
1541 2591 1698 2662 longo
1721 2591 1928 2660 jejunio

345 2695 480 2749 opus
499 2695 620 2737 esse
641 2684 808 2752 magis
830 2698 988 2753 quam
1011 2684 1207 2753 populo
1233 2682 1622 2737 Ninivitarum?
1647 2682 1758 2738 Non
1781 2686 1923 2738 enim

343 2770 413 2826 de
440 2773 584 2828 urbis
625 2774 904 2829 eversione
951 2785 1008 2830 et
1052 2775 1120 2830 de
1161 2777 1440 2830 communi
1483 2776 1699 2830 interitu
1747 2791 1925 2832 sermo

343 2865 498 2920 nobis
524 2872 640 2931 est,
674 2866 766 2921 sed
794 2867 861 2920 de
889 2867 1150 2938 supplicio
1174 2877 1397 2932 aeterno,
1420 2866 1488 2922 de
1511 2867 1631 2938 igne
1659 2869 1749 2937 qui
1771 2884 1924 2922 num-

339 2973 497 3030 quam
529 2960 902 3031 exstinguitur.

409 3051 464 3106 5.
496 3051 865 3106 Monac/mrum
905 3054 1018 3109 laus
1048 3064 1094 3108 et
1125 3055 1238 3109 vitta
1265 3072 1444 3127 genus.
1471 3085 1542 3096 â€”
1566 3054 1692 3111 Ideo
1735 3069 1920 3110 mona-

337 3143 487 3208 chos,
513 3144 604 3214 qui
630 3145 841 3200 deserta
870 3156 1220 3216 occuparunt,
1250 3146 1410 3202 laudo
1437 3157 1490 3202 et
1519 3147 1774 3211 admiror,
1808 3156 1915 3201 tum

334 3233 454 3289 aliis
477 3235 546 3290 de
569 3237 767 3298 causis,
805 3246 912 3291 tum
943 3246 1161 3308 propter
1182 3238 1296 3292 luec
1323 3237 1503 3292 verba.
1534 3238 1663 3292 Nam
1698 3239 1771 3292 illi
1797 3247 1917 3307 pest

335 3327 614 3394 prandium
637 3369 652 3391 ,
683 3329 791 3384 imo
819 3343 948 3384 vero
979 3339 1104 3398 post
1133 3345 1340 3385 cmnam
1365 3370 1380 3393 ,
1410 3329 1690 3398 prandium
1719 3330 1916 3399 quippe

331 3435 439 3474 non
467 3431 698 3486 norunt;
721 3423 896 3477 sciunt
923 3424 1064 3478 enim
1094 3438 1330 3494 praesens
1357 3432 1565 3492 tempus
1595 3437 1712 3478 esse
1739 3423 1913 3478 luctus

328 3527 392 3565 ac
413 3512 600 3582 jejunii
633 3533 646 3567 :
680 3524 798 3582 post
822 3529 1031 3570 Cinnam
1060 3515 1219 3586 igitur
1238 3515 1437 3585 gratias
1463 3515 1572 3570 Deo
1593 3514 1907 3580 referentes,

327 3602 468 3658 hanc
521 3615 820 3660 memorant
868 3622 1078 3663 vocem.
1143 3607 1201 3663 Si
1253 3607 1413 3663 vultis
1465 3615 1642 3662 autem
1696 3607 1908 3661 illorum

325 3693 585 3765 hymnum
631 3695 850 3761 audire,
894 3705 955 3751 ut
990 3697 1137 3752 illum
1176 3713 1274 3753 vos
1305 3697 1611 3767 frequenter
1632 3698 1868 3752 recitetis
1890 3739 1906 3765 ,

324 3795 496 3839 totum
528 3786 678 3841 vobis
701 3787 930 3842 referam
959 3789 1195 3858 ipsorum
1218 3804 1430 3844 sacrum
1454 3789 1742 3856 canticum,
1764 3789 1905 3858 quod

321 3876 402 3930 sic
447 3877 604 3931 habet
631 3896 642 3930 :
667 3877 962 3933 Benedictus
995 3879 1159 3946 Deus,
1186 3881 1270 3950 qui
1301 3881 1467 3949 pascis
1492 3897 1572 3934 me
1590 3897 1621 3933 a
1639 3881 1906 3951 juventute

319 3984 434 4021 mea
453 3969 582 4038 ',qui
607 3969 700 4023 das
722 3985 888 4025 escam
913 3973 1049 4025 omni
1070 3974 1211 4025 carni
1233 3989 1251 4026 :
1273 3973 1428 4042 imple
1448 3973 1636 4043 gaudio
1661 3982 1708 4025 et
1729 3973 1904 4026 latitia

319 4075 409 4112 cor
434 4070 662 4114 nostrum
681 4103 694 4122 .
725 4072 780 4115 ut
812 4079 1006 4132 semper
1031 4080 1228 4118 onmem
1254 4065 1600 4134 suï¬cientiam
1627 4065 1863 4117 habentes
1883 4105 1899 4129 ,

318 4149 632 4205 abundemus
655 4152 708 4206 in
729 4169 875 4209 omne
894 4171 1020 4223 Opus
1041 4155 1222 4210 bonum
1242 4157 1296 4210 in
1319 4157 1518 4210 Christo
1537 4155 1568 4209 J
1576 4173 1662 4210 esu
1683 4155 1902 4209 Domino

318 4253 493 4295 nostra
510 4284 524 4307 ,
549 4243 751 4312 quicum
772 4245 860 4298 tibi
881 4247 1066 4316 gloria,
1096 4248 1275 4313 honos,
1301 4248 1567 4317 imperium
1589 4264 1703 4300 cum
1725 4257 1900 4300 sam-to

321 4333 520 4402 Spiritu
544 4335 598 4388 in
629 4339 837 4390 saâ€™cula.
868 4338 1048 4390 Amen.
1086 4337 1262 4392 Gloria
1291 4339 1380 4391 tibi
1405 4381 1419 4403 ,
1466 4338 1710 4403 Domine,
1736 4339 1900 4408 gloria

320 4427 430 4490 tibi,
460 4439 631 4482 sancte
649 4472 662 4493 ,
689 4431 856 4500 gloria
877 4431 1000 4497 tibi,
1025 4448 1116 4485 rex
1136 4475 1150 4497 ,
1181 4433 1302 4502 quia
1328 4431 1508 4486 dedisti
1529 4433 1669 4486 nobis
1691 4433 1824 4485 cibos
1845 4432 1899 4485 in

318 4520 567 4574 lwtitiam.
600 4520 764 4592 Imple
804 4539 896 4577 nos
936 4524 1137 4592 Spiritu
1175 4535 1382 4591 sancto,
1420 4539 1472 4577 ut
1510 4527 1825 4579 inveniamur
1847 4527 1898 4579 iu

316 4623 584 4679 conspectu
605 4621 690 4666 tuo
711 4613 1038 4684 acceptabiles
1058 4657 1074 4682 ,
1113 4631 1206 4668 nec
1233 4617 1426 4684 pudore
1460 4617 1757 4687 afficiantur,
1785 4635 1898 4671 cum

315 4701 496 4755 reddes
515 4703 783 4771 unicuique
796 4706 1072 4760 secundum
1099 4724 1254 4776 Opera
1273 4725 1388 4761 sua.
1430 4707 1526 4762 Hic
1558 4708 1788 4780 hymnus
1817 4719 1896 4763 to-

318 4801 402 4846 tus
421 4791 760 4850 admirationi
797 4813 918 4853 esse
957 4799 1136 4864 debet,
1181 4801 1410 4855 maxime
1447 4817 1577 4856 vero
1607 4803 1726 4856 ï¬nis
1756 4803 1894 4872 ejus.

312 4885 447 4951 Quia
475 4889 620 4942 enim
653 4905 836 4945 mensa
857 4903 911 4946 et
929 4893 1080 4948 cibus
1108 4894 1306 4948 eï¬‚'nsos
1331 4894 1500 4950 reddit
1527 4904 1582 4950 et
1607 4907 1892 4966 aggravat,

315 4977 418 5034 hoc
455 4979 657 5034 dictum
687 4983 838 5050 quasi
871 4981 1080 5038 frenum
1111 4985 1378 5054 quoddam
1408 4987 1602 5040 animae
1631 5001 1896 5057 apposue-

312 5073 435 5116 runt
462 5064 564 5119 hoc
592 5064 791 5119 latitia:
822 5077 1062 5136 tempore
1083 5111 1098 5132 ,
1142 5085 1265 5124 cum
1303 5069 1491 5140 judicii
1521 5069 1662 5124 diem
1696 5072 1746 5125 in
1777 5087 1893 5126 me-

315 5156 538 5210 moriam
569 5169 838 5213 revocant.
871 5159 1182 5216 Didicerunt
1220 5164 1362 5216 enim
1403 5163 1550 5232 quod
1593 5179 1780 5234 passus
1809 5173 1893 5219 est

313 5246 476 5302 Israel
505 5257 624 5316 post
652 5249 848 5303 lautam
883 5268 1120 5306 mensam
1148 5273 1160 5307 Îµ
1193 5255 1419 5307 Comedit
1453 5257 1593 5309 enim
1619 5297 1634 5321 ,
1684 5257 1888 5327 inquit,

309 5347 354 5390 et
373 5337 684 5393 incrussatus
703 5351 798 5407 est,
822 5353 868 5394 et
886 5342 1218 5397 recalcitrattit
1239 5345 1449 5399 dilectus
1469 5347 1644 5417 (Deut.
1664 5349 1750 5402 52.
1776 5349 1888 5418 15).

310 5427 515 5485 Idcirco
551 5430 685 5486 dixit
712 5432 958 5503 Moyses:
990 5432 1116 5487 Cum
1151 5429 1530 5491 manducaueris
1553 5449 1598 5492 et
1624 5439 1803 5492 biberis
1844 5451 1890 5492 et

303 5527 578 5575 saturatas
591 5522 773 5592 fueris,
797 5534 1040 5579 memento
1061 5523 1268 5580 Domini
1287 5525 1384 5580 Dei
1404 5531 1477 5582 tui
1503 5529 1678 5600 (Deut.
1704 5533 1755 5586 6.
1778 5533 1885 5602 ll).

374 5705 390 5735 Î¹
419 5700 570 5764 l'rnts,
593 5707 676 5766 qui
696 5707 854 5766 pascis
877 5719 961 5758 nos
981 5721 1010 5756 a
1027 5711 1272 5767 juventute
1292 5717 1472 5774 nostra.

1420 251 1484 307 IN
1523 249 1926 307 MATTHIEUM
1965 248 2198 310 HOMIL.
2241 258 2350 313 LV.
2393 263 2464 317 al.
2507 263 2631 319 LVI.

3555 281 3656 336 Sili

2080 368 2205 424 Post
2251 391 2487 430 mensam
2533 381 2674 434 enim
2729 380 3054 453 iniquissima
3100 389 3216 444 ausi
3263 389 3488 446 fuerant.
3516 397 3660 449 (Save

2057 463 2236 534 igitur
2262 469 2422 522 etiam
2458 480 2509 524 tu
2543 489 2610 528 ne
2634 475 2810 530 simile
2837 478 2961 546 quid
2991 481 3228 548 patiaris.
3263 483 3484 539 Etiamsi
3513 489 3656 542 enim

2075 571 2174 610 nec
2205 559 2396 628 lapidi,
2447 579 2544 617 nec
2576 580 2708 620 auro
2752 582 2884 622 oves
2928 581 2982 624 et
3025 571 3220 627 vitulos
3266 575 3656 644 immolaveris,

2074 663 2202 703 cave
2230 667 2296 705 ne
2323 652 2414 707 ira:
2450 655 2694 711 immoles
2729 660 2960 714 animam
3003 671 3168 729 tuam,
3206 681 3278 720 ne
3315 665 3655 723 fornicationi

2071 740 2318 798 immoles
2362 747 2585 802 salutem
2634 760 2774 804 tuam
2803 795 2817 817 ,
2859 770 2992 810 neve
3029 757 3149 812 aliis
3197 758 3461 814 similibus
3489 762 3653 817 animi

2070 835 2291 890 morbis.
2327 838 2436 894 Hac
2458 843 2597 895 enim
2629 844 2791 898 etiam
2819 845 2886 900 de
2916 862 3078 902 causa
3105 851 3352 906 monachi
3381 851 3494 908 hinc
3518 868 3653 923 prze-

2068 925 2246 994 cipitia
2297 941 2624 998 metuentes,
2694 945 2972 1005 postquam
3027 954 3248 1004 mensa,
3310 943 3416 996 imo
3476 946 3649 1013 potius

2062 1014 2270 1085 jejunio
2332 1022 2410 1074 usi
2464 1033 2588 1076 sunt
2638 1022 2795 1094 (nam
2855 1044 3038 1082 mensa
3094 1031 3326 1099 ipsorum
3384 1033 3644 1102 jejunium

2064 1109 2208 1177 est),
2258 1113 2518 1166 tremendi
2557 1114 2739 1183 judicii
2781 1133 2842 1172 ac
2885 1117 2988 1172 diei
3031 1119 3168 1174 illius
3214 1125 3526 1177 memoriam
3563 1142 3645 1179 re-

2063 1209 2270 1254 vocant.
2318 1201 2371 1256 Si
2413 1213 2589 1258 autem
2624 1206 2734 1272 illi,
2774 1209 2864 1277 qui
2910 1209 3533 1279 jejuniis,chameuniis,
3567 1218 3643 1270 vi-

2060 1289 2219 1359 giliis,
2253 1307 2408 1347 sacco
2438 1303 2492 1348 et
2523 1296 2814 1352 innumeris
2854 1299 2972 1354 aliis
3015 1316 3137 1356 sese
3186 1314 3494 1365 macerant,
3539 1307 3636 1360 hac

2061 1388 2237 1436 tamen
2282 1384 2650 1442 admonitione
2677 1389 2952 1458 indigent:
2983 1392 3195 1461 quando
3223 1396 3509 1463 poterimus
3540 1413 3640 1453 nos

2042 1467 2331 1528 moderate
2355 1477 2534 1531 vivere
2557 1521 2571 1544 ,
2603 1480 2691 1548 qui
2721 1495 2934 1534 mensas
2959 1497 3281 1552 apparamus
3319 1487 3464 1541 mille
3501 1504 3637 1542 nau-

2056 1560 2234 1632 fragiis
2265 1577 2484 1621 onustas
2507 1609 2521 1631 ,
2555 1585 2728 1638 neque
2754 1572 2975 1627 omnino
2999 1590 3277 1643 precamur
3300 1578 3385 1632 vel
3412 1579 3462 1633 in
3493 1582 3636 1649 priu-

2054 1655 2192 1723 cipio
2228 1658 2310 1711 vel
2354 1659 2404 1712 in
2456 1660 2601 1716 fine?
2641 1662 2845 1718 Idcirco
2875 1676 2930 1719 ut
2959 1667 3230 1738 naufragia
3263 1670 3348 1724 illa
3369 1671 3634 1726 dissolva-

2053 1762 2208 1813 mus,
2253 1749 2506 1818 hymnum
2564 1755 2709 1808 illum
2759 1757 2810 1810 in
2858 1759 3089 1813 medium
3128 1761 3484 1828 adducentes,
3537 1783 3632 1821 ex-

2051 1841 2305 1909 plicemus
2343 1846 2541 1912 omnia,
2567 1858 2624 1901 ut
2663 1849 2786 1917 quid
2816 1852 2948 1905 lucri
2972 1855 3272 1909 commodet
3299 1858 3630 1913 animadver-

2049 1941 2258 2003 tentes,
2310 1938 2614 2008 frequenter
2642 1941 2791 1996 illum
2841 1943 2895 1997 in
2941 1960 3126 2000 mensa
3175 1962 3463 2013 canamus,
3499 1968 3628 2006 vcn-

2048 2025 2247 2096 trisque
2293 2028 2520 2083 insultus
2560 2032 2916 2101 reprimamus
2937 2076 2952 2101 ,
2979 2047 3137 2106 atque
3167 2054 3343 2094 mores
3375 2041 3625 2111 legesque

2043 2121 2350 2190 angelorum
2381 2123 2588 2177 illorum
2619 2126 2668 2178 in
2701 2125 2890 2182 domos
2920 2139 3132 2184 nostras
3164 2131 3495 2190 inducamus.
3523 2137 3624 2190 Par

2040 2222 2186 2266 certe
2229 2212 2537 2277 fuisset,'ut
2564 2216 2651 2269 illo
2682 2233 2777 2272 vos
2814 2220 3151 2275 conferentes
3183 2224 3319 2276 hunc
3351 2226 3620 2281 referretis

2042 2301 2297 2358 fructum:
2319 2306 2410 2360 sed
2437 2308 2558 2377 quia
2591 2308 2638 2361 id
2667 2324 2769 2363 non
2794 2311 2972 2376 vultis,
2994 2315 3166 2366 verbis
3198 2316 3384 2368 saltem
3423 2322 3619 2374 nostris

2037 2397 2173 2453 hanc
2188 2401 2514 2469 spiritualem
2532 2403 2812 2457 melodiam
2829 2405 3028 2470 audite,
3043 2421 3104 2460 ac
3126 2408 3314 2478 singuli
3332 2421 3446 2478 post
3461 2426 3615 2465 meu-

2033 2505 2148 2544 sam
2202 2491 2312 2546 haec
2347 2493 2507 2548 verba
2536 2495 2803 2560 referant,
2837 2497 2914 2551 sic
2943 2499 3050 2552 orsi
3078 2517 3091 2552 :
3119 2498 3421 2556 Benedictus
3449 2503 3610 2558 Deus.

2035 2581 2393 2650 Apostolicam
2419 2585 2613 2653 quippe
2634 2585 2799 2655 legem
2824 2588 3000 2641 statim
3028 2589 3357 2660 intplentqua
3375 2593 3611 2660 jubelur:

2034 2671 2394 2743 Quodcumque
2425 2676 2704 2729 fecerimus
2729 2678 2782 2730 in
2814 2678 2959 2731 verba
3025 2689 3072 2732 et
3110 2698 3285 2751 opere,
3332 2685 3386 2737 in
3413 2687 3614 2740 nomine

2031 2761 2237 2816 Domini
2271 2765 2427 2816 nostri
2463 2766 2590 2818 Jesu
2631 2765 2819 2820 Christi
2862 2768 3142 2838 faciamus,
3179 2773 3370 2841 gratias
3400 2787 3604 2846 agentes

2028 2848 2136 2904 Deo
2183 2862 2228 2905 et
2274 2852 2422 2906 Patri
2467 2872 2557 2923 per
2602 2857 2768 2924 ipsum
2819 2856 3034 2926 (Coloss.
3075 2859 3128 2914 5.
3174 2862 3286 2930 17).
3321 2863 3518 2918 Deinde
3549 2876 3607 2918 ut

2023 2944 2311 3012 gratiarum
2358 2947 2497 2999 actio
2541 2962 2646 2999 non
2699 2963 2792 3015 pro
2837 2950 2926 3002 illo
2968 2949 3085 3002 Solo
3125 2949 3216 3006 die
3254 2953 3355 3019 sit,
3387 2955 3479 3009 sed
3511 2972 3606 3025 pro

2025 3045 2134 3091 tota
2162 3037 2263 3090 vita
2287 3077 2302 3104 ,
2333 3038 2525 3091 dicitur
2551 3056 2563 3090 :
2594 3039 2694 3104 Qui
2718 3040 2882 3108 pascis
2907 3057 2984 3093 me
3004 3058 3034 3092 Î±
3046 3043 3308 3112 juventute
3328 3061 3456 3098 mea.
3482 3046 3605 3102 llaâ€˜c

2022 3145 2234 3200 quoque
2261 3131 2500 3186 doctrina
2534 3133 2899 3203 philosophica
2929 3148 3027 3188 est.
3054 3137 3161 3189 Deo
3185 3139 3380 3207 quippe
3404 3141 3599 3204 alente,

2022 3241 2126 3280 non
2177 3228 2464 3281 sollicitum
2512 3245 2630 3283 esse
2677 3240 2908 3297 oportet.
2961 3231 3090 3286 Nam
3122 3234 3168 3289 si
3195 3251 3320 3306 rege
3350 3236 3440 3291 tibi
3475 3254 3601 3306 pro-

2020 3319 2304 3383 mittente,
2338 3333 2395 3372 se
2439 3319 2530 3372 tibi
2573 3322 2938 3390 quotidianum
2979 3323 3155 3377 cibum
3205 3342 3268 3379 ex
3319 3341 3411 3379 sua
3459 3345 3596 3397 penu

2017 3410 2469 3479 suppeditaturum
2493 3427 2627 3475 esw,
2653 3414 2954 3468 confideres
2977 3417 3187 3486 utique:
3213 3421 3379 3474 multo
3405 3423 3594 3488 magis,

2017 3501 2061 3554 si
2088 3501 2228 3553 Deus
2251 3505 2484 3569 prmbeat
2510 3544 2525 3567 ,
2555 3514 2606 3556 et
2633 3504 2810 3557 omnia
2842 3505 2931 3559 tibi
2960 3508 3107 3576 quasi
3138 3524 3202 3561 cx
3237 3508 3380 3563 fonte
3409 3509 3592 3574 ï¬‚uant,

2013 3591 2157 3645 omni
2202 3591 2566 3646 sollicitudine
2606 3609 2824 3647 vacuum
2871 3610 2992 3649 esse
3035 3607 3266 3665 Oportet.
3303 3600 3424 3653 Ideo
3451 3605 3592 3656 enim

2015 3681 2127 3735 inec
2153 3681 2354 3742 dicunt,
2385 3693 2439 3734 ut
2462 3692 2515 3737 et
2543 3683 2749 3752 seipsos
2777 3694 2830 3737 et
2855 3685 3144 3754 discipulos
3169 3688 3233 3741 ad
3261 3706 3474 3743 omuetn
3501 3707 3595 3745 cu-

2012 3789 2128 3829 ram
2155 3784 2209 3827 et
2242 3775 2655 3829 sollicitudinem
2701 3777 2998 3845 ponendam
3046 3780 3315 3835 inducant.
3360 3783 3588 3848 Deinde.

2011 3879 2079 3919 ne
2107 3876 2288 3933 putes,
2344 3866 2486 3934 ip~os
2533 3882 2626 3934 pro
2657 3883 2714 3920 se
2745 3878 2945 3921 tantum
2995 3869 3132 3924 hanc
3167 3875 3456 3941 gratiarum
3497 3892 3590 3929 ac-

2010 3960 2207 4012 tionem
2236 3957 2456 4022 referre,
2479 3959 2826 4028 subjunguut,
2856 3963 2954 4026 Qui
2975 3964 3060 4015 dat
3082 3982 3244 4018 escam
3270 3970 3405 4020 omni
3424 3973 3586 4036 carui,

2010 4065 2105 4118 pro
2129 4058 2239 4103 toto
2265 4051 2394 4104 orbe
2426 4051 2521 4118 ipsi
2549 4053 2745 4120 gratias
2774 4065 3026 4122 agentes;
3057 4066 3108 4110 et
3133 4059 3281 4124 quasi
3303 4061 3448 4116 orbis
3475 4066 3589 4116 uui-

2007 4141 2146 4196 versi
2175 4153 2383 4211 patres,
2416 4144 2494 4197 sic
2517 4160 2611 4212 pro
2641 4146 2890 4199 omnibus
2923 4148 3106 4203 laudes
3136 4150 3408 4218 referunt,
3437 4165 3489 4208 et
3521 4158 3585 4210 ad

2006 4251 2184 4291 veram
2213 4251 2332 4290 sese
2373 4237 2755 4290 fraternitatem
2810 4238 3047 4294 incitant.
3081 4241 3262 4311 Neque
3288 4246 3426 4299 enim
3461 4264 3587 4316 pos-

2005 4336 2128 4381 sunt
2149 4328 2266 4382 illos
2287 4328 2482 4392 odisse,
2515 4344 2608 4397 pro
2629 4330 2820 4398 quibus
2849 4331 2914 4384 de
2941 4334 3283 4400 suppeditato
3313 4337 3439 4404 ipsis
3463 4341 3584 4392 ciho

2007 4417 2116 4471 Deo
2142 4418 2340 4488 gratias
2366 4429 2548 4487 agunt.
2583 4419 2769 4473 Videnâ€™
2791 4431 2844 4473 ct
2877 4422 3149 4476 caritatem
3176 4441 3268 4492 [Î¹ÏÎ¹-
3292 4431 3578 4495 gratiarum

2003 4509 2264 4562 actionem
2299 4509 2604 4573 induetatn,
2649 4526 2766 4578 qu:e
2812 4513 3121 4566 SiBClllï¬‚lâ€˜ellt
3171 4516 3584 4574 sollicitudinem

2002 4601 2183 4668 ejicit,
2231 4609 2338 4654 tum
2379 4616 2444 4655 ex
2477 4601 2541 4654 iis
2564 4617 2684 4670 quae
2727 4603 3068 4670 praecedunt,
3115 4615 3223 4658 tum
3268 4623 3335 4660 ex
3370 4609 3582 4677 hisjatu

2001 4693 2194 4748 dictis?
2219 4692 2272 4748 Si
2301 4696 2442 4749 enim
2473 4694 2563 4749 dat
2587 4711 2765 4749 escam
2796 4696 2939 4749 omni
2971 4697 3117 4750 carni
3141 4740 3154 4761 ,
3205 4700 3373 4752 multo
3418 4705 3584 4772 magis

2001 4785 2066 4839 iis
2087 4786 2174 4855 qui
2201 4785 2299 4855 ipsi
2342 4785 2534 4839 addicti
2563 4797 2724 4850 sunt;
2756 4803 2877 4840 nam
2911 4788 2952 4839 si
2981 4803 3095 4851 eos,
3120 4791 3209 4856 qtti
3240 4791 3583 4846 smcularibus

2001 4876 2144 4930 curis
2175 4882 2300 4930 sunt
2331 4877 2585 4942 involuti;
2638 4877 2806 4930 n'tulto
2847 4881 3014 4947 magis
3062 4894 3176 4944 eos,
3218 4881 3304 4949 qui
3336 4882 3399 4934 iis
3432 4887 3580 4939 vacui

2001 4978 2124 5023 Sunt
2143 5011 2156 5032 ,
2189 4969 2372 5022 nutrit.
2408 4967 2520 5022 Hoc
2544 4977 2596 5022 et
2623 4966 2865 5022 Cillâ€˜iSlllS
2896 4974 3221 5024 confirmans
3250 4972 3378 5026 dicit
3405 4992 3417 5028 :
3448 4974 3581 5040 Quot

2001 5059 2285 5129 passeribus
2329 5060 2556 5112 meliores
2597 5060 2712 5113 estis
2754 5077 2839 5113 vos
2871 5059 3020 5130 (Luc.
3061 5062 3143 5113 1â€˜2.
3178 5061 3260 5130 Î·Î¿Î¾
3288 5061 3378 5117 llis
3409 5068 3582 5121 verbis

1999 5152 2153 5208 docet
2183 5168 2289 5206 non
2325 5167 2444 5206 esse
2481 5150 2749 5206 iidendum
2789 5151 2988 5205 divitiis
3015 5163 3066 5204 et
3094 5162 3250 5206 terrae
3280 5163 3337 5206 et
3364 5157 3582 5209 semini-

2000 5244 2117 5298 bus.
2148 5243 2262 5298 Non
2306 5245 2446 5296 enim
2494 5244 2607 5297 lucc
2638 5252 2761 5297 sunt
2787 5259 2907 5313 quae
2937 5243 3212 5308 nutriunt,
3239 5245 3333 5300 sed
3362 5246 3579 5302 verbum

2003 5335 2114 5390 Dei.
2153 5334 2246 5388 [iis
2267 5335 2425 5388 etiam
2460 5333 2784 5388 Manichzeos
2815 5334 3133 5398 retrudunt,
3176 5345 3230 5390 et
3262 5336 3582 5394 Valentinia-

1998 5446 2116 5496 nos,
2148 5443 2346 5497 eosque
2374 5428 2461 5497 qui
2503 5442 2624 5480 cum
2666 5426 2772 5480 illis
2803 5427 3057 5480 sentiunt.
3092 5426 3207 5481 Non
3236 5429 3378 5482 enim
3409 5440 3582 5498 potest

2000 5520 2083 5573 hic
2115 5521 2286 5571 malus
2329 5531 2450 5570 esse
2498 5517 2670 5580 Deus,
2715 5518 2801 5585 qui
2845 5517 3128 5578 omnibus.
3175 5519 3334 5572 etiam
3374 5534 3432 5573 se
3473 5519 3582 5574 bla-

1998 5611 2424 5681 Sphemantihus,
2457 5609 2592 5663 bona
2626 5625 2718 5663 sua
2744 5609 2973 5663 confert.
3011 5611 3210 5664 Deinde
3231 5611 3466 5679 sequitur
3489 5627 3585 5682 pe-

1999 5706 2115 5759 titio
2139 5722 2151 5758 :
2185 5703 2343 5772 Î¹Î¹ÎµÏÎ¹Îµ
2370 5703 2556 5773 gaudio
2579 5712 2622 5755 et
2645 5705 2823 5756 laztitia
2843 5704 3001 5757 corda
3023 5715 3215 5758 nostra.
3240 5703 3358 5774 Quo
3387 5701 3584 5775 gaudio
