4108 6376
528 352 628 407 5η

525 467 687 525 dicit?
714 482 837 520 num
864 462 1142 521 saeculari?
1166 462 1351 518 Absit!
1383 475 1557 531 neque
1585 459 1727 514 enim
1750 457 1796 512 si
1825 455 1959 512 illud
1988 454 2103 510 vel-

526 563 637 617 Ient
654 602 668 623 .
697 558 975 615 cacumina
1002 556 1263 612 montium
1287 562 1341 609 et
1364 553 1576 609 deserta
1602 556 1987 620 occupassent,
2017 562 2112 603 ne-

524 671 626 727 que
649 669 805 712 sacco
827 660 1011 709 essent
1041 649 1251 715 induti;
1298 646 1394 702 sed
1434 644 1565 701 illud
1602 643 1855 715 gaudium
1887 641 2107 705 dicunt,

518 747 665 819 quod
687 762 807 802 cum
841 743 1091 816 prmsenti
1122 739 1230 797 vita
1260 737 1396 793 nihil
1420 751 1707 794 commune
1738 735 1936 800 habet,
1977 747 2110 802 gau-

524 843 669 896 dium
716 839 1027 909 angelorum
1076 843 1133 892 et
1175 848 1504 904 supernum;
1552 845 1654 885 nec
1700 827 2016 898 simpliciter
2057 824 2111 881 id

528 932 830 1003 postulant,
878 930 974 985 sed
1015 926 1372 984 abundantius
1400 933 1695 995 expetunt;
1741 937 1846 1003 non
1887 921 2110 987 dicunt,

529 996 602 1080 ba
620 1068 634 1091 ,
665 1023 779 1089 sed,
813 996 973 1092 Reple
991 1064 1007 1086 ,
1035 1035 1137 1075 nec
1165 1019 1349 1075 dicunt
1367 1061 1383 1085 ,
1410 1017 1517 1072 Nos
1537 1058 1552 1082 ,
1581 1016 1697 1081 sed,
1722 996 1886 1069 Corda
1907 1022 2112 1067 nostra:

526 1118 628 1172 hoc
671 1118 815 1172 enim
861 1117 1092 1168 maxime
1142 1111 1390 1182 gaudium
1441 1108 1619 1164 cordis
1657 1125 1670 1162 :
1716 1106 1939 1161 Fructus
1976 1107 2111 1159 enim

527 1213 781 1283 Spiritus,
827 1211 1045 1275 caritas,
1089 1206 1355 1279 gaudium,
1387 1220 1489 1273 pax
1534 1201 1682 1271 (Gal.
1715 1200 1766 1257 5.
1809 1199 1924 1271 2‘2).
1974 1197 2111 1266 Quia

525 1304 667 1358 enim
706 1309 988 1371 peccatum
1035 1297 1302 1352 tristitiam
1344 1294 1586 1359 induxit,
1628 1299 1992 1362 prccantnrut
2020 1304 2114 1359 per

526 1392 778 1464 gaudium
825 1390 1027 1461 jnstitia
1062 1389 1114 1442 in
1143 1387 1273 1457 ipsis
1298 1387 1599 1440 inseratur:
1626 1398 1799 1452 neque
1828 1381 1970 1435 enim
2008 1380 2115 1434 alio

527 1484 687 1539 modo
710 1482 955 1553 gaudium
980 1481 1031 1534 in
1061 1479 1165 1533 illis
1194 1484 1559 1547 generaretur.
1592 1472 1659 1528 Ut
1696 1489 1891 1543 semper
1916 1486 2115 1524 onmem

527 1577 874 1647 suﬁcientiam
909 1574 1142 1626 habentes
1166 1568 1476 1622 abundamus
1498 1567 1551 1620 in
1572 1582 1718 1619 omne
1750 1581 1878 1634 opus
1907 1564 2111 1617 bonum.

536 1669 667 1724 Vide
723 1666 1086 1738 evangelicum
1137 1662 1269 1718 illud
1314 1660 1515 1715 dictum
1568 1657 1884 1727 impletum:
1918 1652 2116 1707 Panem

523 1783 761 1829 nostrum
776 1767 1141 1841 quotidianum
1157 1763 1227 1816 da
1248 1760 1395 1815 nobis
1416 1757 1566 1811 hodie
1582 1753 1735 1825 (Luc.
1756 1745 2100 1819 11.5).(2ujus

524 1861 914 1939 postulationis
936 1857 1191 1912 effectum
1216 1860 1442 1924 propter
1467 1844 1770 1917 spiritualia
1802 1846 2097 1939 quaerunt}

531 1924 599 2013 Ut
623 1952 969 2014 abundamus,
996 1946 1266 2017 inquiunt,
1284 1943 1342 1996 in
1359 1954 1506 1993 omne
1529 1952 1656 2005 opus
1669 1934 1879 1987 bonum.
1899 1926 2009 1982 Nec
2024 1924 2105 1979 di-

527 2057 680 2111 cunt,
701 2045 773 2100 Ut
807 2043 1076 2098 faciamus
1100 2037 1275 2091 solum
1303 2031 1449 2103 quod
1472 2030 1734 2085 debemus
1759 2042 1774 2091 ;
1812 2022 1905 2079 sed
1935 2021 2101 2073 etiam

530 2109 673 2211 plus,
692 2152 853 2207 quam
872 2139 1137 2204 praecepta
1161 2126 1476 2186 continent;
1502 2121 1553 2173 id
1580 2117 1726 2173 enim
1753 2112 2025 2182 significat
2046 2109 2106 2162 il-

530 2202 620 2285 iud
633 2273 646 2296 ,
660 2202 1077 2281 ut'abundemus.
1091 2216 1156 2271 Et
1169 2232 1196 2269 a
1209 2214 1318 2270 Deo
1330 2212 1547 2283 quidem
1563 2202 1940 2262 sufﬁcientiam
1959 2214 2107 2268 quir-

527 2320 649 2364 runt
675 2310 726 2363 in
758 2308 1077 2364 necessariis
1103 2325 1116 2361 :
1148 2305 1249 2375 ipsi
1270 2319 1399 2360 vero
1429 2304 1614 2357 nolunt
1638 2315 1760 2354 cum
1788 2295 2107 2353 sufﬁcientia

528 2411 732 2455 tantum
764 2400 1017 2465 obedire,
1069 2397 1164 2453 sed
1207 2392 1708 2466 superabundauter
1746 2391 1800 2444 in
1839 2387 2113 2443 onmihus.

531 2494 643 2549 lloc
685 2503 768 2550 est
798 2493 932 2564 frugi
980 2506 1276 2554 servorum,
1324 2489 1425 2541 hoc
1466 2483 1908 2556 philosophorum
1939 2479 2114 2535 homi-

528 2602 654 2643 num
681 2626 695 2649 ,
731 2599 945 2654 semper
989 2592 1043 2635 et
1088 2581 1140 2634 in
1182 2577 1431 2632 uninibus
1473 2573 1771 2629 abundare.
1816 2569 2019 2625 Deinde
2058 2576 2116 2623 ut

527 2678 892 2737 inﬁrmitatem
935 2690 1085 2728 suam
1113 2677 1538 2727 commemorent
1556 2709 1570 2731 ,
1600 2666 1973 2733 fateanturque
2000 2663 2117 2717 sine

524 2784 761 2841 superno
786 2777 918 2821 nutu
952 2765 1085 2819 nihil
1116 2778 1173 2817 se
1204 2776 1363 2833 p03se
1395 2769 1674 2814 strenuum
1712 2757 1888 2811 facere
1908 2797 1923 2821 ,
1962 2764 2114 2825 post-

521 2876 682 2932 quam
709 2859 995 2922 dixerunt,
1030 2854 1097 2909 Ut
1126 2852 1435 2906 abundemus
1477 2850 1530 2902 in
1569 2865 1716 2902 omne
1739 2864 1868 2915 opus
1910 2846 2115 2909 bonum,

528 2951 857 3022 subjiciunt,
905 2948 973 3001 In
1017 2945 1218 3003 Christo
1257 2943 1384 2998 Jesu
1436 2940 1657 2995 Domino
1695 2951 1867 2995 nostro
1913 2940 2115 3010 quicum

531 3046 620 3100 tibi
642 3045 827 3117 gloria,
860 3043 1041 3106 honor,
1082 3038 1345 3109 imperium
1382 3038 1437 3091 in
1470 3035 1675 3090 uacula.
1715 3034 1895 3086 Amen.
1926 3031 2115 3087 Parem

527 3137 791 3209 principio
821 3135 982 3189 finem
1013 3148 1105 3204 per
1136 3131 1426 3202 gratiarum
1453 3128 1721 3184 actionem
1751 3135 1956 3180 texunt.

597 3231 653 3286 6.
682 3228 873 3285 Postea
892 3241 1021 3281 vero
1049 3223 1295 3279 videntur
1334 3221 1483 3292 quasi
1509 3235 1539 3274 a
1562 3217 1826 3290 principio
1848 3216 2110 3286 incipere,

525 3333 581 3379 et
621 3320 869 3377 eumdem
899 3332 1200 3374 sermonem
1232 3315 1545 3370 continuant
1580 3320 1679 3367 :ttt
1723 3319 1778 3366 et
1822 3309 2017 3367 Paulus
2065 3311 2118 3363 in

526 3412 788 3485 principio
817 3409 1069 3481 Epistolte
1095 3408 1248 3479 quasi
1288 3407 1339 3461 in
1389 3404 1831 3476 glorificationem
1866 3400 2118 3456 desinens

525 3506 599 3561 ait
629 3523 644 3563 :
669 3503 957 3560 Ser-nudum
982 3499 1285 3556 voluntatem
1311 3496 1407 3551 Dei
1451 3505 1497 3550 et
1528 3494 1720 3559 Patris,
1762 3493 1843 3547 cui
1866 3493 2028 3562 gloria
2065 3492 2119 3544 in

525 3600 731 3661 secula,
761 3612 908 3649 amen
937 3595 957 3665 (
981 3593 1099 3649 Gal.
1125 3593 1176 3647 l.
1200 3593 1255 3647 4.
1283 3589 1353 3662 5)
1381 3608 1394 3643 :
1418 3604 1481 3643 ac
1511 3603 1695 3643 rursus
1713 3586 1855 3657 quod
1881 3592 2116 3640 tractan-

526 3689 654 3743 dum
684 3687 927 3757 suscipit,
955 3689 1326 3755 argumentum
1353 3679 1595 3735 resumit.
1642 3677 1710 3733 Et
1736 3676 1860 3732 alibi
1887 3689 2072 3731 rursus
2100 3691 2114 3728 :

525 3779 801 3835 Coluerunt
830 3787 881 3832 et
907 3777 1179 3830 servierunt
1224 3783 1470 3827 creatura:
1498 3770 1662 3839 potius
1689 3785 1841 3839 quam
1868 3766 2114 3833 Creatori,

527 3872 614 3943 qui
640 3879 711 3926 est
746 3868 1028 3924 benedictus
1073 3867 1130 3921 in
1177 3867 1383 3921 satcula.
1415 3862 1574 3918 Amen
1604 3861 1794 3933 (Rom.
1851 3863 1902 3915 l.
1956 3857 2068 3932 25)
2098 3876 2113 3913 :

530 3977 636 4016 non
666 3960 898 4015 absolvit
924 3973 1248 4021 sermonem,
1281 3956 1373 4011 sed
1403 3955 1591 4024 pergit.
1624 3952 1701 4009 Ne
1723 3953 1880 4024 igitur
1900 3952 1998 4006 hos
2022 3966 2119 4005 an-

526 4055 673 4125 gelos
702 4056 1024 4119 incusemus,
1058 4051 1210 4121 quasi
1239 4048 1538 4103 inordinate
1561 4046 1774 4111 faciant,
1803 4045 1942 4116 quod
1966 4056 2115 4115 past-

528 4162 687 4217 quam
719 4147 775 4201 in
804 4146 1243 4215 glorificationem
1289 4141 1598 4207 desierunt,
1628 4153 1813 4194 rursus
1861 4139 2114 4210 hymnum

526 4253 736 4291 sacrum
765 4235 1043 4305 incipiant.
1073 4233 1404 4304 Apostolicas
1427 4232 1570 4288 enim
1616 4238 1909 4301 sequuntur
1946 4230 2110 4299 leges,

527 4344 648 4383 cum
674 4344 703 4382 a
733 4325 1120 4398 glorificatione
1158 4325 1455 4395 incipiunt,
1486 4333 1540 4380 et
1566 4324 1618 4378 in
1653 4323 1795 4377 illam
1821 4323 2110 4388 desinunt,

528 4431 818 4491 posteaque
856 4433 1043 4474 rursus
1084 4417 1451 4474 exordiantur.
1508 4416 1842 4485 Qtiapronter
1886 4413 2109 4470 dicunt:

527 4511 701 4566 Gloria
723 4512 829 4576 tibi,
861 4509 1105 4574 Domine,
1141 4509 1302 4579 gloria
1326 4509 1433 4572 tibi,
1455 4517 1645 4570 sancte,
1676 4507 1837 4576 gloria
1865 4507 1970 4566 tibi.
2000 4522 2111 4570 rex,

525 4605 645 4674 quia
669 4604 849 4656 dedisti
879 4602 1021 4655 nobis
1045 4600 1179 4654 cibos
1204 4600 1257 4653 in
1285 4599 1531 4653 lmtitiant.
1563 4595 1677 4651 Non
1708 4597 1849 4651 enim
1878 4612 1975 4665 pro
2001 4611 2114 4650 Ina-

526 4697 643 4764 gnis
688 4705 914 4762 tantum,
945 4693 1038 4748 sed
1069 4701 1123 4747 et
1152 4707 1248 4762 pro
1279 4692 1510 4746 minimis
1539 4690 1732 4761 gratias
1776 4705 1932 4758 agere
1960 4706 2112 4759 opor-

527 4797 618 4841 tet.
675 4786 884 4843 Gratias
911 4796 1087 4840 autem
1127 4790 1225 4855 pro
1272 4784 1353 4838 his
1387 4794 1582 4853 agunt,
1611 4793 1668 4835 ut
1698 4781 2107 4835 Manichaeorum

526 4877 771 4931 haeresim
800 4874 1160 4946 pudefaciant,
1198 4884 1251 4929 et
1281 4889 1467 4927 omnes
1496 4881 1754 4943 quotquot
1792 4881 2106 4941 pra-sentem

521 4971 681 5023 vitam
710 4985 829 5024 esse
867 4968 1057 5023 malam
1085 4967 1287 5021 dicunt.
1320 4964 1398 5020 Ne
1428 4975 1581 5034 putes
1606 4965 1748 5017 enim
1779 4977 1895 5029 eos,
1925 4963 2013 5033 qui
2038 4962 2107 5018 ad

519 5078 780 5117 summam
805 5059 1192 5131 philosophiam
1219 5073 1278 5113 se
1301 5067 1553 5112 exercent
1576 5064 1633 5111 et
1655 5064 1897 5110 ventrem
1925 5055 2105 5125 despi-

519 5154 687 5217 ciunt,
716 5167 867 5208 escas
908 5150 1235 5216 abominari,
1258 5158 1316 5203 ut
1345 5148 1378 5202 ii
1407 5148 1496 5218 qui
1528 5163 1587 5202 se
1618 5146 1896 5212 suffocant,
1928 5146 2107 5201 verbis

517 5244 844 5315 supplicibus
861 5243 953 5299 tibi
968 5242 1213 5307 suadent,
1233 5256 1291 5295 se
1310 5256 1413 5295 non
1436 5238 1555 5293 ideo
1574 5254 1604 5293 a
1622 5238 1800 5292 multis
1815 5237 2102 5302 abstinere,

518 5336 656 5408 quod
689 5336 883 5391 multas
912 5335 1003 5389 Dei
1022 5347 1294 5390 creaturas
1319 5333 1670 5396 detestentur,
1693 5330 1785 5385 sed
1815 5329 1955 5401 quod
1986 5329 2106 5400 phi-

516 5429 814 5498 losophiam
845 5436 1148 5480 exerceant.
1194 5425 1263 5480 Et
1285 5424 1647 5479 animadverte
1693 5421 1959 5493 quomodo
1984 5428 2106 5491 post

515 5521 805 5591 gratiarum
829 5517 1093 5573 actionem
1128 5532 1224 5588 pro
1252 5517 1459 5572 collatis
1490 5515 1624 5570 cibis
1650 5515 1849 5584 majora
1898 5522 2100 5583 petant,

519 5630 618 5668 nec
644 5615 694 5667 in
722 5610 1068 5668 smcularibus
1097 5620 1357 5680 perstent,
1386 5608 1478 5665 sed
1522 5623 1678 5678 supra
1710 5606 1873 5661 carlos
1909 5621 2100 5661 ascenw

520 5708 666 5769 dant,
683 5705 965 5775 dicantquc
988 5722 1001 5759 ε
1032 5703 1199 5775 Imple
1218 5719 1308 5757 nos
1330 5702 1527 5772 Spiritu
1547 5711 1719 5756 sancto
1757 5699 1940 5769 Neque
1958 5699 2101 5754 enim

522 5805 699 5871 potest
722 5799 840 5866 quis
870 5797 1125 5869 proiciare
1145 5811 1203 5852 se
1231 5811 1440 5868 gerere,
1463 5796 1562 5851 nisi
1585 5796 1656 5850 sit
1676 5794 1910 5867 repletus
1928 5794 2096 5864 gratia

1305 346 1365 403 S.
1405 343 1683 401 JUANNIS
1720 339 2190 398 CilllYSOSTOMl
2231 338 2547 396 ARCIlIEP.
2587 341 3124 401 CONSTANTINOP.

3698 346 3807 405 548

2217 454 2307 512 illa
2332 497 2347 521 ,
2378 465 2439 511 ut
2476 472 2586 511 non
2614 466 2787 526 potest
2814 458 2934 528 quis
2983 469 3257 513 strenuum
3284 469 3377 512 aut
3404 472 3651 529 magnum
3679 458 3808 528 quid

2213 547 2411 613 facere,
2436 550 2535 604 nisi
2560 550 2757 605 Christi
2787 550 2953 621 gratia
2979 550 3204 605 fruatur.
3230 550 3376 605 Sicut
3398 565 3527 620 ergo
3546 550 3809 610 dicentes.

2218 639 2287 697 Ut
2331 640 2645 696 abundemus
2696 642 2751 697 in
2796 658 2945 696 omne
2980 659 3107 712 Opus
3150 642 3368 706 bonum,
3397 643 3807 709 subjunxerunt,

2215 731 2283 787 In
2333 732 2532 787 Christo
2573 732 2699 787 Jesu
2732 734 2848 789 :ita
2881 744 2936 789 et
2990 736 3076 788 hic
3117 734 3294 789 dicunt
3322 775 3338 799 ,
3374 733 3532 802 Reple
3567 750 3659 787 nos
3686 732 3811 803 Spi-

2214 824 2316 877 ritu
2340 834 2532 887 sancto,
2557 825 2573 856 ¹
2589 822 2663 896 [ut
2686 824 3001 877 inveniamur
3025 827 3079 877 in
3105 835 3374 894 conspectu
3416 837 3502 877 tuo
3527 824 3813 893 acceptabi-

2216 914 2307 969 les.
2341 914 2526 970 Viden’
2552 915 2821 985 quomodo
2845 914 2913 969 de
2961 915 3119 970 rebus
3154 915 3219 969 ad
3251 916 3411 969 vitam
3443 914 3810 985 spectantibus

2216 1023 2322 1063 non
2365 1018 2648 1079 precentur
2670 1050 2685 1074 ,
2718 1010 2810 1064 sed
2853 1011 3050 1079 gratias
3079 1021 3238 1080 agant
3268 1020 3472 1065 tantum
3507 1027 3520 1062 :
3554 1010 3691 1063 circa
3724 1025 3811 1065 res

2215 1112 2393 1156 autem
2420 1102 2723 1173 spirituales
2748 1112 2802 1158 et
2829 1104 3027 1173 gratias
3060 1110 3218 1168 agant
3246 1112 3301 1156 et
3327 1102 3646 1171 precentur?
3675 1101 3807 1155 Nam

2216 1192 2290 1246 ait
2318 1208 2332 1245 :
2366 1192 2586 1259 Quaerite
2627 1172 2843 1262 primum
2879 1209 3088 1263 regnum
3119 1193 3355 1246 cazlorum
3375 1230 3392 1257 ,
3420 1201 3464 1244 et
3507 1192 3614 1245 haec
3641 1192 3811 1243 omnia

2217 1285 2522 1356 adjicientur
2564 1285 2701 1339 vobis
2729 1284 2938 1355 (Matth.
2963 1285 3015 1339 6.
3047 1285 3170 1355 55).
3219 1283 3496 1352 Perpende
3534 1292 3708 1336 autem
3755 1292 3812 1335 et

2216 1376 2373 1431 aliam
2396 1376 2608 1432 illorum
2635 1378 3040 1449 philosophiam.
3070 1375 3138 1431 Ut
3172 1376 3506 1439 inueniamur,
3542 1375 3805 1444 inquiunt,

2216 1470 2270 1523 in
2298 1480 2565 1541 conspectu
2590 1479 2676 1525 tuo
2703 1470 3029 1540 acceptabiles
3049 1510 3065 1536 ,
3098 1484 3187 1522 nec
3237 1468 3430 1538 pudore
3469 1463 3809 1537 aﬂiciamur.]

2216 1563 2402 1633 Neque
2431 1564 2575 1618 enim
2603 1576 2875 1627 curamus,
2903 1560 3045 1631 quod
3074 1558 3214 1629 apud
3246 1559 3442 1612 multos
3483 1558 3533 1611 id
3561 1556 3808 1611 dedecori

2219 1654 2374 1709 nobis
2400 1663 2657 1719 vertatur,
2688 1653 2781 1707 sed
2803 1666 3151 1721 quaecumque
3178 1651 3404 1705 dixerint
3439 1649 3507 1703 de
3534 1649 3685 1702 nobis
3716 1647 3812 1700 ho-

2219 1744 2391 1799 mines
2411 1744 2672 1809 ridentes,
2691 1743 3104 1813 exprobrantes,
3123 1758 3191 1798 ne
3211 1741 3538 1797 advertimus
3555 1739 3767 1810 quidem
3795 1756 3810 1793 :

2221 1836 2325 1891 hoc
2349 1852 2511 1890 unum
2542 1835 2937 1901 contendimus,
2968 1850 3036 1891 ne
3065 1844 3190 1889 tunc
3213 1832 3629 1888 eonfundamur.
3657 1832 3813 1885 Post-

2220 1943 2381 1998 quam
2404 1938 2584 1983 autem
2617 1927 2731 1983 haec
2760 1924 3029 1992 dixerunt,
3058 1927 3194 1997 ignis
3222 1942 3435 1997 quoque
3458 1925 3674 1981 ﬂuvium
3702 1939 3815 1977 tne-

2218 2030 2450 2085 morant,
2477 2018 2691 2090 przcmia
2716 2029 2771 2074 et
2799 2019 3000 2073 bravia.
3028 2018 3135 2074 Nec
3163 2018 3367 2084 dicunt,
3394 2016 3473 2073 Ne
3496 2021 3811 2088 puniamur:

2220 2114 2339 2179 sed,
2356 2114 2428 2168 Ne
2449 2112 2852 2169 confundamur.
2875 2112 2984 2167 Hoc
3002 2112 3198 2183 quippe
3220 2111 3372 2165 nobis
3396 2110 3684 2164 terribilius
3707 2116 3807 2174 est,

2220 2219 2378 2274 quam
2406 2203 2669 2274 gehenna,
2700 2203 2743 2259 si
2773 2204 3049 2258 videamur
3070 2201 3355 2257 offendisse
3375 2201 3676 2256 Dominum.
3705 2198 3813 2251 Sed

2221 2299 2342 2365 quia
2381 2296 2576 2350 multos
2612 2312 2677 2350 ex
2706 2295 3057 2350 crassioribus
3089 2296 3191 2348 hoc
3232 2310 3337 2348 non
3392 2302 3593 2348 terrere
3637 2291 3811 2355 solet,

2225 2386 2484 2456 adjiciunt
2510 2402 2524 2441 :
2559 2386 2682 2441 Cum
2721 2387 2899 2441 reddes
2925 2387 3193 2456 unicuique
3219 2383 3492 2439 secundum
3517 2398 3671 2453 opera
3694 2397 3809 2434 sua.

2225 2479 2409 2534 Viden’
2430 2488 2684 2549 quantum
2710 2479 2864 2534 nobis
2888 2479 3093 2549 prosint
3120 2475 3336 2531 externi
3363 2475 3436 2529 illi
3456 2484 3514 2528 et
3547 2472 3816 2543 peregrini

2221 2571 2522 2627 solitudinis
2541 2573 2707 2636 cives,
2726 2571 2834 2625 imo
2852 2570 3107 2624 caelorum
3126 2567 3308 2623 cives?
3325 2565 3434 2621 Nos
3456 2564 3601 2619 enim
3628 2565 3683 2618 in
3707 2580 3819 2618 ea:-

2224 2663 2289 2717 lis
2306 2663 2573 2734 peregrini
2589 2676 2795 2729 Stratus,
2815 2672 2969 2716 terra:
2990 2670 3171 2715 autem
3188 2660 3368 2713 cives:
3395 2656 3467 2711 illi
3486 2671 3610 2710 vero
3634 2672 3665 2711 e
3685 2671 3817 2709 con-

2220 2765 2322 2811 tra.
2348 2757 2473 2812 Post
2495 2756 2633 2810 hunc
2660 2755 2913 2827 hymnum
2931 2752 3342 2823 compunctione
3366 2751 3515 2815 moti,
3540 2748 3813 2818 lacrymis-

2221 2863 2325 2917 que
2352 2847 2531 2901 multis
2557 2861 2622 2901 ac
2651 2846 2865 2900 fervidis
2896 2844 3127 2914 perfusi,
3156 2841 3225 2896 ad
3255 2857 3500 2896 somnum
3550 2849 3810 2909 pergunt,

2224 2948 2426 2993 tantum
2480 2937 2844 3003 dormientes,
2892 2946 3145 3006 quantum
3197 2934 3327 2987 satis
3363 2940 3446 2987 est
3482 2931 3549 2985 ad
3597 2942 3811 3000 parvam

2222 3032 2506 3104 quamdam
2524 3032 2756 3103 quietem
2785 3028 3118 3100 capiendam.
3153 3026 3493 3094 Rursumque
3533 3030 3717 3077 noctes
3760 3022 3811 3073 in

2222 3126 2338 3181 dies
2365 3134 2579 3181 vertunt
2602 3166 2616 3191 ,
2639 3124 2691 3179 in
2710 3124 3000 3195 gratiarum
3026 3121 3235 3175 actione
3257 3128 3310 3173 et
3333 3118 3621 3188 psahnodia
3650 3117 3812 3168 vitam

2222 3230 2461 3290 agentes.
2485 3217 2595 3273 Nec
2617 3216 2776 3271 modo
2799 3216 2917 3280 viri,
2945 3212 3038 3268 sed
3065 3223 3118 3267 et
3148 3210 3401 3265 mulieres
3422 3208 3559 3262 hanc
3579 3206 3816 3277 philoso-

2224 3316 2399 3385 phiam
2427 3322 2705 3378 exercent,
2733 3328 2849 3382 qua:
2880 3319 3082 3364 natura:
3116 3305 3485 3361 infirmitatem
3514 3302 3672 3357 animi
3694 3318 3813 3355 Ina-

2221 3405 2495 3476 gnitndine
2526 3412 2797 3473 superant.
2849 3400 3053 3454 Pudeat
3082 3398 3238 3467 igitur
3267 3411 3366 3450 nos
3396 3394 3539 3448 viros
3568 3393 3724 3447 talem
3755 3391 3811 3445 in

2225 3498 2354 3567 ipsis
2408 3495 2762 3549 constantiam
2812 3491 3096 3553 videntes,
3129 3499 3183 3543 et
3208 3501 3482 3542 cessemus
3525 3483 3815 3553 cupiditate

2223 3589 2422 3643 moveri
2451 3602 2625 3641 rerum
2656 3584 3018 3655 praesentium,
3042 3580 3265 3644 umbrat,
3282 3577 3633 3641 somniorum,
3656 3576 3811 3628 fumi.

2222 3679 2355 3734 Nam
2386 3680 2620 3733 maxima
2648 3690 2772 3746 pars
2797 3675 2919 3728 vitae
2958 3684 3155 3727 nostra:
3183 3685 3345 3725 sensu
3372 3683 3557 3724 carere
3579 3665 3809 3721 videtur.

2224 3774 2400 3829 Prima
2429 3779 2561 3825 astas
2608 3768 2772 3822 multa
2813 3767 2966 3836 plena
2993 3775 3076 3819 est
3105 3762 3369 3825 stultitia;
3401 3775 3521 3830 quae
3570 3771 3699 3811 vero
3741 3758 3810 3809 ad

2222 3864 2431 3921 senium
2461 3862 2630 3931 vergit
2653 3901 2666 3922 ,
2700 3873 2916 3914 sensum
2954 3858 3005 3910 in
3038 3856 3191 3910 nobis
3222 3853 3549 3908 hebetiorem
3597 3847 3810 3912 reddit;

2223 3955 2594 4012 intermedium
2625 3962 2833 4021 tempus
2857 3950 3019 4005 breve
3047 3959 3150 4012 est,
3173 3960 3281 4017 quo
3307 3959 3469 3999 sensu
3494 3942 3810 3997 deliciarum

2220 4049 2485 4113 fruimur;
2533 4046 2641 4099 imo
2671 4058 2738 4097 ne
2768 4052 3009 4111 tempore
3049 4038 3263 4109 quidem
3315 4036 3405 4091 illo
3451 4050 3611 4089 sensu
3663 4042 3813 4086 recte

2219 4144 2463 4207 fruimur,
2493 4155 2613 4195 cum
2643 4137 2787 4192 mille
2814 4151 2956 4189 cura:
2986 4133 3298 4200 laboresque
3326 4128 3501 4183 adsint
3528 4126 3617 4197 qui
3656 4125 3809 4179 illum

2220 4235 2556 4291 labefactent.
2587 4233 2920 4300 Quapropter
2940 4267 2954 4287 .
2986 4225 3212 4279 obsecro
3237 4263 3252 4288 ,
3285 4220 3501 4275 imtnota
3527 4232 3577 4273 et
3605 4227 3808 4271 mterna

2218 4341 2519 4401 quaeramus
2544 4325 2704 4387 bona,
2723 4334 2777 4377 et
2799 4323 2957 4375 vitam
2986 4333 3104 4388 qua:
3126 4314 3256 4370 nulli
3277 4314 3430 4367 senio
3452 4310 3675 4365 obnoxia
3696 4316 3808 4363 cst.

2217 4425 2348 4479 Nam
2372 4429 2545 4492 potest
2564 4418 2723 4475 etiam
2752 4418 2814 4475 is.
2834 4415 2922 4485 qui
2955 4415 3004 4466 in
3026 4411 3239 4466 civitate
3265 4407 3485 4470 habitat,
3514 4405 3808 4459 monacho-

2217 4532 2334 4570 rum
2382 4510 2772 4584 philosOphiam
2820 4502 3014 4559 itnitari
3046 4519 3060 4560 :
3095 4509 3270 4571 petest
3321 4496 3530 4551 etiamsi
3581 4508 3807 4548 uxorem

2217 4609 2410 4662 haheat
2435 4614 2489 4669 et
2514 4598 2661 4657 domi
2715 4606 2991 4662 versetur,
3023 4593 3269 4662 precari,
3312 4589 3594 4660 jejunare,
3648 4601 3806 4639 coni—

2216 4699 2396 4769 pungi.
2439 4696 2569 4751 Nam
2598 4704 2652 4748 et
2679 4692 2766 4762 qui
2797 4690 2866 4744 ah
2893 4689 3046 4743 initio
3072 4685 3140 4739 ab
3165 4683 3421 4754 apostolis
3448 4679 3803 4735 institueban-

2215 4800 2319 4854 tur,
2346 4788 2616 4843 civitatem
2641 4782 2964 4844 incolebant,
2987 4794 3171 4833 eorum
3195 4776 3285 4845 qui
3309 4774 3359 4828 in
3382 4773 3646 4828 desertum
3670 4785 3808 4825 cou-

2212 4888 2489 4939 cesserunt
2516 4878 2765 4948 pietatem
2790 4870 3135 4931 exhibebant,
3167 4882 3267 4921 nec
3308 4881 3414 4920 non
3441 4864 3530 4919 alii
3558 4862 3648 4933 qui
3672 4862 3805 4917 offi-

2210 4975 2347 5029 cinis
2377 4978 2661 5043 praecrant,
2685 4976 2743 5021 ut
2767 4963 3008 5021 Priscilla
3037 4971 3092 5017 et
3116 4960 3303 5031 Aquila
3327 4960 3345 5028 (
3368 4958 3480 5012 Act.
3510 4956 3631 5028 18).
3660 4956 3805 5011 Pro-

2213 5066 2387 5136 pheta:
2413 5075 2625 5133 quoque
2653 5071 2860 5122 omnes,
2886 5065 2941 5110 et
2965 5067 3159 5109 uxores
3192 5061 3251 5105 et
3276 5049 3469 5104 domos
3508 5047 3800 5113 habebant,

2212 5168 2268 5211 ut
2300 5155 2482 5218 Isaias,
2522 5149 2792 5216 Ezechiel,
2842 5160 3171 5218 magnusque
3194 5142 3422 5215 Moyses,
3455 5156 3629 5210 neque
3670 5140 3804 5195 inde

2217 5249 2488 5320 quidpiam
2513 5245 2641 5316 ipsis
2662 5242 2841 5298 damni
2858 5240 2925 5295 ad
2958 5240 3205 5293 virtutem
3231 5235 3584 5291 exercendam
3610 5247 3803 5286 acces—

2208 5341 2301 5396 sit.
2348 5341 2455 5394 llos
2482 5346 2538 5392 et
2568 5352 2666 5391 nos
2686 5346 2899 5405 quoque
2916 5331 3208 5394 imitantes,
3232 5341 3445 5396 semper
3467 5325 3575 5379 Deo
3594 5324 3801 5394 gratias

2210 5446 2448 5505 agamus,
2473 5444 2688 5500 semper
2711 5428 2882 5499 ipsum
2906 5422 3119 5496 hymnis
3137 5420 3491 5481 celebremus,
3509 5416 3800 5472 continen-

2270 5612 2288 5642 ί
2324 5615 2444 5659 Loco
2469 5619 2636 5656 eorum
2659 5616 2771 5668 qua:
2790 5603 2983 5652 uncinis
3002 5596 3390 5668 claudttntursic
3399 5593 3588 5668 legitur
3610 5592 3660 5668 in
3678 5588 3800 5668 lidi-

2206 5673 2288 5727 tis,
2304 5654 2742 5721 amnissimis
2756 5670 3122 5727 conspectuttm
3142 5654 3481 5727 acceptabiles:
3502 5668 3587 5705 nec
3606 5654 3799 5727 pudore

2324 5714 2801 5788 iML'i'ﬁiéi-‘pdsiig
2826 5714 2881 5776 et'
2900 5728 2949 5774 in
2972 5724 3118 5788 editis
3136 5731 3190 5771 et
3202 5714 3381 5788 in'Mss.
3399 5731 3495 5769 non
3521 5714 3683 5778 paucis
3705 5714 3800 5764 de—

2209 5783 2507 5856 siderantur,
2535 5783 2734 5859 propter
2766 5785 3040 5836 Grtecorum
3063 5783 3500 5834 homoeoteleuton.
