4108 6376
82 5857 90 5884 δ
166 5832 234 5882 lis
253 5832 508 5882 exercitio

265 362 367 420 519

263 478 496 546 tiamque
517 484 577 530 et
601 476 734 532 alias
763 476 985 531 virtutes
1023 478 1283 541 colamus,
1314 489 1474 549 atque
1499 496 1616 537 eam
1642 498 1762 553 quae
1797 486 1852 540 in

265 569 536 625 montibus
559 571 700 640 viget
723 569 1137 640 philosophiam,
1170 571 1221 625 in
1248 572 1490 629 civitates
1513 574 1847 643 inducamus,

263 671 326 716 ut
369 669 428 716 et
456 661 594 732 apud
625 662 791 716 Deum
841 664 1199 732 acceptabiles
1221 674 1276 719 et
1312 664 1618 722 hominibus
1645 669 1849 736 probati

261 751 568 822 videamur,
623 763 678 809 et
720 753 894 808 futura
948 770 1343 826 consequamur
1389 759 1549 826 bona,
1603 763 1770 830 gratia
1797 771 1851 816 et

1333 366 1401 424 IN
1435 367 1844 430 ΜΑΤἸἮΕΙΔΜ
1883 375 2111 432 1105111..
2153 378 2287 433 LVI.
2317 380 2388 435 al.
2419 381 2574 437 LVII.

3453 403 3557 461 550

1957 485 2280 558 benignitate
2309 491 2519 548 Domini
2564 497 2731 551 nostri
2779 497 2903 554 Jesu
2948 501 3166 566 Christi.
3193 520 3290 574 per
3313 522 3471 577 quem
3500 524 3556 570 et

1956 596 2076 636 cum
2100 599 2206 652 quo
2227 585 2369 640 Patri
2396 588 2585 656 gloria,
2614 589 2807 656 honor,
2828 593 3130 665 imperium,
3159 615 3262 654 una
3279 615 3403 658 cum
3429 618 3552 659 san-

1957 684 2044 728 cto
2070 683 2124 728 et
2154 677 2361 731 viviﬁco
2389 677 2611 748 Spiritu,
2644 697 2786 738 nunc
2807 692 2863 740 et
2887 701 3102 759 semper
3124 732 3140 760 ,
3169 700 3224 748 et
3250 708 3306 748 in
3354 699 3549 754 saecula

1957 766 2296 821 surculorum.
2327 769 2518 824 Amen.

263 884 3543 946 _————————_——___________ﬁ_______

1490 970 1835 1033 HOMILIA
1894 974 2054 1036 LVI.
2092 977 2178 1038 al.
2223 980 2412 1042 LVI].

253 1105 382 1162 (lar.
423 1106 509 1162 16.
540 1122 588 1160 v.
612 1107 704 1162 ΩΒ.
731 1108 890 1162 Amen
911 1150 927 1175 ,
959 1125 1105 1162 amen
1134 1109 1248 1164 dico
1276 1113 1412 1166 vobis
1436 1122 1595 1177 ,lsunt
1639 1113 1844 1180 quidam

324 1199 388 1252 de
417 1199 497 1252 hic
520 1199 856 1263 adstantibus,
884 1201 968 1270 qui
995 1218 1094 1254 non
1119 1202 1394 1271 gustabunt
1420 1215 1628 1258 mortem
1647 1245 1661 1268 ,
1685 1206 1844 1260 donec

323 1292 538 1345 uiderint
566 1290 761 1345 Filium
788 1292 1004 1347 hominis
1028 1295 1300 1350 venientem
1327 1296 1379 1349 in
1408 1314 1561 1367 regna
1584 1315 1696 1352 suo.

325 1384 379 1437 1.
419 1383 679 1450 Quoniam
710 1384 875 1437 multa
904 1384 971 1439 de
999 1385 1273 1453 periculis,
1305 1387 1371 1442 de
1393 1399 1593 1456 morte,
1619 1391 1685 1446 de
1714 1406 1836 1460 pas-

253 1475 404 1530 sione
421 1491 515 1530 sua
531 1475 779 1546 loquutus
799 1486 896 1542 est,
932 1493 1138 1532 necnon
1167 1479 1238 1534 de
1260 1480 1407 1535 cazde
1430 1481 1830 1551 discipulorum,

255 1568 446 1638 illaque
468 1584 655 1639 aspera
683 1570 812 1639 ipsis
839 1572 1111 1642 praecepit,
1154 1588 1273 1643 qua:
1298 1575 1349 1628 in
1379 1578 1628 1643 praesenti
1658 1579 1759 1632 vita
1781 1589 1836 1634 et

251 1662 403 1730 quasi
420 1661 474 1716 in
499 1662 743 1717 manibus
764 1672 936 1730 erant,
964 1663 1102 1718 bona
1130 1681 1257 1720 vero
1280 1666 1332 1721 in
1357 1682 1452 1737 spe
1481 1677 1534 1722 et
1554 1679 1832 1739 exspecta-

253 1754 397 1808 tione
421 1770 434 1807 :
458 1764 515 1808 ut
541 1763 658 1810 erat
682 1755 832 1822 illud,
865 1770 960 1811 eos
979 1757 1067 1824 qui
1097 1758 1328 1812 animam
1356 1759 1581 1828 perdunt
1620 1776 1835 1818 servare

252 1861 394 1913 eam,
425 1856 479 1901 et
502 1857 782 1902 venturum
812 1850 983 1919 ipsum
1011 1865 1129 1905 esse
1166 1852 1215 1904 in
1251 1851 1473 1921 gloriam
1502 1853 1674 1908 Patris
1711 1857 1830 1921 sui,

249 1949 302 1995 et
334 1942 549 2010 przemia
594 1942 926 1998 redditurum
958 1961 970 1996 :
999 1959 1122 1998 cum
1167 1945 1332 2000 vellet
1371 1960 1464 2001 eos
1502 1948 1618 2000 visu
1672 1948 1832 2003 etiam

248 2033 507 2087 certiores
533 2033 728 2097 facere,
755 2034 1145 2105 ostendereque
1169 2035 1294 2105 quid
1319 2046 1464 2091 esset
1511 2037 1598 2091 illa
1639 2039 1828 2108 gloria,

248 2139 370 2178 cum
421 2141 522 2194 qna
573 2134 828 2181 venturus
877 2135 1051 2191 esset,
1093 2135 1347 2197 quantum
1390 2129 1595 2184 scilicet
1640 2145 1833 2201 capere

248 2227 536 2287 poterant:
562 2218 612 2270 in
646 2219 893 2286 praesenti
925 2234 1134 2290 quoque
1168 2219 1274 2272 vita
1301 2220 1442 2274 illam
1470 2221 1737 2287 ostendit,
1777 2232 1833 2278 et

247 2309 478 2372 revelat,
504 2317 648 2364 utne
675 2310 743 2365 de
792 2320 967 2367 morte
1004 2326 1122 2377 sua,
1173 2327 1308 2367 neve
1346 2313 1415 2368 de
1442 2313 1653 2371 Domini
1698 2329 1830 2369 nece

243 2400 512 2467 dolerent,
538 2408 593 2456 et
619 2401 848 2458 maxime
869 2402 1060 2458 Petrus
1083 2403 1170 2474 qui
1197 2418 1314 2459 eam
1341 2419 1484 2476 aegre
1509 2405 1733 2461 ferebat.
1764 2408 1830 2462 Et

245 2493 368 2548 vide
395 2494 521 2564 quid
553 2494 730 2560 faciat,
762 2504 1039 2567 postquam
1086 2497 1154 2553 de
1185 2497 1427 2570 gehenna
1463 2509 1518 2555 et
1559 2501 1626 2556 de
1663 2517 1828 2572 regno

246 2584 498 2655 loquutus
549 2587 738 2642 fuerat.
786 2586 921 2642 Cum
965 2589 1186 2654 diceret,
1231 2591 1331 2658 Qui
1377 2591 1560 2646 invenit
1607 2596 1828 2648 animum

243 2693 390 2732 suam
415 2679 588 2746 perdet
614 2696 747 2744 eam,
778 2690 824 2734 et
846 2681 934 2752 qui
953 2682 1235 2748 perdiderit
1275 2684 1498 2738 animam
1531 2702 1676 2741 suam
1704 2706 1825 2755 pro-

242 2781 354 2841 pter
375 2789 477 2838 me,
504 2773 718 2826 inveniet
737 2790 847 2827 eam
875 2773 1055 2844 (Joan.
1079 2777 1166 2831 12.
1194 2777 1317 2848 25);
1347 2780 1664 2850 iterumque,
1692 2782 1826 2836 Red-

241 2865 323 2918 det
345 2865 613 2935 unicuique
636 2867 908 2921 secundum
945 2885 1102 2940 Opera
1143 2872 1254 2940 ejus
1296 2873 1315 2943 (
1343 2873 1528 2930 Matth.
1553 2876 1641 2930 16.
1661 2875 1730 2930 27
1756 2877 1776 2946 )
1809 2895 1821 2931 :

239 2957 358 3013 lnec
386 2960 543 3014 ambo
569 2959 878 3017 declaravit.
900 2962 1102 3018 Etcum
1132 2964 1200 3021 de
1227 2977 1456 3038 utroque
1472 2967 1712 3036 dixisset,
1738 2986 1826 3026 re-

235 3064 402 3118 gnum
429 3050 644 3120 quidem
673 3053 955 3108 videndum
991 3054 1225 3120 exhibet,
1248 3057 1544 3128 gehennam
1571 3075 1701 3117 vero
1725 3063 1825 3117 ini-

239 3142 406 3197 nime.
438 3141 658 3210 Quare?
684 3143 818 3210 Quia
842 3144 886 3200 si
903 3145 991 3200 alii
1028 3145 1222 3202 ibidem
1261 3149 1550 3205 crassiores
1570 3150 1819 3216 fuissent.

235 3235 288 3289 id
311 3245 462 3290 certe
478 3236 837 3293 necessarium
865 3239 1091 3304 fuisset;
1123 3239 1244 3310 quia
1275 3255 1403 3296 vero
1447 3242 1522 3296 illi
1557 3254 1709 3298 erant
1731 3261 1822 3300 ac-

230 3329 374 3400 cepti
404 3338 459 3384 et
481 3328 630 3399 probi
658 3329 776 3397 viri,
804 3345 834 3384 a
861 3331 1013 3386 bonis
1040 3331 1159 3387 illos
1181 3334 1478 3390 confirmat.
1501 3336 1680 3407 Neque
1707 3338 1821 3394 haec

231 3437 341 3476 una
370 3423 484 3477 sola
513 3437 673 3478 causa
715 3424 810 3478 fuit
854 3422 970 3478 haec
997 3424 1427 3492 demonstrandi;
1458 3429 1550 3482 sed
1597 3431 1716 3499 quia
1766 3431 1816 3485 id

229 3514 334 3568 sibi
363 3516 768 3570 convenientius
795 3524 929 3570 erat.
960 3516 1071 3573 Nec
1101 3527 1276 3574 tamen
1308 3519 1450 3576 illam
1487 3521 1645 3575 aliam
1689 3539 1813 3593 par-

228 3617 337 3661 tem
377 3609 745 3678 praetermisit;
791 3609 882 3664 sed
926 3626 1070 3681 smpe
1116 3628 1204 3668 res
1245 3613 1363 3668 illas
1405 3614 1471 3670 ad
1517 3615 1814 3686 gehennam

226 3709 539 3769 spectantes
571 3700 683 3757 fere
707 3703 806 3757 sub
830 3703 999 3759 oculis
1025 3706 1210 3774 ponit;
1240 3715 1300 3761 ut
1318 3721 1439 3762 eum
1466 3708 1655 3764 Lazari
1681 3709 1814 3766 ima-

220 3793 406 3861 ginem
453 3792 680 3859 iuduxit,
707 3803 762 3849 et
789 3810 908 3850 cum
957 3799 1272 3852 memoravit
1298 3813 1442 3861 eum.
1471 3800 1559 3871 qui
1597 3812 1809 3858 centum

219 3884 479 3940 denarios
507 3896 777 3957 exegerat,
805 3897 964 3959 atque
985 3891 1228 3946 meminit
1254 3891 1397 3947 illius
1415 3934 1428 3958 ,
1451 3893 1540 3963 qui
1580 3895 1809 3952 sordidis

216 3990 334 4032 erat
361 3979 583 4033 indutus
614 3982 868 4046 vestibus,
899 3983 1232 4055 aliorumque
1253 3986 1601 4055 plurimorum
1637 3987 1805 4063 (Luc.

215 4071 306 4124 lli.
333 4068 522 4123 Matth.
544 4071 628 4126 l8.
646 4083 691 4125 et
715 4072 830 4142 22).
865 4073 1017 4145 (Cap.
1064 4077 1148 4132 l7.
1174 4075 1264 4148 )l.
1286 4077 1353 4131 Et
1373 4089 1484 4148 post
1503 4080 1610 4133 dies
1624 4096 1810 4136 sexus-

211 4165 370 4218 sumit
419 4163 628 4218 Petrum
652 4208 666 4226 .
695 4176 744 4218 et
766 4165 1043 4236 Iacebant,
1087 4178 1134 4223 et
1171 4169 1441 4225 Joannem.
1477 4174 1628 4230 Alius
1652 4191 1799 4244 vero,

211 4254 343 4309 Post
366 4255 485 4310 dies
505 4268 627 4310 octo
649 4257 796 4327 (Luc.
820 4259 872 4313 9.
897 4259 989 4329 28)
1009 4301 1025 4327 ,
1055 4261 1161 4325 ait,
1185 4278 1356 4333 neque
1379 4265 1503 4320 huic
1535 4270 1803 4324 contradi-

204 4349 301 4413 cit,
335 4347 437 4401 scd
478 4363 600 4402 cum
641 4349 731 4403 illo
780 4351 930 4405 valde
967 4354 1250 4408 consentit.
1291 4355 1424 4410 Nam
1477 4358 1614 4413 alius
1657 4360 1799 4416 diem

205 4438 382 4505 illam,
415 4439 465 4492 in
495 4455 595 4509 qua
628 4441 874 4510 loquutus
903 4452 1004 4509 est,
1034 4454 1328 4511 enumerat,
1365 4447 1598 4519 itemque
1627 4449 1794 4520 illam,

203 4530 392 4600 inqua
425 4531 638 4586 reduxit
663 4547 758 4586 eos
783 4549 797 4597 ;
827 4534 964 4588 alius
987 4550 1114 4590 vero
1132 4538 1473 4594 intermedias
1499 4540 1669 4594 solum
1694 4558 1796 4613 po-

197 4622 329 4674 suit.
364 4621 448 4675 Tu
477 4637 603 4678 vero
622 4624 1012 4679 animadvertas
1035 4627 1194 4682 velim
1222 4629 1489 4699 quomodo
1518 4631 1795 4691 Matthzeus

196 4713 620 4783 philosophetur
668 4715 764 4784 (a),
807 4715 933 4770 dum
963 4732 1058 4774 eos
1083 4734 1189 4774 non
1220 4729 1358 4776 tacet
1393 4722 1482 4793 qui
1510 4723 1610 4779 sibi
1637 4734 1792 4781 ante-

195 4805 364 4873 positi
399 4805 637 4860 fuerunt.
671 4806 782 4862 lloc
834 4819 889 4863 et
937 4808 1172 4865 Joannes
1208 4827 1352 4882 saepe
1397 4813 1541 4882 facit,
1567 4816 1792 4874 eximias

191 4898 346 4955 Petri
381 4899 572 4954 laudes
598 4901 1000 4957 accuratissime
1021 4902 1349 4961 describens.
1387 4907 1518 4963 Nam
1550 4909 1716 4966 livore
1736 4921 1791 4967 et

189 4992 402 5048 invidia
426 5007 627 5048 vacuus
666 5009 880 5064 semper
921 5007 1040 5052 erat
1083 4996 1274 5054 horum
1313 5011 1619 5058 sanctorum
1659 5004 1790 5060 cho-

257 5177 684 5249 Transﬁguratio
739 5177 949 5235 Christi.
971 5211 1046 5222 --
1068 5182 1370 5254 Assumptis
1409 5185 1586 5257 itaque
1624 5202 1784 5261 cory-

181 5271 384 5340 phazis,
420 5268 584 5324 Duxit
610 5270 727 5324 illos
751 5271 805 5325 in
843 5282 1062 5327 montem
1090 5276 1344 5329 excelsum
1383 5294 1624 5344 seorsum,
1654 5279 1709 5336 2.
1736 5289 1784 5335 et

176 5365 596 5434 transﬁguratus
644 5373 719 5416 est
750 5373 869 5418 ante
903 5381 987 5421 eos
1015 5381 1035 5420 :
1064 5374 1111 5420 et
1148 5368 1460 5437 resplenduit
1489 5372 1645 5439 [acies
1671 5374 1782 5442 ejus

173 5455 444 5518 sicuth,
484 5455 777 5509 vestimenta
807 5466 976 5511 autem
1013 5458 1124 5527 ejus
1165 5463 1302 5528 facta
1338 5471 1456 5514 sunt
1494 5461 1610 5515 alba
1649 5464 1780 5518 sicut

175 5547 288 5598 nix.
315 5546 374 5599 5.
406 5544 480 5598 Et
505 5561 618 5599 ecce
644 5557 987 5616 apparuerunt
1010 5549 1082 5602 eis
1108 5548 1309 5620 Moyses
1335 5561 1382 5605 et
1401 5551 1547 5605 Elius
1570 5553 1779 5623 loquen-

172 5647 249 5690 tes
282 5652 410 5690 cum
457 5635 589 5705 ipso.
631 5635 740 5692 Cur
787 5636 884 5694 hos
921 5639 1114 5710 accipit
1163 5642 1352 5697 solos?
1403 5643 1534 5712 Quia
1573 5643 1628 5700 hi
1657 5645 1776 5702 aliis

190 5831 201 5841 .
235 5768 316 5832 (a)
350 5766 682 5876 Philosodphari
707 5769 831 5833 apud
855 5769 1240 5835 Chrysostomum
1261 5775 1324 5828 de
1341 5776 1599 5842 cujuslibet
1621 5778 1772 5831 virtu-

190 5838 508 5878 ISBXCI‘CIIJO
563 5840 720 5878 lClllll‘.
949 5857 951 5860 ·

563 5844 720 5878 ιοιιυν.
949 5857 951 5860 ·

507 5925 782 5992 ΡΑτιιοι..
829 5930 948 5993 Gn.
995 5935 1216 5999 LVIII.

1951 1120 2348 1228 prastantiores
2373 1139 2565 1194 erant;
2595 1131 2784 1190 Petrus
2812 1141 2953 1208 quod
2982 1144 3267 1206 admodum
3293 1155 3540 1228 diligeret

1945 1205 2238 1313 (iliristum,
2290 1214 2410 1270 ideo
2457 1205 2877 1313 praeminebat;
2923 1233 3158 1295 Joannes
3186 1205 3538 1313 quod-:iil-de

1946 1300 2286 1370 diligeretur;
2314 1307 2545 1367 Jacobus
2583 1332 2648 1371 ex
2674 1307 2787 1374 'sua
2818 1338 2940 1381 cum
2969 1327 3136 1388 fratre
3163 1300 3532 1412 responsione,

1943 1394 2156 1510 quando
2175 1396 2328 1510 dixit,
2351 1400 2633 1510 Possumus
2653 1410 2818 1469 bibere
2840 1420 3049 1474 calicem
3071 1394 3284 1496 (Matt/i.

1942 1495 2114 1597 neque
2139 1488 2208 1542 ab
2233 1487 2333 1544 hac
2358 1500 2704 1564 reSponsione
2732 1506 2934 1572 solum;
2965 1514 3059 1568 sed
3078 1487 3238 1576 etiam
3266 1541 3332 1577 ex
3357 1487 3534 1597 operi:

1944 1573 2064 1681 bus,
2091 1585 2198 1679 tum
2217 1580 2354 1649 aliis,
2389 1594 2497 1641 tum
2523 1593 2663 1658 quod
2691 1595 2988 1666 impleverit
3013 1606 3063 1660 id
3092 1573 3236 1680 quod

1939 1665 2136 1780 Jud'aais
2159 1673 2355 1780 qnuippe
2384 1677 2456 1732 ita
2500 1697 2623 1737 acer
2648 1696 2702 1740 et
2732 1691 3022 1753 vehemens
3067 1665 3187 1758 esse
3218 1708 3522 1780 videbatur,

1943 1767 1999 1810 ut
2027 1759 2266 1819 Herodes
2296 1783 2489 1825 munus
2520 1776 2810 1837 maximum
2855 1799 2915 1840 se
2945 1791 3291 1857 praebiturum
3327 1759 3527 1862 inclinis

1941 1857 2236 1957 putaretrsi
2260 1859 2406 1960 illum
2439 1867 2708 1926 occideret
2746 1874 2767 1945 (
2796 1877 2910 1934 Act.
2938 1882 3025 1937 12.
3058 1887 3085 1942 1
3122 1887 3162 1956 ).
3196 1891 3304 1948 Cur
3344 1857 3525 1957 autem

1936 2402 2042 2521 hoc.
2079 2415 2427 2521 corporaliter
2466 2426 2696 2483 maxime
2744 2446 3017 2496 ostensum
3053 2445 3234 2517 fuerit,
3283 2465 3517 2521 attatmu

1935 2498 2157 2619 multam
2195 2503 2446 2564 desiderii
2487 2513 2542 2568 id
2584 2516 2872 2581 intulisset.
2917 2530 3027 2589 Cur
3072 2498 3248 2598 autem

1935 2606 1945 2619 ,
1974 2591 2060 2619 ζνζο
2155 2595 2219 2619 IT.
2273 2615 2366 2619 --νν
2409 2605 2441 2619 -⁹

1932 2589 2105 2647 dixit?
2155 2595 2222 2651 Ut
2273 2605 2567 2670 paratiores
2619 2623 2674 2668 et
2722 2629 3022 2686 praemoniti
3063 2633 3204 2690 circa
3259 2589 3515 2705 visio'iiefn

1931 2695 2223 2808 essemi'e"
2245 2696 2618 2808 llWDdiCliONB.
2655 2718 2707 2762 et
2732 2726 2800 2766 ex
2827 2715 3032 2777 dierum
3055 2741 3279 2785 numero
3304 2695 3515 2808 cupidi.-

1931 2782 2039 2808 Inln
2065 2781 2136 2808 υἷι
2157 2784 2482 2808 n..-2-_J-,,.
2629 2798 2640 2808 ι
2743 2805 2752 2808 -
2797 2807 2824 2808 η

1931 2782 2039 2831 tate
2065 2780 2278 2839 videndi
2299 2789 2567 2860 ardentes,
2597 2798 2676 2855 sic
2706 2805 2848 2874 vigili
2887 2822 2941 2866 et
2965 2780 3514 2892 sollicita-mentiendi;

1932 2870 2114 2892 ML“
2142 2883 2176 2892 ν,
2252 2879 2288 2892 ,.

1928 2870 2358 2987 ρξιγ
2383 2896 2560 2943 autem
2601 2892 2819 2987 Moysen
2864 2913 2922 2960 et
2962 2908 3131 2969 Eliam
3177 2917 3231 2974 in
3277 2926 3512 2987 medium

1927 2961 2184 3085 adducit?
2208 2970 2386 3085 illultze
2408 2993 2626 3085 possent
2649 2961 2828 3048 ail‘erri
2857 2961 3510 3085 causae:

1929 3053 2043 3158 haec
2063 3067 2146 3114 est
2174 3062 2351 3168 :DQuia
2386 3070 2554 3129 turbae
2582 3076 2852 3153 dicebant,
2875 3089 2963 3144 alii

1927 3147 2112 3214 miani,
2166 3153 2258 3209 alii
2307 3173 2468 3216 unum
2517 3179 2757 3227 veterum
2811 3147 3191 3252 prophetarum
3235 3147 3505 3260 Cltris‘tu‘m

1924 3253 2046 3296 esse
2073 3244 2300 3313 (Matth.
2331 3253 2417 3309 16.
2449 3258 2516 3312 14
2539 3258 2580 3330 ),

1916 3696 2457 3818 illii'ﬂifi‘fei’m"
2498 3721 2655 3818 ίιυοά,
2690 3696 2858 3796 sese
2913 3696 3499 3818 ιτεηεὲτεέιέτὲῗιῖἷῗῖἱ

1915 3788 2480 3902 blasphemum‘ipsum
2513 3788 2769 3877 putabant
2793 3834 2948 3889 esse,
2980 3788 3499 3902 Ῥεῖ

1916 3880 2012 3997 tris
2059 3885 2192 3941 nihil
2239 3891 2305 3946 ad
2330 3907 2390 3950 se
2444 3902 2797 3966 pertinentem
2845 3880 2947 3969 sibi
2993 3880 3492 3997 unianimi

1913 3971 2143 4081 hautque
2174 3996 2188 4032 :
2221 3980 2320 4036 Hic
2347 4003 2449 4042 non
2478 4002 2551 4046 est
2579 4011 2611 4048 a
2638 3995 2768 4066 Deo,
2799 4005 2922 4068 quia
2941 4009 3205 4070 sabbatum
3233 3971 3336 4077 nim
3353 3971 3494 4081 "3::

1909 4075 1998 4176 vat
2016 4066 2191 4136 (Joau.
2215 4073 2269 4129 9.
2294 4076 2415 4146 f6);
2452 4095 2516 4137 ac
2551 4099 2784 4156 rursum,
2812 4066 2892 4149 De
2923 4098 3053 4154 bona
3091 4066 3495 4176 operewrienvzi:

1909 4159 2144 4267 pidamus
2175 4174 2255 4267 te,
2285 4171 2374 4222 sed
2395 4173 2458 4267 de
2487 4174 2820 4254 blasphemia,
2850 4199 2895 4242 et
2930 4195 3051 4262 quia
3089 4159 3144 4252 tu

1904 4251 1994 4372 fis,
2019 4257 2145 4323 facis
2172 4260 2386 4329 teipsum
2420 4264 2580 4322 Deum
2607 4271 2785 4344 (Joan.
2805 4251 2906 4336 '10.
2930 4251 3023 4355 '35)
3045 4304 3058 4340 ε
3084 4251 3140 4345 ut

1898 4713 1950 4821 in
1980 4718 2212 4775 medium
2240 4724 2475 4798 adducit,
2506 4735 2596 4802 qui
2625 4735 2678 4790 in
2709 4749 2933 4812 utraque
2959 4713 3018 4804 re
3047 4750 3322 4816 iulserant.
3341 4713 3477 4821 ’Nan:

1895 4807 2106 4924 iloyses
2135 4813 2318 4924 legem.
2337 4820 2581 4891 dederat,
2632 4807 2983 4908 poterantque

1892 4901 2107 5010 Moysen
2134 4924 2238 4965 non
2263 4911 2492 4972 libenter
2533 4935 2812 4990 passurum
2863 4901 3027 4992 fuisse
3072 4901 3477 5010 quod'lejx-co‘n:

1892 4997 2210 5103 culcaretur,
2241 5013 2297 5058 ut
2318 5006 2392 5062 illi
2435 5014 2708 5084 putabant,
2741 5036 2842 5076 nec
2880 5026 3058 5084 colere
3089 4997 3341 5103 potui—sse

1891 5100 2028 5198 stem
2063 5092 2177 5198 ejus
2205 5097 2296 5198 qui
2319 5097 2489 5170 legem
2517 5103 2756 5165 dederat.
2787 5113 2932 5172 Elias
2956 5092 3227 5195 νει-ο..ᾳυί
3252 5092 3351 5198 pro

1887 5181 2195 5294 glorianzelo
2219 5187 2404 5258 plenus
2424 5205 2558 5294 erat,
2582 5199 2626 5252 si
2655 5201 2765 5258 Deo
2791 5181 3132 5270 adversarius
3152 5181 3243 5275 ille

1887 5272 1930 5326 si
1959 5288 2018 5328 se
2043 5276 2208 5386 Deum
2239 5289 2294 5334 et
2318 5285 2764 5386 patrimi-aqualem
2805 5297 2944 5355 falso
2991 5272 3237 5378 dixisset,

1885 5380 2042 5435 quam
2070 5368 2346 5429 adfuturus
2374 5385 2428 5431 et
2455 5378 2528 5432 illi
2559 5381 2952 5455 obsequuturus
2974 5393 3180 5455 fuisset.

1954 5457 2026 5562 2..
2049 5457 2152 5564 Cur
2180 5461 2383 5565 Moyses
2407 5478 2454 5521 et
2478 5469 2623 5526 Elius
2654 5481 3090 5552 transﬁgurationi
3106 5490 3462 5565 interfuerunt.

1885 5546 2026 5603 Petri
2071 5553 2318 5610 miracula
2365 5560 2530 5615 orbem
2583 5574 2744 5622 totum
2788 5546 3152 5640 adnuerterunt.

1881 5657 2054 5747 supra
2059 5645 2221 5747 dictis
2247 5651 2412 5707 altera
2435 5665 2519 5710 est
2540 5659 2717 5718 adhuc
2745 5664 2969 5725 dicenda
2993 5687 3174 5730 causa.
3201 5645 3458 5747 Quaenam

1879 5735 2006 5794 illa?
2031 5738 2102 5797 Ut
2146 5741 2414 5802 discerent
2443 5765 2563 5805 eum
2594 5764 2648 5808 et
2674 5756 2794 5814 vita:
2827 5769 2882 5814 et
2926 5767 3115 5822 mortis
3142 5735 3458 5839 poiestateni

1878 5833 2097 5910 habere,
2125 5854 2188 5898 ac
2210 5840 2511 5900 cmlestibus
2524 5845 2722 5918 pariter
2742 5858 2901 5924 atque
2919 5833 3455 5936 terrenis-imperare.

3091 5971 3133 6032 6
