4140 6376
587 376 684 434 551

586 495 925 564 Quapropter
951 497 1001 544 et
1027 503 1146 542 eum
1170 528 1182 550 ,
1214 487 1300 556 qui
1343 496 1584 538 mortuus
1621 493 1735 538 erat
1759 527 1772 546 ,
1803 493 1855 537 et
1883 498 2002 535 eum
2029 523 2043 546 ,
2075 480 2163 550 qui

588 585 822 641 nondum
853 581 1076 641 obicrat,
1112 579 1162 632 in
1192 577 1422 630 medium
1469 575 1699 629 adducit.
1733 574 1981 642 Quintam
2033 587 2162 626 catt-

586 694 702 733 sam
737 679 881 746 (nam
912 684 1056 728 certe
1103 672 1282 741 quinta
1313 684 1536 723 numero
1558 670 1658 738 est)
1693 668 1845 722 afl‘ert
1883 666 2161 735 evangeli-

582 780 689 823 sta.
712 768 965 834 Quaenam
1004 763 1090 818 illa
1113 762 1232 817 est?
1269 760 1336 816 Ut
1369 760 1542 815 crucis
1581 758 1799 830 gloriam
1834 757 2160 822 ostenderet,

584 863 911 929 Petrumque
964 871 1026 911 ac
1062 855 1295 925 reliquos
1332 853 1626 916 solaretur,
1654 850 1743 922 qui
1773 853 2072 921 passionem
2101 851 2166 904 ti-

587 951 827 1012 mebant,
859 950 1200 1018 ipsorumque
1242 944 1448 997 animos
1491 943 1736 1011 erigeret.
1765 941 1896 996 Nam
1923 955 2042 994 cum
2069 940 2163 994 illo

588 1043 952 1105 advenissent,
985 1055 1091 1093 non
1120 1038 1384 1100 tacebant,
1407 1036 1497 1090 sed
1531 1035 1878 1105 loquebantur
1909 1033 1976 1088 de
1997 1034 2162 1104 gloria

591 1148 751 1204 quam
785 1133 802 1164 ί
828 1131 1190 1200 completurus
1218 1137 1330 1182 erat
1361 1127 1410 1180 in
1449 1126 1741 1180 Jerusalem
1773 1124 1920 1194 (an.
1952 1124 2002 1179 9.
2036 1124 2160 1192 5i);

590 1227 643 1282 id
664 1233 767 1293 est,
795 1223 864 1279 de
892 1223 1141 1293 passione
1167 1230 1220 1275 et
1244 1234 1437 1284 cruce;
1467 1219 1543 1273 sic
1571 1218 1713 1272 enim
1745 1218 1912 1286 ipsam
1951 1231 2163 1283 semper

587 1320 806 1364 vocant.
835 1307 1020 1376 Neque
1039 1310 1163 1361 hinc
1193 1317 1398 1360 tantum
1425 1309 1543 1358 illos
1575 1306 1796 1368 excitat,
1830 1305 1923 1359 sed
1955 1320 2019 1357 ex
2051 1305 2167 1373 ipsa

587 1399 835 1455 virorum
856 1398 1076 1459 virtute,
1096 1411 1258 1467 quam
1277 1396 1390 1465 ipse
1410 1396 1462 1448 in
1482 1395 1591 1448 illis
1611 1393 1845 1447 maxime
1866 1390 2166 1463 quaerebat.

586 1499 715 1567 Quia
742 1497 883 1554 enim
919 1497 1145 1561 dixerat,
1192 1496 1254 1551 Si
1276 1496 1388 1567 quis
1426 1495 1534 1550 vnit
1562 1502 1674 1564 post
1711 1509 1790 1547 me
1817 1493 1997 1553 venire.
2023 1493 2165 1546 tollat

586 1606 786 1645 crucem
814 1604 959 1643 suam
1003 1597 1051 1641 et
1095 1596 1330 1657 sequatur
1369 1602 1464 1650 me,
1493 1599 1619 1651 eos,
1661 1583 1752 1654 qui
1796 1597 1892 1652 pro
1933 1582 2026 1636 Dei
2070 1581 2164 1637 be-

587 1682 876 1753 neplacito.
904 1689 956 1736 et
978 1696 1075 1750 pro
1104 1680 1204 1735 sibi
1232 1679 1517 1733 commisso
1561 1677 1754 1747 pepulo
1790 1675 1934 1730 mille
1964 1683 2162 1728 mortes

587 1775 850 1840 obierant,
885 1773 934 1826 in
956 1771 1186 1826 medium
1216 1769 1449 1824 adducit.
1476 1769 1709 1838 Uterque
1758 1768 1900 1821 enim
1930 1766 2160 1819 animam

589 1864 840 1936 perdidit,
875 1873 929 1918 et
954 1864 1152 1917 invenit
1195 1876 1332 1916 eam.
1371 1860 1604 1929 Uterque
1647 1867 1830 1912 contra
1878 1866 2159 1928 tyrannum

587 1968 894 2014 constanter
930 1972 991 2011 ac
1023 1956 1190 2010 libere
1232 1954 1407 2019 stetit;
1466 1953 1553 2006 ille
1602 1960 1786 2005 contra
1828 1948 2161 2018 1Egyptium,

589 2053 676 2107 hic
701 2061 884 2106 contra
933 2049 1231 2111 Acbabum,
1265 2047 1418 2116 idque
1468 2060 1563 2115 pro
1589 2045 1805 2114 ingratis
1844 2053 1897 2098 et
1946 2042 2159 2097 inobse-

588 2145 875 2216 quentibus
906 2142 1227 2196 hominibus.
1261 2141 1324 2194 Et
1352 2141 1418 2194 ab
1449 2140 1532 2204 iis,
1564 2154 1786 2209 quorum
1832 2137 1985 2190 saluti
2012 2135 2162 2189 advi-

588 2236 841 2307 gilabant,
872 2235 921 2288 in
975 2243 1270 2289 extremum
1317 2233 1418 2286 acti
1467 2240 1589 2286 sunt
1641 2227 1954 2298 periculum,
2006 2235 2164 2296 atque

590 2338 812 2398 uterque
843 2337 899 2381 ut
952 2327 1069 2381 illos
1119 2326 1184 2379 ab
1228 2324 1524 2378 idololatria
1560 2323 1887 2386 retraheret;
1921 2331 1974 2375 et
2006 2320 2163 2374 ambo

588 2419 776 2489 privati
799 2417 1040 2471 homines
1067 2431 1187 2470 esse
1212 2413 1526 2469 videbantur
1552 2430 1564 2465 :
1591 2413 1676 2467 ille
1703 2412 1875 2482 lingua
1906 2411 2083 2466 tardus
2111 2418 2164 2465 et

589 2510 715 2566 exili
744 2525 873 2563 voce
901 2516 1046 2572 erat;
1070 2507 1155 2561 hic
1189 2505 1412 2576 agrestis
1441 2505 1539 2558 viri
1569 2517 1718 2558 more
1744 2503 1933 2573 agebat
1961 2518 1975 2555 :
2007 2504 2162 2555 ambo

589 2615 848 2672 pauperes
875 2599 1157 2653 admodum
1185 2605 1337 2652 erant
1369 2613 1383 2648 :
1414 2611 1534 2649 nam
1567 2609 1740 2663 neque
1773 2593 1982 2663 Moyses
2004 2592 2160 2662 quid-

589 2695 729 2764 piam
758 2691 1080 2762 possidebat,
1109 2703 1278 2760 neque
1306 2689 1516 2752 Helias;
1550 2687 1715 2758 (quid
1745 2687 1885 2740 enim
1916 2685 2033 2755 plus
2064 2684 2162 2738 ha-

589 2786 724 2852 buit,
750 2800 905 2855 quam
934 2783 1242 2853 meloteu?)
1281 2791 1336 2837 et.
1385 2782 1500 2837 hate
1550 2782 1600 2835 in
1646 2779 1812 2836 veteri
1858 2778 1994 2848 lege,
2044 2793 2162 2832 cmn

590 2878 824 2933 nondum
907 2885 1104 2931 tantam
1164 2876 1433 2945 signorum
1511 2873 1736 2944 gratiam
1815 2870 2163 2940 accepissent.

590 2967 812 3025 Etiamsi
835 2969 974 3022 enim
1001 2967 1209 3037 Moyses
1235 2950 1664 3029 mare-diviserit,
1694 2973 1747 3018 at
1777 2963 1964 3018 Petrus
2007 2977 2168 3032 super

590 3076 757 3133 aquas
782 3060 1089 3124 ambulavit,
1118 3069 1169 3114 et
1199 3066 1408 3113 montes
1438 3057 1723 3112 transferre
1748 3063 1989 3125 poterat,
2023 3070 2168 3108 mor-

591 3153 690 3208 bos
707 3155 879 3207 omnis
907 3151 1116 3222 generis
1145 3149 1383 3215 curabat,
1408 3150 1610 3206 feroces
1638 3149 1910 3204 daemonas
1933 3146 2164 3217 fugabat,

591 3260 884 3316 magnaque
934 3243 1020 3297 illa
1071 3243 1306 3312 prodigia
1349 3257 1442 3311 per
1495 3240 1737 3295 umbram
1804 3238 2044 3308 corporis
2084 3238 2165 3292 sui

592 3338 803 3402 edebat,
837 3344 1113 3405 totumque
1157 3334 1341 3389 orbem
1373 3334 1654 3389 convertit.
1709 3332 1766 3388 Si
1813 3340 1990 3386 autem
2022 3329 2165 3385 Elias

589 3441 862 3484 mortuum
920 3426 1231 3492 suscitavit;
1278 3435 1331 3480 at
1374 3426 1448 3481 illi
1495 3433 1774 3481 sexcentos
1821 3424 2163 3487 suscitarunt,

590 3522 801 3577 etiamsi
828 3521 1062 3576 nondum
1100 3519 1360 3590 Spiritum
1386 3529 1624 3574 sanctum
1668 3521 2013 3588 accepissent.
2047 3517 2167 3573 Illos

592 3617 771 3685 itaque
818 3615 917 3669 hac
963 3613 1032 3670 de
1079 3628 1236 3669 causa
1289 3614 1339 3667 in
1391 3614 1624 3668 medium
1669 3611 1885 3666 adduxit
1917 3629 1930 3667 :
1959 3611 2170 3668 volebat

591 3707 736 3762 enim
762 3707 1048 3778 discipulos
1079 3722 1264 3762 eorum
1299 3705 1363 3760 ad
1414 3706 1666 3776 pepulum
1706 3705 2008 3760 ducendum
2059 3717 2169 3760 stu-

591 3799 980 3862 dium-imitari,
1014 3799 1222 3853 illorum
1250 3798 1623 3862 constantiam,
1655 3797 1956 3851 firmitatem
1989 3811 2170 3851 :esse—

591 3905 696 3961 que
723 3890 896 3955 mites,
933 3897 989 3943 ut
1017 3889 1222 3961 Moyses
1252 3899 1383 3956 erat,
1436 3891 1550 3945 zelo
1590 3891 1777 3961 plenos
1807 3900 1861 3945 ut
1899 3893 2062 3956 Elias,
2090 3893 2166 3948 si-

593 3981 896 4052 militerque
934 3981 1209 4036 sollicitos.
1249 3982 1400 4038 Alter
1429 3983 1571 4037 enim
1625 3983 1939 4039 tricunalem
1973 3985 2163 4039 famem

594 4075 714 4130 tulit
741 4086 956 4145 propter
975 4077 1232 4148 pepulum
1255 4075 1530 4132 Judaicum
1555 4095 1569 4144 ;
1602 4079 1737 4134 alter
1764 4093 1891 4133 vero
1919 4079 2164 4134 dicebat:

593 4165 657 4220 Si
678 4165 879 4235 quidem
908 4167 1117 4220 dimittis
1141 4168 1264 4235 ipsis
1299 4177 1573 4238 peccatum,
1602 4172 1832 4238 dimitte;
1860 4174 1936 4226 sin
1964 4176 2129 4231 minus
2148 4217 2163 4244 ,

594 4258 708 4312 dele
733 4275 811 4312 me
835 4260 896 4313 de
917 4259 1042 4313 libro
1071 4278 1217 4330 quem
1245 4263 1487 4333 scripsisti
1519 4263 1728 4334 (Exod.
1759 4266 1845 4321 '52.
1876 4266 1944 4320 52
1974 4268 2012 4338 ).
2047 4269 2169 4323 Hinc

595 4351 772 4405 omnia
803 4352 928 4421 ipsis
956 4367 1050 4422 per
1072 4351 1207 4407 hanc
1231 4353 1487 4409 visionem
1518 4357 1570 4410 in
1593 4366 1826 4412 mentem
1859 4360 2167 4414 revocabat.

593 4442 726 4497 Nam
757 4444 808 4498 in
838 4444 1058 4513 gloriam
1092 4445 1232 4499 illam
1264 4445 1483 4503 adduxit
1518 4450 1693 4518 ipsos;
1740 4466 1845 4506 non
1873 4461 1933 4506 ut
1963 4454 2015 4507 in
2063 4454 2169 4510 illis

594 4547 815 4601 starent,
846 4536 939 4591 sed
969 4546 1029 4591 ut
1057 4548 1344 4594 scammata
1375 4541 1719 4597 transilirent.
1747 4542 1970 4612 Quando
2001 4546 2160 4615 igitur

597 4631 862 4693 dixerunt,
889 4629 1132 4684 Dicamus
1167 4631 1334 4701 ignem
1361 4631 1424 4687 de
1450 4633 1573 4688 caelo
1594 4635 1910 4704 descendere,
1960 4650 2013 4695 et
2041 4641 2168 4697 Elim

601 4720 863 4774 recordati
887 4729 1027 4785 sunt,
1053 4723 1140 4792 qui
1175 4723 1275 4777 hoc
1302 4723 1521 4788 fecerat,
1550 4729 1624 4780 ait
1645 4728 1749 4783 illis
1777 4747 1791 4784 :
1824 4729 2042 4787 Nescitis
2074 4752 2164 4788 cu—

597 4813 678 4880 jus
703 4812 910 4879 spiritus
933 4813 1042 4865 sitis
1073 4812 1220 4882 (Luc.
1249 4815 1301 4870 9.
1332 4816 1418 4870 54.
1442 4818 1564 4886 55);
1595 4819 1659 4873 ad
1691 4820 2000 4890 injuriarum
2030 4826 2168 4880 obli-

599 4903 806 4956 vicnem
840 4903 956 4958 illos
985 4905 1272 4961 adhortans
1299 4910 1366 4964 ob
1392 4910 1766 4969 charismatum
1799 4918 2167 4977 differentiam.

596 4993 674 5047 Ne
703 5005 857 5050 outes
887 5012 984 5051 nos
1015 4999 1184 5054 Eliam
1233 5011 1290 5054 ut
1335 5003 1702 5073 imperfectum
1740 5009 1996 5067 damnare
2024 5031 2036 5066 :
2062 5029 2168 5069 non

597 5085 740 5138 enim
766 5086 869 5142 hoc
893 5089 1156 5157 dicimus;
1188 5092 1385 5147 etenim
1411 5094 1697 5153 admodum
1744 5102 2008 5169 perfectus
2032 5116 2166 5161 erat.

598 5177 797 5233 Verum
825 5184 1151 5252 temporibus
1169 5185 1305 5254 suis,
1329 5202 1450 5243 cum
1477 5192 1730 5256 puerilior
1759 5203 1881 5250 tunc
1902 5212 2051 5253 mens
2081 5198 2171 5254 bo-

599 5267 802 5323 minum
833 5283 995 5338 esset,
1042 5274 1142 5330 hac
1166 5292 1299 5347 opus
1325 5287 1440 5334 erat
1469 5281 1802 5341 institutione
1836 5302 1994 5344 :nam
2025 5290 2169 5363 Moy-

599 5374 687 5414 ses
711 5375 920 5431 quoque
946 5363 1044 5417 hac
1071 5367 1274 5422 ratione
1287 5369 1551 5438 perfectus
1571 5383 1716 5442 erat;
1746 5378 1839 5433 sed
1867 5380 1982 5448 plus
2002 5383 2170 5454 exigi-

600 5457 689 5503 tur
712 5451 781 5505 ab
807 5453 1057 5520 apostolis
1090 5471 1248 5524 quam
1289 5459 1356 5513 ab
1394 5459 1503 5516 illo.
1535 5462 1654 5519 Nisi
1677 5469 1812 5522 enim
1850 5451 2172 5528 abundaverit

589 5539 791 5607 justitia
815 5552 975 5597 vestra
997 5544 1109 5614 plus
1130 5565 1278 5616 quam
1296 5553 1570 5610 scribarum
1595 5567 1639 5613 et
1660 5559 2052 5631 Pharisaeorum,
2071 5584 2171 5621 non

599 5630 846 5687 intrabitis
874 5634 926 5688 in
954 5653 1161 5705 regnum
1181 5642 1415 5697 cwloram
1447 5645 1656 5718 (Matth.
1684 5652 1737 5706 5.
1760 5653 1870 5725 20).
1898 5655 2013 5711 Non
2031 5630 2168 5714 enim

655 5782 670 5808 ³
727 5788 867 5840 Juxta
889 5792 1007 5842 alios
1026 5800 1074 5844 et
1100 5795 1214 5846 Bibl.
1237 5795 1496 5862 legendum
1527 5810 1620 5868 est,
1646 5807 1706 5859 de
1729 5820 1926 5863 excessu
1949 5825 2105 5882 quem.

1333 366 1385 421 S.
1426 363 1701 420 JO.\NNIS
1738 359 2209 418 CilRYSOS'l‘OMl
2250 362 2562 424 ARClllEP.
2604 368 3128 433 CONSTANTINOP.

3740 388 3840 446 5'52

2275 483 2326 535 lu
2355 483 2640 556 Egyptum
2675 491 2895 559 ingressi
2922 504 3061 560 sunt,
3095 496 3187 550 sed
3218 498 3266 550 in
3298 499 3478 553 orbem
3505 513 3691 569 totum,
3720 524 3837 577 gra-

2269 575 2386 628 vius
2437 586 2490 630 et
2536 580 2688 647 pejus
2739 582 2984 637 affectum
3025 601 3183 655 quam
3227 587 3459 658 Egyptii
3512 605 3663 648 erant
3693 616 3705 649 :
3734 575 3835 652 non

2269 666 2600 730 Pharaonem
2643 673 2988 743 alloquuturi,
3023 678 3116 733 sed
3147 694 3266 734 cum
3313 683 3522 739 diabolo
3566 693 3838 757 pugnaturi

2267 761 2386 830 ipso
2409 764 2661 833 nequitiae
2691 775 2935 837 tyranno.
2966 769 3099 825 Nam
3134 782 3402 830 certamen
3451 777 3578 845 ipsis
3619 793 3754 844 erat,
3789 793 3837 835 ut

2269 849 2416 906 illum
2439 853 2734 925 alligarent,
2766 867 2820 913 et
2841 875 2966 915 vasa
2991 861 3108 932 ejus
3151 864 3444 934 diriperent
3481 871 3692 936 omnia;
3717 872 3836 927 illud

2268 958 2396 999 vero
2417 944 2700 1015 faciebant,
2726 965 2831 1005 non
2857 967 3004 1007 mare
3051 954 3369 1024 dividentes,
3400 961 3492 1014 sed
3522 976 3615 1031 per
3642 963 3836 1032 virgam

2267 1032 2432 1090 Jessze
2462 1037 2778 1105 profundum
2822 1043 3111 1113 impietatis
3137 1047 3486 1115 dissecautes,
3517 1053 3684 1108 multo
3717 1070 3836 1124 gra-

2266 1127 2500 1181 vioribus
2521 1130 2775 1198 agitatum
2806 1133 3070 1191 fluctibus.
3102 1138 3234 1194 Vide
3261 1141 3420 1209 igitur
3446 1152 3575 1212 quot
3615 1160 3838 1214 quanta-

2265 1233 2371 1288 que
2412 1231 2628 1290 essent,
2674 1239 2794 1293 qure
2839 1226 3140 1284 hominibus
3196 1241 3454 1288 terrorem
3499 1237 3833 1293 incuterent:

2265 1323 2432 1372 mors,
2461 1322 2767 1381 paupertas,
2799 1316 3038 1384 infamia,
3071 1321 3213 1374 mille
3238 1323 3395 1384 mala,
3445 1329 3721 1397 magisque
3753 1329 3835 1382 illa

2266 1406 2391 1453 tunc
2419 1402 2690 1470 timebant,
2728 1422 2885 1476 qnam
2924 1408 3094 1464 Judazi
3119 1413 3242 1466 olim
3274 1416 3492 1485 pelagus
3517 1418 3665 1473 illud.
3692 1423 3836 1474 Atta-

2267 1504 2387 1543 men
2413 1492 2578 1545 suasit
2607 1493 2708 1548 illis
2735 1503 2790 1548 ut
2816 1496 2929 1552 inec
2957 1502 3134 1554 omnia
3168 1501 3391 1558 fidenter
3408 1507 3834 1575 aggrederentur,

2265 1589 2319 1634 et
2343 1595 2461 1635 cum
2486 1598 2674 1651 magna
2701 1587 2985 1644 securitate
3010 1593 3159 1660 quasi
3188 1609 3282 1662 per
3307 1595 3505 1650 siccum
3535 1601 3835 1655 transirent.

2264 1673 2344 1726 Ad
2377 1672 2488 1730 haec
2517 1676 2675 1746 igitur
2708 1681 2885 1734 omnia
2933 1683 3075 1750 ipsos
3114 1686 3424 1751 concitans,
3479 1690 3595 1744 illos
3624 1691 3838 1748 adduxit

2265 1763 2424 1832 quiin
2449 1764 2625 1821 Veteri
2659 1768 2996 1827 refulserant.
3045 1775 3180 1841 Quid
3217 1777 3373 1845 igitur
3401 1779 3588 1835 Petrus
3630 1783 3837 1839 fervens

2267 1854 2390 1910 ille?
2414 1856 2466 1910 4.
2497 1857 2695 1912 Bonum
2719 1871 2792 1914 est
2825 1879 2916 1917 nos
2950 1865 3030 1918 hic
3063 1883 3182 1920 esse.
3231 1869 3361 1936 Quia
3401 1874 3541 1926 enim
3586 1875 3835 1944 audierat,

2267 1946 2438 2015 ipsum
2463 1947 2845 2022 Jerosolymam
2879 1969 3162 2013 venturum
3189 1967 3245 2014 et
3280 1976 3557 2029 passurum
3605 1980 3742 2034 esse,
3778 1984 3836 2022 ca

2265 2038 2333 2092 de
2350 2055 2506 2095 causa
2529 2042 2701 2099 adhuc
2719 2045 2912 2100 timens
2940 2057 2992 2102 et
3014 2059 3267 2114 tremens,
3285 2064 3403 2122 post
3425 2056 3837 2128 increpationem

2267 2131 2409 2186 illam
2439 2151 2543 2189 non
2574 2138 2734 2191 audet
2759 2141 2968 2208 quidem
2998 2144 3255 2199 accedere
3302 2161 3363 2200 ac
3410 2148 3586 2204 dicere
3613 2166 3624 2200 :
3652 2150 3838 2216 Propi-

2268 2223 2364 2277 tius
2391 2225 2476 2278 tibi
2499 2227 2559 2280 sit
2582 2226 2792 2298 (Matth.
2829 2231 3046 2301 i6.22),
3079 2235 3170 2289 sed
3202 2237 3388 2292 timore
3414 2239 3587 2295 adhuc
3631 2253 3833 2311 captus,

2266 2316 2450 2371 eadem
2479 2318 2611 2388 ipsa,
2637 2320 2730 2375 sed
2758 2337 2853 2390 per
2879 2324 2976 2377 alia
3010 2327 3167 2380 verba
3196 2328 3514 2386 subindicat.
3539 2331 3671 2398 Quia
3701 2336 3838 2389 enim

2267 2419 2500 2464 montem
2555 2412 2768 2469 videbat
2818 2424 2872 2470 et
2911 2427 3113 2473 vastam
3169 2421 3531 2491 solitudinem,
3580 2427 3841 2496 cogitabat

2267 2514 2511 2568 magnam
2542 2501 2614 2557 ibi
2666 2507 3002 2562 securitatem
3051 2525 3081 2564 a
3125 2510 3243 2567 loco
3282 2528 3438 2578 esse;
3493 2530 3589 2570 nec
3620 2517 3778 2571 modo
3811 2534 3838 2570 a

2268 2589 2404 2654 loco,
2438 2592 2530 2648 sed
2557 2595 2694 2662 quod
2717 2607 2934 2666 cuperet
2963 2600 3134 2667 ipsum
3166 2618 3269 2657 non
3301 2606 3435 2659 ultra
3455 2606 3838 2679 Jerosolymam

2268 2683 2457 2738 adire:
2490 2686 2598 2740 vult
2647 2689 2788 2741 enim
2839 2705 2957 2744 eum
3000 2693 3070 2746 ibi
3119 2705 3374 2764 perpetuo
3415 2713 3631 2754 manere
3667 2717 3681 2753 :
3725 2699 3842 2753 ideo

2269 2775 2605 2831 tabernacula
2632 2790 2910 2835 memorat.
2958 2782 3015 2837 Si
3043 2785 3184 2839 enim
3215 2787 3316 2842 hoc
3367 2789 3473 2850 fiat,
3503 2790 3704 2859 inquit,
3736 2807 3839 2846 non

2271 2866 2403 2922 ultra
2430 2867 2815 2940 Jerosolymam
2839 2875 3221 2943 ascendemus;
3261 2880 3304 2935 si
3347 2897 3451 2935 non
3473 2883 3838 2941 ascendamus.

2271 2958 2356 3013 ille
2382 2976 2486 3015 non
2516 2965 2790 3019 morietur.
2821 2967 2894 3020 lbi
2925 2983 3153 3039 namque
3177 2971 3387 3027 dicebat
3414 2975 3617 3031 scribas
3659 2991 3720 3033 se
3755 2995 3843 3048 ag-

2269 3065 2547 3121 gressuros
2579 3069 2719 3110 esse.
2751 3057 2854 3113 Sed
2881 3075 2983 3114 non
3011 3077 3170 3118 ausus
3191 3073 3273 3119 est
3299 3065 3368 3119 ita
3397 3066 3574 3136 loqui;
3615 3069 3729 3125 haec
3752 3086 3844 3123 au-

2271 3150 2375 3197 tem
2403 3145 2660 3214 perficere
2683 3149 2890 3216 volens,
2923 3166 3112 3208 secure
3150 3155 3360 3211 dicebat
3394 3176 3406 3211 :
3434 3158 3628 3213 Bonum
3655 3171 3726 3215 est
3754 3179 3844 3215 nos

2271 3235 2352 3287 hic
2380 3252 2504 3302 esse,
2539 3237 2628 3292 uhi
2657 3248 2706 3293 et
2729 3239 2938 3312 Moyses
2964 3253 3016 3298 et
3045 3243 3192 3299 Elias
3217 3248 3445 3303 adsunt:
3475 3250 3635 3316 Elias,
3667 3254 3754 3322 qui
3778 3254 3844 3304 de

2269 3328 2400 3383 cmlo
2428 3330 2598 3399 ignem
2623 3331 2673 3385 in
2700 3343 2934 3390 montem
2956 3336 3282 3395 descendere
3304 3341 3480 3409 jussit,
3511 3342 3841 3414 Moysesquo,

2269 3423 2356 3491 qui
2391 3423 2439 3475 in
2466 3424 2740 3493 caliginem
2764 3427 3052 3496 ingressus,
3081 3445 3199 3486 cum
3234 3433 3343 3488 Deo
3374 3435 3621 3506 loquutus
3641 3448 3760 3493 est:
3788 3448 3842 3492 et

2272 3528 2428 3567 nemo
2452 3516 2583 3569 sciet
2605 3517 2818 3572 ubinam
2841 3535 3045 3575 sumus.

2339 3608 2393 3661 5.
2448 3607 2717 3664 Visdistin’
2757 3610 3048 3670 ferventem
3101 3615 3293 3672 Christi
3349 3627 3639 3677 amatorem
3685 3623 3709 3676 ?
3767 3623 3844 3677 Ne

2271 3713 2478 3767 quaeras
2515 3715 2672 3770 quam
2711 3703 2946 3772 prudens
2988 3714 3042 3761 et
3082 3718 3359 3764 accuratus
3404 3721 3548 3766 esset
3598 3713 3840 3768 hortandi

2270 3793 2490 3858 modus,
2544 3794 2638 3848 sed
2703 3809 2859 3864 quam
2909 3795 3154 3862 fervens,
3213 3811 3572 3872 quantumque
3626 3805 3845 3859 ardebat

2270 3899 2450 3941 amore
2483 3884 2698 3940 Christi.
2729 3887 2878 3954 Quod
2909 3890 3047 3944 enim
3070 3905 3189 3944 cum
3220 3891 3345 3946 illud
3364 3894 3581 3959 diceret,
3616 3911 3718 3950 non
3747 3913 3843 3965 pro

2270 3978 2450 4048 seipso
2479 3986 2680 4033 tantum
2711 3989 2961 4036 tremeret
2990 3981 3103 4037 haec
3129 3982 3375 4050 dicendo,
3401 3985 3519 4040 audi
3548 3988 3671 4057 quid
3700 3989 3844 4042 dicat

2270 4083 2391 4124 cum
2434 4067 2676 4124 Christus
2717 4079 2943 4126 mortem
2973 4085 3121 4126 suam
3165 4085 3218 4127 et
3264 4075 3481 4130 insidias
3524 4077 3621 4131 sibi
3669 4086 3841 4147 parari

2271 4159 2640 4230 praenuntiavit
2666 4178 2680 4214 :
2708 4162 2939 4215 Animam
2972 4179 3132 4216 nteant
3170 4175 3328 4234 prole
3355 4183 3538 4236 ponam
3570 4183 3590 4222 :
3624 4170 3667 4222 si
3695 4186 3845 4239 apor-

2270 4253 2421 4307 tuerit
2445 4269 2524 4307 me
2550 4254 2680 4307 mori
2706 4263 2866 4308 tecum
2883 4295 2900 4322 ,
2931 4271 3030 4309 non
3067 4265 3113 4310 te
3139 4257 3324 4327 negabo
3346 4256 3370 4331 (
3395 4258 3557 4313 Marc.
3593 4262 3676 4316 14.
3707 4263 3766 4318 51
3795 4265 3842 4333 ).

2271 4344 2406 4401 Vide
2448 4348 2606 4401 etiam
2646 4347 2914 4417 quomodo
2943 4349 2995 4403 in
3044 4349 3232 4406 mediis
3281 4353 3525 4421 periculis
3569 4354 3690 4410 vitae
3731 4371 3847 4413 sua:

2271 4451 2456 4508 parum
2494 4439 2812 4495 consuleret.
2839 4439 3009 4496 Tanto
3047 4442 3187 4497 enim
3217 4444 3593 4502 circumstante
3619 4451 3846 4518 populo,

2271 4545 2379 4584 non
2421 4532 2580 4587 modo
2614 4546 2722 4586 non
2747 4533 2972 4604 aufugit,
3016 4535 3108 4588 sed
3137 4536 3323 4590 stricto
3350 4537 3526 4608 gladio
3554 4543 3848 4610 amputavit

2271 4621 2560 4675 auriculam
2608 4623 2748 4677 servi
2788 4624 3100 4679 sacerdotis.
3132 4625 3220 4680 Sic
3260 4627 3348 4680 ille
3379 4644 3484 4682 non
3515 4629 3656 4700 quod
3688 4647 3847 4687 suum

2273 4722 2390 4768 erat
2433 4716 2784 4782 respiciebat,
2831 4716 2924 4770 sed
2975 4733 3073 4787 pro
3119 4721 3374 4789 magistro
3419 4737 3516 4776 suo
3561 4724 3845 4780 tremebat.

2277 4805 2475 4861 Deinde
2511 4807 2632 4876 quia
2678 4807 2918 4862 absolute
2961 4810 3206 4879 loquutus
3250 4811 3449 4877 fuerat,
3501 4813 3568 4869 ad
3612 4825 3847 4871 mentem

2274 4897 2447 4962 redit;
2477 4898 2769 4968 timensque
2799 4916 2864 4955 ne
2885 4917 3069 4956 rursus
3096 4903 3484 4973 increparetur,
3513 4906 3588 4960 ait
3619 4924 3632 4960 :
3663 4905 3725 4962 Si
3748 4909 3848 4973 vis,

2275 4990 2518 5059 faciamus
2546 4992 2627 5045 hic
2657 4994 2752 5046 tria
2776 4995 3115 5055 tabernacula.
3149 4997 3234 5050 tibi
3258 5013 3432 5064 unum,
3470 4998 3638 5069 Moysi
3666 5018 3845 5064 unum,

2275 5090 2320 5134 et
2352 5081 2480 5136 Elia:
2504 5100 2684 5136 unum.
2711 5084 2848 5152 Quid
2891 5085 3042 5151 dicis,
3073 5086 3275 5142 Petre?
3305 5100 3482 5144 nonne
3526 5092 3680 5160 paulo
3719 5101 3850 5146 ante

2274 5188 2305 5227 a
2343 5175 2515 5229 servis
2557 5191 2679 5230 eum
2720 5180 2974 5246 separasti
2998 5179 3020 5232 ’ἒ
3048 5195 3142 5234 cur
3168 5195 3287 5234 cum
3328 5183 3499 5237 servis
3527 5182 3686 5238 modo
3712 5199 3849 5239 con-

2277 5265 2573 5320 numeras?
2610 5265 2793 5321 Viden’
2839 5283 2995 5337 quam
3045 5269 3336 5338 imperfecti
3385 5273 3460 5326 illi
3501 5283 3684 5328 essent
3720 5283 3850 5330 ante

2275 5355 2537 5410 crucem?
2572 5356 2703 5410 Nam
2731 5358 2775 5412 si
2822 5357 2978 5413 Pater
3018 5359 3176 5414 Petro
3220 5361 3499 5428 revelavit,
3542 5371 3596 5417 at
3622 5379 3727 5419 non
3753 5366 3851 5420 diu

2276 5447 2652 5502 reveiationem
2685 5447 2825 5501 illam
2856 5449 3089 5511 retinuit.
3115 5451 3207 5505 sed
3239 5467 3436 5520 pavore
3461 5453 3700 5509 turbatus
3736 5465 3846 5520 est,

2276 5554 2382 5592 non
2430 5538 2601 5591 solum
2647 5553 2713 5592 eo
2750 5554 2908 5608 quem
2950 5540 3094 5606 dixi,
3124 5541 3217 5596 sed
3258 5543 3416 5596 etiam
3446 5544 3550 5598 alio
3580 5560 3737 5614 quem
3778 5561 3850 5600 ex

2277 5629 2478 5683 visione
2523 5627 2613 5682 illa
2655 5636 2978 5698 susceperat.
3016 5630 3116 5684 Alii
3148 5631 3322 5702 itaque
3363 5635 3701 5704 evangelista:
3743 5634 3850 5691 hoc

2279 5719 2665 5791 significantes,
2713 5723 2904 5775 mentis
2949 5721 3349 5790 confusionem,
3399 5742 3498 5794 qua
3547 5728 3788 5781 afficieba
3817 5756 3845 5767 -

2283 5820 2387 5879 tur,
2430 5826 2548 5867 cum
2587 5811 2702 5868 haec
2746 5811 2964 5881 diceret,
2995 5829 3059 5869 ex
3089 5829 3282 5884 pavore
3307 5816 3398 5872 illo
3419 5827 3719 5888 susceptam
3755 5816 3846 5871 de-
