4140 6376
294 367 398 426 551

290 485 509 540 οὐδέπω
527 484 687 539 τοῦτο
714 485 953 540 παθόντα
982 487 1062 552 εἰς
1086 488 1250 559 μέσον
1281 489 1420 558 ἄγει.
1437 491 1548 562 Τὴν
1569 492 1626 546 δέ
1651 490 1908 562 πέμπτην
1926 489 1972 522 ’⁸

294 573 477 627 αἰτίαν
507 573 771 646 (πέμπτη
803 575 910 647 769
941 575 1080 647 αῦτη
1117 578 1232 630 ἐστὶ
1264 579 1400 646 πρὸς
1445 582 1567 642 ταῖς
1611 579 1970 651 εἰρημέναις)

295 664 390 716 1:61
419 663 583 729 αὐτὸς
614 667 642 718 6
667 665 1056 736 εύαγγελιστὴς
1091 665 1428 736 ἀπεκάλυψε.
1459 668 1554 730 Τίς
1582 667 1639 720 δὲ
1681 663 1748 738 ἦν
1790 667 1928 737 αῦτη
1953 686 1966 732 ς

296 751 476 816 Δεῖξαι
510 750 605 804 τοῦ
635 750 869 818 σταυροῦ
903 752 1001 821 τὴν
1027 751 1205 818 δόξαν,
1233 753 1328 806 1:61
1355 738 1855 824 παραμυθήσασθαι
1879 755 1970 807 τὸν

299 838 507 910 Πέτρον
535 839 631 894 καὶ
660 840 898 903 ἐκείνους
924 840 1228 904 δεδοικότας
1257 840 1317 894 :6
1348 841 1538 906 πάθος,
1559 841 1654 895 καὶ
1672 841 1970 912 ἀναστῆσαι

302 926 483 980 αὐτῶν
517 926 584 980 :6
610 929 952 998 φρονήματα.
980 928 1091 981 K61
1121 929 1230 999 769
1262 928 1694 999 παραγενόμενοι
1727 930 1827 982 οὐκ
1866 929 1971 981 ἐσί-

296 1032 433 1084 γων,
479 1014 926 1080 ἀλλ’Ἑλὰλουν,
974 1017 1138 1086 φησί,
1181 1016 1296 1084 τὴν
1327 1017 1514 1082 δόξαν
1529 1019 1596 1081 ’⁸,
1632 1015 1714 1085 ἣν
1754 1017 1971 1086 ἔμελλε

297 1103 579 1171 πληροῦν
601 1103 673 1156 ἐν
709 1103 1108 1173 Ἰερουσαλήμ
1127 1119 1140 1132 ·
1175 1104 1440 1170 τουτέστι,
1467 1104 1527 1158 :6
1551 1104 1722 1168 πάθος
1752 1104 1845 1157 1:61
1877 1103 1970 1156 τὸν

303 1191 564 1263 σταυρόν’
616 1190 759 1245 οὕτω
800 1190 907 1263 γὰρ
957 1191 1090 1245 66:6
1105 1192 1149 1224 ³⁰
1189 1192 1447 1246 καλοῦσιν
1467 1183 1578 1246 ἀεί.
1609 1192 1683 1245 06
1711 1191 1880 1263 ταύτῃ
1911 1191 1967 1245 δὲ

302 1279 462 1349 μόνον
509 1279 706 1344 αὐτοὺς
743 1279 961 1350 ἦλειφεν
979 1281 1042 1342 ³¹,
1074 1279 1209 1334 ἀλλά
1249 1279 1344 1334 καὶ
1384 1281 1520 1351 αὐτῇ
1550 1282 1616 1350 τῇ
1651 1281 1818 1351 ἀρετῇ
1861 1277 1969 1333 τῶν

301 1366 535 1438 ἀνδρῶν,
563 1368 629 1438 ὴν
658 1367 892 1438 μάλιστα
920 1369 1049 1440 παρ’
1083 1367 1262 1422 αὐτῶν
1289 1368 1490 1438 ἐζήτει.
1509 1367 1726 1439 Ἐπειδὴ
1753 1367 1862 1438 769
1888 1362 1966 1421 εί-

302 1473 425 1517 πεν,
451 1455 523 1508 ΕΖ
549 1473 640 1522 τις
671 1454 832 1510 θέλει
857 1455 1048 1509 ὀπίσω
1060 1473 1180 1524 μου
1202 1455 1422 1519 ἐλθεῖν,
1445 1455 1640 1524 ἀράτω
1661 1455 1769 1508 τὸν
1791 1472 1970 1511 σταυ-

292 1543 408 1611 ρὸν
431 1542 639 1610 αὐτοῦ,
669 1542 770 1596 καί
796 1543 1196 1598 ἀκολουθείτω
1221 1560 1343 1611 μοι,
1373 1543 1500 1606 τοὺς
1531 1542 1788 1614 μυριάκις
1833 1543 1970 1596 ἀπο-

301 1628 558 1694 θανόντας
603 1629 742 1701 ὑπὲρ
783 1630 891 1685 τῶν
928 1630 1007 1701 τῷ
1043 1629 1162 1701 Θεῷ
1202 1629 1499 1685 δοκούντων
1543 1629 1636 1683 1:61
1662 1629 1835 1702 δήμου
1873 1629 1969 1684 τοῦ

302 1718 682 1780 πιστευθέντος
727 1719 930 1784 αὐτοῖς,
959 1717 1182 1781 τούτους
1215 1719 1296 1781 εἰς
1337 1717 1500 1788 μέσον
1540 1717 1684 1787 ἄγει.
1716 1718 1828 1772 K61
1859 1717 1970 1789 769

300 1806 503 1860 τούτων
533 1807 763 1872 ἕκαστος
789 1807 888 1879 τὴν
913 1807 1090 1880 ψυχὴν
1113 1807 1406 1870 ἀπολέσας,
1442 1802 1598 1880 εὗρεν
1633 1808 1824 1878 αὐτήν.
1857 1809 1969 1862 K61

301 1896 466 1965 769"
500 1898 633 1966 πρὸς
674 1895 968 1966 τυράννους
998 1896 1226 1960 ἕκαστος
1271 1895 1749 1967 ἐπαρῤησιάσατο’
1798 1895 1827 1949 6
1871 1895 1970 1964 μέν

301 1981 434 2052 πρὸς
483 1982 576 2035 τὸν
621 1983 936 2052 Αίγύπτιον,
960 1984 988 2036 6
1019 1983 1074 2037 δὲ
1109 1983 1246 2055 πρὸς
1289 1983 1380 2036 τὸν
1421 1982 1624 2052 Ἀχαάϐ
1646 1999 1660 2012 ·
1695 1983 1790 2035 1:61
1833 1983 1970 2052 ὑπὲρ

299 2069 630 2141 ἀγνωμόνων
657 2069 958 2142 ἀνθρώπων
989 2072 1083 2125 1:61
1113 2070 1383 2124 ἀπειθῶν·
1410 2070 1506 2124 1:61
1537 2071 1626 2124 ὑπ’
1650 2069 1831 2124 αὐτῶν
1861 2069 1970 2123 τῶν

301 2157 431 2229 παρ’
462 2157 642 2211 αὐτῶν
675 2157 996 2228 σωζομένων
1027 2159 1108 2222 εἰς
1137 2158 1228 2212 τὸν
1251 2159 1378 2229 περὶ
1406 2159 1515 2213 τῶν
1535 2157 1778 2229 ἐσχάτων
1799 2157 1971 2228 ὴχθηι⁹

303 2263 400 2299 σαν
434 2246 677 2301 κίνδυνον
695 2262 710 2277 ⁶
743 2248 836 2301 1:61
863 2248 1092 2311 ἕκαστος
1121 2247 1300 2301 αὐτῶν
1328 2247 1768 2320 εἰδωλολατρείας
1803 2248 1970 2301 ἀπαλ-

300 2334 457 2400 λάξαι
493 2335 832 2405 βουλόμενος,
853 2335 948 2389 καὶ
968 2336 1198 2396 ἕκαστος
1220 2335 1398 2390 αὐτῶν
1435 2335 1649 2403 ἰδιώτης
1684 2335 1759 2388 ὥν
1779 2354 1790 2365 ·
1821 2337 1850 2390 6
1872 2337 1972 2407 μὲν

301 2421 408 2492 γάρ
435 2421 846 2492 βραδύγλωσσος
875 2422 968 2474 καὶ
995 2420 1339 2490 ἰσχνόφωνος,
1365 2423 1392 2472 6
1411 2420 1468 2472 δέ
1488 2421 1581 2473 1:61
1601 2421 1763 2483 αὐτὸς
1786 2421 1972 2490 ἀγροι-

300 2505 524 2576 κότερον
548 2504 888 2574 διακείμενος
906 2521 920 2535 ο
957 2503 1050 2557 καὶ
1082 2503 1467 2574 ἀκτημοσύνης
1491 2503 1547 2555 δὲ
1580 2503 1747 2572 πολλὴ
1769 2503 1815 2534 ³³
1838 2503 1968 2572 παρ’

300 2587 577 2660 ἑκατέρων
607 2589 641 2660 ή
675 2586 956 2658 ἀκρίϐεια·
997 2585 1122 2640 οὔτε
1164 2587 1272 2657 γάρ
1310 2586 1552 2655 Μωῡσῆς
1597 2604 1651 2638 τι
1686 2587 1968 2656 ἐκέκτητο,

297 2671 425 2725 οῦτε
461 2672 646 2737 Ἠλίας
672 2690 724 2724 τι
755 2668 866 2742 εἶχε
882 2672 927 2703 ⁸⁵
958 2670 1118 2726 πλέον
1149 2671 1248 2741 τῆς
1278 2669 1558 2742 μηλωτῆς·
1591 2671 1684 2724 καὶ
1717 2671 1892 2724 ταῦτα
1912 2673 1971 2725 ἐν

301 2760 366 2827 τῇ
399 2755 632 2826 Παλαιᾷ.
667 2756 760 2809 1:61
797 2755 917 2808 ούδέ
950 2755 1109 2826 χάριν
1131 2755 1398 2822 τοσαύτην
1424 2754 1676 2818 λαϐόντες
1705 2755 1967 2824 στμιείων.

302 2840 366 2893 Εἰ
412 2840 522 2910 γάρ
572 2838 666 2892 καὶ
704 2837 974 2891 θάλατταν
1007 2838 1188 2907 ἐσχισε
1239 2837 1498 2906 Μωῦσῆς,
1533 2835 1667 2889 ἀλλά
1684 2837 1731 2868 ³⁸
1766 2839 1972 2910 Πέτρος

303 2923 396 2977 ἐπὶ
426 2922 525 2991 τῆς
557 2921 729 2992 ὑγρᾶς
756 2919 992 2984 ἐϐάδισε,
1023 2920 1116 2974 1:61
1157 2920 1256 2990 δρη
1309 2919 1617 2990 μεταθεῖναι
1666 2920 1846 2984 ίκανὺς
1879 2917 1968 2992 ἦν,

302 3007 396 3058 1:61
413 3007 692 3076 νοσήματα
708 3004 975 3074 σωμάτων
996 3001 1224 3073 διώρθου
1243 3003 1576 3067 παντοδαπὰ,
1595 3003 1691 3056 1:61
1712 3003 1972 3074 δαίμονας

300 3088 532 3157 ἤλαυνεν
557 3089 804 3158 ἀγρίους,
835 3087 931 3141 καὶ
969 3087 1097 3158 σκιᾷ
1133 3084 1383 3157 σώματος
1425 3085 1496 3139 :6
1535 3086 1746 3156 μεγάλα
1787 3089 1973 3142 ἐκεῖνα

300 3171 738 3244 ἐθαυματούργει
757 3173 1041 3244 τεράστια,
1060 3171 1154 3226 1:61
1175 3171 1274 3240 τὴν
1298 3171 1619 3243 οἰκουμένην
1643 3172 1973 3244 μετέστησεν

302 3255 542 3310 ἃπασαν.
579 3255 641 3308 Εἰ
674 3253 730 3307 δέ
772 3255 868 3306 καὶ
906 3252 1092 3316 Ἠλίας
1119 3251 1308 3323 νεκρὸν
1337 3252 1652 3324 ἀνέστησεν,
1682 3253 1798 3307 ἀλλ’
1827 3249 1972 3309 06:0:

305 3339 552 3410 μυρίους,
581 3339 672 3392 καὶ
707 3336 877 3390 ταῦτα
915 3337 1138 3408 μηδέπω
1176 3336 1491 3407 Πνεύματος
1523 3335 1969 3404 καταξιωθέντες.

306 3426 462 3492 ’Λγει
493 3422 671 3474 τοίνυν
703 3423 796 3475 καὶ
821 3422 906 3474 διά
929 3420 1085 3474 τοῦτο
1111 3421 1189 3482 εἰς
1223 3419 1711 3489 μέσον.Ἦϐούλετο
1745 3420 1853 3490 γὰρ
1884 3421 1976 3474 αύ-

301 3507 428 3569 τοῦς
455 3506 517 3558 :6
549 3503 932 3575 δημαγωγικδν
971 3507 1032 3556 τὸ
1063 3502 1284 3556 ἐκείνων
1328 3502 1590 3570 ζηλῶσαι,
1618 3504 1712 3556 καὶ
1743 3503 1805 3556 :6
1831 3503 1975 3558 εῦτο·

302 3607 431 3652 νον,
486 3588 579 3642 καὶ⁸
627 3588 688 3640 :6
732 3587 1022 3657 ἀκαμπές·
1083 3587 1177 3640 καὶ
1219 3585 1470 3654 γενέσθαι
1527 3587 1785 3649 ἐπιεικεῖς
1833 3588 1973 3640 κατὰ

304 3672 562 3733 Μωῦσέα,
601 3673 696 3724 καὶ
733 3669 977 3738 ζηλωτὰς
1015 3667 1155 3722 κατά
1193 3668 1280 3721 τὸν
1320 3667 1526 3731 Ἠλίαν,
1558 3669 1652 3722 καὶ
1690 3667 1974 3740 κηδεμονι-

305 3757 436 3820 κοϋς
472 3756 692 3826 ὁμοίιος.
721 3755 780 3807 ὐ
824 3755 922 3825 μὲν
954 3753 1062 3824 γάρ
1094 3752 1249 3824 λιμὸν
1284 3751 1450 3824 τριῶν
1489 3751 1626 3804 ἐτῶν
1663 3753 1858 3823 ἤνεγκε
1886 3752 1972 3806 διὰ

305 3841 396 3893 τὸν
435 3839 603 3910 δῆμον
640 3839 730 3892 τὸν
760 3836 1077 3892 Ἰουδαῐκόνο
1117 3838 1146 3889 ὀ
1182 3835 1239 3888 δὲ
1279 3836 1490 3904 ἔλεγεν
1522 3837 1591 3890 Εἰ
1616 3835 1734 3905 μὲν
1755 3835 1973 3905 ἀφῇς³⁶

303 3923 510 3988 αὐτοῖς
545 3921 660 3990 τὴν
695 3921 1013 3990 ἁμαρτίαν,
1057 3919 1240 3989 ἆςοες⁸
1280 3919 1410 3973 ἐπεὶ
1449 3918 1603 3989 κάμὲ
1646 3919 1974 3989 ἑξάλειψον

302 4008 374 4061 ὲκ
427 4005 540 4076 τῆς
590 4007 811 4070 βίϐλου
859 4001 936 4074 ἧς
991 4003 1276 4073 ἔγραψας.
1329 4000 1547 4056 Τούτων
1600 4002 1658 4056 δέ
1718 4003 1972 4057 ἁπάντων

302 4090 682 4160 ἀνεμίμνησκε
717 4088 806 4142 διὰ
842 4090 941 4159 τῆς
977 4087 1173 4156 ὅψεως.
1230 4087 1339 4140 Καὶ
1375 4086 1484 4158 γὰρ
1521 4089 1577 4141 ἐν
1613 4087 1740 4160 δόξῃ
1777 4088 1972 4152 αὐτοὺς

303 4175 543 4244 ηγαγεν,
587 4173 687 4244 οὐχ
712 4171 802 4226 ἴνα
833 4171 992 4243 μέχρι
1026 4170 1230 4224 τούτων
1257 4171 1297 4202 ‘7
1340 4171 1560 4233 στῶσιν,
1596 4170 1713 4224 ἀλλ’
1757 4171 1844 4226 ἶνα
1877 4173 1972 4226 καὶ

306 4256 674 4328 ὑπερϐῶσιτά
703 4256 1020 4326 σκάμματα.
1049 4254 1178 4308 Ὅτε
1202 4252 1332 4322 γοῦν
1361 4249 1531 4315 εἷπον,
1561 4254 1837 4322 Εἵπωμεν
1853 4257 1972 4323 πῆ)

305 4339 636 4408 καταϐῆναι
655 4339 723 4392 ἐκ
751 4339 858 4392 τοῦ
872 4337 1154 4406 οὐρανοῦ,
1174 4339 1268 4390 1:61
1284 4339 1694 4409 ἐμνημόνευσαν
1720 4339 1874 4392 Ἠλία
1895 4339 1972 4402 ὡς

306 4421 466 4474 τοῦτο
486 4419 868 4490 πεποιηκότος.
902 4420 1066 4490 φησίν
1091 4435 1103 4447 ·
1144 4420 1264 4472 οὐκ
1287 4419 1492 4474 οἴδατε
1519 4421 1694 4475 ποίου
1717 4422 1972 4489 πνεύμα-

304 4505 410 4572 τός
427 4504 566 4558 ἐστε
587 4521 602 4537 ·
626 4504 705 4566 εἰς
734 4503 1087 4569 ἀνεξικακίαν
1112 4502 1308 4564 αὐτοὺς
1336 4500 1573 4570 ἀλείφων
1595 4501 1681 4555 6:6
1714 4503 1812 4573 τῆς
1832 4503 1974 4558 κατά

304 4589 368 4643 τὸ
399 4588 644 4660 χάρισμα
675 4585 825 4660 {568]
855 4587 1138 4656 διαφορᾶς.
1166 4587 1276 4639 K61
1311 4587 1382 4656 μή
1413 4603 1499 4650 τις
1525 4587 1676 4657 ἡμᾶς
1704 4587 1972 4656 νομιζέτω

308 4669 740 4738 καταγινώσκειν
797 4671 998 4732 Ἡλίου,
1041 4671 1116 4732 ὡς
1147 4669 1371 4733 ἀτελοῦς
1394 4686 1408 4700 ⁸
1457 4670 1518 4722 o6
1553 4670 1712 4724 :06:6
1751 4688 1929 4741 φαμεν
1954 4689 1967 4702 ο

306 4755 401 4808 1:61
431 4754 542 4822 769
566 4755 770 4826 σφόδρα
813 4753 1017 4816 τέλειος
1041 4749 1111 4825 ἦν
1136 4768 1151 4783 ⁶
1201 4753 1318 4806 ἀλλ’
1363 4756 1422 4806 ἐν
1465 4755 1576 4818 τοῖς
1621 4756 1832 4826 καιροῖς
1861 4757 1973 4818 τοῖς

307 4838 524 4901 ἐαυτοῦ,
554 4839 643 4892 ὅτε
677 4838 1047 4908 παιδικωτέρα
1076 4837 1111 4908 ή
1146 4836 1254 4891 τῶν
1280 4836 1580 4908 ἀνθρώπιον
1624 4836 1831 4891 διάνοια
1881 4835 1972 4910 ἦν,

307 4923 403 4976 1:61
432 4921 635 4992 ταύτης
662 4920 868 4974 ἐδέοντο
883 4921 929 4952 ³⁸
953 4921 1054 4988 τῆς
1082 4919 1473 4988 παιδαγωγίας.
1517 4919 1668 4973 Ἐπεὶ
1694 4921 1787 4973 1:61
1811 4921 1971 4974 Μωῦ-

309 5007 410 5075 σῆς
442 5004 584 5059 κατὰ
611 5004 770 5058 τοῦτο
811 5003 1014 5067 τέλειος
1045 4999 1113 5074 ἦν
1135 5018 1150 5032 °
1199 5003 1313 5056 ἀλλ’
1338 5004 1488 5073 ὅμως
1529 5003 1784 5057 κάκείνου
1813 5002 1974 5055 πλέον

307 5087 662 5141 ἀπαιτοῦνται
679 5080 846 5140 οὗτοι.
887 5086 1028 5140 Ἐὰν
1054 5085 1160 5154 γάρ
1186 5084 1272 5154 μὴ
1300 5086 1673 5153 περισσεύσῃ
1699 5085 1737 5153 ἡ
1762 5083 1974 5137 δικαιο-

307 5172 467 5238 σύνη
498 5169 661 5240 ὑμῶν
692 5169 881 5224 πλέον
908 5169 1022 5222 τῶν
1056 5169 1450 5238 Γραμματέων
1483 5167 1581 5222 καί
1615 5169 1968 5237 Φαρισαίων,

308 5255 382 5308 οὐ
416 5252 504 5322 μὴ
546 5251 857 5320 εἰσέλθητε
899 5255 986 5319 εὶς
1013 5251 1128 5319 τὴν
1151 5251 1480 5316 ,βασιλείαν
1520 5250 1639 5304 τῶν
1677 5250 1967 5319 οὐρανῶν.

309 5341 385 5392 O6
416 5339 526 5412 769
553 5340 634 5403 εἰς
664 5339 938 5408 Αἴγυπτον
966 5339 1240 5411 εἰσῄεσαν,
1273 5338 1387 5392 ἀλλ’
1415 5340 1495 5402 εἰς
1520 5339 1618 5410 τὴν
1651 5340 1972 5412 οἰκουμένην

311 5407 550 5490 ἃπασαν,
584 5407 964 5496 χαλεπώτερον
986 5407 1295 5492 Αἰγυπτίων
1321 5407 1669 5494 διακειμένην
1693 5441 1707 5454 ·
1749 5407 1870 5478 ούδέ
1894 5407 1972 5496 τῷ

307 5507 508 5574 ψαριπιὼ
533 5505 918 5578 διαλεξόμενοι,
948 5499 1084 5563 ἀλλά
1117 5508 1197 5579 τῷ
1227 5507 1458 5579 διαϐόλῳ
1485 5509 1879 5574 πυκτεύσοντες
1902 5511 1966 5578 ³ο,

1375 373 1442 429 ΙΝ
1481 373 1893 432 ΜΑΤἸΊΙᾸΞΙΞΜ
1938 369 2170 430 ΗΟΜῙΙ..
2231 375 2364 434 LVI.
2415 380 2486 433 al.
2529 377 2685 433 LVII.

3646 374 3760 431 552-

2075 493 2224 563 αυτῷ
2251 495 2328 565 τῷ
2356 495 2458 563 τῆς
2486 497 2683 555 κακίας
2704 492 2968 564 τυράννῳ.
3000 490 3110 542 R61
3140 489 3248 560 769
3274 488 3424 557 ἀγὼν
3456 483 3521 561 ἦν
3543 489 3764 552 αὐτοῖς,

2075 583 2327 636 κάκεῖνον
2357 583 2538 653 δῆσαι,
2574 581 2668 634 1:61
2694 579 2762 633 τὰ
2795 578 2966 648 σκεύη
2998 576 3164 632 αὐτοῦ
3201 577 3497 649 διαρπάσαι
3527 577 3709 631 πάντα
3737 597 3749 608 ε

2074 671 2172 724 καὶ
2203 667 2376 724 ταῦτα
2401 669 2620 723 ἐποίουν
2663 669 2724 721 06
2759 665 3029 721 θάλατταν
3065 664 3379 737 ρηγνύντες,
3415 664 3551 719 ἀλλὰ
3589 665 3751 737 βυθὸν

2073 757 2327 822 ἀσεϐείας
2375 757 2464 811 διὰ
2513 759 2611 827 τῆς
2643 755 2838 827 ῥάϐδου
2869 755 2966 826 τῆς
3007 754 3240 815 Ἰεσσαὶ,
3293 752 3474 823 πολλῷ
3501 753 3751 825 χαλεπώ-

2071 863 2207 917 τερα
2237 846 2456 916 κύματα
2485 844 2698 916 ἔχοντα.
2732 845 2873 915 Ὅρα
2901 841 3030 912 γοῦν
3061 843 3202 895 πόσα
3252 841 3438 910 ἐφόϐει
3487 842 3616 904 τοὺς
3659 841 3749 894 ἀν-

2074 933 2325 1006 θρώπους
2353 951 2368 965 ο
2401 933 2647 996 θάνατος,
2677 931 2858 989 πενία,
2887 930 3090 994 ἀδοξία,
3121 930 3189 982 :6
3225 928 3393 998 μυρία
3423 927 3570 998 πάθη
3595 943 3609 957 ⁶
3656 928 3750 981 καὶ

2075 1022 2279 1093 μᾶλλον
2325 1020 2497 1074 ταῦτα
2543 1020 2794 1091 ἔτρεμον,
2842 1019 2875 1089 ἢ
2923 1018 2985 1070 :6
3033 1017 3270 1085 πέλαγος
3302 1017 3422 1069 τότε
3469 1019 3644 1069 ἐκεῖνο
3697 1017 3746 1068 οἱ

2086 1112 2344 1165 Ἰουδαῖοι.
2403 1109 2542 1162 Ἀλλ’
2570 1110 2720 1179 ὅμως
2763 1107 3016 1160 ἁπάντων
3055 1107 3258 1160 τούτων
3304 1107 3521 1158 ἔπεισεν
3551 1104 3746 1166 αὐτοὺς

2073 1197 2482 1267 κατατολμῆσαι
2508 1237 2525 1262 ,
2589 1198 2679 1251 καὶ
2723 1195 2912 1265 ὥσπερ
2955 1194 3046 1248 διά
3091 1194 3262 1265 ξηρᾶς
3309 1192 3562 1262 διαϐῆναι
3611 1192 3750 1261 μετά

2072 1287 2373 1356 ἀσφαλείας
2404 1288 2640 1356 ἀπάσης.
2690 1285 2836 1356 Πρὸς
2875 1284 3050 1338 ταῦτα
3092 1284 3270 1336 τοίνυν
3299 1282 3518 1336 ἅπαντα
3545 1279 3747 1342 αὐτοὺς

2071 1376 2332 1444 ἀλείφων,
2377 1375 2595 1446 παρῆγε
2613 1375 2658 1407 ⁸ο
2694 1376 2817 1437 τοὺς
2853 1375 2911 1427 ἐν
2950 1375 3017 1444 τῇ
3051 1372 3264 1443 Παλαιᾷ
3290 1369 3629 1442 λάμψαντας.
3680 1369 3745 1421 Τί

2069 1459 2163 1516 οὖν
2188 1465 2217 1517 6
2246 1462 2449 1533 Πέτρος
2473 1464 2502 1516 6
2532 1461 2768 1534 θερμός;
2805 1463 3007 1516 Καλόν
3030 1460 3203 1514 ἐστιν
3227 1457 3386 1528 ἡμᾶς
3413 1452 3530 1510 ὦδε
3568 1451 3743 1509 εἶναι.

2083 1551 2300 1622 Ἐπειδὴ
2327 1551 2434 1620 769
2465 1551 2720 1621 ἤκουσεν,
2765 1549 2847 1603 ὅτι
2876 1549 2956 1602 δεῖ
2986 1547 3149 1602 αὑτὸν
3177 1548 3257 1611 είς
3289 1546 3360 1601 :6
3395 1543 3745 1617 Ἱεροσόλυμα

2069 1638 2321 1694 ἀπελθεῖν
2366 1638 2461 1692 1:61
2505 1638 2716 1703 παθεῖν,
2764 1635 3018 1700 δεδοικὼς
3069 1635 3150 1689 ἐτι
3201 1634 3295 1688 1:61
3344 1633 3562 1705 τρέμων
3603 1631 3744 1701 ὑπὲρ

2071 1725 2236 1780 αὐτοῦ
2281 1725 2374 1779 1:61
2419 1725 2558 1795 μετά
2603 1724 2702 1796 τὴν
2734 1724 3082 1795 ἐπιτίμησιν,
3139 1722 3453 1792 προσελθεῖν
3502 1721 3599 1792 μὲν
3651 1720 3745 1772 καὶ

2070 1815 2244 1868 εἰπεῖν
2286 1814 2348 1868 τὸ
2395 1814 2526 1868 66:6
2556 1813 2716 1867 τοῦτο
2745 1813 2905 1867 πάλιν
2952 1813 3012 1866 οὐ
3042 1811 3237 1883 τολμᾷ,
3277 1811 3359 1864 ὅτι
3391 1808 3591 1873 Ἵλεώς
3621 1824 3739 1861 σοι.

2070 1901 2178 1954 61:6
2216 1901 2274 1955 δέ
2317 1901 2412 1955 τοῦ
2443 1901 2607 1968 φόϐου
2641 1900 2849 1954 ἐκείνου
2875 1898 2945 1954 τὰ
2973 1898 3112 1952 66:6
3156 1897 3318 1952 πάλιν
3347 1897 3640 1951 αἰνίττεται
3677 1894 3742 1947 δι’

2071 1991 2274 2064 ἐτέρων
2321 1991 2604 2062 ῥημάτων.
2648 1988 2864 2060 Ἐπειδὴ
2912 1987 3019 2060 γὰρ
3051 1983 3190 2041 εἶδεν
3229 1985 3354 2056 ὅρος
3399 1983 3494 2037 1:61
3541 1981 3743 2051 πολλὴν

2070 2078 2168 2149 τὴν
2202 2077 2544 2148 ἀναχώρησιν
2594 2076 2688 2130 καὶ
2733 2076 2832 2146 τὴν
2881 2074 3135 2147 ἐρημίαν,
3183 2071 3464 2141 ἐνενόησεν
3506 2069 3589 2122 ὅτι
3629 2066 3743 2137 ἔχει

2071 2165 2272 2237 πολλὴν
2299 2165 2597 2234 ἀσφάλειαν
2628 2165 2727 2234 τὴν
2755 2161 2862 2217 61:6
2892 2161 2988 2215 :06
3011 2160 3180 2213 τόπου
3204 2176 3218 2189 ·
3272 2158 3332 2210 ού
3370 2157 3528 2227 μόνον
3554 2155 3611 2208 δέ
3644 2153 3743 2224 τὴν

2070 2252 2179 2306 61:6
2203 2251 2296 2306 :06
2323 2251 2510 2316 τόπου,
2541 2251 2677 2304 ἀλλὰ
2704 2249 2797 2302 καὶ
2825 2249 2918 2302 τοῦ
2952 2247 3148 2318 μηκέτι
3182 2244 3435 2298 ἀπελθεῖν
3475 2243 3636 2296 αὐτὸν
3664 2243 3743 2304 εἰς

2069 2339 2140 2394 τά
2179 2339 2560 2410 Ἱεροσόλυμα·
2612 2337 2858 2408 βούλεται
2890 2335 2998 2407 769
3047 2334 3207 2389 αὑτὸν
3242 2334 3358 2386 ἐκεῖ
3399 2329 3538 2383 εἶναι
3565 2331 3742 2400 διηνε-

2071 2428 2182 2493 κῶς
2205 2445 2224 2462 ο
2267 2428 2346 2481 6:6
2375 2428 2469 2481 1:61
2504 2425 2715 2496 σκηνῶν
2759 2424 3050 2496 μέμνηται.
3094 2423 3157 2475 Εί
3183 2422 3293 2492 γὰρ
3322 2419 3478 2472 τοῦτο
3507 2419 3740 2486 γένοιτο,

2072 2517 2256 2586 φησὶν,
2287 2518 2389 2569 οὐκ
2419 2514 2802 2586 ἀναϐησόμεθα
2837 2513 2916 2576 είς
2948 2512 3015 2566 :6
3056 2510 3406 2583 Ἰεροσόλυμα
3433 2524 3446 2538 ο
3497 2509 3544 2560 εἰ
3574 2507 3631 2560 δὲ
3666 2507 3740 2575 μὴ

2070 2602 2408 2674 άναϐαίημεν
2432 2643 2448 2666 ,
2501 2602 2667 2655 061:u
2713 2600 3065 2655 ἀποθανεῖται
3092 2615 3106 2629 ο
3152 2599 3270 2650 ἐκεῖ
3311 2596 3422 2666 769
3471 2595 3576 2665 ἐφη
3615 2595 3743 2655 τοὺς

2070 2692 2418 2764 γραμματεῖς
2471 2689 2827 2762 ἐπιθήσεσθαι
2871 2685 3040 2758 αὐτῷ.
3105 2684 3244 2739 Ἀλλ’
3299 2682 3440 2736 οὕτω
3499 2681 3597 2752 μὲν
3641 2681 3742 2733 οῦκ

2071 2780 2364 2851 ἐτόλμησεν
2401 2781 2574 2832 εἰπεῖν
2596 2795 2611 2810 ·
2655 2777 2828 2831 ταῦτα
2869 2777 2926 2829 δέ
2961 2775 3279 2846 βουλόμενος
3310 2771 3740 2834 κατασκευάσαι,

2071 2870 2254 2938 ἔλεγεν
2284 2871 2340 2922 ἐν
2365 2866 2633 2938 ἀσφαλείᾳ
2657 2881 2670 2896 ·
2700 2865 2906 2920 Καλόν
2930 2866 3100 2919 ἐστιν
3125 2863 3382 2918 ἐνταῦθα
3410 2861 3584 2922 εἶναι,
3615 2858 3743 2911 ἔνθα

2072 2958 2166 3010 1:61
2216 2957 2454 3024 Μωῦσῆς
2512 2955 2744 3025 πάρεστι
2797 2953 2894 3007 καὶ
2935 2951 3140 3015 Ἠλίας.
3203 2950 3391 3014 Ἠλίας
3441 2951 3470 3003 6
3511 2948 3604 3001 ἐπὶ
3646 2944 3738 2999 :06

2071 3045 2230 3118 ὅρους
2258 3045 2370 3115 πῦρ
2400 3041 2762 3110 κατενεγκὼν,
2807 3042 2900 3095 1:61
2945 3039 3186 3110 Μωῦσῆς
3227 3040 3256 3092 6
3287 3039 3368 3101 εἰς
3392 3037 3484 3090 τὸν
3521 3034 3738 3104 γνόφον,

2073 3129 2347 3196 εἰσελθὼν,
2376 3132 2468 3186 καὶ
2498 3128 2575 3200 τῷ
2605 3127 2723 3200 Θεῷ
2753 3127 3052 3200 διαλεχθείς
3072 3143 3086 3157 ·
3130 3126 3226 3180 1:61
3249 3125 3423 3187 οὐδεὶς
3449 3123 3570 3177 οὐδὲ
3601 3123 3740 3176 εἰσε-

2071 3237 2162 3274 ται
2189 3219 2317 3274 ἔνθα
2342 3218 2530 3290 ἐσμέν.

2143 3315 2212 3378 γ’.
2245 3305 2397 3371 Εἶδες
2411 3307 2502 3360 τὸν
2531 3305 2731 3378 θερμὸν
2750 3303 2983 3376 ἐραστὴν
3011 3301 3106 3356 τοῦ
3135 3298 3370 3372 Χριστοῦ
3397 3315 3413 3366 ;
3441 3299 3535 3369 Μὴ
3553 3298 3660 3370 769
3675 3296 3741 3367 δὴ

2071 3397 2228 3452 τοῦτο
2254 3395 2426 3468 ζήτει.
2452 3395 2535 3448 δτι
2555 3394 2658 3448 ούκ
2681 3389 2750 3463 ἦν
2774 3391 3139 3463 ἐξητασμένος
3167 3392 3194 3443 ὁ
3218 3387 3416 3458 τρόπος
3444 3386 3545 3456 τῆς
3569 3403 3742 3457 παρα-

2073 3485 2338 3555 κλήσεως,
2371 3479 2507 3536 ἀλλά
2533 3481 2650 3545 πῶς
2669 3482 2714 3513 “
2763 3480 2963 3551 θερμὸς
2990 3474 3079 3549 ὴν,
3126 3476 3240 3539 πῶς
3273 3473 3614 3546 περιεκαίετο
3646 3471 3740 3524 τοῦ

2073 3572 2332 3644 Χριστοῦ.
2380 3571 2502 3626 ’Ότι
2551 3569 2661 3640 769
2691 3569 2790 3640 οὐχ
2821 3568 2961 3638 ὑπὲρ
3014 3565 3206 3619 ἐαυτοῦ
3237 3563 3489 3617 τοσοῦτον
3521 3561 3741 3632 τρέμων

2070 3661 2246 3716 ταῦτα
2273 3659 2476 3728 ἔλεγεν,
2507 3658 2668 3730 ήνίκα
2694 3655 2859 3710 αὑτοῦ
2886 3656 2976 3708 τὸν
3007 3654 3264 3725 ἐσόμενον
3293 3651 3608 3722 προεμήνυε
3643 3649 3741 3701 θά-

2073 3767 2228 3804 νατον
2253 3749 2347 3803 καὶ
2370 3747 2467 3820 τὴν
2494 3747 2700 3816 ἔφοδον,
2722 3746 2952 3800 ἄκουσον
2972 3743 3022 3796 τί
3043 3747 3175 3810 φησι
3196 3757 3212 3774 ⁸
3247 3739 3370 3808 Τὴν
3389 3737 3602 3808 ψυχήν
3621 3756 3742 3806 μου

2071 3839 2226 3906 ὑπὲρ
2248 3837 2364 3892 σοῦ
2385 3836 2581 3904 θήσω’
2612 3833 2738 3888 Κᾶν
2770 3832 2876 3900 δέῃ
2904 3849 2982 3902 με
3011 3830 3134 3884 σὺν
3157 3829 3258 3883 σοι
3294 3826 3640 3889 ἀποθανεῖν,
3667 3827 3741 3879 οὐ

2066 3926 2150 3996 μή
2179 3942 2252 3980 σε
2281 3923 2720 3992 ἀπαρνήσομαι.
2746 3922 2888 3992 Ὅρα
2912 3919 2968 3972 δὲ
2990 3918 3108 3982 πῶς
3140 3917 3234 3970 καὶ
3261 3917 3318 3969 ἐν
3374 3915 3560 3986 μέσοις
3588 3910 3740 3985 [569]

2072 4017 2252 4078 αὐτοῖς
2281 4016 2393 4077 τοῖς
2419 4011 2682 4075 κινδύνοις
2717 4007 3169 4082 παρεϐουλεύετο.
3193 4003 3460 4058 Τοσούτου
3489 4001 3620 4071 γοῦν
3645 4017 3742 4054 πε-

2073 4101 2360 4177 ριεστῶτος
2394 4101 2592 4171 δήμου,
2643 4099 2703 4152 ού
2747 4099 2905 4169 μόνον
2935 4097 3036 4150 οὐκ
3079 4095 3298 4166 ἔφυγεν,
3333 4091 3470 4147 ἀλλά
3508 4090 3604 4144 καὶ
3641 4089 3742 4177 τὴν

2075 4176 2348 4262 μάχαιραν
2379 4187 2748 4256 σπασάμενος,
2777 4185 2838 4238 :6
2859 4184 3020 4239 ὠτίον
3042 4182 3284 4252 ἀπέκοψε
3310 4179 3405 4234 τοῦ
3435 4178 3618 4232 δούλου
3647 4176 3740 4229 τοῦ

2069 4277 2390 4349 ἀρχιερέως.
2414 4273 2601 4338 Οὕτως
2628 4274 2690 4327 06
2723 4272 2784 4326 :6
2811 4272 2931 4326 καθ’
2953 4270 3144 4326 ἑαυτὸν
3179 4270 3421 4333 ἐσκόπει,
3453 4267 3567 4320 ἀλλ’
3601 4265 3742 4334 ὑπὲρ

2067 4366 2164 4418 τοῦ
2223 4362 2554 4417 Διδασκάλου
2612 4361 2864 4434 ἐτρεμεν.
2925 4355 3060 4413 Εἶτα
3110 4359 3298 4428 ἐπειδὴ
3353 4352 3742 4424 ἀποφαντικῶς

2069 4451 2385 4524 ἐφθέγξατο,
2405 4449 2832 4520 ἐπιλαμϐάνεται
2851 4445 3070 4510 ἐαυτοῦ,
3091 4447 3182 4500 1:61
3203 4437 3460 4516 ἐννοήσας
3481 4443 3554 4514 μὴ
3583 4442 3742 4496 πάλιν

2069 4541 2398 4612 ἐπιτιμηθῇ,
2450 4538 2652 4610 φησίν·
2699 4539 2771 4591 El
2795 4535 3010 4602 θέλεις,
3053 4533 3397 4602 ποιήσωμεν
3436 4527 3552 4586 ὦδε
3585 4529 3742 4599 τρεῖς

2070 4631 2326 4698 σκηνὰς,
2359 4627 2458 4683 σοί
2479 4628 2648 4698 μίαν,
2682 4625 2782 4681 καί
2807 4623 3033 4694 Μωῦσῇ
3053 4625 3218 4694 μίαν,
3250 4622 3349 4677 καὶ
3393 4621 3554 4687 Ἠλίᾳ
3570 4620 3740 4689 μίαν.

2073 4719 2138 4773 Τί
2183 4718 2380 4787 λέγεις,
2431 4710 2477 4770 ὦ
2502 4715 2711 4786 Πέτρε;
2749 4715 2823 4768 Οὐ
2858 4713 2964 4784 πρὸ
2994 4711 3190 4784 μικροῦ
3220 4709 3329 4764 τῶν
3357 4709 3556 4763 δούλων
3581 4706 3742 4760 αὑτὸν

2073 4805 2426 4878 ἀπήλλαξας;
2455 4804 2625 4858 Πάλιν
2647 4803 2694 4834 ⁸³
2730 4800 2868 4872 μετά
2891 4799 2998 4853 τῶν
3029 4799 3229 4852 δούλων
3255 4798 3415 4851 αὐτὸν
3449 4793 3700 4866 ἀριθμεῖς
3724 4810 3739 4857 ς

2075 4894 2228 4962 Εἶδες
2273 4895 2391 4959 πῶς
2438 4893 2642 4965 σφόδρα
2669 4891 2878 4953 ἀτελεῖς
2905 4886 3045 4962 ἦσαν
3077 4889 3186 4960 πρὸ
3210 4886 3305 4941 τοῦ
3354 4883 3587 4955 σταυροῦ
3616 4900 3632 4949 ;
3678 4884 3741 4936 Εἰ

2074 4985 2184 5057 769
2213 4982 2308 5037 1:61
2351 4978 2696 5050 ἀπεκάλυψεν
2726 4978 2874 5046 αύτῷ
2900 4978 2929 5030 6
2956 4977 3166 5048 Πατὴρ,
3220 4974 3337 5029 ἀλλ’
3375 4974 3435 5026 ού
3477 4971 3741 5043 διηνεκῶς

2077 5075 2293 5142 κατεῖχε
2319 5071 2417 5141 τὴν
2460 5067 2822 5138 ἀποκάλυψιν,
2868 5067 2982 5120 ἀλλ’
3018 5066 3121 5119 61:6
3145 5065 3244 5134 τῆς
3271 5061 3506 5131 ἀγωνίας
3541 5061 3742 5130 6:696-

2077 5161 2202 5232 χθη,
2235 5158 2355 5230 οὐχὶ
2399 5157 2602 5226 ταύτης
2645 5150 2712 5228 ἧς
2754 5151 2906 5208 εἷπον
2950 5153 3155 5224 μόνης,
3200 5150 3338 5204 ἀλλά
3388 5150 3482 5203 1:61
3519 5146 3734 5218 ἐτέρας.

2073 5247 2172 5317 τῆς
2226 5247 2334 5300 61:6
2383 5245 2483 5315 τῆς
2533 5243 2708 5314 ὅψεως
2761 5242 2998 5313 ἐκείνης.
3057 5241 3121 5294 Οἱ
3169 5238 3299 5308 γοῦν
3347 5238 3526 5308 ἕτεροι
3575 5237 3739 5303 εὐαγ-

2074 5335 2320 5404 γελισταὶ
2362 5333 2521 5387 τοῦτο
2551 5331 2638 5403 δη)
2650 5331 2834 5394 οῦντες
2852 5369 2866 5394 ,
2913 5329 3008 5382 1:61
3047 5327 3105 5382 :6
3136 5325 3544 5397 συγκεχυμένον
3575 5322 3739 5376 αὑτοῦ

2074 5424 2176 5494 τῆς
2199 5422 2424 5493 γνώμης
2449 5461 2464 5485 ,
2517 5419 2646 5492 μεθ’
2673 5414 2741 5490 ἧς
2770 5417 2941 5472 ταῦτα
2968 5416 3285 5485 ἐφθέγγετο,
3325 5413 3432 5469 ἀπὸ
3459 5414 3558 5484 τῆς
3591 5413 3738 5481 ἀγω-

2073 5513 2194 5576 νίας
2214 5509 2428 5580 ἐκείνης
2452 5507 2754 5571 δεικνύντες
2777 5505 3121 5577 γεγενῆσθαι,
3149 5504 3333 5573 ἐλεγον
3351 5518 3366 5532 ο
3401 5506 3431 5557 6
3457 5501 3554 5572 μέν
3582 5502 3737 5573 Μάρ·

379 5613 428 5646 ³⁸
453 5611 738 5685 πέμπτην]
771 5613 1036 5685 τετάρτην
1081 5613 1207 5669 Sav.
1231 5614 1286 5668 in
1324 5613 1816 5685 mar._SicAlegisse
1848 5618 1968 5674 vide

2073 5635 2099 5673 r
2123 5615 2219 5673 Ge.
2269 5614 2368 5685 Ep.
2399 5613 2584 5669 invitis
2612 5613 2770 5685 codd:
2847 5614 2892 5646 "
2921 5609 3104 5685 δόξαν]
3133 5608 3464 5685 ἐξοδον-δξιν.
3492 5609 3546 5685 in
3583 5623 3734 5685 ,ιη-ξπ.

311 5685 406 5738 secl
442 5683 600 5748 δόξαν
621 5683 1062 5752 κτεροιὶινθιὸεῑετ,
1094 5685 1232 5738 infra

1268 5701 1322 5754 ρ.
1347 5684 1451 5738 584
1479 5683 1540 5738 D.
1567 5678 1842 5742 Vidéndus
1871 5705 1970 5744 om]

2073 5706 2098 5744 ο
2121 5678 2404 5742 ΜαιιΙιιὲιισ
2433 5685 2519 5754 ad,
2543 5686 2720 5739 lucum
2744 5682 2952 5754 Luqu
2995 5678 3047 5714 ³⁸
3066 5678 3248 5754 αὐτόν
3280 5680 3344 5754 ιι.
3373 5680 3436 5734 L.
3463 5679 3604 5754 αὐτά
3634 5678 3732 5754 Ep.

312 5754 371 5831 ³⁸·
397 5751 767 5831 ἧλειφενλδίς
798 5751 950 5831 Hae:
983 5751 1301 5831 :_|_v|_uri:ni___1
1337 5755 1478 5831 ξριιᾲ
1526 5755 1748 5831 Μοη-ιεί.
1783 5759 1946 5831 vulgo

2077 5757 2353 5831 ngsv.___"_
2393 5753 2535 5831 γάρ]
2569 5755 2692 5831 add.
2719 5753 2812 5831 καί
2843 5753 2980 5831 ξάᾴε
3011 5753 3273 5831 769_0n_1.
3305 5751 3368 5804 ΙΙ.
3400 5766 3452 5821 p.
3481 5751 3734 5831 [12696.7

313 5819 431 5896 γάρ
452 5819 589 5894 1:96;
618 5819 683 5878 (ἓ.
720 5821 786 5877 Κ.
865 5825 908 5855 ³³
935 5819 1135 5895 πολλῆς
1163 5823 1226 5879 G.
1253 5825 1316 5880 K.
1345 5819 1404 5878 Ε.
1431 5824 1499 5878 Μ.
1529 5843 1604 5878 πα
1643 5829 1657 5847 ’
1683 5819 1961 5900 ἑκατέροις

314 5895 440 5946 add.
471 5892 564 5946 καί
593 5891 663 5948 Μ.
776 5894 822 5926 ³⁸
853 5895 1010 5950 ἀφείς
1053 5894 1116 5949 Κ.
1157 5894 1226 5949 Μ.
1263 5894 1346 5948 Cf.
1377 5911 1428 5950 ι).
1453 5895 1556 5949 404
1695 5898 1823 5950 Mox
1855 5899 1970 5950 μετέ

2098 5819 2187 5860 ’³⁵
2236 5819 2421 5889 Ἠλίας
2440 5819 2535 5878 ’τί
2563 5825 2671 5895 γὰρ
2708 5820 2817 5893 εἶχε
2843 5822 2907 5878 G.
2934 5822 3003 5882 Η.
3034 5819 3200 5876 ἱιίνίιο
3231 5819 3425 5890 Ιηῑετρῖ
3483 5819 3546 5851 “³⁵
3570 5819 3728 5891 ἀλλὰ]

2073 5902 2248 5950 ςούτων
2274 5897 2331 5950 δέ
2359 5896 2423 5950 G.
2537 5895 2580 5926 ³⁷
2618 5893 2806 5947 τούτου
2862 5893 2931 5946 Μ.
2965 5910 3020 5950 ι).
3064 5909 3117 5950 D.
3154 5891 3520 5950 ύπεοϐαίνωσι
3553 5889 3617 5944 G.
3661 5887 3725 5941 Κ.

314 5887 440 5946 ὁιιίί.
471 5887 564 5946 κάί
593 5891 663 5948 Μ.

776 5894 822 5964 ιι
853 5895 1010 5963 ἀφείς
1053 5894 1116 5949 κν.
1157 5894 1226 5949 Μ.
1263 5894 1346 5948 cr.
1377 5911 1428 5964 ρ.
1453 5895 1556 5949 ιω

314 5963 362 5994 ³³
394 5963 571 6016 ἐδέετο
604 5963 674 6016 Μ.

1649 5936 1663 5950 .
1695 5898 1823 5968 Mm:
1851 5896 1990 5968 μετά
2046 5902 2248 5952 τούτων
2274 5897 2331 5950 δέ
2359 5896 2423 5953 G.

479 5980 571 6044 ετο
604 5963 674 6044 Μ.
739 5963 818 6044 Π³⁹
857 5964 1255 6044 πυκτεύσαντες
1281 5965 1342 6044 _l..
1373 5963 1734 6044 πυκτεύοντες
1764 5963 2132 6044 Μέτυράννῳ]
2183 5965 2499 6044 δημιουργῷ
2551 5965 2621 6018 Μ.

316 5985 362 5994 ’⁵
394 5985 571 6016 εοεετο
604 5985 674 6016 111.
773 5985 817 5996 "
857 5985 1253 6028 πυκτευσαντες
1281 5985 1342 6020 Ιι.
1373 5985 1734 6030 πυκτεύοντες
1764 5985 1835 6020 Μ.
1864 5987 1925 6022 τυ
1969 6009 1970 6015 η

316 6033 518 6099 delevi,
547 6034 861 6091 auctoribus
905 6035 966 6090 L.
995 6035 1064 6090 Μ.
1094 6035 1138 6067 ⁸¹
1173 6036 1306 6090 ἀλλὰ
1348 6035 1483 6108 πῶς]
1513 6036 1625 6090 ἀλλ’
1656 6038 1801 6102 ὅπως
1831 6038 1893 6094 G.
1922 5987 1962 6094 ﬁ

2161 5985 2413 6093 εῖηιίουε

2537 5888 2585 5926 ’ί
2618 5888 2806 5947 τούτου
2862 5893 2931 5946 Μ.
2965 5910 3020 5963 p.
3064 5888 3520 5963 νηύπερϐαίνωσι
3553 5889 3617 5944 G.

2721 5965 2768 5995 ‘°
2805 5960 3091 6035 παρήγαγε
3127 5961 3192 6018 ll.
3269 5965 3312 5995 ’ί
3354 5962 3420 6014 ἄν
3467 5970 3588 6032 post
3629 5960 3728 6012 οὐκ

2417 6039 2436 6068 ³
2471 6034 2570 6090 καὶ
2611 6035 2771 6088 πάλιν
2795 6034 2859 6088 (ἶ.
