4140 6376
376 304 480 357 555

371 440 486 485 κος,
521 422 603 473 ὅτι
633 422 715 473 Οὐ
742 421 913 490 γὰρ¹⁵¹⁸
938 424 1069 491 ᾔδει
1097 425 1155 476 τί
1178 423 1436 489 λαλήσει
1459 442 1471 453 ·
1496 424 1740 493 ἔκφοϐοι
1782 427 1890 495 γὰρ
1918 427 2046 497 ἐγέ-

368 518 585 555 νοντοο
622 504 650 555 6
696 502 755 556 δὲ
801 504 1017 566 Λουκᾶς
1060 504 1199 573 μετά
1236 504 1297 556 16
1352 507 1547 568 εἰπεῖν,
1600 506 1760 572 Τρεῖς
1808 506 2045 573 σκηνὰς

372 582 736 652 ποιήσωμεν,
777 585 1077 655 ἐπήγαγεν,
1125 585 1210 636 ὅτι
1254 584 1349 651 Μὴ
1398 584 1569 651 εἰδὼς
1613 586 1645 638 ὃ
1689 586 1871 655 λέγει.
1913 584 2047 641 Εἶτα

371 662 548 732 δηλῶν
574 664 656 715 ὅτι
682 662 861 733 πολλῷ
906 662 1191 733 κατείχετο
1220 662 1390 733 φόϐῳ,
1426 664 1518 717 καὶ
1554 664 1715 727 αὐτὸς
1738 666 1830 718 καὶ
1857 667 1906 718 οί
1939 667 2047 719 λοι·

373 744 489 805 ποῖ,
522 742 684 812 φησί·
726 740 1123 810 Βεϐαρημένσι
1164 737 1327 809 ἦσαν
1376 743 1579 808 ὕπνῳ’
1606 745 1702 796 καὶ
1737 744 2048 813 διαγρηγο-

366 820 675 888 ρήσαντες
720 816 883 873 εἶδον
927 820 1042 886 τὴν
1092 819 1282 882 δόξαν
1325 821 1543 875 αὑτοῦ·
1592 820 1761 875 ὕπνον
1816 822 2048 875 ἐνταῦθα

372 900 555 953 καλῶν
580 901 672 952 τὸν
712 900 877 954 πολὺν
908 904 1079 971 κάρον
1103 901 1193 954 16v
1218 899 1325 953 ἀπὸ
1357 900 1458 971 τῆς
1487 902 1665 971 ὄψεως
1705 903 1920 972 ἐκείνης
1948 902 2047 956 αύ-

371 983 486 1043 τοῖς
535 982 905 1051 ἐγγινόμενον.
967 981 1236 1051 Καθάπερ
1283 981 1394 1054 γάρ
1442 982 1716 1052 ὀφθαλμοὶ
1758 981 1819 1046 ἐξ
1878 983 2051 1053 ὑπερ-

375 1059 674 1131 ϐαλλούσης
704 1061 1051 1131 λαμπηδόνος
1096 1060 1436 1127 σκοτοῦνται,
1467 1061 1609 1114 οὕτω
1633 1061 1728 1114 καὶ
1756 1062 1879 1114 τότε
1913 1060 2050 1114 ἐπα-

375 1138 486 1193 θον.
522 1140 594 1193 Οὐ
625 1139 729 1213 γάρ
755 1142 817 1212 δὴ
860 1139 956 1205 νὺξ
996 1137 1086 1212 ἦν,
1120 1140 1236 1194 ἀλλ’
1271 1140 1488 1213 ἡμέρα·
1524 1140 1619 1195 καὶ
1650 1140 1711 1194 16
1749 1142 1846 1213 τῆς
1876 1141 2051 1211 αὐγῆς

373 1218 682 1288 ὑπέρογκον
717 1221 904 1292 ἐϐάρει
930 1220 1040 1273 τῶν
1066 1219 1361 1290 ὀφθαλμῶν
1393 1220 1493 1291 τὴν
1524 1219 1907 1273 ἀσθένειαν.Τί
1932 1216 2048 1286 οῦν;

372 1299 546 1362 Αὐτὸς
578 1300 675 1370 μὲν
707 1300 858 1353 οὐδὲν
893 1300 1212 1370 φθέγγεται,
1245 1299 1365 1352 οὐδὲ
1398 1299 1661 1369 Μωῦσῆς,
1689 1298 1812 1351 οὐδέ
1841 1299 2047 1363 Ἦλίας·

374 1379 402 1429 6
437 1378 494 1431 δὲ
524 1380 740 1433 πάντων
769 1382 975 1450 μείζων
1009 1380 1103 1433 καὶ
1133 1379 1597 1449 ἀξιοπιστότερος,
1629 1380 1657 1431 6
1693 1377 1903 1448 Πατὴρ,
1934 1395 2051 1447 φω-

374 1457 472 1526 νὴν
518 1459 743 1529 ἀφίησιν
787 1463 850 1514 ἐκ
898 1460 998 1531 τῆς
1030 1459 1279 1530 νεφέλης.
1316 1456 1415 1511 Διά
1454 1457 1507 1511 τί
1552 1459 1618 1510 ἐκ
1648 1459 1750 1529 τῆς
1786 1457 2049 1529 νεφέληςς

375 1534 563 1601 Οὕτως
600 1538 687 1591 ἀεὶ
717 1540 966 1606 φαίνεται
1007 1542 1036 1591 6
1074 1539 1231 1601 Θεός.
1278 1538 1519 1606 Νεφέλη
1550 1536 1658 1608 γὰρ
1694 1537 1793 1591 καί
1827 1537 2051 1607 γνόφος

374 1616 577 1680 κύκλῳ
598 1619 783 1671 αὐτοῦ
804 1636 819 1650 ο
863 1620 1039 1685 καὶδδ,
1072 1618 1335 1687 Κάθηται
1367 1618 1466 1671 ἐπὶ
1490 1617 1757 1687 νεφέλης
1782 1618 2016 1686 κούφης
2035 1634 2050 1650 ο

376 1693 471 1747 καὶ
512 1696 694 1756 πάλιν,
738 1698 800 1749 Ὀ
853 1699 1034 1765 τιθεὶς
1075 1697 1226 1767 νέφη
1265 1698 1310 1730 ⁸⁸
1353 1697 1468 1765 τὴν
1508 1697 1790 1751 ἐπίϐασιν
1830 1697 2050 1751 αὐτοῦ’

375 1773 508 1832 καὶ.
560 1775 797 1844 Νεφέλη
829 1776 1133 1831 ὑπέλαϐεν
1168 1776 1358 1831 αὐτόν
1396 1777 1517 1830 ἀπὸ
1555 1774 1676 1829 τῶν
1728 1774 2054 1844 ὀφθαλμῶν

375 1851 606 1906 αὐτῶν*
642 1856 755 1918 καὶ,
801 1856 896 1922 Ὡς
940 1856 1071 1922 Υἱός
1103 1855 1422 1925 ἀνθρώπου
1454 1855 1780 1924 ἐρχόμενος
1805 1854 1903 1907 ἐπὶ
1933 1853 2055 1907 τῶν

374 1932 666 2001 νεφελῶν.
696 1935 791 1987 "Iv'
837 1930 930 1989 οῦν
970 1935 1368 1998 πιστεύσωσιν,
1412 1936 1496 1989 ὅτι
1536 1933 1689 2004 παρά
1728 1933 1823 1987 τοῦ
1856 1932 2050 2005 Θεοῦή

377 2013 527 2084 φωνὴ
576 2015 820 2084 φέρεται,
868 2016 1133 2070 ἐκεῖθεν⁸⁷
1181 2016 1424 2088 ἔρχεται.
1468 2016 1578 2069 Καὶ
1624 2019 1657 2083 ὴ
1699 2013 1897 2085 νεφέλη
1944 2031 2055 2083 φω-

374 2094 524 2163 τεινή
544 2093 608 2146 ⁸⁸.
637 2096 765 2148 Ἔτι
794 2096 902 2165 γὰρ
931 2096 1118 2149 αὐτοῦ
1147 2094 1508 2160 λαλοῦντος,
1540 2093 1669 2147 ίδοὺ
1690 2094 1917 2163 νεφέλη
1938 2109 2055 2162 φω-

374 2170 543 2238 τεινὴ
594 2172 962 2226 ἐπεσκίασεν
1002 2174 1243 2237 αὐτούς.
1280 2171 1390 2226 Καὶ
1440 2171 1570 2226 ίδοὺ
1613 2170 1781 2241 φωνὴ
1826 2172 1894 2225 ἐκ
1943 2167 2055 2239 τῆς

375 2251 636 2320 νεφέλης
664 2253 967 2320 λέγουσα·
1005 2248 1194 2318 Οὗτός
1228 2252 1404 2306 ἐστιν
1447 2255 1481 2307 ό
1522 2254 1656 2319 Υίός
1693 2269 1814 2322 μου
1843 2254 1875 2305 ό
1905 2250 2052 2321 ἀγα-

376 2331 588 2395 mm,
636 2332 706 2384 έν
741 2325 788 2398 ᾧ
819 2332 1161 2399 εὐδόκησα·
1211 2329 1398 2384 αὐτοῦ
1431 2331 1703 2385 ἀκούετε.
1746 2331 1914 2383 Ὅταν
1954 2329 2053 2400 μὲν

375 2409 482 2478 γάρ
512 2409 708 2481 ἀπειλῇ
736 2451 750 2473 ,
786 2411 1067 2483 σκοτεινὴν
1100 2409 1372 2464 δείκνυσιν
1389 2409 1456 2468 ⁸⁸,
1488 2407 1679 2480 ὥσπερ
1708 2410 1766 2461 ἐν
1789 2407 1866 2477 τῷ
1891 2408 2049 2461 Σινᾶ·

375 2488 645 2559 Είσῆλθε
691 2489 819 2560 γὰρ,
856 2491 1042 2559 φησὶν,
1094 2491 1181 2555 είς
1230 2489 1345 2557 τὴν
1384 2487 1647 2558 νεφέλην
1690 2488 1791 2542 καί
1826 2489 1915 2553 εἷς
1948 2487 2054 2541 τὸν

375 2570 605 2637 γνόφον
634 2573 668 2624 ό
692 2568 953 2634 Μωυσῆς
981 2607 995 2631 ,
1033 2567 1132 2621 καὶ
1156 2568 1235 2634 ὡς
1275 2567 1472 2637 ἀτμίς,
1514 2568 1704 2633 οὕτως
1732 2567 1976 2635 ἐφέρετο
2020 2570 2053 2620 ό

374 2651 636 2715 καπνός-ο
670 2651 762 2703 καὶ
790 2648 818 2699 6
851 2649 1145 2718 Προφήτης
1176 2646 1311 2716 φησὶ
1347 2647 1474 2717 περὶ
1502 2648 1601 2717 τῆς
1630 2645 1861 2713 ἀπειλῆς
1888 2644 2052 2698 αὑτοῦ

374 2727 753 2799 διαλεγόμενος
776 2745 789 2757 ·
837 2728 1156 2780 Σκοτεινόν
1195 2725 1352 2793 ὕδωρ
1396 2726 1466 2778 ἐν
1509 2726 1798 2794 νεφέλαις
1827 2724 2051 2791 ἀέρωνο

376 2806 611 2861 ἐνταῦθα
642 2809 718 2871 δὲ,
756 2806 943 2876 ἐπειδὴ
972 2807 1033 2859 οὐ
1062 2805 1296 2876 φοϐῆσαι
1331 2803 1603 2867 ἐϐούλετο,
1636 2802 1773 2855 ἀλλά
1822 2802 2048 2868 διδάξαι,

377 2888 573 2956 νεφέλη
599 2888 854 2957 φωτεινή.
889 2888 997 2940 Καὶ
1037 2883 1065 2939 6
1106 2885 1204 2955 μέν
1233 2883 1440 2955 Πέτρος
1476 2883 1627 2951 ἔλεγε
1650 2924 1665 2941 .
1700 2880 2053 2950 Ποιήσωμεν

375 2964 532 3031 τρεῖς
568 2964 838 3031 σκηνάς-ο
867 2963 1027 3025 αὐτὸς
1055 2962 1110 3016 δέ
1156 2961 1569 3032 ἀχειροποίητον
1606 2960 1775 3028 ἔδειξε
1818 2962 2043 3030 σκηνήν.

375 3043 474 3096 Διά
499 3044 659 3097 τοῦτο
683 3046 800 3096 ἐκεῖ
833 3043 932 3112 μὲν
961 3042 1165 3107 καπνὸς
1197 3042 1288 3095 καὶ
1313 3040 1478 3110 ἀτμὶς
1510 3041 1742 3110 καμίνου
1766 3058 1781 3073 ·
1815 3040 2048 3094 ἐνταῦθα

376 3122 431 3175 δὲ
459 3122 573 3192 φῶς
602 3124 806 3191 ἄφατον
836 3123 929 3175 καὶ
961 3123 1132 3192 φωνή.
1163 3117 1298 3174 Εἶτα
1346 3120 1433 3173 ἵνα
1474 3118 1684 3189 δειχθῇ,
1720 3120 1802 3173 ὅτι
1830 3122 1892 3174 οὐ
1923 3122 2051 3193 περὶ

377 3202 496 3266 ἐνὸς
540 3202 728 3265 ἁπλῶς
762 3202 871 3255 τῶν
908 3199 1077 3272 τριῶν
1118 3198 1352 3270 ἐλέχθη,
1399 3198 1537 3252 ἀλλά
1586 3197 1738 3270 [570]
1789 3200 1918 3271 περὶ
1952 3200 2048 3254 τοῦ

376 3279 615 3349 Χριστοῦ
653 3280 833 3349 μόνον,
886 3281 975 3333 ὅτε
1010 3281 1042 3349 ἡ
1074 3278 1225 3349 φωνὴ
1270 3277 1497 3349 ἠνέχθη,
1534 3276 1777 3331 ἐκποδὼν
1807 3278 2052 3346 ἐγένοντο

379 3362 596 3413 ἐκεῖνοι.
653 3359 786 3431 Οὐδέ
844 3360 955 3431 γὰρ
1005 3358 1072 3413 ἂν
1131 3360 1176 3412 εί
1230 3357 1358 3429 περί
1411 3374 1555 3420 τινος
1614 3358 1794 3410 αὐτῶν
1836 3358 2052 3425 ἐλέγετο

378 3438 584 3501 ἁπλῶς,
608 3429 762 3500 οὗτος
788 3429 999 3507 ἔμεινεν
1014 3438 1079 3492 ἂν
1102 3438 1280 3507 μόνος,
1302 3434 1738 3505 ἀποσχισθέντων
1750 3436 1796 3467 ⁵⁰
1810 3435 1917 3489 τῶν
1935 3436 2046 3491 δύο.

378 3516 444 3567 Τί
468 3512 560 3571 οῦν
580 3518 699 3587 οὐχὶ
715 3518 759 3549 ⁵⁸
788 3518 881 3569 καὶ
902 3518 935 3587 ἡ
957 3516 1155 3587 νεφέλη
1183 3518 1278 3570 τὸν
1300 3515 1536 3587 Χριστὸν
1565 3516 1725 3585 μόνον
1754 3515 2047 3583 ἀπέλαϐεν,

379 3595 514 3649 ἀλλά
539 3594 815 3662 ἆπανταςς
849 3597 912 3649 EE
946 3595 1036 3649 16v
1073 3596 1309 3667 Χριστὸν
1349 3594 1510 3665 μόνον
1553 3594 1846 3660 ἀπέλαϐεν,
1878 3597 2052 3665 ἐνομί-

382 3673 481 3744 σθη
522 3673 587 3728 ἀν
617 3674 777 3737 αὐτὸς
821 3676 1038 3742 ἀφεῖναι
1068 3673 1167 3745 τὴν
1206 3673 1411 3745 φωνήν.
1448 3672 1542 3726 Διὸ
1578 3674 1673 3726 καὶ
1708 3674 1739 3726 6
1766 3675 2049 3743 εὐαγγελιο

381 3752 511 3824 στὴς
558 3752 713 3806 τοῦτο
756 3752 886 3806 αὐτὸ
918 3752 1368 3823 ἀσφαλιζόμενος.
1402 3754 1587 3825 φησίν,
1619 3754 1703 3807 ὅτι
1735 3756 1798 3807 ἐκ
1833 3756 1931 3826 τῆς
1962 3774 2052 3808 νε-

382 3834 552 3903 φέλης
577 3828 646 3904 ἦν
677 3836 710 3901 ἡ
743 3832 917 3902 φωνὴ,
949 3832 1248 3893 τουτέστιν,
1280 3832 1345 3885 ἐκ
1365 3831 1458 3885 τοῦ
1486 3832 1643 3887 Θεοῦ.
1669 3833 1778 3887 Καὶ
1808 3833 1861 3886 τί
1888 3852 2051 3904 φησιν

382 3914 415 3983 ή
451 3914 600 3982 φωνή
622 3931 636 3976 ;
658 3909 846 3978 Οὗτός
889 3912 1058 3965 ἐστιν
1096 3914 1129 3965 ό
1178 3913 1311 3977 Υιός
1337 3928 1457 3980 μου
1485 3912 1519 3964 ό
1546 3911 1869 3981 ἀγαπητός.
1905 3914 1967 3966 Εἰ
1995 3914 2052 3967 δέ

381 3995 664 4063 ἀγαπητὸς
684 4033 698 4058 ,
730 3994 805 4064 μὴ
843 3992 1030 4062 φοϐοῦ.
1063 3991 1256 4063 Πέτρε.
1299 3992 1445 4045 Ἔδει
1474 3993 1573 4063 μὲν
1602 3993 1710 4062 γάρ
1743 4010 1802 4045 σε
1835 3994 1928 4047 καὶ
1953 3994 2051 4064 τὴν

380 4070 609 4143 δύναμιν
642 4072 808 4125 αὐτοῦ
840 4071 943 4143 ῆδη
973 4070 1203 4133 εἰδέναι,
1246 4070 1340 4124 καὶ
1372 4070 1897 4141 πεπληροφορῆσθαι
1923 4073 2052 4143 περὶ

382 4150 481 4221 τῆς
510 4151 890 4213 ἀναστάσεως·
923 4149 1110 4219 ἐπειδὴ
1144 4150 1201 4202 δὲ
1225 4149 1458 4217 ἀγνοεῖς,
1486 4150 1588 4203 κᾶν
1613 4150 1720 4203 ἀπὸ
1744 4151 1841 4220 τῆς
1864 4151 2053 4221 φωνῆς

382 4230 477 4282 τοῦ
518 4229 732 4299 Πατρὸς
765 4228 1059 4299 θάρρησον.
1096 4229 1158 4281 El
1208 4228 1316 4299 γὰρ
1347 4228 1569 4291 δυνατὸς
1601 4230 1629 4282 6
1658 4227 1824 4293 Θεὸς,
1862 4229 2051 4301 ὥσπερ

382 4306 476 4362 οὖν
508 4309 603 4362 καὶ
624 4307 867 4371 δυνατὸς,
896 4305 1114 4376 εὔδηλον
1135 4307 1215 4360 ὅτι
1242 4306 1336 4360 καὶ
1358 4308 1386 4360 6
1420 4307 1547 4369 Υἱὸς
1575 4306 1795 4377 ὁμοίως.
1827 4308 1918 4379 Μὴ
1942 4309 2052 4361 τοί-

383 4408 477 4443 νυν
510 4388 673 4442 δέδιθι
706 4388 773 4441 τὰ
811 4387 978 4449 δεινά.
1009 4388 1072 4440 Εἰ
1100 4388 1155 4440 δὲ
1188 4386 1398 4441 οὐδέπω
1439 4386 1596 4441 τοῦτο
1623 4388 1916 4459 καταδέχῃ,
1946 4388 2050 4442 κᾶν

384 4473 559 4523 ἐκεῖνο
589 4467 826 4535 λογίζου,
857 4468 939 4520 ὅτι
986 4468 1080 4521 καὶ
1108 4466 1268 4533 Υἱὸς,
1303 4467 1395 4520 καὶ
1437 4465 1687 4534 φιλεῖται.
1722 4464 1911 4534 Οὗτος
1940 4469 2049 4539 γάρ

381 4550 535 4609 ἐστι,
561 4549 745 4618 φησὶν,
776 4551 808 4602 ό
830 4549 955 4613 Υἱός
978 4564 1097 4616 μου
1124 4550 1156 4602 ό
1180 4547 1503 4617 ἀγαπητός.
1522 4546 1584 4599 El
1608 4545 1666 4601 δὲ
1693 4545 1950 4616 φιλεῖται.
1973 4549 2049 4619 μὴ

384 4627 569 4697 φοϐοῦ.
606 4628 795 4690 Οὐδεὶς
828 4627 957 4697 γάρ,
1003 4626 1063 4680 ὃν
1088 4628 1298 4698 ἀγαπᾷ,
1328 4626 1598 4698 προΐεται.
1636 4627 1727 4697 Μὴ
1759 4626 1937 4680 τοίνυν
1964 4627 2055 4681 θοι

387 4707 550 4778 ρυϐοῦ
570 4726 581 4737 ·
614 4708 721 4761 κᾶν
762 4708 1023 4779 μυριάκις
1047 4708 1209 4760 αὐτὸν
1235 4707 1423 4777 φιλῇς,
1469 4707 1528 4759 οὺ
1561 4706 1732 4774 φιλεῖς
1758 4708 1921 4762 αὑτὸν
1951 4709 2047 4762 τοῦ

383 4786 769 4855 γεγεννηκότος
810 4787 941 4840 ἴσον.
984 4788 1086 4840 Ἐν
1114 4779 1161 4851 ᾧ
1207 4786 1530 4853 εὐδόκησα.
1580 4786 1654 4837 Οὐ
1695 4786 1805 4858 γάρ
1860 4788 2045 4859 ἐπειδὴ

384 4866 639 4935 ἐγέννησε
684 4867 863 4936 μόνον,
896 4865 1058 4935 φιλεῖ,
1089 4865 1201 4918 ἀλλ’
1238 4865 1422 4934 ἐπειδὴ
1454 4866 1547 4918 καὶ
1584 4865 1697 4929 ῐσος
1724 4866 1873 4937 αὐτῷ
1906 4868 2048 4922 κατὰ

384 4947 560 5017 πάντα
588 4944 681 5017 καὶ
713 4943 1049 5017 ὁμογνώμων
1076 4942 1239 5017 ἐστίν.
1459 4942 1692 5017 διπλοῦν
1711 4943 1773 5017 16
1795 4944 2042 5017 φίλτρον,

390 5014 588 5083 μᾶλλον
620 5014 677 5066 δέ
704 5015 797 5066 καὶ
827 5012 1108 5085 τριπλοῦν·
1138 5012 1326 5083 ἐπειδὴ
1355 5013 1502 5076 Υίὸς,
1521 5014 1709 5084 ἐπειδὴ
1740 5012 2046 5086 ἀγαπητὸς,

384 5093 571 5164 ἐπειδὴ
592 5093 648 5145 ἐν
676 5092 825 5163 αὑτῷ
846 5094 1124 5164 εὐδόκησε.
1140 5092 1206 5146 Τί
1233 5092 1289 5145 δέ
1310 5093 1478 5154 ἐστιν,
1519 5092 1623 5146 Ἐν
1644 5086 1692 5159 ᾧ
1708 5093 2051 5162 εὐδόκησας

1222 305 1279 360 S.
1320 304 1605 360 JOANNIS
1641 305 2127 365 CHRYSOSTOMI
2165 307 2480 364 ARCHIEP.
2523 305 3059 364 CONSTANTINOP.

3707 306 3812 363 55$

2149 426 2244 479 καὶ
2274 425 2519 497 βούλημα
2552 424 2611 478 ἐν
2655 425 2712 477 ἐν
2750 424 2898 495 αύτῷ
2935 421 3073 478 εἶναι
3116 425 3211 481 καὶ
3238 424 3313 496 τῷ
3344 425 3547 497 Πατρὶ,
3594 428 3689 483 καὶ
3727 429 3813 499 μέ-

2148 522 2308 558 νοντα
2337 504 2463 557 Υίὸν
2488 502 2626 557 κατὰ
2653 504 2831 557 πάντα
2869 504 2927 556 ἓν
2964 499 3103 557 εἶναι
3134 505 3271 575 πρὸς
3309 504 3400 558 16v
3427 507 3811 574 γεγεννηκότα.

2148 584 2345 639 Αὐτοῦ
2394 585 2660 638 ἀκούετε.
2686 585 2849 637 Ὥστε
2882 585 2987 638 κᾶν
3032 584 3410 656 σταυρωθῆναι
3442 586 3704 657 βουληθῇ,
3740 587 3814 657 μὴ

2148 663 2466 734 ἀντιπέσῃς.
2521 663 2630 717 Καὶ
2672 663 3046 729 ἀκούσαντες
3093 664 3320 717 ἔπεσον
3343 663 3441 715 ἐπὶ
3469 666 3811 733 πρόσωπον,

2149 742 2247 795 καί
2281 742 2668 810 ἐφοϐήθησαν
2704 741 2961 811 σφόδρα.
2994 742 3103 797 Καὶ
3146 741 3494 811 προσελθὼν
3518 746 3551 795 ό
3585 743 3815 810 Ἰησοῦς

2149 820 2348 888 ἥψατο
2395 818 2612 886 αὐτῶν,
2653 821 2750 874 καί
2779 812 2949 875 εἷπεν
2968 835 2983 851 '
3019 821 3347 890 Ἐγέρθητε,
3382 821 3481 876 καί
3504 820 3590 890 μὴ
3618 820 3815 891 φοϐεῖ-

2148 903 2276 955 σθε.
2314 899 2669 968 Ἐπάραντες
2706 896 2775 952 δὲ
2808 899 2951 967 τοὺς
2989 900 3337 971 ὀφθαλμοὺς
3357 900 3575 966 αὐτῶν,
3596 901 3817 957 οὐδένα

2149 976 2333 1041 εῖδον,
2364 982 2415 1032 εἱ
2440 976 2527 1046 μὴ
2557 977 2664 1031 τὸν
2704 978 2941 1046 Ἰησοῦν
2965 981 3176 1049 μόνον.

2217 1098 2272 1154 δ’.
2300 1097 2425 1162 Πῶς
2454 1097 2628 1153 ταῦτα
2656 1098 2984 1163 ἀκούσαντες
3014 1097 3470 1167 κατεπλάγησανς
3503 1097 3696 1151 Καίτοι
3722 1098 3817 1154 καὶ

2150 1177 2256 1250 πρὸ
2285 1177 2475 1231 τούτου
2504 1178 2704 1250 ἠνέχθη
2730 1178 2885 1253 φωνὴ
2920 1180 3013 1233 ἐπὶ
3040 1178 3134 1232 τοῦ
3167 1178 3435 1248 Ἰορδάνου
3459 1176 3703 1247 τοιαύτη,
3718 1178 3814 1231 καὶ

2149 1255 2304 1327 ὄχλος
2334 1257 2538 1329 παρῆν,
2573 1258 2667 1311 καὶ
2694 1258 2870 1322 οὐδεὶς
2899 1257 3055 1311 οὐδὲν
3073 1255 3314 1309 τοιοῦτον
3338 1254 3506 1309 ἔπαθε
3524 1272 3536 1285 ·
3565 1256 3658 1308 καὶ
3678 1255 3815 1325 μετά

2149 1336 2319 1389 ταῦτα
2339 1337 2521 1401 πάλιν,
2550 1336 2638 1389 ὅτε
2658 1337 2750 1389 καὶ
2776 1336 3003 1407 βροντὴν
3034 1335 3218 1403 ἔλεγον
3236 1334 3533 1403 γεγονέναι·
3556 1332 3671 1387 ἀλλ’
3697 1333 3816 1387 ούδέ

2151 1415 2270 1469 τότε
2284 1414 2523 1468 τοιοῦτον
2537 1414 2689 1468 οὐδὲν
2706 1414 3025 1483 ὑπέμειναν.
3044 1412 3167 1477 Πῶς
3185 1408 3277 1465 οῦν
3294 1414 3352 1464 ἐν
3370 1410 3444 1479 τῷ
3466 1411 3609 1481 δρειέ
3628 1427 3813 1476 πεσονς

2156 1493 2277 1545 ’Ότι
2293 1494 2387 1546 καὶ
2408 1492 2612 1564 ἐρημία
2639 1493 2734 1545 καὶ
2757 1491 2889 1560 ὕψος
2911 1491 3006 1545 καὶ
3020 1490 3219 1561 ἡσυχία
3233 1485 3301 1559 ῆν
3328 1489 3518 1560 πολλὴ.
3538 1490 3631 1543 καὶ
3655 1505 3817 1559 μετα-

2157 1571 2437 1642 μόρφωσις
2453 1570 2927 1643 φρίκηςγέμουσα,
2953 1570 3047 1622 καὶ
3076 1568 3191 1637 φῶς
3222 1568 3479 1638 ἄκρατον,
3506 1569 3599 1622 καὶ
3619 1568 3815 1638 νεφέλη

2154 1650 2488 1720 ἐκτεταμένη
2509 1665 2523 1679 ⁸
2555 1648 2700 1719 ἀπερ
2734 1649 2948 1703 ἅπαντα
2991 1648 3071 1711 είς
3106 1646 3304 1717 πολλὴν
3340 1648 3580 1715 ἀγωνίαν
3619 1647 3817 1704 αὐτοὺς

2153 1726 2390 1782 ἐνέϐαλε.
2442 1727 2552 1781 Καὶ
2608 1728 2942 1797 πανταχόθεν
3003 1727 3034 1797 ἡ
3093 1725 3352 1794 ἔκπληξις
3408 1727 3690 1795 συνήγετο,
3721 1725 3819 1777 καὶ

2154 1804 2348 1859 ἔπεσον
2373 1805 2699 1875 φοϐηθέντες
2723 1822 2783 1857 τε
2808 1802 2945 1874 ὁμοῦ
2972 1804 3067 1857 καὶ
3098 1802 3526 1877 προσκυνοῦντες
3560 1803 3627 1857 ⁸³.
3652 1804 3816 1856 Ὥστε

2152 1884 2210 1938 δέ
2262 1884 2337 1957 μὴ
2387 1886 2615 1939 ἐπιπολὺ
2665 1884 2728 1938 16
2768 1884 2887 1949 δέος
2935 1886 3125 1955 μεῖναν
3162 1883 3411 1936 ἐκϐαλεῖν
3442 1883 3488 1917 ⁵⁵
3520 1882 3697 1936 αὐτῶν
3718 1883 3817 1952 τὴν

2156 1966 2393 2037 μνήμην,
2421 1964 2620 2027 εὐθέως
2650 1963 2835 2017 ἐλυσεν
2861 1962 3039 2017 αὐτῶν
3061 1963 3160 2033 τὴν
3184 1963 3444 2030 ἀγωνίαν,
3485 1961 3579 2014 καὶ
3624 1963 3817 2032 δρᾶται

2154 2042 2317 2104 αὐτὸς
2342 2042 2521 2113 μόνος,
2545 2043 2642 2097 καὶ
2674 2042 2979 2096 ἐντέλλεται
3005 2041 3187 2104 αὐτοῖς
3219 2041 3408 2111 μηδενὶ
3434 2040 3591 2093 τοῦτο
3620 2042 3814 2102 εἰπεῖν,

2153 2120 2258 2184 ἐως
2282 2120 2350 2174 ἀν
2378 2122 2441 2174 ἐκ
2469 2121 2677 2191 νεκρῶν
2696 2123 2925 2193 ἀναστῇ.
2954 2122 3445 2175 Καταϐαινόντων
3480 2120 3588 2191 γὰρ
3619 2116 3820 2173 αὐτῶν

2151 2199 2221 2252 ἐκ
2253 2199 2358 2253 τοῦ
2420 2201 2617 2268 ὅρους,
2662 2200 2999 2255 ἐνετείλατο
3039 2197 3243 2265 αὐτοῖς
3270 2199 3485 2268 μηδενί
3528 2199 3719 2252 ειπεῖν
3747 2195 3818 2250 τὸ

2153 2277 2363 2346 ὅραμα,
2388 2276 2500 2345 ἕως
2526 2278 2605 2333 ἂν
2629 2279 2699 2333 ἐκ
2726 2277 2957 2348 νεκρῶν
2984 2277 3246 2347 ἀναστῇ.
3278 2279 3429 2349 Ὀσῳ
3457 2278 3565 2349 γάρ
3596 2278 3818 2348 μείζονα

2155 2358 2372 2426 ἐλέγετο
2402 2358 2532 2430 περὶ
2562 2359 2750 2423 αὐτοῦ,
2779 2358 3021 2429 τοσούτῳ
3045 2358 3582 2430 δυσπαραδεκτότερα
3606 2354 3673 2430 ῆν
3704 2359 3818 2419 τοῖς

2152 2436 2368 2499 πολλοῖς
2397 2437 2521 2491 τότε
2547 2454 2560 2467 ·
2619 2438 2713 2493 καὶ
2748 2438 2809 2492 16
2840 2437 3133 2494 σκάνδαλον
3161 2437 3218 2490 δὲ
3256 2437 3318 2491 16
3360 2436 3510 2509 [571]
3559 2437 3669 2491 ἀπὸ
3721 2434 3816 2489 τοῦ

2155 2516 2389 2587 σταυροῦ
2422 2518 2727 2571 ἐπετείνετο
2753 2518 2953 2588 μᾶλλον
2976 2515 3246 2574 ἐντεῦθεν.
3284 2517 3383 2570 Διά
3412 2516 3571 2569 τοῦτο
3605 2515 3818 2570 κελεύει

2154 2596 2332 2664 σιγᾷν,
2368 2596 2461 2647 καὶ
2486 2595 2585 2666 οὐχ
2637 2597 2844 2660 ἁπλῶς,
2880 2596 3018 2650 ἀλλά
3055 2595 3217 2650 πάλιν
3253 2596 3346 2649 τοῦ
3384 2596 3589 2659 πάθους
3621 2597 3819 2667 ἀναμι-

2156 2679 2432 2744 μνήσκων,
2476 2676 2571 2727 καὶ⁵
2608 2675 2766 2745 μόνον
2786 2676 2906 2745 οὐχὶ
2954 2675 3049 2728 καὶ
3088 2674 3188 2745 τὴν
3227 2674 3406 2728 αἰτίαν
3437 2674 3633 2742 λέγων,
3664 2674 3817 2745 δι’ἡν

2153 2754 2247 2805 καὶ
2274 2754 2433 2823 σιγᾷν
2456 2754 2757 2808 ἐκέλευσεν.
2786 2755 2861 2807 Οὐ
2891 2753 3002 2824 γάρ
3030 2753 3094 2823 δὴ
3121 2754 3409 2817 διαπαντὸς
3431 2753 3683 2807 ἐκέλευσε
3710 2771 3816 2824 μη·-

2152 2830 2263 2883 δενὶ
2299 2832 2495 2897 εἰπεῖν,
2530 2830 2646 2884 ἀλλ’
2681 2832 2783 2896 ἕως
2808 2832 2873 2885 ἂν
2901 2834 3105 2901 ἀναστῇ
3130 2833 3195 2885 ἐκ
3220 2832 3449 2903 νεκρῶν.
3477 2832 3584 2884 Καὶ
3607 2831 3669 2883 τὸ
3695 2832 3819 2885 δυσ-

2153 2910 2313 2981 χερὲς
2345 2912 2594 2981 σιγήσας,
2612 2911 2672 2963 τὸ
2701 2911 2934 2981 χρηστὸν
2954 2911 3207 2980 ἐμφαίνει
3232 2912 3410 2981 μόνον.
3434 2910 3499 2962 Τί
3522 2906 3615 2964 οὖν
3638 2927 3653 2973 ;
3679 2911 3817 2981 μετά

2152 2989 2325 3041 ταῦτα
2358 2990 2457 3042 ούκ
2495 2989 2715 3060 ἔμελλον
2747 2989 3232 3057 σκανδαλίζεσθαι;
3275 2990 3558 3061 Οὐδαμῶς.
3592 2990 3665 3043 Τὸ
3708 2991 3817 3061 γὰρ

2152 3065 2480 3138 ζητούμενον
2498 3069 2527 3120 ό
2544 3069 2648 3140 πρὸ
2668 3068 2760 3122 τοῦ
2780 3069 3013 3141 σταυροῦ
3036 3069 3223 3138 καιρὸς
3244 3064 3330 3139 ῆν.
3350 3069 3505 3122 Μετὰ
3524 3070 3631 3139 γάρ
3645 3069 3818 3123 ταῦτα

2152 3145 2247 3221 καὶ
2268 3146 2405 3199 Πνεύ
2417 3163 2581 3216 ματος
2609 3146 3045 3219 κατηξιώθησαν,
3070 3149 3162 3200 καὶ
3181 3147 3279 3218 τὴν
3305 3148 3412 3202 ἀπὸ
3438 3149 3547 3202 τῶν
3578 3150 3818 3221 σημείων

2152 3220 2299 3294 εἶχον
2321 3226 2504 3295 φωνὴν
2534 3225 2938 3296 συνηγοροῦσαν
2972 3226 3175 3290 αὐτοῖς,
3197 3226 3292 3279 καὶ
3312 3230 3491 3281 πάντα
3510 3228 3610 3281 ὃσα
3633 3227 3818 3293 ἐλεγον

2150 3304 2337 3358 λοιπὸν
2386 3305 2761 3375 εὐπαράδεκτα
2807 3300 2895 3375 ἦν,
2947 3304 3247 3373 σάλπιγγος
3290 3304 3671 3377 λαμπρότερον
3708 3305 3817 3359 τῶν

2151 3384 2490 3455 πραγμάτων
2536 3383 3017 3455 ἀνακηρυττόντων
3046 3382 3210 3436 αὑτοῦ
3248 3383 3344 3454 τὴν
3386 3384 3559 3454 ἰσχὺν,
3593 3385 3688 3437 καὶ
3725 3385 3815 3436 οὐ·

2150 3462 2299 3527 δενὸς
2352 3462 2646 3517 σκανδάλου
2692 3461 2934 3516 τοιούτου
2967 3461 3395 3534 μεσολαϐοῦντος
3434 3462 3505 3515 τά
3533 3463 3813 3533 γινόμενα.

2222 3572 2389 3626 Οὐδὲν
2415 3573 2523 3645 ἀρα
2546 3572 2654 3626 τῶν
2678 3570 2990 3625 ἀποστόλων
3008 3568 3438 3641 μακαριώτερον,
3462 3569 3555 3623 καὶ
3584 3568 3817 3640 μάλιστα

2149 3652 2257 3706 τῶν
2303 3654 2492 3723 τριῶν,
2549 3652 2598 3705 οῖ
2654 3652 2750 3706 καὶ
2793 3653 2852 3705 ἐν
2894 3653 2962 3722 τῇ
3004 3650 3204 3721 νεφέλη
3230 3650 3527 3720 ὁμωρόφιοι
3564 3650 3816 3718 γενέσθαι

2151 3731 2565 3804 κατηξιώθησαν
2602 3732 2680 3803 τῷ
2708 3731 2975 3802 Δεσπότῃ.
3013 3729 3152 3783 Ἀλλ’
3181 3728 3247 3783 ἀν
3271 3728 3534 3799 θέλωμεν,
3572 3727 3816 3798 ὀψόμεθα

2152 3812 2247 3865 καὶ
2279 3813 2439 3881 ἡμεῖς
2486 3811 2578 3865 τὸν
2624 3810 2855 3883 Χριστόν
2877 3826 2891 3842 ·
2932 3811 3032 3880 οὐχ
3064 3808 3238 3871 οὕτως
3269 3809 3344 3872 ὡς
3376 3809 3574 3862 ἐκεῖνοι
3603 3807 3722 3860 τότε
3756 3809 3815 3859 ἐν

2150 3891 2227 3962 τῷ
2243 3892 2378 3961 ὄρει,
2407 3890 2542 3945 ἀλλά
2576 3889 2755 3961 πολλῷ
2784 3889 3180 3961 λαμπρότερον.
3216 3886 3293 3941 Οὐ
3323 3886 3429 3958 γάρ
3461 3884 3633 3948 οὕτως
3656 3884 3814 3938 ὓστε-

2154 3987 2244 4041 ρον
2266 3969 2406 4039 ῆξει.
2442 3970 2576 4023 Τότε
2609 3969 2706 4041 μὲν
2734 3969 2842 4041 γὰρ
2884 3968 2992 4021 τῶν
3030 3965 3287 4038 μαθητῶν
3323 3964 3654 4035 φειδόμενος,
3692 3980 3815 4017 τοσ-

2151 4048 2306 4102 οῦτον
2339 4048 2635 4121 παρήνοιξε
2673 4048 2831 4120 μόνον
2854 4048 2955 4117 τῆς
2978 4046 3378 4118 λαμπρότητος,
3405 4045 3529 4098 ὅσον
3552 4044 3816 4113 ἠδύναντο

2151 4129 2395 4197 ἐνεγκεῖν
2418 4146 2431 4159 ·
2475 4129 2701 4199 ὕστερον
2728 4129 2785 4182 δὲ
2815 4129 2871 4180 ἐν
2901 4127 3038 4197 αὐτῇ
3071 4124 3165 4177 τοῦ
3194 4124 3405 4195 Πατρδς
3428 4127 3494 4194 τῇ
3514 4124 3639 4195 δόξῃ
3671 4123 3812 4193 ῆξει,

2152 4210 2213 4261 οὑ
2266 4208 2403 4278 μετὰ
2461 4209 2733 4271 Μωῦσέως
2780 4208 2874 4259 καὶ
2918 4206 3070 4259 Ἠλία
3103 4206 3281 4275 μόνον,
3344 4204 3477 4257 ἀλλά
3533 4205 3669 4273 μετά
3710 4202 3813 4272 τῆς

2151 4288 2382 4359 ἀπείρου
2415 4288 2523 4342 τῶν
2548 4288 2793 4357 ἀγγέλων
2824 4286 3102 4356 στρατιᾶς,
3132 4284 3269 4353 μετά
3304 4283 3411 4335 τῶν
3438 4282 3811 4352 ἀρχαγγέλων,

2156 4368 2294 4438 μετά
2321 4368 2429 4421 τῶν
2464 4367 2771 4440 Χερουϐὶμ,
2838 4365 2977 4435 μετά
3032 4364 3141 4416 τῶν
3188 4362 3372 4432 δήμων
3432 4362 3539 4415 τῶν
3570 4361 3813 4432 ἀπείρων

2153 4447 2377 4502 ἐκείνων
2398 4464 2412 4479 °
2465 4449 2524 4502 ού
2566 4449 2793 4516 νεφέλης
2822 4443 3111 4515 γινομένης
3153 4442 3409 4514 ὑπεράνω
3440 4442 3539 4513 τῆς
3572 4441 3813 4511 κεφαλῆς

2151 4526 2339 4591 αὑτοῦ,
2393 4526 2525 4581 ἀλλά
2580 4528 2674 4580 καὶ
2722 4524 2887 4578 αὑτοῦ
2940 4520 3357 4593 συστελλομένου
3414 4522 3509 4576 τοῦ
3561 4520 3808 4592 οὐρανοῦ.

2152 4607 2419 4677 Καθάπερ
2455 4606 2565 4676 γὰρ
2598 4605 2724 4668 τοὺς
2742 4601 2996 4665 δικαστὰς
3039 4604 3106 4667 ⁵⁸,
3139 4603 3266 4655 ὃταν
3294 4602 3527 4673 δημοσία
3564 4602 3808 4673 κρίνωσι,

2154 4686 2222 4740 τά
2252 4686 2726 4757 παραπετάσματα
2778 4681 3200 4746 συνελκύσαντες
3237 4683 3285 4735 οί
3325 4680 3674 4753 παρεστῶτες
3702 4681 3811 4733 πᾶ-

2157 4783 2240 4819 σιν
2266 4766 2462 4828 αὐτοὺς
2486 4765 2533 4796 ⁸⁸
2559 4763 2891 4818 δεικνύουσιν
2912 4778 2927 4793 ·
2965 4761 3106 4815 οὕτω
3136 4762 3202 4832 δὴ
3237 4761 3332 4815 καὶ
3357 4763 3479 4815 τότε
3507 4759 3812 4831 καθήμενον

2154 4846 2316 4898 αὑτὸν
2347 4845 2588 4907 ἀπαντες
2634 4843 2873 4913 ὄψονται,
2901 4841 2996 4894 καὶ
3024 4843 3173 4894 πᾶσα
3201 4843 3234 4911 ὴ
3284 4839 3594 4911 ἀνθρωπίνη
3631 4855 3813 4911 παρα-

2155 4926 2413 4995 στήσεται
2434 4923 2616 4992 φύσις,
2640 4922 2735 4976 καὶ
2749 4922 2910 4986 αὐτὸς
2938 4921 3121 4984 αὐτοῖς
3143 4920 3209 4973 δι’
3226 4918 3418 4973 ἐαυτοῦ
3435 4917 3807 4989 ἀποκρίνεται’

2154 5006 2248 5058 καὶ
2271 5007 2383 5068 τοῖς
2408 5004 2506 5074 μὲν
2541 5004 2691 5074 ἐρεῖ·
2724 5001 2923 5063 Δεῦτε,
2950 5002 3003 5053 οι
3035 4998 3427 5069 εὐλογημένοι
3456 4996 3563 5051 τοῦ
3583 4997 3814 5065 Πατρός

2147 5100 2295 5155 μου’
2325 5085 2616 5137 ἐπείνασα
2664 5082 2795 5151 γὰρ,
2843 5080 2940 5134 καὶ
2986 5078 3241 5133 ἐδώκατέ
3278 5097 3381 5149 μοι
3417 5078 3661 5149 φαγεῖν·
3698 5080 3812 5155 τοῖς

396 5153 611 5225 Ὦσανίεὶ
638 5153 841 5239 ἔλεγεν,
879 5173 967 5224 Ἐν
1056 5171 1424 5242 ἀναπαύομαι,
1468 5153 1569 5239 ᾦ⁵²
1598 5153 1931 5243 ἀρέειηιομαιἰ
1963 5153 2052 5225 διά
2149 5153 2208 5218 δὲ
2236 5166 2351 5234 ἐρεῖ
2372 5180 2385 5194 ·
2440 5157 2546 5243 Εὖ,
2574 5160 2771 5243 δοῦλε.
2807 5160 2990 5229 ἀγαθέ
3023 5159 3122 5212 καί
3156 5156 3488 5243 πιστέο-έθτι
3516 5157 3701 5243 ⁸ὀλίγα
3735 5153 3812 5243 ἧς

382 5251 444 5303 16
466 5251 606 5303 κατά
632 5249 811 5303 πάντα
849 5248 1138 5314 ἐξισῶσθαι
1168 5250 1303 5321 πρὸς
1353 5251 1514 5305 αὑτὸν
1560 5251 1697 5322 μετά
1743 5251 2047 5323 ἀκριϐείας,

2152 5243 2390 5308 πιστὸς,
2442 5242 2541 5294 ἐπὶ
2570 5238 2819 5295 πολλῶν
2845 5255 2919 5293 σε
2963 5235 3343 5306 καταστήσω.
3370 5239 3481 5292 Καὶ
3512 5238 3726 5291 ἐναντία
3751 5237 3810 5291 δὲ

454 5444 620 5517 ude
641 5458 751 5517 οφ,
785 5440 947 5517 "LM.
977 5458 1027 5510 p.
1054 5459 1105 5517 pA.
1132 5442 1339 5517 Λαλήσῃ
1360 5441 1429 5496 Μ.
1502 5440 1547 5474 ⁸⁵
1706 5442 1831 5517 add:
1854 5443 2036 5517 πάλιν,

2160 5442 2361 5517 ριοςῌ.
2387 5442 2510 5517 add:
2532 5442 2736 5517 Κύριος
2756 5440 2820 5494 G.
2839 5509 2860 5517 _
2898 5439 2944 5471 “
2961 5438 3221 5517 νέφει
3243 5447 3299 5493 ει
3327 5437 3486 5517 (ξοάᾴΖ
3516 5449 3715 5517 Eram:
3734 5439 3807 5517 M_.

387 5515 429 5546 ’⁵⁷
462 5509 557 5567 καὶ
588 5509 795 5585 ἐκεῖθεν
827 5511 900 5585 Ο.
926 5509 1168 5585 οιοόιίοχ
1191 5509 1411 5582 quidam
1464 5514 1608 5583 apud
1640 5509 1767 5567 Sav.
1792 5512 1868 5585 rln
1894 5509 2049 5584 pleris

2154 5509 2173 5569 Ξ
2194 5515 2350 5569 codd.
2380 5509 2659 5585 di§tinctib
2687 5520 2809 5585 p05:
2837 5509 3057 5585 ἔρχεται.
3079 5511 3222 5585 nul!a
3266 5518 3369 5585 εει.
3396 5510 3489 5585 _“
3521 5509 3807 5585 Codices}.

388 5587 643 5667 φωτεινή.
662 5584 789 5667 Aul
818 5578 1550 5667 ἀειρῃξευεεςιὶξςυιυεζαμόιι
1580 5599 1681 5639 nos
1702 5578 1951 5667 ίθοίξῃυέ,
1989 5600 2049 5667 ευ

2154 5586 2395 5659 rgendum
2421 5579 2498 5667 ,ᾖν
2531 5578 2783 5667 φωτειξή,
2807 5578 3357 5667 μιξενίιίοηριρουίι.
3392 5578 3805 5667 ΡοεξΙφωτεινῂ,

390 5651 816 5726 (ﬁcii—addunt
955 5651 1018 5707 Κ.

1114 5653 1157 5735 ω
1182 5653 1327 5735 Ῥοες
1371 5648 1645 5735 δείκνυσι,
1667 5723 1681 5735 .
1699 5648 2049 5735 νεφέληνλόθῖ

2157 5648 2553 5735 ,ν-ευεῑεοιὶὶξυε
3097 5648 3142 5679 ³ο
3179 5650 3718 5735 ἀτεοσχοιγισθέντξυη
3740 5648 3805 5709 Β.

392 5717 494 5775 ⁵ιί
532 5723 826 5793 Hicmlotus
860 5723 1119 5787 locus,1£
1151 5719 1243 5776 οὖν
1273 5723 1392 5793 οὐχί
1419 5740 1593 5793 usque
1617 5717 1682 5778 εει
1714 5717 1901 5778 ἐκ’τοῦ
1947 5725 2083 5779 Θεοῦ
2132 5717 2296 5787 ihl‘ra.
2325 5725 2476 5779 deest
2514 5723 2565 5776 in
2600 5720 2769 5775 Edilis
2817 5718 2914 5793 [et_
2956 5717 3288 5793 lnlerprele],
3327 5717 3430 5793 S_ed_
3471 5735 3538 5773 ex
3591 5719 3807 5793 {imbus

390 5796 613 5865 optimis
640 5792 767 5865 Mss.
796 5803 1087 5863 excerplus
1133 5793 1286 5848 fuit.)

1383 5789 1546 5862 autcf.
1582 5794 1791 5848 Habent
1822 5810 1852 5849 ο
1880 5796 2017 5851 meis
2059 5794 2124 5850 Η.
2147 5796 2219 5849 Μ.
2243 5794 2341 5864 Ep.
2371 5807 2601 5864 quorum
2633 5789 3127 5864 ope_\{dpul§m_xa_:£
3164 5799 3287 5864 p931
3313 5804 3341 5841 0

3415 5789 3431 5840 ί
3460 5788 3726 5859 ευρριονί.
3751 5801 3809 5847 el

391 5806 613 5865 OpllllHS
640 5806 767 5847 MSS.
796 5806 1087 5863 excerplus
1133 5806 1286 5848 Nlll.)
1325 5806 1546 5862 Μοηῑει.
1584 5806 1791 5848 Habent
1822 5810 1852 5849 0
1880 5810 2017 5851 ῐηριε

391 5864 663 5919 ἀπέλαϐεν
696 5864 777 5917 bis
808 5865 1001 5933 scripsi
1032 5880 1130 5935 pro
1154 5865 1373 5934 vulgato
1406 5864 1691 5918 ὑπέλαϐεν.
1718 5864 1829 5918 Hoc
1864 5876 2043 5919 tamen

392 5937 436 5968 ⁸³
482 5936 949 5983 ποοσκυνήσαντες
974 5934 1037 5983 (ἶ.
1075 5934 1139 5983 H-
1216 5936 1262 5968 "
1297 5933 1499 5983 ἐκϐάλῃ
1534 5933 1599 5983 ll.
1628 5933 1687 5983 L-
1721 5935 1936 5983 ἐκϐαλεῖ
1962 5935 2026 5983 Κ-

2154 5806 2219 5849 Μ.
2243 5806 2341 5864 15p.
2371 5807 2601 5863 quorum
2633 5806 3007 5876 ope'voculgm
3036 5806 3127 5841 και
3164 5806 3287 5857 post
3313 5806 3431 5912 0ng
3460 5806 3726 5871 ειιρριονι.
3751 5806 3807 5847 ει

2154 5860 2604 5983 “Sizi‘aiﬁité'z;
2731 5858 2797 5983 ἓξ
2822 5857 3054 5983 5W6
3078 5856 3322 5983 Etsi}?
3356 5862 3420 5961 ’9
3432 5858 3807 5983 ἓοξίξῖέιὲξῗ

392 5937 436 5968 ⁸³
482 5928 949 6006 προσκυνήσαντες
974 5928 1045 5990 ϐξ
1074 5934 1140 5992 ﬂ.
1216 5928 1275 5968 ’τ
1297 5933 1501 6004 ἐκϐάλῃ
1534 5933 1599 5988 ll.
1628 5933 1687 5988 L.
1721 5935 1936 5988 ἐκϐαλεῖ
1962 5935 2026 5991 Κ.
2102 5939 2149 5969 ⁸⁸
2180 5938 2294 5999 τοῖς
2325 5934 2604 5995 δικασταῖς
2634 5928 2699 5985 G.
2732 5928 2796 5984 Κ.
2822 5930 2915 5982 ἐπὶ
2942 5931 3054 5993 τοῖς

3114 5968 3127 5983 .
3153 5925 3298 5984 δλνῖ
3356 5929 3403 5961 ”
3438 5925 3623 5992 αὐτοῖς
3644 5931 3710 5988 G.
3733 5925 3807 5990 Nl.
