4140 6376
375 372 483 429 553

373 486 601 541 clarant.
628 482 841 540 Marcus
863 481 1078 554 quidem
1112 481 1264 551 dicit,
1292 480 1417 538 Non
1443 482 1580 539 enim
1619 481 1804 537 sciebat
1837 482 1959 550 quid

374 580 662 649 loqueretur
711 592 731 631 :
770 576 1022 647 perterriti
1064 590 1282 646 namque
1322 576 1528 647 fuerunt
1551 573 1572 646 (
1594 572 1762 629 Marc.
1784 573 1839 629 9.
1864 574 1961 645 6).

374 667 545 723 Lucas
566 682 695 722 vero
714 675 995 737 postquam
1021 664 1174 733 dixit,
1198 664 1474 719 Faciamus
1500 673 1537 719 ti
1548 665 1598 719 ia
1615 664 1960 734 tabernacula,

371 761 553 816 statim
583 757 879 827 subjunxit,
908 755 1153 813 Nesciens
1177 757 1301 827 quid
1328 755 1514 811 diceret
1548 754 1720 827 (Luc.
1743 755 1797 811 9.
1830 755 1960 826 53).

376 853 579 909 Deinde
619 852 925 925 signiﬁcans
966 861 1020 906 et
1046 852 1196 907 illum
1226 858 1283 906 et
1306 851 1440 906 alios
1468 850 1660 906 timore
1687 858 1963 920 correptos

372 945 538 1001 fuisse
559 987 576 1013 ,
604 945 679 999 ait
727 962 740 998 :
785 942 993 998 Cravati
1033 959 1210 998 somno
1254 952 1397 997 erant
1433 958 1453 997 :
1490 959 1604 996 cum
1645 942 1963 1013 evigilassent

371 1048 540 1091 autem
560 1077 574 1100 ,
606 1036 837 1091 viderunt
865 1035 1081 1107 gloriam
1113 1036 1225 1105 ejus
1252 1031 1272 1107 (
1295 1032 1432 1088 Ibid.
1460 1050 1509 1089 υ.
1537 1032 1650 1107 ὅῖ)
1677 1051 1691 1099 ;
1715 1048 1961 1089 somnum

370 1144 499 1183 vero
522 1128 609 1183 hic
637 1138 791 1183 vocat
815 1142 1066 1198 soporem
1093 1127 1242 1182 illum
1270 1126 1359 1197 qui
1396 1143 1460 1182 ex
1510 1127 1603 1182 tali
1637 1126 1845 1182 visione
1872 1141 1962 1181 ac-

370 1224 519 1278 cidit.
549 1223 681 1277 Nam
699 1223 861 1277 veluti
884 1221 1022 1276 oculi
1052 1236 1119 1276 ex
1158 1221 1325 1275 nimio
1355 1219 1563 1291 fulgore
1595 1219 1961 1275 obtcnebran-

372 1326 457 1369 tur
482 1357 498 1379 ,
547 1315 626 1371 sic
664 1324 720 1370 et
764 1315 867 1368 illis
913 1313 1111 1369 evenit.
1144 1313 1327 1384 Neque
1363 1313 1507 1368 enim
1553 1327 1657 1368 nox
1685 1322 1823 1380 erat,
1863 1311 1959 1368 sed

371 1406 534 1461 dies:
569 1416 625 1460 et
666 1405 937 1460 radiormn
980 1404 1235 1475 splendor
1274 1403 1550 1459 oculorum
1596 1404 1958 1459 inﬁrmitatem

369 1500 643 1572 gravabat.
692 1498 829 1566 Quid
867 1499 1079 1569 igitur?
1120 1498 1238 1566 Ipse
1279 1496 1496 1568 quidem
1544 1496 1675 1551 nihil
1703 1497 1956 1566 loquitur,

370 1606 542 1662 neque
564 1591 809 1663 Moyses,
842 1606 1013 1659 neque
1040 1589 1187 1645 Elias
1218 1608 1232 1644 :
1261 1589 1357 1645 sed
1385 1591 1475 1661 qui
1501 1589 1749 1644 omnibus
1789 1589 1960 1658 major

368 1691 425 1737 et
469 1681 574 1738 ﬁde
614 1681 824 1752 dignior
852 1691 969 1745 est,
1019 1681 1180 1737 Pater
1221 1695 1409 1736 vocem
1453 1681 1652 1737 emittit
1692 1696 1757 1736 ex
1796 1682 1956 1739 nube.

368 1773 476 1831 Cur
503 1790 571 1830 ex
598 1775 739 1831 nube
761 1776 783 1829 ?
805 1775 895 1830 Sic
920 1790 1135 1845 semper
1163 1784 1387 1844 apparet
1413 1774 1555 1830 Deus
1585 1792 1599 1829 :
1632 1790 1755 1830 nam
1784 1773 1958 1829 Nubes

368 1878 415 1921 et
465 1868 630 1938 caliga
663 1868 716 1921 in
745 1868 961 1921 circuitu
988 1858 1099 1937 ejus
1142 1868 1161 1937 (
1190 1866 1337 1921 Psal.
1358 1865 1446 1923 96.
1476 1866 1550 1937 2)
1576 1886 1591 1931 ;
1628 1875 1683 1922 et
1725 1881 1910 1923 rursus
1940 1883 1954 1921 :

371 1958 472 2024 Qui
499 1960 640 2031 ponit
667 1961 819 2013 nubes
842 1976 1104 2014 ascensum
1130 1976 1278 2013 suum
1301 1959 1320 2028 (
1347 1958 1724 2031 Psal.lO3.3);
1744 1960 1959 2016 iterum-

367 2069 493 2122 que,
546 2052 793 2107 Dominus
830 2052 964 2106 sedet
1005 2052 1055 2105 in
1101 2051 1230 2105 nube
1270 2052 1368 2107 levi
1392 2051 1411 2123 (
1437 2051 1566 2106 Isai.
1599 2050 1687 2106 19.
1718 2053 1742 2106 1
1780 2052 1835 2121 );
1867 2060 1954 2118 et,

371 2144 544 2199 Nubes
573 2144 790 2213 suscepit
820 2160 932 2197 eum
963 2142 1025 2196 ab
1064 2142 1225 2197 oculis
1250 2159 1425 2196 eorum
1449 2141 1467 2213 (
1490 2142 1604 2196 Act.
1638 2143 1689 2198 1.
1714 2140 1788 2212 9)
1818 2159 1831 2207 ;
1863 2153 1951 2209 et,

371 2234 940 2303 QuasiFiliusltominis
963 2235 1163 2290 ueniens
1188 2236 1242 2289 in
1279 2234 1491 2289 nubibus
1528 2234 1705 2306 (Dan.
1730 2235 1782 2289 7.
1817 2235 1883 2290 15
1912 2236 1951 2306 ).

369 2331 439 2387 Ut
472 2334 628 2403 igitur
650 2332 873 2388 credant
899 2333 969 2389 ab
994 2332 1113 2403 ipso
1158 2332 1272 2388 Deo
1303 2348 1488 2388 vocem
1517 2332 1681 2401 ferri,
1714 2334 1838 2389 inde
1862 2351 1955 2389 ve-

368 2428 465 2492 nit,
488 2439 543 2482 et
566 2426 734 2483 nubes
760 2426 932 2481 lucida
956 2434 1072 2482 erat
1099 2443 1114 2481 :
1148 2442 1269 2481 nam
1302 2427 1355 2482 5.
1390 2426 1572 2482 Aaﬁ'iuc
1604 2444 1663 2482 eo
1698 2428 1947 2495 loquente,

365 2537 477 2575 ecce
499 2519 650 2575 nubes
688 2519 858 2574 lucida
890 2518 1202 2574 obumbravit
1231 2536 1332 2574 eos.
1366 2518 1431 2573 Et
1474 2536 1586 2573 ecce
1609 2535 1707 2574 eoa:
1735 2520 1797 2573 de
1825 2519 1954 2573 nube

365 2613 534 2667 dicens
562 2628 582 2667 :
606 2611 708 2667 Hic
738 2620 811 2667 est
836 2610 1003 2666 Filius
1040 2628 1180 2667 meus
1208 2612 1442 2679 dilectus,
1468 2612 1523 2667 in
1554 2630 1653 2681 quo
1680 2612 1805 2666 milii
1831 2612 1953 2667 bene

364 2705 646 2773 contplacui
668 2720 686 2757 :
714 2703 881 2772 ipsum
914 2702 1105 2757 audite.
1135 2702 1365 2771 Quando
1401 2703 1543 2759 enim
1584 2704 1835 2768 minatur,
1868 2712 1952 2759 leo

366 2794 648 2850 nebrosam
680 2793 873 2849 nubem
901 2793 1170 2859 ostendit,
1198 2794 1652 2865 quemadmodum
1693 2795 1747 2850 in
1775 2794 1901 2850 Sina
1932 2812 1947 2849 :

365 2885 583 2941 Intravit
610 2887 776 2950 enim,
819 2885 912 2946 ait,
940 2886 994 2939 in
1022 2887 1202 2940 nubem
1244 2895 1292 2939 et
1335 2886 1388 2940 in
1426 2886 1694 2957 caliginem
1721 2884 1947 2957 Moyses,

364 2989 411 3034 et
457 2978 593 3032 velut
639 2993 796 3047 uapor
838 2978 911 3031 ita
961 2977 1217 3048 ferebatur
1254 2980 1428 3050 fumus
1457 2977 1763 3049 (Exod.24.
1798 2979 1865 3035 18
1890 2980 1948 3049 );

363 3080 418 3125 et
471 3068 729 3141 propheta
768 3069 837 3124 de
883 3069 1040 3124 minis
1067 3070 1185 3139 ejus
1209 3069 1500 3137 disserens,
1528 3069 1835 3138 Tenebrosa,
1864 3071 1949 3127 in-

363 3161 499 3233 quit,
529 3179 661 3232 aqua
688 3162 741 3215 in
771 3162 982 3216 nubibus
1012 3160 1183 3235 aeris(
1211 3160 1352 3218 Psal.
1379 3162 1466 3218 l7.
1499 3162 1567 3219 12
1589 3162 1648 3235 );
1681 3162 1769 3218 hic
1795 3177 1945 3229 vero,

362 3257 485 3326 quia
523 3271 629 3310 non
679 3263 902 3320 terrere,
937 3255 1029 3310 sed
1061 3254 1258 3311 docere
1299 3255 1544 3324 volebat,
1577 3257 1746 3313 nubes
1775 3257 1948 3312 lucida

361 3356 465 3403 est.
506 3348 573 3402 Et
600 3347 794 3402 Petrus
819 3346 1034 3417 quidetn
1062 3347 1295 3413 dicebat,
1329 3347 1606 3404 Faciamus
1630 3349 1729 3404 tria
1765 3350 1949 3404 taber—

362 3439 588 3505 nacula;
629 3438 719 3493 ille
747 3453 877 3493 vero
909 3438 1313 3494 tabernaculum
1353 3440 1591 3496 ostendit
1618 3455 1723 3496 non
1755 3456 1946 3496 manu-

361 3533 578 3587 factum.
605 3531 728 3587 Ideo
752 3531 819 3587 ibi
846 3532 1059 3601 quidem
1078 3531 1255 3589 fumus
1283 3543 1386 3599 est,
1408 3544 1465 3589 et
1488 3550 1656 3605 vapor
1682 3534 1943 3601 fornacis;

362 3623 448 3679 hic
474 3638 602 3679 vero
624 3623 713 3677 lux
738 3622 1039 3686 ineﬁ'abilis,
1058 3633 1113 3679 et
1140 3640 1264 3678 vox.
1308 3624 1511 3681 Deinde
1542 3637 1597 3679 ut
1626 3626 1945 3683 ostendatur

362 3730 467 3770 non
515 3712 584 3771 de
625 3729 732 3769 uno
778 3714 934 3769 trium
975 3714 1289 3785 simpliciter
1328 3716 1463 3783 dici,
1514 3717 1611 3773 sed
1636 3717 1705 3774 de
1732 3717 1947 3774 Christo

362 3817 590 3874 tantum,
631 3822 751 3863 cum
779 3823 880 3863 vox
912 3808 1073 3862 allata
1115 3818 1217 3875 est,
1247 3809 1321 3863 illi
1352 3820 1707 3866 recesserant.
1738 3810 1872 3867 Nam
1899 3812 1949 3867 si

359 3898 428 3956 de
448 3914 554 3954 uno
591 3914 657 3954 ex
684 3899 789 3955 illis
813 3898 1013 3955 dictum
1044 3899 1251 3967 fuisset,
1282 3915 1391 3955 nou
1426 3902 1519 3957 ille
1549 3903 1833 3959 mansisset
1856 3918 1946 3959 so-

360 3990 479 4058 lus,
528 3989 739 4047 duobus
780 3992 901 4047 aliis
928 3992 1170 4046 remotis.
1198 3992 1275 4065 (a)
1298 3990 1319 4065 [
1340 3991 1447 4047 Cur
1471 4008 1600 4064 ergo
1639 3994 1809 4050 nubes
1838 4009 1947 4050 non

356 4082 627 4139 Christum
664 4082 835 4137 solum
872 4083 1101 4152 operuit,
1124 4085 1216 4138 sed
1242 4099 1431 4140 omnes
1466 4086 1623 4140 simul
1651 4086 1675 4141 l
1707 4085 1763 4143 Si
1792 4087 1947 4143 Chri-

357 4182 499 4229 stum
549 4173 723 4229 solum
777 4174 1150 4231 obumbrasset
1177 4217 1193 4240 ,
1234 4187 1474 4246 putatum
1527 4178 1715 4235 fuisset
1768 4180 1944 4250 ipsum

356 4265 631 4322 Christum
683 4268 926 4324 emisisse
984 4284 1189 4323 vocem.
1211 4270 1548 4341 Quapmpter
1594 4274 1938 4343 evangelista,

357 4367 417 4412 nt
439 4356 540 4412 hoc
565 4357 735 4427 ipsum
756 4359 1121 4425 conﬁrmaret,
1143 4359 1220 4413 ait
1241 4374 1427 4415 vocem
1458 4377 1525 4417 ex
1545 4362 1685 4419 nube
1709 4367 1941 4432 venisse,

359 4449 412 4505 id
439 4460 555 4514 est,
586 4466 651 4506 ex
684 4450 813 4505 Deo.
837 4448 857 4522 ]
900 4451 967 4505 Et
994 4451 1120 4522 quid
1148 4452 1224 4506 ait
1250 4466 1351 4507 vox
1384 4452 1519 4507 illa?
1546 4452 1647 4508 Hic
1674 4465 1747 4510 est
1775 4454 1943 4512 Filius

357 4558 500 4597 meus
537 4542 767 4597 dilectus.
796 4543 853 4598 Si
890 4543 1134 4608 dilectus,
1166 4559 1231 4600 ne
1261 4543 1469 4612 timeas,
1509 4545 1685 4601 Petre.
1716 4547 1943 4618 Oporte-

356 4636 447 4690 hat
473 4635 616 4690 enim
642 4644 693 4690 te
719 4645 772 4690 et
799 4635 1045 4690 virtutem
1078 4636 1474 4708 potentiamque
1498 4637 1613 4708 ejus
1626 4638 1737 4707 jam
1760 4654 1940 4708 nosse,

355 4735 411 4781 et
453 4726 522 4781 de
559 4728 954 4782 resurrectione
989 4740 1108 4782 esse
1150 4728 1432 4783 certiorem
1464 4743 1479 4792 ;
1511 4729 1631 4798 quia
1659 4744 1786 4785 vero
1812 4729 1941 4786 illud

356 4817 614 4889 ignoras,
654 4817 845 4874 saltem
895 4833 962 4872 ex
1010 4832 1139 4873 voce
1187 4818 1359 4873 Patris
1405 4818 1657 4875 ﬁdentior
1702 4829 1839 4875 esto.
1882 4820 1940 4877 Si

358 4924 587 4979 namque
613 4920 801 4979 potens
825 4918 909 4965 est
936 4911 1095 4974 Deus,
1129 4920 1186 4964 ut
1213 4926 1339 4967 vere
1364 4921 1553 4982 potens
1578 4921 1659 4967 est
1681 4954 1695 4978 ,
1722 4914 1938 4984 procul-

354 5001 519 5057 dubio
560 5010 616 5057 et
656 5000 825 5057 Filius
872 5003 1140 5057 similiter.
1191 5002 1269 5058 Ne
1314 5004 1504 5059 timeas
1532 5020 1660 5075 ergo
1691 5006 1849 5062 mala.
1882 5006 1937 5063 Si

354 5103 533 5148 autem
566 5093 666 5147 hoc
697 5091 934 5149 nondum
968 5092 1226 5159 admittis,
1254 5094 1382 5149 illud
1406 5095 1594 5150 saltem
1635 5098 1809 5168 cogita
1829 5139 1844 5162 ,
1871 5097 1938 5152 tl-

355 5182 467 5238 lum
489 5195 545 5240 et
570 5183 762 5239 Filium
787 5199 928 5250 esse,
957 5194 1010 5239 et
1030 5183 1198 5254 diligi.
1223 5183 1325 5239 Hic
1352 5194 1427 5241 est
1455 5187 1622 5254 enim,
1649 5188 1744 5256 ait,
1768 5186 1940 5244 Filius

353 5292 497 5331 meus
541 5276 772 5331 dilectus.
818 5276 874 5332 Si
916 5292 1041 5331 vero
1085 5276 1353 5349 diligitur,
1408 5294 1473 5335 ue
1519 5280 1725 5336 timeas.
1773 5281 1938 5338 Nemo

354 5367 500 5421 enim
526 5383 684 5437 quem
726 5367 932 5438 diligit,
963 5368 1164 5439 abjicit.
1194 5369 1272 5424 Ne
1303 5370 1533 5426 turberis
1559 5386 1688 5442 ergo
1720 5390 1735 5429 ε
1766 5389 1938 5444 quan-

357 5459 552 5513 tumvis
579 5460 721 5513 enim
759 5459 980 5531 diligas,
1008 5476 1113 5516 non
1150 5461 1324 5532 diligis
1349 5477 1471 5518 eum
1504 5473 1561 5518 ut
1586 5464 1744 5521 Pater
1772 5466 1939 5536 ipsius

356 5548 545 5622 diligit.
576 5549 639 5604 In
668 5568 766 5620 quo
804 5552 929 5605 mihi
971 5551 1277 5623 complacui.
1307 5552 1420 5608 Non
1444 5555 1587 5609 enim
1612 5555 1786 5611 solum
1816 5557 1939 5612 dili-

418 5724 491 5791 (a)
524 5730 609 5786 Qui
644 5728 834 5791 uncinis
869 5727 1103 5780 clauditur
1139 5728 1274 5791 locus
1307 5728 1455 5780 deest
1494 5730 1543 5779 in
1566 5730 1735 5791 Editis.
1758 5739 1847 5784 sed
1873 5748 1937 5785 ex

356 5786 763 5901 t(initimts
802 5799 906 5841 Mss.
946 5799 1211 5855 excerptus
1238 5790 1349 5853 fuit,
1384 5800 1559 5857 estque
1596 5786 1941 5860 sane'alicujtts

1370 366 1437 423 IN
1474 363 1885 422 MATTIIEUM
1925 364 2158 422 IIOMIL.
2197 364 2332 421 LVI.
2375 365 2448 421 al.
2491 364 2651 423 LVII.
3552 378 3655 435 εει

2069 482 2149 555 git
2187 497 2309 539 eum
2335 523 2352 552 ,
2388 484 2513 556 quia
2544 483 2767 556 genuit,
2814 485 2912 542 sed
2956 488 3077 557 quia
3126 498 3181 545 et
3220 490 3442 561 aequalis
3468 504 3552 549 cst
3582 493 3658 550 illi

2070 575 2328 645 omnino,
2352 584 2427 651 et
2454 576 2695 647 ejusdem
2737 577 3048 635 voluntatis.
3076 581 3283 653 Duplex
3326 584 3509 655 igitur,
3550 586 3662 641 imo

2069 666 2265 736 triplex
2308 675 2391 722 est
2440 666 2742 725 dilectionis
2785 679 3162 743 argumentum
3211 690 3227 728 :
3273 675 3395 745 quia
3448 675 3657 739 Filius,

2067 757 2191 827 quia
2217 756 2464 825 dilectus,
2483 759 2605 829 quia
2634 759 2688 815 in
2706 760 2821 831 ipso
2841 762 2940 817 sibi
2957 763 3299 835 complacuit.
3328 766 3465 835 Quid
3496 782 3658 837 porro

2067 848 2335 918 signiﬁcat
2385 850 2515 906 illud
2544 893 2559 918 ,
2592 852 2661 906 In
2700 869 2798 923 quo
2822 855 2949 909 milii
2978 855 3098 910 bene
3142 859 3429 929 complacui
3452 860 3477 914 ἱ)
3507 861 3586 915 Ac
3615 862 3660 915 si

2067 941 2311 1010 diceret,
2359 942 2417 998 ln
2448 959 2555 1015 quo
2580 944 2835 1015 quiesco,
2876 963 2984 1018 quo
3005 949 3275 1017 oblector,
3322 953 3411 1022 qui
3441 954 3660 1008 omnino

2067 1034 2289 1103 aequalis
2334 1035 2462 1089 mihi
2494 1046 2611 1101 est,
2639 1046 2693 1092 et
2722 1038 2863 1107 quod
2894 1055 3054 1095 unam
3081 1056 3202 1096 cum
3230 1042 3387 1098 Patre
3412 1045 3658 1099 volunta-

2069 1133 2176 1179 tem
2219 1124 2437 1192 habeat,
2485 1135 2540 1182 et
2586 1127 2727 1198 quod
2758 1128 2925 1183 Filius
2954 1146 3198 1198 manens,
3244 1148 3410 1187 unum
3440 1135 3660 1189 Ollltlino

2066 1214 2136 1268 sit
2189 1230 2312 1270 cum
2358 1216 2633 1272 Genitore.
2667 1217 2851 1287 Ipsum
2873 1259 2893 1285 ,
2922 1220 3125 1290 inquit,
3158 1223 3348 1276 audite.
3393 1224 3573 1291 Quare
3613 1225 3660 1280 si

2065 1306 2304 1377 crucitigi
2353 1308 2620 1376 voluerit,
2670 1325 2736 1365 ne
2765 1311 3015 1365 obsistas.
3042 1312 3094 1366 6.
3137 1311 3205 1365 Et
3240 1314 3498 1369 audientes
3527 1318 3659 1369 ceci-

2066 1397 2245 1451 derunt
2266 1399 2317 1452 in
2347 1398 2502 1469 facies
2528 1417 2667 1465 suas,
2691 1410 2737 1455 et
2762 1402 3034 1456 timuerunt
3056 1403 3222 1458 valde.
3246 1405 3298 1459 7.
3331 1405 3395 1458 Et
3417 1408 3659 1462 accedens

2063 1487 2253 1555 Jesus,
2285 1492 2443 1561 tetigit
2487 1508 2592 1557 eos,
2638 1503 2683 1545 et
2720 1494 2850 1547 dixit
2888 1510 2907 1547 :
2937 1492 3164 1565 Surgite,
3208 1506 3255 1550 et
3284 1498 3436 1553 nolite
3460 1500 3653 1555 timere.

2064 1580 2120 1635 8.
2152 1579 2397 1637 Levantes
2431 1594 2601 1638 autent
2625 1586 2800 1640 oculos
2828 1603 2967 1650 suos,
3009 1589 3259 1642 neminem
3288 1592 3517 1646 uiderunt
3556 1593 3656 1647 nisi

2062 1674 2227 1728 solum
2247 1674 2445 1731 Jesum.

2133 1769 2187 1823 4.
2220 1770 2501 1836 Quomodo
2540 1770 2656 1828 hinc
2696 1772 2977 1829 audientes
3016 1776 3249 1846 perculsi
3294 1787 3420 1833 sunt
3448 1779 3473 1831 γ
3524 1780 3653 1836 Nam

2063 1860 2289 1916 antehac
2315 1864 2512 1917 emissa
2542 1863 2639 1919 fuit
2667 1880 2770 1920 vox
2802 1865 2923 1922 talis
2964 1867 3017 1921 in
3045 1867 3279 1925 Jordaue
3308 1887 3321 1935 ;
3354 1873 3521 1928 turba:
3560 1875 3655 1929 ad-

2061 1963 2235 2019 erant,
2262 1970 2419 2008 nemo
2441 1956 2710 2026 quidpiam
2741 1958 2844 2011 tale
2873 1974 3061 2030 passus
3089 1971 3170 2014 est
3202 1979 3215 2016 :
3246 1970 3300 2016 et
3324 1975 3507 2031 postea
3534 1981 3653 2020 rur-

2061 2063 2211 2113 sum,
2237 2050 2447 2119 quando
2474 2051 2669 2105 tonitru
2699 2051 2894 2106 factum
2924 2052 3085 2108 fuisse
3115 2054 3398 2122 dicebant;
3434 2058 3525 2112 sed
3555 2075 3652 2114 nec

2062 2146 2187 2194 tunc
2210 2140 2337 2210 quid
2364 2141 2538 2197 simile
2564 2152 2688 2197 sunt
2712 2145 2874 2213 passi.
2901 2144 3180 2211 Quomodo
3207 2147 3367 2216 igitur
3392 2148 3443 2202 in
3469 2160 3651 2207 monte

2060 2232 2410 2288 ceciderunt?
2451 2234 2583 2301 Quia
2614 2243 2668 2292 et
2703 2236 2971 2304 solitudo,
3002 2248 3058 2292 et
3100 2238 3324 2294 altitudo
3356 2242 3572 2310 montis,
3598 2252 3652 2297 et

2060 2324 2211 2394 quies
2241 2341 2430 2397 magna
2469 2336 2620 2396 erat,
2649 2335 2705 2383 et
2749 2329 3147 2399 transﬁguratio
3192 2330 3415 2388 horrore
3457 2335 3646 2403 plena,

2059 2426 2113 2473 et
2151 2419 2237 2473 lux
2268 2420 2544 2486 immensa,
2578 2431 2633 2477 et
2677 2421 2848 2477 nubes
2881 2433 3097 2479 extensa
3130 2442 3144 2478 :
3176 2442 3295 2494 qua:
3322 2428 3499 2482 omnia
3528 2429 3650 2486 illos

2060 2510 2112 2565 in
2156 2527 2408 2583 pavorem
2466 2528 2718 2585 magnum
2773 2514 3138 2585 conjecerunt.
3195 2516 3438 2588 Undique
3480 2530 3650 2575 terror

2057 2604 2364 2671 oriebatur,
2396 2615 2451 2662 et
2488 2606 2801 2663 ceciderunt
2830 2609 3001 2664 territi
3044 2610 3203 2664 simul
3239 2621 3293 2665 et
3335 2611 3643 2671 adorantes.

2057 2695 2135 2752 Ne
2176 2712 2338 2767 porro
2365 2698 2527 2753 timor
2556 2699 2646 2754 ille
2671 2700 2716 2755 si
2745 2698 2836 2754 diu
2866 2700 3186 2768 mansisset,
3219 2718 3397 2757 rerum
3438 2721 3644 2759 memo-

2058 2788 2190 2843 riam
2234 2789 2471 2856 deleret,
2513 2792 2691 2846 statim
2734 2792 2855 2848 illos
2892 2808 2922 2847 a
2953 2802 3158 2851 terrore
3197 2795 3464 2861 liberavit,
3498 2798 3646 2855 solus

2057 2881 2171 2950 ipse
2200 2882 2527 2953 conspicitur
2551 2926 2567 2951 ,
2598 2883 2917 2955 mandatque
2944 2885 3073 2956 ipsis
3105 2894 3163 2943 ut
3206 2888 3407 2943 nemini
3436 2890 3644 2957 dicant,

2054 2972 2226 3027 donec
2267 2988 2295 3026 a
2344 2974 2569 3029 mortuis
2614 2986 2937 3046 resurgeret.
2993 2976 3070 3047 (a)
3114 2977 3168 3033 9.
3219 2976 3649 3037 Descendentibus

2055 3064 2198 3118 enim
2240 3064 2343 3119 illis
2369 3065 2432 3119 de
2476 3076 2675 3130 monte,
2716 3068 2953 3136 praecepit
2979 3069 3049 3122 eis
3090 3079 3145 3122 ut
3179 3071 3367 3125 nemini
3403 3072 3644 3139 dicerent,

2054 3155 2211 3210 donec
2240 3158 2348 3227 ipse
2372 3173 2403 3210 a
2448 3158 2656 3212 mortuis
2686 3169 2982 3231 resurgeret.
3036 3160 3168 3215 Nam
3200 3172 3400 3233 quanto
3441 3165 3661 3234 majora

2053 3245 2122 3301 de
2165 3247 2257 3302 illo
2300 3248 2686 3313 narrabantur,
2735 3260 2882 3305 tanto
2927 3251 3135 3307 credito
3179 3253 3482 3310 difﬁciliora
3520 3267 3647 3313 tune

2052 3338 2238 3394 multis
2279 3350 2433 3395 erant
2473 3358 2486 3394 :
2531 3341 2840 3398 scandalum
2885 3353 3063 3399 autem
3106 3348 3282 3402 crucis
3311 3351 3482 3419 magis
3521 3350 3646 3407 inde

2052 3429 2350 3485 crescebat.
2376 3430 2578 3487 Idcirco
2594 3443 2771 3488 tacere
2781 3433 2953 3504 jubet,
2987 3451 3161 3506 neque
3178 3436 3515 3507 simpliciter,
3546 3442 3641 3497 sed

2054 3536 2238 3575 rursus
2286 3524 2587 3591 passionem
2635 3540 3096 3593 commemorans,
3152 3544 3215 3584 ac
3262 3529 3376 3586 fere
3428 3547 3642 3587 causam

2052 3610 2237 3667 dicens
2266 3629 2362 3668 cur
2402 3624 2579 3671 tacere
2600 3616 2833 3686 juberet.
2882 3618 3065 3689 Neque
3110 3621 3251 3675 enim
3289 3622 3443 3691 jubet
3490 3640 3644 3679 num-

2052 3720 2212 3773 quam
2245 3704 2359 3760 haec
2386 3708 2615 3778 cuipiam
2649 3708 2830 3765 dicere
2850 3751 2865 3776 ,
2896 3711 2997 3765 sed.
3020 3711 3194 3767 donec
3222 3713 3333 3786 ipse
3362 3730 3392 3769 a
3418 3718 3644 3772 mortuis

2052 3806 2377 3866 resurgeret.
2407 3798 2583 3868 Atque
2618 3797 2707 3854 hic
2733 3800 2883 3872 quod
2912 3801 3104 3857 durum
3133 3816 3247 3859 erat
3277 3813 3476 3869 tacens,
3499 3808 3641 3878 quod

2044 3884 2343 3956 jucundum
2373 3899 2490 3944 erat
2527 3898 2731 3946 tantum
2761 3891 2915 3948 dixit.
2946 3894 3082 3962 Quid
3123 3912 3251 3967 ergo
3279 3908 3461 3968 postea
3490 3902 3512 3954 ?
3540 3916 3640 3955 an-

2052 3994 2159 4034 non
2185 3981 2494 4036 scandalum
2525 3984 2735 4054 passuri
2772 3995 2927 4040 erant
2954 3988 2978 4041 ?
3005 3987 3369 4061 Nequaquam.
3406 3991 3645 4066 Tempus

2052 4088 2266 4128 crucem
2299 4073 2611 4143 prmcedens
2648 4084 2854 4133 tantum
2895 4084 3271 4150 quaerebatur:
3302 4098 3427 4141 nam
3457 4096 3640 4157 postea

2050 4164 2250 4234 Spiritu
2273 4176 2459 4221 sancto
2488 4165 2685 4237 dignati
2713 4178 2856 4234 sunt,
2885 4182 2940 4225 et
2967 4171 3241 4241 signorum
3262 4190 3447 4231 vocem
3477 4177 3640 4235 habe-

2052 4254 2181 4311 bant
2199 4256 2299 4311 sibi
2326 4259 2770 4327 patrocinantem,
2798 4270 2956 4331 atque
2983 4264 3161 4319 omnia
3191 4281 3309 4336 qua:
3336 4277 3461 4324 tunc
3488 4268 3638 4328 dico-

2049 4346 2180 4403 bant
2204 4349 2551 4419 acceptabilia
2584 4360 2759 4418 erant,
2788 4368 2910 4406 cum
2938 4369 3025 4409 res
3070 4356 3199 4425 ipsa:
3229 4358 3448 4427 clarius,
3475 4376 3635 4431 quam

2052 4439 2176 4495 tuba
2197 4440 2469 4510 quaelibet,
2498 4442 2615 4512 ejus
2639 4447 2930 4513 potentiam
2956 4449 3331 4520 praedicarent,
3370 4467 3471 4509 nec
3496 4471 3636 4526 quo-

2050 4531 2193 4602 piam
2224 4532 2616 4591 interveniente
2643 4535 2985 4594 oﬁ‘endiculo.

2119 4622 2308 4679 Christi
2345 4625 2589 4681 adventus
2623 4628 2872 4684 secundus
2907 4647 3066 4702 quam
3097 4635 3367 4705 gloriosus.
3394 4667 3465 4680 -
3492 4639 3636 4698 Nihil

2048 4730 2178 4787 ergo
2200 4717 2457 4787 apostolis
2486 4717 2693 4776 beatius
2714 4762 2732 4789 ,
2760 4722 3098 4795 maximeque
3132 4728 3299 4784 tribus
3324 4729 3427 4786 illis
3452 4732 3543 4802 qui
3582 4735 3636 4789 in

2049 4806 2189 4861 nube
2214 4806 2393 4879 obtegi
2426 4824 2528 4864 una
2554 4824 2675 4866 cum
2716 4812 2944 4870 Domino
2994 4816 3194 4887 dignati
3244 4829 3391 4878 sunt.
3440 4822 3547 4880 Sed
3592 4827 3640 4882 si

2048 4896 2293 4964 velimus,
2332 4912 2431 4953 nos
2469 4914 2682 4972 quoque
2727 4902 2998 4961 Christum
3044 4907 3344 4966 videbimus
3376 4928 3391 4966 :
3426 4929 3533 4970 non
3580 4927 3643 4972 ut

2048 4988 2122 5043 illi
2147 4999 2271 5044 tunc
2313 4990 2370 5045 in
2412 5003 2633 5058 monte.
2666 4995 2759 5051 sed
2787 4998 2956 5053 multo
2980 5000 3432 5071 splendidiorem:
3462 5023 3639 5080 neque

2046 5081 2190 5136 enim
2219 5082 2298 5137 sic
2325 5092 2597 5152 postremo
2620 5088 2820 5143 veniet.
2852 5089 2985 5146 Nam
3017 5101 3139 5149 tunc
3159 5094 3435 5167 discipulis
3473 5116 3533 5157 se
3560 5112 3642 5157 at-

2048 5181 2352 5243 temperans
2381 5184 2583 5233 tantum
2609 5179 2948 5249 splendorem
2974 5184 3180 5255 effudit,
3203 5199 3459 5260 quantum
3487 5204 3641 5264 pote.

2047 5274 2167 5319 rant
2194 5266 2270 5320 illi
2296 5266 2436 5322 ferre
2460 5284 2478 5334 ;
2509 5271 2561 5323 in
2588 5282 2829 5327 extremo
2854 5284 3032 5332 autem
3061 5287 3301 5350 tempore
3335 5284 3388 5338 in
3418 5290 3637 5358 propria

2048 5358 2221 5414 Patris
2246 5360 2414 5431 gloria
2442 5363 2641 5430 veniet,
2674 5381 2779 5420 non
2806 5382 2927 5423 cum
2953 5370 3135 5443 Moyse
3159 5383 3214 5429 et
3240 5375 3353 5430 Elia
3386 5387 3587 5434 tantum
3620 5424 3637 5443 ,

2045 5450 2141 5505 sed
2171 5466 2291 5506 cum
2321 5452 2584 5509 immenso
2604 5458 2915 5527 angelorum
2942 5463 3183 5518 exercitu
3208 5507 3222 5531 ,
3252 5481 3371 5521 cum
3402 5471 3637 5525 archan~

2045 5542 2179 5611 gelis
2203 5583 2217 5605 ,
2250 5558 2371 5596 cum
2401 5544 2716 5602 Clierubinis
2739 5590 2756 5614 ,
2798 5564 2917 5604 cum
2951 5552 3249 5622 hujusmodi
3296 5560 3635 5617 multitudine

2048 5632 2290 5699 inﬁnita;
2314 5649 2418 5688 non
2441 5650 2559 5689 cum
2583 5638 2724 5692 nube
2745 5650 2906 5711 caput
2926 5647 3222 5714 aperiente,
3248 5648 3340 5703 sed
3360 5651 3475 5719 ipso
3499 5658 3635 5706 caalo

2048 5734 2342 5780 contracto.
2379 5724 2510 5779 Nam
2537 5728 2809 5785 sicutcum
2830 5730 3042 5798 judices
3079 5738 3288 5806 publice
3311 5742 3630 5797 sententiam

2110 5862 2182 5925 (η)
2216 5862 2477 5926 Sequentia
2501 5877 2591 5924 per
2613 5865 3026 5923 hommotcleutnn
3052 5874 3258 5925 «merant
3285 5882 3333 5925 tu
3357 5881 3516 5929 not-el.
