4140 6376
486 348 590 404 555

484 466 738 538 prolaturi
786 475 930 533 sunt,
976 467 1063 536 qui
1115 466 1330 520 adstant
1374 467 1595 521 remotis
1646 466 1801 532 velis,
1846 462 1922 519 sic
1955 465 2075 519 illos

484 559 731 614 onmibus
767 557 1177 628 conspiciendus
1220 556 1459 627 praebent
1495 574 1509 610 :
1540 557 1610 611 ita
1639 566 1693 611 et
1739 566 1864 611 tunc
1890 570 2076 611 omnes

485 650 629 704 illum
660 649 936 705 sedentem
968 648 1243 712 videbunt,
1282 658 1337 705 et
1362 657 1470 702 tota
1491 647 1724 702 humana
1768 658 1953 701 natura
1998 648 2073 700 si-

483 752 674 807 stetur,
707 744 927 812 ipseque
964 758 1061 812 per
1104 756 1164 796 se
1210 740 1316 795 illis
1344 740 1726 810 respondebit;
1765 750 1925 809 atque
1959 738 2075 793 aliis

480 835 625 891 dicet
662 854 675 891 :
720 835 911 904 Venite,
942 836 1187 889 benedicti
1215 834 1386 890 Patris
1432 835 1531 888 ntei
1570 850 1589 888 :
1626 834 1809 888 esurivi
1834 834 2001 899 enim,
2029 842 2075 887 et

482 929 691 982 dedistis
739 928 866 981 mihi
904 928 1215 981 manducare
1256 926 1466 1000 (Matth.
1498 927 1589 981 25.
1622 926 1715 996 54)
1748 943 1761 979 :
1794 926 1913 980 aliis
1946 940 2076 980 vero

481 1020 626 1075 dicet
667 1039 682 1076 :
722 1020 868 1092 Euge
889 1062 907 1087 ,
930 1037 1068 1075 serve
1095 1021 1221 1074 bone
1249 1031 1294 1073 et
1315 1021 1480 1089 ﬁdelis
1505 1060 1519 1084 ,
1558 1036 1709 1090 super
1742 1035 1905 1089 pauca
1932 1019 2075 1089 fuisti

482 1112 671 1181 ﬁdelis.
699 1129 852 1181 super
876 1114 1038 1167 multa
1070 1122 1116 1166 te
1140 1113 1441 1166 constituam
1464 1109 1623 1180 (Ibid.
1657 1127 1702 1164 v.
1729 1109 1846 1179 21).
1873 1109 2072 1164 Contra

483 1220 611 1260 vero
638 1206 757 1259 aliis
788 1224 801 1259 :
832 1205 912 1260 Ile
934 1208 987 1260 in
1019 1208 1187 1278 ignem
1229 1217 1471 1260 (eternum
1500 1214 1733 1275 paratum
1779 1202 1981 1256 diabolo
2025 1210 2074 1255 et

482 1299 677 1369 angelis
698 1300 808 1369 ejus
835 1297 994 1369 (Ibid.
1026 1316 1075 1353 v.
1111 1298 1236 1369 4i);
1267 1298 1387 1352 aliis
1412 1312 1541 1353 vero
1560 1340 1575 1362 ,
1607 1297 1763 1352 Serve
1791 1304 2074 1364 nequamvet

484 1394 623 1462 piger
649 1390 813 1461 (Ibid.
849 1408 896 1445 v.
924 1390 1039 1462 26).
1070 1390 1138 1446 Et
1163 1390 1298 1444 alios
1341 1389 1554 1460 quidem
1597 1388 1919 1452 dissecabit,
1968 1398 2074 1441 tra-

482 1486 676 1553 detque
709 1484 1027 1549 tortoribus;
1050 1484 1186 1538 alios
1206 1498 1334 1540 vero
1361 1483 1535 1553 ligatis
1564 1483 1810 1537 manibus
1839 1490 1893 1536 et
1922 1481 2072 1551 pedi-

488 1577 586 1630 bus
620 1577 829 1646 jubebit
867 1576 1052 1646 projici
1098 1576 1150 1630 in
1183 1576 1431 1631 tenebras
1474 1574 1787 1631 exteriores.
1842 1574 1909 1628 Et
1954 1582 2074 1643 post

486 1670 717 1724 securim
748 1671 930 1724 fornax
963 1669 1220 1738 excipiet,
1251 1683 1313 1723 ac
1338 1682 1457 1738 qua:
1496 1682 1527 1721 a
1556 1682 1751 1737 sagena
1782 1666 2072 1736 projieiun-

484 1772 588 1828 tur,
622 1763 745 1818 illuc
773 1762 986 1817 cadent.
1012 1759 1155 1815 Tunc
1167 1761 1295 1833 justi
1317 1759 1577 1831 fulgebunt
1599 1760 1726 1813 sicut
1753 1758 1831 1813 sol
1856 1756 2069 1828 (Matth.

485 1856 572 1909 15.
602 1852 725 1927 45);
756 1854 863 1909 imo
884 1853 1002 1924 plus
1022 1867 1181 1923 quam
1204 1852 1302 1906 sol.
1329 1851 1383 1906 Id
1406 1866 1537 1906 vero
1559 1850 1773 1915 dicitur,
1798 1865 1903 1903 non
1926 1847 2068 1918 quod

484 1948 571 2000 lux
615 1961 800 2001 eorum
844 1946 1004 2001 solari
1049 1961 1144 2016 par
1178 1954 1381 2000 tantum
1404 1946 1508 2012 sit;
1556 1943 1651 1998 sed
1696 1942 1819 2013 quia
1867 1952 2072 1996 astrum

486 2040 685 2093 nullum
718 2038 819 2094 hoc
846 2038 1177 2108 splendidius
1203 2037 1481 2103 habemus,
1513 2036 1581 2092 ab
1622 2036 1725 2091 hoc
1773 2044 1959 2090 notum
1996 2034 2074 2088 fa-

482 2147 605 2187 cere
653 2132 818 2186 voluit
857 2130 1091 2186 futurum
1130 2140 1437 2186 sanctorum
1464 2129 1825 2199 splendorem.
1854 2126 1987 2181 Nam
2019 2126 2071 2181 in

484 2234 665 2277 monte
692 2235 906 2293 quoque
929 2265 944 2289 ,
967 2238 1087 2277 cum
1112 2222 1272 2290 dixit,
1304 2222 1635 2293 Resplenduit
1658 2231 1712 2275 ut
1746 2222 1821 2274 sol
1845 2262 1856 2283 ,
1886 2219 2073 2274 eadem

484 2315 551 2369 de
581 2330 741 2369 causa
767 2315 846 2369 sic
872 2314 1121 2385 loquutus
1148 2322 1249 2369 est.
1278 2313 1409 2367 Nam
1428 2312 1569 2382 quod
1594 2312 1764 2382 major
1790 2312 1882 2365 lux
1905 2318 2071 2374 esset,

487 2422 645 2460 mam
674 2422 734 2462 ea
760 2422 879 2477 quae
906 2408 957 2461 in
993 2408 1241 2477 exemplo
1266 2407 1467 2473 fertur,
1513 2406 1782 2461 testificati
1825 2414 1950 2460 sunt
1988 2404 2072 2460 di-

484 2502 676 2571 scipuli
705 2502 978 2558 cadentes.
1018 2501 1073 2557 Si
1101 2517 1261 2572 porro
1292 2516 1397 2556 non
1438 2502 1698 2557 immensa
1728 2500 1819 2555 lux
1849 2500 2071 2567 fuisset,

483 2593 578 2647 sed
599 2594 729 2648 solis
755 2593 859 2648 luci
883 2609 997 2662 par,
1022 2608 1129 2647 non
1150 2592 1487 2660 cecidissent,
1512 2593 1607 2648 sed
1625 2593 1783 2648 facile
1802 2592 2069 2648 tulissent.

483 2686 618 2741 Justi
650 2685 809 2757 igitur
838 2695 963 2742 tunc
990 2685 1272 2755 fulgebunt
1317 2687 1454 2742 sicut
1491 2687 1594 2752 sol,
1647 2697 1702 2741 et
1749 2688 1865 2756 plus
1911 2701 2072 2757 quam

485 2778 565 2832 sol
599 2794 612 2830 :
641 2788 951 2846 peccatores
979 2792 1109 2833 vero
1137 2786 1377 2833 extrema
1425 2780 1712 2848 patientur.
1761 2778 1911 2833 Tunc
1968 2793 2075 2833 non

485 2870 883 2924 commentariis
917 2884 1051 2939 opus
1093 2870 1191 2924 erit
1217 2909 1233 2937 ,
1262 2886 1366 2924 non
1392 2871 1741 2939 argumentis,
1772 2886 1875 2924 non
1922 2870 2074 2926 testi-

487 2963 586 3017 bus
614 2979 629 3018 :
653 2978 774 3016 nam
807 2964 920 3032 ipse
946 2963 1104 3033 judex
1134 2963 1313 3017 omnia
1338 2973 1441 3029 est,
1485 2965 1658 3028 testis,
1699 2974 2072 3035 argumentum

487 3063 543 3109 et
565 3053 751 3124 judex.
784 3054 973 3109 Omnia
1004 3054 1199 3125 quippe
1227 3055 1370 3110 clare
1406 3056 1553 3111 novit
1578 3056 1669 3112 ille
1697 3075 1711 3111 :
1739 3072 1859 3111 nam
1890 3056 2077 3111 Omnia

488 3146 628 3199 nuda
672 3156 721 3199 et
762 3156 937 3214 aperta
982 3156 1101 3201 sunt
1146 3147 1305 3201 oculis
1352 3149 1460 3219 ejus
1503 3147 1688 3219 (Hebr.
1718 3149 1927 3221 4.15);
1969 3166 2075 3205 non

490 3239 636 3295 dives
658 3283 671 3305 ,
705 3256 810 3293 non
839 3255 1041 3311 pauper
1065 3281 1080 3305 ,
1113 3254 1219 3294 non
1250 3249 1438 3310 potens
1458 3282 1473 3306 ,
1506 3256 1613 3296 non
1648 3240 1923 3307 inﬁrmus,
1968 3258 2077 3297 non

490 3334 704 3401 sapiens
724 3375 737 3398 ,
770 3348 875 3386 non
908 3332 1197 3401 insipiens,
1226 3347 1329 3386 non
1357 3346 1565 3399 servus,
1596 3348 1704 3389 non
1730 3333 1886 3401 liber,
1919 3350 2077 3390 nemo

490 3423 599 3476 illic
637 3424 931 3492 apparebit,
980 3422 1075 3478 sed
1121 3422 1205 3477 his
1255 3424 1498 3493 personis
1536 3426 1812 3492 contritis,
1855 3441 2076 3495 operum

494 3527 693 3569 tantum
722 3532 944 3570 examen
985 3516 1106 3570 erit.
1133 3515 1265 3569 Nam
1295 3516 1341 3570 si
1368 3517 1420 3571 in
1444 3516 1694 3586 judiciis,
1726 3532 1846 3572 cum
1869 3518 1985 3588 quis
2012 3518 2079 3574 de

493 3609 774 3679 tyrannide
822 3615 914 3662 aut
965 3607 1032 3663 de
1084 3609 1231 3664 caade
1271 3623 1489 3664 causam
1534 3608 1707 3677 dicit,
1756 3611 2078 3680 quicumque

490 3702 675 3769 fuerit,
703 3703 817 3758 sive
846 3700 1149 3773 praefectus,
1182 3702 1295 3757 sive
1313 3702 1521 3769 consul,
1543 3703 1661 3758 sive
1685 3702 1893 3773 quidvis
1912 3703 2075 3769 aliud,

493 3797 673 3852 omnia
699 3795 915 3850 avolant
941 3795 1167 3866 insignia
1193 3794 1485 3865 dignitatis,
1517 3804 1572 3851 et
1598 3797 1686 3866 qui
1714 3796 2079 3866 deprehensus

495 3902 576 3946 est
594 3932 611 3958 ,
642 3899 916 3945 extremas
940 3890 1030 3946 dat
1056 3903 1243 3961 poenas
1268 3906 1282 3943 :
1310 3889 1479 3945 multo
1505 3892 1676 3960 magis
1712 3890 1783 3944 ibi
1811 3905 1897 3945 res
1925 3892 1995 3945 ita
2020 3906 2080 3947 se

494 3983 728 4038 habebit.

567 4077 619 4130 5.
668 4075 837 4129 Virtus
877 4071 1047 4144 facilis
1066 4114 1082 4141 ,
1108 4072 1330 4143 nequitia
1355 4088 1586 4127 onerosa.
1632 4070 1822 4128 Contra
1850 4089 2077 4128 usuram.

495 4197 567 4207 —
595 4165 651 4220 Id
673 4180 741 4220 ne
766 4165 879 4231 fiat,
908 4177 1186 4234 ponamus,
1216 4163 1462 4227 obsecro,
1492 4164 1735 4219 sordidas
1782 4174 1962 4221 vestes
1982 4208 1995 4233 ,
2028 4176 2082 4221 et

496 4256 777 4312 induamur
822 4269 971 4309 arma
1024 4254 1178 4321 lucis,
1235 4264 1289 4309 et
1340 4255 1509 4325 gloria
1557 4255 1652 4310 Dei
1697 4257 1912 4311 amiciet
1958 4271 2077 4312 nos.

496 4349 635 4416 Quid
660 4349 801 4404 enim
829 4363 895 4403 ex
920 4349 1200 4417 przeceptis
1228 4347 1432 4417 grave?
1452 4346 1577 4417 quid
1598 4363 1701 4401 non
1734 4348 1926 4403 facile?
1943 4350 2081 4404 Audi

499 4442 659 4513 igitur
682 4440 808 4510 quid
830 4440 968 4494 dicat
986 4440 1241 4510 propheta
1261 4479 1276 4505 ,
1303 4447 1359 4495 et
1387 4450 1512 4494 tunc
1541 4439 1847 4495 facilitatem
1878 4440 2081 4496 intelli-

499 4552 591 4610 ges
618 4554 633 4591 :
665 4533 841 4605 Neque
877 4534 921 4588 si
957 4532 1292 4587 incurvaveris
1318 4574 1335 4600 ,
1364 4532 1509 4603 quasi
1558 4532 1841 4600 circulum,
1893 4535 2083 4589 collum

501 4641 662 4691 tuum,
690 4638 735 4681 et
754 4643 956 4682 saccum
979 4634 1027 4679 et
1053 4626 1269 4679 cinerem
1292 4624 1640 4693 substraveris,
1664 4643 1822 4697 neque
1841 4627 1912 4680 sic
1936 4644 2085 4681 voca-

500 4722 575 4777 bis
585 4720 840 4792 jejunium
867 4717 1200 4787 acceptabile'
1222 4733 1239 4771 :
1259 4717 1348 4771 sed
1370 4719 1505 4771 solve
1535 4735 1681 4772 omne
1706 4720 1958 4773 vinculum
1987 4720 2086 4774 ini-

502 4814 743 4884 quitatis,
790 4812 1004 4866 dissolve
1047 4810 1375 4880 obligationes
1420 4810 1753 4865 violentarum
1793 4814 2085 4883 pactionum

502 4906 654 4975 (Isoi.
688 4902 775 4961 58.
807 4906 859 4960 5.
896 4904 974 4973 6).
1004 4901 1138 4957 Vide
1182 4901 1452 4972 propheta:
1480 4903 1814 4971 sapientiam.
1846 4904 2085 4960 Onerosa

505 5001 654 5071 prius
698 4997 873 5066 posuit
917 5007 972 5051 et
1022 4994 1271 5061 sustulit,
1306 5004 1360 5049 et
1407 5010 1439 5049 a
1490 4994 1812 5051 facilioribus
1858 5000 2084 5054 salutem

503 5090 756 5157 euttsequi
784 5096 951 5157 rogat,
984 5086 1294 5152 ostendens,
1342 5102 1449 5140 non
1493 5085 1705 5142 labores
1755 5088 1943 5155 Deum,
1989 5090 2085 5145 sed

502 5179 860 5236 obedientiam
886 5192 1199 5249 exposcere.
1230 5178 1435 5234 Deinde
1464 5188 1521 5233 ut
1548 5190 1936 5236 commonstret
1980 5184 2087 5237 vir-

505 5283 674 5326 tutem
714 5270 945 5332 facilem,
1000 5268 1291 5340 nequitiam
1337 5286 1466 5325 vero
1521 5286 1803 5326 onerosam
1858 5288 1998 5341 esse,
2054 5290 2085 5329 a

506 5363 661 5418 nudis
692 5361 995 5416 nominibus
1034 5361 1087 5416 id
1128 5360 1373 5416 adstruit.
1401 5359 1647 5431 Nequitia
1671 5362 1811 5417 enim
1833 5403 1851 5429 ,
1883 5364 2083 5434 inquit,

504 5457 875 5512 cstvinculum
906 5463 959 5509 et
987 5454 1258 5525 obligatio,
1293 5455 1460 5508 virtus
1482 5462 1655 5509 autem
1685 5456 1753 5509 ab
1783 5456 1865 5511 his
1888 5458 2085 5512 libera-

508 5553 582 5606 tio
607 5562 664 5607 et
690 5548 904 5605 solutio.
938 5545 1149 5599 Omnem
1175 5545 1517 5617 syngraphum
1544 5546 1787 5614 injustam
1817 5547 2042 5617 discerpe
2068 5591 2084 5616 ,

507 5648 768 5700 ftenorum
790 5651 843 5696 et
865 5655 1145 5697 usurarum
1162 5640 1418 5709 rescripta
1439 5641 1515 5694 sic
1538 5640 1829 5711 appellans.
1858 5639 2090 5697 Dissolve

572 5780 589 5811 ι
621 5774 807 5837 Morel,
822 5790 972 5846 neque
996 5777 1065 5846 sic
1088 5773 1277 5825 vocabis
1294 5772 1590 5846 sacriﬁcium
1608 5776 1915 5842 acceptabile.
1941 5786 2086 5841 Unus,

510 5853 658 5906 neque
680 5852 749 5894 διε
780 5836 964 5891 vocabis
990 5841 1115 5890 diem
1139 5836 1492 5902 accwtabilem.

1241 346 1297 402 S.
1341 344 1619 402 JOANNlS
1654 338 2129 401 CHRYSOSTOMI
2166 302 2480 400 ARCHIEP.
2526 344 3061 406 CONSTANTINOP.

3668 360 3771 417 556

2189 468 2477 535 confractos
2528 468 2582 521 in
2641 470 2966 539 remissione,
3020 473 3246 528 miseros
3300 476 3564 533 videlicet.
3629 481 3772 537 Talis

2184 557 2378 627 quippe
2422 558 2632 613 debitor
2675 571 2757 616 est
2791 578 2952 617 :cum
3002 565 3191 620 viderit
3232 570 3553 626 creditorem
3580 616 3593 639 ,
3654 576 3769 645 ejus

2184 650 2393 704 animus
2422 650 2700 720 frangitur,
2750 655 3030 726 ipsumque
3073 660 3242 725 magis
3267 676 3424 731 quam
3458 663 3624 719 feram
3655 668 3769 721 for-

2183 740 2369 795 midat.
2416 741 2483 795 Et
2527 761 2770 814 pauperes
2814 757 2942 801 tecto
2991 761 3213 805 carentes
3256 754 3407 807 induc
3455 757 3509 809 in
3562 758 3769 813 domum

2184 841 2323 886 tuam
2344 849 2365 898 ;
2393 835 2438 888 si
2456 836 2640 891 videris
2668 839 2881 903 nudum,
2912 843 3051 911 operi
3070 860 3203 909 eum,
3227 856 3274 899 et
3309 850 3541 919 proprios
3563 854 3769 907 seminis

2183 925 2257 977 tui
2290 941 2390 979 non
2416 926 2665 997 despicias
2687 928 2842 998 (Isai.
2875 930 2965 987 58.
2995 933 3072 1004 7).
3101 935 3159 989 In
3182 937 3442 994 concione
3478 956 3633 1009 quam
3664 959 3765 997 nu-

2183 1030 2280 1084 per
2325 1015 2627 1084 habuimus,
2684 1034 2805 1074 cum
2851 1021 2919 1078 de
2948 1025 3183 1093 praemiis
3211 1041 3511 1097 ageremus,
3552 1031 3767 1088 divitias

2182 1105 2306 1162 inde
2332 1118 2511 1177 partas
2536 1109 2869 1167 ostendimus
2914 1131 2928 1168 :
2975 1130 3118 1171 nunc
3146 1132 3307 1187 porro
3333 1120 3608 1177 videamus
3635 1141 3762 1179 num

2179 1196 2307 1266 quid
2335 1212 2401 1252 ex
2434 1202 2716 1270 praeceptis
2742 1202 2961 1259 difficile
2984 1206 3089 1272 sit,
3135 1216 3190 1262 et
3241 1218 3485 1266 naturam
3527 1224 3763 1270 nostram

2180 1298 2415 1357 superet.
2445 1291 2552 1345 Sed
2578 1291 2710 1345 nihil
2740 1294 2915 1349 simile
2944 1296 3309 1365 inveniemus;
3342 1302 3453 1356 imo
3496 1309 3765 1363 contraria

2180 1381 2380 1448 omnia,
2430 1381 2501 1437 ita
2546 1393 2607 1439 ut
2651 1400 2771 1456 qua:
2811 1386 3058 1444 virtutem
3102 1402 3365 1463 spectant,
3392 1412 3637 1467 magnam
3668 1400 3765 1454 ha-

2179 1475 2341 1530 beant
2389 1478 2717 1546 facilitatem,
2772 1492 2958 1537 contra
3006 1499 3152 1551 vero,
3207 1502 3327 1557 quae
3375 1489 3442 1544 ad
3472 1493 3763 1562 nequitiam

2181 1569 2487 1636 pertinent,
2536 1571 2765 1628 sudores
2811 1576 3089 1631 maximos.
3124 1578 3262 1646 Quid
3293 1580 3434 1637 enim
3466 1594 3549 1639 est
3573 1586 3764 1642 diffici-

2180 1659 2298 1725 lius,
2330 1677 2488 1731 quam
2522 1662 2796 1733 ftenerari,
2826 1681 2889 1721 ae
2913 1668 2979 1722 de
3002 1684 3159 1724 usura
3181 1682 3235 1727 et
3259 1675 3589 1743 pactionibus
3620 1681 3765 1735 solli-

2177 1750 2341 1805 citum
2385 1768 2526 1819 esse,
2570 1757 2892 1825 sponsiones
2937 1771 3211 1832 expetere,
3254 1780 3317 1820 ac
3357 1767 3424 1822 de
3451 1769 3762 1839 pignoribus

2178 1851 2418 1898 metuere
2461 1859 2525 1900 ac
2568 1855 2817 1914 tremere,
2858 1850 2928 1906 de
2977 1862 3142 1918 sorte,
3185 1856 3253 1912 de
3299 1860 3638 1930 syngraphis,
3694 1862 3764 1918 de

2178 1934 2495 2002 faenoribus,
2524 1938 2590 1995 de
2619 1943 2995 2011 sponsionibus
3018 1946 3070 2000 ‘?
3094 1946 3251 2005 Tales
3294 1960 3419 2005 sunt
3461 1968 3551 2009 res
3593 1969 3762 2010 saecu-

2178 2027 2340 2083 lares.
2375 2028 2498 2083 llazc
2542 2047 2660 2101 qua:
2695 2033 2903 2089 videtur
2945 2038 3238 2108 excogitata
3281 2044 3540 2100 securitas
3586 2048 3762 2117 suspi-

2182 2120 2423 2175 cionibus
2456 2122 2606 2191 pleua
2630 2166 2644 2190 ,
2676 2134 2729 2179 et
2754 2128 2989 2182 omnium
3018 2128 3355 2201 fragilissima
3396 2146 3505 2203 est;
3550 2139 3762 2194 miseri-

2178 2210 2414 2266 cordiam
2480 2226 2657 2270 autem
2702 2232 2954 2275 exercere
2998 2221 3153 2278 facile
3205 2228 3346 2294 est’,
3396 2230 3465 2283 ab
3511 2232 3763 2302 omnique

2186 2302 2546 2360 sollicitudine
2590 2306 2799 2363 liberat.
2846 2309 2924 2366 Ne
2968 2313 3127 2383 igitur
3180 2315 3386 2373 alienas
3436 2320 3763 2379 calamitates

2181 2395 2537 2463 negotiemur,
2568 2414 2638 2453 ne
2658 2398 2712 2453 in
2738 2400 2943 2457 lucrum
2971 2413 3240 2462 vertamus
3268 2409 3356 2463 illa
3383 2426 3501 2480 qua:
3542 2414 3608 2468 ad
3658 2416 3761 2469 mi-

2180 2484 2527 2540 sericordiam
2556 2499 2821 2557 spectant.
2853 2492 2978 2549 Scio
3006 2495 3220 2566 quidem
3242 2540 3257 2565 ,
3287 2502 3484 2556 multos
3516 2503 3630 2558 hwc
3651 2520 3761 2559 non

2181 2574 2409 2633 libenter
2435 2579 2620 2635 audire
2645 2598 2659 2635 :
2686 2582 2780 2638 sed
2807 2585 2933 2654 quid
2962 2601 3028 2642 ex
3057 2587 3270 2645 silentio
3295 2591 3426 2646 lucri
3453 2595 3764 2652 accederet?

2180 2669 2237 2725 Si
2269 2681 2495 2738 taceam,
2522 2682 2577 2729 et
2603 2676 2801 2731 nemini
2831 2679 3129 2735 molestiam
3151 2684 3331 2740 verbis
3359 2686 3580 2743 inferam
3605 2728 3622 2750 .
3654 2706 3762 2745 non

2182 2773 2369 2834 potero
2422 2781 2517 2836 per
2564 2769 2837 2825 silentium
2889 2788 2984 2829 vos
3027 2789 3058 2829 a
3105 2778 3364 2847 supplicio
3400 2794 3624 2848 eruere;
3653 2783 3760 2838 imo

2182 2855 2307 2912 hinc
2334 2860 2512 2913 omnia
2554 2863 2824 2917 contraria
2851 2866 3105 2921 eveniunt
3134 2885 3147 2923 :
3176 2870 3434 2940 supplicia
3462 2882 3723 2943 augentur
3741 2915 3758 2941 ,

2183 2958 2345 3019 atque
2373 2952 2680 3021 hujusmodi
2726 2955 2962 3024 silentii,
2994 2974 3099 3012 non
3131 2974 3226 3014 vos
3257 2970 3458 3016 tantum
3487 3004 3503 3030 ,
3537 2964 3631 3018 sed
3660 2980 3762 3036 ego

2182 3042 2341 3095 etiam
2372 3058 2557 3112 poenas
2582 3044 2787 3101 darem.
2815 3048 2895 3101 Ad
2927 3049 3056 3119 quid
3082 3051 3242 3121 igitur
3262 3055 3548 3109 verborum
3569 3056 3762 3111 adula«

2184 3134 2277 3198 tio,
2310 3136 2523 3203 quando
2545 3137 2634 3191 illa
2659 3138 2726 3192 ad
2752 3141 3079 3209 operandum
3109 3144 3407 3214 nihiljuvat
3429 3189 3442 3211 ,
3473 3148 3580 3202 imo
3600 3150 3760 3205 etiam

2183 3227 2390 3281 nocet?
2443 3228 2584 3297 quod
2633 3229 2839 3285 lucrum
2891 3233 3058 3288 verbo
3104 3233 3339 3290 lwtitiam
3374 3278 3391 3303 ,
3442 3254 3502 3294 re
3546 3238 3763 3297 dolores

2181 3316 2419 3375 afl'erre?
2456 3335 2612 3377 aures
2649 3323 2955 3380 demulcere
2980 3336 3037 3381 et
3071 3329 3303 3383 animam
3332 3330 3592 3400 supplicio
3615 3333 3763 3387 addi-

2182 3413 2340 3467 cere?
2382 3414 2506 3469 ldeo
2531 3430 2751 3471 necesse
2793 3426 2876 3472 est
2920 3418 3007 3475 hic
3051 3421 3254 3487 dolere,
3305 3439 3377 3480 ne
3426 3426 3536 3481 illic
3580 3443 3763 3497 poenas

2183 3504 2388 3559 demus.
2422 3504 2553 3560 Nam
2582 3510 2780 3578 gravis,
2811 3512 2986 3580 gravis
3011 3523 3157 3569 certe
3178 3524 3234 3570 et
3253 3518 3474 3573 omnino
3498 3521 3765 3578 curandus

2184 3596 2400 3650 morbus
2444 3597 2737 3654 Ecclesiam
2783 3601 2993 3658 invasit.
3031 3604 3131 3672 Qui
3163 3606 3517 3675 prohibentur
3564 3613 3649 3667 vel
3695 3628 3762 3669 ex

2180 3688 2339 3759 justis
2365 3690 2637 3747 laboribus
2669 3697 2919 3763 pecunias
2944 3701 3301 3770 accumulare,
3334 3704 3438 3759 imo
3463 3706 3550 3777 qui
3573 3706 3763 3776 juben-

2186 3787 2271 3834 tur
2299 3796 2432 3852 opes
2458 3799 2582 3839 suas
2604 3788 2787 3856 egenis
2820 3791 3031 3860 aperire
3052 3833 3068 3860 ,
3102 3808 3167 3847 ex
3199 3795 3423 3850 aliorum
3457 3812 3767 3869 paupertate

2184 3872 2455 3930 ditescunt
2480 3918 2494 3942 ,
2529 3881 2827 3947 speciosam
2860 3885 3099 3952 rapinam
3127 3888 3493 3959 excogitantes
3538 3902 3591 3947 et
3631 3894 3766 3951 bene

2184 3966 2476 4021 coloratam
2498 3970 2796 4025 avaritiam.
2820 3972 2897 4028 Ne
2919 3976 3047 4030 mihi
3070 3990 3318 4034 externas
3343 3980 3488 4051 leges
3514 3984 3763 4053 objicias:

2186 4061 2501 4129 publicanus
2546 4066 2690 4119 enim
2741 4066 2909 4137 legem
2941 4068 3083 4123 illam
3114 4074 3434 4129 exteriorem
3466 4087 3682 4146 servat,
3716 4090 3769 4133 et

2188 4161 2366 4208 tamen
2410 4153 2502 4210 dat
2545 4172 2750 4226 pinnas.
2794 4159 2945 4227 Quod
2984 4162 3143 4217 etiam
3174 4180 3273 4219 nos
3319 4168 3611 4236 patiemur,
3667 4171 3768 4225 nisi

2186 4244 2492 4302 desinamus
2524 4265 2785 4320 pauperes
2808 4262 3073 4322 atterere,
3124 4266 3178 4312 et
3208 4260 3447 4328 penuriae
3493 4264 3768 4331 egestatis-

2187 4355 2292 4410 que
2330 4343 2612 4400 occasione
2652 4356 2881 4417 sumpta,
2920 4348 3230 4419 impudente
3258 4352 3402 4408 abuti
3430 4369 3609 4410 usura.
3644 4356 3769 4412 Ideo

2186 4433 2331 4487 enim
2379 4436 2631 4504 pecunias
2677 4436 2873 4507 habes,
2906 4449 2962 4494 ut
2992 4453 3357 4512 paupertatem
3402 4448 3619 4516 solvas,
3663 4466 3770 4505 non

2189 4533 2248 4579 ut
2269 4540 2388 4581 eam
2415 4528 2719 4597 Opprimas;
2753 4540 2809 4584 tu
2840 4547 2968 4586 vero
2988 4575 3003 4601 ,
3033 4536 3183 4603 quasi
3214 4552 3369 4604 opem
3401 4536 3580 4595 ferens
3603 4582 3618 4607 ,
3648 4557 3771 4596 ma—

2185 4621 2359 4692 jorem
2406 4620 2570 4677 infers
2613 4623 2968 4680 calamitatem
2996 4667 3011 4692 ,
3058 4637 3113 4683 et
3142 4628 3513 4687 liberalitatem
3546 4638 3770 4703 pecunia

2192 4715 2400 4771 vendis.
2438 4714 2620 4771 Vende
2641 4758 2655 4781 ,
2689 4732 2792 4772 non
2823 4729 2947 4773 veto
2971 4762 2986 4786 ,
3025 4721 3118 4776 sed
3149 4737 3245 4791 pro
3274 4739 3439 4795 regno
3465 4727 3721 4783 canorum
3753 4746 3767 4784 :

2193 4822 2260 4863 ne
2291 4823 2510 4878 parvum
2536 4809 2764 4878 accipias
2790 4812 2969 4880 Operis
2996 4811 3215 4883 hujusce
3242 4818 3475 4884 pretium
3498 4860 3513 4884 ,
3548 4836 3765 4876 usuram

2192 4899 2533 4955 centesimam
2565 4898 2673 4973 (a),
2706 4901 2799 4955 sed
2829 4903 2987 4957 vitam
3033 4905 3412 4963 immortalem.
3441 4912 3546 4966 Cur
3572 4929 3772 4983 panper

2194 5003 2247 5050 et
2298 5009 2499 5065 egenus
2544 4996 2642 5050 es?
2693 5010 2788 5051 cur
2838 4999 3011 5066 pusilli
3038 5001 3221 5067 animi,
3271 5013 3327 5058 ut
3370 5021 3559 5076 magna
3606 5025 3771 5079 parvo

2194 5088 2368 5156 pretio
2416 5087 2621 5141 vendas
2647 5127 2663 5154 ,
2706 5097 2759 5141 et
2808 5104 2907 5159 pro
2953 5090 3169 5147 caducis
3215 5097 3456 5162 pecuniis
3483 5098 3617 5165 des,
3648 5117 3769 5156 cum

2193 5188 2468 5249 oporteret
2500 5193 2595 5249 pro
2635 5194 2802 5249 regno
2826 5180 3059 5236 vendere
3097 5198 3311 5254 semper
3339 5192 3630 5245 manente?
3676 5208 3771 5249 cur

2196 5273 2304 5328 Deo
2357 5272 2567 5341 relicto,
2616 5272 2844 5329 humana
2886 5275 3149 5332 lucraris?
3191 5295 3288 5334 cur
3332 5280 3496 5339 divite
3539 5285 3721 5341 relicto
3752 5328 3767 5356 ,

2258 5464 2274 5495 ι
2310 5462 2499 5527 Morel.,_
2520 5461 2582 5510 de
2605 5460 2839 5527 frenorum
2860 5455 3205 5527 sponsionibus.

2257 5528 2278 5557 ²
2313 5532 2456 5583 Unus,
2482 5519 2759 5586 impendere
2781 5527 2941 5586 autem
2962 5519 3105 5580 facile
3126 5530 3214 5572 est.

2260 5588 2332 5650 (α)
2364 5587 2481 5637 Erat
2523 5600 2666 5649 porro
2689 5585 2944 5650 centesima
2967 5596 3125 5650 usura}
3144 5598 3335 5650 genus,
3364 5599 3461 5647 quo
3501 5600 3583 5647 qm
3608 5601 3655 5636 tn
3681 5588 3755 5635 fuaL

2196 5644 2288 5700 nus
2307 5644 2626 5712 accipiebant,
2652 5644 2856 5708 singulis
2874 5647 3125 5695 mensibus
3150 5644 3467 5712 centesiniam
3492 5644 3639 5696 sortis
3664 5662 3767 5711 par-

2196 5721 2295 5762 tem
2318 5710 2584 5769 solv'erent,
2623 5712 2688 5759 ita
2714 5717 2766 5757 ut
2787 5710 3263 5773 centumdmensilius
3295 5718 3477 5759 sortem
3498 5710 3765 5773 aequarent.

2196 5784 2272 5825 ne
2296 5777 2499 5837 reliquis
2519 5771 3091 5885 ceutemimatvgcueribus
3109 5771 3215 5821 vide
3234 5786 3376 5836 supra
3409 5774 3455 5821 in
3490 5771 3769 5835 pra-talione

2198 5842 2252 5885 nd
2272 5849 2493 5885 quartum
2517 5844 2729 5885 't‘omum.
2754 5834 2777 5885 ξ
2837 5868 2853 5884 .

2198 5842 2252 5891 ad
2272 5834 2493 5906 quartum
2517 5844 2729 5905 tomum,
2753 5834 2853 5897 εν.
