4140 6376
452 252 558 313 557

445 367 509 422 τὺ
550 349 685 441 μηδὲ
745 371 941 428 ειδέναι
1004 375 1335 448 κεῴαίνειη
1384 378 1546 431 Πόσοι
1577 379 1670 432 καὶ
1715 379 1777 433 τὸ
1824 379 2116 447 κεφάλαιον

446 456 735 511 ἀπώλεσαν
770 459 859 513 διὰ
904 462 1126 529 τόκουςς
1182 465 1338 519 πόσοι
1376 465 1640 528 κινδύνοις
1677 468 2002 537 περιέπεσον
2028 468 2116 522 διὰ

444 543 668 611 τόκους;
699 546 855 600 πόσοι
875 549 969 603 καὶ
999 551 1224 615 ἐαυτοῦς
1248 551 1343 606 καὶ
1372 553 1590 624 ἐτέρους
1612 553 1772 625 πενίᾳ
1790 555 2113 624 περιέϐαλον

444 631 647 706 ἐσχάτῃ
671 633 758 687 διὰ
778 635 879 707 τὴν
899 636 1104 705 ἄφατον
1135 638 1444 706 πλεονεξίαν
1463 657 1478 706 ;

514 725 590 783 ς’.
621 720 711 791 Μὴ
741 722 848 792 γάρ
872 740 962 792 μοι
984 724 1141 779 τοῦτο
1163 727 1342 799 εἴπῃς,
1365 728 1446 781 ὅτι
1474 727 1661 799 ἥδεται
1681 728 1994 798 λαμϐάνων,
2018 730 2113 784 καὶ

443 800 601 875 χαριν
658 805 769 876 ἔχει
822 808 916 863 τοῦ
969 809 1345 883 δανείσματος.
1389 814 1561 868 Τοῦτο
1590 814 1699 887 γὰρ
1746 817 1835 869 διὰ
1872 815 1972 889 τὴν
2015 818 2113 889 σὴν

442 889 700 962 ὠμότητα
751 894 975 963 γίνεται.
1026 898 1177 952 Ἐπεὶ
1228 902 1321 954 καὶ
1374 902 1403 955 6
1444 902 1697 976 Ἀϐραάμ
1733 904 1834 976 τὴν
1880 908 2112 973 γυναῖκα

444 978 683 1044 ἐκδιδοὺς
711 984 823 1046 τοῖς
852 983 1171 1058 βαρϐάροις,
1202 989 1364 1054 αὐτὸς
1396 992 1801 1057 κατεσκεύαζεν
1839 995 1883 1026 ⁷⁵
1949 995 2114 1049 εὐπα-

444 1066 699 1135 ράδεκτον
738 1072 990 1132 γενέσθαι
1012 1075 1109 1144 τὴν
1141 1074 1291 1149 [574]
1321 1078 1641 1151 ἐπιϐουλήνο
1673 1081 1790 1135 ἀλλ’
1816 1081 1913 1153 οὐχ
1943 1082 2106 1148 ἐκὼν,

441 1154 576 1244 ἀλλά
599 1155 686 1209 διὰ
706 1157 796 1210 τὸν
822 1160 985 1228 φόϐον
1010 1161 1103 1215 τοῦ
1134 1163 1351 1235 Φαραώ.
1367 1164 1523 1220 Οῦτω
1543 1167 1637 1221 καὶ
1656 1169 1685 1223 6
1712 1169 1903 1240 πένης,
1920 1171 2108 1244 ἐπειδὴ

438 1242 558 1295 οὐδὲ
590 1244 777 1299 τούτου
817 1246 966 1312 ἄξιον
1016 1250 1180 1305 αὐτὸν
1217 1246 1355 1307 εἶναι
1400 1254 1660 1326 νομίζεις,
1700 1257 1794 1310 καὶ
1825 1242 2109 1330 ὠμότητος

437 1332 803 1400 ἀναγκάζεται
826 1338 984 1410 χάριν
1015 1339 1235 1395 εἰδέναι.
1263 1341 1335 1395 Σὺ
1361 1342 1417 1395 δέ
1450 1360 1539 1413 μοι
1573 1343 1773 1409 δοκεῖς,
1797 1346 1901 1401 κᾶν
1926 1346 2108 1401 κινδύ-

436 1435 540 1472 νων
572 1421 910 1497 ἀπαλλάξῃς,
946 1427 1135 1497 μισθὸν
1166 1429 1417 1483 ἀπαιτεῖν
1433 1433 1532 1500 τῆς
1552 1432 1875 1506 ἀπαλλαγῆς
1902 1435 2108 1507 ταύτης
2178 1438 2182 1442 ’

435 1507 618 1595 αὐτόν.
668 1511 900 1581 Ἄπαγε,
930 1516 1081 1587 φησὶ,
1119 1517 1194 1589 μὴ
1232 1518 1463 1586 γένοιτο.
1502 1519 1568 1571 Τί
1613 1518 1821 1590 λέγεις;
1857 1522 1962 1576 Τοῦ
1990 1524 2107 1595 μεί-

433 1593 586 1685 ςονος
602 1598 985 1685 ἀπαλλάττων,
1025 1605 1086 1656 οὐ
1119 1604 1297 1675 βούλει
1332 1608 1587 1676 χρήματα
1635 1610 1915 1665 ἀπαιτεῖνσ
1963 1593 2105 1685 ὑπὲρ

431 1680 487 1735 δὲ
532 1683 624 1737 τοῦ
659 1687 940 1754 ἐλάττονος
972 1691 1241 1762 τοσαύτην
1289 1696 1658 1751 ἐπιδείκνυσαι
1689 1697 1787 1769 τὴν
1819 1700 2108 1773 ἀπανθρω-

432 1770 595 1861 πίαν;
641 1776 752 1846 Οὐχ
784 1779 915 1849 ὁρᾷς
941 1781 1038 1851 ὅση
1070 1780 1147 1851 τῷ
1181 1786 1467 1853 πράγματι
1498 1788 1675 1840 κεῖται
1704 1789 1978 1861 τιμωρία;
2004 1770 2107 1845 οὐκ

430 1860 649 1926 ἀκούεις
684 1865 767 1917 ὅτι
793 1868 887 1920 καὶ
916 1868 973 1922 ἐν
1001 1872 1067 1941 τῇ
1108 1871 1319 1940 Παλαιᾷ
1367 1873 1525 1927 τοῦτο
1558 1860 1894 1945 κεκώλυται;
1946 1879 2105 1934 Ἀλλά

429 1947 513 2012 τίς
533 1949 643 2039 τῶν
663 1952 875 2009 πολλῶν
893 1956 921 2009 6
937 1956 1094 2026 λόγος
1111 1976 1126 2025 ;
1153 1960 1347 2013 Λαϐὼν
1365 1963 1456 2014 τὸν
1477 1963 1654 2031 τόκον,
1675 1965 1868 2038 πένητι
1888 1968 2101 2039 δίδωμι,

429 2038 616 2107 φησίν.
635 2040 906 2114 Εὐφήμει,
939 2044 1192 2117 ἄνθρωπε
1215 2063 1227 2077 ⁸
1252 2049 1313 2101 οὐ
1346 2048 1591 2119 βούλεται
1616 2054 1869 2119 τοιαύτας
1913 2038 2104 2122 θυσίας

427 2126 456 2177 6
494 2125 641 2189 Θεός.
689 2130 781 2201 Μὴ
825 2132 1046 2202 σοφίζου
1084 2134 1176 2189 τὸν
1204 2138 1387 2205 νόμον.
1416 2137 1633 2193 Βέλτιον
1680 2142 1756 2214 μὴ
1783 2142 1983 2198 διδόναι
2007 2144 2104 2198 πέ-

430 2232 568 2285 νητι,
604 2216 638 2287 ἢ
672 2220 921 2277 ἐντεῦθεν
946 2222 1163 2278 διδόναι’
1199 2227 1282 2281 ὅτι
1310 2229 1460 2282 τὸέκ
1502 2230 1727 2285 δικαίων
1771 2234 1948 2288 πόνων
1979 2235 2102 2288 συλ-

427 2301 583 2370 λεγὲν
621 2306 883 2378 ἀργύριον
913 2310 1174 2376 πολλάκις
1200 2318 1374 2379 ποιεῖς
1398 2314 1538 2371 εἶναι
1566 2319 1883 2390 παράνομον
1918 2322 2006 2377 διὰ
2030 2324 2101 2379 τὰ

426 2392 1043 2485 πονηράμγεννήματα·
1101 2400 1291 2474 ὥσπερ
1335 2404 1401 2458 ἀν
1465 2407 1519 2459 εί
1560 2425 1643 2471 τις
1703 2409 1867 2480 νηδὺν
1927 2412 2099 2485 καλὴν

425 2478 722 2548 ἀναγκάζοι
747 2483 954 2539 τίκτειν
998 2489 1312 2558 σκορπίους.
1355 2492 1462 2546 Καὶ
1485 2494 1537 2547 τί
1564 2493 1709 2564 λέγω
1727 2478 1819 2551 τδν
1840 2498 1936 2551 τοῦ
1962 2478 2097 2556 Θεοῦ

425 2566 621 2637 νόμον;
686 2572 823 2642 Οὐχὶ
870 2574 965 2627 καὶ
993 2575 1152 2645 ὑμεῖς
1187 2577 1359 2647 ῥύπον
1407 2580 1539 2635 αὐτὸ
1577 2583 1828 2651 καλεῖτε;
1862 2587 1923 2641 Εἰ
1953 2589 2010 2642 δέ
2047 2592 2096 2642 οἱ

424 2655 801 2727 κερδαίνοντες
823 2662 1049 2716 τοιαῦτα
1070 2665 1114 2696 ⁷¹
1141 2665 1467 2735 ψηφίζεσθε,
1494 2672 1745 2742 ἐννόησον
1765 2675 1888 2729 τίνα
1914 2678 1943 2730 6
1965 2678 2098 2743 Θεὸς

423 2745 553 2834 περὶ
587 2745 739 2816 ὐμῶν
777 2749 911 2802 οἴσει
932 2751 1029 2823 τὴν
1050 2752 1248 2824 ψῆφον.
1277 2756 1337 2808 Εἰ
1380 2757 1438 2810 δὲ
1471 2757 1653 2827 βούλει
1685 2764 1931 2829 καὶτοὺς
1961 2767 2095 2834 ἔξω-

425 2830 515 2928 θεν
540 2835 833 2904 νομοθέτας
851 2839 1090 2928 ἐρέσθαι,
1110 2842 1315 2915 ἀκούσῃ
1337 2846 1416 2899 ὅτι
1444 2849 1718 2914 κάκείνοις
1738 2852 1841 2922 τῆς
1860 2830 2094 2928 ἐσχάτης

423 2921 807 3013 ἀναισχυντίας
827 2925 889 2979 τὸ
912 2930 1140 2999 πρᾶγμα
1167 2932 1363 3004 δεῖγμα
1384 2935 1430 2965 ⁷³
1449 2932 1587 2991 εἶναι
1612 2938 1777 2995 δοκεῖ.
1801 2921 2093 3013 Τοὺςγοῦν

423 3008 482 3099 ἐν
516 3008 822 3099 ἀξιώμασιν
871 3014 1051 3080 δντας,
1093 3020 1187 3073 καὶ
1239 3024 1318 3086 είς
1368 3022 1466 3094 τὴν
1516 3025 1760 3098 μεγάλην
1803 3008 2093 3099 τελοῦντας

423 3096 640 3170 βουλὴν,
705 3103 770 3174 ἣν
822 3104 1123 3178 σύγκλητον
1189 3112 1467 3176 καλοῦσιν,
1516 3119 1578 3170 οὐ
1633 3096 1791 3187 θέμις
1829 3096 2092 3187 τοιούτοις

423 3187 639 3280 κέρδεσι
657 3190 1223 3280 τδῃκαταισχύνεσθαιο
1260 3200 1397 3255 ἀλλά
1413 3202 1578 3275 νόμος
1601 3207 1718 3260 ἐστὶ
1750 3209 1882 3280 παρ’
1906 3210 2091 3276 αὐτοῖς

422 3275 454 3328 6
480 3276 549 3365 τά
589 3278 814 3334 τοιαῦτα
842 3282 1203 3353 ἀπαγορεύων
1233 3288 1420 3360 κέρδη.
1473 3291 1601 3356 Πῶς
1641 3289 1735 3349 οῦν
1779 3275 1882 3352 οὐκ
1939 3275 2088 3365 ἀξιον

423 3363 645 3458 φρίκης,
676 3368 726 3421 εί
765 3368 898 3458 μηδὲ
918 3371 1187 3446 τοσαύτην
1213 3376 1509 3449 ἀπονέμοις
1531 3382 1579 3413 ’⁸
1606 3385 1672 3454 τῇ
1698 3384 1807 3438 τῶν
1842 3363 2088 3458 οὐρανῶν

423 3452 671 3544 πολιτείᾳ
704 3456 888 3528 τιμὴν,
912 3458 1042 3531 ὅσην
1062 3464 1128 3533 τῇ
1164 3462 1330 3535 βουλῇ
1367 3452 1728 3535 Ῥωμαίων-οἱ
1774 3452 2084 3544 νομοθέταιο

423 3541 539 3638 ἀλλ’
570 3544 809 3638 ,ἔλαττον
834 3549 969 3638 οἴσει
1021 3551 1116 3621 τῆς
1165 3551 1270 3622 γῆς
1297 3556 1325 3607 6
1365 3555 1609 3627 οὐρανὸς,
1639 3562 1732 3614 καὶ
1758 3541 1878 3617 οὐδὲ
1916 3566 2087 3638 αὐτὴν

424 3627 680 3721 αίσχύνῃᾷ
708 3631 803 3721 τοῦ
864 3633 1185 3706 πράγματος
1229 3640 1327 3710 τὴν
1365 3642 1615 3713 ἀλογίαν;
1649 3648 1715 3702 Τί
1760 3651 1868 3721 γὰρ
1898 3627 2088 3708 τούτου

423 3716 623 3812 γένοιτ’
656 3719 721 3773 ἂν
750 3720 1109 3812 ἀλογώτερον,
1145 3727 1260 3782 ἀλλ’
1291 3728 1323 3801 ἢ
1365 3732 1491 3784 ὅταν
1529 3751 1614 3797 τις
1658 3716 1967 3812 χωρίς-γῆς
1996 3745 2091 3798 καὶ⁹

425 3806 583 3860 ὑετοῦ
618 3809 712 3862 καὶ
729 3810 960 3883 ἀρότρου
990 3811 1245 3885 βιάζηται
1266 3818 1535 3890 σπείρειν;
1571 3806 1848 3882 Διάντοῦτο
1875 3806 2089 3895 ζιζάνια

1191 265 1248 320 S.
1292 265 1578 322 JOANNIS
1613 265 2103 323 CIIRYSOSTOMI
2143 265 2466 328 ARCHIEP.
2506 273 3059 333 CONSTANTINOP.

3786 287 3895 346 558

2221 383 2497 457 θερίζουσι
2540 387 2612 443 τὰ
2665 389 2744 460 τῷ
2790 390 2923 462 πυρὶ
2962 391 3362 464 παραδιδόμενα
3397 394 3447 449 οί
3497 394 3597 469 τὴν
3648 409 3893 473 πονηράν

2215 474 2419 547 ταύτην
2449 479 2839 551 ἐπινοήσαντες
2863 484 3163 555 γεωργίαν.

2286 566 2377 637 Μὴ
2416 568 2526 638 γὰρ
2565 568 2665 622 οὐκ
2700 570 2807 623 είσὶ
2850 571 3059 628 δίκαιαι
3097 573 3364 644 ἐμπορίαι
3393 574 3619 640 πολλαί;
3676 578 3736 633 αί
3780 578 3892 632 τῶν

2214 651 2420 724 ἀγρῶν,
2448 655 2505 709 αἱ
2526 654 2636 709 τῶν
2660 658 2945 727 ποιμνίων,
2966 660 3024 713 αἱ
3052 659 3163 714 τῶν
3180 660 3493 730 βουκολίων,
3518 666 3575 717 αί
3592 665 3702 720 τῶν
3720 665 3891 738 θρεμ-

2216 741 2421 811 μάτων,
2441 743 2624 798 αίτῶν
2643 745 2860 815 χειρῶν,
2900 747 2957 801 al
2986 748 3084 819 τῆς
3111 750 3428 820 ἐπιμελείας
3451 751 3561 806 τῶν
3589 752 3788 821 δντωνς
3822 754 3889 808 Τί

2215 830 2381 902 μαίνῃ
2401 832 2491 885 καὶ
2506 833 2975 907 παραπαίειςείκῆ
2993 836 3257 907 γεωργῶν
3283 837 3546 904 ἀκάνθας;
3574 839 3715 893 Ἀλλ’
3736 841 3890 912 ἐχου-

2212 934 2298 971 σιν
2315 918 2613 990 ἀποτυχίας
2624 921 2674 974 οἱ
2686 921 2786 990 τῆς
2800 920 2905 991 γῆς
2916 924 3142 995 καρποὶ,
3158 925 3252 978 καὶ
3266 926 3507 997 χάλαζαν
3520 927 3618 981 καὶ
3630 928 3890 1000 ἐρυσίϐην

2210 1007 2304 1059 καὶ
2332 1006 2666 1079 ἐπομϐρίας;
2705 1008 2844 1062 Ἀλλ’
2867 1010 2929 1063 οὐ
2975 1010 3263 1077 τοσαύτας,
3295 1014 3428 1079 ὅσας
3470 1016 3519 1069 οί
3559 1016 3729 1071 τόκοι.
3777 1017 3889 1071 Καὶ

2209 1093 2319 1165 γὰρ
2346 1094 2447 1148 ὅσα
2492 1094 2557 1149 ἂν
2590 1096 2813 1167 γένηται
2846 1099 3069 1154 τοιαῦτα
3094 1141 3110 1166 ,
3144 1102 3274 1172 περὶ
3317 1102 3418 1174 τὴν
3449 1102 3711 1174 πρόσοδον
3738 1105 3772 1175 ἡ
3799 1103 3890 1175 ζη-

2211 1182 2337 1253 μία’
2365 1183 2427 1236 τὸ
2452 1183 2509 1237 δὲ
2536 1185 2826 1253 κεφάλαιον
2847 1186 3100 1258 ἕστηκεν,
3126 1190 3155 1243 ό
3179 1190 3367 1263 ἀγρός.
3384 1191 3651 1246 Ἐνταῦθα
3677 1191 3736 1246 δὲ
3758 1192 3888 1246 πολ-

2209 1272 2292 1326 λοὶ
2334 1272 2591 1338 πολλάκις
2620 1276 2679 1328 ἐν
2707 1273 2787 1345 τῷ
2813 1276 3092 1345 κεφαλαίῳ
3133 1278 3196 1332 τὸ
3242 1278 3503 1349 ναυάγιον
3542 1279 3841 1351 ὑπέμειναν
3866 1297 3882 1312 ·

2208 1361 2304 1414 καὶ
2336 1361 2444 1432 πρὸ
2466 1361 2567 1431 τῆς
2594 1362 2796 1433 ζημίας
2838 1363 2896 1417 δὲ
2940 1365 2997 1417 ἐν
3033 1365 3273 1438 διηνεκεῖ
3296 1368 3435 1421 εἰσιν
3463 1367 3691 1438 ἀθυμίᾳ.
3718 1368 3886 1421 Οὐδέ-

2207 1465 2337 1504 ποτε
2365 1449 2477 1521 γὰρ
2502 1450 2764 1505 ἀπολαύει
2787 1451 2897 1505 τῶν
2924 1452 3093 1507 ὄντων
3121 1454 3151 1507 6
3174 1454 3480 1527 δανειστὴς,
3511 1455 3633 1509 οὐδὲ
3665 1455 3885 1524 εὐφραί-
3992 1518 3997 1522 ν

2206 1556 2356 1592 νεται
2387 1540 2481 1594 ἐπὶ
2500 1539 2729 1606 τούτοις,
2762 1540 2878 1594 ἀλλ’
2908 1541 3035 1595 ὅταν
3078 1543 3108 1595 6
3150 1542 3309 1607 τόκος
3337 1543 3553 1616 ἐνεχθῇ,
3587 1543 3650 1597 οὐ
3680 1543 3882 1616 χαίρει,

2208 1626 2289 1682 ὅτι
2318 1627 2579 1698 πρόσοδος
2606 1629 2848 1697 γέγονεν,
2877 1627 3012 1681 ἀλλά
3044 1628 3312 1695 λυπεῖται,
3344 1630 3429 1684 ὅτι
3460 1630 3673 1684 οὐδέπω
3701 1630 3763 1683 τὺ
3792 1648 3883 1684 κε-

2208 1714 2434 1783 φάλαιον
2476 1714 2709 1785 ἔφθασεν
2736 1715 2765 1768 6
2800 1715 2958 1779 τόκος
2978 1732 2993 1747 ·
3026 1716 3124 1770 καὶ
3161 1718 3292 1789 πρὶν
3323 1718 3356 1788 ἢ
3383 1716 3588 1771 τέλειον
3624 1717 3886 1789 τεχθῆναι

2203 1800 2266 1855 τὸ
2294 1801 2464 1855 κακὸν
2507 1802 2753 1874 γέννημα
2782 1801 2959 1868 τοῦτο,
2995 1803 3089 1856 καὶ
3131 1803 3262 1856 αὐτὸ
3306 1803 3513 1857 τίκτειν
3555 1801 3876 1872 ἀναγκάζει,

2203 1889 2329 1952 τοὺς
2357 1888 2548 1950 τόκους
2579 1888 2873 1957 κεφάλαιον
2907 1889 3097 1953 ποιῶν,
3129 1889 3222 1943 καὶ
3259 1888 3578 1960 βιαζόμενος
3616 1889 3687 1943 τὰ
3723 1890 3879 1960 ἄωρα

2204 1977 2297 2030 καὶ
2326 1976 2696 2047 ἀμϐλωθρίδια
2721 1979 3073 2049 προενεγκεῖν
3089 1978 3138 2009 ⁷⁸
3154 1978 3473 2048 γεννήματα
3497 1979 3604 2032 τῶν
3632 1977 3875 2048 ἐχιδνῶν.

2203 2064 2456 2117 Τοιοῦτον
2478 2062 2586 2135 γὰρ
2611 2066 2659 2117 οί
2679 2066 2860 2118 τόκοιο
2885 2065 2994 2119 τῶν
3023 2064 3229 2137 θηρίων
3262 2065 3485 2119 ἐκείνων
3517 2065 3716 2136 μᾶλλον
3755 2083 3874 2120 κατ-

2202 2151 2441 2204 εσθίουσι
2474 2151 2566 2204 καὶ
2596 2151 2967 2223 σπαράττουσι
2999 2151 3098 2215 τάς
3122 2150 3229 2204 τῶν
3252 2151 3451 2207 ἀθλίων
3483 2151 3679 2223 ψυχάς.
3705 2152 3881 2206 Τοῦτο

2203 2238 2352 2312 [575]
2390 2238 2682 2308 σύνδεσμος
2710 2239 2924 2303 ἀδικίας
2944 2256 2958 2270 ·
2984 2238 3143 2293 τοῦτο
3174 2240 3511 2312 στραγγαλιά
3537 2240 3729 2310 βιαίων
3758 2258 3877 2295 συνο

2201 2329 2581 2399 αλλαγμάτων.
2620 2327 2823 2398 Δίδωμι
2863 2328 2993 2400 γὰρ,
3026 2330 3210 2399 φησὶν,
3262 2330 3359 2400 οὐχ
3401 2329 3487 2382 ἵνα
3536 2328 3727 2400 λάϐῃς,
3758 2329 3876 2384 ἀλλ’

2201 2420 2288 2472 ἵνα
2321 2417 2542 2470 πλείονα
2570 2415 2804 2486 ἀποδῷς.
2836 2418 2946 2471 Καὶ
2978 2419 3007 2471 6
3047 2418 3147 2490 μὲν
3190 2417 3321 2483 Θεὸς
3364 2418 3487 2472 οὐτε
3515 2419 3577 2473 τὸ
3599 2420 3875 2490 διδόμενον

2199 2501 2410 2555 κελεύει
2449 2500 2634 2553 λαϐεῖν
2655 2517 2669 2529 ·
2703 2500 2908 2555 Δίδοτε
2941 2503 3072 2573 γὰρ,
3103 2502 3257 2573 φησὶ,
3298 2504 3434 2571 παρ’
3466 2496 3554 2557 ὧν
3579 2503 3651 2557 οὐ
3684 2517 3871 2570 προσ-

2199 2584 2416 2640 δοκᾶτε
2443 2584 2651 2639 λαϐεῖν
2670 2601 2681 2615 ’
2718 2584 2781 2637 σὺ
2816 2584 2871 2637 δὲ
2898 2585 2992 2638 καί¹
3031 2585 3125 2638 τοῦ
3164 2585 3437 2655 διδομένου
3454 2587 3498 2617 ⁷⁷
3528 2585 3688 2639 πλέον
3717 2585 3876 2640 ἀπαι-

2198 2672 2329 2735 τεῖς,
2346 2668 2441 2722 καὶ
2461 2669 2597 2739 ὅπερ
2623 2669 2723 2721 οὐκ
2747 2669 2973 2735 ἔδωκας,
2996 2669 3153 2723 τοῦτο
3173 2670 3246 2734 ὡς
3267 2670 3613 2741 ὀφειλόμενον
3634 2671 3877 2739 ἀναγκά-

2196 2754 2311 2818 ζεις
2345 2753 2659 2807 καταθεῖναι
2686 2753 2778 2805 τὸν
2798 2753 3057 2823 εἰληφότα
3074 2754 3141 2807 ⁷⁸.
3164 2755 3272 2807 Καὶ
3299 2756 3363 2808 σὺ
3392 2754 3490 2824 μὲν
3515 2753 3755 2824 νομίζεις
3775 2753 3874 2825 τὴν

2195 2838 2382 2891 οὐσίαν
2418 2854 2498 2890 σοι
2534 2836 2845 2901 πλεονάζειν
2892 2834 3175 2889 ἐντεῦθεν*
3208 2836 3329 2889 ἀντὶ
3368 2836 3425 2889 δὲ
3466 2838 3567 2906 τῆς
3590 2835 3780 2899 οὐσίας
3812 2834 3875 2889 τὸ

2196 2920 2309 2992 πῦρ
2350 2920 2609 2983 ἀνάπτεις
2651 2919 2712 2974 τὸ
2758 2918 3145 2972 άσϐεστον.”Ιν’
3172 2914 3264 2973 οῦν
3316 2918 3389 2989 μὴ
3438 2919 3597 2971 τοῦτο
3624 2917 3870 2989 γένηται,

2195 3005 2517 3076 ἐκκόψωμεν
2550 3004 2649 3074 τὴν
2689 3002 2932 3071 πονηρὰν
2957 3002 3117 3071 νηδὺν
3151 3001 3259 3054 τῶν
3300 3002 3494 3064 τόκων,
3528 3000 3872 3074 πηρώσωμεν

2192 3091 2293 3154 τὰς
2340 3087 2691 3160 παρανόμους
2742 3085 2958 3148 ὠδῖνας,
3000 3085 3428 3157 ἁναξηράνωμεν
3482 3085 3581 3157 τὴν
3632 3085 3873 3155 ὀλέθριον

2192 3173 2395 3243 ταύτην
2423 3171 2684 3242 γαστέρα,
2717 3171 2810 3222 καὶ
2846 3168 2917 3221 τά
2957 3167 3130 3239 ἀληθῆ
3173 3168 3268 3221 καὶ
3299 3168 3509 3239 μεγάλα
3556 3169 3720 3241 κέρδη
3750 3168 3874 3221 διώο

2193 3274 2380 3326 κωμεν
2428 3256 2585 3326 μόνα.
2624 3253 2758 3307 Τίνα
2784 3254 2841 3306 δέ
2887 3251 3060 3306 ταῦτά
3092 3254 3267 3317 ἐστινς
3301 3254 3568 3307 Ἀκουσον
3585 3254 3630 3284 ⁷⁸
3662 3252 3873 3306 Παύλου

2194 3339 2460 3408 λέγοντος,
2503 3339 2584 3391 ὅτι
2625 3336 2823 3405 Μέγας
2857 3335 3148 3403 πορισμὸς
3190 3336 3228 3403 ἡ
3273 3336 3550 3389 εὐσέϐεια
3589 3336 3739 3406 μετὰ
3768 3338 3873 3390 αὐ-

2193 3422 2487 3491 ταρκείας.
2517 3420 2720 3474 Τοῦτον
2747 3419 2924 3472 τοίνυν
2958 3419 3279 3488 πλουτῶμεν
3305 3420 3397 3472 τὸν
3429 3420 3658 3474 πλοῦτον
3688 3420 3869 3490 μόνον,

2194 3504 2281 3558 ἵνα
2307 3505 2401 3558 καὶ
2415 3502 2649 3557 ἐνταῦθα
2672 3502 2856 3565 ἀδείας
2882 3500 3300 3571 ἀπολαύσωμεν,
3326 3503 3544 3556 καὶτῶν
3568 3502 3871 3574 μελλόντων

2194 3587 2541 3656 ἐπιτύχωμεν
2569 3584 2809 3653 ἀγαθῶν,
2827 3584 3009 3655 χάριτι
3032 3585 3127 3639 καὶ
3150 3585 3530 3657 φιλανθρωπίᾳ
3547 3586 3641 3640 τοῦ
3663 3587 3869 3659 Κυρίου

2192 3676 2224 3743 ὴ
2236 3673 2351 3743 μῶν
2382 3671 2555 3743 Ἰησοῦ
2603 3671 2862 3743 Χριστοῦ.
2896 3663 2941 3738 ᾧ
2974 3672 3008 3742 ἡ
3037 3671 3164 3739 δόξα
3194 3672 3290 3725 καὶ
3330 3672 3391 3726 τὸ
3437 3674 3635 3745 κράτος
3671 3675 3767 3728 σὺν
3792 3673 3872 3745 τῷ

2194 3757 2372 3828 Πατρὶ⁵
2404 3756 2500 3810 καὶ
2529 3755 2607 3826 τῷ
2640 3754 2781 3825 ἁγίῳ
2811 3753 3112 3825 Πνεύματι,
3144 3753 3240 3808 νῦν
3270 3755 3365 3809 καὶ
3390 3755 3478 3811 ἀεὶ
3514 3756 3610 3810 καὶ
3635 3758 3715 3821 είς
3745 3757 3871 3821 τοὺς

2196 3841 2403 3904 αἰῶνας
2434 3839 2545 3894 τῶν
2576 3837 3023 3908 αίώνων.’Δμήν.
3080 3902 3085 3905 Α

491 3939 535 3971 ⁷¹
572 3942 995 4035 εξαξξῖξξά,αέίε,γ,
1026 3945 1119 4035 με.
1146 3946 1381 4035 M;.M°.x.
1424 3955 1563 4035 haec.
1591 3957 1851 4035 ἀλλ’,οὑχ
1906 3965 2050 4019 ἑκών

2202 3976 2301 4022 mn
2326 3968 2379 4022 in
2437 3968 2501 4021 Η.
2542 3965 2603 4019 L.
2680 3968 2725 3999 τ’
2763 3963 2935 4017 ταῦτα
2991 3962 3054 4015 G.
3087 3962 3173 4035 1(ζ
3230 3963 3277 3996 ⁷³
3315 3963 3515 4035 δεῖγμα
3544 3980 3653 4018 om.
3693 3964 3758 4017 K.
3802 3964 3861 4020 Ι..

425 4006 497 4063 31.
572 4011 617 4041 ⁷⁸
654 4006 862 4077 τούτοις
885 4006 997 4077 τοῖς
1023 4033 1074 4069 κ.
1100 4016 1163 4071 L.
1192 4016 1263 4075 Μ.
1337 4023 1382 4054 ⁷⁸
1398 4006 1691 4099 ἀπονέμεις
1719 4006 2100 4107 ιῖῠάκποὶνῖμοιρ

424 4077 469 4110 ⁷⁷
498 4078 779 4120 δεδηηέυηη
809 4082 917 4120 ΙιῖΛιΙ
965 4084 1132 4120 ιλιι-1η
1158 4102 1282 4120 nun.
1314 4090 1592 4120 R-:-.-1_,-__
1626 4099 1734 4120 n_,,
1787 4104 1828 4120 ν.
1996 4107 2040 4120 ..
2097 4108 2100 4118 ς

2327 4006 2381 4069 '7';
2406 4006 2501 4093 S‘iIc:
2522 4006 2740 4093 cum
2771 4036 2897 4091 Sav.
2924 4050 3116 4120 ferere-2
3136 4033 3232 4088 Ge.
3253 4006 3866 4120 ςωῑςέξῗπροσενεγκεξν.

498 4078 779 4152 δεδομένου
806 4082 941 4139 Edd.
964 4084 1133 4143 Paulo
1157 4102 1282 4173 autc
1312 4078 2100 4166 δεδομένῶΠῖκῖἶῖεἶιῖ’Ἴἳέ

2202 4078 2281 4163 ζὸᾆς
2311 4078 2741 4180 ειλτζςρἷτέῖῗὲί
2766 4078 2848 4163 ἆὲ
2874 4078 3045 4159 είιῗιιίι
3064 4104 3288 4160 Mnnlef.
3365 4106 3410 4137 νο
3428 4078 3772 4161 Ἀἕούσωιὶεν
3798 4104 3864 4160 ιι.

612 4286 2188 4316 -——————_.__...________________

1944 4384 2186 4440 ΟΜΙΛῘΔ
2235 4388 2357 4443 NZ'.

424 4457 960 4545 Kal'érinpéfncar
982 4465 1170 4545 ai;er
1196 4469 1253 4545 οζ
1273 4469 1743 4545 μαθηταιμαὺτώ
1774 4474 2059 4545 λέγοντες
2080 4495 2095 4509 ο

494 4528 694 4611 τῃοῦν
722 4536 775 4611 o_l
807 4528 1162 4605 γραμματεῖς
1182 4528 1492 4609 λέγουσιν,
1520 4540 1613 4597 ὅτι
1652 4528 1868 4601 Ἦλίαῖ
1893 4528 2102 4603 6866:1-

491 4604 622 4656 θεῖν
647 4604 882 4671 πρῶτον
894 4619 914 4668 ;

487 4706 558 4755 α’.
577 4703 692 4756 Οὐκ
707 4704 816 4776 ἄρα
834 4704 942 4759 ἀπὸ
962 4706 1073 4761 τῶν
1094 4708 1323 4778 Γραφῶν
1337 4710 1497 4764 τοῦτο
1515 4711 1730 4783 ᾔδεσαν,
1756 4716 1872 4770 ἀλλ’
1897 4720 2097 4775 ἐκεῖνοι

421 4789 647 4853 ἑαυτοὺς
664 4790 713 4823 ⁸⁸
740 4790 1049 4862 διεσάφουν,
1077 4794 1173 4848 καὶΙ
1208 4797 1569 4868 περιεφέρετο
1595 4800 1623 4852 6
1651 4800 1807 4869 λόγος
1844 4798 1998 4868 οὗτος
2038 4806 2096 4861 ἐν

428 4876 497 4946 τῷ
532 4877 745 4949 ἀπείρῳ
778 4879 953 4950 δήμῳ,
996 4880 1247 4953 καθάπερ
1277 4884 1370 4937 καὶ
1401 4886 1551 4938 ἐπὶδι
1580 4887 1674 4940 τοῦ
1710 4887 1968 4961 Χριστοῦ.
1999 4892 2091 4946 Διὸ

421 4965 516 5017 καὶ
536 4965 570 5034 ἠ
595 4964 918 5037 Σαμαρεῖτις
948 4966 1103 5036 ἔλεγε
1123 4984 1138 4998 ο
1162 4971 1437 5039 Μεσσίας
1468 4973 1701 5044 ἔρχεται
1724 4993 1737 5006 ·
1769 4976 1917 5032 ὅταν
1940 4979 2093 5048 ἔλθῃ

422 5049 669 5116 ἐκεῖνος,
711 5053 1031 5124 ἀναγγελεῖ
1066 5054 1212 5125 ἡμῖν
1257 5057 1453 5112 πάντα
1469 5077 1483 5091 ο
1534 5062 1630 5116 καὶ
1670 5064 1826 5117 αὐτοὶ
1860 5065 2093 5137 ἠρώτων

421 5138 511 5192 τὸν
554 5139 801 5210 Ἰωάννην
821 5158 835 5173 ’
873 5142 1072 5211 Ἠλίας
1100 5140 1177 5208 εἴ,
1200 5143 1239 5214 ἣ
1269 5148 1303 5200 ό
1329 5147 1672 5218 προφήτηςὶ
1709 5152 1959 5223 Ἐκράτει
1995 5154 2094 5224 μὲν

425 5226 557 5297 γὰρ,
592 5227 729 5299 ὅπερ
757 5228 914 5299 ἔφην,
939 5232 968 5283 6
997 5231 1174 5301 λόγος,
1203 5234 1297 5286 καὶ
1328 5236 1356 5287 6
1384 5237 1511 5307 περὶ
1536 5237 1631 5291 τοῦ
1658 5237 1915 5312 Χριστοῦ,
1947 5242 2040 5295 καὶ
2065 5244 2095 5296 6

423 5316 554 5385 περὶ
579 5314 673 5370 τοῦ
715 5316 893 5384 Ἠλία,
915 5320 1013 5390 οὐχ
1035 5320 1110 5386 ὡς
1132 5322 1299 5395 ἐχρῆν
1319 5323 1377 5377 δέ
1403 5326 1534 5396 παρ’
1556 5327 1780 5382 ἐκείνων
1805 5330 2097 5402 ἑρμηνευό-

426 5423 605 5478 μενος.
638 5406 705 5459 Al
736 5407 835 5477 μὲν
860 5409 967 5480 γὰρ
990 5410 1203 5482 Γραφαὶ
1218 5412 1310 5466 δύο
1334 5413 1554 5483 λέγουσι
1581 5416 1675 5470 τοῦ
1693 5418 1930 5489 Χριστοῦ
1955 5437 2091 5492 παρ·

424 5496 635 5560 ουσίας,
662 5497 868 5567 ταύτην
894 5515 954 5550 τε
974 5499 1074 5570 τὴν
1105 5502 1499 5574 γεγενημένην,
1520 5504 1615 5557 καὶ
1635 5505 1732 5577 τὴν
1756 5507 2052 5577 μέλλουσαν
2072 5525 2087 5539 ·

424 5586 519 5638 καὶ
547 5582 749 5648 ταύτας
776 5584 951 5657 δηλῶν
982 5589 1012 5640 6
1042 5588 1251 5653 Παῦλος
1280 5590 1462 5661 ἔλεγεν
1481 5609 1496 5625 ⁸
1534 5594 1833 5664 Ἐπεφάνη
1858 5599 1897 5667 ἠ
1921 5598 2091 5667 χάρις

426 5670 535 5727 τοῦ
559 5671 709 5727 Θεοῦ
739 5674 778 5742 ἠ
806 5674 1093 5745 σωτήριος
1110 5678 1155 5709 ⁸³
1180 5678 1552 5735 παιδεύουσα
1579 5682 1757 5752 ἡμᾶς,
1791 5685 1893 5740 ἵνα
1922 5686 2095 5754 ἀρνη-

2196 4479 2450 4550 σάμενοι
2488 4482 2602 4553 τὴν
2624 4484 2908 4539 ἀσέϐειαν
2939 4484 3037 4539 καὶ
3074 4485 3181 4552 τὰς
3211 4487 3504 4556 κοσμικὰς
3528 4489 3863 4561 ἐπιθυμίας,

2196 4570 2519 4637 σωφρόνως
2560 4570 2660 4623 καί
2705 4570 2945 4638 δικαίως
2995 4573 3094 4626 καὶ
3133 4574 3395 4640 εὐσεϐῶς
3424 4573 3710 4644 ζήσωμεν.
3731 4576 3865 4631 Ἰδοὺ

2195 4655 2230 4725 ἡ
2256 4654 2383 4725 μία·
2414 4657 2645 4711 ἄκουσον
2686 4659 2803 4722 πῶς
2844 4661 2939 4713 καὶ
2983 4660 3084 4730 τὴν
3130 4661 3322 4732 ἐτέραν
3349 4662 3518 4733 δηλοῖ.
3546 4663 3730 4717 Εἰπὼν
3757 4664 3869 4734 γὰρ

2194 4741 2390 4808 ταῦτα,
2435 4745 2717 4816 ἐπήγαγεο
2755 4746 3235 4817 Προσδεχόμενοι
3284 4749 3399 4817 τὴν
3438 4752 3742 4819 μακαρίαν
3769 4752 3866 4805 ἐλ-

2195 4829 2360 4898 πίδα,
2384 4831 2483 4886 καὶ
2503 4830 2856 4902 ἐπιφάνειαν
2872 4835 2919 4866 ⁸⁸
2946 4835 3053 4889 τοῦ
3077 4836 3346 4905 μεγάλου
3376 4837 3524 4892 Θεοῦ
3555 4837 3654 4892 καὶ
3678 4838 3867 4907 Σωτῆ-

2190 4935 2301 4986 ρος
2328 4917 2500 4989 ἡμῶν
2541 4920 2745 4989 Ἰησοῦ
2776 4922 3055 4990 Χριστοῦ.
3087 4925 3195 4978 Καὶ
3215 4924 3267 4976 οί
3296 4926 3569 4995 προφῆται
3595 4925 3655 4979 δέ
3682 4926 3867 4982 ἐκατέ-

2199 5022 2300 5078 ρας
2348 5006 2685 5077 μέμνηνται·
2720 5010 2817 5081 τῆς
2850 5011 3032 5081 μέντοι
3084 5013 3233 5083 μιᾶς,
3282 5011 3381 5081 τῆς
3426 5013 3705 5084 δευτέρας,
3733 5015 3867 5086 πρό-

2198 5093 2396 5165 δρομον
2423 5094 2640 5163 λέγουσι
2672 5096 2765 5150 τὸν
2802 5097 2987 5153 Ἠλίαν
3036 5098 3273 5153 ἔσεσθαι.
3306 5100 3419 5172 Τῆς
3453 5099 3553 5170 μὲν
3592 5102 3701 5173 γάρ
3728 5120 3864 5173 προ-

2197 5182 2364 5251 τέρας
2390 5182 2602 5251 ἐγένετο
2630 5185 2660 5237 6
2690 5185 2963 5258 Ἰωάννης,
2987 5187 3047 5241 ὅν
3086 5189 3180 5242 καὶ
3211 5188 3395 5243 Ἠλίαν
3418 5191 3447 5243 6
3475 5188 3708 5260 Χριστὸς
3735 5189 3865 5245 ἐκά-

2201 5267 2314 5322 λει·
2359 5270 2460 5324 οὐκ
2501 5272 2686 5346 ἐπειδὴ
2725 5274 2909 5340 Ἠλίας
2957 5272 3048 5348 ἦν,
3083 5276 3196 5330 ἀλλ’
3224 5277 3409 5349 ἐπειδὴ
3456 5277 3554 5347 τὴν
3589 5277 3865 5331 διακονίαν

2201 5356 2440 5429 ἐπλήρου
2469 5358 2567 5431 τὴν
2596 5362 3040 5435 ἐκείνου.Ὥσπερ
3072 5363 3180 5434 γὰρ
3208 5364 3411 5426 ἐκεῖνος
3451 5362 3606 5435 [576]
3636 5364 3865 5435 πρόδρο-

2205 5457 2304 5510 μος
2333 5440 2487 5495 ἔσται
2522 5444 2623 5514 τῆς
2651 5444 2904 5514 δευτέρας
2934 5444 3256 5515 παρουσίας,
3286 5445 3427 5498 οὕτω
3457 5446 3550 5499 καὶ
3587 5441 3739 5508 οὗτος
3766 5444 3865 5515 τῆς

2197 5522 2465 5595 προτέρας
2494 5526 2726 5594 ἐγένετο.
2745 5526 2883 5579 Ἀλλ’
2908 5528 2958 5581 οί
2996 5531 3341 5599 γραμματεῖς
3384 5528 3558 5582 ταῦτα
3603 5527 3861 5597 συγχέον-

2198 5621 2308 5667 τες,
2332 5606 2424 5659 καὶ
2463 5607 2873 5678 διαστρέφοντες
2908 5610 3001 5664 τὸν
3035 5612 3224 5682 δῆμον,
3241 5612 3458 5682 ἐκείνης
3494 5613 3864 5682 ἐμνημόνευον

2203 5687 2370 5760 μόνης
2416 5690 2551 5764 πρὸς
2582 5693 2671 5748 τὸν
2704 5694 2895 5766 δῆμον,
2932 5694 3035 5766 τῆς
3080 5696 3338 5766 δευτέρας
3391 5698 3711 5766 παρουσίας,
3765 5699 3860 5751 καὶ

502 5830 546 5924 ξο
581 5829 672 5924 Sile
699 5827 849 5924 ΑΜον.
879 5840 930 5884 cl
965 5831 1149 5924 flth
1175 5830 1401 5917 ἐκείνοις
1431 5835 1612 5924 αὐτοῖς
1730 5836 2091 5924 ξονξιέκεῖνρι

2202 5843 2329 5924 ξτοῖς
2375 5846 2419 5900 δ.
2454 5845 2582 5901 Ben.
2659 5847 2699 5879 ⁸⁸
2739 5847 2853 5922 ἐπὶ]
2910 5849 3034 5921 περί
3083 5846 3145 5903 Η.
3178 5848 3238 5906 L.
3316 5850 3361 5882 ⁸³
3390 5851 3678 5924 σωτήριος]
3722 5856 3843 5912 add.

435 5904 600 5957 πᾶσιν
628 5898 936 5969 ἀνθρώποις
966 5899 1027 5953 Η.
1106 5902 1149 5934 ⁸³
1178 5903 1521 5976 ἐπιφάνεια-ι]
1550 5907 1672 5961 add.
1706 5907 1805 5977 τῆς
1833 5907 1987 5979 δόξης
2018 5908 2081 5963 H.
2110 5909 2168 5964 L.
2197 5914 2295 5982 Ep.
