4140 6376
412 357 518 415 557

410 472 631 549 pauperi
656 474 953 531 molestiam
977 474 1160 541 infers,
1178 482 1231 527 et
1252 472 1563 543 largientem
1584 480 1999 542 pmtemunens

411 584 539 624 cum
566 572 776 640 ingrato
805 577 955 639 pacta
986 568 1123 622 inis?
1152 567 1249 622 Ille
1277 565 1505 622 reddere
1530 565 1881 635 concupiscit,
1909 564 1997 619 hic

417 676 563 734 aegre
590 661 788 717 reddit.
821 660 919 716 Hic
958 662 1046 716 vix
1071 660 1422 716 centesimum
1450 668 1731 725 numerat;
1757 657 1848 713 ille
1872 672 2000 714 cen-

414 754 617 823 tuplum
646 762 701 808 et
742 768 967 823 regnum
1012 752 1286 807 caelorum.
1338 750 1437 806 1110
1479 766 1602 805 011111
1645 750 1902 807 conviciis
1942 757 1998 805 et

411 844 773 909 contumeliis,
823 845 913 901 ille
955 860 1076 900 cum
1115 844 1363 899 laudibus
1386 854 1441 900 et
1464 843 1747 901 encomiis.
1780 842 1876 897 1110
1902 842 1996 897 tibi

413 936 667 991 invidiam
718 936 898 1005 parit,
950 935 1040 991 ille
1088 935 1181 990 tibi
1220 949 1448 991 coronas
1494 935 1679 990 nectit.
1709 934 1806 989 1110
1827 934 1915 989 vix
1942 935 1994 989 in

415 1029 519 1085 hoc
557 1030 788 1097 saeculo,
822 1028 915 1084 ille
957 1037 1011 1085 et
1036 1027 1089 1083 in
1117 1028 1222 1084 hoc
1247 1038 1303 1084 et
1328 1029 1381 1083 in
1412 1029 1612 1083 futuro.
1642 1029 1837 1083 Annon
1865 1042 1996 1097 ergo

410 1129 669 1175 extremm
712 1118 999 1175 dementiae
1042 1128 1146 1186 est,
1196 1134 1266 1175 ne
1312 1120 1453 1175 seire
1492 1118 1707 1190 quidem
1748 1118 1996 1173 lucrari?

412 1212 557 1280 Quot
600 1212 824 1268 faenoris
866 1227 1026 1266 causa
1074 1220 1273 1267 sortem
1309 1212 1470 1267 etiam
1510 1211 1841 1267 amiserunt?
1866 1220 1997 1281 quot

414 1314 636 1377 propter
660 1319 847 1361 usuras
874 1305 927 1359 in
956 1305 1189 1375 pericula
1216 1305 1547 1361 inciderunt?
1571 1315 1702 1376 quot
1742 1314 1799 1360 et
1838 1318 1898 1361 se
1942 1314 1998 1360 et

414 1399 547 1453 alios
573 1398 625 1451 in
654 1404 947 1452 extremam
980 1404 1344 1468 paupertatem
1372 1395 1687 1468 deiecerunt
1713 1394 1784 1453 ob
1810 1394 1993 1452 incre-

411 1490 628 1545 dibilem
656 1489 975 1545 avaritiam?

484 1584 537 1641 6.
563 1584 641 1640 Ne
670 1584 799 1639 mihi
827 1583 1029 1640 dixeris
1052 1625 1067 1652 ,
1098 1582 1245 1639 illum
1274 1584 1432 1640 talem
1459 1584 1687 1641 libenter
1709 1582 1952 1655 accipere
1975 1626 1992 1652 ,

412 1686 467 1731 et
508 1676 576 1732 de
618 1675 824 1731 fcenore
878 1676 1102 1746 gratiam
1147 1675 1364 1731 habere.
1405 1674 1535 1731 lllud
1576 1677 1718 1731 enim
1763 1690 1861 1746 per
1908 1675 1995 1730 in-

410 1770 794 1826 humanitatem
841 1778 985 1825 tuam
1042 1769 1237 1826 evenit.
1282 1769 1413 1824 Nam
1459 1780 1513 1825 et
1558 1769 1827 1826 Abraham
1871 1784 1995 1824 cum

410 1880 631 1920 uxorem
678 1863 921 1919 barbaris
968 1862 1206 1929 tradidit,
1258 1862 1478 1918 insidias
1525 1863 1642 1917 illas
1670 1862 1771 1918 sibi
1814 1870 1995 1933 gratas

409 1958 640 2013 reddidit
664 1956 831 2028 (Gen.
860 1955 946 2011 12.
978 1956 1113 2027 15);
1142 1971 1247 2011 11011
1275 1956 1503 2012 libenter
1524 1998 1539 2024 ,
1571 1956 1666 2012 sed
1696 1956 1766 2011 ob
1792 1966 1992 2012 metum

411 2050 724 2106 Pharaonis.
753 2050 841 2105 Sic
866 2050 1027 2105 etiam
1070 2065 1271 2120 pauper
1293 2090 1309 2116 ,
1340 2050 1461 2120 quia
1508 2065 1568 2105 re
1608 2049 1773 2121 gratis
1814 2050 1993 2106 oblata

411 2143 631 2213 dignum
674 2142 821 2197 illum
886 2156 995 2196 non
1050 2155 1280 2207 censes,
1330 2141 1399 2197 de
1444 2142 1760 2199 crudelitate
1796 2145 1995 2214 gratias

409 2252 569 2308 agere
613 2236 840 2307 cogitur.
885 2233 967 2291 Tu
998 2243 1176 2290 autem
1204 2234 1337 2289 mihi
1380 2234 1599 2302 videris,
1629 2236 1726 2290 sia
1752 2236 1993 2307 periculo

408 2329 713 2399 quempiam
740 2327 1064 2392 vindicares,
1093 2328 1398 2383 mercedem
1430 2338 1482 2383 te
1513 2330 1610 2383 hac
1635 2328 1703 2383 de
1732 2344 1893 2383 causa
1924 2330 1995 2385 ab

412 2419 505 2475 illo
543 2419 902 2490 ﬂagitatorum
950 2434 1093 2474 esse.
1138 2418 1325 2485 Absit,
1355 2419 1582 2489 inquies.
1629 2419 1765 2488 Quid
1814 2420 1992 2475 dicis?

408 2512 539 2567 Cum
561 2528 589 2566 a
612 2510 797 2582 majori
817 2510 958 2565 malo
983 2510 1200 2576 liberas,
1219 2526 1325 2566 non
1348 2512 1428 2566 vis
1450 2514 1705 2581 pecunias
1727 2514 1941 2584 exigere
1968 2529 1985 2569 :

407 2610 534 2665 dum
563 2624 663 2680 pro
703 2624 763 2664 re
788 2609 999 2663 minore
1030 2616 1229 2662 tantam
1261 2606 1481 2662 exhibes
1507 2606 1991 2663 inhumanitatcm?

408 2702 522 2757 Non
565 2699 715 2755 vides
759 2708 1017 2770 quantum
1060 2698 1187 2753 huic
1229 2697 1307 2752 rei
1352 2698 1598 2753 imminet
1620 2699 1988 2768 supplicium?

407 2809 513 2847 non
561 2790 714 2846 audis
757 2789 882 2845 illud
933 2790 984 2844 in
1016 2788 1197 2844 Veteri
1236 2789 1397 2843 etiam
1426 2788 1772 2843 Testamento
1802 2790 1987 2860 prohi-

405 2886 521 2942 beri
549 2883 724 2955 (Deut.
749 2882 882 2955 l5)?
912 2882 1019 2938 Sed
1042 2881 1169 2952 quid
1200 2882 1353 2936 multi
1399 2883 1819 2937 causificantur?
1850 2884 1986 2939 Dum

404 2979 579 3032 faenus
612 2974 839 3044 accipio,
886 2973 958 3028 do
1001 2973 1243 3043 pauperi.
1292 2972 1439 3027 Bona
1468 2973 1652 3039 verba,
1680 2973 1752 3028 mi
1785 2974 1983 3041 homo;

406 3066 710 3139 huiusmodi
760 3065 1021 3123 sacriﬁcia
1066 3080 1174 3120 non
1220 3065 1336 3120 vult
1383 3065 1543 3121 Deus.
1591 3065 1670 3122 Ne
1713 3067 1883 3137 legem
1916 3069 1985 3123 ita

402 3160 596 3216 callide
635 3156 840 3214 eludas.
891 3156 1081 3212 Melius
1126 3165 1211 3211 est
1252 3157 1470 3227 pauperi
1500 3173 1603 3213 non
1630 3156 1760 3214 dare
1783 3200 1797 3223 ,
1825 3174 1982 3229 quam

403 3253 526 3309 inde
570 3260 838 3323 sumptum
867 3249 995 3305 dare
1037 3267 1050 3303 :
1092 3250 1214 3320 quia
1250 3250 1536 3321 pecuniam
1575 3250 1737 3318 justis
1778 3262 1982 3322 partam

402 3345 667 3400 laboribus
690 3358 833 3414 saepe
853 3341 1035 3397 reddis
1061 3342 1295 3412 iniquant
1322 3341 1391 3397 ob
1420 3343 1632 3413 iniquos
1660 3342 1822 3411 fetus,
1850 3359 1912 3399 ac
1932 3345 1979 3400 si

399 3441 518 3510 quis
543 3436 823 3494 fecundum
853 3444 1065 3492 uterum
1100 3444 1256 3506 cogat
1278 3436 1592 3506 scorpiones
1618 3452 1829 3506 parere.
1872 3438 1979 3493 Ec-

398 3532 523 3601 quid
549 3531 721 3600 legem
751 3528 847 3584 Dei
876 3528 1150 3584 memoro?
1176 3530 1365 3584 Annon
1396 3543 1491 3583 vos
1521 3528 1619 3599 ipsi
1641 3529 1828 3585 sordes
1852 3530 1979 3585 illud

398 3639 520 3679 esse
557 3622 771 3678 dicitis?
798 3621 854 3677 Si
882 3631 1060 3678 autem
1100 3636 1197 3677 vos
1242 3621 1331 3692 qui
1369 3620 1575 3676 lucrum
1622 3621 1869 3686 refertis,
1908 3624 1979 3678 ita

399 3716 663 3782 statuitis;
703 3715 875 3786 cogita
915 3729 1075 3785 quam
1123 3713 1263 3769 Deus
1300 3713 1369 3769 de
1410 3714 1561 3769 vobis
1587 3713 1725 3770 feret
1762 3724 1980 3771 senten-

400 3810 546 3864 tiam.
574 3807 725 3875 Quod
755 3808 799 3863 si
827 3806 959 3862 velis
982 3814 1235 3862 externos
1260 3805 1591 3877 legislatures
1619 3806 1974 3877 interrogare,

395 3899 578 3955 audies
628 3898 752 3954 illos
802 3897 856 3953 id
910 3905 1169 3953 extrema:
1219 3897 1562 3967 impudentltn
1609 3912 1729 3953 esse
1766 3906 1972 3968 putare.

393 3992 552 4047 Certe
582 3990 648 4046 iis
687 3991 777 4061 qui
825 3989 1110 4061 dignitates
1155 3999 1449 4059 occupant,
1482 3989 1681 4061 quique
1718 3989 1974 4046 Senatum

393 4099 643 4155 magnum
671 4082 1021 4147 constituunt,
1049 4096 1155 4136 non
1183 4082 1311 4139 licet
1337 4082 1639 4152 hujusmodi
1683 4082 1833 4138 luero
1878 4082 1973 4139 de-

395 4177 702 4238 honestari;
730 4175 826 4231 sed
856 4176 941 4230 lex
968 4175 1106 4245 apud
1137 4175 1256 4230 illos
1284 4182 1401 4242 est,
1448 4190 1568 4245 quae
1607 4174 1660 4230 id
1704 4175 1971 4247 prohibet.

391 4267 672 4338 Quomodo
700 4267 860 4338 igitur
879 4281 985 4323 non
1016 4266 1340 4322 horrendum
1368 4266 1559 4336 fuerit,
1581 4267 1628 4323 si
1656 4284 1760 4324 non
1787 4284 1970 4341 parem

1407 352 1474 410 IN
1511 351 1919 410 MATTHEUM
1957 347 2190 408 HOMIL.
2231 352 2387 408 LVII.
2428 355 2499 410 al.
2540 355 2722 417 LVllI.

2104 470 2304 525 caelesti
2334 472 2531 528 civitati
2554 474 2814 533 honorem
2842 478 3045 537 tribuas
3069 522 3084 548 ,
3119 483 3332 552 qualem
3360 485 3694 556 legislatures

2100 565 2463 623 Romanorum
2500 570 2708 624 senatui
2737 571 3007 639 tribuunt,
3034 574 3128 629 sed
3152 576 3414 632 minorem
3443 579 3576 634 caelo
3602 597 3690 635 re-

2100 659 2242 716 feras
2286 677 2449 732 quam
2478 672 2635 718 terrae
2654 704 2669 729 ,
2711 679 2885 735 neque
2910 674 2963 721 te
2993 666 3189 735 pudeat
3216 677 3375 724 tanta:
3406 672 3691 741 turpitudi-

2101 753 2227 808 nis?
2268 754 2404 823 Quid
2436 754 2581 811 enim
2621 755 2859 813 insanius
2886 756 3080 827 fuerit,
3126 776 3284 830 quam
3324 765 3368 817 si
3411 765 3531 835 quis
3573 768 3691 824 sine

2102 856 2267 910 terra,
2298 846 2413 901 sine
2435 846 2634 917 pluvia,
2658 849 2774 903 sine
2797 860 2979 905 aratro
2998 852 3264 907 seminare
3289 855 3556 911 voluerit?
3578 858 3689 914 llae

2098 935 2167 992 de
2194 952 2353 991 causa
2385 938 2584 994 zizania
2606 980 2619 1005 ,
2652 956 2772 1011 qua:
2813 941 2921 1012 igni
2948 943 3206 1000 tradenda
3232 955 3357 1001 sunt
3385 988 3401 1013 ,
3442 958 3686 1019 metunt,

2098 1028 2187 1099 qui
2217 1028 2411 1083 malam
2442 1028 2744 1100 hujusmodi
2771 1034 3148 1104 agriculturam
3178 1040 3571 1109 excogitarunt.

2175 1120 2452 1176 Farnorum
2481 1124 2689 1178 damna.
2719 1155 2792 1165 —
2820 1126 3013 1182 Annon
3044 1128 3226 1183 multa:
3254 1141 3378 1186 sunt
3401 1131 3560 1202 justaa
3587 1150 3683 1189 ne-

2096 1212 2460 1282 gotiationes?
2488 1229 2757 1286 agrorum,
2785 1232 3026 1288 gregum,
3049 1230 3436 1284 armentorum,
3467 1240 3688 1281 manua-

2098 1304 2225 1359 lium
2274 1305 2516 1361 lahorum
2536 1349 2553 1374 ,
2602 1308 2881 1380 solersque
2927 1311 3003 1366 rei
3034 1313 3312 1369 familiaris
3348 1331 3476 1371 cura
3496 1319 3520 1371 7
3544 1318 3683 1387 Quid

2098 1394 2298 1451 insanis
2326 1405 2385 1451 ut
2404 1397 2585 1466 spinas
2624 1399 2817 1454 frustm
2844 1400 3121 1456 demetas?
3158 1405 3224 1459 At
3255 1404 3459 1462 fructus
3486 1418 3645 1464 terra:
3664 1453 3682 1479 ,

2097 1486 2306 1558 inquies
2324 1528 2339 1552 ,
2365 1490 2546 1544 multis
2567 1500 2690 1545 sunt
2708 1494 2919 1547 casibus
2952 1495 3204 1563 obnoxii,
3228 1500 3470 1569 grandini
3489 1543 3505 1566 ,
3532 1505 3683 1559 rubi-

2095 1579 2235 1650 gini,
2263 1580 2521 1637 imbribus
2548 1583 2764 1638 nimiis?
2787 1584 2891 1641 Sed
2921 1601 3027 1641 non
3060 1597 3137 1643 tot
3164 1590 3404 1659 casibus,
3430 1605 3560 1664 quot
3584 1598 3683 1652 fte-

2096 1688 2218 1728 nus.
2246 1672 2376 1728 Nam
2406 1674 2661 1745 quidquid
2689 1676 2758 1731 ibi
2786 1678 3059 1748 acciderit,
3088 1682 3316 1738 reditum
3347 1685 3684 1745 solummodo

2096 1763 2272 1831 laedit,
2299 1775 2442 1821 sorte
2470 1767 2712 1834 interim,
2745 1768 2865 1825 sive
2903 1785 3033 1841 agro
3078 1785 3326 1830 manente
3367 1776 3553 1833 11111180.
3585 1778 3683 1836 1110

2094 1872 2225 1914 vero
2255 1859 2406 1914 multi
2433 1876 2577 1930 smpe
2607 1862 2659 1915 in
2688 1862 2800 1932 ipsa
2821 1872 2967 1919 sorte
2988 1866 3315 1937 naufragium
3350 1872 3489 1938 passi
3520 1885 3678 1929 sunt:

2095 1957 2151 2004 et
2174 1959 2459 2020 antequam
2492 1951 2745 2008 damnum
2788 1955 3029 2019 accidat,
3060 1957 3113 2011 in
3141 1970 3395 2028 perpetua
3423 1962 3681 2019 sollicitu-

2094 2038 2220 2094 dine
2272 2052 2568 2097 versantur.
2609 2042 2743 2099 Nam
2788 2046 3082 2101 fenerator
3133 2064 3421 2121 numquam
3474 2069 3535 2109 re
3583 2071 3680 2113 sua

2096 2133 2303 2199 fruitur,
2332 2136 2425 2191 sed
2453 2137 2612 2192 etiam
2643 2139 2855 2208 quando
2883 2138 3056 2195 fmnus
3077 2142 3317 2210 aﬂ‘ertur,
3336 2161 3440 2200 non
3461 2150 3677 2220 gaudet,

2094 2229 2235 2297 quod
2274 2241 2561 2299 proventus
2596 2232 2847 2299 accedat,
2889 2233 2983 2289 sed
3024 2234 3211 2302 dolet,
3256 2239 3398 2307 quod
3443 2245 3678 2300 nondum

2094 2330 2291 2375 sortem
2321 2332 2573 2394 exaequet
2599 2339 2792 2392 usura,
2818 2340 2881 2380 ac
2918 2326 3224 2397 priusquam
3262 2328 3348 2385 1110
3376 2330 3514 2388 fetus
3538 2345 3678 2392 totus

2095 2413 2351 2481 prodeat,
2380 2414 2528 2469 illum
2554 2424 2722 2470 totum
2761 2430 2955 2486 parere
2990 2417 3208 2483 nititur,
3241 2420 3441 2477 foenera
3472 2423 3525 2479 in
3555 2440 3675 2481 sor-

2093 2513 2200 2560 tem
2225 2518 2547 2563 convertens
2569 2550 2584 2574 ,
2614 2519 2669 2565 et
2696 2510 2803 2565 vim
2833 2509 3070 2567 inferens
3100 2520 3156 2566 ut
3184 2512 3454 2570 abortivos
3480 2518 3676 2588 viperae

2091 2608 2275 2668 partus
2300 2598 2443 2654 edat.
2472 2599 2623 2655 Talia
2665 2610 2811 2656 certe
2855 2611 2980 2657 sunt
3022 2602 3263 2672 faenore,
3306 2622 3425 2677 qum
3469 2624 3673 2665 animas

2090 2691 2337 2746 miserius
2362 2692 2556 2746 rodunt
2581 2701 2637 2747 et
2666 2692 2937 2757 lacerant,
2963 2708 3124 2763 quam
3152 2695 3369 2766 viperae.
3394 2696 3506 2753 Hoc
3534 2700 3673 2770 inju-

2089 2784 2248 2838 stitize
2277 2784 2546 2839 vinculum
2577 2793 2662 2840 est
2691 2800 2704 2839 :
2735 2784 2851 2841 haec
2888 2785 3139 2857 obligatio
3184 2788 3535 2846 violentarum
3580 2810 3674 2862 pa-

2100 2868 2367 2924 ctionum.
2387 2870 2490 2936 Do,
2508 2871 2707 2942 inquit,
2731 2888 2837 2926 non
2858 2885 2918 2928 ut
2934 2878 3190 2945 accipias,
3210 2877 3304 2931 sed
3323 2888 3378 2931 ut
3394 2882 3547 2948 plura
3564 2880 3679 2935 red-

2098 2962 2219 3018 das.
2237 2963 2304 3018 At
2322 2962 2465 3020 Deus
2483 2975 2628 3020 vetat
2654 2966 2706 3020 id
2730 2969 2978 3038 accipere
3004 2972 3149 3040 quod
3181 2971 3342 3026 datur
3363 2991 3376 3028 :
3400 2972 3554 3041 Date,
3590 2975 3673 3029 in-

2098 3058 2237 3126 quit,
2256 3056 2387 3121 illis,
2403 3074 2435 3111 a
2452 3058 2638 3128 quibus
2655 3060 2790 3113 nihil
2813 3061 3048 3131 accipere
3070 3064 3293 3132 speratis
3310 3064 3460 3133 (Luc.
3486 3065 3539 3121 6.
3555 3065 3672 3133 35);

2098 3155 2155 3202 tu
2172 3162 2304 3203 vero
2321 3148 2445 3219 plus
2464 3166 2628 3219 quam
2647 3151 2866 3206 dederis
2883 3153 3054 3223 exigis
3080 3173 3092 3208 :
3122 3165 3176 3208 et
3204 3156 3348 3224 quod
3384 3171 3489 3210 non
3520 3156 3672 3211 dedi-

2097 3240 2193 3305 sti,
2220 3248 2278 3295 ut
2295 3240 2540 3296 debitum
2562 3242 2659 3296 tibi
2682 3243 2832 3313 cogis
2854 3260 3142 3299 numerare
3161 3263 3283 3299 eum
3305 3250 3395 3316 qui
3420 3261 3669 3305 mutuum

2082 3337 2310 3407 accepit.
2342 3336 2407 3391 Et
2437 3343 2593 3407 putas
2621 3334 2747 3390 hinc
2771 3334 2866 3391 tibi
2886 3348 3018 3405 opes
3039 3334 3244 3405 augeri,
3273 3349 3336 3390 ac
3368 3350 3461 3405 pro
3483 3339 3673 3407 opibus

2086 3432 2262 3501 ignem
2308 3429 2400 3484 tibi
2442 3427 2694 3484 accendis
2735 3427 3244 3498 inexstinguibilem.
3275 3428 3428 3496 Quod
3460 3445 3527 3485 ne
3558 3431 3668 3494 ﬁat,

2084 3524 2182 3579 hos
2208 3524 2471 3580 femorum
2492 3531 2674 3593 partus
2697 3522 2865 3577 malos
2880 3530 2935 3578 et
2952 3522 3160 3593 iniquos
3182 3524 3574 3589 exscindamus,
3590 3541 3675 3580 ex-

2081 3618 2346 3672 siccemus
2376 3614 2518 3669 hunc
2556 3613 2911 3684 perniciosum
2936 3623 3148 3669 uterum
3168 3655 3183 3680 ,
3207 3629 3271 3670 ac
3297 3630 3419 3670 vera
3446 3632 3671 3687 magna-

2081 3727 2185 3782 que
2223 3713 2368 3765 lucra
2408 3718 2612 3763 tantum
2646 3722 3048 3778 persequamur.
3066 3706 3321 3775 Quaenam
3361 3709 3476 3768 haec
3504 3713 3674 3765 sunt?

2081 3802 2375 3858 Audiamus
2399 3800 2619 3856 Paulum
2639 3800 2923 3861 dicentem,
2948 3798 3166 3869 Magnus
3186 3809 3257 3854 est
3277 3814 3495 3871 qua'stus
3516 3804 3675 3871 pietas

2080 3912 2193 3950 cum
2218 3894 2509 3965 suﬁicieutia
2526 3893 2571 3963 (1
2589 3893 2742 3948 .Tim.
2759 3892 2809 3948 6.
2827 3893 2903 3960 6).
2924 3892 3016 3947 His
3035 3894 3193 3963 igitur
3218 3903 3424 3949 tantum
3439 3895 3673 3953 ditcmur

2078 3988 2300 4054 divitiis,
2323 3995 2382 4041 ut
2407 3994 2461 4041 01
2489 3985 2575 4040 1110
2604 3984 2986 4055 tranquillitate
3008 3983 3265 4050 fruamur,
3285 3994 3341 4041 et
3357 3985 3527 4041 futura
3543 4002 3672 4043 cou-

2078 4095 2366 4150 sequamur
2379 4078 2536 4141 bona,
2555 4077 2721 4148 gratia
2732 4077 3121 4148 etbenignitate
3136 4076 3345 4132 Domini
3360 4080 3525 4133 nostri
3544 4079 3672 4135 Iesu

2079 4174 2298 4241 Christi,
2320 4173 2404 4228 cui
2434 4171 2598 4242 gloria
2621 4181 2674 4226 et
2702 4170 2982 4241 imperium
3023 4184 3144 4225 cum
3181 4169 3341 4226 Patre
3384 4182 3437 4224 et
3471 4170 3669 4241 Spiritu

2077 4275 2283 4333 saneto,
2302 4272 2627 4319 nuncetsem
2635 4276 2748 4333 per,
2768 4270 2823 4317 et
2842 4260 2894 4315 in
2912 4260 3105 4316 szecula
3122 4260 3461 4317 saeculorum.
3476 4264 3667 4319 Amen.

1528 4477 1875 4541 HOMILIA
1925 4479 2115 4542 LVII.
2159 4477 2246 4539 aI.
2292 4474 2513 4537 LVIII.

388 4621 519 4676 CAP.
558 4620 638 4674 l7.
664 4635 713 4671 v.
740 4619 826 4673 10.
866 4619 929 4671 Et
973 4620 1400 4688 interrogaverunt
1449 4635 1562 4673 eum
1605 4620 1841 4689 discipuli
1866 4623 1975 4691 ejus

461 4711 677 4764 dicentes
717 4724 737 4763 :
786 4709 921 4774 Quid
962 4710 1115 4780 igitur
1154 4710 1324 4764 dicunt
1360 4710 1574 4776 scribta,
1622 4712 1756 4778 quod
1800 4712 1971 4767 Elian:

461 4812 687 4870 oporteat
716 4802 933 4871 primum
956 4803 1125 4856 venire
1140 4803 1167 4856 ?

462 4895 513 4948 1.
543 4892 657 4948 Νο11
701 4908 831 4963 ergo
863 4908 893 4948 a
914 4892 1202 4964 Scripturis
1227 4892 1278 4947 id
1298 4893 1555 4958 sciebant,
1583 4895 1678 4950 sed
1702 4896 1892 4953 scribae
1918 4897 1971 4952 id

390 4984 497 5040 illis
534 4983 840 5048 narrabant,
867 4992 921 5038 et
955 4982 1069 5038 haec
1105 4983 1286 5053 opinio
1323 4983 1375 5039 in
1418 4985 1607 5054 vulgus
1631 4984 1973 5042 circumfere-

387 5077 544 5131 batur
561 5115 578 5141 ,
613 5075 751 5129 sicut
776 5085 831 5130 et
859 5074 927 5130 de
953 5073 1186 5130 Christo.
1219 5074 1340 5131 Ideo
1366 5076 1698 5132 Samaritana
1720 5077 1967 5134 dicebat:

388 5164 602 5221 Messias
639 5166 791 5230 venit,
827 5173 875 5219 et
911 5182 1026 5219 cum
1074 5167 1297 5233 venerit,
1339 5168 1426 5221 ille
1470 5168 1787 5223 annuntiabit
1830 5169 1971 5224 nobis

384 5257 557 5310 omnia
578 5256 597 5324 (
620 5254 776 5309 Joan.
799 5256 855 5312 4.
875 5255 950 5327 5)
979 5273 992 5308 :
1037 5267 1093 5311 et
1122 5257 1194 5310 illi
1226 5258 1622 5328 interrogabant
1666 5259 1925 5316 Joannem
1951 5302 1967 5327 ,

386 5344 532 5400 Elius
560 5360 611 5400 es
630 5355 723 5411 ‘tu,
745 5354 833 5399 aut
867 5346 1111 5417 propheta
1137 5346 1313 5417 (Joan.
1338 5348 1389 5402 1.
1415 5349 1547 5417 2i)?
1572 5350 1724 5414 Nam,
1752 5361 1810 5405 ut
1835 5351 1968 5415 dixi,

387 5440 503 5494 11ωο
526 5437 709 5508 opinio
734 5437 1029 5493 invaluerat
1053 5448 1107 5494 et
1127 5438 1194 5493 de
1213 5439 1426 5495 Christo
1452 5450 1501 5495 et
1530 5441 1596 5496 de
1618 5440 1768 5509 Elia;
1796 5458 1970 5513 neque

386 5528 461 5586 illi
514 5538 664 5587 recte
712 5531 829 5586 11ωο
878 5531 1379 5603 interpretabantur.
1436 5532 1725 5603 Scriptura:
1770 5534 1967 5604 quippe

383 5620 520 5678 duos
544 5631 761 5679 narrant
783 5620 982 5677 Christi
1018 5624 1314 5688 adventus;
1343 5622 1484 5678 hunc
1510 5624 1599 5693 qui
1625 5624 1733 5693 jam
1771 5625 1886 5688 fuit,
1915 5634 1970 5679 et

383 5713 656 5770 futurum:
692 5726 825 5784 quos
865 5714 1171 5784 signiﬁcans
1211 5713 1407 5768 Paulus
1440 5714 1686 5770 dicebat:
1718 5715 1968 5787 Apparuit

386 5805 552 5877 gratia
576 5802 673 5860 Dei
712 5807 953 5862 salutaris
993 5805 1221 5861 omnibus
1258 5804 1563 5876 hominibus,
1594 5808 1823 5862 erudiens
1854 5824 1961 5871 nos,

2084 4633 2141 4677 ut
2167 4624 2469 4695 abnegantes
2493 4621 2798 4691 impietatem
2824 4630 2873 4675 et
2894 4622 3161 4676 saecularia
3193 4621 3443 4675 desideria
3464 4662 3479 4686 ,
3507 4620 3671 4677 sobrie

2078 4725 2125 4769 et
2153 4720 2292 4784 juste
2329 4723 2377 4769 et
2414 4715 2497 4784 pie
2522 4713 2745 4768 vivamus
2786 4712 2925 4783 (Tit.
2960 4713 3015 4767 2.
3049 4714 3136 4768 11.
3168 4711 3288 4782 12).
3317 4711 3457 4766 Εο00
3504 4727 3667 4766 unum

2079 4805 2386 4862 adventum.
2409 4805 2547 4861 Audi
2568 4804 2837 4875 quomodo
2859 4812 2915 4860 et
2933 4804 3157 4860 alterum
3181 4814 3363 4874 pOSIea
3390 4802 3665 4858 declaret:

2078 4899 2444 4969 Exspectantes
2468 4899 2664 4953 beatam
2688 4913 2828 4969 spem
2849 4940 2866 4965 ,
2889 4906 2934 4953 et
2966 4898 3235 4951 adventum
3254 4897 3427 4967 magni
3455 4895 3549 4950 Dei
3576 4896 3594 4928 ¹
3621 4905 3670 4951 et

2081 4990 2367 5047 Saluatoris
2394 4991 2557 5045 nostri
2587 4989 2715 5044 Iesu
2740 4987 2928 5044 Christi
2957 4987 3129 5057 (Ibid.
3160 5003 3209 5041 v.
3238 4988 3353 5060 15).
3386 4986 3668 5058 Propheta:

2077 5098 2289 5154 quoque
2321 5092 2608 5153 utrumque
2630 5079 2916 5136 adventum
2938 5086 3268 5135 memorant:
3300 5087 3461 5150 atque
3486 5078 3667 5147 unius,

2076 5175 2168 5243 qui
2198 5174 2466 5231 secundus
2504 5181 2610 5240 est,
2641 5186 3030 5244 praecursorem
3057 5170 3238 5225 dicunt
3282 5169 3517 5225 futurum
3545 5184 3666 5225 esse

2076 5265 2269 5321 Eliam.
2290 5264 2492 5320 Prioris
2514 5277 2646 5320 vero
2665 5262 3029 5328 fuitJoannes,
3050 5277 3210 5332 quem
3222 5260 3466 5318 Christus
3493 5260 3667 5317 Eliam

2076 5358 2299 5414 vocabat
2330 5376 2344 5411 :
2386 5372 2493 5413 non
2535 5356 2677 5427 quod
2706 5355 2854 5411 Elias
2884 5364 3048 5418 esset,
3076 5354 3168 5411 sed
3196 5354 3338 5425 quod
3366 5354 3485 5424 ejus
3509 5352 3668 5408 mini-

2075 5452 2297 5506 sterium
2343 5450 2611 5521 impleret.
2636 5448 2786 5505 Sicut
2812 5448 2956 5505 enim
2986 5448 3076 5504 ille
3115 5460 3414 5517 prtecnrsor
3449 5446 3554 5501 erit
3579 5461 3666 5502 se.

2075 5542 2233 5598 eundi
2260 5542 2540 5603 adventus.
2562 5541 2633 5596 ita
2660 5550 2715 5596 et
2740 5540 2826 5595 hic
2850 5540 3043 5611 prioris
3070 5538 3188 5594 fuit.
3211 5538 3317 5595 Sed
3347 5536 3537 5593 scriba
3566 5537 3666 5594 ista

2074 5633 2478 5699 confundentes,
2498 5634 2855 5705 populumque
2879 5640 3264 5704 pervertentes,
3284 5630 3424 5687 illius
3439 5639 3665 5699 tantum,

2139 5817 2156 5848 ¹
2192 5814 2303 5867 Duo
2326 5821 2455 5872 1118..
2479 5818 2526 5865 et
2547 5810 2807 5866 adventum
2827 5812 2997 5878 glorise
3012 5810 3177 5877 magni
3199 5810 3304 5862 Dei.
