4140 6376
505 356 608 414 ξω
918 413 971 477 ᾳ

503 489 615 542 sive
664 485 883 541 secundi
924 485 1313 548 meminerunt,
1342 498 1403 537 ac
1429 483 1675 538 dicebant
1704 482 1845 553 plebi
1872 501 1886 539 :
1919 482 1975 539 Si
2007 484 2093 539 hic

501 588 644 633 esset
668 576 932 641 Christus,
966 575 1201 644 oportuit
1225 575 1392 628 Eliam
1439 574 1758 643 pra‘cedere.
1785 573 1908 629 Ideo
1929 574 2091 629 disci-

502 669 610 734 puli
638 668 714 722 sic
740 666 1024 735 loquuntur
1056 686 1067 718 :
1102 666 1235 729 Quid
1264 675 1335 718 cst
1364 665 1500 735 quod
1541 666 1716 719 scriba:
1743 667 1934 729 dicunt,
1959 668 2094 734 quod

503 759 672 815 Etiam
712 768 938 827 oporteat
971 758 1189 826 primum
1229 759 1431 811 venire?
1463 758 1569 811 llac
1598 760 1665 812 de
1703 774 1860 812 causa
1905 759 2091 813 l’ltari-

502 851 594 903 sazi
626 850 690 903 ad
714 848 971 903 Joannem
997 850 1292 910 miserunt,
1324 858 1375 901 et
1405 848 1800 917 interrogabant
1825 866 1837 901 :
1872 847 2017 901 Elius
2039 866 2091 903 es

502 952 554 991 tu
593 938 787 1007 (Joan.
825 941 875 993 1.
906 939 965 992 2|
1002 939 1056 1007 )?
1084 940 1277 992 nullam
1317 939 1510 1007 prioris
1552 938 1812 995 adventus
1857 941 2087 996 mentio-

502 1047 621 1085 nem
669 1031 939 1084 faciertes.
985 1031 1150 1097 Quam
1189 1046 1315 1097 ergo
1356 1032 1677 1086 solutionem
1718 1032 1892 1086 attulit
1934 1031 2092 1087 Chri-

498 1122 648 1175 stus?
674 1121 822 1189 Quod
847 1122 1048 1176 scilicet
1080 1122 1221 1176 Elias
1251 1131 1505 1177 venturus
1543 1123 1612 1177 sit
1648 1135 1772 1178 ante
1796 1125 2086 1179 secundum

496 1228 650 1265 suum
691 1213 996 1276 adventum,
1024 1224 1077 1267 et
1122 1228 1257 1265 nune
1285 1212 1391 1278 jam
1428 1214 1567 1266 l‘llias
1610 1214 1783 1278 venit;
1812 1214 1889 1268 sic
1926 1214 2087 1268 Joan-

498 1320 617 1357 uetn
652 1318 845 1358 vocans
868 1300 997 1359 .llic
1025 1306 1170 1360 venit
1193 1303 1445 1366 Elias..Si
1473 1320 1596 1357 vero
1618 1304 1903 1358 Thesbiten
1935 1320 2085 1374 quaa-

496 1409 602 1460 ras,
655 1395 851 1448 veniet.
909 1394 1031 1449 Ideo
1078 1395 1287 1449 dicebat
1325 1412 1336 1447 :
1372 1394 1515 1449 ΙίΙίίιδ
1561 1397 1737 1460 veniet,
1768 1407 1813 1449 et
1862 1396 2084 1449 restituet

496 1485 683 1537 omnia.
718 1485 970 1552 Quantam
999 1485 1219 1539 omnia?
1246 1486 1372 1550 Qun:
1398 1484 1683 1538 Malaehias
1714 1485 1971 1555 prOpheta
2001 1486 2083 1541 dio

490 1574 644 1628 cebat
670 1594 682 1628 :
718 1574 920 1629 Mittam
941 1576 1069 1627 enim
1093 1574 1226 1627 vobis
1244 1574 1415 1628 Etiam
1443 1573 1725 1641 Thesbiten,
1753 1576 1839 1645 qui
1858 1577 2082 1630 restituet

490 1682 577 1719 cor
608 1667 767 1737 patris
792 1669 861 1721 ad
888 1668 1075 1735 ﬁlium,
1108 1684 1170 1721 ne
1208 1668 1406 1720 veniens
1428 1668 1703 1738 percutiam
1730 1677 1914 1720 terram
1940 1668 2083 1721 radi-

492 1756 618 1808 citus
665 1754 837 1825 (Mal.
883 1756 935 1811 4.
964 1756 1059 1827 5).
1098 1756 1279 1811 Videu’
1317 1756 1708 1811 accurationem
1756 1759 2079 1827 prephetica:

491 1844 887 1912 prardietionis?
918 1846 1049 1912 Quia
1094 1846 1234 1900 enim
1274 1845 1532 1900 Joannem
1582 1847 1751 1901 Etiam
1799 1857 2079 1903 vocaverat

487 1939 728 1993 Christus
757 1939 826 1994 ob
853 1939 1130 1994 ministerii
1160 1940 1561 1995 similitudinem
1586 1982 1602 2007 ,
1636 1956 1702 1995 ne
1733 1950 1945 2010 putares
1977 1941 2077 1997 hoc

488 2030 658 2098 ipsum
686 2045 826 2085 nunc
852 2046 881 2083 a
914 2033 1167 2101 propheta
1194 2031 1294 2086 diei
1317 2072 1331 2096 ,
1361 2031 1476 2100 ejus
1508 2032 1729 2097 patriam
1759 2031 1961 2088 addidit
1989 2031 2075 2086 di-

489 2136 612 2175 cens
638 2163 653 2188 ,
698 2121 984 2175 Thesbiten.
1038 2122 1270 2177 Joannes
1314 2138 1443 2178 vero
1490 2122 1738 2179 Thesbita
1792 2139 1895 2176 non
1937 2132 2075 2177 erat.

489 2212 642 2266 Aliud
667 2214 824 2267 etiam
852 2214 1057 2284 insigne
1087 2215 1250 2278 addit,
1284 2230 1405 2269 eum
1435 2215 1582 2279 dicit,
1613 2214 1696 2269 Ne
1718 2217 1913 2271 veniens
1954 2233 2073 2285 per-

490 2305 666 2357 :utiam
705 2315 886 2358 terram
917 2306 1177 2370 radicitus,
1213 2307 1503 2360 secundum
1544 2307 1659 2376 ejus
1686 2307 1968 2361 adventum
2011 2309 2077 2362 il-

487 2395 589 2450 hun
632 2398 920 2453 terribilem
954 2399 1245 2453 declarans.
1286 2399 1341 2452 ln
1392 2399 1564 2467 primo
1607 2401 1748 2453 enim
1792 2416 1898 2454 non
1928 2400 2072 2456 venit

484 2499 761 2558 percutere
814 2502 1030 2545 terram.
1066 2490 1185 2544 Non
1213 2492 1342 2543 enim
1373 2491 1483 2543 veni
1508 2531 1521 2555 ,
1553 2491 1741 2560 inquit,
1770 2500 1824 2543 ut
1845 2492 2071 2562 judicent

483 2580 756 2644 mundum,
787 2582 873 2634 sed
900 2592 951 2633 ut
987 2583 1183 2635 salvum
1210 2583 1395 2651 faciant
1426 2580 1620 2651 (Joan.
1662 2581 1748 2635 12.
1791 2584 1857 2636 47
1884 2583 1922 2654 ).
1960 2583 2071 2639 lloc

483 2690 608 2743 ergo
638 2675 765 2727 dicit
792 2676 1093 2743 significans
1113 2718 1127 2741 ,
1150 2674 1441 2729 Thesbiten
1471 2684 1751 2728 venturum
1782 2691 1903 2730 esse
1946 2688 2071 2733 ante

480 2767 764 2820 adventum
796 2768 943 2820 illum
975 2768 1025 2820 in
1053 2783 1157 2836 quo
1188 2767 1445 2837 judicium
1475 2768 1583 2822 fiet.
1608 2768 1830 2821 Causam
1860 2784 2070 2838 quoque

479 2875 573 2913 cur
599 2870 849 2914 venturus
878 2861 948 2914 sit
984 2860 1158 2915 docet.
1193 2860 1445 2927 Qua-nam
1474 2862 1560 2916 illa
1589 2861 1712 2916 est?
1747 2861 1815 2917 Ut
1855 2862 2068 2919 Judatos

480 2952 689 3007 inducat
716 2953 781 3007 ad
806 2953 1128 3008 credendum
1160 2955 1210 3008 in
1236 2953 1526 3016 Christum,
1547 2970 1613 3009 ne
1640 2955 1730 3009 illo
1755 2956 2068 3011 adveniente

476 3058 664 3098 omnes
694 3044 928 3098 funditus
951 3054 1187 3114 pereant.
1212 3046 1545 3115 Quapropter
1577 3045 1627 3099 id
1659 3046 1761 3100 illis
1783 3048 1832 3099 iu
1866 3062 2069 3101 memo-

478 3138 608 3193 tiatn
640 3154 897 3194 revocans
922 3138 1051 3194 dicit
1080 3156 1093 3192 :
1129 3138 1193 3193 Et
1241 3141 1465 3194 restituet
1506 3141 1700 3204 omnia;
1733 3139 1782 3194 id
1825 3151 1925 3203 est,
1968 3140 2065 3195 Ju—

474 3231 711 3287 (heorum
734 3232 823 3302 qui
855 3240 979 3287 tunc
1008 3241 1351 3302 supererunt,
1368 3233 1789 3288 incredulitatem
1810 3233 2059 3304 corriget:

476 3324 700 3394 ideoque
747 3325 1148 3380 accuratissime
1178 3325 1426 3396 loquutus
1467 3334 1568 3379 est.
1599 3324 1713 3379 Non
1740 3325 1879 3379 enim
1906 3324 2061 3389 dixit,

471 3413 740 3470 Restituet
782 3430 877 3470 eor
914 3416 1008 3470 filii
1054 3431 1177 3486 erga
1210 3425 1415 3486 patrem
1440 3456 1455 3480 ,
1485 3416 1577 3471 sed
1604 3458 1618 3482 ,
1657 3416 1826 3469 Patris
1854 3434 1974 3487 erga
1999 3418 2065 3487 ﬁ-

471 3506 613 3560 lium.
637 3504 770 3574 Quia
794 3507 934 3561 enim
961 3506 1128 3561 Judaei
1164 3516 1345 3577 patres
1368 3516 1521 3561 erant
1549 3508 1931 3576 apostolorum,
1961 3508 2063 3563 hoc

471 3597 573 3651 sibi
605 3598 734 3662 vult,
762 3597 1023 3653 Restituet
1050 3598 1115 3653 ad
1151 3598 1398 3668 dogmata
1432 3598 1658 3652 ﬁliorum
1688 3615 1929 3665 suorum,
1960 3600 2062 3656 hoc

470 3699 572 3753 est,
603 3690 988 3758 apostolorum,
1015 3705 1110 3745 cor
1150 3700 1354 3761 patrum
1393 3691 1650 3760 ipsorum,
1680 3691 1782 3746 hoc
1823 3702 1906 3748 est
1943 3693 2061 3747 aui-

470 3797 614 3837 tttllttt
636 3782 837 3838 Judaici
863 3784 1096 3854 generis.

538 3872 764 3928 Joannes
784 3874 1014 3944 Baptista
1031 3874 1173 3929 Elius
1196 3875 1541 3930 dictus—IS.
1566 3875 1692 3929 Dico
1712 3886 1880 3930 autem
1898 3877 2057 3944 vobis,

475 3964 617 4019 Elius
636 3968 749 4035 jam
790 3968 936 4033 venit,
970 3976 1016 4020 et
1044 3984 1144 4021 non
1186 3976 1523 4038 cognoverunt
1553 3984 1685 4032 eam,
1718 3971 1807 4022 sed
1835 3973 2060 4039 fecerunt

468 4060 519 4111 in
541 4077 597 4112 eo
622 4076 943 4130 qudcumque
972 4062 1251 4115 voluerunt.
1275 4061 1363 4115 Sic
1388 4072 1434 4115 ct
1462 4061 1627 4116 Filius
1654 4063 1866 4117 hominis
1890 4081 2059 4133 passu-

470 4167 555 4203 rus
584 4161 655 4205 est
672 4150 732 4203 ab
756 4152 901 4219 ipsis.
935 4152 1020 4207 15.
1048 4151 1187 4206 Tunc
1216 4152 1590 4220 intellexerunt,
1614 4156 1749 4216 quod
1770 4156 1832 4208 de
1860 4155 2060 4212 Joanne

468 4240 562 4292 hoc
577 4239 783 4294 dixisset
805 4241 890 4294 eis.
917 4242 1132 4297 Etiamsi
1155 4259 1251 4298 nec
1272 4245 1481 4309 SCl‘lbﬂ‘,
1501 4261 1597 4299 nec
1617 4246 1903 4316 Scriptura).
1945 4246 2059 4302 hinc

467 4331 706 4386 dicerent
738 4349 750 4385 :
785 4332 881 4387 sed
928 4334 1050 4404 quia
1080 4343 1135 4389 et
1171 4336 1455 4400 acutiores,
1481 4346 1533 4389 et
1561 4336 1626 4390 ad
1672 4352 1732 4391 ea
1761 4354 1879 4408 qua:
1907 4338 2058 4393 dice-

467 4422 659 4478 bantur
688 4425 1001 4481 attentiores
1027 4436 1198 4489 erant,
1227 4428 1334 4481 cito
1362 4428 1755 4483 intellexerunt.
1776 4430 2057 4488 Undenam

384 4560 397 4575 ,
471 4514 519 4568 id
562 4515 938 4570 intellexerunt
968 4516 1252 4588 discipuli?
1281 4517 1396 4571 .Iam
1428 4518 1635 4573 dixerat
1661 4521 1739 4574 eis
1764 4562 1776 4585 ,
1825 4520 1945 4591 Ipse
1983 4531 2057 4577 est

471 4604 613 4659 Elias
650 4607 735 4673 qui
765 4619 1000 4659 venturus
1045 4617 1156 4672 est;
1202 4607 1285 4662 hic
1314 4624 1440 4662 vero
1471 4609 1616 4675 dicit,
1644 4608 1762 4663 Jant
1788 4613 1919 4665 venit
1947 4630 1966 4677 ;
2002 4623 2057 4668 et

466 4712 699 4761 rursum,
733 4697 875 4751 Elias
895 4699 1051 4753 veniet
1082 4708 1127 4753 et
1156 4700 1377 4753 restituet
1403 4702 1571 4753 omnia
1598 4701 1812 4771 (Matth.
1834 4705 1917 4758 11.
1942 4702 2052 4774 14).

466 4791 570 4846 Sed
600 4808 667 4846 ne
708 4792 954 4858 turberis,
996 4807 1169 4863 neque
1209 4807 1446 4847 errorem
1480 4795 1529 4847 in
1562 4794 1720 4850 dictis
1746 4797 2052 4866 suspiceris,

466 4886 511 4938 si
557 4884 716 4939 modo
741 4897 1023 4940 venturum
1070 4901 1228 4951 esse,
1270 4886 1430 4942 modo
1470 4889 1680 4943 veniase
1722 4889 1882 4945 dicat.
1930 4889 2055 4946 llmc

466 4979 644 5033 omnia
683 4995 806 5034 vera
840 4990 998 5045 sunt;
1025 4995 1147 5033 nam
1176 4995 1297 5033 cum
1325 4980 1450 5035 dicit
1481 4980 1650 5035 Eliant
1681 4992 1961 5037 venturum
1999 4992 2056 5039 et

469 5070 835 5123 restituturum
869 5085 990 5125 esse
1021 5070 1199 5125 omnia
1224 5111 1239 5135 ,
1268 5069 1335 5124 de
1366 5071 1480 5139 ipso
1518 5070 1634 5126 Elia
1664 5072 1916 5144 loquitur,
1959 5074 2054 5130 de—

466 5176 570 5229 que
600 5157 771 5213 futura
799 5160 1102 5218 Judteorum
1132 5162 1520 5228 conversione;
1550 5178 1670 5218 cum
1697 5176 1873 5220 autem
1901 5165 2051 5232 dicit,

467 5249 493 5303 Ι
502 5268 588 5320 pse
608 5262 679 5305 est
703 5254 786 5322 qui
824 5264 1058 5308 venturus
1087 5262 1228 5321 erat,
1258 5266 1474 5324 propter
1502 5256 1781 5312 ministerii
1808 5257 2055 5314 similitu-

467 5344 646 5400 dinem
692 5344 949 5401 Joannem
981 5347 1151 5402 Eliant
1182 5356 1358 5404 vocat.
1392 5347 1521 5403 Nam
1548 5349 1818 5419 propheta:
1867 5369 2055 5421 quem-

467 5457 568 5507 que
598 5456 776 5511 regem
810 5442 1000 5498 virtute
1029 5444 1229 5499 clarum
1264 5444 1518 5500 Davidem
1549 5447 1827 5513 vocabant,
1860 5459 1915 5505 et
1954 5450 2051 5506 Ju-

469 5529 618 5585 dueos
649 5531 911 5601 principes
937 5532 1315 5601 Sodomorum,
1343 5550 1406 5590 ac
1436 5537 1570 5591 filios
1590 5536 1920 5608 z’EthiOpum,
1963 5543 2048 5597 id-

467 5638 570 5691 que
610 5640 673 5676 ex
716 5639 925 5679 morum
954 5626 1324 5681 similitudine.
1354 5626 1505 5681 Sicut
1527 5628 1670 5682 enim
1715 5630 1801 5684 ille
1830 5633 2046 5688 secundi

468 5715 726 5769 adventus
757 5731 1053 5783 prtecursor
1098 5716 1304 5773 futurus
1325 5730 1425 5782 est,
1453 5718 1520 5773 ita
1544 5719 1629 5774 hic
1657 5720 1811 5789 primi
1843 5720 1959 5776 fuit.

536 5809 589 5862 ἓ.
616 5808 793 5880 Neque
822 5810 939 5867 ideo
961 5818 1163 5865 tantum
1193 5811 1362 5867 Eliam
1401 5827 1543 5885 saepe
1574 5824 1725 5870 vocat
1752 5815 1920 5882 illum,
1951 5816 2044 5873 sed

1178 352 1236 407 S.
1277 349 1554 409 JUANNIS
1581 348 2049 407 CHRYSOSTOMI
2090 352 2408 408 ARCIHEP.
2446 352 2981 415 CONSTANTINOP.

2199 473 2257 519 ut
2275 464 2524 522 ostendat
2545 482 2605 523 se
2631 482 2756 523 cum
2776 470 2946 526 veteri
2981 470 3097 541 lege
3122 472 3409 531 admodum
3437 482 3787 551 concordare,

2196 567 2246 612 et
2281 557 2421 614 hunc
2459 559 2750 617 adventum
2781 563 3072 619 secundum
3112 566 3444 637 prophetiam
3481 587 3621 629 esse.
3665 575 3788 632 Ideo

2195 650 2467 720 subjungit
2491 669 2504 704 :
2547 650 2731 720 Venit,
2757 666 2805 709 et
2829 672 2928 710 non
2957 670 3292 726 cognoverunt
3317 678 3430 714 eum
3450 705 3464 729 ,
3494 673 3541 717 et
3566 670 3789 737 fecerunt

2195 742 2240 795 ei
2263 759 2587 813 quaecumque
2610 746 2893 802 voluerunt.
2926 748 3061 815 Quid
3090 749 3191 804 sibi
3220 752 3331 806 vult
3351 753 3500 821 illud,
3522 756 3787 820 Quaecum-

2192 849 2288 901 que
2327 836 2658 889 voluerunt‘?
2686 837 2739 891 ln
2774 853 3044 895 carcerem
3091 850 3408 909 truseruut,
3449 850 3786 903 contumeliis

2193 924 2504 989 affecerunt,
2531 926 2868 1010 occiderunt,
2891 938 3051 999 caput
3080 930 3131 984 in
3162 931 3311 987 disco
3338 934 3593 990 tulerunt.
3624 936 3714 991 Sic
3737 948 3785 993 et

2191 1014 2241 1069 F
2244 1017 2359 1071 ilius
2398 1017 2617 1071 hominis
2643 1036 2889 1090 passurus
2920 1030 2993 1075 est
3020 1021 3083 1075 ab
3127 1023 3269 1093 ipsis.
3304 1024 3490 1080 Viden’
3513 1030 3782 1097 quomodo

2190 1123 2375 1163 rursus
2400 1118 2702 1179 opportune
2729 1111 2834 1166 illis
2865 1114 3167 1181 passionem
3188 1129 3341 1171 suam
3367 1131 3778 1191 commemorat,

2188 1213 2251 1253 ex
2278 1199 2499 1254 Joannis
2523 1202 2769 1271 passione
2795 1219 3038 1273 magnam
3076 1206 3179 1261 illis
3204 1207 3434 1263 atterens
3451 1212 3777 1269 consolatio-

2187 1291 2343 1345 nem?
2367 1291 2549 1361 Neque
2572 1293 2697 1347 hinc
2722 1304 2945 1361 tantum,
2970 1297 3063 1351 sed
3094 1298 3235 1368 quod
3259 1300 3419 1354 etiam
3452 1316 3642 1372 magna
3669 1314 3778 1359 sta-

2188 1382 2279 1435 tim
2326 1384 2583 1439 miracula
2621 1384 2765 1441 edat.
2796 1385 2928 1441 Nam
2973 1403 3094 1443 cum
3128 1390 3194 1444 de
3221 1392 3468 1460 passione
3506 1393 3773 1464 loquitur,

2183 1472 2464 1528 confestim
2507 1475 2771 1531 mirabilia
2801 1487 2994 1547 patrat,
3023 1490 3078 1534 et
3103 1490 3385 1551 antequam
3413 1482 3465 1538 id
3502 1484 3770 1554 loquatur,

2184 1573 2239 1619 et
2268 1573 2545 1634 postquam
2574 1566 2831 1637 loquutus
2880 1578 2996 1637 est,
3026 1570 3077 1625 id
3104 1572 3244 1639 quod
3272 1588 3415 1643 sa-pe
3436 1575 3769 1631 observatur.

2186 1653 2325 1709 Tunc
2365 1656 2539 1726 igitur,
2569 1659 2758 1728 inquit,
2787 1661 2935 1729 carpit
2972 1663 3249 1730 ostendere,
3276 1666 3411 1734 quod
3434 1676 3682 1734 oporteret
3726 1678 3772 1722 et

2181 1764 2294 1801 eum
2320 1749 2458 1802 abire
2482 1749 2876 1822 Jerosolymant,
2896 1763 2941 1805 ct
2966 1754 3149 1818 occidi,
3169 1765 3215 1809 et
3236 1756 3394 1809 multa
3424 1759 3527 1827 pati
3552 1758 3764 1826 (Matth.

2180 1840 2266 1895 16.
2296 1839 2411 1911 21).
2441 1840 2583 1896 Tunc
2605 1884 2621 1908 ,
2652 1845 3030 1913 quandonam?
3059 1847 3282 1914 Quando
3312 1850 3364 1904 in
3403 1851 3649 1907 confesso
3674 1853 3769 1908 fttit

2178 1931 2349 2001 ipsum
2376 1947 2496 1988 esse
2524 1932 2793 1990 Christum
2824 1948 2878 1991 et
2906 1937 3100 1993 Filium
3120 1939 3229 1993 Dei.
3252 1941 3456 1996 Rursus
3480 1942 3531 1996 in
3559 1955 3764 2009 monte,

2177 2023 2391 2092 quando
2423 2026 2611 2080 miram
2641 2027 2746 2083 illis
2774 2029 3031 2084 visionem
3064 2031 3324 2095 exhibuit,
3356 2048 3477 2087 cum
3503 2034 3570 2088 de
3598 2034 3763 2105 gloria

2177 2114 2341 2184 ipsius
2369 2116 2716 2187 loquerentur
2751 2122 3042 2189 prophetat,
3073 2124 3373 2192 passionem
3404 2124 3532 2193 ipsis
3558 2142 3762 2181 memo-

2176 2208 2329 2260 ravit.
2366 2207 2649 2278 Postquam
2678 2211 2817 2264 enim
2849 2211 3069 2266 Joannis
3112 2213 3386 2269 historiam
3418 2228 3759 2283 narraverat,

2173 2299 2444 2369 subjuuxit
2474 2320 2487 2355 :
2524 2302 2612 2356 Sic
2652 2315 2696 2356 et
2723 2302 2769 2356 F
2772 2305 2889 2358 ilius
2919 2305 3134 2359 hominis
3168 2324 3410 2376 passurus
3438 2319 3511 2362 est
3536 2310 3598 2361 ab
3618 2310 3757 2379 ipsis.

2170 2390 2279 2446 Nec
2306 2393 2528 2447 multum
2562 2405 2741 2463 postea
2760 2437 2774 2459 ,
2802 2410 2924 2449 cum
2961 2396 3256 2452 daemonem
3286 2399 3461 2469 ejecit,
3491 2417 3648 2470 quem
3676 2401 3759 2455 di-

2171 2483 2362 2551 scipuli
2394 2486 2662 2553 erpellere
2689 2503 2793 2540 non
2823 2497 3143 2556 potuerant:
3176 2499 3299 2544 tunc
3336 2492 3500 2557 enim,
3542 2491 3666 2545 Cant
3707 2495 3761 2547 in

2172 2573 2440 2629 Galilwam
2482 2586 2857 2643 reverterentur,
2905 2578 3094 2647 inquit,
3124 2580 3253 2634 dixit
3291 2584 3360 2635 eis
3401 2580 3551 2637 Jesus
3577 2599 3595 2637 :
3623 2582 3759 2635 Tra-

2170 2668 2364 2721 dendas
2404 2678 2475 2721 est
2503 2668 2670 2723 Filias
2699 2670 2915 2724 hominis
2942 2672 2995 2725 in
3024 2689 3203 2727 manus
3240 2674 3496 2728 hominum
3525 2687 3756 2745 peccato-

2167 2774 2300 2818 rum,
2315 2770 2362 2810 et
2378 2759 2601 2811 occident
2617 2776 2749 2824 eam,
2774 2770 2816 2813 et
2837 2762 2979 2814 tertia
2999 2762 3080 2817 die
3098 2776 3317 2833 resurget
3340 2763 3579 2838 (Matt/ni
3595 2768 3643 2820 7.
3664 2766 3723 2822 2|
3739 2807 3755 2822 .

2167 2848 2297 2918 22).
2329 2848 2440 2904 Hoc
2470 2860 2647 2905 autem
2689 2852 2938 2920 faciebat,
2977 2863 3034 2907 ut
3068 2856 3430 2925 magnitudine
3468 2860 3755 2914 miraculo-

2168 2957 2285 2995 rum
2328 2943 2529 2999 doloris
2558 2960 2836 3000 excessum
2879 2948 3172 3013 minueret,
3204 2958 3257 3003 et
3289 2951 3597 3006 omnimodo
3635 2953 3755 3008 illus

2167 3033 2474 3102 solaretur,
2520 3038 2968 3107 quemadmodum
3024 3040 3124 3095 hoc
3154 3041 3271 3096 loco
3316 3052 3487 3098 morte
3534 3044 3754 3102 Joannis

2166 3138 2582 3182 commemorata
2626 3144 2873 3199 magnam
2918 3131 3045 3201 ipsis
3086 3133 3504 3189 consolationem
3553 3136 3747 3191 attulit.

2164 3214 2218 3271 Si
2245 3218 2364 3287 quis
2392 3234 2519 3274 vero
2552 3220 2746 3275 dixerit
2777 3240 2790 3274 :
2821 3221 2927 3277 Cur
2953 3238 3057 3277 non
3080 3225 3241 3279 etiam
3271 3241 3413 3280 nunc
3440 3228 3608 3282 Eliam
3635 3244 3754 3283 sus-

2163 3309 2346 3364 citavit
2381 3319 2435 3365 et
2475 3312 2641 3379 misit,
2669 3328 2790 3367 eum
2835 3322 2912 3369 tot
2942 3324 3189 3386 tantaque
3220 3316 3356 3372 bona
3396 3319 3513 3388 ejus
3549 3319 3751 3375 adven-

2166 3410 2274 3456 tum
2322 3404 2707 3459 testificentur?
2734 3406 3175 3476 respondebimus
3195 3451 3210 3475 ,
3242 3409 3364 3479 quia
3394 3425 3536 3465 nunc
3563 3410 3745 3475 etiam.

2163 3509 2285 3549 cum
2337 3496 2619 3551 crederent
2660 3498 2831 3567 ipsum
2873 3498 3145 3553 Christum
3205 3515 3327 3555 esse
3374 3501 3583 3567 Eliam,
3636 3518 3743 3557 non

2164 3595 2339 3642 tamen
2366 3588 2710 3644 crediderunt
2753 3591 2823 3644 ei.
2854 3590 2987 3643 Nam
3019 3591 3120 3643 Alii
3148 3632 3163 3655 ,
3218 3592 3421 3662 inquit,
3481 3592 3652 3646 Etiam
3700 3604 3749 3647 te

2162 3678 2376 3743 dicunt,
2429 3679 2518 3732 alii
2559 3677 2836 3733 Jeremiant
2884 3679 3098 3753 (Matth.
3144 3681 3374 3752 16.14).
3420 3684 3577 3753 Atqui
3608 3684 3746 3739 inter

2160 3771 2420 3828 Joannem
2451 3782 2503 3827 et
2531 3773 2699 3827 Eliam
2724 3775 2925 3828 nullum
2957 3784 3071 3829 erat
3112 3775 3398 3832 discrimen
3425 3819 3439 3843 ,
3476 3779 3576 3832 nisi
3606 3787 3744 3832 tem-

2162 3868 2307 3938 poris
2346 3878 2572 3923 tantum.
2602 3868 2878 3937 Quomodo
2907 3886 3056 3941 ergo,
3082 3870 3309 3941 inquies,
3343 3880 3471 3927 tunc
3490 3872 3744 3927 credituri

2160 3962 2310 4015 sunt?
2337 3961 2494 4016 Certe
2522 3961 2613 4017 ille
2641 3972 2763 4016 tunc
2786 3963 3029 4017 restituet
3056 3965 3256 4031 omnia,
3288 3981 3394 4018 non
3418 3965 3576 4019 modo
3600 3963 3741 4035 quod

2160 4064 2319 4110 notus
2351 4057 2458 4121 sit,
2492 4056 2585 4111 sed
2617 4057 2761 4125 quod
2808 4058 2977 4127 gloria
3020 4058 3217 4113 Christi
3269 4059 3333 4112 ad
3377 4060 3522 4113 illum
3576 4076 3742 4129 usque

2158 4150 2299 4206 diem
2330 4150 2618 4205 admodum
2650 4151 2983 4207 extendenda
3014 4161 3067 4206 et
3091 4152 3331 4221 augenda
3364 4154 3472 4217 sit,
3521 4162 3575 4207 et
3602 4154 3739 4222 apud

2158 4260 2346 4299 omnes
2380 4244 2494 4299 sole
2536 4244 2863 4313 Splendidior
2893 4244 2961 4297 sit
2986 4242 3179 4297 futura.
3208 4242 3336 4297 Cum
3365 4244 3539 4313 itaque
3566 4245 3741 4298 veniet

2158 4334 2267 4399 ille,
2295 4344 2570 4405 postquam
2613 4344 2755 4389 tanta
2806 4335 3137 4403 pra-cesserit
3190 4335 3561 4400 existimatio,
3590 4344 3733 4389 tanta

2156 4426 2483 4494 exspectatio
2509 4467 2524 4492 ,
2552 4425 2735 4480 eadem
2766 4427 2877 4497 ipsa
2902 4426 3198 4494 praedicans
3229 4467 3243 4490 ,
3281 4435 3334 4479 et
3363 4425 3547 4480 Jesum
3590 4429 3610 4457 ¹
3640 4443 3737 4481 an-

2158 4516 2442 4584 nuntians,
2475 4515 2681 4571 facilius
2720 4516 2860 4571 dicta
2888 4517 3030 4571 illius
3056 4518 3370 4586 suscipient.
3402 4520 3532 4572 Cum
3559 4530 3736 4575 autem

2156 4607 2305 4673 dicit,
2331 4606 2453 4661 Non
2473 4618 2805 4679 cognoverunt
2833 4624 2966 4673 eum,
2995 4618 3049 4663 et
3078 4609 3195 4663 illos
3212 4624 3470 4665 excusare
3499 4610 3730 4677 videtur,

2156 4710 2210 4755 et
2239 4715 2343 4755 non
2372 4701 2449 4756 sic
2478 4701 2639 4755 modo
2665 4715 2757 4755 eos
2808 4701 3139 4769 consolatur,
3181 4701 3275 4756 sed
3298 4702 3441 4772 quod
3486 4704 3726 4759 ostendat

2155 4808 2215 4848 se
2244 4794 2439 4863 injuste
2467 4808 2748 4864 passurum
2774 4808 2894 4849 esse
2921 4835 2935 4859 ,
2964 4803 3020 4849 et
3043 4793 3185 4865 quod
3220 4796 3387 4849 tristia
3416 4796 3504 4850 illa
3527 4796 3736 4851 duobus

2155 4884 2424 4940 miraculis
2452 4885 2786 4955 obtegantur,
2836 4885 2929 4941 illo
2976 4887 3029 4940 in
3056 4896 3235 4943 monte
3277 4888 3423 4943 'edito
3467 4930 3483 4956 ,
3528 4898 3584 4944 et
3630 4890 3735 4946 alio

2156 4983 2282 5030 tunc
2296 4976 2521 5030 edendo.
2544 4976 2637 5030 His
2654 4991 2814 5047 porro
2831 4976 3050 5043 auditis,
3078 4994 3186 5033 non
3213 4979 3544 5050 interrogant
3564 4980 3733 5046 illum,

2154 5067 2489 5137 quandonam
2523 5068 2667 5123 Elias
2698 5080 2953 5126 venturus
2979 5072 3069 5134 sit.
3101 5073 3216 5128 sive
3251 5072 3322 5128 ob
3346 5089 3631 5130 mterorem
3656 5075 3743 5131 fu-

2154 5167 2287 5214 turae
2314 5160 2595 5229 passionis,
2635 5161 2749 5217 sive
2776 5162 2919 5232 quod
2953 5163 3053 5233 ipsi
3074 5163 3343 5220 timerent.
3385 5163 3540 5236 Saepe
3577 5183 3728 5222 nam-

2153 5265 2257 5319 que
2272 5265 2396 5305 eum
2414 5250 2595 5305 vident
2616 5250 2762 5305 illum
2781 5252 2924 5308 clare
2950 5253 3093 5324 loqui
3114 5259 3275 5319 nolle,
3299 5264 3478 5311 tacent
3492 5256 3732 5313 demum.

2153 5342 2284 5397 Cum
2314 5343 2474 5412 igitur
2513 5344 2563 5397 in
2590 5343 2803 5399 Galilata
2837 5347 3170 5401 versantibus
3210 5347 3414 5404 diceret
3440 5390 3456 5415 ,
3482 5348 3731 5406 Futurum

2153 5442 2224 5487 est
2250 5442 2305 5486 ut
2334 5432 2499 5488 Filius
2526 5434 2743 5488 hominis
2768 5436 3019 5502 tradatur,
3053 5447 3101 5492 et
3141 5438 3368 5493 occident
3410 5456 3527 5495 eum
3551 5482 3567 5507 ,
3608 5442 3729 5497 sub-

2147 5524 2356 5595 junxit,
2389 5525 2457 5579 Et
2497 5528 2778 5580 contristati
2806 5539 2921 5582 sunt
2968 5530 3114 5583 valde
3155 5544 3174 5585 :
3212 5531 3354 5601 quod
3394 5532 3731 5589 Subindicant

2214 5706 2231 5735 ⁸
2265 5709 2389 5772 "me,
2418 5700 2535 5761 quid
2680 5699 2777 5752 vult
2814 5700 2957 5765 illud,
3002 5720 3024 5751 α
3050 5717 3364 5772 qttwcumque
3409 5708 3679 5771 voluerunt,
3700 5722 3727 5755 ιι

2147 5764 2326 5815 desunt
2350 5765 2398 5812 in
2425 5763 2586 5812 Morel.

2213 5828 2234 5857 '
2269 5834 2409 5884 Unus,
2433 5824 2607 5889 ﬁlium,
2628 5839 2730 5888 pro,
2757 5834 2940 5878 Jesum.
