4140 6376
336 383 433 443 501

335 496 444 552 duo
482 495 852 564 evangelista;
903 492 1112 547 Marcus
1149 490 1366 561 quidem
1393 490 1564 546 dicit:
1602 486 1917 560 Ignorabant

335 589 560 652 verbum,
592 602 682 640 nec
707 585 819 639 ausi
843 594 959 639 sunt
983 583 1132 637 illum
1153 584 1463 652 interrogare
1492 580 1687 653 (Marc.
1714 578 1768 635 9.
1800 577 1916 645 32):

339 680 508 735 Lucas
549 695 679 734 vero
724 697 736 732 :
768 677 897 732 Erat
933 676 1280 730 absconditum
1321 677 1385 729 ab
1413 676 1485 729 eis
1511 713 1527 738 ,
1577 690 1640 727 ne
1682 672 1919 726 sentirent

337 773 486 831 illud.
515 788 605 826 nec
631 771 744 825 ausi
763 780 881 825 sunt
901 785 1015 823 eum
1041 770 1355 839 interrogare
1378 769 1514 821 circa
1539 766 1740 821 verbum
1766 764 1917 831 (Luc.

340 864 389 918 9.
416 861 538 931 45).
582 862 669 917 M.
718 861 843 916 Cum
872 860 1116 914 venissent
1152 868 1319 913 autem
1347 858 1416 913 ad
1455 858 1651 912 turbam
1671 900 1685 924 ,
1714 856 1921 911 accessit

339 953 405 1005 ad
442 970 556 1006 cum
581 953 729 1006 homo
754 969 886 1023 genu
914 954 1119 1020 ﬂectens
1162 959 1279 1004 ante
1303 966 1417 1004 eum
1436 990 1454 1016 ,
1493 959 1538 1003 et
1559 949 1729 1002 dicens
1761 962 1780 1001 :
1816 946 1921 1000 Do-

340 1045 489 1109 mine,
513 1044 744 1096 miserere
766 1044 874 1112 ﬁlio
898 1059 1028 1108 meo,
1060 1042 1299 1112 quoniam
1332 1042 1581 1096 lunaticus
1600 1049 1693 1107 est,
1717 1048 1766 1092 et
1790 1039 1922 1093 male

338 1137 551 1207 patitur.
582 1134 734 1204 Scep:
759 1135 891 1188 enim
916 1135 1055 1188 cadit
1084 1134 1139 1187 in
1165 1134 1355 1205 ignem,
1387 1142 1434 1187 et
1457 1149 1592 1202 sirpe
1616 1133 1669 1186 in
1694 1147 1920 1201 aquam:

347 1230 436 1282 15.
471 1237 517 1281 et
545 1227 703 1280 obtuli
730 1243 841 1280 eum
868 1226 1131 1298 discipulis
1156 1228 1287 1293 tuis,
1316 1234 1363 1279 et
1394 1242 1495 1280 non
1518 1234 1786 1296 potuerunt
1806 1240 1920 1277 eum

341 1337 536 1374 curare.
562 1320 714 1374 Hunc
741 1319 1010 1374 hominem
1041 1318 1196 1373 valde
1228 1320 1279 1372 in
1308 1317 1411 1374 ﬁde
1439 1318 1708 1373 inﬁrmum
1735 1325 1918 1371 osten-

340 1413 416 1467 dit
444 1413 716 1483 Scriptura
751 1430 764 1466 :
808 1410 859 1466 id
898 1411 1038 1482 quod
1080 1427 1145 1467 ex
1190 1411 1370 1467 multis
1398 1411 1570 1481 palam
1614 1418 1698 1465 est
1744 1430 1758 1466 :
1807 1418 1917 1464 tum

340 1503 480 1572 quod
517 1502 765 1556 Christus
802 1503 983 1569 dicat,
1031 1499 1218 1557 Omnia
1259 1502 1520 1571 possibilia
1545 1512 1661 1555 sunt
1701 1501 1919 1556 credenti

344 1592 536 1662 (Marc.
568 1593 621 1648 9.
652 1592 742 1646 22.
762 1594 855 1662 “25)
889 1610 903 1657 ;
929 1602 1038 1648 tum
1065 1593 1209 1664 quod
1239 1594 1284 1648 is
1313 1595 1401 1664 qui
1426 1593 1686 1659 accessit,
1736 1593 1919 1656 dicat,

346 1686 551 1754 Adjuva
580 1686 978 1741 incredulitatem
1007 1702 1171 1740 meam
1194 1702 1215 1751 ,'
1256 1686 1363 1742 imo
1391 1685 1549 1741 etiam
1579 1701 1642 1740 ex
1685 1700 1749 1740 eo
1777 1683 1921 1755 quod

342 1780 587 1835 Christus
612 1781 841 1836 dacmoni
884 1780 1198 1851 praecipiat,
1240 1794 1307 1835 ne
1336 1778 1472 1835 ultra
1494 1780 1659 1834 intret
1686 1779 1737 1833 in
1760 1794 1919 1843 eum;

343 1889 406 1927 ac
435 1890 646 1928 rursum
672 1914 689 1939 ,
734 1874 876 1944 quod
904 1875 1065 1928 homo
1095 1873 1183 1928 ille
1206 1871 1420 1927 Christo
1448 1872 1589 1927 dicat
1613 1913 1627 1936 ,
1670 1871 1731 1925 Si
1759 1881 1917 1942 potes.

346 1968 422 2019 Ae
446 1964 653 2036 inquies
677 2005 691 2029 ,
718 1966 763 2020 si
792 1965 936 2020 illius
966 1963 1308 2020 incredulitas
1334 1964 1385 2018 in
1412 1978 1570 2019 causa
1608 1964 1734 2028 fuit,
1779 1961 1920 2034 quod

346 2055 554 2110 dmmon
580 2071 687 2110 non
711 2056 923 2121 exierit,
947 2070 1042 2109 cur
1061 2065 1278 2110 accusat
1300 2055 1632 2125 discipulos?
1654 2054 1719 2110 Ut
1744 2063 1923 2110 osten-

346 2146 435 2200 dat
460 2162 554 2203 eos
578 2161 735 2216 posse
766 2188 782 2213 ,
833 2146 1042 2202 etiamsi
1088 2162 1247 2202 nemo
1331 2161 1458 2205 cum
1499 2148 1604 2203 ﬁde
1642 2149 1910 2217 adducat,

348 2252 519 2307 a-gros
543 2252 751 2292 curare.
788 2235 855 2293 Ut
898 2236 1040 2291 enim
1082 2250 1227 2306 saepe
1265 2235 1571 2291 accedentis
1612 2235 1746 2291 ﬁdes
1791 2236 1924 2290 satis

361 2331 454 2385 fuit
483 2330 551 2385 ad
595 2331 856 2400 postulata
880 2330 966 2384 vel
994 2346 1024 2383 a
1052 2329 1345 2384 minoribus
1375 2328 1701 2399 impetranda
1727 2368 1742 2394 ,
1772 2329 1849 2383 sic
1871 2336 1926 2382 et

350 2422 620 2491 operantis
642 2437 784 2490 saepe
806 2423 973 2475 virtus
999 2420 1098 2474 fuit
1115 2419 1266 2485 satis,
1288 2419 1780 2475 sineaccedentium
1798 2418 1922 2484 ﬁde,

350 2514 417 2568 ad
441 2515 693 2569 miracula
738 2512 1015 2584 patranda.
1048 2512 1173 2567 llzec
1197 2512 1356 2566 ambo
1407 2511 1458 2565 in
1501 2510 1789 2580 Scripturis
1830 2514 1925 2564 de-

353 2614 715 2660 monstrantur
742 2624 759 2679 :p
784 2604 1063 2659 Cornelius
1092 2605 1231 2658 enim
1271 2604 1385 2658 sola
1416 2601 1519 2657 ﬁde
1548 2604 1770 2673 gratiam
1802 2601 1925 2673 Spi-

355 2695 489 2750 ritus
506 2696 726 2750 attraxit
746 2695 884 2763 (Act.
910 2696 998 2766 10)
1033 2714 1047 2751 :
1079 2697 1147 2752 ab
1166 2695 1383 2762 Elisaao,
1407 2695 1624 2750 nemine
1653 2694 1925 2756 credente,

354 2794 607 2841 mortuus
640 2789 936 2845 suscitatus
956 2801 1039 2844 est
1057 2789 1131 2855 (4.
1153 2788 1277 2859 Reg.
1295 2790 1380 2843 I5.
1397 2786 1512 2851 21).
1529 2785 1664 2842 Nam
1686 2786 1777 2857 qui
1800 2804 1926 2855 pro-

348 2876 583 2945 jecerant
604 2917 621 2943 ,
674 2893 776 2931 non
804 2893 866 2932 ex
897 2876 1028 2941 ﬁde,
1056 2877 1150 2932 sed
1181 2878 1249 2931 ob
1276 2888 1477 2935 metum
1506 2888 1707 2935 temere
1747 2880 1926 2950 proje-

358 2977 582 3032 cernnt,
610 2979 663 3023 et
688 2968 980 3039 perieulum
1026 2978 1324 3025 metuentes
1367 2970 1612 3041 fugerunt
1645 2990 1658 3025 :
1699 2972 1745 3027 is
1772 2973 1885 3043 ipse
1907 3014 1922 3038 ,

351 3060 439 3130 qui
472 3061 735 3131 projectus
762 3062 860 3117 fuit
886 3105 901 3129 ,
931 3071 1171 3117 mortuus
1195 3073 1311 3119 erat
1333 3106 1349 3131 ,
1387 3080 1558 3136 exque
1587 3068 1699 3122 sola
1731 3069 1925 3125 virtute

355 3155 489 3206 sacri
517 3155 778 3222 corporis,
810 3165 1049 3209 mortuus
1080 3157 1393 3212 resurrexit.
1422 3156 1573 3214 Unde
1598 3159 1772 3227 palam
1803 3170 1884 3215 est
1907 3201 1923 3228 ,

352 3242 636 3313 discipulos
664 3246 955 3301 imbecillos
976 3245 1179 3312 fuisse;
1210 3257 1263 3303 at
1298 3262 1405 3303 non
1430 3264 1651 3305 omnes:
1684 3265 1804 3304 nam
1834 3267 1921 3306 co-

353 3335 544 3391 lumnae
573 3337 677 3392 illae
704 3353 809 3392 non
839 3337 1078 3393 aderant.

434 3508 487 3562 3.
524 3506 629 3563 Sed
664 3509 875 3567 aliunde
902 3512 1024 3568 vide
1060 3512 1292 3570 hominis
1347 3515 1728 3591 impudentiam
1753 3561 1769 3586 ,
1798 3534 1934 3589 quo-

364 3601 524 3655 modo
567 3602 619 3656 in
660 3614 949 3673 conspectu
988 3606 1156 3661 turba:
1200 3606 1380 3663 Jesum
1433 3620 1704 3679 precetur,
1751 3621 1934 3666 contra

363 3696 653 3766 discipulos
691 3697 910 3767 loquens
940 3717 956 3754 :
991 3714 1114 3754 nam
1161 3701 1277 3756 ait:
1319 3702 1480 3756 Attuli
1519 3719 1633 3756 eum
1676 3704 1937 3773 discipulis

363 3788 479 3847 tuis.
511 3797 557 3840 et
587 3805 685 3842 non
716 3798 981 3858 potuerunt
1005 3806 1117 3844 eum
1145 3807 1339 3846 curare.
1372 3792 1476 3847 Sed
1502 3792 1744 3849 Christus
1772 3794 1935 3850 disci-

363 3878 516 3947 pulos
542 3894 666 3934 suos
698 3881 869 3950 palam
898 3896 1158 3936 excusans
1180 3925 1193 3948 ,
1220 3883 1475 3953 majorem
1502 3885 1576 3939 illi
1600 3886 1808 3956 culpam
1841 3889 1933 3943 Iri-

360 3970 507 4035 huit,
537 3970 720 4025 dicens
746 3989 760 4024 :
790 3971 878 4027 l6.
912 3970 956 4026 0
997 3974 1250 4043 generatio
1288 3975 1550 4029 incredula
1588 3986 1633 4032 et
1662 3995 1892 4048 perversa
1915 4022 1931 4047 ,

361 4077 612 4129 usquequo
640 4060 890 4116 vobiscum
910 4080 994 4117 ero
1010 4064 1035 4117 ἵ
1050 4080 1152 4119 non
1182 4064 1323 4119 hunc
1348 4067 1519 4121 solum
1541 4067 1841 4137 alloquitur,
1869 4085 1936 4124 ne

362 4152 598 4206 turbaret
622 4167 765 4217 eum,
787 4153 881 4207 sed
909 4164 963 4208 et
991 4168 1177 4210 omnes
1204 4155 1437 4211 Judzeos.
1464 4157 1655 4211 Multos
1684 4158 1825 4212 cnim
1856 4160 1932 4213 oi-

361 4242 538 4295 fcnsos
564 4243 722 4297 fuisse
744 4245 1029 4300 verisimile
1049 4254 1130 4299 est
1148 4287 1163 4310 ,
1196 4246 1435 4317 maleque
1456 4247 1524 4301 de
1543 4248 1816 4315 discipulis
1845 4266 1935 4303 su-

360 4333 590 4401 spicatus
628 4348 766 4390 esse.
806 4335 940 4389 Cum
969 4346 1146 4391 autem
1176 4336 1340 4403 dicit,
1375 4337 1641 4408 Usqucqtto
1682 4340 1932 4394 vobiscum

360 4425 493 4479 ero?
522 4425 753 4481 ostendit
778 4435 1030 4495 quantum
1063 4439 1287 4484 mortem
1323 4437 1553 4499 optaret,
1581 4439 1635 4485 et
1660 4430 1933 4487 desidera-

360 4524 441 4571 ret
467 4517 587 4571 hinc
606 4517 831 4588 migrare
854 4536 869 4585 ;
892 4521 1095 4591 sibique
1126 4537 1229 4575 non
1256 4522 1508 4593 cruciﬁgi,
1534 4522 1630 4578 sed
1651 4538 1772 4579 cum
1803 4525 1931 4595 ipsis

357 4609 557 4663 versari
587 4611 866 4665 molestum
894 4627 1034 4668 esse.
1066 4612 1173 4668 Nec
1194 4622 1474 4669 contentus
1503 4616 1793 4681 incusasse,
1817 4618 1926 4671 ait:

360 4698 548 4766 Alferte
572 4701 671 4754 huc
693 4701 857 4770 ipsum
876 4704 944 4756 ad
970 4720 1082 4769 me;
1110 4704 1501 4775 interrogatque
1531 4705 1700 4771 illum,
1730 4716 1929 4777 quanto

358 4796 598 4858 tempore
625 4790 871 4847 detentus
898 4804 1062 4859 esset,
1090 4802 1141 4848 et
1166 4792 1454 4864 discipulos
1476 4810 1754 4863 excusans,
1783 4807 1837 4853 et
1866 4798 1931 4852 il-

358 4882 464 4935 lum
496 4882 548 4936 in
573 4896 719 4952 spem
747 4883 938 4940 bonam
967 4898 1149 4955 agens,
1182 4893 1241 4939 ut
1264 4883 1523 4948 crederet,
1553 4902 1612 4940 se
1639 4901 1668 4941 a
1696 4888 1836 4941 malo
1862 4889 1928 4943 li-

356 4971 671 5027 berandum.
698 4975 872 5043 Ipsum
900 4991 1028 5030 vero
1056 4975 1281 5044 discerpi
1313 4976 1439 5031 sinit
1463 5019 1477 5041 ,
1509 4992 1618 5032 non
1647 4979 1712 5033 ad
1743 4991 1925 5036 osten-

354 5063 605 5118 tationem
628 5063 767 5134 (quia
784 5066 922 5120 enim
941 5067 1089 5121 turba
1108 5066 1424 5134 conﬂuebat,
1444 5068 1652 5140 increpa
1664 5072 1739 5124 vit
1755 5071 1924 5144 eum),

353 5151 449 5208 sed
477 5165 690 5224 propter
718 5155 887 5226 ipsum
917 5166 1116 5226 patrem
1136 5199 1152 5222 ,
1179 5167 1232 5212 ut
1261 5174 1381 5213 cum
1408 5158 1611 5215 videret
1632 5161 1925 5218 daemonem

353 5245 554 5301 turbari
579 5261 644 5299 eo
664 5247 802 5315 quod
832 5248 977 5301 illum
1006 5258 1286 5314 vocasset,
1313 5250 1390 5304 sic
1414 5250 1600 5306 saltem
1631 5251 1791 5308 futuri
1823 5255 1925 5309 mi-

354 5337 515 5392 raculi
556 5336 713 5391 ﬁdem
748 5339 1066 5409 susciperet.
1103 5338 1361 5407 Quoniam
1401 5356 1530 5397 vero
1561 5342 1696 5397 dixit
1732 5343 1821 5398 ille
1844 5383 1860 5410 ,
1892 5358 1924 5398 a

353 5443 517 5495 puero
540 5439 780 5482 vexatum
802 5443 940 5497 esse,
971 5440 1043 5496 et,
1067 5429 1129 5485 Si
1152 5439 1309 5502 potes,
1332 5432 1518 5503 adjuva
1536 5449 1632 5498 me,
1653 5433 1787 5489 dixit
1810 5434 1921 5502 ille,

356 5515 538 5570 Omnia
563 5518 822 5587 possibilia
847 5529 962 5574 sunt
987 5520 1206 5575 credenti
1232 5520 1423 5591 (Marc.
1452 5522 1505 5577 9.
1530 5522 1703 5578 20-32
1719 5525 1740 5595 )
1758 5563 1774 5589 ,
1800 5539 1924 5579 rur-

352 5621 467 5661 sum
508 5609 655 5663 illum
696 5610 1002 5680 objurgans.
1045 5611 1110 5666 Et
1141 5611 1353 5682 quando
1393 5611 1636 5681 leprosus
1661 5613 1827 5681 dixit,
1859 5613 1922 5669 Si

350 5700 443 5764 vis,
472 5708 611 5767 potes
637 5715 718 5753 nte
743 5700 990 5755 mundare
1016 5699 1165 5773 (Luc.
1196 5701 1251 5759 5.
1280 5700 1368 5756 12.
1399 5700 1519 5773 13),
1546 5703 1661 5773 ejus
1688 5709 1921 5773 potesta-

352 5803 455 5848 tem
488 5794 799 5849 testiﬁcatus
821 5837 835 5862 ,
869 5795 1015 5850 illum
1053 5795 1273 5851 laudans
1308 5803 1363 5851 et
1389 5795 1588 5851 dictum
1628 5795 1758 5851 illud
1785 5810 1919 5852 con-

350 5882 570 5941 ﬁrmans
593 5885 745 5956 dixit,
773 5884 920 5955 Volo,
941 5887 1206 5946 mundare.
1228 5886 1450 5956 Quando
1473 5895 1651 5946 autem
1675 5888 1762 5946 hic
1786 5886 1917 5945 nihil

1331 374 1396 431 IN
1435 368 2111 429 IIIATTIIEUMJIOMIL.
2151 367 2307 424 LVII.
2347 369 2419 423 al.
2462 366 2638 423 LVIII.

3501 369 3610 426 562

2026 482 2189 554 Ipsius
2218 490 2479 554 potestate
2497 481 2714 551 dignum
2740 480 2965 551 loquens
2985 479 3136 547 dixit,
3152 480 3213 537 Si
3239 492 3400 553 potes.
3423 483 3612 554 adjuva

2024 592 2122 643 me,
2147 576 2266 631 vide
2293 574 2559 645 quomodo
2588 573 2734 628 illum
2761 573 3011 644 corrigat,
3045 583 3103 629 ut
3122 575 3212 646 qui
3240 586 3425 631 contra
3449 592 3607 647 quam

2024 682 2122 737 par
2150 675 2266 723 erat
2291 666 2616 736 loqueretur.
2649 664 2787 733 Quid
2816 666 2955 720 enim
2984 666 3098 720 ait?
3129 665 3191 720 Si
3221 677 3361 737 potes
3385 669 3606 737 credere,

2024 761 2195 816 omnia
2220 761 2479 832 possibilia
2506 768 2624 814 sunt
2650 760 2913 824 credenti;
2942 759 2993 813 id
3022 768 3104 814 est
3121 801 3135 821 .
3160 759 3326 815 Tanta
3357 776 3475 816 mea
3502 767 3609 816 vir-

2026 863 2110 908 tus
2140 862 2221 908 est
2245 894 2259 916 ,
2288 863 2345 907 ut
2371 861 2424 906 et
2452 853 2541 907 alii
2571 867 2693 907 meo
2732 851 2947 906 nomine
2976 851 3179 920 possint
3225 852 3478 908 miracula
3510 869 3607 923 pa-

2025 954 2190 1000 trare.
2235 944 2415 1015 Itaque
2462 944 2505 999 si
2554 953 2607 997 tu
2648 943 2837 998 credas
2866 953 2925 997 ut
2966 952 3178 1012 Oportet
3205 944 3424 1000 credere
3450 989 3466 1009 ,
3495 948 3609 1016 ipse

2023 1053 2238 1109 quoque
2265 1052 2453 1094 curare
2480 1048 2632 1106 potes
2658 1047 2712 1091 et
2741 1036 2879 1091 hunc
2902 1047 2957 1092 et
2980 1037 3114 1092 alios
3146 1037 3359 1094 multos.
3393 1038 3458 1093 Et
3486 1054 3605 1093 cuin

2024 1128 2139 1184 haec
2164 1129 2403 1193 dixisset,
2432 1128 2817 1183 dzemoniacum
2842 1128 3105 1182 liberavit.
3124 1129 3203 1183 Tu
3233 1145 3360 1184 vero
3391 1146 3458 1184 ne
3486 1130 3608 1185 inde

2025 1229 2227 1275 tantum
2244 1219 2360 1289 ejus
2381 1218 2766 1290 providentiam
2782 1227 2836 1273 et
2856 1218 3257 1274 beneﬁcentiam
3275 1219 3606 1287 consideres,

2022 1310 2116 1365 sed
2145 1312 2305 1365 etiam
2333 1325 2396 1365 ex
2420 1310 2512 1363 illo
2543 1318 2783 1380 tempore
2807 1324 2914 1380 quo
2936 1311 3202 1365 concessit
3226 1311 3367 1365 intus
3389 1327 3607 1367 manere

2022 1400 2342 1457 dmmonem.
2372 1400 2482 1455 Nisi
2502 1400 2643 1455 enim
2673 1415 2859 1470 magna
2882 1408 3007 1455 tunc
3031 1400 3359 1469 providentia
3384 1401 3475 1456 ille
3494 1416 3608 1457 ser-

2022 1501 2176 1547 vatus
2199 1492 2404 1558 fuisset,
2430 1491 2632 1560 jamdiu
2657 1491 2922 1561 periisset.
2952 1491 3085 1546 Nam
3109 1502 3164 1546 et
3185 1492 3237 1546 in
3263 1492 3436 1562 ignem
3460 1492 3606 1548 illum

2022 1585 2360 1654 conjiciebat,
2392 1585 2580 1655 inquit,
2610 1596 2664 1637 et
2689 1584 2740 1638 in
2769 1600 2979 1652 aquam.
3006 1583 3106 1651 Qui
3127 1599 3253 1639 vero
3279 1585 3330 1640 id
3355 1585 3608 1654 audebat,

2022 1677 2305 1733 occidisset
2333 1676 2514 1747 utique
2545 1676 2645 1731 nisi
2675 1676 2729 1729 in
2756 1684 2902 1730 tanto
2929 1677 3106 1731 lurore
3131 1674 3341 1731 frenum
3369 1677 3445 1731 illi
3465 1677 3605 1734 Deus

2024 1769 2319 1838 injecisset:
2342 1767 2481 1837 quod
2509 1777 2563 1823 et
2588 1767 2661 1821 illi
2691 1768 2832 1837 passi
2860 1768 3101 1831 fuissent,
3130 1767 3219 1838 qui
3247 1766 3371 1822 nudi
3405 1783 3496 1836 per
3515 1768 3609 1823 de-

2024 1870 2165 1913 serta
2188 1857 2493 1923 currebant,
2520 1869 2572 1913 et
2598 1858 2859 1927 lapidibus
2878 1872 2998 1913 sese
3020 1858 3365 1927 impetebant.
3390 1859 3541 1925 Quod
3562 1860 3605 1915 si

2023 1951 2310 2007 lunaticum
2331 1960 2502 2015 vocet,
2527 1966 2594 2006 ne
2618 1950 2849 2006 turbcris
2867 1968 2879 2004 :
2900 1965 3020 2005 nam
3046 1950 3125 2005 sic
3145 1959 3298 2005 vocat
3318 1950 3484 2006 ﬁlium
3502 1952 3612 2006 da:-

2023 2044 2254 2100 moniaci
2282 2050 2451 2114 pater.

2096 2133 2332 2188 Lunatici
2355 2149 2446 2187 cur
2469 2133 2541 2187 sic
2569 2132 2710 2190 dicti.
2746 2132 2964 2199 Quidam
2984 2133 3146 2187 sancti
3175 2142 3365 2187 montes
3384 2143 3607 2187 transtu-

2027 2225 2211 2283 lerunt.
2233 2255 2306 2266 —
2326 2224 2434 2280 Cur
2461 2240 2589 2294 ergo
2613 2224 2744 2279 dicit
2763 2225 3109 2294 evangelista,
3140 2224 3315 2294 ipsum
3346 2225 3606 2281 lunaticos

2025 2317 2223 2372 multos
2264 2317 2582 2372 curavisse?
2626 2315 2706 2370 Ex
2749 2316 2892 2386 vulgi
2934 2316 3187 2385 opinione
3223 2316 3303 2370 sic
3348 2316 3602 2387 loquitur.

2028 2410 2245 2466 Daemon
2271 2410 2464 2481 quippe
2484 2418 2541 2464 ut
2564 2409 2664 2464 hoc
2684 2411 3006 2464 elementum
3024 2408 3396 2476 calumnietur,
3418 2424 3606 2465 secun-

2027 2501 2153 2556 dum
2184 2501 2325 2555 lunae
2349 2515 2562 2555 cursum
2594 2499 2793 2553 invadit
2824 2499 3087 2563 homines,
3119 2507 3173 2553 et
3200 2498 3419 2553 dimittit
3448 2515 3464 2554 :
3497 2516 3602 2554 non

2027 2591 2169 2661 quod
2197 2591 2283 2646 illa
2321 2590 2373 2645 id
2407 2600 2675 2659 operetur,
2704 2590 2841 2644 absit
2868 2607 2883 2650 ;
2916 2588 3009 2644 sed
3041 2588 3092 2644 id
3123 2589 3287 2645 eﬁicit
3315 2606 3411 2660 per
3436 2589 3601 2645 vafri-

2030 2683 2155 2737 tiem
2190 2681 2399 2737 daemon
2423 2723 2438 2746 ,
2467 2691 2524 2735 ut
2563 2682 2611 2736 id
2647 2683 2914 2736 elemento
2958 2683 3199 2751 imputet.
3233 2681 3463 2754 Ideoque
3494 2685 3608 2740 haec

2029 2776 2157 2831 l'alsa
2185 2776 2367 2847 opinio
2395 2774 2532 2845 apud
2577 2775 2888 2845 insipientes
2917 2774 3172 2841 invaluit,
3204 2779 3387 2845 sicque
3412 2776 3604 2841 delusi,

2030 2866 2131 2921 hoc
2157 2867 2374 2922 nomine
2398 2865 2670 2920 daunonas
2712 2865 3012 2934 lmjusmodi
3042 2866 3313 2936 appellant
3342 2885 3356 2921 :
3384 2866 3436 2921 id
3465 2866 3607 2936 quod

2029 2956 2247 3011 minime
2284 2971 2469 3011 verum
2507 2964 2610 3011 est.
2648 2955 2734 3010 l8.
2774 2954 2916 3009 Tunc
2943 2964 3253 3011 accesserunt
3278 2957 3511 3029 discipuli
3539 2958 3608 3013 ad

2027 3064 2138 3101 eum
2163 3056 2371 3114 secreto,
2394 3058 2438 3102 et
2459 3049 2889 3117 interrogaverunt
2915 3063 3050 3112 eum,
3080 3063 3171 3100 cur
3198 3064 3297 3101 non
3329 3050 3608 3118 potuissent

2027 3138 2125 3207 ipsi
2149 3138 2425 3192 dtcmonem
2446 3138 2643 3202 ejicere.
2667 3136 2933 3192 Timuisse
2956 3136 3085 3191 mihi
3106 3138 3371 3205 videntur,
3395 3154 3461 3193 ne
3479 3155 3608 3194 con-

2027 3247 2233 3287 cessam
2258 3232 2355 3286 sibi
2377 3231 2599 3301 gratiam
2621 3230 2915 3285 amiserint.
2944 3229 3265 3285 Potestatem
3288 3231 3427 3285 enim
3449 3246 3604 3286 acce-

2028 3333 2217 3395 perant
2252 3334 2438 3380 contra
2478 3324 2715 3394 impuros
2741 3322 3037 3379 daemonas.
3086 3322 3210 3378 Ideo
3238 3323 3605 3393 interrogant,

2036 3432 2284 3472 seorsum
2319 3417 2638 3472 accedentes
2660 3458 2675 3482 ,
2707 3430 2816 3469 non
2855 3414 3001 3485 quod
3031 3413 3418 3469 erubescerent
3448 3413 3612 3483 (cum

2035 3509 2202 3575 enim,
2231 3509 2349 3580 ipso
2377 3519 2523 3573 actu,
2549 3506 2930 3580 [impotentiae]
2951 3506 3183 3562 convicti
3215 3505 3468 3571 fuissent,
3500 3521 3611 3561 non

2034 3611 2153 3657 erat
2174 3601 2286 3671 jam
2311 3617 2410 3656 cur
2439 3601 2490 3655 id
2517 3599 2828 3656 conﬁtendo
2858 3598 3291 3667 erubescerent),
3339 3598 3434 3652 sed
3464 3596 3612 3667 quod

2035 3690 2101 3746 de
2133 3706 2332 3746 arcana
2365 3701 2420 3747 et
2448 3707 2642 3759 magna
2678 3707 2737 3745 re
2770 3690 2922 3744 illum
2967 3696 3152 3744 essent
3199 3687 3607 3758 interrogaturi.

2035 3781 2174 3849 Quid
2219 3784 2383 3853 igitur
2428 3784 2727 3839 Christus?
2778 3781 2871 3838 20.
2922 3780 3150 3851 Propter
3182 3779 3610 3834 incredulitatem

2034 3887 2297 3941 vestram,
2349 3879 2446 3931 ait.
2503 3878 2566 3931 Si
2611 3878 2751 3929 enim
2792 3874 3085 3929 habueritis
3123 3874 3281 3944 ﬁdem
3314 3872 3451 3925 sicut
3486 3888 3609 3942 gra-

2034 3983 2160 4035 num
2213 3968 2410 4036 sinapis
2436 4008 2451 4032 ,
2494 3967 2684 4020 dicetis
2736 3966 2905 4021 monti
2942 3966 3093 4031 huic,
3135 3964 3326 4019 Transi
3357 3964 3509 4030 hinc,
3557 3970 3609 4017 et

2036 4060 2301 4120 transibit,
2334 4070 2382 4113 et
2415 4060 2547 4113 nihil
2581 4058 2906 4127 impossibile
2942 4057 3083 4112 vobis
3108 4059 3229 4112 erit.
3262 4055 3417 4123 Quod
3452 4055 3497 4111 si
3523 4053 3610 4109 di-

2036 4150 2213 4213 xit-ris,
2256 4148 2483 4204 Ubinam
2527 4157 2762 4203 montem
2808 4148 3241 4203 transtulerunt?
3276 4148 3450 4203 dicam
3492 4150 3612 4205 illos

2036 4240 2203 4294 multo
2231 4240 2426 4309 majora
2457 4240 2667 4301 fecisse,
2696 4252 2817 4293 cum
2843 4238 2991 4294 mille
3022 4248 3261 4293 mortuos
3280 4222 3609 4295 suscitarint.

2034 4332 2215 4401 Neque
2252 4332 2391 4399 paris
2436 4330 2709 4400 potestatis
2750 4338 2869 4392 est,
2903 4339 3137 4385 montem
3178 4331 3502 4395 tmnsl'erre,
3546 4347 3610 4385 ac

2034 4432 2259 4477 mortem
2290 4437 2319 4476 a
2350 4437 2571 4491 corpore
2599 4422 2816 4491 pellere.
2847 4420 3075 4476 Narrant
3102 4431 3221 4492 post
3248 4423 3369 4477 illos
3396 4434 3609 4477 sanctos

2033 4513 2287 4583 quosdam
2318 4513 2421 4566 illis
2448 4512 2701 4577 minores,
2734 4520 2941 4565 montes
2970 4513 3285 4566 necessitate
3305 4512 3609 4583 postulante

2035 4605 2387 4661 transtulisse.
2430 4603 2583 4659 Unde
2622 4603 2817 4673 liqueat
2851 4602 2969 4657 illos
3005 4618 3214 4673 quoque
3260 4604 3609 4658 translaturos

2031 4692 2214 4755 fuisse.
2232 4694 2274 4748 si
2298 4693 2346 4747 id
2371 4693 2655 4747 necessitas
2676 4692 3012 4761 postulasset.
3036 4692 3092 4747 Si
3117 4704 3293 4747 autem
3321 4708 3607 4762 numquam

2033 4800 2253 4839 necesse
2293 4784 2470 4849 fuerit,
2509 4799 2576 4839 ne
2618 4799 2810 4854 arguas
2841 4784 2980 4838 illos.
3021 4784 3268 4857 Alioquin
3295 4791 3471 4837 autem
3500 4800 3605 4837 non

2030 4876 2165 4930 dixit
2194 4876 2326 4945 ipse,
2357 4875 2583 4928 Omnino
2610 4874 2971 4939 transleretis,
3006 4874 3098 4929 sed
3126 4916 3140 4936 ,
3171 4873 3225 4928 Id
3258 4872 3519 4943 poteritis.
3549 4873 3606 4929 Si

2033 4983 2192 5039 porro
2235 4982 2339 5022 non
2377 4967 2801 5029 transtulerunt,
2847 4983 2954 5021 non
2995 4965 3136 5036 quod
3185 4982 3290 5020 non
3337 4975 3555 5035 possent
3588 5009 3603 5029 .

2031 5058 2341 5132 (quomodo
2366 5058 2506 5112 enim
2536 5057 2626 5128 qui
2655 5056 2851 5127 majora
2882 5057 3183 5127 possent?)
3214 5056 3307 5111 sed
3332 5056 3474 5128 quod
3505 5072 3607 5112 no-

2029 5154 2223 5209 luerint
2250 5152 2447 5222 absque
2477 5152 2809 5207 necessitate.
2844 5151 3021 5206 Potuit
3042 5152 3203 5207 etiam
3231 5151 3280 5206 id
3305 5151 3561 5207 accidisse
3589 5194 3605 5217 ,

2029 5245 2126 5300 etsi
2167 5245 2422 5315 scriptum
2461 5260 2565 5298 non
2592 5242 2787 5310 fuerit;
2818 5259 2990 5313 neque
3014 5243 3156 5299 enim
3179 5246 3356 5300 omnia
3381 5261 3500 5316 qua
3527 5246 3604 5302 illi

2028 5337 2246 5393 edidere
2271 5337 2521 5392 miracula
2549 5337 2743 5404 scripta
2769 5345 2913 5390 sunt.
2942 5336 3091 5392 Tunc
3120 5352 3279 5407 porro
3304 5337 3469 5392 multo
3507 5339 3603 5392 im-

2027 5426 2372 5498 perfectiores
2404 5435 2576 5482 erant.
2618 5426 2755 5494 Quid
2798 5425 2999 5496 igitur?
3026 5442 3095 5482 an
3134 5427 3370 5482 nondum
3400 5437 3601 5482 tantam

2028 5520 2186 5576 ﬁdem
2224 5518 2523 5574 habebant?
2556 5517 2672 5574 Non
2697 5517 2881 5589 utique
2908 5517 3210 5583 habebant,
3239 5533 3411 5589 neque
3440 5517 3601 5573 iidem

2027 5613 2127 5683 ipsi
2168 5627 2379 5681 semper
2416 5612 2562 5666 fuere
2589 5629 2602 5665 :
2634 5609 3059 5681 quandoquidem
3090 5610 3279 5665 Petrus
3306 5624 3448 5664 nunc
3476 5609 3603 5665 bea-

2025 5712 2111 5759 tus
2138 5704 2474 5775 praedicatur,
2513 5719 2652 5759 nunc
2690 5704 3027 5774 increpatur;
3058 5702 3253 5773 reliqui
3291 5716 3419 5757 vero
3447 5702 3600 5772 quasi

2024 5795 2335 5864 insipientes
2370 5804 2662 5863 arguuntur
2703 5795 2772 5850 ab
2816 5794 2971 5864 ipso,
3013 5793 3155 5866 quod
3196 5792 3502 5864 parabolam
3529 5792 3600 5849 de

2026 5885 2290 5944 fermento
2314 5902 2423 5945 non
2453 5885 2858 5945 intellexissent.
2902 5884 3136 5959 Contigit
3172 5896 3351 5945 autem
3385 5895 3445 5943 ut
3470 5895 3597 5942 tunc
