4140 6376
527 337 633 394 εἰϋὸ

527 451 774 523 discipuli
801 449 1165 505 imbecillitate
1194 449 1496 503 laborarent
1527 465 1543 501 :
1571 447 1648 501 sic
1672 446 1814 501 enim
1844 454 1969 501 ante
1993 460 2115 500 cru-

526 561 644 601 cem
666 553 721 599 et
743 545 1045 614 passionem
1071 542 1298 597 fuerant.
1329 541 1424 595 llic
1449 555 1608 609 porro
1629 539 1696 594 de
1716 541 1989 610 signorum
2012 538 2116 594 ﬁde

530 638 781 709 loquitur,
813 647 867 691 et
896 637 1104 705 sinapin
1138 633 1390 697 adhibet,
1422 643 1482 687 ut
1507 634 1624 703 ejus
1649 633 1968 687 ineffabilem
2001 632 2106 686 vir-

527 739 695 785 tutem
744 728 1027 798 signiﬁcet.
1073 726 1221 781 Licet
1259 726 1401 780 enim
1455 725 1598 780 mole
1651 724 1869 778 minima
1918 724 2118 794 sinapis

529 823 773 877 videatur
793 836 911 875 esse
939 863 953 884 ,
990 821 1096 874 vim
1123 828 1299 874 tamen
1346 818 1505 874 habet
1540 830 1777 873 omnium
1809 818 2112 872 maximam.

530 914 741 969 Docens
784 913 961 982 igitur,
1007 914 1267 967 sinceram
1312 910 1468 964 ﬁdem
1505 910 1586 964 vel
1620 910 1893 964 minimam
1922 924 2115 981 magna

528 1021 722 1078 posse,
755 1004 961 1075 sinapiu
1000 1010 1386 1058 commemorat
1417 1020 1430 1055 :
1465 1016 1638 1071 neque
1666 1001 1751 1055 hic
1776 1000 1997 1070 gradum
2040 1000 2115 1054 si-

526 1110 697 1166 stens,
722 1108 933 1154 montes
958 1098 1180 1166 addidit,
1199 1104 1254 1151 et
1281 1097 1415 1151 ultra
1440 1109 1754 1166 progressus
1779 1093 1945 1149 dixit:
1968 1092 2117 1147 Nihil

526 1191 665 1247 vobis
691 1188 1000 1259 impossibile
1026 1190 1138 1243 erit.

598 1284 654 1339 4.
684 1282 908 1352 Spiritus
927 1282 1101 1336 virtus.
1129 1278 1338 1350 Jejunio
1358 1288 1403 1333 et
1428 1280 1652 1332 oratione
1671 1293 1797 1348 apus
1822 1285 1894 1330 est
1914 1278 1981 1329 ad
2005 1276 2114 1330 dae-

527 1392 706 1429 monas
726 1375 1004 1445 pellendos.
1025 1401 1095 1415 --
1114 1372 1194 1428 Tu
1216 1388 1344 1427 vero
1370 1371 1458 1426 hic
1484 1372 1695 1426 illorum
1724 1368 2114 1440 philosophiam

527 1468 763 1533 mirare,
792 1477 846 1521 et
886 1465 1114 1536 Spiritus
1155 1465 1402 1519 virtutem
1442 1481 1457 1517 :
1494 1463 1886 1533 philosophiam
1913 1504 1928 1529 ,
1971 1460 2113 1531 quod

526 1576 681 1615 suam
707 1561 1071 1628 impotentiam
1102 1573 1206 1612 non
1230 1556 1615 1612 occultaveriut
1641 1570 1655 1620 ;
1685 1554 1913 1624 Spiritus
1940 1553 2113 1607 virtu-

526 1660 634 1707 tem
660 1693 675 1716 ,
707 1649 850 1721 quod
890 1663 983 1704 eos
1004 1689 1019 1715 ,
1050 1649 1137 1719 qui
1168 1663 1269 1703 nec
1305 1646 1463 1701 fidem
1499 1646 1633 1701 sicut
1662 1660 1885 1715 granum
1916 1643 2116 1715 sinapis

527 1744 835 1812 habebant,
872 1743 949 1798 sic
985 1742 1235 1812 paulatim
1264 1739 1549 1805 extulerit,
1582 1748 1639 1793 ut
1690 1737 1813 1793 ﬁdei
1853 1738 2025 1792 fontes
2061 1744 2116 1791 et

526 1836 741 1891 ﬁumina
759 1836 807 1889 in
824 1835 926 1889 illis
942 1834 1280 1888 scaturirent.
1299 1832 1361 1886 21
1375 1871 1389 1885 .
1411 1831 1577 1885 Genus
1599 1840 1765 1883 autem
1788 1829 1881 1883 hoc
1897 1846 1997 1882 non
2016 1828 2112 1897 eji-

526 1932 677 1995 citur,
707 1929 804 1983 nisi
841 1928 894 1981 in
935 1927 1163 1981 oratione
1200 1934 1246 1979 et
1288 1925 1492 1995 jejunio
1516 1964 1531 1987 ,
1563 1922 1760 1992 adjecit
1788 1922 1918 1976 ille:
1944 1933 2113 1990 genus

526 2021 828 2074 daemonum
851 2034 1009 2073 omne
1024 2019 1172 2082 dicit,
1198 2033 1303 2073 non
1326 2025 1527 2071 tantum
1545 2031 1711 2086 genus
1733 2014 2110 2068 lunaticorum.

526 2111 715 2167 Viden‘
749 2110 1019 2181 quomodo
1046 2110 1233 2179 jejunii
1263 2109 1462 2165 semina
1493 2108 1665 2176 jacit?
1692 2107 1801 2161 Nec
1832 2107 1961 2161 mihi
1991 2122 2113 2161 raro

527 2203 773 2273 exemplo
807 2202 952 2257 dicas
974 2242 987 2265 ,
1017 2202 1275 2272 quosdam
1314 2202 1429 2255 sine
1462 2199 1666 2269 jejunio
1698 2197 1971 2253 dzemonas
1999 2198 2113 2267 eje-

526 2296 687 2351 cisse.
714 2294 842 2349 Nam
871 2294 915 2349 si
948 2308 1082 2347 unus
1108 2301 1200 2347 aut
1227 2292 1362 2346 alter
1393 2288 1718 2359 increpando
1743 2289 1820 2343 sic
1844 2289 2112 2359 expulisse

528 2396 795 2452 narretur,
829 2386 941 2440 ﬁeri
974 2385 1157 2454 nequit
1184 2392 1241 2438 ut
1271 2383 1314 2438 si
1346 2382 1391 2437 is
1418 2383 1505 2452 qui
1534 2380 1584 2435 id
1610 2381 1806 2450 patitur
1830 2381 1880 2433 in
1908 2379 2113 2433 deliciis

529 2482 690 2544 vivat,
717 2481 784 2535 ab
812 2479 913 2534 hoc
944 2493 1194 2548 umquam
1226 2475 1406 2530 furore
1436 2475 1708 2529 liberetur.
1736 2472 1947 2541 Jejunio
1971 2471 2112 2526 enim

525 2583 581 2630 et
609 2575 850 2628 oratione
881 2571 1113 2626 maxime
1140 2584 1272 2639 Opus
1297 2576 1377 2623 est
1405 2569 1476 2632 ei,
1500 2565 1589 2637 qui
1619 2565 1719 2619 hoc
1742 2563 1932 2619 morbo
1961 2562 2111 2619 labo-

526 2677 628 2720 rat.
660 2665 763 2720 Sed
790 2666 833 2719 si
865 2663 968 2718 ﬁde
993 2678 1125 2733 opus
1156 2671 1270 2725 est,
1306 2660 1535 2729 inquies,
1568 2672 1662 2711 cur
1687 2671 1822 2726 opus
1846 2664 1929 2711 est
1953 2663 2006 2710 et
2026 2653 2113 2725 je-

523 2755 713 2828 junio?
738 2754 869 2823 Quia
893 2768 1013 2809 cum
1045 2752 1147 2806 ﬁde
1170 2751 1430 2821 jejunium
1458 2765 1561 2803 non
1585 2762 1800 2818 parvam
1831 2746 1979 2801 addit
2009 2745 2113 2799 for-

528 2851 809 2906 titudinem
844 2866 857 2902 :
897 2847 1287 2918 philoSOphiam
1326 2844 1523 2915 quippe
1564 2856 1810 2911 magnam
1859 2840 2029 2902 indit,
2058 2846 2113 2893 et

530 2942 781 3013 angelum
811 2956 877 2995 ex
909 2939 1123 2993 homine
1152 2936 1336 3003 efﬁcit,
1366 2945 1560 2990 etcum
1590 2934 1920 3002 incorporeis
1944 2931 2112 2985 virtu-

526 3036 667 3091 tibus
694 3042 927 3105 pugnat;
957 3046 1139 3085 verum
1163 3044 1268 3082 non
1298 3027 1493 3083 sufﬁcit
1514 3024 1664 3092 illud,
1693 3025 1787 3080 sed
1813 3023 1933 3078 addi
1957 3022 2114 3077 debet

531 3126 701 3181 oratio
719 3168 735 3191 ,
764 3140 881 3196 qua:
913 3124 1075 3179 etiam
1106 3132 1306 3193 prmeat
1334 3127 1563 3191 oportet.
1600 3118 1727 3173 Vide
1755 3132 1884 3186 ergo
1912 3124 2111 3186 quanta

529 3222 667 3276 bona
709 3236 776 3275 ex
810 3228 1035 3287 utroque
1073 3216 1372 3285 gignantur.
1406 3213 1538 3280 Quia
1571 3211 1713 3265 enim
1745 3209 1835 3280 qui
1866 3217 2114 3279 precatur

529 3322 590 3367 ut
616 3312 792 3373 decet,
821 3319 874 3365 et
911 3308 1149 3378 jejunat,
1182 3320 1288 3359 nou
1326 3303 1509 3358 multis
1549 3300 1783 3371 indiget;
1816 3300 1905 3369 qui
1933 3307 2111 3352 autem

527 3422 634 3460 non
672 3403 849 3458 multis
885 3390 1119 3470 indiget,
1165 3414 1269 3452 non
1313 3396 1549 3466 pecunia:
1579 3409 1763 3448 amans
1798 3392 1992 3457 fuerit;
2023 3394 2113 3463 qui

529 3499 771 3568 pecunia:
793 3511 980 3550 amans
1002 3510 1106 3548 non
1128 3501 1228 3555 est,
1258 3490 1323 3545 ad
1349 3490 1739 3558 eleemosynam
1770 3502 1968 3557 pronus
1989 3488 2109 3542 erit.

529 3592 630 3657 Qui
666 3589 871 3661 jejunat
896 3628 910 3653 ,
939 3587 1106 3641 levior
1135 3592 1293 3640 estet
1319 3581 1467 3651 quasi
1494 3581 1697 3645 alatus,
1727 3580 2115 3650 vigilanterque

532 3691 671 3746 orat,
692 3681 858 3736 malas
878 3677 1354 3747 concupiscientias
1374 3673 1682 3742 exstinguit,
1708 3673 1983 3740 Deumque
2002 3669 2113 3738 pla-

529 3786 636 3838 cat,
661 3776 852 3829 elatam
880 3772 1109 3826 animam
1138 3768 1402 3823 humiliat.
1436 3766 1562 3822 Ideo
1580 3764 1803 3835 apostoli
1834 3763 1945 3817 fere
1969 3777 2113 3816 scm-

533 3882 629 3935 per
650 3865 983 3936 jejunabant.
1010 3863 1109 3929 Qui
1135 3875 1297 3915 orans
1322 3859 1561 3929 jejunat,
1593 3858 1745 3911 binas
1773 3855 1933 3910 habet
1961 3854 2072 3908 alas
2094 3896 2110 3919 ,

534 3963 668 4033 ipsis
682 3964 854 4017 ventis
875 3964 1124 4014 leviores.
1142 3958 1259 4013 Non
1280 3957 1422 4012 enim
1439 3956 1653 4022 oscitat,
1670 3954 1777 4010 non
1794 3951 2108 4024 pandicula-

535 4058 623 4103 tur
642 4065 739 4104 nec
764 4058 942 4117 torpet
962 4048 1194 4108 orando,
1223 4057 1282 4099 ut
1309 4045 1467 4100 multi
1499 4044 1679 4100 solent
1704 4061 1719 4098 :
1747 4041 1843 4099 sed
1872 4049 1955 4098 est
1981 4041 2107 4111 igne

532 4138 827 4204 ardentior,
851 4147 906 4193 et
935 4147 1075 4192 terra
1103 4137 1379 4206 superior:
1403 4134 1630 4205 ideoque
1658 4133 1890 4189 maxime
1913 4134 2116 4188 daemo-

532 4245 659 4285 num
686 4228 855 4284 hostis
883 4238 937 4283 et
963 4228 1227 4283 inimicus.
1255 4226 1397 4281 Nihil
1428 4226 1569 4281 enim
1602 4225 1869 4295 potentius
1899 4224 2115 4279 homine

533 4321 698 4391 probe
737 4329 943 4374 orante.
986 4318 1118 4373 Nam
1158 4319 1203 4374 si
1242 4318 1435 4373 mulier
1473 4318 1557 4371 illa
1580 4316 1731 4387 (Luc.
1763 4317 1847 4371 l8.
1876 4317 1967 4388 5),
1994 4332 2117 4371 cru-

532 4414 703 4469 delem
735 4413 1025 4484 principem
1047 4454 1062 4478 ,
1091 4414 1177 4482 qui
1207 4427 1304 4466 nec
1328 4412 1495 4466 Deum
1522 4410 1759 4474 timebat,
1792 4423 1891 4463 nec
1941 4408 2115 4463 homi-

533 4522 654 4561 nem
686 4506 1050 4572 rcverebatur,
1082 4505 1298 4559 ﬂectere
1326 4503 1495 4574 potuit
1518 4521 1530 4557 :
1553 4502 1720 4556 multo
1748 4501 1917 4571 magis
1948 4500 2113 4557 Deum

532 4601 732 4665 ﬂectet,
760 4599 849 4671 qui
874 4598 1181 4670 frequenter
1208 4598 1371 4653 instat
1393 4637 1409 4665 ,
1436 4595 1527 4667 qui
1557 4593 1730 4650 ventri
1757 4594 2024 4665 imperat,
2050 4610 2114 4651 ac

530 4690 747 4747 delicias
776 4690 943 4761 ejicit.

601 4781 722 4837 Non
765 4782 1129 4853 indulgendum
1174 4781 1387 4836 deliciis.
1429 4780 1573 4836 Gula?
1593 4790 1639 4836 et
1665 4781 1923 4836 edacitatis
1950 4779 2111 4836 mala.

526 4903 599 4916 -
625 4874 775 4941 Quod
801 4875 847 4929 si
864 4874 1131 4930 inﬁrmum
1156 4875 1247 4930 tibi
1270 4886 1577 4945 corpusest,
1611 4884 1669 4929 ut
1703 4890 1806 4929 non
1830 4872 2003 4943 possis
2026 4889 2113 4929 as-

527 4967 682 5023 sidue
726 4967 970 5037 jejunare
990 5009 1005 5033 ,
1032 4976 1088 5022 at
1112 4968 1376 5021 inﬁrmum
1408 4982 1514 5021 non
1542 4974 1625 5021 est
1650 4966 1715 5020 ad
1742 4966 2026 5026 orandum,
2051 4973 2106 5020 et

527 5060 593 5113 ad
622 5061 817 5114 ventris
842 5060 1060 5115 delicias
1086 5060 1435 5129 spernendas.
1485 5057 1615 5112 Nam
1661 5057 1706 5112 si
1732 5057 1978 5127 jejunare
2005 5070 2110 5110 non

529 5157 701 5220 potes,
729 5157 785 5204 at
822 5160 971 5219 potes
1002 5165 1109 5205 non
1157 5149 1361 5205 deliciis
1408 5148 1753 5203 incumbere:
1784 5147 1911 5203 illud
1936 5157 2112 5203 autem

530 5254 635 5297 non
666 5256 884 5311 parvum
906 5250 1009 5307 est,
1037 5256 1179 5296 neca
1199 5241 1400 5310 jejunio
1422 5241 1643 5295 multum
1669 5240 1867 5305 distat;
1896 5240 1987 5294 sed
2006 5239 2116 5294 sof-

531 5333 639 5387 ficit
679 5330 746 5386 ad
775 5330 970 5386 diaboli
1000 5333 1229 5387 furorem
1257 5331 1633 5401 dejiciendum.
1667 5330 1809 5385 Nihil
1859 5330 2000 5386 enim
2044 5331 2112 5384 ita

531 5434 675 5480 amat
723 5423 812 5479 ille
836 5464 852 5490 ,
875 5434 934 5478 ut
970 5424 1107 5494 gulae
1136 5424 1354 5479 delicias
1383 5432 1438 5480 et
1492 5423 1825 5489 ebrietatem,
1867 5437 1986 5492 quae
2033 5430 2116 5475 est

528 5517 767 5572 omnium
799 5526 969 5571 mater
1005 5517 1287 5571 malorum.
1331 5516 1434 5572 Per
1456 5518 1593 5571 hanc
1618 5515 1742 5570 olim
1769 5513 2033 5569 lsraelitas
2061 5513 2114 5566 in

531 5605 882 5662 idololatriam
912 5607 1131 5677 dejecit,
1151 5624 1243 5676 per
1279 5606 1416 5661 hanc
1440 5607 1742 5663 Sodomitas
1792 5606 1848 5660 in
1899 5618 2112 5659 amores

531 5698 740 5769 iniquos
770 5699 1138 5755 inﬂammavit.
1194 5699 1320 5753 Ha'c
1363 5700 1524 5765 enim,
1557 5700 1650 5767 ait,
1674 5699 1915 5767 iniquitas
1944 5697 2115 5753 Sodo-

531 5806 758 5858 morum;
788 5792 841 5847 in
870 5792 1125 5865 superbia,
1154 5791 1206 5846 in
1233 5792 1494 5847 saturitate
1522 5791 1690 5865 panis,
1718 5801 1764 5846 et
1783 5791 1835 5845 in
1857 5790 2113 5863 prosperi-

1235 333 1289 390 S.
1331 331 1607 391 JOANNIS
1643 329 2116 389 CIIRYSOSTilMl
2156 330 2475 389 ARCHIEP.
2515 333 3050 395 CONSTANTINOP.

3703 349 3804 405 5M

2225 455 2327 500 tate
2365 448 2984 519 luxuriabanturthet-h.
3023 452 3106 509 16.
3140 452 3231 524 49)
3267 472 3280 506 :
3313 452 3412 509 hac
3436 455 3632 510 mullos
3679 459 3803 511 item

2224 541 2358 595 alios
2406 543 2635 611 perdidit
2678 545 3042 618 gehennmque
3072 547 3306 602 tradidit.
3343 548 3481 615 Quid
3508 550 3650 603 enim
3682 552 3804 605 mali

2224 649 2328 687 non
2377 644 2666 705 Operautur
2714 639 2920 693 delicia:
2972 642 3203 694 mensae?
3252 642 3503 697 Ilomines
3532 643 3582 696 in
3614 656 3808 713 porcos

2222 736 2570 795 commutant,
2601 738 2654 784 et
2680 732 2856 799 porcis
2886 730 3183 787 deteriores
3206 732 3461 789 efﬁciunt.
3517 734 3647 789 Nam
3678 750 3802 805 por-

2220 833 2316 874 cus
2346 820 2397 873 in
2424 835 2579 875 coeno
2605 822 2893 888 volutatur,
2932 832 2984 878 et
3008 834 3247 880 stercore
3274 826 3535 891 nutritur;
3562 825 3650 882 hic
3679 840 3803 882 vero

2222 914 2390 984 magis
2413 913 2820 971 abominandam
2851 917 2948 972 sibi
2980 928 3129 988 parat
3160 933 3419 984 mensam,
3451 922 3624 975 coitus
3649 921 3805 976 illici-

2221 1014 2304 1060 tos
2329 1008 2656 1077 escogitans,
2680 1017 2734 1065 et
2762 1009 2975 1080 iniquos
3000 1024 3230 1065 amores.
3271 1011 3366 1065 Hic
3393 1011 3521 1066 nihil
3549 1027 3578 1066 a
3604 1013 3808 1067 dmmo-

2221 1100 2374 1155 niaco
2421 1100 2599 1155 diﬁ‘ert
2628 1120 2640 1153 :
2671 1117 2793 1157 nam
2844 1102 3126 1173 impudens
3154 1103 3314 1158 simul
3349 1112 3404 1159 et
3432 1103 3665 1159 furiosus
3693 1113 3797 1161 est.

2223 1193 2613 1250 Dzrmoniacum
2662 1203 2808 1251 certe
2834 1195 3022 1250 saltem
3064 1195 3381 1251 miseranmr
3412 1214 3427 1251 :
3459 1195 3599 1252 hunc
3628 1208 3802 1253 autem

2220 1301 2531 1342 aversamur
2555 1296 2609 1342 et
2647 1286 2771 1343 odio
2812 1287 3090 1344 habemus.
3148 1288 3363 1357 Quare?
3415 1288 3548 1356 Quia
3589 1302 3806 1360 sponta-

2220 1395 2380 1436 neum
2419 1380 2521 1436 sibi
2566 1380 2801 1437 furorem
2850 1380 3089 1447 attrahit,
3127 1390 3182 1437 et
3236 1397 3316 1449 os,
3368 1383 3573 1449 oculos,
3620 1399 3796 1448 nares,

2230 1478 2413 1532 omnia
2456 1475 2692 1544 denique
2722 1474 2939 1528 cloacas
2979 1470 3163 1525 efﬁcit.
3203 1468 3259 1523 Si
3293 1484 3420 1523 vero
3458 1468 3510 1521 iu
3542 1469 3795 1520 interiora

2229 1567 2528 1637 reSpicias,
2567 1565 2778 1620 videbis
2824 1563 3065 1618 animam
3118 1576 3218 1617 ceu
3269 1561 3447 1615 hieme
3496 1567 3550 1614 et
3600 1558 3799 1627 frigore

2231 1660 2570 1731 congelatam
2612 1667 2667 1712 et
2707 1665 3009 1727 torpentem
3036 1695 3051 1719 ,
3098 1669 3220 1725 quae
3254 1653 3324 1708 ob
3359 1651 3622 1707 furentem
3657 1660 3796 1704 tem-

2219 1763 2503 1825 pestatem,
2540 1752 2740 1808 nullam
2786 1752 2903 1806 navi
2957 1751 3126 1822 possit
3164 1764 3323 1820 opem
3379 1747 3589 1803 afferre.
3635 1746 3803 1802 Pudet

2218 1852 2365 1902 certe
2385 1860 2471 1900 me
2487 1845 2666 1901 dicere
2694 1858 2813 1913 qua:
2837 1844 2973 1898 mala
3005 1852 3116 1897 tum
3140 1841 3268 1896 viris
3295 1849 3405 1895 tum
3435 1839 3745 1895 mulieribus
3771 1856 3799 1893 a

2219 1938 2435 2008 erapula
2462 1936 2735 2007 pariantur
2762 1952 2775 1988 :
2808 1934 2937 1990 illud
2958 1949 3141 1989 eorum
3182 1932 3522 1989 conscientiae
3538 1932 3800 2001 relinquo,

2218 2047 2338 2103 qua:
2383 2032 2563 2087 omnia
2607 2029 3006 2086 accuratissime
3044 2028 3211 2083 novit.
3246 2025 3382 2093 Quid
3428 2041 3556 2080 vero
3595 2025 3803 2094 turpius

2219 2123 2364 2178 ebria
2387 2122 2634 2184 muliere,
2660 2120 2743 2175 vel
2780 2134 2898 2191 qua:
2923 2120 3335 2189 circumquaque
3359 2116 3567 2172 fertur?
3595 2116 3803 2182 Quanto

2219 2216 2361 2270 cnim
2385 2213 2643 2269 inﬁrmius
2670 2227 2765 2267 vas
2790 2220 2891 2279 est,
2921 2219 3067 2265 tanto
3090 2209 3262 2280 majus
3290 2207 3655 2277 naufragium;
3684 2207 3799 2262 sive

2219 2307 2388 2363 libera
2410 2308 2520 2370 illa,
2544 2304 2658 2361 sive
2680 2304 2871 2359 ancilla
2898 2304 2986 2359 sit.
3028 2301 3160 2358 Nam
3194 2301 3357 2357 libera
3390 2301 3440 2355 in
3472 2299 3647 2355 medio
3690 2313 3805 2353 ser-

2217 2415 2404 2454 vorum
2433 2398 2643 2453 theatro
2672 2396 2898 2467 turpiter
2924 2410 2984 2450 se
3009 2394 3185 2465 gerit:
3218 2392 3517 2462 ancillaque
3559 2392 3804 2446 similiter

2218 2495 2359 2550 inter
2407 2508 2626 2548 servos:
2651 2502 2809 2562 atque
2841 2488 2914 2544 ita
2936 2488 3154 2551 faciunt,
3187 2496 3243 2541 ut
3269 2485 3406 2541 dona
3439 2486 3531 2541 Dei
3558 2484 3806 2554 blasphe-

2219 2599 2433 2644 mentur
2459 2587 2527 2642 ab
2547 2583 2939 2655 insipientibus.
2959 2582 3151 2637 Multos
3178 2580 3318 2636 enim
3338 2578 3514 2645 audio,
3534 2594 3653 2633 cum
3682 2577 3797 2631 haec

2218 2680 2354 2734 mala
2380 2677 2734 2747 conSpiciunt,
2763 2676 3023 2739 dicentes,
3053 2674 3264 2730 Utinam
3292 2686 3398 2726 non
3425 2682 3568 2726 esset
3594 2671 3794 2723 vinum.

2217 2768 2262 2825 Ο
2290 2769 2576 2823 amentiam
2602 2768 2615 2821 !
2645 2784 2679 2821 ο
2706 2766 3051 2822 stoliditatem
3086 2765 3099 2818 !
3126 2763 3259 2819 Aliis
3293 2762 3636 2833 peccantibus
3657 2802 3674 2827 ,
3708 2761 3801 2815 Dei

2219 2861 2357 2918 dona
2387 2861 2722 2916 criminaris?
2747 2870 2799 2914 et
2825 2868 3018 2930 quanta
3050 2858 3164 2912 lucc
3192 2858 3395 2911 insania
3422 2857 3435 2910 !
3469 2858 3548 2911 An
3591 2857 3795 2920 vinum,

2218 2955 2289 3010 mi
2313 2953 2497 3020 homo,
2527 2953 2629 3008 hoc
2649 2953 2844 3006 malum
2869 2950 3069 3008 efﬁcit?
3098 2950 3211 3005 Non
3240 2950 3419 3004 vinum
3439 2990 3454 3013 ,
3478 2949 3572 3004 sed
3603 2949 3799 3003 intem-

2220 3045 2459 3116 perantia
2482 3060 2666 3100 eorum
2690 3044 2779 3115 qui
2806 3044 2933 3099 vino
2961 3045 3270 3100 abutuntur.
3298 3041 3392 3097 Dic
3413 3056 3559 3113 ergo,
3585 3041 3798 3097 Utinam

2220 3155 2326 3194 non
2371 3147 2514 3195 esset
2541 3138 2772 3194 ebrietas
2792 3182 2807 3206 ,
2835 3153 2933 3193 nec
2963 3147 3143 3193 essent
3172 3137 3277 3191 illm
3303 3136 3541 3191 ciborum
3558 3119 3794 3190 'dclicite.

2218 3233 2273 3289 Si
2316 3248 2445 3290 vero
2468 3234 2614 3289 dicas
2634 3274 2650 3300 ,
2681 3231 2892 3289 Utinam
2925 3247 3029 3286 non
3054 3238 3199 3287 esset
3236 3229 3417 3284 vinum
3438 3270 3454 3295 ,
3500 3228 3637 3282 ultra
3667 3243 3792 3297 pro-

2216 3344 2432 3400 gressus
2456 3328 2623 3393 dices,
2654 3327 2867 3383 Utinam
2897 3342 3001 3380 non
3033 3332 3177 3381 esset
3204 3324 3396 3379 ferrum
3418 3364 3434 3388 ,
3464 3330 3680 3393 propter
3704 3322 3800 3376 ho-

2218 3422 2472 3486 micidas;
2501 3437 2597 3477 nec
2624 3430 2764 3476 esset
2790 3436 2916 3486 nox,
2940 3421 3009 3475 ob
3029 3419 3171 3475 fures
3196 3434 3211 3484 ;
3236 3433 3407 3487 neque
3428 3418 3518 3472 lux
3536 3425 3698 3482 esset,
3730 3415 3800 3471 ob

2220 3515 2610 3587 sycophantas;
2644 3527 2815 3581 neque
2845 3510 3054 3578 mulier,
3079 3509 3148 3565 ob
3179 3508 3581 3565 fornicationes.
3609 3506 3798 3563 Omnia

2219 3609 2432 3665 demum
2463 3607 2760 3663 sustuleris.

2289 3702 2343 3757 5.
2386 3700 2509 3754 Non
2549 3701 2720 3753 vinum
2749 3694 3120 3751 criminandum
3140 3703 3232 3761 est,
3263 3692 3352 3749 sed
3393 3692 3624 3746 ebrietas.
3648 3720 3719 3731 —
3743 3688 3799 3745 Id

2219 3812 2286 3851 ne
2312 3794 2476 3850 facias
2516 3811 2530 3847 :
2562 3791 2691 3847 illud
2714 3792 2856 3846 enim
2882 3788 3102 3843 satanici
3136 3797 3217 3842 est
3247 3786 3407 3841 animi
3445 3803 3459 3839 :
3490 3799 3589 3839 nec
3612 3783 3795 3838 vinum

2219 3884 2553 3948 crin'iineris,
2585 3882 2678 3939 sed
2706 3883 3018 3938 ebrietatem
3055 3898 3068 3935 :
3116 3879 3257 3935 hunc
3300 3878 3571 3933 ebriosum
3606 3875 3673 3929 ad
3716 3889 3802 3929 sa-

2220 3993 2341 4032 nam
2363 3984 2593 4030 mentem
2620 3988 2890 4029 reversum
2920 3970 3025 4035 adi,
3059 3970 3300 4026 describe
3326 3968 3401 4023 illi
3428 3976 3591 4022 totam
3633 3965 3800 4035 turpi—

2220 4068 2457 4124 tudinem
2492 4085 2505 4121 :
2529 4067 2613 4121 dic
2641 4065 2735 4131 illi,
2760 4065 2952 4119 Vinum
2979 4062 3160 4119 datum
3189 4070 3271 4117 est
3300 4059 3365 4114 ad
3392 4059 3625 4114 laetitiam
3650 4100 3662 4121 ,
3688 4072 3794 4111 non

2218 4162 2284 4218 ad
2318 4160 2695 4232 turpitudinem
2721 4178 2733 4214 :
2762 4158 2944 4213 datum
2972 4169 3054 4213 est
3083 4165 3139 4209 ut
3165 4155 3454 4220 rideamus,
3485 4168 3589 4207 non
3618 4160 3675 4206 ut
3703 4150 3799 4205 de-

2219 4255 2528 4321 rideamur;
2569 4264 2628 4310 ut
2654 4263 2800 4310 recte
2830 4252 3123 4316 valeamus,
3157 4264 3261 4303 non
3291 4257 3345 4302 ut
3361 4256 3713 4319 aegrotamus;
3743 4253 3801 4299 ut

2220 4350 2642 4407 imbecillitatem
2680 4346 2921 4418 corporis
2966 4346 3342 4408 instauremus,
3379 4355 3487 4395 non
3532 4347 3589 4394 ut
3639 4337 3801 4392 robur

2218 4446 2380 4500 animi
2407 4440 2736 4513 dejiciamus.
2772 4440 2909 4492 Deus
2930 4446 2980 4491 te
3007 4435 3109 4491 hoc
3135 4447 3354 4489 munere
3384 4429 3685 4494 honoravit,
3707 4442 3803 4483 cur

2219 4554 2284 4593 ex
2332 4535 2683 4592 immoderato
2713 4547 2812 4588 usu
2852 4531 3074 4600 teipsum
3105 4526 3470 4583 dehonestas?
3509 4522 3644 4579 Audi
3675 4521 3799 4592 quid

2221 4629 2414 4685 Paulus
2456 4627 2632 4682 dicat:
2671 4624 2799 4679 Vino
2846 4624 3041 4676 modico
3078 4629 3214 4675 utere
3252 4627 3456 4691 prapter
3490 4615 3803 4671 stomachum

2220 4732 2363 4776 tuum
2387 4763 2402 4787 ,
2432 4730 2479 4776 et
2509 4728 2715 4791 propter
2740 4717 3021 4787 frequentes
3052 4725 3163 4768 tuas
3204 4713 3525 4781 infirmitates
3557 4708 3634 4777 (i.
3666 4708 3799 4761 Tim.

2221 4816 2276 4872 5.
2302 4814 2421 4885 23).
2468 4811 2621 4881 Quod
2651 4812 2693 4866 si
2720 4818 2933 4865 sanctus
2960 4809 3067 4871 ille,
3099 4808 3285 4863 morbo
3307 4805 3573 4869 detentus,
3605 4811 3659 4857 et
3686 4801 3781 4855 fre-

2220 4905 2504 4978 quentibus
2532 4902 2780 4958 laborans
2802 4898 3215 4960 iuﬁrmitatibus,
3249 4896 3373 4951 vino
3392 4912 3498 4950 non
3532 4890 3767 4949 utebatu.
3792 4940 3793 4943 η

2220 4999 2391 5054 donec
2413 4997 2464 5052 id
2486 4996 2739 5065 magister
2767 4993 2944 5063 jussit,
2966 5008 3067 5062 qua
3090 4991 3243 5045 venia
3274 4989 3421 5059 digni
3454 5002 3553 5042 nos
3576 4987 3802 5050 erimus,

2220 5093 2308 5163 qui
2331 5104 2464 5145 sano
2489 5102 2716 5158 corpore
2735 5087 2866 5142 ebrii
2889 5085 3109 5139 sumus?
3136 5083 3211 5136 llli
3242 5082 3473 5146 dicebat,
3502 5080 3710 5135 Modico
3732 5083 3801 5133 vi-

2222 5202 2285 5239 no
2311 5194 2450 5238 utere
2476 5190 2678 5253 prapter
2702 5178 3015 5234 stomachum
3059 5187 3195 5228 tuum
3227 5184 3271 5227 et
3304 5172 3624 5241 inﬁrmitates
3658 5180 3769 5224 tuas

2222 5288 2461 5335 nostrum
2489 5291 2619 5331 vero
2643 5273 2861 5345 singulis
2887 5272 3028 5327 dicet
3052 5288 3063 5323 :
3094 5269 3230 5324 Vino
3261 5266 3471 5322 modico
3500 5274 3651 5321 utere
3678 5278 3773 5332 pro

2222 5384 2339 5445 pter
2362 5372 2755 5435 fornicationes,
2775 5367 2848 5438 (a)
2874 5365 3111 5439 [propter
3141 5362 3431 5432 frequentia
3457 5358 3771 5429 turpiloquis
3788 5402 3800 5416 ,

2223 5475 2441 5537 propter
2459 5473 2682 5519 caeteras
2705 5459 3020 5531 cupiditates
3047 5453 3258 5528 malas,]
3289 5468 3423 5525 quas
3445 5467 3636 5523 parere
3667 5449 3798 5504 solet

2222 5559 2470 5615 ebrietas.
2499 5554 2555 5611 Si
2585 5570 2689 5610 non
2714 5552 2833 5609 ideo
2862 5551 3131 5607 abstinere
3158 5548 3335 5613 vultis,
3358 5546 3547 5601 saltem
3574 5544 3644 5598 ob
3672 5558 3803 5597 con-

2285 5671 2357 5780 (a?
2387 5671 2506 5743 Quae
2524 5670 2714 5720 uncinis
2730 5666 3032 5735 clauduntur,
3058 5664 3247 5727 adjecta
3270 5670 3382 5711 sunt
3401 5674 3430 5711 e
3454 5659 3629 5711 Codice
3644 5657 3735 5707 691
3751 5663 3804 5706 et

2285 5749 2325 5780 Vl
2352 5769 2364 5780 .
2387 5732 2686 5780 hxcuierant
2710 5734 2758 5780 in
2797 5726 3081 5780 Commelut.
3122 5735 3175 5777 et
3206 5723 3385 5780 Mootf.,
3424 5736 3512 5780 per
3538 5723 3801 5771 homtnote-

2222 5723 2364 5785 Savif.
2387 5723 2686 5784 Exciderunt
2710 5734 2758 5782 in
2797 5723 3081 5780 Commelin.
3114 5723 3175 5777 'et
3206 5723 3385 5787 Mmtlﬁ,
3423 5736 3512 5787 per
3538 5723 3801 5771 ιιοῐηωοω-

2226 5804 2410 5848 teuton.
