4140 6376
367 491 547 564 ἦσαν·
589 489 714 545 ἐπεὶ
754 489 847 542 καὶ
889 488 1092 559 Πέτρος
1136 487 1231 542 νῦν
1275 489 1371 560 μὲν
1419 490 1801 560 μακαρίζεται,
1841 490 1936 546 νῦν
1976 493 2034 545 δὲ

371 573 692 644 ἐπιτιμᾶται
709 587 723 602 ·
759 571 854 624 καὶ
877 569 928 622 οἰ
948 568 1122 622 λοιποὶ
1147 567 1204 620 δὲ
1227 571 1306 631 εἰς
1339 570 1523 623 ἄνοιαν
1547 570 1882 625 σκώπτονται
1905 576 2034 644 παρ’

371 654 559 717 αὑτοῦ,
591 655 680 706 ὅτε
711 650 773 703 οὐ
817 649 1056 718 συνῆκαν
1083 647 1176 701 τὸν
1210 649 1337 718 περὶ
1368 650 1466 719 τῆς
1499 649 1677 721 ζύμης
1701 651 1876 719 λόγον,
1903 656 2037 707 Συν-

371 737 470 808 ἐϐη
510 735 566 787 δέ
601 732 695 786 καὶ
720 730 839 784 τότε
871 731 996 792 τοὺς
1028 729 1274 800 μαθητάς
1313 730 1639 800 ἀσθενῆσαιο
1687 733 2037 804 άτελέστερον

371 817 480 886 γὰρ
504 813 766 867 διέκειντο
787 809 889 882 πρὸ
912 809 1005 862 τοῦ
1031 810 1283 880 σταυροῦ.
1328 811 1515 863 Πίστιν
1541 812 1598 864 δὲ
1627 812 1859 865 ἐνταῦθα
1889 811 2037 881 λέγει

370 897 468 966 τὴν
498 891 607 946 τῶν
632 891 892 962 σημείων,
924 890 1018 944 καὶ
1055 889 1320 952 σινάπεως
1363 890 1652 960 μέμνηται,
1700 894 1799 963 τὴν
1833 894 2037 961 ἄφατον

371 973 539 1044 αὐτῆς
556 971 730 1042 δηλῶν
751 969 998 1040 δύναμιν.
1019 969 1082 1022 Εἰ
1107 967 1216 1040 7&9
1233 969 1327 1022 καὶ
1345 968 1420 1039 τῷ
1443 969 1590 1040 όγκῳ
1613 971 1804 1041 μικρὸν
1822 971 1956 1031 εἶναι
1975 971 2038 1026 τὸ

374 1055 560 1125 σίνηπι
580 1053 746 1112 δοκεῖ,
764 1050 900 1105 ἀλλά
916 1053 982 1122 τῇ
1004 1050 1230 1120 δυνάμει
1245 1050 1499 1105 ἀπάντων
1519 1054 1635 1106 ἐστὶ
1657 1052 2033 1125 σφοδρότερον.

370 1132 596 1196 Δεικνὺς
608 1131 807 1196 τοίνυν,
824 1130 905 1182 ὅτι
923 1129 1028 1184 καὶ
1051 1131 1113 1182 τὸ
1131 1129 1409 1200 ἐλάχιστον
1435 1131 1535 1201 τῆς
1552 1132 1778 1203 γνησίας
1802 1133 2038 1196 πίστεως

376 1210 584 1284 μεγάλα
605 1209 844 1274 δύναται,
877 1208 1119 1280 ἐμνήσθη
1149 1209 1244 1263 τοῦ
1274 1209 1570 1273 σινάπεως·
1603 1212 1698 1264 καὶ
1722 1212 1844 1265 οὐδὲ
1874 1212 2035 1283 μέχρι

370 1294 562 1348 τούτου
594 1292 721 1362 ἔστη
751 1291 930 1363 μόνον,
966 1290 1104 1344 ἀλλά
1134 1291 1226 1344 καὶ
1255 1291 1354 1362 όρη
1373 1291 1700 1362 προσέθηκε,
1726 1295 1821 1348 καὶ
1849 1309 2039 1363 περαι-

370 1376 515 1446 τέρω
545 1372 771 1443 προέϐη.
800 1369 991 1423 Οὐδὲν
1019 1368 1147 1438 γάρ,
1175 1369 1360 1439 φησὶν,
1389 1369 1755 1437 ἀδυνατήσει
1803 1371 1959 1440 ὑμῖν.

439 1455 499 1507 δ’.
541 1453 614 1506 Σὺ
647 1451 702 1504 δὲ
737 1447 1016 1503 κάνταῦθα
1049 1447 1227 1502 αὐτῶν
1256 1448 1534 1518 θαύμασον
1563 1449 1662 1520 τὴν
1695 1449 2032 1520 φιλοσοφίαν,

371 1533 581 1590 καὶτοῦ
611 1530 924 1601 Πνεύματος
952 1529 1051 1598 τὴν
1085 1527 1236 1599 ἰσχύν
1261 1545 1275 1558 ο
1311 1529 1409 1600 τὴν
1439 1529 1536 1599 μὲν
1567 1530 1904 1600 φιλοσοφίαν,
1951 1532 2035 1584 δτι

371 1616 469 1669 οὐκ
491 1613 731 1684 ἔκρυψαν
754 1609 930 1664 αὐτῶν
959 1608 1021 1662 τὸ
1044 1607 1332 1678 ἐλάττωμα
1351 1625 1364 1638 ο
1400 1608 1494 1662 τοῦ
1516 1609 1572 1662 δέ
1597 1609 1734 1662 Ilva-3
1743 1626 1910 1678 ματος
1937 1609 2036 1680 τὴν

375 1697 548 1765 ἰσχὺν,
577 1695 658 1746 ὅτι
686 1691 810 1754 τοὺς
837 1688 960 1742 οὐδέ
989 1688 1186 1741 κόκκον
1217 1686 1368 1760 ῖ581]
1417 1689 1686 1751 σινάπεως
1728 1690 1770 1721 ¹⁶
1815 1688 2038 1759 ἔχοντας

370 1775 512 1828 οὕτω
534 1771 674 1825 κατά
701 1769 895 1840 μικρὸν
922 1769 1196 1837 ἀνήγαγεν
1229 1768 1294 1834 ¹⁷,
1327 1767 1402 1830 ὡς
1430 1769 1708 1839 ποταμοὺς
1733 1770 1828 1822 καὶ
1852 1771 2036 1838 πηγὰς

371 1856 430 1908 ἐν
475 1853 658 1914 αὐτοῖς
707 1849 940 1911 πίστεως
985 1845 1290 1900 ἀναδοῦναι.
1350 1847 1421 1900 Τὸ
1463 1845 1532 1899 δὲ
1574 1846 1748 1917 γένος
1779 1849 1821 1880 1⁸
1861 1849 2035 1903 τοῦτο

369 1935 480 1986 οὐκ
511 1928 914 1998 ἐκπορεύεται,
948 1928 1001 1979 ει
1034 1925 1120 1994 μὴ
1164 1925 1235 1978 ἐν
1273 1923 1585 1995 προσευχῇ
1615 1927 1710 1980 καί
1743 1929 1993 1995 νηστείᾳ
2017 1944 2032 1959 .

369 2011 430 2065 τὸ
473 2010 582 2064 τῶν
628 2007 898 2077 δαιμόνων
947 2005 1112 2072 ἆπαν,
1158 2005 1219 2057 οὐ
1277 2005 1340 2058 τὸ
1397 2003 1507 2058 τῶν
1573 2006 2036 2078 σεληνιαζομένων

368 2091 541 2158 λέγων
571 2089 747 2160 μόνον.
789 2087 952 2156 Ὁρᾷς
982 2083 1101 2148 πῶς
1132 2084 1314 2150 αὐτοῖς
1355 2086 1456 2157 ήδη
1491 2086 1584 2140 τὸν
1612 2088 1740 2158 περὶ
1782 2088 2037 2158 νηστείας

371 2167 871 2244 προκαταϐάλλεται
908 2163 1094 2244 λόγον;
1125 2162 1216 2244 Μή
1238 2165 1346 2234 γάρ
1378 2179 1466 2244 μοι
1491 2165 1598 2244 ἀπὸ
1617 2165 1724 2244 τῶν
1752 2165 2036 2231 σπανιζόν-

368 2243 476 2305 των
499 2252 645 2318 λέγε,
669 2249 750 2300 ὅτι
781 2245 923 2307 τινὲς
953 2243 1045 2297 καὶ
1070 2243 1237 2312 χωρὶς
1265 2243 1515 2311 νηστείας
1547 2243 1816 2309 ἐξέϐαλον.
1841 2246 1904 2298 EI
1928 2245 2036 2316 7&9

369 2331 467 2385 καὶ
500 2328 628 2400 περὶ
655 2325 763 2379 τῶν
795 2321 1170 2392 ἐπιτιμώντων
1215 2321 1372 2375 τοῦτο
1418 2323 1486 2375 ἂν
1527 2323 1670 2376 είποι
1705 2341 1790 2387 τις
1829 2326 1872 2358 η
1917 2326 2036 2389 ἑνός

370 2428 474 2466 που
509 2410 604 2464 καὶ
633 2407 906 2476 δευτέρου,
945 2401 1084 2457 ἀλλά
1118 2402 1392 2472 πάσχοντα
1431 2403 1710 2473 ἀμήχανόν
1739 2422 1868 2457 ποτε
1907 2422 2036 2476 τρυ-

371 2491 558 2561 φῶντα
581 2483 961 2554 ἀπαλλαγῆναι
976 2480 1293 2561 τῆςμανίας
1307 2479 1527 2561 ταύτης.
1569 2483 1776 2561 Δεῖγάρ
1801 2483 2036 2553 μάλιστα

369 2559 462 2624 τοῦ
475 2569 794 2638 πράγματος
823 2561 1011 2616 τούτου
1030 2559 1108 2630 τῷ
1122 2561 1168 2591 ²⁰
1185 2559 1254 2612 τά
1274 2559 1495 2612 τοιαῦτα
1515 2559 1776 2615 νοσοῦντι.
1796 2563 1902 2616 Kal
1927 2563 2036 2634 μὴν

369 2651 419 2703 εἰ
457 2647 688 2709 πίστεως
709 2641 886 2714 χρεία,
910 2640 1062 2712 φησὶ,
1097 2639 1148 2692 τί
1177 2641 1260 2694 δεῖ
1290 2641 1576 2709 νηστείας;
1615 2639 1737 2695 Ὅτι
1772 2641 1908 2712 μετά
1934 2643 2036 2712 τῆς

367 2729 602 2790 πίστεως
642 2726 861 2778 κάκεῖνο
887 2722 947 2775 ού
984 2719 1184 2792 μικράν
1216 2719 1425 2790 εἰσάγει
1457 2719 1555 2791 τὴν
1590 2721 1761 2792 ἰσχύν.
1795 2723 1904 2777 Kal
1926 2723 2033 2796 7&9

369 2807 690 2880 φιλοσοφίαν
712 2807 755 2838 ¹¹
787 2800 985 2871 πολλὴν
1013 2801 1276 2872 ἐντίθησι,
1295 2801 1389 2854 καὶ
1411 2801 1640 2870 ἄγγελον
1665 2802 1726 2867 ἐξ
1742 2802 2032 2874 ἀνθρώπου

369 2884 789 2949 καταωιευάζει,
823 2883 919 2936 καὶ
955 2883 1072 2944 ταῖς
1105 2880 1415 2951 ἀσωμάτοις
1452 2881 1713 2952 δυνάμεσι
1749 2882 2030 2936 πυκτεύει·

369 2968 483 3022 ἀλλ’
499 2967 561 3020 ού
583 2965 702 3019 καθ’
727 2961 944 3031 ἑαυτὴν,
975 2959 1110 3014 ἀλλά
1133 2959 1325 3012 δεῖκαὶ
1359 2961 1546 3030 εὐχῆς,
1577 2962 1670 3015 καὶ
1691 2961 1914 3032 πρώτης
1939 2963 2033 3014 εύ-

369 3047 490 3118 χῆς.
527 3046 668 3114 Ὅρα
697 3042 827 3111 γοῦν
841 3043 886 3072 ¹²
914 3041 1014 3094 ὅσα
1041 3038 1221 3107 ἀγαθά
1265 3038 1324 3103 ἐξ
1351 3039 1672 3111 ἀμφοτέρων
1703 3042 1931 3109 γίνεται.
1975 3042 2033 3096 ⁸0

370 3125 480 3197 7&9
500 3123 792 3193 εὐχόμενος
823 3121 898 3184 ὼς
926 3119 1053 3191 χρὴ,
1072 3120 1164 3172 καὶ
1189 3118 1484 3188 νηστεύων,
1510 3120 1570 3173 ού
1601 3121 1810 3174 πολλῶν
1829 3123 1997 3176 δεῖται
2013 3137 2030 3154 ο

369 3207 400 3259 6
437 3205 491 3258 δέ
520 3201 728 3255 πολλῶν
763 3200 836 3270 μὴ
863 3199 1112 3269 δεόμενος
1139 3199 1238 3251 οὐκ
1259 3197 1324 3252 ἂν
1354 3198 1564 3266 γένοιτο
1589 3200 1992 3271 φιλοχρήματος
2014 3218 2030 3233 ο

370 3283 461 3337 δ⁹³
492 3282 566 3354 μὴ
600 3279 1018 3350 φιλοχρήματος,
1053 3278 1147 3330 καὶ
1174 3277 1310 3348 πρὸς
1334 3277 1702 3350 ἐλεημοσύνην
1736 3281 2033 3351 ἐπιτηδειό-

370 3378 544 3432 τερος.
589 3359 648 3412 Ὀ
692 3356 967 3429 νηστεύων
998 3354 1198 3424 κοῦφός
1241 3357 1357 3409 ἐστι
1389 3358 1481 3410 καὶ
1511 3359 1905 3431 ἐπτερωμένος,
1937 3361 2032 3415 καὶ

375 3440 512 3514 μετά
540 3439 752 3511 νήψεως
784 3435 1031 3514 εὔχεται,
1067 3435 1161 3488 καὶ
1199 3435 1298 3514 τάς
1328 3437 1622 3508 ἐπιθυμίας
1657 3439 1903 3493 σϐέννυσι
1931 3442 2032 3504 τὰς

372 3520 615 3591 πονηρὰς
639 3559 653 3583 ,
687 3518 784 3573 καὶ
829 3513 1128 3580 ὲξιλεοῦται
1163 3513 1326 3579 Θεὸν,
1369 3517 1463 3570 καὶ
1508 3522 1754 3572 ταπεινοῖ
1800 3520 1899 3589 τὴν
1927 3519 2029 3590 ψυ-

373 3602 474 3674 χὴν
499 3596 880 3669 ἐπαιρομένην.
913 3593 1010 3647 Διά
1036 3593 1190 3648 τοῦτο
1215 3595 1308 3674 καὶ
1336 3597 1382 3648 οἱ
1413 3596 1696 3651 ἀπόστολοι
1729 3599 1816 3652 ἀεὶ
1848 3601 2031 3670 σχεδὸν

373 3672 680 3742 ἐνήστευον.
724 3677 782 3728 σο
808 3675 1095 3744 εὐχόμενος
1130 3672 1267 3742 μετά
1295 3675 1544 3744 νηστείας
1572 3675 1762 3740 διπλᾶς
1790 3676 1901 3746 ἔχει
1933 3677 2031 3742 τὰς

372 3761 668 3830 πτέρυγας,
691 3755 784 3809 xal
809 3753 916 3806 τῶν
937 3751 1151 3822 ἀνέμων
1179 3752 1356 3804 αὐτῶν
1385 3753 1734 3826 κουφοτέρας.
1765 3756 1899 3808 Ούδὲ
1921 3756 2030 3827 γὰρ

373 3841 647 3911 χασμᾶται
689 3837 784 3889 καὶ
825 3833 1141 3887 διατείνεται
1173 3833 1266 3885 καὶ
1314 3836 1490 3905 ναρκᾷ
1541 3835 1851 3906 εὐχόμενος,
1895 3837 2030 3905 ὅπερ

375 3921 673 3990 πάσχουσιν
695 3917 746 3968 οἱ
772 3914 953 3968 πολλοί
982 3930 996 3942 ·
1030 3913 1145 3967 ἀλλ’
1173 3912 1287 3966 ἔστι
1328 3916 1498 3985 πυρὸς
1527 3916 1902 3987 σφοδρότερος,
1937 3919 2032 3970 καὶ

369 4000 468 4070 τῆς
497 3998 601 4068 γῆς
627 3993 917 4065 ἀνώτερος.
965 3993 1056 4046 Διὸ
1079 3993 1170 4046 καὶ
1200 3991 1432 4063 μάλιστα
1455 3995 1483 4046 6
1513 3995 1752 4058 τοιοῦτος
1781 3999 1890 4060 τοῖς
1917 3997 2028 4050 δαί-

376 4095 530 4150 μοσιν
561 4074 751 4145 ἐχθρὸς
780 4072 874 4126 καὶ
907 4071 1182 4142 πολέμιος.
1233 4072 1400 4124 Οὐδὲν
1429 4073 1538 4144 γάρ
1580 4073 1865 4145 ἀνθρώπου
1900 4093 2031 4143 γνη-

371 4157 504 4220 σίως
550 4152 840 4224 εὐχομένου
884 4150 1267 4221 δυνατώτερον.
1319 4151 1384 4204 Εἰ
1427 4153 1534 4223 γὰρ
1561 4153 1696 4223 γυνὴ
1726 4151 1876 4224 ὠμόν
1907 4171 2030 4210 τινα

370 4237 625 4308 ἄρχοντα,
643 4233 736 4286 καὶ
759 4229 881 4284 οὕτε
905 4228 1037 4282 Θεὸν
1058 4227 1103 4260 ’⁸
1130 4228 1481 4299 φοϐούμενον,
1502 4228 1623 4283 οὗτε
1644 4231 1925 4303 ἄνθρωπον
1945 4235 2029 4287 ὲν-

369 4313 723 4387 τρεπόμενον,
752 4308 968 4379 ἴσχυσεν
999 4308 1325 4378 ἐπικάμψαι,
1359 4309 1536 4380 πολλῷ
1566 4310 1765 4382 μᾶλλον
1781 4312 1874 4366 τὸν
1894 4313 2027 4367 Θεὸν

370 4396 731 4450 ἐπισπάσεται
753 4395 782 4446 6
810 4389 1044 4460 συνεχῶς
1072 4388 1217 4460 αὐτῷ
1246 4389 1635 4462 προσεδρεύων,
1663 4393 1760 4446 καὶ
1791 4393 2027 4466 γαστρὸς

367 4474 605 4547 κρατῶν,
634 4473 727 4526 καὶ
747 4469 955 4543 τρυφήν
981 4468 1274 4522 ἐκϐάλλων.

441 4555 503 4606 Εἰ
531 4553 586 4606 δὲ
629 4550 851 4612 ἀσθενές
878 4550 924 4581 ’⁸
955 4565 1036 4602 σοι
1065 4547 1124 4601 τὸ
1150 4547 1330 4620 σῶμα,
1371 4547 1510 4603 ὥστε
1537 4548 1817 4620 νηστεύειν
1856 4551 2030 4622 διηνε-

363 4633 504 4698 κῶς,
533 4631 646 4687 ἀλλ’
673 4631 775 4684 οὐκ
805 4631 885 4692 εἰς
927 4628 1232 4700 προσευχὴν
1272 4628 1516 4692 ἀσθενὲς,
1545 4629 1665 4684 οὐδὲ
1694 4629 1829 4698 πρὸς
1857 4629 2028 4702 ὑπερ-

368 4715 527 4783 οψίαν
551 4710 785 4782 γαστρὸς
814 4710 1018 4764 ἄτονον.
1048 4707 1110 4762 EI
1141 4708 1249 4782 7&9
1281 4710 1374 4763 καὶ
1401 4708 1678 4780 νηστεύειν
1698 4710 1760 4762 ού
1781 4709 2025 4772 δύνασαι,

371 4791 507 4848 ἀλλά
541 4791 616 4863 μὴ
638 4789 848 4862 τρυφᾷν
881 4787 1141 4842 δύνασαι·
1175 4787 1236 4840 ού
1280 4789 1471 4859 μικρὸν
1499 4788 1554 4842 δὲ
1579 4789 1672 4842 καὶ
1697 4787 1873 4854 τοῦτο,
1903 4789 2026 4843 οὐδὲ

373 4871 508 4926 πολὺ
545 4869 794 4941 νηστείας
821 4867 1022 4937 ἀπέχον
1044 4882 1058 4897 ·
1099 4866 1212 4920 ἀλλ’
1249 4867 1430 4920 ἰκανὸν
1460 4867 1556 4937 μὲν
1580 4868 1674 4921 καὶ
1693 4867 1850 4921 τοῦτο
1868 4885 2032 4922 κατα-

374 4951 576 5006 σπάσαι
594 4950 638 4983 ³⁸
661 4947 756 5002 τοῦ
782 4945 1026 5002 διαϐόλου
1045 4945 1144 5017 τὴν
1167 4947 1381 5016 μανίαν.
1417 4946 1527 4999 Kal
1551 4946 1660 5018 7&9
1691 4946 1842 5000 οὐδὲν
1859 4947 2028 5012 οὓτως

372 5030 560 5100 ἐκείνῳ
591 5026 670 5097 τῷ
697 5026 907 5096 δαίμονι
956 5025 1140 5094 φίλον,
1187 5025 1263 5089 ὡς
1293 5025 1472 5098 τρυφὴ
1503 5027 1596 5079 καὶ
1627 5025 1764 5098 μέθη
1789 5041 1803 5058 ·
1842 5027 2027 5099 ἐπειδὴ

373 5109 466 5162 καὶ
513 5106 664 5177 πηγὴ
697 5105 790 5159 καὶ
832 5105 1016 5176 μήτηρ
1062 5104 1208 5158 ἐστὶν
1250 5104 1502 5159 ἀπάντων
1541 5106 1649 5159 τῶν
1680 5105 1886 5162 κακῶν.
1929 5108 2028 5161 Διά

371 5185 574 5257 ταύτης
603 5183 732 5254 γοῦν
767 5201 896 5238 ποτε
934 5183 1060 5247 τοὺς
1089 5183 1429 5255 Ἰσραηλίτας
1469 5185 1549 5248 εἰς
1586 5184 2026 5257 είδωλολατρείαν

1437 377 1504 433 ΙΝ
1543 377 1958 435 ΜΑΤΤίΙιΕυΜ
1997 378 2232 438 HOMIL.
2267 379 2424 437 LVII.
2467 383 2539 438 aI.
2571 381 2750 437 LVIII.

3704 386 3812 446 εδι

2137 494 2358 548 ἐνέϐαλε
2389 511 2405 524 ⁸
2443 495 2532 550 διά
2567 496 2774 564 ταύτης
2817 495 2944 558 τοὺς
2983 497 3274 569 Σοδομίτας
3324 500 3404 562 εἰς
3455 503 3807 574 παρανόμους

2135 579 2340 648 ἀνῆψεν
2355 580 2400 610 ’⁷
2426 578 2655 647 ἔρωτας.
2692 580 2872 634 Τοῦτο
2893 579 3023 652 γὰρ,
3056 583 3210 652 φησί,
3243 583 3307 636 τὸ
3329 584 3604 654 ἀνόμημα
3629 587 3810 642 20M-

2129 680 2264 730 μων
2287 679 2302 694 ⁸
2349 664 2480 717 ἐνη
2519 665 2936 734 ὑπερηφανίᾳ,
2980 665 3080 718 καί
3117 666 3189 719 ἐν
3217 669 3547 738 πλησμονῇ
3593 669 3806 738 ἄρτων,

2136 745 2233 798 καί
2257 748 2560 816 εὐθηνίαις
2591 747 2968 803 ἐσπατάλων.
2999 748 3098 802 Διά
3118 749 3320 818 ταύτης
3343 752 3569 821 μυρίους
3591 754 3808 824 ἐτέρους

2135 829 2408 893 ἀπώλεσε,
2459 831 2553 884 καὶ
2590 834 2654 902 τῇ
2689 831 2882 905 γεέννῃ
2923 831 3224 902 παρέδωκε.
3271 833 3336 886 Τί
3367 834 3475 906 γὰρ
3508 836 3607 888 οὐκ
3646 838 3810 907 ἐργα-

2136 915 2287 980 ζεται
2323 913 2491 968 κακὸν
2519 915 2552 985 ή
2584 915 2799 986 τρυφή;
2843 914 3074 984 Χοίρους
3104 914 3164 979 ἐξ
3194 913 3496 986 ἀνθρώπων
3527 923 3690 983 ποιεῖ,
3716 926 3809 972 καὶ

2136 996 2333 1068 χοίρων
2359 996 2594 1068 χείρους.
2629 997 2687 1048 Ὀ
2723 997 2820 1068 μὲν
2854 997 2962 1069 7&9
2996 999 3175 1068 χοῖρος
3206 997 3447 1070 βορϐόρῳ
3473 1001 3808 1068 ἐγκαλινδεῖ-

2134 1096 2244 1144 ται,
2263 1079 2359 1133 καὶ
2381 1079 2570 1150 κόπρῳ
2591 1079 2852 1150 τρέφεται
2868 1098 2881 1112 ο
2904 1075 3058 1146 οὗτος
3081 1081 3136 1134 δέ
3152 1082 3365 1155 ἐκείνης
3386 1084 3809 1158 βδελυκτοτέραν

2138 1164 2366 1215 σιτεῖται
2409 1160 2689 1232 τράπεζαν
2711 1161 2790 1226 ’³,
2841 1161 3018 1233 μίξεις
3054 1164 3285 1218 ἐπινοῶν
3318 1165 3473 1238 [582]
3503 1167 3803 1238 ἀθέσμους,

2135 1245 2230 1298 καὶ
2256 1245 2604 1316 παρανόμους
2634 1245 2863 1316 ἔρωτας.
2914 1245 2971 1300 '0
2995 1247 3234 1312 τοιοῦτος
3265 1250 3419 1303 οὐδὲν
3443 1250 3806 1320 δαιμονῶντος

2093 1371 2097 1375 .
2134 1328 2439 1400 διενήνοχεν
2462 1343 2478 1358 ⁸
2509 1327 2708 1399 ὁμοίως
2736 1328 2845 1399 γὰρ
2881 1329 3228 1400 ἀναισχυντεῖ
3261 1333 3353 1385 καὶ
3383 1333 3653 1402 μαίνεται.
3696 1334 3806 1387 Kal

2134 1409 2224 1462 τὸν
2247 1407 2346 1481 μὲν
2371 1411 2710 1482 δαιμονῶντα
2737 1413 2840 1465 κᾶν
2862 1411 3118 1482 ἐλεοῦμεν
3135 1413 3202 1480 ⁸⁸,
3236 1417 3422 1466 τοῦτον
3451 1415 3507 1467 δέ
3539 1415 3807 1486 ἀποπρε-

2137 1494 2350 1564 φόμεθα
2382 1495 2477 1548 καὶ
2513 1493 2794 1564 μισοῦμεν.
2824 1495 2889 1548 Τί
2920 1495 3150 1566 δήποτε;
3185 1496 3305 1548 Ὅτι
3341 1496 3661 1568 αὐθαίρετον
3685 1498 3806 1550 ἐπιο

2137 1581 2338 1630 σπᾶται
2372 1577 2591 1648 μανίαν,
2636 1579 2730 1632 καὶ
2757 1579 2816 1631 τὸ
2863 1579 3055 1649 στόμα,
3092 1579 3186 1632 καὶ
3215 1581 3341 1643 τοὺς
3373 1579 3682 1650 ὀφθαλμοὺς
3711 1581 3807 1632 καὶ

2138 1660 2288 1730 ῥῖνας
2306 1660 2382 1726 ³⁸,
2426 1661 2521 1712 καὶ
2563 1660 2740 1713 πάντα
2776 1661 2961 1724 ἁπλῶς
2997 1663 3215 1732 ὀχετοὺς
3249 1663 3467 1734 ἀμάρας
3491 1660 3803 1733 ἐργάζεται.

2136 1742 2200 1795 EI
2228 1743 2284 1796 δὲ
2311 1744 2405 1797 καὶ
2431 1742 2500 1796 τά
2531 1742 2677 1797 ἔνδον
2694 1746 2737 1776 ³³
2771 1745 2924 1808 ἴδοις,
2959 1744 3080 1813 ὄψει
3108 1744 3202 1798 καὶ
3230 1746 3330 1814 τὴν
3353 1745 3530 1816 ψυχὴν
3554 1745 3806 1817 καθάπερ

2135 1826 2193 1879 ἔν
2225 1843 2330 1879 τινι
2370 1826 2598 1898 χειμῶνι
2639 1827 2734 1880 καὶ
2784 1827 2981 1898 κρυμῷ
3016 1830 3323 1898 πεπηγυῖαν
3364 1829 3458 1880 καὶ
3495 1826 3802 1898 ναρκῶσαν,

2135 1905 2231 1958 καὶ
2255 1905 2405 1959 οὐδὲν
2436 1905 2496 1959 τὸ
2534 1907 2738 1974 σκάφος
2779 1906 3057 1976 ὠφελῆσαι
3100 1905 3404 1976 δυναμένην
3455 1905 3543 1959 διά
3576 1904 3673 1976 τὴν
3708 1905 3804 1958 τοῦ

2135 1984 2401 2056 χειμῶνος
2439 1986 2762 2057 ὑπερϐολήν.
2811 1985 3146 2056 Αἰσχύνομαι
3180 1987 3374 2052 εἰπεῖν,
3412 1986 3512 2039 ὅσα
3549 1986 3655 2038 ἀπὸ
3677 2001 3805 2057 τρυ-

2136 2064 2244 2134 φῆς
2268 2064 2568 2134 πάσχουσιν
2593 2065 2840 2134 ἄνδρες³³
2878 2066 2970 2117 καὶ
2996 2065 3252 2131 γυναῖκες
3273 2066 3418 2119 κακά
3440 2081 3454 2096 ο
3495 2063 3576 2135 τῷ
3610 2065 3667 2118 δὲ
3703 2066 3804 2117 αὐ·

2134 2142 2243 2198 τῶν
2269 2142 2583 2197 καταλείπω
2609 2143 2887 2207 συνειδότι,
2915 2143 2993 2213 τῷ
3015 2143 3184 2197 ταῦτα
3205 2144 3594 2214 ἀκριϐέστερον
3617 2143 3802 2198 εἰδότι.

2136 2221 2201 2274 Τί
2238 2222 2346 2292 7&9
2371 2223 2720 2294 αἰσχρότερον
2758 2224 3014 2288 γυναικὸς
3049 2222 3429 2294 μεθυούσης,ἢ
3471 2222 3658 2287 ἀπλῶς
3695 2241 3805 2277 πα-

2138 2303 2515 2374 ραφερομένης
2533 2303 2626 2368 ³⁸;
2677 2304 2828 2374 Ὄσῳ
2882 2305 2990 2374 γὰρ
3039 2304 3427 2376 ἀσθενέστερον
3478 2305 3538 2358 τὸ
3589 2304 3801 2370 σκεῦος,

2134 2382 2371 2453 τοσούτῳ
2403 2382 2563 2434 πλέον
2603 2382 2664 2434 τὸ
2712 2383 2988 2449 ναυάγιον,
3036 2383 3102 2435 άν
3134 2400 3195 2435 τε
3243 2383 3502 2454 ἐλευθέρα
3543 2380 3600 2456 ᾖ,
3636 2384 3702 2438 ἄν
3741 2401 3802 2436 τε

2133 2460 2314 2532 δούλη.
2358 2461 2424 2514 Ἠ
2459 2463 2559 2532 μὲν
2603 2462 2710 2531 γὰρ
2749 2462 3007 2532 ἐλευθέρα
3053 2465 3110 2515 ἐν
3148 2463 3296 2533 μέσῳ
3330 2463 3409 2533 τῷ
3457 2463 3667 2536 θεάτρῳ
3694 2465 3804 2518 τῶν

2133 2538 2336 2592 δούλων
2376 2542 2680 2610 ἀσχημονεῖ
2698 2541 2742 2572 ³⁸
2765 2560 2780 2575 ·
2822 2543 2856 2612 ή
2885 2542 2942 2593 δὲ
2977 2541 3136 2612 δούλη
3167 2541 3326 2596 πάλιν
3353 2542 3552 2611 ὁμοίως
3599 2543 3802 2613 μεταξὺ

2131 2618 2242 2671 τῶν
2287 2619 2488 2674 δούλων
2513 2637 2528 2652 ο
2573 2621 2668 2675 καὶ
2711 2619 3186 2691 παρασκευάζουσι
3232 2622 3326 2674 τοῦ
3369 2622 3502 2675 Θεοῦ
3551 2625 3618 2677 τὰ
3655 2623 3802 2695 δῶρα

2135 2696 2572 2770 βλασφημεῖσθαι
2603 2701 2754 2770 παρά
2783 2699 2893 2754 τῶν
2923 2701 3186 2771 ἀνοήτων.
3219 2701 3438 2754 Πολλῶν
3471 2702 3600 2771 γοῦν
3619 2704 3803 2758 ἀκούω

2133 2777 2424 2852 λεγόντων,
2453 2778 2580 2832 ὅταν
2609 2777 2783 2832 ταῦτα
2804 2779 2850 2810 ³⁸
2878 2779 3150 2852 συμϐαίνῃ
3195 2781 3266 2834 τὰ
3312 2781 3480 2850 πάθη’
3528 2781 3621 2852 Μὴ
3659 2782 3802 2838 ἔστω

2133 2849 2294 2918 οἶνος.
2319 2857 2383 2908 ’Ὠ
2404 2858 2502 2926 τῆς
2523 2858 2706 2922 ἀνοίας
2728 2857 2740 2910 I
2764 2855 2809 2910 ὣ
2835 2857 2935 2928 τῆς
2952 2849 3377 2930 ’παραπληξίαςί
3400 2849 3801 2934 ’Δλλωνάμαρ-

2133 2935 2398 2988 τανόντων
2440 2939 2560 3000 ταῖς
2600 2935 2692 2990 τοῦ
2725 2936 2859 2990 Θεοῦ
2891 2938 3120 3012 δωρεαῖς
3148 2939 3432 3006 ἐγκαλεῖς;
3481 2942 3576 2994 καὶ
3627 2942 3801 3012 πόσης

2131 3013 2290 3067 τοῦτο
2333 3014 2530 3084 μανίας
2555 3031 2569 3081 ;
2600 3015 2692 3088 Μὴ
2728 3015 2837 3086 γὰρ
2862 3017 2890 3068 6
2919 3011 3060 3080 οἰνος
3089 3017 3361 3088 ἐποίησεν,
3398 3017 3512 3071 ἀλλ’
3540 3020 3574 3089 ή
3603 3020 3801 3073 ἀκολα-

2136 3095 2226 3148 σία
2249 3093 2357 3148 τῶν
2382 3095 2760 3150 ἀπολαυόντων
2781 3094 2985 3160 κακῶς.
3004 3096 3139 3150 Εἰπὲ
3156 3097 3354 3161 τοίνυν,
3369 3099 3460 3168 Μὴ
3477 3098 3614 3151 ἔστω
3640 3099 3800 3171 μέθη,

2135 3175 2211 3246 μὴ
2241 3173 2380 3229 ἔστω
2406 3177 2584 3247 τρυφή
2613 3192 2629 3208 ·
2659 3177 2706 3229 εἰ
2730 3175 2786 3229 δὲ
2815 3175 3014 3244 λέγοις,
3035 3176 3124 3246 Μὴ
3148 3175 3288 3230 ἔστω
3307 3173 3470 3241 οἶνος,
3496 3179 3639 3249 ἐρεῖς
3661 3180 3800 3233 κατά

2135 3253 2331 3326 μικρὸν
2372 3255 2698 3326 προϐαίνων,
2726 3255 2818 3326 Μὴ
2860 3254 3001 3308 ἔστω
3039 3254 3280 3326 σίδηρος,
3323 3254 3414 3308 διά
3448 3258 3574 3319 τοὺς
3606 3258 3794 3330 ἀνδροο

2132 3333 2326 3402 φόνους
2345 3335 2468 3405 ’Μὴ
2490 3333 2630 3388 ἔστω
2661 3335 2777 3400 νὺξ,
2808 3334 2896 3388 διά
2926 3335 3051 3398 τοὺς
3082 3334 3341 3398 κλέπτας·
3371 3334 3462 3407 Μὴ
3493 3335 3632 3390 ἔστω
3663 3339 3799 3407 φῶς,

2131 3415 2220 3468 διὰ
2255 3415 2382 3478 τοὺς
2411 3415 2769 3485 συκοφάντας·
2803 3414 2896 3486 Μὴ
2917 3415 3056 3468 ἔστω
3083 3414 3241 3486 γυνὴ,
3269 3415 3357 3470 διά
3383 3415 3483 3479 τάς
3515 3417 3758 3487 μοιχείας
3779 3433 3796 3448 ⁸

2131 3495 2227 3548 καὶ
2270 3493 2448 3547 πάντα
2496 3495 2680 3557 ἀπλῶς
2722 3495 3062 3565 ἀναιρήσεις.

2202 3579 2264 3627 ι’.
2319 3573 2478 3626 Ἀλλά
2511 3573 2585 3644 μὴ
2612 3573 2754 3626 οὕτω
2787 3572 2931 3625 ποίει
2958 3588 2973 3604 ο
3016 3571 3312 3642 σατανικῆς
3338 3573 3447 3646 7&9
3474 3573 3633 3630 τοῦτο
3662 3574 3798 3644 γνῶ-

2135 3673 2242 3727 μης
2266 3672 2280 3686 °
2313 3656 2446 3726 μηδέ
2469 3655 2717 3710 διάϐαλλε
2740 3654 2831 3708 τὸν
2859 3650 3020 3720 οἶνον,
3043 3653 3178 3707 ἀλλά
3204 3654 3303 3724 τὴν
3343 3655 3512 3726 μέθην
3538 3673 3552 3689 ο
3583 3657 3677 3711 καὶ
3704 3657 3796 3711 λα.

2131 3734 2240 3788 ϐὼν
2259 3733 2446 3788 τοῦτον
2472 3733 2634 3786 αὐτὸν
2680 3735 2938 3802 νήφοντα,
2973 3733 3288 3808 ὑπόγραψον
3317 3736 3495 3788 πᾶσαν
3517 3736 3681 3790 αὐτοῦ
3700 3737 3798 3808 τὴν

2131 3813 2536 3884 ἀσχημοσύνην,
2559 3813 2652 3866 καὶ
2678 3813 2797 3865 εἰπὲ
2821 3812 2955 3884 πρὸς
2981 3813 3142 3866 αὐτόν
3161 3829 3176 3844 ο
3211 3807 3365 3876 Οἷνος
3397 3813 3572 3884 ἐδόθη,
3597 3816 3683 3870 {va
3709 3807 3796 3870 εύ-

2131 3892 2482 3964 φραινώμεθα
2504 3931 2519 3956 ,
2555 3893 2652 3963 οὐχ
2695 3892 2780 3945 ἵνα
2809 3892 3237 3962 ἀσχημονῶμεν·
3277 3893 3363 3946 ἵνα
3394 3894 3658 3965 γελῶμεν,
3700 3898 3796 3968 οὐχ

2133 3972 2218 4024 ἴνα
2261 3969 2580 4041 γελώμεθα·
2622 3972 2710 4026 ῖνα
2749 3972 3100 4042 ὑγιαίνωμεν,
3134 3973 3232 4042 οὐχ
3264 3973 3350 4026 ῖνα
3391 3973 3662 4044 νοσῶμεν·
3710 3977 3795 4031 ἵνα

2130 4051 2412 4106 ἀσθένειαν
2447 4051 2697 4123 σώματος
2719 4049 3162 4123 διορθωσώμεθα,
3194 4054 3293 4124 οὐχ
3328 4054 3414 4107 ἵνα
3437 4053 3617 4124 ψυχῆς
3641 4058 3796 4127 ἰσχὺν

2131 4131 2541 4202 καταϐάλωμεν.
2581 4130 2838 4202 Ἐτίμησέ
2867 4147 2926 4184 σε
2962 4133 2992 4184 ὁ
3017 4130 3148 4196 Θεὸς
3197 4131 3275 4204 τῷ
3299 4132 3456 4205 δώρῳ
3474 4150 3487 4164 ο
3517 4135 3572 4188 τί
3600 4136 3796 4190 σαυτὸν

2132 4210 2371 4282 ὑϐρίξεις
2415 4214 2482 4282 τῇ
2536 4211 2805 4282 ἀμετρίᾳ;
2847 4209 3114 4263 Ἀκουσον
3159 4210 3212 4264 τί
3253 4229 3417 4284 φησιν
3465 4215 3494 4267 6
3547 4213 3794 4278 Παῦλοςο

2125 4290 2280 4355 Οινφ
2327 4291 2508 4360 ὀλίγῳ
2548 4289 2672 4360 χρῶ
2717 4289 2815 4344 διὰ
2849 4287 2956 4342 τὸν
3010 4290 3319 4358 στόμαχόν
3355 4308 3472 4346 σου
3536 4293 3634 4348 καί
3686 4293 3795 4360 τὰς

2131 4371 2366 4436 πυκνάς
2381 4388 2497 4426 σου
2525 4373 2864 4438 ἀσθενείας.
2887 4372 2950 4424 Εἰ
2979 4371 3038 4425 δὲ
3063 4373 3092 4426 6
3118 4371 3272 4441 ἀγιος
3301 4374 3526 4436 ἐκεῖνος,
3541 4373 3635 4427 καὶ
3653 4372 3794 4442 νόσῳ

2131 4451 2516 4520 κατεχόμενος,
2556 4453 2651 4506 καὶ
2689 4451 3023 4522 ἐπαλλήλους
3054 4450 3364 4522 ἀρρωστίας
3396 4452 3700 4523 ὑπομένων,
3731 4452 3793 4505 ού

2135 4529 2426 4600 μετέλαϐεν
2447 4530 2614 4594 οἴνου,
2643 4531 2746 4595 ἔως
2763 4532 2805 4563 ³⁷
2832 4530 3128 4601 ἐπέτρεψεν
3150 4533 3179 4584 6
3207 4530 3542 4598 διδάσκαλος,
3575 4531 3696 4586 τίνα
3726 4534 3794 4586 ἂν
3829 4527 3834 4530 ’

2133 4608 2388 4678 σχοίημεν
2410 4609 2738 4680 συγγνώμην
2765 4610 2925 4680 ἡμεῖς
2959 4611 3018 4662 ἐν
3048 4608 3206 4680 ὑγεία
3233 4608 3518 4679 μεθύοντες
3538 4627 3551 4674 ;
3571 4609 3792 4681 Ἐκείνῳ

2133 4687 2232 4756 μὲν
2263 4688 2466 4756 ἔλεγεν,
2500 4690 2657 4756 Οῑνῳ
2696 4691 2880 4760 ὀλίγῳ
2907 4688 3027 4758 χρῶ
3051 4688 3149 4742 διὰ
3175 4689 3284 4742 τὸν
3304 4689 3611 4756 στομαχόν
3637 4705 3754 4744 σου
3773 4707 3787 4722 υ

2132 4766 2286 4836 ὑμῶν
2300 4768 2418 4810 ⁸⁸-³⁹
2437 4767 2491 4821 δὲ
2509 4769 2722 4840 ἑκάστῳ
2737 4769 2844 4823 τῶν
2863 4767 3166 4840 μεθύοντων
3188 4770 3320 4838 ἐρεῖο
3339 4767 3476 4836 Οῐνῳ
3490 4767 3652 4838 ὀλίγῳ
3673 4768 3790 4840 χρῶ

2128 4845 2217 4898 διὰ
2236 4846 2336 4910 τὰς
2358 4849 2632 4918 πορνείας,
2661 4849 2748 4903 διά
2773 4848 2871 4912 τὰς
2905 4847 3117 4909 πυκνὰς
3145 4845 3542 4916 αἰσχρολογίας,
3568 4845 3655 4900 διά
3687 4848 3788 4909 τάς

2129 4925 2321 4998 ἐτέρας
2343 4928 2637 5000 ἐπιθυμίας
2668 4929 2766 4993 τὰς
2797 4929 3066 5001 πονηρὰς,
3094 4928 3160 4990 ἀς
3184 4930 3217 4998 ἠ
3253 4925 3388 4998 μέθη
3418 4927 3625 4982 τίκτειν
3660 4929 3786 4981 εἴω-

2129 5012 2241 5068 θεν.
2274 5015 2338 5068 Εί
2365 5014 2421 5069 δέ
2449 5017 2522 5088 μὴ
2555 5017 2808 5087 βούλεσθε
2826 5016 2913 5070 διὰ
2942 5017 3114 5070 ταῦτα
3130 5015 3176 5047 ⁸⁸
3207 5013 3630 5085 ἀπέχεσθαι,διά
3653 5013 3786 5082 γοῦν

2126 5100 2226 5166 τάς
2259 5102 2496 5174 ἀθυμίας
2529 5103 2630 5166 τάς
2673 5103 2732 5170 ἐξ
2776 5103 2941 5158 αὑτοῦ
2989 5103 3084 5157 καὶ
3125 5101 3224 5166 τὰς
3261 5102 3452 5172 ἀηδίας
3489 5100 3781 5171 ἀπέχεσθε.

2127 5177 2285 5245 Οἶνος
2329 5183 2440 5254 γάρ
2488 5183 2568 5246 εἰς
2619 5181 2771 5255 [585]
2807 5181 3144 5255 εὐφροσύνην
3195 5181 3386 5252 ἐδόθηο
3426 5176 3782 5257 Οἷνοςςγάρ,

444 5281 488 5351 'f
518 5277 810 5351 σινάπεως]
843 5277 968 5351 adq.
1014 5277 1195 5330 πίστιν
1321 5277 1442 5351 οὐδὲ
1466 5277 1541 5341 ὡς
1563 5295 1628 5351 κ.
1657 5293 1708 5336 σ,
1736 5277 1958 5351 ἔχοντας
1988 5279 2170 5351 πίστιν
2207 5278 2334 5351 Sav.
2413 5280 2456 5351 ’,ν
2489 5281 2754 5351 ἐνήγαγεν
2784 5280 2848 5336 G.
2883 5281 2951 5336 Μ.
2987 5281 3180 5351 ἐνῆγεν
3206 5277 3288 5351 Κ.
3350 5278 3392 5310 ⁸⁸
3417 5275 3595 5351 γένος]
3642 5273 3785 5351 εἶδος
3821 5315 3825 5318 .

372 5349 436 5408 Κ.
459 5349 523 5406 L.
555 5348 626 5404 M.
659 5347 890 5418 liﬂdsq.
923 5347 1054 5418 Poist
1071 5347 1301 5418 νηστείᾳ
1329 5347 1489 5416 vulgo
1513 5348 1719 5418 addugn
1742 5347 2025 5418 προσέθηκ

2134 5349 2297 5406 milia
2336 5349 2492 5404 meis.
2517 5347 2682 5406 In'l‘ra'
2700 5351 2842 5418 λέγω

1265 5365 1301 5420 ᾳ
1329 5365 1489 5416 vulgn
1513 5365 1719 5402 acaum.
1748 5365 2075 5420 προσευηκε,
2113 5365 2297 5406 limus
2336 5366 2492 5404 meis.
2517 5365 2662 5406 lnlra
2702 5365 2842 5418 λέγω
2877 5365 2974 5420 pro
3004 5365 3175 5416 λεγων
3208 5365 3406 5404 habent.
3439 5365 3500 5400 ιι.
3523 5365 3579 5401 ει
3606 5365 3686 5416 pr.
3712 5365 3778 5401 υ.

1282 5486 1294 5493 _
1337 5419 1384 5450 ’°
1411 5418 1481 5471 τά
1511 5433 1622 5493 οιη.
1647 5417 1724 5493 (ἶζ
1739 5417 1809 5493 M_.
1884 5419 1929 5449 “
1963 5419 2075 5493 Kal
2094 5419 2215 5493 _7&9_
2242 5419 2382 5493 φιλ.]
2427 5421 2547 5493 φιλ.
2578 5421 2695 5493 γάρ⁸
2899 5489 2912 5493 Α
2935 5419 3317 5493 Α”ῌῌΘΠΞΟΙῩ
3357 5417 3492 5493 ῌερξί
3527 5415 3782 5493 νηστείας

375 5423 420 5454 ”
441 5417 720 5491 εἴποι-τις]
771 5416 944 5491 εἴποις
1071 5416 1140 5470 Κ.
1171 5416 1242 5491 Μ.

2877 5365 2974 5420 pro
3003 5345 3175 5416 λέγων
3207 5349 3406 5420 habent
3432 5345 3500 5420 Κ.
3523 5345 3593 5401 εί
3606 5362 3686 5416 pr.
3701 5345 3778 5420 AG.

369 5491 467 5546 καὶ
497 5489 682 5561 εὐχῆς.
703 5485 819 5561 ’καῖ
867 5487 1009 5561 κατά
1051 5486 1446 5561 σπαταλώντῳν
1478 5489 1572 5561 καὶ
1631 5487 1977 5561 μεθυόντων.-
1995 5487 2029 5543 G

2134 5485 2402 5561 :_¢1_jma
2427 5489 2491 5544 L.
2565 5485 2615 5524 η
2647 5485 2697 5561 δ]
2733 5491 2863 5561 θεά.
2893 5489 2949 5544 δέ
2998 5489 3133 5561 Εάά.
3162 5485 3496 5561 νει-ιιξι-ὁμῂ
3527 5485 3781 5561 φιλοχρή-

451 5578 541 5626 τος
563 5556 768 5615 'désunt
796 5559 850 5612 in
871 5559 1028 5613 codd.
1062 5565 1257 5627 prater
1285 5557 1346 5612 L.
1374 5556 1640 5627 Sequitur
1659 5557 1752 5610 καὶ
1781 5557 1913 5629 πρὸς
1937 5557 2016 5613 ἐλ.

370 5579 456 5686 ti:
481 5629 543 5686 L.
618 5629 666 5661 "
686 5627 900 5682 ἀσθενεῖ
928 5627 992 5683 G.
1024 5626 1089 5682 K.
1113 5642 1167 5686 ι).
1196 5642 1250 5686 ι).
1276 5626 1418 5680 ὥστε
1449 5626 1524 5686 μὴ
1555 5627 1838 5686 νηστεύειν
1884 5626 1956 5683 Μ.
1983 5638 2029 5684 el

2134 5556 2350 5614 Ε.’ἀλλά
2388 5561 2524 5630 πρὸς
2539 5561 2623 5614 ὲλ.

2134 5645 2218 5683 ιη’.
2247 5629 2312 5685 Κ.
2412 5633 2458 5662 ’⁸
2489 5649 2623 5686 κατα

408 5633 456 5687 is
481 5629 543 5686 L.
618 5629 666 5661 "
686 5627 900 5682 ἀσθενεῖ
928 5627 992 5683 G.
1022 5626 1089 5698 Κ.
1113 5642 1167 5696 p.
1196 5642 1250 5696 p.
1276 5626 1418 5698 ὥστε
1449 5626 1524 5698 μὴ
1555 5626 1857 5698 νηστεύειν
1880 5626 1956 5698 Μ.
1983 5638 2029 5684 el

2134 5645 2218 5683 ιη’.
2247 5629 2312 5685 Κ.

1292 5695 1386 5749 εὑθ
1427 5694 1523 5750 ν’ίαξ
1564 5694 1729 5751 idem.
1763 5700 1806 5730 η
1871 5697 2029 5770 δελυρ

1292 5763 1355 5819 H.
1489 5751 1571 5819 ΡΙ.
1604 5768 1784 5821 caueri
1817 5697 2029 5822 ἐέεῶμε·

2134 5715 2242 5820 1ραν
2287 5701 2568 5822 πεοσίεται
2621 5720 2709 5772 τρ.
2737 5699 2799 5756 L.
2841 5700 3126 5770 V’ulgalum
3164 5694 3326 5753 hibet
3375 5694 3520 5750 Flor.
3556 5711 3610 5765 ι).
3653 5695 3777 5752 189.

2175 5769 2264 5822 dd.
2297 5789 2330 5822 κ
2373 5788 2400 5822 ν
2437 5771 2535 5822 μὲν
2569 5772 2828 5822 ὲλεῶιιεν.
2905 5770 2947 5802 ³¹
2982 5768 3154 5822 ῥῖνας]
3185 5768 3281 5822 τὴν
3313 5769 3456 5822 όῖνα.
3490 5764 3553 5821 L.
3591 5763 3662 5820 Μ.
3703 5763 3777 5821 De

371 5700 540 5756 invito
561 5699 660 5755 Ge.
733 5699 780 5731 ⁸⁸
809 5700 890 5752 ὅτι
919 5699 976 5750 ἐν
1017 5695 1078 5750 L.
1116 5695 1169 5765 ἰ).
1198 5695 1240 5766 ip

371 5751 675 5850 ζτὲὶιῆἀῇ.
702 5784 755 5838 p.
787 5769 890 5850 ξιτ
933 5767 1020 5850 ρ.)
1053 5845 1062 5850 Δ
1095 5751 1140 5800 ³³
1166 5751 1260 5850 _s_'i<_:
1289 5763 1355 5850 Ηζ
1399 5751 1571 5850 Lm:
1604 5768 1784 5850 οωιςτι

370 5835 719 5924 {sequentibus}
753 5839 857 5891 vid.
903 5835 1088 5892 adnot.
1164 5837 1210 5917 ζ’
1239 5836 1388 5900 ἐντός
1434 5836 1498 5892 G.
1525 5835 1591 5891 Il.
1687 5838 1732 5869 ³³
1759 5837 1854 5891 καὶ
1885 5837 1949 5891 ἀν

372 5908 1270 6032 Κθέῒῗὲἔῗντεδξοέεῆμίῦντῖῗῖἧῗ
1303 5904 1635 6031 (2326:2612.
1768 5908 1949 6030 ἓάρεὲο

372 5979 504 6051 Reg.
521 5976 654 6051 '6§8'.
742 5978 870 6051 ff”
894 5977 1050 6051 ήμῶν
1081 5977 1149 6031 Μ.
1176 5976 1258 6032 FI.

1531 5836 1591 5891 Il.
1687 5838 1732 5869 ³³
1759 5837 1854 5891 καὶ
1885 5836 2029 5907 ἀνδρε

1531 5947 1556 5986 ε
1582 5921 1635 5975 p.
1662 5906 1732 5987 τά
1768 5908 1916 5987 όςρει
1955 5908 2029 5987 in_

2134 5837 2174 5894 Ι.
2272 5841 2319 5873 ³⁸
2343 5836 2782 5912 περιφερομένης
2835 5838 2899 5894 G.
2931 5836 2996 5895 HI
3033 5836 3334 5910 φερομένου
3383 5836 3530 5890 Flor.
3571 5836 3775 5906 p.191.

2134 5909 2198 5987 d_._
2261 5911 2310 5987 ξζ
2338 5909 2467 5987 qut
2490 5913 2612 5987 ,ἕως
2633 5912 2883 5966 voculam
2935 5911 3001 5987 ἄν
3032 5909 3228 5987 (Ieleyi,
3265 5907 3579 5987 aucLobeus
3621 5904 3682 5959 L.
3721 5915 3778 5960 et

1335 5976 1630 6054 f°_tozaﬁya_
1661 5976 1726 6031 G.
1772 5977 1841 6030 τά
1884 5976 2029 6054 τοιαῐ

2153 5976 2219 6037 ll.
2249 5980 2510 6054 ἀθυμίας]
2543 5981 2633 6038 Sic
2661 5996 2853 6038 omnes
2894 5983 3021 6038 mei.
3051 5978 3347 6050 ἐπιθυμίας
3368 5977 3504 6034 Edd.
3534 5991 3770 6033 consen-

372 6045 536 6107 tiel'ue
568 6048 699 6112 Reg.
732 6047 854 6104 688.
894 6045 1017 6103 Ilicc
1051 6048 1351 6117 permulam
1379 6047 1492 6116 jam
1522 6047 1760 6104 vidimus
1801 6061 1852 6118 ι).
1882 6045 1987 6104 244
2015 6047 2080 6102 Α.
2357 6045 2370 6054 “
2470 6045 2510 6054 ⁷·
3015 6083 3018 6087 ,

2707 5599 2722 5612 .
2749 5560 2883 5614 ἀλλὰ
2909 5561 3002 5614 καὶ
3041 5559 3178 5622 πρὸς
3201 5558 3281 5612 ἐλ.
3311 5557 3379 5612 Μ.
3426 5555 3432 5556 ί
3456 5555 3502 5588 ’⁸
3533 5555 3624 5608 τὸν
3647 5555 3782 5608 Θεὸν

2412 5623 2458 5662 ’³
2489 5623 2838 5700 καταπαῦσαι
2878 5629 2948 5684 Μ.
3050 5623 3098 5662 ³¹¹
3125 5627 3327 5700 ἀνῆψεν
3363 5641 3474 5700 qm.
3517 5623 3582 5679 Κ.
3612 5623 3777 5700 μμ.

2175 5763 2400 5842 ιιάηκάν
2436 5771 2535 5841 μὲν
2569 5763 2872 5842 ἐλεῶμεν.ᾼ
2905 5763 3154 5842 ’ξῖρῖναῄ
3185 5768 3281 5842 τῂν
3312 5769 3456 5842 ρῖκρ.
3490 5763 3571 5821 Lf
3591 5763 3781 5842 nullo

2272 5841 2319 5912 ,“
2342 5834 2782 5912 Ῑτεριφερομένης
2835 5838 2899 5894 G.
2931 5834 2996 5912 III
3033 5834 3334 5912 φερομένου
3383 5835 3530 5912 Flgr.
3571 5834 3775 5912 p._I9I.
