4140 6376
347 368 451 425 585

343 486 701 556 cupiscentias
728 494 784 541 et
826 499 1050 539 nauseas
1090 484 1373 540 abstinete.
1432 486 1621 540 Vinum
1666 487 1809 542 enim
1857 489 1923 542 ad

338 578 583 633 laetitiam
614 576 794 631 datum
826 587 937 641 est;
977 575 1159 629 Vinum
1180 578 1320 630 enim
1353 577 1574 646 thi/icat
1597 593 1684 631 cor
1709 579 1924 633 hominis

340 671 515 740 (Psat.
541 669 665 725 105.
699 670 812 739 15),
841 685 1002 739 quam
1026 669 1141 740 ejus
1179 670 1427 725 virtutem
1456 684 1549 724 vos
1574 670 1921 727 labefactatis.

338 765 467 830 Quae
496 762 637 815 enim
681 761 863 815 laetitia
888 761 1022 829 ejus,
1050 762 1138 831 qui
1173 777 1277 814 non
1306 770 1387 816 est
1413 760 1464 814 in
1500 764 1696 831 seipso,
1726 772 1779 817 et
1799 777 1924 817 sex-

337 854 509 908 centis
548 853 815 908 cruciatur
834 854 1135 919 doloribus,
1163 854 1341 908 omnia
1367 852 1565 907 circum
1596 853 1723 908 ferri
1751 854 1918 919 videt,

336 944 669 1014 caligineque
709 952 1020 1013 occupatur,
1052 944 1141 1013 qui
1172 953 1342 1013 egeat,
1375 944 1598 1012 perinde
1637 952 1796 1015 atque
1836 941 1919 1000 fe-

335 1037 664 1103 bricitantes,
706 1044 765 1091 ut
810 1046 968 1107 caput
996 1037 1163 1105 ipsius
1206 1035 1327 1090 oleo
1364 1034 1746 1105 perfundatur?
1795 1034 1921 1091 [lato

334 1145 440 1183 non
484 1129 734 1184 omnibus
778 1128 916 1183 dicta
957 1143 1077 1183 esse
1124 1128 1447 1194 velim,imo
1491 1127 1737 1182 omnibus
1768 1145 1781 1180 :
1812 1143 1917 1181 non

332 1220 474 1290 quod
520 1236 708 1275 omnes
758 1221 1091 1277 inebricntur
1119 1238 1132 1274 :
1163 1221 1335 1286 absit;
1368 1220 1460 1275 sed
1495 1222 1615 1291 quia
1645 1220 1915 1275 ebriorum

333 1313 389 1374 ii,
417 1313 504 1381 qui
534 1313 667 1368 ebrii
697 1328 802 1367 non
826 1321 970 1374 sunt,
994 1328 1175 1367 curam
1207 1328 1311 1366 non
1339 1312 1557 1366 habent.
1586 1310 1790 1367 Idcirco
1814 1326 1912 1366 vos

333 1406 507 1473 potius
554 1406 814 1474 alloquor,
864 1406 953 1475 qui
985 1405 1147 1459 sobrii
1177 1404 1348 1460 estis:
1383 1420 1503 1458 nam
1548 1413 1602 1459 et
1645 1404 1909 1470 medicus,

332 1500 546 1567 aegrotis
573 1498 808 1561 omissis,
838 1498 956 1553 illos
984 1498 1072 1568 qui
1100 1498 1316 1567 aegrotis
1339 1498 1575 1552 assident
1603 1497 1909 1566 alloquitur.

333 1591 438 1645 Vos
484 1592 658 1659 itaque
680 1606 869 1660 precor
894 1601 947 1646 et
972 1606 1087 1654 oro,
1116 1606 1181 1645 ne
1203 1606 1451 1660 umquam
1483 1588 1584 1644 hoc
1606 1589 1793 1643 morbo
1818 1604 1909 1644 ea-

330 1686 570 1755 piamini,
597 1698 797 1755 eosque
820 1688 909 1753 qui
942 1684 1030 1737 illo
1047 1683 1276 1753 correpti
1304 1692 1446 1747 sunt,
1475 1681 1701 1736 sollicite
1720 1696 1910 1736 eruere

326 1778 544 1843 curetis,
562 1792 628 1831 ne
639 1776 807 1830 brutis
818 1776 1031 1847 pejores
1046 1775 1347 1829 videantur.
1370 1774 1457 1827 Illa
1476 1773 1616 1827 enim
1640 1771 1767 1826 nihil
1792 1773 1909 1842 plus

325 1884 483 1939 quam
514 1884 648 1939 opus
675 1878 758 1924 est
775 1877 1021 1938 quaarunt
1041 1885 1061 1934 -,
1084 1868 1139 1922 hi
1166 1883 1293 1922 vero
1312 1867 1412 1921 illis
1436 1864 1907 1927 irrationabiliores

324 1970 467 2025 sunt,
500 1962 589 2031 qui
631 1962 1010 2017 moderationis
1061 1961 1317 2018 terminos
1371 1958 1652 2015 excedunt.
1698 1958 1907 2027 Quanto

321 2054 464 2108 enim
491 2054 680 2109 melior
704 2056 886 2109 asinus
912 2054 1125 2109 ebrioso
1174 2053 1296 2108 est?
1338 2061 1537 2123 quanto
1581 2051 1769 2105 melior
1808 2066 1901 2105 ca-

321 2146 437 2199 nis?
465 2145 594 2200 Nam
624 2146 737 2200 hcce
759 2146 1028 2209 animalia,
1055 2155 1352 2215 creteraque
1378 2143 1554 2197 omnia
1575 2183 1589 2209 ,
1619 2157 1713 2197 seu
1755 2157 1906 2197 com-

320 2238 500 2301 edant,
528 2253 619 2294 seu
647 2238 846 2305 bibant,
872 2238 1153 2293 terminum
1173 2246 1386 2302 norunt,
1406 2250 1576 2305 neque
1594 2235 1728 2289 ultra
1744 2248 1903 2304 quam

318 2332 448 2383 satis
476 2340 557 2384 est
601 2329 894 2401 procedunt
927 2348 940 2383 :
969 2329 1175 2384 etiamsi
1206 2329 1347 2387 enim
1394 2326 1630 2387 sexcenti
1662 2325 1904 2385 homines

317 2433 592 2491 cogerent,
635 2438 739 2475 non
770 2421 1038 2477 excedent
1082 2436 1354 2491 umquam.
1408 2419 1519 2474 Hac
1562 2433 1690 2488 ergo
1744 2418 1795 2472 in
1844 2433 1903 2473 re

321 2514 490 2569 brutis
545 2515 839 2570 deteriores
894 2515 1190 2580 estis;non
1239 2513 1377 2583 apud
1405 2514 1600 2569 mentis
1627 2522 1903 2583 compotes

316 2607 521 2670 solum;
553 2606 646 2662 sed
700 2606 857 2661 etiam
904 2606 1044 2676 apud
1101 2620 1196 2661 vos
1246 2605 1409 2674 ipsos.
1456 2602 1607 2670 Quod
1638 2604 1779 2657 enim
1809 2617 1903 2659 vos

314 2698 535 2754 canibus
561 2707 614 2755 et
639 2699 805 2754 asinis
830 2698 1128 2755 deteriores
1153 2698 1407 2767 judicetis
1434 2696 1557 2751 hinc
1585 2696 1758 2767 palam
1791 2707 1895 2762 est,

315 2790 454 2859 quod
502 2791 749 2849 animalia
789 2790 935 2846 istaec
978 2805 1265 2858 numquam
1307 2802 1467 2859 cogas
1503 2788 1635 2843 ultra
1684 2786 1898 2843 modum

314 2882 491 2943 cibum
521 2896 732 2937 sumere
757 2899 771 2948 ;
795 2890 850 2936 et
879 2882 924 2937 si
947 2881 1066 2952 quis
1103 2881 1195 2935 tibi
1235 2879 1451 2947 dixerit,
1472 2879 1589 2934 ‘C‘ur
1627 2878 1774 2933 hoc?
1819 2878 1899 2933 Ne

313 2970 501 3027 laedam
532 2974 620 3027 illa
647 3013 661 3036 ,
692 2972 898 3043 inquies
933 2990 946 3027 :
978 2972 1070 3027 tibi
1096 2986 1224 3026 vero
1254 2985 1360 3023 non
1392 2969 1504 3039 pari
1536 2968 1740 3023 ratione
1777 2982 1899 3037 pro-

312 3064 486 3120 vides.
534 3063 625 3120 Sic
675 3073 727 3119 te
774 3064 879 3119 illis
925 3063 1164 3119 viliorem
1192 3077 1313 3117 esse
1358 3071 1531 3131 putas.
1566 3070 1719 3129 teque
1743 3060 1897 3119 hisce

298 3156 561 3215 ﬂuctibus
588 3157 838 3227 agitatum
871 3156 1109 3226 negligis.
1162 3154 1295 3209 Nam
1341 3169 1445 3207 non
1489 3151 1647 3206 modo
1677 3166 1775 3221 qua
1808 3150 1895 3206 die

310 3249 491 3302 ebrius
518 3263 597 3313 es,
628 3248 824 3303 damno
873 3248 1121 3312 afficeris,
1151 3247 1244 3303 sed
1296 3245 1597 3315 insequenti
1645 3259 1890 3314 quoque;

310 3353 373 3392 ac
392 3339 525 3394 sicut
547 3348 786 3393 cessante
812 3338 979 3403 febre,
1008 3346 1187 3392 manet
1209 3346 1385 3391 tamen
1416 3336 1657 3405 quaedam
1675 3351 1739 3390 ex
1760 3332 1893 3390 febri

310 3429 569 3499 a‘gritudo
613 3448 626 3484 :
675 3431 753 3485 sic
792 3445 1013 3486 excussa
1059 3429 1337 3492 ebrietate,
1384 3427 1656 3482 ﬂuctuatio
1714 3435 1891 3480 tamen

312 3521 554 3590 qtuedam
595 3531 761 3578 restat
789 3532 843 3577 et
870 3525 920 3576 in
951 3522 1131 3575 animo
1168 3520 1305 3575 etin
1356 3518 1890 3595 corpore;miserum

1300 371 1370 425 IN
1408 368 1808 431 MATTIIIEUM
1849 367 2075 432 IIOIIIL.
2113 376 2297 435 LVIII.
2336 382 2406 437 al.
2449 380 2578 441 LIX.

2032 506 2226 561 corpus
2250 493 2391 562 jacet
2429 498 2747 566 resolutum,
2779 511 2835 557 ut
2874 512 2997 572 post
3048 503 3378 576 naufragium
3408 512 3557 567 navis
3592 529 3607 565 :

2031 597 2258 649 corpore
2286 587 2530 643 miserior
2549 591 2744 655 anima,
2770 593 2950 660 etiam,
2980 595 3213 651 resoluto
3254 598 3367 665 illo,
3399 608 3607 673 tempe-

2030 686 2222 736 statem
2254 681 2467 747 excitat,
2499 690 2555 738 et
2577 684 2917 754 cupiditatem
2942 687 3204 756 incendit;
3230 705 3294 747 ac
3313 705 3434 748 cum
3456 695 3605 751 vide-

2033 780 2117 822 tur
2144 783 2353 838 sapere,
2380 781 2511 829 tunc.
2531 775 2760 829 maxime
2782 777 2995 855 insanit,
3029 779 3232 850 vinum,
3256 783 3423 857 dolia,
3454 786 3609 857 phia-

2022 857 2124 925 las,
2151 870 2388 917 crateras
2412 863 2465 918 in
2490 864 2864 937 imaginatione
2908 885 3127 927 versans
3169 892 3184 930 :
3214 882 3269 930 et
3300 875 3439 933 sicut
3488 888 3609 949 post

2024 958 2391 1021 tempestatem
2435 968 2615 1012 manet
2644 958 2814 1029 ipsum
2847 964 3179 1032 tempestatis
3198 964 3455 1031 damnum
3487 986 3500 1025 :
3532 972 3606 1028 ita

1996 1052 2076 1109 et
2119 1054 2240 1114 post
2290 1047 2602 1106 ebrietatem
2634 1066 2647 1102 :
2677 1065 2741 1106 ac
2780 1053 3228 1121 quemadmodum
3261 1058 3369 1115 illic
3397 1076 3605 1119 merces

2014 1134 2402 1204 jactantur,sic
2452 1140 2504 1195 in
2562 1140 2821 1199 ebrietate
2849 1144 3059 1214 jactura
3101 1149 3162 1209 tit
3185 1152 3420 1209 omnium
3465 1167 3605 1225 pene

2016 1226 2298 1284 honorum.
2329 1229 2385 1286 Si
2407 1232 2783 1290 continentiam
2809 1237 3089 1305 invenerit,
3106 1242 3149 1295 si
3173 1242 3451 1312 pudorem,
3472 1263 3602 1316 pru-

2016 1316 2272 1387 dentiam,
2303 1323 2628 1392 aequitatem,
2650 1324 3001 1383 humilitatem
3023 1368 3041 1396 ,
3066 1330 3244 1387 omnia
3274 1334 3329 1389 in
3381 1336 3602 1409 pelagus

2016 1415 2307 1486 iniquitatis
2326 1420 2533 1491 projicit
2548 1423 2797 1488 ebrietas.
2826 1426 3020 1483 Verum
3035 1445 3128 1496 ea,
3147 1447 3266 1501 qua:
3283 1448 3600 1507 sequuntur,

1990 1522 2118 1561 .non
2148 1518 2271 1565 sunt
2301 1511 2513 1567 similia.
2549 1512 2619 1567 lbi
2649 1516 2791 1570 enim
2823 1527 2941 1585 post
2955 1520 3125 1587 ejecta
3146 1536 3309 1583 onera
3330 1526 3487 1587 navis
3518 1529 3599 1583 le-

2010 1600 2127 1652 vior
2149 1609 2202 1654 et
2227 1602 2467 1669 expedita
2491 1603 2762 1672 redditur;
2797 1606 2886 1667 hic
2908 1624 3045 1663 vero.
3062 1614 3235 1684 magis
3258 1627 3595 1686 aggravatur.

2010 1689 2142 1747 Nam
2173 1692 2290 1747 loco
2317 1694 2620 1750 divitiarum
2636 1712 2861 1753 arenam
2880 1700 3065 1771 recipit
3082 1712 3137 1757 et
3162 1720 3354 1776 aquam
3376 1708 3593 1775 salsam,

2012 1791 2282 1854 totamque
2302 1786 2577 1845 ebrietatis
2599 1789 2907 1858 colluviem,
2936 1807 3053 1863 qua:
3074 1795 3250 1851 navim
3271 1813 3392 1861 cum
3411 1810 3594 1856 vecto-

2009 1878 2159 1933 ribus
2186 1887 2240 1933 et
2263 1880 2621 1950 gubernatore
2648 1885 2756 1939 cito
2784 1885 3117 1957 demergunt.
3172 1889 3253 1945 Ne
3302 1892 3459 1963 igitur
3511 1894 3594 1950 bis

2009 1970 2160 2025 malis
2205 1971 2556 2039 involvamur,
2607 1974 2705 2030 liae
2755 1992 2853 2033 nos
2908 1986 3221 2050 tempestate
3268 1983 3579 2043 liberemur.

2008 2059 2266 2118 Ebriosus
2301 2078 2585 2135 numquam
2618 2077 2793 2136 potest
2826 2085 3047 2141 regnum
3092 2073 3347 2130 ctelorum
3380 2076 3584 2135 videre.

2008 2150 2185 2209 Noiite
2212 2172 2399 2221 errare,
2422 2157 2890 2228 inquitApostolus
2915 2177 2930 2226 ;
2959 2178 3048 2216 nec
3076 2163 3275 2230 ebriosi,
3295 2182 3384 2220 nec
3413 2169 3582 2223 convi-

1976 2294 1979 2301 ,
2005 2247 2217 2303 ciatores
2255 2266 2464 2320 regnum
2508 2249 2746 2305 cwlorum
2772 2253 3165 2317 ,Itwreditaltuut
3191 2259 3268 2328 (1.
3299 2258 3417 2315 Cor.
3448 2261 3500 2317 6.
3530 2261 3587 2317 9.

2008 2338 2118 2409 19).
2147 2338 2214 2393 Et
2238 2340 2365 2408 quid
2389 2339 2530 2407 dico,
2569 2357 2789 2412 regnum
2801 2345 3102 2411 caelorum?
3122 2347 3246 2407 Post
3269 2349 3585 2413 ebrietatem

2005 2432 2147 2486 enim
2180 2446 2248 2487 ne
2268 2434 2555 2502 praesentia
2573 2434 2786 2504 quidem
2812 2435 2993 2493 videre
3025 2453 3336 2507 possumus:
3356 2440 3590 2499 ebrietas

2004 2525 2199 2595 quippe
2227 2524 2381 2583 nobis
2400 2523 2523 2579 dies
2567 2526 2620 2580 in
2667 2536 2851 2583 noctes
2875 2530 3056 2592 vertit,
3077 2539 3133 2587 et
3160 2531 3331 2587 lucem
3361 2534 3414 2588 iu
3434 2544 3590 2590 teue-

2003 2614 2168 2680 bras;
2195 2616 2393 2684 apertis
2438 2617 2609 2671 oculis
2638 2617 2792 2683 ebrii,
2820 2634 2887 2674 ne
2912 2620 2999 2675 illa
3021 2636 3139 2690 qua:
3174 2622 3242 2678 ad
3260 2623 3436 2694 ,pedes
3462 2634 3590 2682 sinit

1999 2721 2223 2763 cernere
2248 2716 2492 2777 possunt.
2522 2709 2706 2780 Neque
2728 2710 2780 2766 id
2808 2712 2977 2768 solum
3005 2714 3129 2769 mali
3144 2717 3289 2786 parit
3314 2718 3581 2785 ebrietas;

1974 2800 2098 2854 sed
2130 2811 2309 2869 postea
2358 2800 2435 2857 illi
2475 2802 2747 2871 graviores
2775 2802 2926 2857 luunt
2950 2818 3161 2871 pinnas,
3190 2822 3453 2869 maerores
3496 2824 3587 2864 ra-

2004 2893 2146 2946 tione
2166 2906 2384 2955 vacuos.
2416 2892 2674 2960 furorem,
2702 2895 3093 2967 aegritudinem,
3122 2897 3438 2971 ridiculique
3462 2916 3588 2956 eva-

1970 2982 2136 3039 .dunt
2162 2984 2463 3055 opprobriis
2499 3000 2718 3057 semper
2765 2989 3015 3059 expositi.
3073 2988 3204 3057 Quae
3247 2992 3398 3047 venia
3427 2992 3587 3063 igitur

1970 3126 1975 3129 .
2001 3076 2090 3140 iis,
2117 3077 2212 3148 qui
2237 3077 2395 3132 tantis
2412 3092 2535 3133 sese
2558 3079 2711 3135 malis
2733 3080 3009 3136 obruunt?
3038 3080 3398 3152 Nullaplane.
3426 3083 3582 3141 Hunc

1968 3208 1971 3215 ς
2000 3184 2126 3241 ergo
2152 3168 2395 3225 morbum
2419 3169 2700 3241 fugiamus,
2720 3180 2779 3227 ut
2797 3181 2851 3227 et
2870 3174 3152 3242 praesentia
3173 3184 3228 3231 et
3241 3173 3415 3237 futura
3442 3177 3582 3235 bona

1999 3278 2414 3333 consequamur,
2456 3264 2630 3334 gratia
2670 3274 2725 3320 et
2772 3266 3098 3337 benignitate
3152 3266 3361 3327 Domini
3410 3269 3583 3326 nostri

1996 3355 2123 3412 Jesu
2167 3355 2388 3418 Christi.
2413 3357 2499 3411 cui
2537 3357 2706 3428 gloria
2733 3366 2789 3413 et
2832 3358 3111 3430 imperium
3164 3374 3288 3417 eum
3333 3361 3490 3423 Patre
3520 3372 3585 3420 et

1968 3447 2198 3518 Spiritu
2222 3457 2407 3504 sancto
2434 3448 2488 3503 in
2515 3449 2712 3505 stecula
2736 3451 3083 3509 saeculorum.
3105 3451 3297 3513 Amen.

1117 3657 3562 3683 HW

1459 3724 1805 3789 HOMILIA
1846 3720 2055 3786 LVIII.
2089 3725 2175 3787 al.
2236 3721 2397 3786 LIX.

307 3881 436 3935 Car.
468 3881 553 3934 17.
588 3896 640 3935 v.
676 3879 766 3933 21.
808 3877 1128 3932 Versantibus
1162 3876 1263 3929 illis
1288 3874 1341 3927 in
1374 3873 1610 3936 Galilwa,
1648 3872 1776 3925 dixit
1818 3870 1889 3924 eis

378 3972 525 4026 Iesus
558 3988 575 4026 :
610 3971 906 4026 Tradendus
948 3979 1019 4023 est
1062 3968 1228 4021 Filius
1258 3966 1473 4020 hominis
1511 3966 1562 4018 in
1590 3980 1771 4017 manus
1797 3963 1889 4016 Ito-

382 4067 595 4131 minum,
619 4063 708 4117 ‘22.
737 4075 781 4116 et
820 4062 1045 4115 occident
1084 4076 1219 4126 eum,
1252 4068 1298 4112 et
1329 4059 1474 4112 tertia
1518 4057 1600 4109 die
1641 4064 1882 4126 resurget.

385 4157 449 4211 Et
471 4157 751 4211 contristati
777 4166 894 4209 sunt
920 4154 1088 4208 ualde.

384 4252 434 4304 1.
475 4250 549 4304 Ne
574 4249 810 4304 dicereut
837 4290 851 4315 ,
880 4247 986 4301 Cur
1014 4256 1160 4301 tanto
1191 4254 1432 4314 tempore
1462 4243 1548 4299 hic
1576 4241 1887 4298 versamur?

307 4357 495 4396 rursus
533 4342 598 4395 de
625 4342 869 4411 passione
901 4340 1028 4408 ipsis
1074 4337 1305 4406 loquitur
1334 4352 1347 4388 :
1383 4336 1575 4406 quibus
1604 4334 1795 4389 auditis
1822 4348 1889 4388 ne

310 4434 486 4489 videre
511 4434 723 4503 quidem
749 4432 1079 4501 Jerosolyma
1124 4430 1387 4485 volebant.
1422 4428 1554 4483 Vide
1600 4442 1728 4497 ergo
1753 4441 1887 4496 quo—

308 4530 489 4592 modo,
518 4537 798 4597 postquam
826 4526 1014 4579 Petrus
1043 4525 1347 4593 increpatus
1385 4524 1578 4584 fuerat,
1605 4530 1886 4591 postquam

305 4625 516 4695 Moyses
557 4632 611 4675 et
637 4622 813 4683 Elias,
855 4620 922 4673 de
946 4620 1030 4673 illa
1061 4635 1118 4672 re
1144 4618 1451 4687 colloquuti,
1480 4615 1702 4686 gloriam
1742 4613 1887 4667 illam

308 4714 722 4783 appellaverant,
746 4722 1020 4781 postquam
1053 4710 1203 4764 Pater
1229 4724 1459 4778 superne
1484 4722 1669 4761 vocem
1696 4705 1891 4760 emise-

311 4818 411 4871 rat,
438 4815 623 4873 totque
648 4805 795 4873 signa
827 4802 961 4856 facta
1000 4801 1230 4864 fuerant,
1261 4815 1381 4854 cum
1422 4798 1528 4868 jam
1566 4795 1889 4851 resurrectio

308 4915 339 4953 e
390 4900 565 4953 vicino
610 4905 756 4951 esset
798 4897 928 4965 (non
967 4895 1111 4950 enim
1161 4902 1401 4947 mortuus
1442 4893 1601 4961 longo
1650 4901 1889 4959 tempore

309 5005 613 5055 mansurus,
641 4988 733 5044 scd
765 4997 885 5057 post
912 4986 1142 5041 triduum
1170 4993 1568 5039 resurrecturus
1590 4980 1759 5049 erat),
1790 4995 1887 5035 ne-

308 5100 409 5153 quc
439 5085 517 5137 sic
557 5081 686 5137 illud
725 5080 864 5136 ferre
910 5088 1226 5149 potuerunt,
1256 5076 1351 5132 sed
1404 5073 1697 5130 Contristati
1735 5082 1888 5137 sunt;

308 5194 417 5233 non
445 5178 661 5249 quidem
696 5175 1061 5240 mediocriter,
1099 5173 1206 5226 imo
1241 5170 1402 5224 Valde
1426 5169 1721 5224 contristati
1749 5186 1761 5221 :
1794 5166 1890 5221 id-

308 5285 412 5339 que
430 5271 554 5340 quia
583 5268 845 5327 dictorum
882 5267 986 5319 vim
1016 5263 1347 5334 ignorabant.
1382 5261 1436 5315 ld
1458 5276 1583 5314 vero
1602 5258 1808 5313 Marcus
1835 5265 1889 5311 et

311 5361 481 5416 Lucas
536 5360 901 5422 subindicant;
946 5356 1035 5411 ille
1085 5370 1203 5410 eum
1245 5354 1338 5417 ait,
1370 5354 1511 5421 ipsos
1543 5351 1641 5405 hoc
1669 5349 1886 5403 verbum

312 5452 603 5522 ignorasse,
627 5464 796 5519 neque
816 5461 974 5502 ausos
992 5445 1155 5501 fuisse
1173 5444 1318 5499 illum
1340 5443 1667 5511 interrogare
1696 5438 1885 5510 (Marc.

311 5554 367 5609 9.
396 5554 523 5623 3|);
554 5553 637 5607 hic
662 5565 790 5604 vero
818 5547 1021 5610 dicens,
1053 5545 1104 5600 id
1131 5541 1496 5598 absconditum
1518 5539 1585 5593 ab
1607 5537 1687 5593 eis
1702 5535 1885 5600 fuisse,

312 5662 378 5700 ne
404 5646 663 5702 sentirent
684 5641 831 5712 (Luc.
857 5641 912 5696 9.
936 5640 1066 5709 4'3);
1102 5651 1200 5691 nec
1228 5649 1387 5689 ausos
1407 5647 1525 5688 esse
1545 5631 1693 5685 illum
1720 5630 1887 5683 inter-

311 5753 497 5807 rogare
542 5739 683 5793 circa
738 5735 838 5789 hoe
890 5732 1131 5788 verbum.
1180 5728 1337 5797 Atqui
1366 5727 1410 5780 si
1438 5723 1767 5795 ignorabant.
1791 5736 1888 5777 cur

308 5829 794 5885 Contristabantnr?
819 5826 949 5893 Quia
969 5841 1071 5879 non
1088 5822 1264 5877 omnia
1287 5818 1620 5888 ignorabant,
1644 5814 1882 5871 sciebant

639 5937 910 5994 I’ATltOL.
966 5938 1079 5998 Gn.
1135 5935 1346 5998 L'i’lll.

1995 3872 2136 3927 enim
2169 3871 2341 3942 ipsum
2370 3872 2685 3928 moriturum
2707 3886 2846 3936 esse,
2878 3884 2933 3929 ttt
2956 3889 3099 3945 smpe
3120 3872 3421 3945 audierant.
3448 3877 3580 3947 ρυω

1995 3974 2172 4021 autem
2199 3963 2339 4019 foret
2363 3981 2508 4020 mors
2553 3966 2882 4032 lmjusmodi;
2913 3968 3052 4038 quod
3080 3970 3188 4023 cito
3214 3970 3465 4026 solvenda
3492 3987 3581 4027 es-

1995 4066 2097 4121 set,
2120 4066 2175 4111 et
2208 4055 2346 4126 quod
2376 4055 2499 4110 hinc
2542 4056 2744 4110 infinita
2788 4056 2925 4111 bona
2961 4060 3406 4125 orirentur;_lt:cc
3437 4042 3578 4118 uou-

1995 4149 2121 4204 dum
2148 4150 2290 4204 clare
2319 4150 2556 4204 sciebant
2595 4168 2608 4203 :
2641 4164 2811 4220 neque
2841 4162 3097 4206 noverant
3138 4169 3258 4221 qum
3284 4152 3456 4208 futura
3487 4170 3574 4209 es-

1994 4250 2078 4297 set
2107 4242 2194 4295 illa
2223 4241 2565 4296 resurrectio.
2586 4237 2710 4297 Ideo
2735 4240 3023 4298 dolebant:
3047 4247 3244 4300 etenim
3267 4247 3575 4318 magistrum

1995 4332 2282 4389 admodum
2312 4332 2621 4401 diligebant.

2087 4423 2399 4479 Didrachma
2415 4424 2537 4495 quid
2556 4434 2703 4479 esset.
2721 4455 2790 4465 —
2807 4424 2898 4480 2⁵5.
2923 4426 3047 4481 Cum
3068 4439 3233 4482 autem
3256 4430 3499 4485 venissent
3524 4429 3579 4485 in

1996 4517 2338 4587 Capentaum,
2363 4527 2682 4570 accesserunt
2710 4517 2779 4570 ad
2806 4512 3015 4572 Petrum
3057 4521 3144 4590 qui
3168 4520 3466 4575 didi-ocima
3486 4537 3578 4575 ac-

1997 4608 2266 4679 cipiebant.
2296 4618 2341 4661 et
2371 4608 2605 4661 dixerunt
2647 4625 2667 4661 :
2698 4608 2967 4679 Jlngister
2988 4620 3148 4664 vester
3172 4628 3275 4666 non
3314 4611 3459 4666 solvit
3488 4610 3578 4665 di-

1996 4700 2237 4754 drachma
2258 4700 2282 4754 ?
2304 4699 2431 4767 Quae
2467 4710 2593 4753 sunt
2613 4699 2730 4755 luet:
2763 4694 3110 4754 Didracluna?
3131 4700 3358 4770 Quando
3376 4701 3578 4773 primo-

1992 4793 2169 4863 genita
2196 4788 2563 4862 Aigyptiorum
2597 4790 2863 4846 interfecit
2882 4792 3042 4853 Dens.
3075 4801 3201 4849 tunc
3230 4794 3424 4849 tribum
3448 4788 3580 4849 Levi

1995 4899 2095 4954 pro
2127 4884 2254 4952 ipsis
2284 4881 2528 4953 accepit(
2558 4881 2719 4936 Num.
2764 4882 2816 4938 5.
2848 4880 2937 4939 5‘9.
2969 4881 3039 4938 47
3073 4885 3112 4954 ).
3145 4884 3346 4940 Deinde
3374 4887 3497 4957 quia
3527 4885 3581 4942 in

1996 4979 2101 5033 hac
2128 4978 2267 5039 tribu
2294 4977 2470 5032 minor
2496 4976 2727 5044 capitum
2750 4987 3005 5032 numerus
3028 4986 3166 5045 erat,
3192 4988 3351 5049 quam
3378 4978 3581 5048 primo-

1995 5071 2296 5142 genitorum
2326 5068 2466 5139 apud
2510 5067 2725 5124 Iudaeos
2769 5076 2954 5137 esset,
2980 5082 3077 5137 pro
3102 5066 3475 5127 deﬁcientibus
3511 5066 3581 5126 ad

2000 5161 2351 5233 supplendum
2389 5175 2668 5215 numerum
2715 5161 2904 5216 siclum
2930 5160 3090 5231 jussit
3125 5160 3317 5221 deferri
3352 5177 3462 5219 :ex
3489 5162 3584 5219 illo

1997 5267 2175 5311 autem
2194 5264 2440 5325 tempore
2460 5268 2587 5309 mos
2626 5252 2869 5320 invaluit,
2889 5254 3325 5334 utprimoﬁmita
3359 5255 3459 5311 hoc
3490 5270 3584 5311 ve-

1991 5347 2149 5420 ctigal
2168 5346 2457 5402 solverent.
2507 5344 2638 5410 Quia
2688 5343 2849 5415 igitur
2903 5340 3147 5401 Christus
3192 5345 3585 5416 primogenitus

1991 5449 2188 5506 erat,et
2207 5440 2345 5495 inter
2369 5436 2658 5505 discipulos
2674 5436 2877 5506 primus
2900 5435 3177 5497 videbatur
3201 5451 3325 5491 esse
3354 5436 3575 5501 Petrus,

1992 5533 2056 5587 ad
2098 5532 2271 5601 ipsum
2294 5527 2578 5585 accedunt.
2614 5522 2751 5582 Puto
2774 5535 2952 5582 autem
2982 5568 2996 5588 ,
3040 5526 3091 5581 id
3120 5526 3243 5582 illos
3271 5525 3324 5580 in
3352 5526 3581 5597 singuli!

1992 5625 2208 5681 urbibus
2227 5622 2468 5692 exegisse
2495 5639 2509 5676 :
2538 5627 2861 5691 quapropter
2887 5620 2938 5685 in
2962 5620 3131 5689 patria
3164 5619 3412 5683 adierunt
3428 5635 3577 5686 eum,

1991 5733 2111 5786 qua:
2148 5715 2321 5786 patria
2346 5713 2683 5784 Capernaum
2709 5711 2995 5782 putabatur
3021 5726 3160 5768 esse.
3203 5710 3379 5779 Ipsum
3411 5724 3581 5781 porro

1993 5810 2139 5865 adire
2169 5824 2272 5865 non
2302 5807 2416 5864 ausi
2439 5848 2457 5877 ,
2494 5807 2708 5864 Petrum
2736 5808 3059 5863 conveniunt
3082 5848 3097 5869 .
3127 5820 3228 5861 nee
3246 5820 3369 5860 cum
3401 5804 3573 5860 velte~

3217 5911 3253 5969 7
