4140 6376
563 415 676 471 ’567

581 533 793 592 mentia,
824 527 914 581 sed
940 525 1260 580 moderatius
1293 539 1305 573 :
1338 537 1510 590 neque
1533 520 1673 573 enim
1704 526 1758 570 ιιι
1785 517 2145 578 criminantes,

581 625 669 678 Sed
720 633 777 675 ut
826 609 1214 686 interi'ogantes
1257 613 1505 667 dixerunt.
1547 608 1833 678 :Magister
1868 617 2024 660 vester
2052 621 2151 656 non

595 715 732 767 :olrit
759 708 1095 765 didraclima?
1120 707 1234 761 Non
1259 705 1400 759 enim
1428 703 1602 756 adhuc
1627 702 1694 755 dc
1734 700 1824 754 illo
1853 708 2020 767 utpar
2039 706 2153 751 erat

587 805 885 862 sentiebant
907 843 922 866 ,
954 800 1047 854 sed
1081 799 1348 852 hominem
1376 811 1495 850 esse
1524 794 1817 863 putabant,
1846 791 1971 844 licet
2001 790 2150 843 illum

584 901 636 952 in
664 899 865 952 honore
887 894 1148 948 haberem
1175 890 1243 944 ob
1284 897 1487 958 patrata
1513 886 1683 954 signa.
1711 884 1845 949 Quid
1881 884 2036 952 igitur
2056 883 2154 936 Pe-

582 989 734 1044 trus?
761 987 851 1042 24.
878 984 1077 1054 Utique.
1109 982 1183 1035 ait
1215 999 1227 1034 :
1261 981 1365 1033 illis
1389 978 1602 1049 quidem
1631 977 1782 1040 dixit,
1817 976 1984 1044 ipsum
2006 975 2152 1029 solu-

583 1094 756 1134 turum
783 1091 921 1142 esse,
943 1075 1040 1144 ipsi
1069 1087 1196 1128 vero
1226 1086 1329 1125 non
1357 1068 1507 1134 dixit,
1531 1067 1669 1136 quod
1699 1066 1933 1119 fortassis
1960 1071 2156 1119 erube-

582 1179 754 1223 sceret
785 1167 853 1221 de
877 1165 1072 1220 talibus
1107 1163 1276 1231 ipsum
1305 1160 1520 1228 alloqui.
1554 1156 1678 1210 Ideo
1707 1165 2014 1209 mansuetus
2043 1154 2153 1219 ille,

583 1262 670 1330 qui
696 1260 870 1314 omnia
897 1257 1041 1313 clare
1072 1262 1310 1317 noverat,
1335 1251 1667 1322 praeveniens
1698 1249 1842 1302 illum
1873 1248 1983 1301 ait:
2021 1247 2158 1310 Quid

585 1353 674 1406 tibi
699 1352 898 1406 videtur
921 1390 938 1415 ,
984 1347 1161 1402 Simon
1189 1346 1212 1399 ?
1253 1344 1414 1416 Reges
1457 1354 1601 1397 terra?
1629 1359 1661 1395 a
1705 1342 1881 1411 quibus
1907 1341 2158 1408 accipiunt

590 1444 829 1496 tributum
867 1441 944 1494 uel
973 1455 1169 1492 censum
1193 1437 1222 1489 ?
1244 1453 1275 1488 a
1302 1436 1423 1502 ﬁliis
1461 1436 1564 1488 suis
1583 1475 1598 1499 ,
1622 1450 1686 1486 an
1721 1431 1781 1484 ab
1808 1431 1983 1485 alienis
2005 1432 2028 1484 ?
2053 1431 2145 1484 95.

589 1534 728 1588 Dixit
756 1533 865 1597 ille,
895 1530 968 1582 Ab
999 1529 1194 1581 alienis.
1219 1525 1353 1579 Dicit
1385 1525 1460 1577 illi
1479 1523 1629 1577 Jesus
1651 1538 1670 1576 :
1695 1521 1835 1593 Ergo
1867 1520 2008 1575 liberi
2037 1529 2152 1574 sunt

589 1626 704 1696 ﬁlii.
730 1625 807 1678 Ne
835 1629 1042 1693 putaret
1067 1620 1206 1676 enim
1236 1619 1444 1681 Petrus,
1471 1616 1736 1670 Christum
1769 1614 1818 1668 id
1842 1613 1908 1667 ab
1933 1613 2034 1667 illis
2063 1627 2158 1665 au-

594 1718 789 1775 divisse
813 1757 826 1780 ,
859 1713 1113 1784 pnevenit
1136 1726 1255 1766 eum
1281 1751 1296 1776 ,
1329 1720 1386 1762 ut
1413 1709 1513 1762 hoc
1553 1708 1721 1776 ipsum
1750 1705 2091 1774 signiﬁcaret,
2110 1712 2163 1758 et

589 1822 690 1861 una
715 1805 960 1859 tiduciatn
991 1803 1196 1857 inderet
1225 1817 1330 1854 non
1363 1798 1574 1852 audenti
1597 1808 1749 1851 antea
1771 1797 1837 1850 de
1868 1797 1969 1850 illis
1998 1795 2160 1864 loqui.

594 1901 702 1954 lloc
729 1906 903 1953 autem
951 1896 1062 1949 vult
1109 1893 1410 1964 signiﬁcare
1443 1910 1453 1943 :
1501 1889 1752 1943 linniiinis
1777 1904 1803 1939 a
1834 1903 1994 1942 censu
2025 1902 2160 1940 sum.

589 1993 722 2049 Nam
752 1992 794 2045 si
817 2005 968 2059 reges
996 1999 1150 2043 terrae
1187 2001 1216 2038 a
1246 1985 1366 2038 liliis
1392 1983 1500 2037 suis
1523 1981 1650 2035 nihil
1677 1981 1958 2048 accipiunt,
1980 1978 2069 2031 sed
2097 1978 2164 2030 ab

591 2081 777 2135 alienis
808 2097 820 2134 :
851 2079 1017 2132 multo
1047 2074 1211 2144 magis
1238 2089 1324 2127 me
1353 2073 1636 2125 immunem
1663 2085 1780 2124 esse
1803 2068 2052 2136 oportuit,
2076 2067 2162 2135 qui

593 2188 698 2227 non
726 2170 920 2225 terreni
946 2209 962 2236 ,
990 2166 1084 2222 sed
1113 2166 1342 2221 caelestis
1374 2163 1537 2233 Regis
1580 2162 1744 2215 Filius
1771 2176 1906 2224 sum,
1947 2169 2000 2213 et
2030 2160 2156 2213 Rex.

595 2265 778 2318 Viden’
805 2260 1073 2332 quomodo
1090 2258 1224 2314 ﬁlios
1246 2256 1532 2325 distinguat
1557 2269 1586 2308 a
1618 2268 1722 2307 non
1755 2253 1874 2306 ﬁliis
1899 2252 1921 2304 ?
1961 2251 2015 2306 Si
2040 2264 2167 2305 vero

599 2357 766 2411 Filius
794 2369 898 2409 non
939 2361 1120 2418 esset,
1149 2348 1344 2404 frustra
1381 2347 1681 2414 exemplum
1711 2359 1892 2414 regum
1929 2342 2163 2396 alferret.

599 2449 792 2512 Etiam,
825 2445 1030 2515 inquies
1053 2483 1068 2508 ,
1106 2441 1244 2495 ﬁlius
1287 2447 1401 2501 est,
1433 2437 1523 2491 sed
1555 2451 1658 2490 non
1701 2435 1982 2505 genuinus.
2025 2433 2166 2502 Ergo

600 2558 703 2595 non
730 2539 866 2592 ﬁlius
887 2556 898 2590 :
919 2537 962 2591 si
984 2544 1157 2589 autem
1178 2547 1276 2587 nec
1298 2531 1434 2584 ﬁlius
1455 2544 1552 2583 nec
1568 2529 1850 2598 genuinus,
1877 2541 1983 2579 non
2004 2525 2169 2595 ipsius

595 2648 723 2702 ergo
763 2623 999 2695 est,'sed
1043 2624 1266 2679 alienus.
1313 2621 1368 2676 Si
1417 2621 1654 2684 alienus,
1688 2616 1992 2686 exemplum
2041 2613 2168 2668 illud

600 2726 705 2777 viiii
733 2736 881 2777 suam
913 2734 1016 2773 non
1058 2716 1236 2770 habet.
1268 2713 1360 2767 Ille
1390 2726 1615 2780 namque
1651 2723 1754 2762 non
1800 2707 1866 2760 de
1899 2705 2021 2759 ﬁliis
2054 2713 2170 2758 tan-

599 2828 730 2884 tum,
752 2816 844 2872 sed
868 2815 932 2869 de
953 2811 1194 2884 genuinis
1211 2808 1462 2878 loquitur,
1487 2804 1552 2860 de
1577 2800 1914 2874 propriis.qui
1933 2816 2049 2853 cum
2075 2814 2169 2868 pa-

603 2909 770 2964 tribus
797 2906 944 2977 regni
969 2913 1091 2958 sunt
1115 2911 1410 2956 consortes.
1440 2897 1668 2964 Ideoque
1695 2892 1758 2947 ad
1781 2891 2169 2946 distinctionem

599 3002 805 3056 alienos
828 2998 1072 3068 apposuit
1092 3035 1107 3058 ,
1147 2995 1226 3048 sic
1251 3005 1446 3045 Vocans
1488 2989 1607 3043 illos
1633 2986 1720 3057 qui
1747 3001 1774 3038 a
1816 2985 2026 3054 regibus
2065 2982 2172 3037 nati

602 3107 706 3146 non
734 3097 875 3152 sunt,
906 3088 1042 3142 ﬁlios
1071 3100 1196 3140 vero
1221 3083 1346 3137 dicit
1377 3096 1470 3135 eos
1491 3123 1505 3146 ,
1538 3092 1671 3149 quos
1695 3093 1759 3131 ex
1779 3092 1834 3130 se
1858 3082 2169 3145 gemuerunt.

598 3184 678 3238 'I‘u
708 3191 882 3236 autem
910 3178 1042 3233 mihi
1088 3174 1357 3246 perpende
1385 3170 1652 3242 quomodo
1694 3167 1982 3221 revelatam
2017 3165 2173 3219 Petro

602 3275 957 3344 cognitionem
989 3269 1111 3322 hinc
1139 3268 1434 3322 conﬁrmet.
1470 3262 1647 3331 Neque
1671 3260 1940 3336 hicjstezit,
1960 3257 2052 3312 sed
2082 3273 2175 3327 per

591 3378 896 3421 consensus
928 3360 1139 3416 modum
1171 3358 1271 3411 hoc
1297 3357 1467 3426 ipsum
1498 3351 1777 3422 signiﬁcat,
1808 3349 1858 3403 id
1889 3348 2030 3420 quod
2059 3363 2172 3402 nia-

603 3473 722 3526 gna:
754 3453 1026 3524 sapientia:
1048 3459 1179 3505 erat.
1212 3447 1341 3503 Nam
1369 3461 1490 3500 cum
1516 3445 1628 3498 hinc
1659 3443 1907 3507 dixisset,
1937 3441 2009 3495 ait
2040 3460 2054 3494 :
2082 3440 2172 3495 26.

610 3550 674 3604 Ut
703 3558 868 3602 autem
889 3563 989 3599 non
1010 3543 1405 3599 scandalizemus
1426 3555 1528 3606 eos,
1556 3537 1679 3591 vade
1706 3535 1773 3588 ad
1800 3551 1954 3600 mare,
1977 3543 2022 3587 et
2041 3534 2176 3587 mitte

594 3643 809 3694 limitum
831 3655 851 3693 :
879 3647 1057 3692 etsunt
1086 3635 1288 3706 piscem,
1312 3632 1395 3702 qui
1426 3631 1614 3700 primus
1637 3626 1935 3690 ascenderit,
1961 3623 2100 3689 tolle,
2129 3633 2176 3677 et

601 3737 651 3787 iii
679 3731 768 3786 illo
788 3730 1005 3784 invenies
1026 3736 1257 3782 stateram
1275 3725 1313 3778 ‘z
1332 3723 1477 3777 illum
1501 3735 1782 3783 assumens,
1799 3717 1864 3770 da
1893 3717 1961 3771 eis
1980 3732 2070 3786 pro
2099 3729 2178 3768 me

604 3838 647 3880 et
679 3837 742 3879 te.
774 3821 960 3878 Viden‘
989 3817 1255 3891 quomodo
1286 3829 1456 3884 neque
1490 3820 1731 3876 recuset,
1759 3825 1930 3879 neque
1961 3809 2177 3863 omnino

603 3920 783 3987 juheat
814 3915 1063 3970 tributum
1094 3907 1366 3981 pendere?
1391 3904 1493 3960 Sed
1526 3903 1615 3958 ubi
1641 3903 1790 3974 prius
1819 3899 2089 3965 ostendit,
2119 3913 2178 3953 se

604 4027 709 4064 non
741 4023 860 4063 esse
906 4005 1030 4060 huic
1059 4000 1380 4060 obnoxium,
1431 4007 1556 4050 tunc
1603 3994 1694 4048 dat
1743 3993 1912 4055 illud;
1963 4001 2072 4044 tum
2112 4005 2178 4044 ne

608 4102 680 4155 illi
708 4097 1151 4159 scandalizentur,
1182 4101 1289 4146 tum
1318 4105 1385 4144 ne
1413 4087 1468 4141 lii
1497 4086 1637 4141 idem
1664 4087 1950 4154 patiantur.
1992 4082 2175 4150 Neque

605 4194 746 4247 enim
785 4191 853 4245 ita
877 4189 964 4242 dat
1007 4186 1154 4257 quasi
1179 4183 1388 4245 debeat,
1424 4178 1516 4234 sed
1547 4188 1603 4232 ut
1644 4177 1855 4232 illorum
1883 4172 2178 4228 inﬁrmitati

605 4284 870 4338 consulat.

677 4377 731 4429 ξ’..
763 4373 905 4428 Alibi
931 4386 1056 4425 vero
1085 4367 1388 4423 scandalum
1423 4362 1748 4424 contemnit;
1782 4371 1837 4414 ut
1870 4375 1989 4414 cum
2018 4357 2084 4413 de
2105 4360 2179 4413 ci-

609 4471 689 4522 liis
713 4468 995 4521 dissereret
1023 4480 1037 4527 ς
1087 4469 1143 4514 ιιι
1187 4474 1282 4512 nos
1321 4458 1512 4512 doceat
1542 4453 1795 4523 temporis
1821 4451 2184 4520 opportunita-

615 4571 721 4614 tciii
750 4556 1030 4624 explorare
1063 4562 1310 4620 oportere
1333 4591 1348 4612 ,
1379 4548 1571 4617 quibus
1601 4560 1694 4613 par
1714 4551 1797 4597 est
1819 4541 2062 4595 scandala
2086 4540 2181 4594 de-

613 4653 841 4723 spicere,
865 4647 944 4701 vel
976 4661 1080 4699 non
1104 4644 1396 4710 despicere.
1431 4641 1502 4694 Ex
1533 4637 1694 4692 modo
1721 4635 1846 4689 item
1878 4633 2068 4695 dandi,
2102 4648 2185 4686 se-

612 4750 802 4806 iiisum,
825 4739 912 4809 qui
936 4749 1123 4802 nempe
1141 4733 1224 4790 sit.
1246 4729 1494 4787 ostendit.
1517 4730 1624 4783 Cur
1649 4727 1787 4780 enim
1811 4740 1915 4779 non
1939 4739 2000 4778 ex
2027 4737 2184 4790 repo-

611 4838 726 4893 sitis
755 4833 907 4904 jubet
931 4825 1088 4881 dari?
1115 4823 1182 4879 Ut
1207 4866 1224 4890 ,
1254 4820 1393 4892 quod
1416 4820 1524 4890 jam
1551 4818 1695 4883 dixi,
1721 4816 1772 4869 in
1803 4817 1902 4868 hoc
1937 4828 1994 4868 se
2026 4815 2186 4866 Ileum

614 4930 984 4983 universorum
1015 4933 1135 4973 csse
1167 4927 1222 4970 et
1268 4915 1398 4968 mari
1441 4914 1708 4981 imperare
1754 4906 2080 4963 ostenderet.
2131 4904 2186 4958 Id

608 5025 720 5091 jatn
751 5018 1205 5074 demonstraverat
1229 5005 1440 5076 quando
1470 5018 1616 5057 mare
1647 4999 1956 5068 increpavit,
1985 5007 2039 5052 et
2066 5013 2187 5050 cum

617 5089 831 5168 I’ctruin
866 5105 1026 5177 jussit
1053 5115 1210 5170 supra
1240 5098 1431 5152 ﬁuctus
1472 5093 1766 5148 ambulare.
1804 5089 1858 5143 Id
1888 5104 2026 5143 nunc
2052 5102 2188 5157 quo-

617 5218 723 5274 que
749 5197 1001 5258 ostendit,
1034 5193 1133 5248 etsi
1161 5190 1267 5244 alio
1309 5186 1469 5242 modo
1489 5227 1503 5252 ,
1533 5183 1625 5238 sed
1653 5181 1740 5251 qui
1771 5180 1993 5234 multum
2023 5177 2191 5247 pariat

617 5269 912 5362 stuporem.
947 5286 1129 5356 Neque
1170 5281 1310 5338 enim
1338 5291 1523 5349 parum
1555 5272 1682 5328 illud
1712 5280 1828 5327 erat
1857 5269 2187 5362 praedixisse,

620 5353 821 5452 piscem
863 5374 1009 5428 illum
1033 5353 1057 5436 ξ
1099 5369 1188 5440 qui
1217 5367 1417 5437 primus
1457 5359 1744 5430 capiendus
1772 5365 1938 5422 esset,
1966 5353 2191 5423 vecﬁgal

621 5445 914 5525 soluturum
944 5477 1084 5524 esse,
1107 5469 1161 5516 et
1190 5467 1306 5513 rete
1337 5457 1388 5509 in
1420 5454 1670 5524 abyssum
1713 5448 1965 5516 injectum
1991 5445 2189 5513 piscem

623 5563 795 5622 illum;
828 5555 917 5627 qui
949 5561 1196 5607 statercm
1223 5546 1482 5618 gestabat,
1505 5557 1570 5596 ex
1599 5540 1714 5610 ejus
1738 5547 2005 5608 praecepto
2025 5534 2191 5588 addu-

626 5625 1003 5708 cturuinvesse,
1037 5639 1131 5696 sed
1164 5652 1283 5694 esse
1324 5633 1451 5690 illud
1492 5631 1683 5686 divina:
1710 5638 1765 5684 et
1789 5625 2068 5682 iiieﬁabilis
2098 5639 2194 5693 po-

630 5739 834 5797 testatis
857 5776 874 5804 ,
915 5731 1058 5804 quod
1089 5744 1233 5783 mare
1257 5725 1396 5780 dona
1422 5723 1501 5779 sic
1529 5720 1776 5785 aﬁ‘erret;
1805 5726 1860 5773 et
1884 5717 2188 5785 obsequen-

688 5851 708 5880 ⁸
739 5856 883 5902 Unus.
908 5845 1038 5903 tolle,
1058 5846 1101 5890 et
1125 5835 1342 5904 aperiens
1365 5847 1414 5886 os
1437 5832 1558 5895 ejus,
1585 5829 1791 5882 inuenies
1814 5835 2049 5881 stateram.

1255 408 1308 461 s.
1349 402 1625 461 JOANNIS
1660 400 2126 456 cnnvsosroin
2168 399 2477 453 AltCIIIEP.
2520 399 3052 454 CUNSTANTINOP.
3718 404 3820 456 sses

2263 525 2388 567 ttani
2435 529 2581 567 suam
2629 516 2956 580 ostenderet,
2989 526 3095 567 tum
3129 516 3339 584 quando
3368 514 3548 570 furens
3579 518 3820 572 sedatum

2256 613 2355 668 est,
2389 613 2496 657 tum
2535 606 2747 674 quando
2777 615 3009 661 arstuans
3055 622 3368 661 conservum
3415 609 3679 680 suscepit:
3714 621 3823 663 tum

2258 695 2415 748 etiam
2458 714 2629 762 nunc,
2659 715 2779 752 cum
2808 714 2904 768 pro
2935 699 3048 767 ipso
3086 700 3423 753 exactoribus
3450 699 3626 754 soli-it.
3663 698 3728 752 Et
3757 700 3824 753 da

2258 788 2361 841 illis
2383 806 2472 860 pro
2497 807 2574 844 me
2597 801 2644 844 et
2673 807 2765 860 pro
2793 801 2856 856 te,
2886 791 3074 860 inquit.
3099 790 3286 844 Vidisti
3316 791 3531 845 honoris
3556 793 3825 846 excellen-

2260 880 2425 934 tiam?
2465 880 2596 934 Vide
2622 893 2677 936 et
2709 881 2850 936 Petri
2882 882 3288 951 philosophiam.
3315 881 3448 936 Nam
3478 883 3705 949 Marcus,
3737 886 3825 954 qui

2263 971 2419 1040 hujus
2447 973 2740 1042 discipulus
2769 983 2902 1039 erat,
2936 974 3040 1028 hoc
3067 986 3273 1044 gestum
3307 991 3410 1028 non
3443 977 3671 1045 scripsit,
3705 977 3826 1044 quia

2263 1065 2386 1119 hinc
2429 1066 2503 1119 illi
2550 1065 2720 1119 honor
2759 1066 2944 1135 ingens
2986 1065 3312 1120 accedebat:
3357 1066 3448 1120 sed
3494 1069 3826 1135 negationem

2264 1157 2381 1227 ejus
2408 1158 2640 1227 scripsit,
2671 1174 2790 1226 quae
2827 1172 2954 1211 vero
2981 1157 3324 1225 conSpicuum
3353 1157 3500 1210 illum
3538 1158 3830 1211 reddebant

2267 1254 2446 1315 tacuit,
2480 1263 2532 1306 et
2561 1252 2787 1306 fortasse
2808 1262 3020 1305 vetante
3051 1253 3302 1320 magistro
3328 1269 3393 1307 ne
3429 1267 3614 1320 magna
3643 1251 3709 1304 de
3741 1252 3830 1303 illo

2263 1343 2480 1396 diceret.
2515 1341 2620 1395 Pro
2646 1359 2723 1396 me
2747 1352 2792 1396 et
2819 1352 2883 1408 te,
2911 1342 3073 1410 inquit
3108 1360 3120 1395 :
3150 1343 3268 1412 quia
3298 1353 3351 1397 et
3377 1344 3487 1411 ipse
3515 1343 3830 1412 primogeni-

2264 1442 2347 1487 tus
2373 1443 2506 1488 erat.
2555 1433 2625 1489 Ut
2665 1443 2841 1488 autem
2887 1434 3082 1488 Christi
3133 1436 3419 1502 potentiam
3450 1451 3567 1489 cum
3615 1447 3832 1505 stupore

2265 1525 2486 1578 miratus
2511 1539 2590 1590 es,
2619 1524 2810 1578 mirare
2836 1535 2890 1579 et
2931 1525 3173 1594 discipuli
3210 1527 3368 1580 fidem
3391 1567 3404 1590 ,
3431 1526 3521 1595 qui
3551 1527 3600 1580 in
3631 1543 3686 1581 re
3726 1539 3830 1580 tam

2268 1618 2623 1687 inexspecmia
2645 1619 2832 1686 paruit.
2870 1618 2974 1671 lies
2996 1619 3136 1672 enim
3156 1627 3271 1672 erat
3298 1630 3479 1671 natura
3513 1619 3717 1673 insolita
3747 1630 3831 1669 at-

2266 1727 2368 1780 qiie
2407 1711 2686 1779 stupenda.
2737 1710 2856 1764 Ideo
2888 1711 2938 1764 in
2971 1712 3266 1764 mercedem
3313 1711 3452 1777 fidei,
3485 1712 3535 1764 in
3581 1712 3833 1766 solvendo

2269 1803 2462 1855 tributo
2480 1802 2622 1855 illum
2639 1802 2736 1856 sibi
2754 1803 2990 1856 Christus
3009 1803 3298 1870 conjunxit.
3326 1802 3472 1875 (Cap.
3493 1803 3678 1874 XVIII)
3701 1805 3747 1857 I.
3770 1804 3833 1857 In

2267 1893 2358 1946 illa
2407 1894 2532 1946 hora
2585 1905 2896 1947 accesserunt
2945 1894 3013 1946 ad
3054 1892 3230 1948 Jesum
3284 1895 3517 1966 discipuli
3570 1897 3783 1950 dicentes
3813 1912 3833 1948 :

2274 1984 2396 2051 Quis
2417 1985 2581 2053 major
2605 1995 2677 2038 cst
2706 1986 2754 2037 in
2776 2002 2927 2056 regno
2943 1986 3220 2039 cwloruni?
3249 1986 3542 2040 Humanum
3569 1989 3833 2057 quidpiam

2271 2075 2411 2144 passi
2435 2075 2676 2144 discipuli
2704 2087 2860 2130 sunt:
2891 2075 3029 2145 quod
3052 2087 3105 2130 et
3125 2078 3447 2147 evangelista
3479 2079 3736 2148 signiﬁcat
3755 2081 3836 2134 di-

2268 2183 2416 2231 cens,
2443 2166 2509 2220 In
2539 2167 2630 2222 illa
2651 2169 2775 2222 liora
2797 2185 2817 2223 :
2845 2169 3054 2238 quando
3080 2172 3196 2240 plus
3222 2186 3379 2238 quam
3401 2184 3622 2226 cwteros
3652 2188 3836 2227 omnes

2270 2259 2416 2313 illum
2447 2260 2742 2314 honoravit.
2784 2260 2915 2314 Nam
2937 2277 3056 2315 cum
3084 2277 3146 2316 ex
3178 2261 3376 2316 Jacobo
3396 2272 3449 2317 et
3475 2263 3677 2318 Joanne
3703 2266 3839 2319 alter

2269 2353 2654 2421 primogenitus
2684 2362 2826 2407 esset
2844 2353 2881 2417 ί,
2917 2352 3049 2406 nihil
3081 2354 3253 2406 simile
3282 2369 3377 2422 pro
3409 2355 3510 2408 illis
3537 2353 3674 2408 fecit.
3707 2355 3840 2410 Hinc

2271 2443 2475 2512 pudore
2495 2441 2668 2496 aﬁ‘ecti
2698 2443 2860 2497 animi
2882 2444 2960 2497 sui
2991 2444 3402 2498 commotionem
3431 2441 3658 2499 ceiifessi
3681 2456 3799 2500 sunt
3819 2487 3834 2510 ,

2273 2550 2447 2604 neque
2476 2542 2657 2605 aperte
2685 2534 2865 2588 dicunt
2891 2576 2903 2596 ,
2932 2532 3040 2589 Cur
3079 2534 3293 2589 Petrum
3339 2536 3490 2590 nobis
3532 2536 3840 2604 praetulisti?

2274 2641 2397 2678 num
2432 2624 2519 2680 ille
2557 2625 2727 2694 major
2771 2626 2923 2679 nobis
2963 2625 3084 2680 est?
3112 2641 3215 2678 non
3250 2624 3514 2680 audebant
3539 2627 3677 2680 enim
3700 2669 3715 2692 ,
3745 2627 3838 2681 sed

2277 2719 2545 2772 indeﬁnite
2572 2719 2900 2788 interrogant
2924 2739 2936 2772 :
2974 2719 3098 2787 Quis
3129 2721 3292 2790 major
3311 2730 3380 2772 est
3401 2719 3572 2774 ?Nain
3598 2736 3715 2773 cum
3736 2729 3840 2774 tres

2275 2810 2516 2864 viderunt
2539 2809 2774 2879 prieferri
2794 2812 3020 2869 caeteris.
3043 2811 3176 2866 nihil
3197 2811 3367 2866 simile
3382 2812 3518 2880 passi
3547 2821 3696 2874 sunt;
3720 2826 3838 2864 cuin

2276 2913 2448 2956 autem
2480 2917 2614 2955 unus
2645 2911 2842 2955 tantum
2880 2903 3133 2956 honorem
3168 2904 3317 2968 tulit,
3361 2912 3485 2957 tunc
3508 2903 3692 2957 dolore
3721 2911 3842 2956 sunt

2275 2993 2467 3047 allecti.
2491 2992 2671 3062 Neque
2703 2993 2801 3046 hoc
2829 2994 3020 3059 solum,
3045 2993 3137 3048 sed
3169 3005 3219 3048 et
3239 2995 3343 3048 alia
3371 2993 3526 3047 multa
3554 3008 3843 3063 congeren-

2278 3093 2376 3148 tes,
2403 3085 2608 3138 accensi
2635 3093 2776 3137 sunt.
2800 3084 2928 3138 Nam
2951 3084 3082 3138 dixit
3109 3084 3181 3138 iIIi
3213 3103 3223 3136 :
3252 3084 3361 3137 Tibi
3387 3084 3513 3138 dabo
3539 3087 3736 3149 claves;
3762 3092 3838 3148 et,

2279 3176 2464 3230 Beatus
2491 3194 2543 3231 es
2567 3219 2580 3242 ,
2607 3177 2783 3231 Simon
2817 3176 3084 3231 Bar—Jona
3127 3175 3350 3247 (Matth.
3386 3177 3469 3231 16.
3501 3177 3584 3232 l9.
3613 3175 3716 3246 I7)
3744 3192 3759 3239 ;
3791 3184 3844 3230 et

2279 3267 2384 3336 hic,
2411 3269 2491 3322 Da
2519 3271 2642 3339 ipsis
2682 3287 2772 3339 pro
2799 3286 2876 3323 me
2899 3279 2944 3323 et
2975 3281 3056 3334 te;
3094 3270 3322 3340 itemque
3370 3269 3613 3323 ﬁduciam
3641 3268 3756 3339 ejus
3787 3278 3840 3323 et

2277 3359 2523 3427 loquendi
2571 3359 2870 3413 libertatein
2915 3359 3158 3413 videntes
3205 3360 3593 3430 piingehantur.
3623 3359 3770 3426 Quod
3798 3359 3842 3414 si

2278 3450 2494 3504 Marcus"
2510 3466 2615 3504 non
2639 3451 2924 3516 dicat,illos
2954 3452 3329 3520 interrogasse,
3353 3450 3445 3504 sed
3475 3466 3654 3504 secum
3679 3450 3728 3503 id
3749 3465 3843 3503 co-

2277 3542 2517 3612 gitasse(
2554 3540 2716 3594 Marc.
2750 3541 2804 3596 9.
2833 3542 2900 3597 54
2925 3539 2946 3613 )
2968 3583 2982 3605 ,
3017 3540 3067 3594 id
3107 3557 3210 3594 non
3247 3555 3364 3595 esse
3399 3540 3696 3609 appositum
3725 3539 3846 3593 huic

2279 3634 2568 3686 narrationi
2600 3650 2613 3685 :
2646 3648 2764 3686 nam
2810 3633 3094 3687 verisimile
3123 3641 3203 3687 est
3231 3633 3349 3686 illos
3381 3641 3660 3700 utrumque
3684 3631 3845 3685 fecis-

2280 3741 2338 3781 se
2369 3743 2382 3779 :
2411 3733 2464 3779 et
2493 3726 2719 3795 primum
2747 3724 2960 3795 quidem
2994 3725 3098 3778 alio
3121 3735 3359 3794 tempore
3384 3723 3554 3778 semel
3587 3734 3639 3777 et
3668 3722 3745 3776 bis
3770 3723 3848 3776 sic

2280 3817 2560 3887 cogitasse,
2596 3826 2721 3870 tunc
2741 3832 2866 3870 vero
2895 3826 2947 3870 et
2971 3817 3166 3869 dixisse
3191 3856 3206 3879 ,
3231 3825 3283 3868 et
3306 3829 3486 3870 secum
3513 3813 3844 3884 cogitavisse.

2282 3909 2358 3962 Tu
2391 3925 2516 3963 vero
2545 3924 2646 3963 non
2678 3908 2726 3961 id
2758 3909 2865 3961 vitii
2899 3907 3068 3961 solum
3092 3907 3345 3975 respicias
3367 3947 3383 3972 ,
3412 3905 3505 3958 sed
3527 3914 3580 3959 et
3607 3904 3731 3959 illud
3760 3920 3849 3957 cri-

2283 4002 2387 4072 gita
2421 4021 2433 4055 :
2465 4002 2654 4071 primo,
2685 4001 2803 4054 illos
2851 4000 2978 4054 nihil
3015 3999 3101 4054 hic
3147 3999 3304 4068 hujus
3343 3998 3523 4053 smculi
3569 4013 3847 4067 qiizcrere;

2282 4095 2508 4162 deinde,
2543 4097 2660 4150 illos
2707 4094 2848 4149 hunc
2894 4103 3074 4164 postea
3122 4093 3366 4147 morbum
3416 4091 3762 4160 deposuisse.
3796 4098 3852 4143 ct

2285 4189 2480 4259 primas
2510 4189 2609 4242 sibi
2640 4200 2823 4242 mutuo
2843 4187 3115 4241 detulisse.
3140 4184 3247 4239 Nos
3283 4193 3458 4237 autem
3480 4197 3650 4251 neque
3677 4180 3739 4234 ad
3756 4181 3852 4233 de-

2286 4281 2453 4336 fectus
2496 4295 2677 4334 eorum
2730 4293 3008 4348 possumus
3039 4277 3375 4344 pertingere,
3422 4288 3520 4327 nec
3566 4272 3851 4341 quaerimus

2285 4377 2403 4446 quis
2433 4374 2600 4445 major
2625 4373 2694 4426 s'rt
2737 4371 2788 4425 in
2819 4384 2983 4439 regno
3009 4369 3257 4422 cmloruin
3280 4409 3293 4429 ,
3328 4365 3422 4421 sed
3461 4366 3576 4435 quis
3606 4365 3770 4432 major
3799 4363 3850 4416 iii

2287 4483 2450 4540 regno
2478 4479 2633 4521 terra:
2659 4507 2671 4528 ,
2704 4465 2822 4534 quis
2873 4461 3175 4532 opulentior
3199 4502 3214 4524 ,
3246 4461 3365 4529 quis
3397 4459 3680 4528 potentior.
3715 4455 3852 4522 Quid

2288 4575 2418 4627 ergo
2439 4557 2716 4612 Christus?
2759 4555 2970 4608 Illorum
3003 4552 3381 4606 conscientiam
3413 4549 3626 4620 detegit,
3649 4557 3701 4602 et
3721 4547 3854 4601 alle-

2287 4649 2391 4703 ctni
2415 4664 2620 4712 eorum,
2651 4661 2756 4700 non
2789 4647 2962 4698 verbis
2995 4653 3218 4707 tantum,
3249 4641 3554 4710 respondet.
3588 4641 3622 4693 2
3675 4639 3735 4693 Et
3771 4639 3858 4690 acl-

2288 4758 2470 4796 vocans
2491 4738 2525 4791 Ι
2530 4755 2639 4792 esus
2668 4737 2950 4807 parvulum,
2981 4736 3034 4790 5.
3063 4735 3191 4787 dixit
3215 4775 3228 4796 ,
3259 4732 3370 4786 Nisi
3394 4731 3614 4785 conversi
3636 4731 3854 4802 fueritis,

2289 4845 2336 4888 et
2379 4831 2656 4903 eﬂiciamini
2700 4830 2828 4881 sicut
2870 4828 3104 4896 parvulus
3131 4827 3221 4878 iste
3241 4867 3255 4889 ,
3286 4841 3382 4877 non
3412 4820 3661 4876 intrabitis
3695 4823 3744 4874 in
3775 4838 3860 4874 re-

2290 4945 2442 5000 gnum
2466 4927 2721 4981 cwlorum.
2755 4922 2862 4974 Vos
2894 4919 3200 4990 perquiritis
3232 4918 3350 4987 quis
3386 4916 3454 4970 sit
3483 4930 3672 4984 major,
3704 4927 3755 4968 et
3789 4914 3858 4968 de

2292 5021 2520 5088 primatu
2549 5013 2869 5069 contenditis
2902 5029 2914 5063 :
2951 5025 3048 5078 ego
3080 5024 3207 5063 vero
3233 5024 3378 5073 eum,
3405 5008 3490 5076 qui
3535 5023 3637 5060 non
3670 5003 3862 5059 humil-

2293 5112 2450 5165 limus
2479 5108 2648 5162 factus
2683 5105 2869 5171 fuerit,
2901 5119 3006 5158 non
3036 5119 3154 5157 esse
3179 5102 3393 5172 dignum
3421 5099 3540 5154 dico
3570 5099 3658 5169 qui
3701 5099 3863 5151 intret

2294 5205 2344 5258 in
2374 5217 2592 5274 regnum
2615 5201 2888 5254 caelorum.
2919 5197 3082 5252 Recte
3106 5195 3406 5264 exemplum
3431 5192 3617 5255 aﬂ’ert;
3655 5206 3753 5246 nec
3779 5192 3860 5244 af-

2294 5299 2397 5353 fert
2425 5296 2603 5357 niodo,
2641 5293 2734 5348 sed
2769 5302 2824 5347 et
2852 5293 3020 5360 ipsum
3049 5289 3321 5358 parvulum
3353 5287 3406 5340 in
3434 5285 3612 5340 medio
3633 5284 3814 5338 statuit
3844 5325 3859 5345 ,

2297 5391 2414 5459 ipso
2441 5395 2658 5456 aspectu
2704 5384 2924 5436 hortans
2971 5394 3025 5434 et
3063 5379 3294 5433 suadens
3323 5384 3381 5431 ut
3418 5378 3525 5431 sint
3557 5375 3780 5430 humiles
3801 5389 3864 5429 ac

2295 5480 2580 5550 simplices.
2604 5477 2734 5531 Nam
2766 5475 3016 5545 puerulus
3043 5472 3175 5526 liber
3201 5479 3282 5525 est
3307 5469 3373 5523 ab
3426 5469 3642 5531 invidia,
3679 5481 3709 5521 a
3731 5482 3864 5519 vana

2295 5572 2464 5642 gloria
2498 5610 2514 5633 ,
2544 5568 2611 5623 ab
2640 5582 2822 5622 amore
2853 5566 3127 5635 primatus.
3158 5562 3547 5630 maximamque
3590 5559 3727 5612 hanc
3754 5559 3866 5610 vir-

2300 5671 2462 5719 tutem
2491 5658 2746 5732 possidet,
2777 5671 2966 5726 nempe
2983 5653 3372 5724 simplicitatem
3409 5662 3462 5706 et
3490 5649 3863 5705 humilitatem.

2364 5825 2381 5856 ι
2417 5831 2561 5880 unus,
2579 5831 2686 5871 cum
2709 5813 2870 5867 Jacobi
2891 5818 2936 5865 et
2959 5820 3154 5863 Joannis
3177 5817 3345 5862 Petrus
3367 5811 3704 5874 piiiiiogeiutus
3725 5807 3866 5855 esset.
