  <div class='ocr_page' id='page_1' title='image "/cluster/home/n/w/nwhite01/storage/ocr_20150623/58/nnc1.0046979956/110.png"; bbox 0 0 4140 6376; ppageno 0'>
   <div class='ocr_carea' id='block_1_1' title="bbox 425 352 526 410">
    <p class='ocr_par' dir='ltr' id='par_1_1' title="bbox 425 352 526 410">
     <span class='ocr_line' id='line_1_1' title="bbox 425 352 526 410; baseline 0 -1"><span class='ocrx_word' id='word_1_1' title='bbox 425 352 526 410; x_wconf 73' lang='lat'><strong>569</strong></span> 
     </span>
    </p>
   </div>
   <div class='ocr_carea' id='block_1_2' title="bbox 421 467 1993 541">
    <p class='ocr_par' dir='ltr' id='par_1_2' title="bbox 421 467 1993 541">
     <span class='ocr_line' id='line_1_2' title="bbox 421 467 1993 541; baseline -0.003 -14"><span class='ocrx_word' id='word_1_2' title='bbox 421 473 535 527; x_wconf 88' lang='lat' dir='ltr'><strong>Non</strong></span> <span class='ocrx_word' id='word_1_3' title='bbox 564 483 694 540; x_wconf 84' lang='lat' dir='ltr'><strong>ergo</strong></span> <span class='ocrx_word' id='word_1_4' title='bbox 719 483 853 539; x_wconf 90' lang='lat' dir='ltr'><strong>opus</strong></span> <span class='ocrx_word' id='word_1_5' title='bbox 882 475 1084 524; x_wconf 88' lang='lat' dir='ltr'><strong>tantum</strong></span> <span class='ocrx_word' id='word_1_6' title='bbox 1115 476 1199 524; x_wconf 91' lang='lat' dir='ltr'><strong>est</strong></span> <span class='ocrx_word' id='word_1_7' title='bbox 1238 467 1544 525; x_wconf 94' lang='lat' dir='ltr'><strong>fortitudine</strong></span> <span class='ocrx_word' id='word_1_8' title='bbox 1570 478 1729 541; x_wconf 90' lang='lat' dir='ltr'><strong>atque</strong></span> <span class='ocrx_word' id='word_1_9' title='bbox 1761 470 1993 540; x_wconf 77' lang='lat' dir='ltr'><strong>pruden-</strong></span> 
     </span>
    </p>
   </div>
   <div class='ocr_carea' id='block_1_3' title="bbox 421 562 1994 633">
    <p class='ocr_par' dir='ltr' id='par_1_3' title="bbox 421 562 1994 633">
     <span class='ocr_line' id='line_1_3' title="bbox 421 562 1994 633; baseline 0.001 -15"><span class='ocrx_word' id='word_1_10' title='bbox 421 564 492 618; x_wconf 73' lang='lat' dir='ltr'><strong>tia</strong></span> <span class='ocrx_word' id='word_1_11' title='bbox 521 581 537 629; x_wconf 90' lang='lat'><strong>;</strong></span> <span class='ocrx_word' id='word_1_12' title='bbox 569 562 665 619; x_wconf 85' lang='lat' dir='ltr'><strong>sed</strong></span> <span class='ocrx_word' id='word_1_13' title='bbox 692 564 850 619; x_wconf 90' lang='lat' dir='ltr'><strong>etiam</strong></span> <span class='ocrx_word' id='word_1_14' title='bbox 880 563 1179 618; x_wconf 74' lang='lat' dir='ltr'><strong>humilitate</strong></span> <span class='ocrx_word' id='word_1_15' title='bbox 1205 573 1258 618; x_wconf 89' lang='lat' dir='ltr'><strong>et</strong></span> <span class='ocrx_word' id='word_1_16' title='bbox 1284 564 1640 633; x_wconf 75' lang='lat' dir='ltr'><strong>simplicitate.</strong></span> <span class='ocrx_word' id='word_1_17' title='bbox 1675 565 1880 619; x_wconf 83' lang='lat' dir='ltr'><strong>Etenim</strong></span> <span class='ocrx_word' id='word_1_18' title='bbox 1913 565 1994 619; x_wconf 91' lang='lat' dir='ltr'><strong>vel</strong></span> 
     </span>
    </p>
   </div>
   <div class='ocr_carea' id='block_1_4' title="bbox 421 655 1998 727">
    <p class='ocr_par' dir='ltr' id='par_1_4' title="bbox 421 655 1998 727">
     <span class='ocr_line' id='line_1_4' title="bbox 421 655 1998 727; baseline 0.001 -18"><span class='ocrx_word' id='word_1_19' title='bbox 421 657 472 710; x_wconf 91' lang='lat' dir='ltr'><strong>in</strong></span> <span class='ocrx_word' id='word_1_20' title='bbox 502 655 781 727; x_wconf 71' lang='lat' dir='ltr'><strong>prmcipuis</strong></span> <span class='ocrx_word' id='word_1_21' title='bbox 807 658 964 711; x_wconf 88' lang='lat' dir='ltr'><strong>rebus</strong></span> <span class='ocrx_word' id='word_1_22' title='bbox 984 696 1002 723; x_wconf 92' lang='lat'><strong>,</strong></span> <span class='ocrx_word' id='word_1_23' title='bbox 1033 656 1078 710; x_wconf 89' lang='lat' dir='ltr'><strong>si</strong></span> <span class='ocrx_word' id='word_1_24' title='bbox 1117 657 1197 711; x_wconf 72' lang='lat' dir='ltr'><strong>ha:</strong></span> <span class='ocrx_word' id='word_1_25' title='bbox 1222 656 1447 720; x_wconf 87' lang='lat' dir='ltr'><strong>virtutes</strong></span> <span class='ocrx_word' id='word_1_26' title='bbox 1472 671 1578 712; x_wconf 89' lang='lat' dir='ltr'><strong>non</strong></span> <span class='ocrx_word' id='word_1_27' title='bbox 1608 656 1787 712; x_wconf 84' lang='lat' dir='ltr'><strong>adsint</strong></span> <span class='ocrx_word' id='word_1_28' title='bbox 1811 699 1826 722; x_wconf 96' lang='lat'><strong>,</strong></span> <span class='ocrx_word' id='word_1_29' title='bbox 1853 657 1998 712; x_wconf 88' lang='lat' dir='ltr'><strong>clau-</strong></span> 
     </span>
    </p>
   </div>
   <div class='ocr_carea' id='block_1_5' title="bbox 417 749 1994 821">
    <p class='ocr_par' dir='ltr' id='par_1_5' title="bbox 417 749 1994 821">
     <span class='ocr_line' id='line_1_5' title="bbox 417 749 1994 821; baseline -0.001 -16"><span class='ocrx_word' id='word_1_30' title='bbox 417 751 597 806; x_wconf 90' lang='lat' dir='ltr'><strong>dicant</strong></span> <span class='ocrx_word' id='word_1_31' title='bbox 624 765 687 805; x_wconf 88' lang='lat' dir='ltr'><strong>ea</strong></span> <span class='ocrx_word' id='word_1_32' title='bbox 715 766 833 821; x_wconf 63' lang='lat' dir='ltr'><strong>quae</strong></span> <span class='ocrx_word' id='word_1_33' title='bbox 853 749 920 803; x_wconf 90' lang='lat' dir='ltr'><strong>ad</strong></span> <span class='ocrx_word' id='word_1_34' title='bbox 949 750 1172 810; x_wconf 77' lang='lat' dir='ltr'><strong>salutem</strong></span> <span class='ocrx_word' id='word_1_35' title='bbox 1201 760 1436 804; x_wconf 81' lang='lat' dir='ltr'><strong>nOstram</strong></span> <span class='ocrx_word' id='word_1_36' title='bbox 1469 751 1756 819; x_wconf 85' lang='lat' dir='ltr'><strong>pertinent.</strong></span> <span class='ocrx_word' id='word_1_37' title='bbox 1791 751 1994 804; x_wconf 84' lang='lat' dir='ltr'><strong>Pueru-</strong></span> 
     </span>
    </p>
   </div>
   <div class='ocr_carea' id='block_1_6' title="bbox 418 842 1996 914">
    <p class='ocr_par' dir='ltr' id='par_1_6' title="bbox 418 842 1996 914">
     <span class='ocr_line' id='line_1_6' title="bbox 418 842 1996 914; baseline -0.002 -16"><span class='ocrx_word' id='word_1_38' title='bbox 418 845 498 899; x_wconf 88' lang='lat' dir='ltr'><strong>Ius</strong></span> <span class='ocrx_word' id='word_1_39' title='bbox 521 845 633 899; x_wconf 89' lang='lat' dir='ltr'><strong>sive</strong></span> <span class='ocrx_word' id='word_1_40' title='bbox 657 842 981 898; x_wconf 84' lang='lat' dir='ltr'><strong>contumelia</strong></span> <span class='ocrx_word' id='word_1_41' title='bbox 1006 842 1286 903; x_wconf 88' lang='lat' dir='ltr'><strong>afficiatur,</strong></span> <span class='ocrx_word' id='word_1_42' title='bbox 1305 843 1416 895; x_wconf 87' lang='lat' dir='ltr'><strong>sive</strong></span> <span class='ocrx_word' id='word_1_43' title='bbox 1447 842 1712 914; x_wconf 76' lang='lat' dir='ltr'><strong>laudetur,</strong></span> <span class='ocrx_word' id='word_1_44' title='bbox 1746 842 1858 895; x_wconf 88' lang='lat' dir='ltr'><strong>sive</strong></span> <span class='ocrx_word' id='word_1_45' title='bbox 1884 857 1996 895; x_wconf 67' lang='lat' dir='ltr'><strong>ver-</strong></span> 
     </span>
    </p>
   </div>
   <div class='ocr_carea' id='block_1_7' title="bbox 415 932 1990 1012">
    <p class='ocr_par' dir='ltr' id='par_1_7' title="bbox 415 932 1990 1012">
     <span class='ocr_line' id='line_1_7' title="bbox 415 932 1990 1012; baseline -0.003 -22"><span class='ocrx_word' id='word_1_46' title='bbox 415 938 650 999; x_wconf 84' lang='lat' dir='ltr'><strong>beretur,</strong></span> <span class='ocrx_word' id='word_1_47' title='bbox 681 935 793 990; x_wconf 84' lang='lat' dir='ltr'><strong>sive</strong></span> <span class='ocrx_word' id='word_1_48' title='bbox 821 934 1134 1000; x_wconf 90' lang='lat' dir='ltr'><strong>honoretur,</strong></span> <span class='ocrx_word' id='word_1_49' title='bbox 1169 949 1268 990; x_wconf 88' lang='lat' dir='ltr'><strong>nec</strong></span> <span class='ocrx_word' id='word_1_50' title='bbox 1295 934 1508 1012; x_wconf 80' lang='lat' dir='ltr'><strong>indigne</strong></span> <span class='ocrx_word' id='word_1_51' title='bbox 1535 933 1636 1008; x_wconf 82' lang='lat' dir='ltr'><strong>fert</strong></span> <span class='ocrx_word' id='word_1_52' title='bbox 1662 934 1742 988; x_wconf 86' lang='lat' dir='ltr'><strong>vel</strong></span> <span class='ocrx_word' id='word_1_53' title='bbox 1769 932 1990 1000; x_wconf 87' lang='lat' dir='ltr'><strong>invidet,</strong></span> 
     </span>
    </p>
   </div>
   <div class='ocr_carea' id='block_1_8' title="bbox 417 1028 965 1099">
    <p class='ocr_par' dir='ltr' id='par_1_8' title="bbox 417 1028 965 1099">
     <span class='ocr_line' id='line_1_8' title="bbox 417 1028 965 1099; baseline 0.004 -19"><span class='ocrx_word' id='word_1_54' title='bbox 417 1043 592 1098; x_wconf 86' lang='lat' dir='ltr'><strong>neque</strong></span> <span class='ocrx_word' id='word_1_55' title='bbox 619 1028 783 1082; x_wconf 89' lang='lat' dir='ltr'><strong>altum</strong></span> <span class='ocrx_word' id='word_1_56' title='bbox 807 1028 965 1099; x_wconf 87' lang='lat' dir='ltr'><strong>sapit.</strong></span> 
     </span>
    </p>
   </div>
   <div class='ocr_carea' id='block_1_9' title="bbox 490 1120 1990 1194">
    <p class='ocr_par' dir='ltr' id='par_1_9' title="bbox 490 1120 1990 1194">
     <span class='ocr_line' id='line_1_9' title="bbox 490 1120 1990 1194; baseline -0.001 -17"><span class='ocrx_word' id='word_1_57' title='bbox 490 1123 544 1194; x_wconf 79' lang='lat'><strong>3.</strong></span> <span class='ocrx_word' id='word_1_58' title='bbox 576 1121 760 1177; x_wconf 67' lang='lat' dir='ltr'><strong>Viden‘</strong></span> <span class='ocrx_word' id='word_1_59' title='bbox 783 1120 1050 1192; x_wconf 91' lang='lat' dir='ltr'><strong>quomodo</strong></span> <span class='ocrx_word' id='word_1_60' title='bbox 1081 1136 1176 1194; x_wconf 88' lang='lat' dir='ltr'><strong>nos</strong></span> <span class='ocrx_word' id='word_1_61' title='bbox 1216 1137 1426 1177; x_wconf 90' lang='lat' dir='ltr'><strong>rursum</strong></span> <span class='ocrx_word' id='word_1_62' title='bbox 1461 1120 1526 1176; x_wconf 88' lang='lat' dir='ltr'><strong>ad</strong></span> <span class='ocrx_word' id='word_1_63' title='bbox 1554 1120 1810 1179; x_wconf 83' lang='lat' dir='ltr'><strong>naturalia</strong></span> <span class='ocrx_word' id='word_1_64' title='bbox 1831 1133 1990 1187; x_wconf 81' lang='lat' dir='ltr'><strong>Opera</strong></span> 
     </span>
    </p>
   </div>
   <div class='ocr_carea' id='block_1_10' title="bbox 411 1190 1990 1283">
    <p class='ocr_par' dir='ltr' id='par_1_10' title="bbox 411 1190 1990 1283">
     <span class='ocr_line' id='line_1_10' title="bbox 411 1190 1990 1283; baseline -0.002 -14"><span class='ocrx_word' id='word_1_65' title='bbox 411 1190 617 1278; x_wconf 82' lang='lat' dir='ltr'><strong>evocet,</strong></span> <span class='ocrx_word' id='word_1_66' title='bbox 639 1190 923 1268; x_wconf 83' lang='lat' dir='ltr'><strong>ostendens</strong></span> <span class='ocrx_word' id='word_1_67' title='bbox 955 1213 1068 1269; x_wconf 62' lang='lat' dir='ltr'><strong>haec</strong></span> <span class='ocrx_word' id='word_1_68' title='bbox 1101 1230 1165 1268; x_wconf 82' lang='lat' dir='ltr'><strong>ex</strong></span> <span class='ocrx_word' id='word_1_69' title='bbox 1209 1215 1478 1283; x_wconf 90' lang='lat' dir='ltr'><strong>proposito</strong></span> <span class='ocrx_word' id='word_1_70' title='bbox 1503 1213 1788 1267; x_wconf 84' lang='lat' dir='ltr'><strong>voluntatis</strong></span> <span class='ocrx_word' id='word_1_71' title='bbox 1812 1211 1990 1281; x_wconf 85' lang='lat' dir='ltr'><strong>perfici</strong></span> 
     </span>
    </p>
   </div>
   <div class='ocr_carea' id='block_1_11' title="bbox 410 1303 1990 1374">
    <p class='ocr_par' dir='ltr' id='par_1_11' title="bbox 410 1303 1990 1374">
     <span class='ocr_line' id='line_1_11' title="bbox 410 1303 1990 1374; baseline -0.001 -17"><span class='ocrx_word' id='word_1_72' title='bbox 410 1319 586 1373; x_wconf 83' lang='lat' dir='ltr'><strong>posse,</strong></span> <span class='ocrx_word' id='word_1_73' title='bbox 604 1306 1060 1374; x_wconf 88' lang='lat' dir='ltr'><strong>perniciosamque</strong></span> <span class='ocrx_word' id='word_1_74' title='bbox 1072 1305 1480 1362; x_wconf 75' lang='lat' dir='ltr'><strong>Maniclueorum</strong></span> <span class='ocrx_word' id='word_1_75' title='bbox 1495 1304 1692 1358; x_wconf 86' lang='lat' dir='ltr'><strong>rabiem</strong></span> <span class='ocrx_word' id='word_1_76' title='bbox 1707 1303 1990 1372; x_wconf 86' lang='lat' dir='ltr'><strong>deprimit?</strong></span> 
     </span>
    </p>
   </div>
   <div class='ocr_carea' id='block_1_12' title="bbox 413 1389 1991 1468">
    <p class='ocr_par' dir='ltr' id='par_1_12' title="bbox 413 1389 1991 1468">
     <span class='ocr_line' id='line_1_12' title="bbox 413 1389 1991 1468; baseline -0.003 -15"><span class='ocrx_word' id='word_1_77' title='bbox 413 1397 607 1454; x_wconf 80' lang='lat' dir='ltr'><strong>Namsi</strong></span> <span class='ocrx_word' id='word_1_78' title='bbox 625 1397 758 1468; x_wconf 85' lang='lat' dir='ltr'><strong>mala</strong></span> <span class='ocrx_word' id='word_1_79' title='bbox 777 1407 962 1454; x_wconf 86' lang='lat' dir='ltr'><strong>natura</strong></span> <span class='ocrx_word' id='word_1_80' title='bbox 979 1397 1170 1468; x_wconf 91' lang='lat' dir='ltr'><strong>cst(a),</strong></span> <span class='ocrx_word' id='word_1_81' title='bbox 1189 1412 1286 1452; x_wconf 90' lang='lat' dir='ltr'><strong>cur</strong></span> <span class='ocrx_word' id='word_1_82' title='bbox 1302 1397 1424 1453; x_wconf 86' lang='lat' dir='ltr'><strong>inde</strong></span> <span class='ocrx_word' id='word_1_83' title='bbox 1447 1389 1788 1465; x_wconf 70' lang='lat' dir='ltr'><strong>philosophia:</strong></span> <span class='ocrx_word' id='word_1_84' title='bbox 1810 1412 1991 1451; x_wconf 84' lang='lat' dir='ltr'><strong>exem-</strong></span> 
     </span>
    </p>
   </div>
   <div class='ocr_carea' id='block_1_13' title="bbox 413 1493 1988 1564">
    <p class='ocr_par' dir='ltr' id='par_1_13' title="bbox 413 1493 1988 1564">
     <span class='ocr_line' id='line_1_13' title="bbox 413 1493 1988 1564; baseline 0.001 -18"><span class='ocrx_word' id='word_1_85' title='bbox 413 1495 492 1563; x_wconf 88' lang='lat' dir='ltr'><strong>pla</strong></span> <span class='ocrx_word' id='word_1_86' title='bbox 527 1493 719 1556; x_wconf 87' lang='lat' dir='ltr'><strong>trahit?</strong></span> <span class='ocrx_word' id='word_1_87' title='bbox 764 1493 1043 1549; x_wconf 79' lang='lat' dir='ltr'><strong>Parvulum</strong></span> <span class='ocrx_word' id='word_1_88' title='bbox 1074 1504 1249 1550; x_wconf 89' lang='lat' dir='ltr'><strong>autem</strong></span> <span class='ocrx_word' id='word_1_89' title='bbox 1292 1504 1416 1564; x_wconf 90' lang='lat' dir='ltr'><strong>puto</strong></span> <span class='ocrx_word' id='word_1_90' title='bbox 1451 1495 1702 1558; x_wconf 80' lang='lat' dir='ltr'><strong>infantem</strong></span> <span class='ocrx_word' id='word_1_91' title='bbox 1733 1494 1783 1547; x_wconf 89' lang='lat' dir='ltr'><strong>in</strong></span> <span class='ocrx_word' id='word_1_92' title='bbox 1813 1493 1988 1548; x_wconf 91' lang='lat' dir='ltr'><strong>medio</strong></span> 
     </span>
    </p>
   </div>
   <div class='ocr_carea' id='block_1_14' title="bbox 410 1586 1986 1649">
    <p class='ocr_par' dir='ltr' id='par_1_14' title="bbox 410 1586 1986 1649">
     <span class='ocr_line' id='line_1_14' title="bbox 410 1586 1986 1649; baseline -0.001 -7"><span class='ocrx_word' id='word_1_93' title='bbox 410 1588 686 1649; x_wconf 83' lang='lat' dir='ltr'><strong>statuisse,</strong></span> <span class='ocrx_word' id='word_1_94' title='bbox 725 1587 970 1641; x_wconf 81' lang='lat' dir='ltr'><strong>omnibus</strong></span> <span class='ocrx_word' id='word_1_95' title='bbox 997 1587 1141 1642; x_wconf 89' lang='lat' dir='ltr'><strong>hisce</strong></span> <span class='ocrx_word' id='word_1_96' title='bbox 1168 1589 1326 1642; x_wconf 91' lang='lat' dir='ltr'><strong>animi</strong></span> <span class='ocrx_word' id='word_1_97' title='bbox 1356 1589 1552 1641; x_wconf 85' lang='lat' dir='ltr'><strong>morbis</strong></span> <span class='ocrx_word' id='word_1_98' title='bbox 1571 1603 1814 1643; x_wconf 86' lang='lat' dir='ltr'><strong>vacuum.</strong></span> <span class='ocrx_word' id='word_1_99' title='bbox 1856 1586 1986 1640; x_wconf 89' lang='lat' dir='ltr'><strong>Nam</strong></span> 
     </span>
    </p>
   </div>
   <div class='ocr_carea' id='block_1_15' title="bbox 409 1679 1988 1752">
    <p class='ocr_par' dir='ltr' id='par_1_15' title="bbox 409 1679 1988 1752">
     <span class='ocr_line' id='line_1_15' title="bbox 409 1679 1988 1752; baseline 0.001 -21"><span class='ocrx_word' id='word_1_100' title='bbox 409 1679 463 1732; x_wconf 82' lang='lat' dir='ltr'><strong>in</strong></span> <span class='ocrx_word' id='word_1_101' title='bbox 494 1679 792 1749; x_wconf 89' lang='lat' dir='ltr'><strong>hujusmodi</strong></span> <span class='ocrx_word' id='word_1_102' title='bbox 819 1679 1125 1746; x_wconf 78' lang='lat' dir='ltr'><strong>infantibus,</strong></span> <span class='ocrx_word' id='word_1_103' title='bbox 1145 1696 1243 1735; x_wconf 89' lang='lat' dir='ltr'><strong>nec</strong></span> <span class='ocrx_word' id='word_1_104' title='bbox 1262 1681 1581 1752; x_wconf 88' lang='lat' dir='ltr'><strong>arrogantia,</strong></span> <span class='ocrx_word' id='word_1_105' title='bbox 1605 1696 1701 1734; x_wconf 88' lang='lat' dir='ltr'><strong>nec</strong></span> <span class='ocrx_word' id='word_1_106' title='bbox 1717 1695 1847 1733; x_wconf 88' lang='lat' dir='ltr'><strong>vana</strong></span> <span class='ocrx_word' id='word_1_107' title='bbox 1875 1679 1988 1745; x_wconf 78' lang='lat' dir='ltr'><strong>glo-</strong></span> 
     </span>
    </p>
   </div>
   <div class='ocr_carea' id='block_1_16' title="bbox 409 1770 1985 1844">
    <p class='ocr_par' dir='ltr' id='par_1_16' title="bbox 409 1770 1985 1844">
     <span class='ocr_line' id='line_1_16' title="bbox 409 1770 1985 1844; baseline 0 -20"><span class='ocrx_word' id='word_1_108' title='bbox 409 1770 508 1836; x_wconf 86' lang='lat' dir='ltr'><strong>ria,</strong></span> <span class='ocrx_word' id='word_1_109' title='bbox 540 1785 637 1824; x_wconf 88' lang='lat' dir='ltr'><strong>nec</strong></span> <span class='ocrx_word' id='word_1_110' title='bbox 664 1771 880 1837; x_wconf 81' lang='lat' dir='ltr'><strong>invidia,</strong></span> <span class='ocrx_word' id='word_1_111' title='bbox 911 1787 1010 1828; x_wconf 91' lang='lat' dir='ltr'><strong>nec</strong></span> <span class='ocrx_word' id='word_1_112' title='bbox 1038 1773 1332 1836; x_wconf 88' lang='lat' dir='ltr'><strong>contentio,</strong></span> <span class='ocrx_word' id='word_1_113' title='bbox 1365 1787 1465 1827; x_wconf 90' lang='lat' dir='ltr'><strong>nec</strong></span> <span class='ocrx_word' id='word_1_114' title='bbox 1486 1772 1599 1844; x_wconf 23' lang='lat' dir='ltr'><strong>alia.</strong></span> <span class='ocrx_word' id='word_1_115' title='bbox 1619 1770 1985 1840; x_wconf 88' lang='lat' dir='ltr'><strong>hujuscemodi</strong></span> 
     </span>
    </p>
   </div>
   <div class='ocr_carea' id='block_1_17' title="bbox 409 1861 1984 1938">
    <p class='ocr_par' dir='ltr' id='par_1_17' title="bbox 409 1861 1984 1938">
     <span class='ocr_line' id='line_1_17' title="bbox 409 1861 1984 1938; baseline 0 -23"><span class='ocrx_word' id='word_1_116' title='bbox 409 1861 580 1918; x_wconf 91' lang='lat' dir='ltr'><strong>locum</strong></span> <span class='ocrx_word' id='word_1_117' title='bbox 609 1861 832 1929; x_wconf 79' lang='lat' dir='ltr'><strong>habent;</strong></span> <span class='ocrx_word' id='word_1_118' title='bbox 884 1863 1064 1918; x_wconf 88' lang='lat' dir='ltr'><strong>insunt</strong></span> <span class='ocrx_word' id='word_1_119' title='bbox 1087 1874 1266 1938; x_wconf 82' lang='lat' dir='ltr'><strong>autem</strong></span> <span class='ocrx_word' id='word_1_120' title='bbox 1305 1863 1525 1918; x_wconf 88' lang='lat' dir='ltr'><strong>virtutes</strong></span> <span class='ocrx_word' id='word_1_121' title='bbox 1552 1864 1750 1926; x_wconf 70' lang='lat' dir='ltr'><strong>multm,</strong></span> <span class='ocrx_word' id='word_1_122' title='bbox 1780 1861 1984 1929; x_wconf 82' lang='lat' dir='ltr'><strong>simpli-</strong></span> 
     </span>
    </p>
   </div>
   <div class='ocr_carea' id='block_1_18' title="bbox 401 1954 1983 2027">
    <p class='ocr_par' dir='ltr' id='par_1_18' title="bbox 401 1954 1983 2027">
     <span class='ocr_line' id='line_1_18' title="bbox 401 1954 1983 2027; baseline -0.001 -16"><span class='ocrx_word' id='word_1_123' title='bbox 401 1956 555 2020; x_wconf 84' lang='lat' dir='ltr'><strong>citas,</strong></span> <span class='ocrx_word' id='word_1_124' title='bbox 598 1956 894 2023; x_wconf 85' lang='lat' dir='ltr'><strong>hnmilitas;</strong></span> <span class='ocrx_word' id='word_1_125' title='bbox 925 1958 1076 2012; x_wconf 92' lang='lat' dir='ltr'><strong>abest</strong></span> <span class='ocrx_word' id='word_1_126' title='bbox 1118 1956 1185 2011; x_wconf 88' lang='lat' dir='ltr'><strong>ab</strong></span> <span class='ocrx_word' id='word_1_127' title='bbox 1222 1972 1286 2012; x_wconf 89' lang='lat' dir='ltr'><strong>eo</strong></span> <span class='ocrx_word' id='word_1_128' title='bbox 1313 1957 1644 2027; x_wconf 88' lang='lat' dir='ltr'><strong>negotiorum</strong></span> <span class='ocrx_word' id='word_1_129' title='bbox 1673 1955 1822 2009; x_wconf 90' lang='lat' dir='ltr'><strong>turba</strong></span> <span class='ocrx_word' id='word_1_130' title='bbox 1843 1997 1859 2020; x_wconf 88' lang='lat'><strong>,</strong></span> <span class='ocrx_word' id='word_1_131' title='bbox 1886 1954 1983 2009; x_wconf 81' lang='lat' dir='ltr'><strong>de—</strong></span> 
     </span>
    </p>
   </div>
   <div class='ocr_carea' id='block_1_19' title="bbox 405 2047 1984 2119">
    <p class='ocr_par' dir='ltr' id='par_1_19' title="bbox 405 2047 1984 2119">
     <span class='ocr_line' id='line_1_19' title="bbox 405 2047 1984 2119; baseline -0.001 -17"><span class='ocrx_word' id='word_1_132' title='bbox 405 2063 509 2118; x_wconf 88' lang='lat' dir='ltr'><strong>que</strong></span> <span class='ocrx_word' id='word_1_133' title='bbox 537 2048 679 2102; x_wconf 89' lang='lat' dir='ltr'><strong>nulla</strong></span> <span class='ocrx_word' id='word_1_134' title='bbox 708 2064 766 2104; x_wconf 89' lang='lat' dir='ltr'><strong>re</strong></span> <span class='ocrx_word' id='word_1_135' title='bbox 792 2049 1060 2119; x_wconf 87' lang='lat' dir='ltr'><strong>superbit;</strong></span> <span class='ocrx_word' id='word_1_136' title='bbox 1091 2049 1178 2103; x_wconf 90' lang='lat' dir='ltr'><strong>ubi</strong></span> <span class='ocrx_word' id='word_1_137' title='bbox 1209 2048 1404 2118; x_wconf 82' lang='lat' dir='ltr'><strong>duplex</strong></span> <span class='ocrx_word' id='word_1_138' title='bbox 1433 2057 1513 2103; x_wconf 88' lang='lat' dir='ltr'><strong>est</strong></span> <span class='ocrx_word' id='word_1_139' title='bbox 1543 2047 1898 2118; x_wconf 80' lang='lat' dir='ltr'><strong>philosophia,</strong></span> <span class='ocrx_word' id='word_1_140' title='bbox 1929 2055 1984 2101; x_wconf 88' lang='lat' dir='ltr'><strong>et</strong></span> 
     </span>
    </p>
   </div>
   <div class='ocr_carea' id='block_1_20' title="bbox 403 2140 1982 2214">
    <p class='ocr_par' dir='ltr' id='par_1_20' title="bbox 403 2140 1982 2214">
     <span class='ocr_line' id='line_1_20' title="bbox 403 2140 1982 2214; baseline 0 -19"><span class='ocrx_word' id='word_1_141' title='bbox 403 2141 542 2211; x_wconf 89' lang='lat' dir='ltr'><strong>quod</strong></span> <span class='ocrx_word' id='word_1_142' title='bbox 571 2141 686 2197; x_wconf 84' lang='lat' dir='ltr'><strong>h:cc</strong></span> <span class='ocrx_word' id='word_1_143' title='bbox 728 2142 1028 2211; x_wconf 82' lang='lat' dir='ltr'><strong>possideat,</strong></span> <span class='ocrx_word' id='word_1_144' title='bbox 1059 2152 1113 2196; x_wconf 91' lang='lat' dir='ltr'><strong>et</strong></span> <span class='ocrx_word' id='word_1_145' title='bbox 1137 2142 1278 2214; x_wconf 90' lang='lat' dir='ltr'><strong>quod</strong></span> <span class='ocrx_word' id='word_1_146' title='bbox 1305 2157 1410 2197; x_wconf 91' lang='lat' dir='ltr'><strong>non</strong></span> <span class='ocrx_word' id='word_1_147' title='bbox 1445 2142 1564 2196; x_wconf 90' lang='lat' dir='ltr'><strong>ideo</strong></span> <span class='ocrx_word' id='word_1_148' title='bbox 1594 2141 1825 2196; x_wconf 88' lang='lat' dir='ltr'><strong>infletur.</strong></span> <span class='ocrx_word' id='word_1_149' title='bbox 1860 2140 1982 2195; x_wconf 92' lang='lat' dir='ltr'><strong>ldeo</strong></span> 
     </span>
    </p>
   </div>
   <div class='ocr_carea' id='block_1_21' title="bbox 405 2233 1979 2305">
    <p class='ocr_par' dir='ltr' id='par_1_21' title="bbox 405 2233 1979 2305">
     <span class='ocr_line' id='line_1_21' title="bbox 405 2233 1979 2305; baseline 0.002 -19"><span class='ocrx_word' id='word_1_150' title='bbox 405 2233 654 2289; x_wconf 85' lang='lat' dir='ltr'><strong>infantem</strong></span> <span class='ocrx_word' id='word_1_151' title='bbox 693 2236 959 2305; x_wconf 81' lang='lat' dir='ltr'><strong>produxit,</strong></span> <span class='ocrx_word' id='word_1_152' title='bbox 987 2244 1043 2290; x_wconf 89' lang='lat' dir='ltr'><strong>et</strong></span> <span class='ocrx_word' id='word_1_153' title='bbox 1071 2237 1121 2290; x_wconf 91' lang='lat' dir='ltr'><strong>in</strong></span> <span class='ocrx_word' id='word_1_154' title='bbox 1155 2235 1333 2292; x_wconf 90' lang='lat' dir='ltr'><strong>medio</strong></span> <span class='ocrx_word' id='word_1_155' title='bbox 1369 2236 1584 2300; x_wconf 85' lang='lat' dir='ltr'><strong>statuit;</strong></span> <span class='ocrx_word' id='word_1_156' title='bbox 1610 2251 1783 2304; x_wconf 88' lang='lat' dir='ltr'><strong>neque</strong></span> <span class='ocrx_word' id='word_1_157' title='bbox 1811 2235 1879 2290; x_wconf 91' lang='lat' dir='ltr'><strong>ibi</strong></span> <span class='ocrx_word' id='word_1_158' title='bbox 1914 2236 1979 2289; x_wconf 84' lang='lat' dir='ltr'><strong>fi-</strong></span> 
     </span>
    </p>
   </div>
   <div class='ocr_carea' id='block_1_22' title="bbox 401 2325 1982 2398">
    <p class='ocr_par' dir='ltr' id='par_1_22' title="bbox 401 2325 1982 2398">
     <span class='ocr_line' id='line_1_22' title="bbox 401 2325 1982 2398; baseline 0.004 -22"><span class='ocrx_word' id='word_1_159' title='bbox 401 2341 522 2380; x_wconf 91' lang='lat' dir='ltr'><strong>nem</strong></span> <span class='ocrx_word' id='word_1_160' title='bbox 558 2325 768 2382; x_wconf 76' lang='lat' dir='ltr'><strong>dicendi</strong></span> <span class='ocrx_word' id='word_1_161' title='bbox 797 2326 938 2392; x_wconf 88' lang='lat' dir='ltr'><strong>fecit,</strong></span> <span class='ocrx_word' id='word_1_162' title='bbox 964 2328 1056 2383; x_wconf 90' lang='lat' dir='ltr'><strong>sed</strong></span> <span class='ocrx_word' id='word_1_163' title='bbox 1086 2329 1310 2390; x_wconf 88' lang='lat' dir='ltr'><strong>ulterius</strong></span> <span class='ocrx_word' id='word_1_164' title='bbox 1343 2329 1760 2398; x_wconf 80' lang='lat' dir='ltr'><strong>admonitionem</strong></span> <span class='ocrx_word' id='word_1_165' title='bbox 1788 2328 1982 2398; x_wconf 84' lang='lat' dir='ltr'><strong>produ-</strong></span> 
     </span>
    </p>
   </div>
   <div class='ocr_carea' id='block_1_23' title="bbox 391 2417 1977 2491">
    <p class='ocr_par' dir='ltr' id='par_1_23' title="bbox 391 2417 1977 2491">
     <span class='ocr_line' id='line_1_23' title="bbox 391 2417 1977 2491; baseline 0.003 -21"><span class='ocrx_word' id='word_1_166' title='bbox 391 2419 490 2482; x_wconf 81' lang='lat' dir='ltr'><strong>cit,</strong></span> <span class='ocrx_word' id='word_1_167' title='bbox 520 2417 704 2476; x_wconf 86' lang='lat' dir='ltr'><strong>dicens</strong></span> <span class='ocrx_word' id='word_1_168' title='bbox 735 2439 748 2475; x_wconf 91' lang='lat'><strong>:</strong></span> <span class='ocrx_word' id='word_1_169' title='bbox 782 2420 835 2475; x_wconf 88' lang='grc'><strong>5.</strong></span> <span class='ocrx_word' id='word_1_170' title='bbox 863 2418 934 2476; x_wconf 85' lang='lat' dir='ltr'><strong>Et</strong></span> <span class='ocrx_word' id='word_1_171' title='bbox 979 2421 1279 2491; x_wconf 84' lang='lat' dir='ltr'><strong>quicumque</strong></span> <span class='ocrx_word' id='word_1_172' title='bbox 1305 2422 1574 2490; x_wconf 78' lang='lat' dir='ltr'><strong>susceperit</strong></span> <span class='ocrx_word' id='word_1_173' title='bbox 1603 2437 1760 2476; x_wconf 87' lang='lat' dir='ltr'><strong>unum</strong></span> <span class='ocrx_word' id='word_1_174' title='bbox 1789 2437 1977 2490; x_wconf 87' lang='lat' dir='ltr'><strong>parvu-</strong></span> 
     </span>
    </p>
   </div>
   <div class='ocr_carea' id='block_1_24' title="bbox 401 2511 1974 2582">
    <p class='ocr_par' dir='ltr' id='par_1_24' title="bbox 401 2511 1974 2582">
     <span class='ocr_line' id='line_1_24' title="bbox 401 2511 1974 2582; baseline 0.004 -20"><span class='ocrx_word' id='word_1_175' title='bbox 401 2511 504 2563; x_wconf 88' lang='lat' dir='ltr'><strong>lum</strong></span> <span class='ocrx_word' id='word_1_176' title='bbox 555 2511 706 2566; x_wconf 83' lang='lat' dir='ltr'><strong>talem</strong></span> <span class='ocrx_word' id='word_1_177' title='bbox 749 2511 804 2570; x_wconf 88' lang='lat' dir='ltr'><strong>in</strong></span> <span class='ocrx_word' id='word_1_178' title='bbox 845 2512 1047 2567; x_wconf 78' lang='lat' dir='ltr'><strong>nomine</strong></span> <span class='ocrx_word' id='word_1_179' title='bbox 1098 2529 1230 2579; x_wconf 86' lang='lat' dir='ltr'><strong>meo,</strong></span> <span class='ocrx_word' id='word_1_180' title='bbox 1258 2529 1337 2566; x_wconf 89' lang='lat' dir='ltr'><strong>me</strong></span> <span class='ocrx_word' id='word_1_181' title='bbox 1364 2513 1591 2582; x_wconf 77' lang='lat' dir='ltr'><strong>suscipit.</strong></span> <span class='ocrx_word' id='word_1_182' title='bbox 1641 2511 1755 2575; x_wconf 85' lang='lat' dir='ltr'><strong>Non</strong></span> <span class='ocrx_word' id='word_1_183' title='bbox 1803 2512 1974 2568; x_wconf 85' lang='lat' dir='ltr'><strong>solum</strong></span> 
     </span>
    </p>
   </div>
   <div class='ocr_carea' id='block_1_25' title="bbox 397 2603 1974 2678">
    <p class='ocr_par' dir='ltr' id='par_1_25' title="bbox 397 2603 1974 2678">
     <span class='ocr_line' id='line_1_25' title="bbox 397 2603 1974 2678; baseline 0.003 -20"><span class='ocrx_word' id='word_1_184' title='bbox 397 2603 562 2665; x_wconf 89' lang='lat' dir='ltr'><strong>enim,</strong></span> <span class='ocrx_word' id='word_1_185' title='bbox 604 2604 794 2674; x_wconf 90' lang='lat' dir='ltr'><strong>inquit,</strong></span> <span class='ocrx_word' id='word_1_186' title='bbox 837 2606 881 2660; x_wconf 89' lang='lat' dir='ltr'><strong>si</strong></span> <span class='ocrx_word' id='word_1_187' title='bbox 939 2606 1070 2661; x_wconf 76' lang='lat' dir='ltr'><strong>rales</strong></span> <span class='ocrx_word' id='word_1_188' title='bbox 1115 2605 1346 2671; x_wconf 90' lang='lat' dir='ltr'><strong>fueritis,</strong></span> <span class='ocrx_word' id='word_1_189' title='bbox 1375 2607 1676 2662; x_wconf 88' lang='lat' dir='ltr'><strong>mercedem</strong></span> <span class='ocrx_word' id='word_1_190' title='bbox 1729 2623 1974 2678; x_wconf 89' lang='lat' dir='ltr'><strong>magnam</strong></span> 
     </span>
    </p>
   </div>
   <div class='ocr_carea' id='block_1_26' title="bbox 394 2695 1978 2768">
    <p class='ocr_par' dir='ltr' id='par_1_26' title="bbox 394 2695 1978 2768">
     <span class='ocr_line' id='line_1_26' title="bbox 394 2695 1978 2768; baseline 0.004 -20"><span class='ocrx_word' id='word_1_191' title='bbox 394 2695 698 2763; x_wconf 83' lang='lat' dir='ltr'><strong>recipietis,</strong></span> <span class='ocrx_word' id='word_1_192' title='bbox 727 2695 818 2752; x_wconf 91' lang='lat' dir='ltr'><strong>sed</strong></span> <span class='ocrx_word' id='word_1_193' title='bbox 856 2697 1018 2752; x_wconf 91' lang='lat' dir='ltr'><strong>etiam</strong></span> <span class='ocrx_word' id='word_1_194' title='bbox 1045 2698 1088 2752; x_wconf 90' lang='lat' dir='ltr'><strong>si</strong></span> <span class='ocrx_word' id='word_1_195' title='bbox 1129 2697 1266 2752; x_wconf 89' lang='lat' dir='ltr'><strong>alios</strong></span> <span class='ocrx_word' id='word_1_196' title='bbox 1297 2699 1508 2765; x_wconf 40' lang='lat' dir='ltr'><strong>similes.</strong></span> <span class='ocrx_word' id='word_1_197' title='bbox 1529 2710 1747 2768; x_wconf 89' lang='lat' dir='ltr'><strong>propter</strong></span> <span class='ocrx_word' id='word_1_198' title='bbox 1770 2716 1854 2758; x_wconf 87' lang='lat' dir='ltr'><strong>me</strong></span> <span class='ocrx_word' id='word_1_199' title='bbox 1880 2699 1978 2754; x_wconf 85' lang='lat' dir='ltr'><strong>ho-</strong></span> 
     </span>
    </p>
   </div>
   <div class='ocr_carea' id='block_1_27' title="bbox 394 2786 1976 2862">
    <p class='ocr_par' dir='ltr' id='par_1_27' title="bbox 394 2786 1976 2862">
     <span class='ocr_line' id='line_1_27' title="bbox 394 2786 1976 2862; baseline 0.005 -23"><span class='ocrx_word' id='word_1_200' title='bbox 394 2786 736 2853; x_wconf 86' lang='lat' dir='ltr'><strong>noraveritis,</strong></span> <span class='ocrx_word' id='word_1_201' title='bbox 765 2803 988 2858; x_wconf 80' lang='lat' dir='ltr'><strong>regnum</strong></span> <span class='ocrx_word' id='word_1_202' title='bbox 1020 2790 1169 2844; x_wconf 89' lang='lat' dir='ltr'><strong>vobis</strong></span> <span class='ocrx_word' id='word_1_203' title='bbox 1191 2787 1242 2843; x_wconf 88' lang='lat' dir='ltr'><strong>in</strong></span> <span class='ocrx_word' id='word_1_204' title='bbox 1266 2789 1566 2846; x_wconf 88' lang='lat' dir='ltr'><strong>mercedem</strong></span> <span class='ocrx_word' id='word_1_205' title='bbox 1589 2791 1777 2846; x_wconf 85' lang='lat' dir='ltr'><strong>tribuo.</strong></span> <span class='ocrx_word' id='word_1_206' title='bbox 1798 2791 1976 2862; x_wconf 54' lang='lat' dir='ltr'><strong>Quod,-</strong></span> 
     </span>
    </p>
   </div>
   <div class='ocr_carea' id='block_1_28' title="bbox 395 2878 1969 2951">
    <p class='ocr_par' dir='ltr' id='par_1_28' title="bbox 395 2878 1969 2951">
     <span class='ocr_line' id='line_1_28' title="bbox 395 2878 1969 2951; baseline 0.003 -19"><span class='ocrx_word' id='word_1_207' title='bbox 395 2893 499 2946; x_wconf 88' lang='lat' dir='ltr'><strong>que</strong></span> <span class='ocrx_word' id='word_1_208' title='bbox 531 2878 684 2948; x_wconf 85' lang='lat' dir='ltr'><strong>longe</strong></span> <span class='ocrx_word' id='word_1_209' title='bbox 710 2878 882 2948; x_wconf 84' lang='lat' dir='ltr'><strong>majus</strong></span> <span class='ocrx_word' id='word_1_210' title='bbox 927 2887 1010 2934; x_wconf 84' lang='lat' dir='ltr'><strong>est</strong></span> <span class='ocrx_word' id='word_1_211' title='bbox 1035 2879 1248 2949; x_wconf 91' lang='lat' dir='ltr'><strong>adjicit,</strong></span> <span class='ocrx_word' id='word_1_212' title='bbox 1281 2895 1401 2935; x_wconf 91' lang='lat' dir='ltr'><strong>cum</strong></span> <span class='ocrx_word' id='word_1_213' title='bbox 1445 2881 1590 2948; x_wconf 88' lang='lat' dir='ltr'><strong>dicit,</strong></span> <span class='ocrx_word' id='word_1_214' title='bbox 1624 2881 1706 2936; x_wconf 79' lang='lat' dir='ltr'><strong>Me</strong></span> <span class='ocrx_word' id='word_1_215' title='bbox 1742 2884 1969 2951; x_wconf 82' lang='lat' dir='ltr'><strong>suscipit.</strong></span> 
     </span>
    </p>
   </div>
   <div class='ocr_carea' id='block_1_29' title="bbox 396 2967 1967 3043">
    <p class='ocr_par' dir='ltr' id='par_1_29' title="bbox 396 2967 1967 3043">
     <span class='ocr_line' id='line_1_29' title="bbox 396 2967 1967 3043; baseline 0.004 -20"><span class='ocrx_word' id='word_1_216' title='bbox 396 2967 468 3023; x_wconf 83' lang='lat' dir='ltr'><strong>ita</strong></span> <span class='ocrx_word' id='word_1_217' title='bbox 491 2968 831 3024; x_wconf 86' lang='lat' dir='ltr'><strong>vehementer</strong></span> <span class='ocrx_word' id='word_1_218' title='bbox 858 2969 1064 3025; x_wconf 78' lang='lat' dir='ltr'><strong>afficior</strong></span> <span class='ocrx_word' id='word_1_219' title='bbox 1089 2987 1157 3028; x_wconf 81' lang='lat' dir='ltr'><strong>ex</strong></span> <span class='ocrx_word' id='word_1_220' title='bbox 1198 2971 1493 3028; x_wconf 86' lang='lat' dir='ltr'><strong>humilitate</strong></span> <span class='ocrx_word' id='word_1_221' title='bbox 1522 2982 1586 3028; x_wconf 89' lang='lat' dir='ltr'><strong>et.</strong></span> <span class='ocrx_word' id='word_1_222' title='bbox 1613 2974 1967 3043; x_wconf 88' lang='lat' dir='ltr'><strong>simplicitate.</strong></span> 
     </span>
    </p>
   </div>
   <div class='ocr_carea' id='block_1_30' title="bbox 395 3059 1968 3137">
    <p class='ocr_par' dir='ltr' id='par_1_30' title="bbox 395 3059 1968 3137">
     <span class='ocr_line' id='line_1_30' title="bbox 395 3059 1968 3137; baseline 0.004 -22"><span class='ocrx_word' id='word_1_223' title='bbox 395 3059 652 3116; x_wconf 82' lang='lat' dir='ltr'><strong>Parvulos</strong></span> <span class='ocrx_word' id='word_1_224' title='bbox 683 3061 767 3116; x_wconf 89' lang='lat' dir='ltr'><strong>hic</strong></span> <span class='ocrx_word' id='word_1_225' title='bbox 791 3073 944 3116; x_wconf 89' lang='lat' dir='ltr'><strong>vocat</strong></span> <span class='ocrx_word' id='word_1_226' title='bbox 970 3061 1247 3130; x_wconf 89' lang='lat' dir='ltr'><strong>homines,</strong></span> <span class='ocrx_word' id='word_1_227' title='bbox 1283 3065 1358 3135; x_wconf 8' lang='lat' dir='ltr'><strong>ita,</strong></span> <span class='ocrx_word' id='word_1_228' title='bbox 1383 3065 1681 3134; x_wconf 88' lang='lat' dir='ltr'><strong>simplices,</strong></span> <span class='ocrx_word' id='word_1_229' title='bbox 1711 3066 1933 3122; x_wconf 83' lang='lat' dir='ltr'><strong>Immites</strong></span> <span class='ocrx_word' id='word_1_230' title='bbox 1952 3110 1968 3137; x_wconf 94' lang='lat'><strong>,</strong></span> 
     </span>
    </p>
   </div>
   <div class='ocr_carea' id='block_1_31' title="bbox 394 3151 1962 3226">
    <p class='ocr_par' dir='ltr' id='par_1_31' title="bbox 394 3151 1962 3226">
     <span class='ocr_line' id='line_1_31' title="bbox 394 3151 1962 3226; baseline 0.011 -27"><span class='ocrx_word' id='word_1_231' title='bbox 394 3151 481 3217; x_wconf 86' lang='lat' dir='ltr'><strong>qui</strong></span> <span class='ocrx_word' id='word_1_232' title='bbox 529 3152 669 3220; x_wconf 89' lang='lat' dir='ltr'><strong>apud</strong></span> <span class='ocrx_word' id='word_1_233' title='bbox 729 3152 924 3208; x_wconf 89' lang='lat' dir='ltr'><strong>multos</strong></span> <span class='ocrx_word' id='word_1_234' title='bbox 972 3153 1166 3224; x_wconf 89' lang='lat' dir='ltr'><strong>abjecti</strong></span> <span class='ocrx_word' id='word_1_235' title='bbox 1221 3165 1276 3220; x_wconf 87' lang='lat' dir='ltr'><strong>et</strong></span> <span class='ocrx_word' id='word_1_236' title='bbox 1318 3156 1643 3226; x_wconf 87' lang='lat' dir='ltr'><strong>despiciendi</strong></span> <span class='ocrx_word' id='word_1_237' title='bbox 1687 3158 1962 3216; x_wconf 85' lang='lat' dir='ltr'><strong>habentur.</strong></span> 
     </span>
    </p>
   </div>
   <div class='ocr_carea' id='block_1_32' title="bbox 395 3242 1968 3324">
    <p class='ocr_par' dir='ltr' id='par_1_32' title="bbox 395 3242 1968 3324">
     <span class='ocr_line' id='line_1_32' title="bbox 395 3242 1968 3324; baseline 0.008 -29"><span class='ocrx_word' id='word_1_238' title='bbox 395 3242 593 3300; x_wconf 87' lang='lat' dir='ltr'><strong>Deinde</strong></span> <span class='ocrx_word' id='word_1_239' title='bbox 629 3245 985 3313; x_wconf 86' lang='lat' dir='ltr'><strong>probatiorem</strong></span> <span class='ocrx_word' id='word_1_240' title='bbox 1012 3247 1242 3302; x_wconf 90' lang='lat' dir='ltr'><strong>reddens</strong></span> <span class='ocrx_word' id='word_1_241' title='bbox 1271 3264 1572 3306; x_wconf 90' lang='lat' dir='ltr'><strong>sermonem</strong></span> <span class='ocrx_word' id='word_1_242' title='bbox 1590 3294 1604 3317; x_wconf 92' lang='lat'><strong>,</strong></span> <span class='ocrx_word' id='word_1_243' title='bbox 1631 3267 1734 3306; x_wconf 91' lang='lat' dir='ltr'><strong>non</strong></span> <span class='ocrx_word' id='word_1_244' title='bbox 1764 3269 1794 3306; x_wconf 91' lang='lat' dir='ltr'><strong>a</strong></span> <span class='ocrx_word' id='word_1_245' title='bbox 1828 3269 1968 3324; x_wconf 70' lang='lat' dir='ltr'><strong>pra:-</strong></span> 
     </span>
    </p>
   </div>
   <div class='ocr_carea' id='block_1_33' title="bbox 393 3335 1970 3410">
    <p class='ocr_par' dir='ltr' id='par_1_33' title="bbox 393 3335 1970 3410">
     <span class='ocr_line' id='line_1_33' title="bbox 393 3335 1970 3410; baseline 0.009 -22"><span class='ocrx_word' id='word_1_246' title='bbox 393 3335 513 3390; x_wconf 82' lang='lat' dir='ltr'><strong>lniis</strong></span> <span class='ocrx_word' id='word_1_247' title='bbox 556 3343 779 3402; x_wconf 91' lang='lat' dir='ltr'><strong>tantum,</strong></span> <span class='ocrx_word' id='word_1_248' title='bbox 802 3337 896 3392; x_wconf 91' lang='lat' dir='ltr'><strong>sed</strong></span> <span class='ocrx_word' id='word_1_249' title='bbox 938 3339 1099 3393; x_wconf 91' lang='lat' dir='ltr'><strong>etiam</strong></span> <span class='ocrx_word' id='word_1_250' title='bbox 1127 3353 1156 3392; x_wconf 90' lang='lat' dir='ltr'><strong>a</strong></span> <span class='ocrx_word' id='word_1_251' title='bbox 1186 3341 1358 3410; x_wconf 66' lang='lat' dir='ltr'><strong>poenis</strong></span> <span class='ocrx_word' id='word_1_252' title='bbox 1389 3341 1534 3396; x_wconf 93' lang='lat' dir='ltr'><strong>illum</strong></span> <span class='ocrx_word' id='word_1_253' title='bbox 1565 3344 1867 3409; x_wconf 86' lang='lat' dir='ltr'><strong>confirmat,</strong></span> <span class='ocrx_word' id='word_1_254' title='bbox 1892 3346 1970 3402; x_wconf 90' lang='lat' dir='ltr'><strong>sic</strong></span> 
     </span>
    </p>
   </div>
   <div class='ocr_carea' id='block_1_34' title="bbox 391 3425 1968 3498">
    <p class='ocr_par' dir='ltr' id='par_1_34' title="bbox 391 3425 1968 3498">
     <span class='ocr_line' id='line_1_34' title="bbox 391 3425 1968 3498; baseline 0.006 -16"><span class='ocrx_word' id='word_1_255' title='bbox 391 3425 611 3498; x_wconf 75' lang='lat' dir='ltr'><strong>laqueus</strong></span> <span class='ocrx_word' id='word_1_256' title='bbox 642 3444 654 3480; x_wconf 89' lang='lat'><strong>:</strong></span> <span class='ocrx_word' id='word_1_257' title='bbox 688 3427 739 3483; x_wconf 87' lang='grc'><strong>6.</strong></span> <span class='ocrx_word' id='word_1_258' title='bbox 772 3429 872 3496; x_wconf 82' lang='lat' dir='ltr'><strong>Qui</strong></span> <span class='ocrx_word' id='word_1_259' title='bbox 919 3440 1086 3485; x_wconf 89' lang='lat' dir='ltr'><strong>autem</strong></span> <span class='ocrx_word' id='word_1_260' title='bbox 1133 3433 1547 3488; x_wconf 79' lang='lat' dir='ltr'><strong>scandalizuverit</strong></span> <span class='ocrx_word' id='word_1_261' title='bbox 1597 3451 1755 3488; x_wconf 89' lang='lat' dir='ltr'><strong>unum</strong></span> <span class='ocrx_word' id='word_1_262' title='bbox 1799 3453 1860 3489; x_wconf 79' lang='lat' dir='ltr'><strong>ea:</strong></span> <span class='ocrx_word' id='word_1_263' title='bbox 1889 3437 1968 3491; x_wconf 81' lang='lat' dir='ltr'><strong>liis</strong></span> 
     </span>
    </p>
   </div>
   <div class='ocr_carea' id='block_1_35' title="bbox 390 3518 1969 3598">
    <p class='ocr_par' dir='ltr' id='par_1_35' title="bbox 390 3518 1969 3598">
     <span class='ocr_line' id='line_1_35' title="bbox 390 3518 1969 3598; baseline 0.008 -28"><span class='ocrx_word' id='word_1_264' title='bbox 390 3518 590 3587; x_wconf 80' lang='lat' dir='ltr'><strong>pusillis</strong></span> <span class='ocrx_word' id='word_1_265' title='bbox 618 3520 706 3589; x_wconf 88' lang='lat' dir='ltr'><strong>qui</strong></span> <span class='ocrx_word' id='word_1_266' title='bbox 743 3521 795 3574; x_wconf 87' lang='lat' dir='ltr'><strong>in</strong></span> <span class='ocrx_word' id='word_1_267' title='bbox 817 3537 895 3576; x_wconf 85' lang='lat' dir='ltr'><strong>me</strong></span> <span class='ocrx_word' id='word_1_268' title='bbox 932 3523 1144 3575; x_wconf 83' lang='lat' dir='ltr'><strong>credunt</strong></span> <span class='ocrx_word' id='word_1_269' title='bbox 1170 3525 1212 3587; x_wconf 85' lang='grc'><strong>¹,</strong></span> <span class='ocrx_word' id='word_1_270' title='bbox 1234 3524 1437 3594; x_wconf 74' lang='lat' dir='ltr'><strong>expedit</strong></span> <span class='ocrx_word' id='word_1_271' title='bbox 1461 3527 1525 3591; x_wconf 87' lang='lat' dir='ltr'><strong>ei,</strong></span> <span class='ocrx_word' id='word_1_272' title='bbox 1557 3535 1612 3579; x_wconf 89' lang='lat' dir='ltr'><strong>ut</strong></span> <span class='ocrx_word' id='word_1_273' title='bbox 1633 3526 1969 3598; x_wconf 85' lang='lat' dir='ltr'><strong>suspendatur</strong></span> 
     </span>
    </p>
   </div>
   <div class='ocr_carea' id='block_1_36' title="bbox 389 3611 1969 3690">
    <p class='ocr_par' dir='ltr' id='par_1_36' title="bbox 389 3611 1969 3690">
     <span class='ocr_line' id='line_1_36' title="bbox 389 3611 1969 3690; baseline 0.007 -27"><span class='ocrx_word' id='word_1_274' title='bbox 389 3612 524 3664; x_wconf 82' lang='lat' dir='ltr'><strong>mola</strong></span> <span class='ocrx_word' id='word_1_275' title='bbox 542 3611 766 3665; x_wconf 87' lang='lat' dir='ltr'><strong>asinaria</strong></span> <span class='ocrx_word' id='word_1_276' title='bbox 787 3614 837 3666; x_wconf 85' lang='lat' dir='ltr'><strong>in</strong></span> <span class='ocrx_word' id='word_1_277' title='bbox 860 3613 991 3668; x_wconf 84' lang='lat' dir='ltr'><strong>collo</strong></span> <span class='ocrx_word' id='word_1_278' title='bbox 1021 3615 1150 3683; x_wconf 85' lang='lat' dir='ltr'><strong>ejus,</strong></span> <span class='ocrx_word' id='word_1_279' title='bbox 1179 3625 1224 3669; x_wconf 90' lang='lat' dir='ltr'><strong>et</strong></span> <span class='ocrx_word' id='word_1_280' title='bbox 1242 3616 1558 3688; x_wconf 83' lang='lat' dir='ltr'><strong>demergatur</strong></span> <span class='ocrx_word' id='word_1_281' title='bbox 1583 3618 1636 3672; x_wconf 85' lang='lat' dir='ltr'><strong>in</strong></span> <span class='ocrx_word' id='word_1_282' title='bbox 1658 3619 1969 3690; x_wconf 79' lang='lat' dir='ltr'><strong>profundum</strong></span> 
     </span>
    </p>
   </div>
   <div class='ocr_carea' id='block_1_37' title="bbox 387 3704 2012 3780">
    <p class='ocr_par' dir='ltr' id='par_1_37' title="bbox 387 3704 2012 3780">
     <span class='ocr_line' id='line_1_37' title="bbox 387 3704 2012 3780; baseline 0.008 -24"><span class='ocrx_word' id='word_1_283' title='bbox 387 3705 559 3758; x_wconf 85' lang='lat' dir='ltr'><strong>maris.</strong></span> <span class='ocrx_word' id='word_1_284' title='bbox 608 3704 740 3766; x_wconf 89' lang='lat' dir='ltr'><strong>Nam</strong></span> <span class='ocrx_word' id='word_1_285' title='bbox 769 3707 905 3761; x_wconf 88' lang='lat' dir='ltr'><strong>sicut</strong></span> <span class='ocrx_word' id='word_1_286' title='bbox 941 3709 1029 3777; x_wconf 93' lang='lat' dir='ltr'><strong>qui</strong></span> <span class='ocrx_word' id='word_1_287' title='bbox 1055 3708 1153 3764; x_wconf 90' lang='lat' dir='ltr'><strong>hos</strong></span> <span class='ocrx_word' id='word_1_288' title='bbox 1180 3710 1430 3778; x_wconf 91' lang='lat' dir='ltr'><strong>parvulos</strong></span> <span class='ocrx_word' id='word_1_289' title='bbox 1456 3721 1673 3780; x_wconf 89' lang='lat' dir='ltr'><strong>propter</strong></span> <span class='ocrx_word' id='word_1_290' title='bbox 1693 3729 1779 3767; x_wconf 91' lang='lat' dir='ltr'><strong>me</strong></span> <span class='ocrx_word' id='word_1_291' title='bbox 1796 3711 1967 3768; x_wconf 90' lang='lat' dir='ltr'><strong>hono-</strong></span> <span class='ocrx_word' id='word_1_292' title='bbox 2008 3740 2012 3744; x_wconf 78' lang='lat'><strong><em>~</em></strong></span> 
     </span>
    </p>
   </div>
   <div class='ocr_carea' id='block_1_38' title="bbox 387 3799 1961 3874">
    <p class='ocr_par' dir='ltr' id='par_1_38' title="bbox 387 3799 1961 3874">
     <span class='ocr_line' id='line_1_38' title="bbox 387 3799 1961 3874; baseline 0.007 -24"><span class='ocrx_word' id='word_1_293' title='bbox 387 3807 527 3863; x_wconf 88' lang='lat' dir='ltr'><strong>rant,</strong></span> <span class='ocrx_word' id='word_1_294' title='bbox 543 3799 730 3854; x_wconf 58' lang='lat' dir='ltr'><strong>callum</strong></span> <span class='ocrx_word' id='word_1_295' title='bbox 748 3801 1112 3870; x_wconf 80' lang='lat' dir='ltr'><strong>possidebunt,</strong></span> <span class='ocrx_word' id='word_1_296' title='bbox 1134 3802 1240 3857; x_wconf 88' lang='lat' dir='ltr'><strong>imo</strong></span> <span class='ocrx_word' id='word_1_297' title='bbox 1258 3803 1432 3874; x_wconf 86' lang='lat' dir='ltr'><strong>majus</strong></span> <span class='ocrx_word' id='word_1_298' title='bbox 1454 3819 1620 3874; x_wconf 84' lang='lat' dir='ltr'><strong>regno</strong></span> <span class='ocrx_word' id='word_1_299' title='bbox 1647 3807 1921 3874; x_wconf 68' lang='lat' dir='ltr'><strong>praemium</strong></span> <span class='ocrx_word' id='word_1_300' title='bbox 1946 3822 1961 3861; x_wconf 93' lang='lat'>:</span> 
     </span>
    </p>
   </div>
   <div class='ocr_carea' id='block_1_39' title="bbox 386 3888 1962 3969">
    <p class='ocr_par' dir='ltr' id='par_1_39' title="bbox 386 3888 1962 3969">
     <span class='ocr_line' id='line_1_39' title="bbox 386 3888 1962 3969; baseline 0.008 -27"><span class='ocrx_word' id='word_1_301' title='bbox 386 3888 457 3943; x_wconf 82' lang='lat' dir='ltr'><strong>ita</strong></span> <span class='ocrx_word' id='word_1_302' title='bbox 488 3890 574 3958; x_wconf 86' lang='lat' dir='ltr'><strong>qui</strong></span> <span class='ocrx_word' id='word_1_303' title='bbox 607 3889 928 3947; x_wconf 87' lang='lat' dir='ltr'><strong>inhonorant</strong></span> <span class='ocrx_word' id='word_1_304' title='bbox 955 3892 1030 3965; x_wconf 90' lang='lat' dir='ltr'><strong>(id</strong></span> <span class='ocrx_word' id='word_1_305' title='bbox 1055 3894 1196 3949; x_wconf 86' lang='lat' dir='ltr'><strong>enim</strong></span> <span class='ocrx_word' id='word_1_306' title='bbox 1236 3903 1320 3949; x_wconf 89' lang='lat' dir='ltr'><strong>est</strong></span> <span class='ocrx_word' id='word_1_307' title='bbox 1344 3896 1751 3969; x_wconf 88' lang='lat' dir='ltr'><strong>scandalizare),</strong></span> <span class='ocrx_word' id='word_1_308' title='bbox 1781 3907 1962 3954; x_wconf 80' lang='lat' dir='ltr'><strong>extre-</strong></span> 
     </span>
    </p>
   </div>
   <div class='ocr_carea' id='block_1_40' title="bbox 385 3979 1962 4052">
    <p class='ocr_par' dir='ltr' id='par_1_40' title="bbox 385 3979 1962 4052">
     <span class='ocr_line' id='line_1_40' title="bbox 385 3979 1962 4052; baseline 0.011 -19"><span class='ocrx_word' id='word_1_309' title='bbox 385 3995 501 4034; x_wconf 90' lang='lat' dir='ltr'><strong>mas</strong></span> <span class='ocrx_word' id='word_1_310' title='bbox 525 3979 723 4036; x_wconf 88' lang='lat' dir='ltr'><strong>dabunt</strong></span> <span class='ocrx_word' id='word_1_311' title='bbox 746 3998 950 4052; x_wconf 75' lang='lat' dir='ltr'><strong>pmnas.</strong></span> <span class='ocrx_word' id='word_1_312' title='bbox 985 3984 1040 4039; x_wconf 88' lang='lat' dir='ltr'><strong>Si</strong></span> <span class='ocrx_word' id='word_1_313' title='bbox 1092 4001 1218 4040; x_wconf 91' lang='lat' dir='ltr'><strong>vero</strong></span> <span class='ocrx_word' id='word_1_314' title='bbox 1243 3987 1549 4043; x_wconf 89' lang='lat' dir='ltr'><strong>scandalum</strong></span> <span class='ocrx_word' id='word_1_315' title='bbox 1589 3991 1962 4050; x_wconf 87' lang='lat' dir='ltr'><strong>contumeliam</strong></span> 
     </span>
    </p>
   </div>
   <div class='ocr_carea' id='block_1_41' title="bbox 385 4075 1961 4149">
    <p class='ocr_par' dir='ltr' id='par_1_41' title="bbox 385 4075 1961 4149">
     <span class='ocr_line' id='line_1_41' title="bbox 385 4075 1961 4149; baseline 0.011 -26"><span class='ocrx_word' id='word_1_316' title='bbox 385 4080 556 4135; x_wconf 89' lang='lat' dir='ltr'><strong>vocet,</strong></span> <span class='ocrx_word' id='word_1_317' title='bbox 587 4089 652 4127; x_wconf 90' lang='lat' dir='ltr'><strong>ne</strong></span> <span class='ocrx_word' id='word_1_318' title='bbox 678 4075 914 4142; x_wconf 83' lang='lat' dir='ltr'><strong>mireris;</strong></span> <span class='ocrx_word' id='word_1_319' title='bbox 942 4091 1061 4131; x_wconf 91' lang='lat' dir='ltr'><strong>cum</strong></span> <span class='ocrx_word' id='word_1_320' title='bbox 1085 4078 1234 4132; x_wconf 92' lang='lat' dir='ltr'><strong>multi</strong></span> <span class='ocrx_word' id='word_1_321' title='bbox 1253 4080 1320 4134; x_wconf 93' lang='lat' dir='ltr'><strong>ob</strong></span> <span class='ocrx_word' id='word_1_322' title='bbox 1338 4081 1824 4149; x_wconf 89' lang='lat' dir='ltr'><strong>pusillanimilatem</strong></span> <span class='ocrx_word' id='word_1_323' title='bbox 1856 4099 1961 4142; x_wconf 90' lang='lat' dir='ltr'><strong>non</strong></span> 
     </span>
    </p>
   </div>
   <div class='ocr_carea' id='block_1_42' title="bbox 383 4167 1964 4244">
    <p class='ocr_par' dir='ltr' id='par_1_42' title="bbox 383 4167 1964 4244">
     <span class='ocr_line' id='line_1_42' title="bbox 383 4167 1964 4244; baseline 0.011 -28"><span class='ocrx_word' id='word_1_324' title='bbox 383 4178 570 4234; x_wconf 86' lang='lat' dir='ltr'><strong>parum</strong></span> <span class='ocrx_word' id='word_1_325' title='bbox 599 4167 937 4222; x_wconf 84' lang='lat' dir='ltr'><strong>scandalizati</strong></span> <span class='ocrx_word' id='word_1_326' title='bbox 959 4168 1158 4225; x_wconf 90' lang='lat' dir='ltr'><strong>fuerint</strong></span> <span class='ocrx_word' id='word_1_327' title='bbox 1200 4186 1266 4226; x_wconf 89' lang='lat' dir='ltr'><strong>eo</strong></span> <span class='ocrx_word' id='word_1_328' title='bbox 1296 4173 1436 4242; x_wconf 84' lang='lat' dir='ltr'><strong>quod</strong></span> <span class='ocrx_word' id='word_1_329' title='bbox 1463 4174 1885 4244; x_wconf 87' lang='lat' dir='ltr'><strong>despicerentur,</strong></span> <span class='ocrx_word' id='word_1_330' title='bbox 1907 4187 1964 4233; x_wconf 89' lang='lat' dir='ltr'><strong>et</strong></span> 
     </span>
    </p>
   </div>
   <div class='ocr_carea' id='block_1_43' title="bbox 383 4257 1960 4341">
    <p class='ocr_par' dir='ltr' id='par_1_43' title="bbox 383 4257 1960 4341">
     <span class='ocr_line' id='line_1_43' title="bbox 383 4257 1960 4341; baseline 0.01 -31"><span class='ocrx_word' id='word_1_331' title='bbox 383 4257 699 4312; x_wconf 84' lang='lat' dir='ltr'><strong>contumelia</strong></span> <span class='ocrx_word' id='word_1_332' title='bbox 720 4258 1077 4316; x_wconf 87' lang='lat' dir='ltr'><strong>afficerentur.</strong></span> <span class='ocrx_word' id='word_1_333' title='bbox 1107 4261 1318 4317; x_wconf 88' lang='lat' dir='ltr'><strong>Crimen</strong></span> <span class='ocrx_word' id='word_1_334' title='bbox 1345 4279 1474 4334; x_wconf 88' lang='lat' dir='ltr'><strong>ergo</strong></span> <span class='ocrx_word' id='word_1_335' title='bbox 1496 4281 1840 4341; x_wconf 74' lang='lat' dir='ltr'><strong>exaggerans,</strong></span> <span class='ocrx_word' id='word_1_336' title='bbox 1863 4269 1960 4324; x_wconf 89' lang='lat' dir='ltr'><strong>de-</strong></span> 
     </span>
    </p>
   </div>
   <div class='ocr_carea' id='block_1_44' title="bbox 383 4349 1960 4428">
    <p class='ocr_par' dir='ltr' id='par_1_44' title="bbox 383 4349 1960 4428">
     <span class='ocr_line' id='line_1_44' title="bbox 383 4349 1960 4428; baseline 0.01 -27"><span class='ocrx_word' id='word_1_337' title='bbox 383 4349 688 4422; x_wconf 84' lang='lat' dir='ltr'><strong>trimentum</strong></span> <span class='ocrx_word' id='word_1_338' title='bbox 720 4352 840 4406; x_wconf 89' lang='lat' dir='ltr'><strong>inde</strong></span> <span class='ocrx_word' id='word_1_339' title='bbox 882 4362 1054 4407; x_wconf 92' lang='lat' dir='ltr'><strong>ortum</strong></span> <span class='ocrx_word' id='word_1_340' title='bbox 1103 4356 1343 4425; x_wconf 83' lang='lat' dir='ltr'><strong>exponit.</strong></span> <span class='ocrx_word' id='word_1_341' title='bbox 1401 4356 1584 4428; x_wconf 82' lang='lat' dir='ltr'><strong>Neque</strong></span> <span class='ocrx_word' id='word_1_342' title='bbox 1614 4360 1750 4413; x_wconf 89' lang='lat' dir='ltr'><strong>ultra</strong></span> <span class='ocrx_word' id='word_1_343' title='bbox 1776 4363 1960 4416; x_wconf 82' lang='lat' dir='ltr'><strong>exiis-</strong></span> 
     </span>
    </p>
   </div>
   <div class='ocr_carea' id='block_1_45' title="bbox 384 4439 1960 4518">
    <p class='ocr_par' dir='ltr' id='par_1_45' title="bbox 384 4439 1960 4518">
     <span class='ocr_line' id='line_1_45' title="bbox 384 4439 1960 4518; baseline 0.011 -26"><span class='ocrx_word' id='word_1_344' title='bbox 384 4439 506 4494; x_wconf 87' lang='lat' dir='ltr'><strong>dem</strong></span> <span class='ocrx_word' id='word_1_345' title='bbox 552 4442 870 4510; x_wconf 87' lang='lat' dir='ltr'><strong>supplicium</strong></span> <span class='ocrx_word' id='word_1_346' title='bbox 897 4445 1151 4512; x_wconf 88' lang='lat' dir='ltr'><strong>ostendit,</strong></span> <span class='ocrx_word' id='word_1_347' title='bbox 1185 4447 1278 4501; x_wconf 91' lang='lat' dir='ltr'><strong>sed</strong></span> <span class='ocrx_word' id='word_1_348' title='bbox 1307 4464 1463 4518; x_wconf 91' lang='lat' dir='ltr'><strong>quam</strong></span> <span class='ocrx_word' id='word_1_349' title='bbox 1515 4450 1847 4508; x_wconf 85' lang='lat' dir='ltr'><strong>intolerabile</strong></span> <span class='ocrx_word' id='word_1_350' title='bbox 1891 4454 1960 4509; x_wconf 87' lang='lat' dir='ltr'><strong>sit</strong></span> 
     </span>
    </p>
   </div>
   <div class='ocr_carea' id='block_1_46' title="bbox 383 4533 1958 4602">
    <p class='ocr_par' dir='ltr' id='par_1_46' title="bbox 383 4533 1958 4602">
     <span class='ocr_line' id='line_1_46' title="bbox 383 4533 1958 4602; baseline 0.011 -18"><span class='ocrx_word' id='word_1_351' title='bbox 383 4547 448 4586; x_wconf 81' lang='lat' dir='ltr'><strong>ex</strong></span> <span class='ocrx_word' id='word_1_352' title='bbox 470 4533 629 4587; x_wconf 88' lang='lat' dir='ltr'><strong>rebus</strong></span> <span class='ocrx_word' id='word_1_353' title='bbox 647 4535 796 4588; x_wconf 89' lang='lat' dir='ltr'><strong>nobis</strong></span> <span class='ocrx_word' id='word_1_354' title='bbox 817 4537 1105 4592; x_wconf 88' lang='lat' dir='ltr'><strong>notissimis</strong></span> <span class='ocrx_word' id='word_1_355' title='bbox 1128 4539 1381 4594; x_wconf 88' lang='lat' dir='ltr'><strong>declarat.</strong></span> <span class='ocrx_word' id='word_1_356' title='bbox 1411 4542 1540 4598; x_wconf 92' lang='lat' dir='ltr'><strong>Nam</strong></span> <span class='ocrx_word' id='word_1_357' title='bbox 1568 4560 1686 4598; x_wconf 91' lang='lat' dir='ltr'><strong>cum</strong></span> <span class='ocrx_word' id='word_1_358' title='bbox 1718 4546 1958 4602; x_wconf 88' lang='lat' dir='ltr'><strong>rudiores</strong></span> 
     </span>
    </p>
   </div>
   <div class='ocr_carea' id='block_1_47' title="bbox 381 4623 1951 4704">
    <p class='ocr_par' dir='ltr' id='par_1_47' title="bbox 381 4623 1951 4704">
     <span class='ocr_line' id='line_1_47' title="bbox 381 4623 1951 4704; baseline 0.011 -29"><span class='ocrx_word' id='word_1_359' title='bbox 381 4623 494 4678; x_wconf 85' lang='lat' dir='ltr'><strong>vult</strong></span> <span class='ocrx_word' id='word_1_360' title='bbox 524 4626 900 4696; x_wconf 87' lang='lat' dir='ltr'><strong>perstringere,</strong></span> <span class='ocrx_word' id='word_1_361' title='bbox 922 4627 1022 4682; x_wconf 86' lang='lat' dir='ltr'><strong>sub</strong></span> <span class='ocrx_word' id='word_1_362' title='bbox 1035 4644 1246 4683; x_wconf 90' lang='lat' dir='ltr'><strong>sensum</strong></span> <span class='ocrx_word' id='word_1_363' title='bbox 1266 4631 1507 4687; x_wconf 84' lang='lat' dir='ltr'><strong>cadentia</strong></span> <span class='ocrx_word' id='word_1_364' title='bbox 1521 4637 1766 4704; x_wconf 73' lang='lat' dir='ltr'><strong>exempla</strong></span> <span class='ocrx_word' id='word_1_365' title='bbox 1780 4636 1951 4692; x_wconf 76' lang='lat' dir='ltr'><strong>affert.</strong></span> 
     </span>
    </p>
   </div>
   <div class='ocr_carea' id='block_1_48' title="bbox 379 4716 1954 4797">
    <p class='ocr_par' dir='ltr' id='par_1_48' title="bbox 379 4716 1954 4797">
     <span class='ocr_line' id='line_1_48' title="bbox 379 4716 1954 4797; baseline 0.011 -31"><span class='ocrx_word' id='word_1_366' title='bbox 379 4716 711 4784; x_wconf 87' lang='lat' dir='ltr'><strong>Quapropter</strong></span> <span class='ocrx_word' id='word_1_367' title='bbox 752 4732 873 4772; x_wconf 90' lang='lat' dir='ltr'><strong>cum</strong></span> <span class='ocrx_word' id='word_1_368' title='bbox 923 4719 1008 4775; x_wconf 90' lang='lat' dir='ltr'><strong>hic</strong></span> <span class='ocrx_word' id='word_1_369' title='bbox 1059 4722 1343 4778; x_wconf 81' lang='lat' dir='ltr'><strong>ostendere</strong></span> <span class='ocrx_word' id='word_1_370' title='bbox 1396 4725 1554 4790; x_wconf 89' lang='lat' dir='ltr'><strong>velit,</strong></span> <span class='ocrx_word' id='word_1_371' title='bbox 1585 4727 1728 4795; x_wconf 80' lang='lat' dir='ltr'><strong>ipsos</strong></span> <span class='ocrx_word' id='word_1_372' title='bbox 1760 4729 1954 4797; x_wconf 85' lang='lat' dir='ltr'><strong>ingenti</strong></span> 
     </span>
    </p>
   </div>
   <div class='ocr_carea' id='block_1_49' title="bbox 378 4807 1955 4890">
    <p class='ocr_par' dir='ltr' id='par_1_49' title="bbox 378 4807 1955 4890">
     <span class='ocr_line' id='line_1_49' title="bbox 378 4807 1955 4890; baseline 0.012 -32"><span class='ocrx_word' id='word_1_373' title='bbox 378 4808 638 4876; x_wconf 87' lang='lat' dir='ltr'><strong>supplicio</strong></span> <span class='ocrx_word' id='word_1_374' title='bbox 662 4807 908 4864; x_wconf 80' lang='lat' dir='ltr'><strong>allectum</strong></span> <span class='ocrx_word' id='word_1_375' title='bbox 952 4812 1034 4878; x_wconf 92' lang='lat' dir='ltr'><strong>iri,</strong></span> <span class='ocrx_word' id='word_1_376' title='bbox 1073 4823 1127 4868; x_wconf 91' lang='lat' dir='ltr'><strong>et</strong></span> <span class='ocrx_word' id='word_1_377' title='bbox 1156 4831 1342 4869; x_wconf 85' lang='lat' dir='ltr'><strong>eorum</strong></span> <span class='ocrx_word' id='word_1_378' title='bbox 1372 4818 1460 4888; x_wconf 94' lang='lat' dir='ltr'><strong>qui</strong></span> <span class='ocrx_word' id='word_1_379' title='bbox 1485 4819 1627 4887; x_wconf 84' lang='lat' dir='ltr'><strong>ipSos</strong></span> <span class='ocrx_word' id='word_1_380' title='bbox 1655 4820 1955 4890; x_wconf 86' lang='lat' dir='ltr'><strong>despiciunt</strong></span> 
     </span>
    </p>
   </div>
   <div class='ocr_carea' id='block_1_50' title="bbox 378 4901 1952 4979">
    <p class='ocr_par' dir='ltr' id='par_1_50' title="bbox 378 4901 1952 4979">
     <span class='ocr_line' id='line_1_50' title="bbox 378 4901 1952 4979; baseline 0.011 -29"><span class='ocrx_word' id='word_1_381' title='bbox 378 4901 730 4972; x_wconf 77' lang='lat' dir='ltr'><strong>arrogantiam</strong></span> <span class='ocrx_word' id='word_1_382' title='bbox 748 4904 1296 4972; x_wconf 78' lang='lat' dir='ltr'><strong>exagitare,sensibile</strong></span> <span class='ocrx_word' id='word_1_383' title='bbox 1317 4911 1631 4979; x_wconf 84' lang='lat' dir='ltr'><strong>supplicium</strong></span> <span class='ocrx_word' id='word_1_384' title='bbox 1647 4913 1696 4965; x_wconf 91' lang='lat' dir='ltr'><strong>iu</strong></span> <span class='ocrx_word' id='word_1_385' title='bbox 1720 4913 1952 4968; x_wconf 90' lang='lat' dir='ltr'><strong>medium</strong></span> 
     </span>
    </p>
   </div>
   <div class='ocr_carea' id='block_1_51' title="bbox 377 4989 1951 5069">
    <p class='ocr_par' dir='ltr' id='par_1_51' title="bbox 377 4989 1951 5069">
     <span class='ocr_line' id='line_1_51' title="bbox 377 4989 1951 5069; baseline 0.011 -26"><span class='ocrx_word' id='word_1_386' title='bbox 377 4989 550 5051; x_wconf 82' lang='lat' dir='ltr'><strong>affert.</strong></span> <span class='ocrx_word' id='word_1_387' title='bbox 583 4993 736 5047; x_wconf 71' lang='lat' dir='ltr'><strong>mola:</strong></span> <span class='ocrx_word' id='word_1_388' title='bbox 761 5009 824 5048; x_wconf 89' lang='lat' dir='ltr'><strong>ac</strong></span> <span class='ocrx_word' id='word_1_389' title='bbox 852 4995 1234 5063; x_wconf 88' lang='lat' dir='ltr'><strong>demersionis;</strong></span> <span class='ocrx_word' id='word_1_390' title='bbox 1267 5002 1506 5069; x_wconf 86' lang='lat' dir='ltr'><strong>quamvis</strong></span> <span class='ocrx_word' id='word_1_391' title='bbox 1531 5004 1823 5058; x_wconf 88' lang='lat' dir='ltr'><strong>secundum</strong></span> <span class='ocrx_word' id='word_1_392' title='bbox 1864 5021 1951 5060; x_wconf 91' lang='lat' dir='ltr'><strong>se-</strong></span> 
     </span>
    </p>
   </div>
   <div class='ocr_carea' id='block_1_52' title="bbox 380 5083 1953 5163">
    <p class='ocr_par' dir='ltr' id='par_1_52' title="bbox 380 5083 1953 5163">
     <span class='ocr_line' id='line_1_52' title="bbox 380 5083 1953 5163; baseline 0.013 -29"><span class='ocrx_word' id='word_1_393' title='bbox 380 5084 510 5136; x_wconf 89' lang='lat' dir='ltr'><strong>riem</strong></span> <span class='ocrx_word' id='word_1_394' title='bbox 534 5083 732 5139; x_wconf 83' lang='lat' dir='ltr'><strong>dixisse</strong></span> <span class='ocrx_word' id='word_1_395' title='bbox 761 5101 854 5155; x_wconf 88' lang='lat' dir='ltr'><strong>par</strong></span> <span class='ocrx_word' id='word_1_396' title='bbox 882 5085 1039 5142; x_wconf 79' lang='lat' dir='ltr'><strong>fuerit</strong></span> <span class='ocrx_word' id='word_1_397' title='bbox 1066 5105 1080 5140; x_wconf 91' lang='lat'><strong>:</strong></span> <span class='ocrx_word' id='word_1_398' title='bbox 1113 5089 1211 5158; x_wconf 87' lang='lat' dir='ltr'><strong>Qui</strong></span> <span class='ocrx_word' id='word_1_399' title='bbox 1237 5108 1338 5145; x_wconf 90' lang='lat' dir='ltr'><strong>non</strong></span> <span class='ocrx_word' id='word_1_400' title='bbox 1361 5095 1582 5163; x_wconf 86' lang='lat' dir='ltr'><strong>suscipit</strong></span> <span class='ocrx_word' id='word_1_401' title='bbox 1603 5112 1761 5150; x_wconf 90' lang='lat' dir='ltr'><strong>unum</strong></span> <span class='ocrx_word' id='word_1_402' title='bbox 1778 5113 1841 5152; x_wconf 81' lang='lat' dir='ltr'><strong>ex</strong></span> <span class='ocrx_word' id='word_1_403' title='bbox 1872 5098 1953 5155; x_wconf 89' lang='lat' dir='ltr'><strong>his</strong></span> 
     </span>
    </p>
   </div>
   <div class='ocr_carea' id='block_1_53' title="bbox 379 5173 1952 5256">
    <p class='ocr_par' dir='ltr' id='par_1_53' title="bbox 379 5173 1952 5256">
     <span class='ocr_line' id='line_1_53' title="bbox 379 5173 1952 5256; baseline 0.014 -34"><span class='ocrx_word' id='word_1_404' title='bbox 379 5173 628 5239; x_wconf 86' lang='lat' dir='ltr'><strong>parvulis,</strong></span> <span class='ocrx_word' id='word_1_405' title='bbox 661 5190 746 5228; x_wconf 91' lang='lat' dir='ltr'><strong>me</strong></span> <span class='ocrx_word' id='word_1_406' title='bbox 775 5191 878 5229; x_wconf 91' lang='lat' dir='ltr'><strong>non</strong></span> <span class='ocrx_word' id='word_1_407' title='bbox 907 5179 1316 5250; x_wconf 89' lang='lat' dir='ltr'><strong>suscipit;quod</strong></span> <span class='ocrx_word' id='word_1_408' title='bbox 1348 5185 1489 5238; x_wconf 91' lang='lat' dir='ltr'><strong>omni</strong></span> <span class='ocrx_word' id='word_1_409' title='bbox 1519 5188 1779 5256; x_wconf 89' lang='lat' dir='ltr'><strong>supplicio</strong></span> <span class='ocrx_word' id='word_1_410' title='bbox 1799 5204 1952 5243; x_wconf 90' lang='lat' dir='ltr'><strong>acer-</strong></span> 
     </span>
    </p>
   </div>
   <div class='ocr_carea' id='block_1_54' title="bbox 376 5263 1950 5338">
    <p class='ocr_par' dir='ltr' id='par_1_54' title="bbox 376 5263 1950 5338">
     <span class='ocr_line' id='line_1_54' title="bbox 376 5263 1950 5338; baseline 0.013 -23"><span class='ocrx_word' id='word_1_411' title='bbox 376 5263 494 5316; x_wconf 89' lang='lat' dir='ltr'><strong>bius</strong></span> <span class='ocrx_word' id='word_1_412' title='bbox 519 5273 634 5318; x_wconf 90' lang='lat' dir='ltr'><strong>erat</strong></span> <span class='ocrx_word' id='word_1_413' title='bbox 661 5281 674 5317; x_wconf 92' lang='lat'><strong>:</strong></span> <span class='ocrx_word' id='word_1_414' title='bbox 695 5267 788 5320; x_wconf 90' lang='lat' dir='ltr'><strong>sed</strong></span> <span class='ocrx_word' id='word_1_415' title='bbox 811 5269 930 5338; x_wconf 87' lang='lat' dir='ltr'><strong>quia</strong></span> <span class='ocrx_word' id='word_1_416' title='bbox 961 5270 1199 5326; x_wconf 90' lang='lat' dir='ltr'><strong>rudiores</strong></span> <span class='ocrx_word' id='word_1_417' title='bbox 1224 5285 1278 5328; x_wconf 90' lang='lat' dir='ltr'><strong>et</strong></span> <span class='ocrx_word' id='word_1_418' title='bbox 1305 5277 1592 5331; x_wconf 90' lang='lat' dir='ltr'><strong>crassiores</strong></span> <span class='ocrx_word' id='word_1_419' title='bbox 1616 5277 1714 5334; x_wconf 89' lang='lat' dir='ltr'><strong>hac</strong></span> <span class='ocrx_word' id='word_1_420' title='bbox 1731 5282 1950 5336; x_wconf 89' lang='lat' dir='ltr'><strong>terribili</strong></span> 
     </span>
    </p>
   </div>
   <div class='ocr_carea' id='block_1_55' title="bbox 375 5356 1948 5434">
    <p class='ocr_par' dir='ltr' id='par_1_55' title="bbox 375 5356 1948 5434">
     <span class='ocr_line' id='line_1_55' title="bbox 375 5356 1948 5434; baseline 0.013 -27"><span class='ocrx_word' id='word_1_421' title='bbox 375 5366 528 5419; x_wconf 71' lang='lat' dir='ltr'><strong>paena</strong></span> <span class='ocrx_word' id='word_1_422' title='bbox 552 5369 656 5409; x_wconf 89' lang='lat' dir='ltr'><strong>non</strong></span> <span class='ocrx_word' id='word_1_423' title='bbox 678 5356 1063 5424; x_wconf 74' lang='lat' dir='ltr'><strong>efficiebantur,</strong></span> <span class='ocrx_word' id='word_1_424' title='bbox 1088 5364 1279 5418; x_wconf 91' lang='lat' dir='ltr'><strong>molam</strong></span> <span class='ocrx_word' id='word_1_425' title='bbox 1308 5367 1452 5434; x_wconf 90' lang='lat' dir='ltr'><strong>ponit</strong></span> <span class='ocrx_word' id='word_1_426' title='bbox 1472 5370 1948 5428; x_wconf 88' lang='lat' dir='ltr'><strong>etdemersionem.</strong></span> 
     </span>
    </p>
   </div>
   <div class='ocr_carea' id='block_1_56' title="bbox 374 5443 1948 5538">
    <p class='ocr_par' dir='ltr' id='par_1_56' title="bbox 374 5443 1948 5538">
     <span class='ocr_line' id='line_1_56' title="bbox 374 5443 1948 5538; baseline 0.015 -39"><span class='ocrx_word' id='word_1_427' title='bbox 374 5443 556 5516; x_wconf 82' lang='lat' dir='ltr'><strong>Neque</strong></span> <span class='ocrx_word' id='word_1_428' title='bbox 604 5449 758 5516; x_wconf 74' lang='lat' dir='ltr'><strong>dixit,</strong></span> <span class='ocrx_word' id='word_1_429' title='bbox 790 5451 928 5507; x_wconf 82' lang='lat' dir='ltr'><strong>Mula</strong></span> <span class='ocrx_word' id='word_1_430' title='bbox 972 5457 1327 5525; x_wconf 85' lang='lat' dir='ltr'><strong>suSpendetur</strong></span> <span class='ocrx_word' id='word_1_431' title='bbox 1367 5477 1396 5514; x_wconf 90' lang='lat' dir='ltr'><strong>a</strong></span> <span class='ocrx_word' id='word_1_432' title='bbox 1450 5463 1586 5516; x_wconf 90' lang='lat' dir='ltr'><strong>collo</strong></span> <span class='ocrx_word' id='word_1_433' title='bbox 1632 5467 1782 5533; x_wconf 87' lang='lat' dir='ltr'><strong>ejus;</strong></span> <span class='ocrx_word' id='word_1_434' title='bbox 1831 5467 1948 5538; x_wconf 79' lang='lat' dir='ltr'><strong>sed,</strong></span> 
     </span>
    </p>
   </div>
   <div class='ocr_carea' id='block_1_57' title="bbox 441 5603 1950 5679">
    <p class='ocr_par' dir='ltr' id='par_1_57' title="bbox 441 5603 1950 5679">
     <span class='ocr_line' id='line_1_57' title="bbox 441 5603 1950 5679; baseline 0.016 -30"><span class='ocrx_word' id='word_1_435' title='bbox 441 5603 617 5679; x_wconf 36' lang='lat' dir='ltr'><strong>illaec,</strong></span> <span class='ocrx_word' id='word_1_436' title='bbox 643 5605 798 5679; x_wconf 71' lang='lat' dir='ltr'><strong>quiut</strong></span> <span class='ocrx_word' id='word_1_437' title='bbox 820 5621 896 5658; x_wconf 87' lang='lat' dir='ltr'><strong>me</strong></span> <span class='ocrx_word' id='word_1_438' title='bbox 908 5609 1139 5679; x_wconf 84' lang='lat' dir='ltr'><strong>__cred_unt,</strong></span> <span class='ocrx_word' id='word_1_439' title='bbox 1163 5613 1341 5663; x_wconf 77' lang='lat' dir='ltr'><strong>desunt</strong></span> <span class='ocrx_word' id='word_1_440' title='bbox 1375 5618 1420 5664; x_wconf 95' lang='lat' dir='ltr'><strong>in</strong></span> <span class='ocrx_word' id='word_1_441' title='bbox 1447 5620 1729 5679; x_wconf 78' lang='lat' dir='ltr'><strong>quihusdam</strong></span> <span class='ocrx_word' id='word_1_442' title='bbox 1755 5630 1858 5672; x_wconf 75' lang='lat' dir='ltr'><strong>Mss.</strong></span> <span class='ocrx_word' id='word_1_443' title='bbox 1899 5632 1950 5673; x_wconf 88' lang='lat' dir='ltr'><strong>et</strong></span> 
     </span>
    </p>
   </div>
   <div class='ocr_carea' id='block_1_58' title="bbox 376 5662 1947 5745">
    <p class='ocr_par' dir='ltr' id='par_1_58' title="bbox 376 5662 1947 5745">
     <span class='ocr_line' id='line_1_58' title="bbox 376 5662 1947 5745; baseline 0.015 -34"><span class='ocrx_word' id='word_1_444' title='bbox 376 5662 424 5745; x_wconf 45' lang='lat' dir='ltr'><strong>inn</strong></span> <span class='ocrx_word' id='word_1_445' title='bbox 445 5663 626 5745; x_wconf 53' lang='lat' dir='ltr'><strong>Brutis“;</strong></span> <span class='ocrx_word' id='word_1_446' title='bbox 654 5662 744 5717; x_wconf 65' lang='lat' dir='ltr'><strong>Sed</strong></span> <span class='ocrx_word' id='word_1_447' title='bbox 766 5672 814 5718; x_wconf 88' lang='lat' dir='ltr'><strong>in</strong></span> <span class='ocrx_word' id='word_1_448' title='bbox 836 5662 1137 5745; x_wconf 57' lang='lat' dir='ltr'><strong>quibusdam</strong></span> <span class='ocrx_word' id='word_1_449' title='bbox 1165 5662 1544 5739; x_wconf 29' lang='lat' dir='ltr'><strong>exemptarilitis’</strong></span> 
     </span>
    </p>
   </div>
   <div class='ocr_carea' id='block_1_59' title="bbox 376 5729 1302 5791">
    <p class='ocr_par' dir='ltr' id='par_1_59' title="bbox 376 5729 1302 5791">
     <span class='ocr_line' id='line_1_59' title="bbox 376 5729 1302 5791; baseline 0.016 -19"><span class='ocrx_word' id='word_1_450' title='bbox 376 5729 582 5788; x_wconf 80' lang='lat' dir='ltr'><strong>Georgio</strong></span> <span class='ocrx_word' id='word_1_451' title='bbox 598 5729 914 5791; x_wconf 78' lang='lat' dir='ltr'><strong>&#39;lrapezuntio</strong></span> <span class='ocrx_word' id='word_1_452' title='bbox 937 5734 1064 5784; x_wconf 82' lang='lat' dir='ltr'><strong>lecta</strong></span> <span class='ocrx_word' id='word_1_453' title='bbox 1088 5736 1302 5787; x_wconf 80' lang='lat' dir='ltr'><strong>fuerunt.</strong></span> 
     </span>
    </p>
   </div>
   <div class='ocr_carea' id='block_1_60' title="bbox 435 5812 1629 5877">
    <p class='ocr_par' dir='ltr' id='par_1_60' title="bbox 435 5812 1629 5877">
     <span class='ocr_line' id='line_1_60' title="bbox 435 5812 1629 5877; baseline 0.015 -18"><span class='ocrx_word' id='word_1_454' title='bbox 435 5812 512 5873; x_wconf 81' lang='grc' dir='ltr'><strong>(α)</strong></span> <span class='ocrx_word' id='word_1_455' title='bbox 546 5814 788 5866; x_wconf 68' lang='grc' dir='ltr'>ιδωεὶιωι</span> <span class='ocrx_word' id='word_1_456' title='bbox 810 5816 1044 5870; x_wconf 83' lang='lat' dir='ltr'><strong>dicebant</strong></span> <span class='ocrx_word' id='word_1_457' title='bbox 1068 5822 1238 5871; x_wconf 83' lang='lat' dir='ltr'><strong>malam</strong></span> <span class='ocrx_word' id='word_1_458' title='bbox 1264 5836 1374 5875; x_wconf 77' lang='lat' dir='ltr'><strong>esse</strong></span> <span class='ocrx_word' id='word_1_459' title='bbox 1400 5837 1629 5877; x_wconf 85' lang='lat' dir='ltr'><strong>naturam.</strong></span> 
     </span>
    </p>
   </div>
   <div class='ocr_carea' id='block_1_61' title="bbox 1340 353 1971 435">
    <p class='ocr_par' dir='ltr' id='par_1_61' title="bbox 1340 353 1971 412">
     <span class='ocr_line' id='line_1_61' title="bbox 1340 353 1971 412; baseline 0.005 -5"><span class='ocrx_word' id='word_1_460' title='bbox 1340 354 1407 410; x_wconf 85' lang='lat' dir='ltr'><strong>lN</strong></span> <span class='ocrx_word' id='word_1_461' title='bbox 1448 353 1849 411; x_wconf 65' lang='lat' dir='ltr'><strong>MATTHAEUM</strong></span> <span class='ocrx_word' id='word_1_462' title='bbox 1890 353 1971 412; x_wconf 82' lang='lat' dir='ltr'><strong>llU</strong></span> 
     </span>
    </p>
   </div>
   <div class='ocr_carea' id='block_1_62' title="bbox 2077 353 3693 435">
    <p class='ocr_par' dir='ltr' id='par_1_62' title="bbox 2077 355 3693 435">
     <span class='ocr_line' id='line_1_62' title="bbox 2077 355 3693 435; baseline 0.015 -26"><span class='ocrx_word' id='word_1_463' title='bbox 2161 355 2332 412; x_wconf 74' lang='lat' dir='ltr'><strong>LVlll.</strong></span> <span class='ocrx_word' id='word_1_464' title='bbox 2376 361 2448 415; x_wconf 88' lang='lat' dir='ltr'><strong>al.</strong></span> <span class='ocrx_word' id='word_1_465' title='bbox 2491 362 2624 420; x_wconf 74' lang='lat' dir='ltr'><strong>LIX.</strong></span> <span class='ocrx_word' id='word_1_466' title='bbox 3582 378 3693 435; x_wconf 71' lang='lat' dir='ltr'><strong>‘5in</strong></span> 
     </span>
    </p>
   </div>
   <div class='ocr_carea' id='block_1_63' title="bbox 2108 472 3687 564">
    <p class='ocr_par' dir='ltr' id='par_1_63' title="bbox 2108 472 3687 564">
     <span class='ocr_line' id='line_1_63' title="bbox 2108 472 3687 564; baseline 0.016 -41"><span class='ocrx_word' id='word_1_467' title='bbox 2108 472 2330 528; x_wconf 64' lang='lat' dir='ltr'><strong>Exueilit</strong></span> <span class='ocrx_word' id='word_1_468' title='bbox 2355 477 2420 542; x_wconf 87' lang='lat' dir='ltr'><strong>ei,</strong></span> <span class='ocrx_word' id='word_1_469' title='bbox 2453 488 2508 532; x_wconf 90' lang='lat' dir='ltr'><strong>ut</strong></span> <span class='ocrx_word' id='word_1_470' title='bbox 2562 480 2660 536; x_wconf 90' lang='lat' dir='ltr'><strong>hac</strong></span> <span class='ocrx_word' id='word_1_471' title='bbox 2689 496 2841 551; x_wconf 63' lang='lat' dir='ltr'><strong>paena</strong></span> <span class='ocrx_word' id='word_1_472' title='bbox 2867 484 3170 554; x_wconf 82' lang='lat' dir='ltr'><strong>mulctclur,</strong></span> <span class='ocrx_word' id='word_1_473' title='bbox 3202 491 3491 547; x_wconf 83' lang='lat' dir='ltr'><strong>ostendens</strong></span> <span class='ocrx_word' id='word_1_474' title='bbox 3519 495 3687 564; x_wconf 81' lang='lat' dir='ltr'><strong>ipsum</strong></span> 
     </span>
    </p>
   </div>
   <div class='ocr_carea' id='block_1_64' title="bbox 2101 567 3689 651">
    <p class='ocr_par' dir='ltr' id='par_1_64' title="bbox 2101 567 3689 651">
     <span class='ocr_line' id='line_1_64' title="bbox 2101 567 3689 651; baseline 0.014 -33"><span class='ocrx_word' id='word_1_475' title='bbox 2101 567 2303 633; x_wconf 80' lang='lat' dir='ltr'><strong>majore</strong></span> <span class='ocrx_word' id='word_1_476' title='bbox 2324 570 2480 623; x_wconf 90' lang='lat' dir='ltr'><strong>etiam</strong></span> <span class='ocrx_word' id='word_1_477' title='bbox 2508 573 2769 642; x_wconf 90' lang='lat' dir='ltr'><strong>supplicio</strong></span> <span class='ocrx_word' id='word_1_478' title='bbox 2794 574 3132 632; x_wconf 85' lang='lat' dir='ltr'><strong>afficiendum</strong></span> <span class='ocrx_word' id='word_1_479' title='bbox 3179 597 3191 631; x_wconf 90' lang='lat'>:</span> <span class='ocrx_word' id='word_1_480' title='bbox 3223 582 3363 651; x_wconf 89' lang='lat' dir='ltr'><strong>quod</strong></span> <span class='ocrx_word' id='word_1_481' title='bbox 3402 584 3445 637; x_wconf 90' lang='lat' dir='ltr'><strong>si</strong></span> <span class='ocrx_word' id='word_1_482' title='bbox 3476 583 3578 640; x_wconf 88' lang='lat' dir='ltr'><strong>hoc</strong></span> <span class='ocrx_word' id='word_1_483' title='bbox 3609 586 3689 640; x_wconf 82' lang='lat' dir='ltr'><strong>in-</strong></span> 
     </span>
    </p>
   </div>
   <div class='ocr_carea' id='block_1_65' title="bbox 2107 660 3685 747">
    <p class='ocr_par' dir='ltr' id='par_1_65' title="bbox 2107 660 3685 747">
     <span class='ocr_line' id='line_1_65' title="bbox 2107 660 3685 747; baseline 0.015 -36"><span class='ocrx_word' id='word_1_484' title='bbox 2107 660 2440 717; x_wconf 85' lang='lat' dir='ltr'><strong>tolerandum</strong></span> <span class='ocrx_word' id='word_1_485' title='bbox 2487 665 2716 731; x_wconf 90' lang='lat' dir='ltr'><strong>videtur,</strong></span> <span class='ocrx_word' id='word_1_486' title='bbox 2760 669 2928 720; x_wconf 88' lang='lat' dir='ltr'><strong>multo</strong></span> <span class='ocrx_word' id='word_1_487' title='bbox 2959 672 3127 740; x_wconf 88' lang='lat' dir='ltr'><strong>magis</strong></span> <span class='ocrx_word' id='word_1_488' title='bbox 3155 672 3308 728; x_wconf 88' lang='lat' dir='ltr'><strong>illud.</strong></span> <span class='ocrx_word' id='word_1_489' title='bbox 3338 673 3523 731; x_wconf 75' lang='lat' dir='ltr'><strong>Viden’</strong></span> <span class='ocrx_word' id='word_1_490' title='bbox 3548 694 3685 747; x_wconf 60' lang='lat' dir='ltr'><strong>quo.</strong></span> 
     </span>
    </p>
   </div>
   <div class='ocr_carea' id='block_1_66' title="bbox 2102 751 3682 835">
    <p class='ocr_par' dir='ltr' id='par_1_66' title="bbox 2102 751 3682 835">
     <span class='ocr_line' id='line_1_66' title="bbox 2102 751 3682 835; baseline 0.013 -32"><span class='ocrx_word' id='word_1_491' title='bbox 2102 751 2260 807; x_wconf 84' lang='lat' dir='ltr'><strong>tnodo</strong></span> <span class='ocrx_word' id='word_1_492' title='bbox 2288 755 2749 811; x_wconf 87' lang='lat' dir='ltr'><strong>cmnminationem</strong></span> <span class='ocrx_word' id='word_1_493' title='bbox 2785 761 3031 831; x_wconf 75' lang='lat' dir='ltr'><strong>utrinque</strong></span> <span class='ocrx_word' id='word_1_494' title='bbox 3058 765 3382 820; x_wconf 80' lang='lat' dir='ltr'><strong>tremendam</strong></span> <span class='ocrx_word' id='word_1_495' title='bbox 3411 769 3682 835; x_wconf 78' lang='lat' dir='ltr'><strong>exhibeat,</strong></span> 
     </span>
    </p>
   </div>
   <div class='ocr_carea' id='block_1_67' title="bbox 2103 847 3682 933">
    <p class='ocr_par' dir='ltr' id='par_1_67' title="bbox 2103 847 3682 933">
     <span class='ocr_line' id='line_1_67' title="bbox 2103 847 3682 933; baseline 0.015 -38"><span class='ocrx_word' id='word_1_496' title='bbox 2103 851 2210 896; x_wconf 90' lang='lat' dir='ltr'><strong>tum</strong></span> <span class='ocrx_word' id='word_1_497' title='bbox 2242 847 2448 901; x_wconf 91' lang='lat' dir='ltr'><strong>notiore</strong></span> <span class='ocrx_word' id='word_1_498' title='bbox 2493 850 2738 918; x_wconf 84' lang='lat' dir='ltr'><strong>exemplo</strong></span> <span class='ocrx_word' id='word_1_499' title='bbox 2781 851 3062 907; x_wconf 88' lang='lat' dir='ltr'><strong>clariorem</strong></span> <span class='ocrx_word' id='word_1_500' title='bbox 3103 856 3352 922; x_wconf 90' lang='lat' dir='ltr'><strong>reddens,</strong></span> <span class='ocrx_word' id='word_1_501' title='bbox 3387 867 3499 914; x_wconf 90' lang='lat' dir='ltr'><strong>tum</strong></span> <span class='ocrx_word' id='word_1_502' title='bbox 3525 862 3682 933; x_wconf 82' lang='lat' dir='ltr'><strong>longe</strong></span> 
     </span>
    </p>
   </div>
   <div class='ocr_carea' id='block_1_68' title="bbox 2099 936 3683 1026">
    <p class='ocr_par' dir='ltr' id='par_1_68' title="bbox 2099 936 3683 1026">
     <span class='ocr_line' id='line_1_68' title="bbox 2099 936 3683 1026; baseline 0.013 -38"><span class='ocrx_word' id='word_1_503' title='bbox 2099 936 2269 1016; x_wconf 85' lang='lat' dir='ltr'><strong>majus</strong></span> <span class='ocrx_word' id='word_1_504' title='bbox 2295 937 2386 990; x_wconf 85' lang='lat' dir='ltr'><strong>illo</strong></span> <span class='ocrx_word' id='word_1_505' title='bbox 2410 939 2725 1008; x_wconf 86' lang='lat' dir='ltr'><strong>supplicium</strong></span> <span class='ocrx_word' id='word_1_506' title='bbox 2753 944 2986 1013; x_wconf 85' lang='lat' dir='ltr'><strong>cogitare</strong></span> <span class='ocrx_word' id='word_1_507' title='bbox 3026 947 3296 1005; x_wconf 90' lang='lat' dir='ltr'><strong>suadens?</strong></span> <span class='ocrx_word' id='word_1_508' title='bbox 3333 951 3518 1007; x_wconf 78' lang='lat' dir='ltr'><strong>Viden’</strong></span> <span class='ocrx_word' id='word_1_509' title='bbox 3543 971 3683 1026; x_wconf 86' lang='lat' dir='ltr'><strong>quo-</strong></span> 
     </span>
    </p>
   </div>
   <div class='ocr_carea' id='block_1_69' title="bbox 2024 1026 3683 1115">
    <p class='ocr_par' dir='ltr' id='par_1_69' title="bbox 2024 1026 3683 1115">
     <span class='ocr_line' id='line_1_69' title="bbox 2024 1026 3683 1115; baseline 0.014 -36"><span class='ocrx_word' id='word_1_510' title='bbox 2024 1072 2046 1079; x_wconf 85' lang='lat'><strong>-</strong></span> <span class='ocrx_word' id='word_1_511' title='bbox 2099 1026 2255 1079; x_wconf 89' lang='lat' dir='ltr'><strong>modo</strong></span> <span class='ocrx_word' id='word_1_512' title='bbox 2281 1031 2595 1099; x_wconf 72' lang='lat' dir='ltr'><strong>arrogantia:</strong></span> <span class='ocrx_word' id='word_1_513' title='bbox 2622 1041 2882 1088; x_wconf 89' lang='lat' dir='ltr'><strong>tumorem</strong></span> <span class='ocrx_word' id='word_1_514' title='bbox 2909 1035 3157 1093; x_wconf 89' lang='lat' dir='ltr'><strong>radicitus</strong></span> <span class='ocrx_word' id='word_1_515' title='bbox 3173 1041 3396 1096; x_wconf 83' lang='lat' dir='ltr'><strong>evulsit?</strong></span> <span class='ocrx_word' id='word_1_516' title='bbox 3415 1048 3683 1115; x_wconf 84' lang='lat' dir='ltr'><strong>quomodo</strong></span> 
     </span>
    </p>
   </div>
   <div class='ocr_carea' id='block_1_70' title="bbox 2098 1119 3678 1209">
    <p class='ocr_par' dir='ltr' id='par_1_70' title="bbox 2098 1119 3678 1209">
     <span class='ocr_line' id='line_1_70' title="bbox 2098 1119 3678 1209; baseline 0.02 -45"><span class='ocrx_word' id='word_1_517' title='bbox 2098 1132 2245 1170; x_wconf 67' lang='lat' dir='ltr'><strong>vana!</strong></span> <span class='ocrx_word' id='word_1_518' title='bbox 2276 1119 2455 1187; x_wconf 76' lang='lat' dir='ltr'><strong>gloriae</strong></span> <span class='ocrx_word' id='word_1_519' title='bbox 2484 1123 2633 1178; x_wconf 91' lang='lat' dir='ltr'><strong>ulcus</strong></span> <span class='ocrx_word' id='word_1_520' title='bbox 2662 1125 2904 1180; x_wconf 81' lang='lat' dir='ltr'><strong>curavit?</strong></span> <span class='ocrx_word' id='word_1_521' title='bbox 2930 1130 3197 1197; x_wconf 89' lang='lat' dir='ltr'><strong>quomodo</strong></span> <span class='ocrx_word' id='word_1_522' title='bbox 3226 1133 3406 1189; x_wconf 90' lang='lat' dir='ltr'><strong>docuit</strong></span> <span class='ocrx_word' id='word_1_523' title='bbox 3432 1141 3678 1209; x_wconf 89' lang='lat' dir='ltr'><strong>nuspiam</strong></span> 
     </span>
    </p>
   </div>
   <div class='ocr_carea' id='block_1_71' title="bbox 2095 1210 3681 1296">
    <p class='ocr_par' dir='ltr' id='par_1_71' title="bbox 2095 1210 3681 1296">
     <span class='ocr_line' id='line_1_71' title="bbox 2095 1210 3681 1296; baseline 0.016 -35"><span class='ocrx_word' id='word_1_524' title='bbox 2095 1210 2292 1277; x_wconf 87' lang='lat' dir='ltr'><strong>primas</strong></span> <span class='ocrx_word' id='word_1_525' title='bbox 2335 1215 2624 1281; x_wconf 81' lang='lat' dir='ltr'><strong>expetere?</strong></span> <span class='ocrx_word' id='word_1_526' title='bbox 2649 1218 2916 1285; x_wconf 91' lang='lat' dir='ltr'><strong>quomodo</strong></span> <span class='ocrx_word' id='word_1_527' title='bbox 2941 1220 3180 1278; x_wconf 90' lang='lat' dir='ltr'><strong>docuerit</strong></span> <span class='ocrx_word' id='word_1_528' title='bbox 3217 1241 3310 1279; x_wconf 88' lang='lat' dir='ltr'><strong>eos</strong></span> <span class='ocrx_word' id='word_1_529' title='bbox 3364 1229 3449 1296; x_wconf 89' lang='lat' dir='ltr'><strong>qui</strong></span> <span class='ocrx_word' id='word_1_530' title='bbox 3484 1231 3681 1296; x_wconf 76' lang='lat' dir='ltr'><strong>primas</strong></span> 
     </span>
    </p>
   </div>
   <div class='ocr_carea' id='block_1_72' title="bbox 2094 1312 3673 1389">
    <p class='ocr_par' dir='ltr' id='par_1_72' title="bbox 2094 1312 3673 1389">
     <span class='ocr_line' id='line_1_72' title="bbox 2094 1312 3673 1389; baseline 0.013 -34"><span class='ocrx_word' id='word_1_531' title='bbox 2094 1313 2424 1372; x_wconf 65' lang='lat' dir='ltr'><strong>expeti-rent,</strong></span> <span class='ocrx_word' id='word_1_532' title='bbox 2458 1315 2511 1359; x_wconf 92' lang='lat' dir='ltr'><strong>ut</strong></span> <span class='ocrx_word' id='word_1_533' title='bbox 2530 1317 2856 1376; x_wconf 89' lang='lat' dir='ltr'><strong>postremum</strong></span> <span class='ocrx_word' id='word_1_534' title='bbox 2882 1312 3074 1383; x_wconf 90' lang='lat' dir='ltr'><strong>ubique</strong></span> <span class='ocrx_word' id='word_1_535' title='bbox 3091 1315 3330 1371; x_wconf 89' lang='lat' dir='ltr'><strong>ordinem</strong></span> <span class='ocrx_word' id='word_1_536' title='bbox 3353 1336 3673 1389; x_wconf 60' lang='lat' dir='ltr'><strong>persequan-</strong></span> 
     </span>
    </p>
   </div>
   <div class='ocr_carea' id='block_1_73' title="bbox 2096 1395 3677 1474">
    <p class='ocr_par' dir='ltr' id='par_1_73' title="bbox 2096 1395 3677 1474">
     <span class='ocr_line' id='line_1_73' title="bbox 2096 1395 3677 1474; baseline 0.013 -27"><span class='ocrx_word' id='word_1_537' title='bbox 2096 1395 2212 1449; x_wconf 90' lang='lat' dir='ltr'><strong>tur?</strong></span> <span class='ocrx_word' id='word_1_538' title='bbox 2249 1395 2386 1451; x_wconf 84' lang='lat' dir='ltr'><strong>Nihil</strong></span> <span class='ocrx_word' id='word_1_539' title='bbox 2417 1398 2558 1452; x_wconf 89' lang='lat' dir='ltr'><strong>enim</strong></span> <span class='ocrx_word' id='word_1_540' title='bbox 2603 1404 2901 1472; x_wconf 80' lang='lat' dir='ltr'><strong>arrogantia</strong></span> <span class='ocrx_word' id='word_1_541' title='bbox 2933 1405 3100 1474; x_wconf 85' lang='lat' dir='ltr'><strong>pejus.</strong></span> <span class='ocrx_word' id='word_1_542' title='bbox 3154 1407 3278 1462; x_wconf 79' lang='lat' dir='ltr'><strong>llzrc</strong></span> <span class='ocrx_word' id='word_1_543' title='bbox 3331 1411 3398 1463; x_wconf 89' lang='lat' dir='ltr'><strong>ab</strong></span> <span class='ocrx_word' id='word_1_544' title='bbox 3449 1411 3677 1467; x_wconf 84' lang='lat' dir='ltr'><strong>humana</strong></span> 
     </span>
    </p>
   </div>
   <div class='ocr_carea' id='block_1_74' title="bbox 2094 1489 3678 1567">
    <p class='ocr_par' dir='ltr' id='par_1_74' title="bbox 2094 1489 3678 1567">
     <span class='ocr_line' id='line_1_74' title="bbox 2094 1489 3678 1567; baseline 0.01 -27"><span class='ocrx_word' id='word_1_545' title='bbox 2094 1497 2269 1543; x_wconf 89' lang='lat' dir='ltr'><strong>mente</strong></span> <span class='ocrx_word' id='word_1_546' title='bbox 2295 1489 2474 1560; x_wconf 89' lang='lat' dir='ltr'><strong>dejicit</strong></span> <span class='ocrx_word' id='word_1_547' title='bbox 2498 1533 2513 1557; x_wconf 94' lang='lat'><strong>,</strong></span> <span class='ocrx_word' id='word_1_548' title='bbox 2545 1501 2598 1546; x_wconf 90' lang='lat' dir='ltr'><strong>et</strong></span> <span class='ocrx_word' id='word_1_549' title='bbox 2623 1493 2984 1564; x_wconf 90' lang='lat' dir='ltr'><strong>insipientium</strong></span> <span class='ocrx_word' id='word_1_550' title='bbox 3013 1495 3202 1552; x_wconf 89' lang='lat' dir='ltr'><strong>famam</strong></span> <span class='ocrx_word' id='word_1_551' title='bbox 3233 1500 3519 1567; x_wconf 89' lang='lat' dir='ltr'><strong>conciliat;</strong></span> <span class='ocrx_word' id='word_1_552' title='bbox 3571 1504 3678 1558; x_wconf 86' lang='lat' dir='ltr'><strong>imo</strong></span> 
     </span>
    </p>
   </div>
   <div class='ocr_carea' id='block_1_75' title="bbox 2092 1580 3677 1660">
    <p class='ocr_par' dir='ltr' id='par_1_75' title="bbox 2092 1580 3677 1660">
     <span class='ocr_line' id='line_1_75' title="bbox 2092 1580 3677 1660; baseline 0.012 -28"><span class='ocrx_word' id='word_1_553' title='bbox 2092 1580 2373 1636; x_wconf 88' lang='lat' dir='ltr'><strong>admodum</strong></span> <span class='ocrx_word' id='word_1_554' title='bbox 2415 1584 2725 1653; x_wconf 91' lang='lat' dir='ltr'><strong>insipientes</strong></span> <span class='ocrx_word' id='word_1_555' title='bbox 2749 1587 2943 1641; x_wconf 90' lang='lat' dir='ltr'><strong>reddit.</strong></span> <span class='ocrx_word' id='word_1_556' title='bbox 2989 1587 3121 1643; x_wconf 86' lang='lat' dir='ltr'><strong>Nam</strong></span> <span class='ocrx_word' id='word_1_557' title='bbox 3155 1593 3604 1660; x_wconf 87' lang='lat' dir='ltr'><strong>quemadmodum</strong></span> <span class='ocrx_word' id='word_1_558' title='bbox 3633 1595 3677 1651; x_wconf 84' lang='lat' dir='ltr'><strong>si</strong></span> 
     </span>
    </p>
   </div>
   <div class='ocr_carea' id='block_1_76' title="bbox 2093 1673 3677 1757">
    <p class='ocr_par' dir='ltr' id='par_1_76' title="bbox 2093 1673 3677 1757">
     <span class='ocr_line' id='line_1_76' title="bbox 2093 1673 3677 1757; baseline 0.015 -33"><span class='ocrx_word' id='word_1_559' title='bbox 2093 1673 2248 1742; x_wconf 91' lang='lat' dir='ltr'><strong>quis,</strong></span> <span class='ocrx_word' id='word_1_560' title='bbox 2295 1675 2653 1732; x_wconf 84' lang='lat' dir='ltr'><strong>tricubitalem</strong></span> <span class='ocrx_word' id='word_1_561' title='bbox 2706 1687 2964 1734; x_wconf 85' lang='lat' dir='ltr'><strong>staturam</strong></span> <span class='ocrx_word' id='word_1_562' title='bbox 3017 1681 3218 1738; x_wconf 81' lang='lat' dir='ltr'><strong>habens</strong></span> <span class='ocrx_word' id='word_1_563' title='bbox 3272 1685 3370 1757; x_wconf 82' lang='grc' dir='ltr'><strong>(α),</strong></span> <span class='ocrx_word' id='word_1_564' title='bbox 3418 1691 3677 1748; x_wconf 85' lang='lat' dir='ltr'><strong>montium</strong></span> 
     </span>
    </p>
   </div>
   <div class='ocr_carea' id='block_1_77' title="bbox 2090 1766 3673 1850">
    <p class='ocr_par' dir='ltr' id='par_1_77' title="bbox 2090 1766 3673 1850">
     <span class='ocr_line' id='line_1_77' title="bbox 2090 1766 3673 1850; baseline 0.012 -32"><span class='ocrx_word' id='word_1_565' title='bbox 2090 1766 2418 1820; x_wconf 90' lang='lat' dir='ltr'><strong>altitudinem</strong></span> <span class='ocrx_word' id='word_1_566' title='bbox 2450 1784 2704 1839; x_wconf 84' lang='lat' dir='ltr'><strong>superare</strong></span> <span class='ocrx_word' id='word_1_567' title='bbox 2730 1771 2990 1839; x_wconf 90' lang='lat' dir='ltr'><strong>studeret,</strong></span> <span class='ocrx_word' id='word_1_568' title='bbox 3021 1774 3177 1844; x_wconf 88' lang='lat' dir='ltr'><strong>idque</strong></span> <span class='ocrx_word' id='word_1_569' title='bbox 3209 1777 3276 1831; x_wconf 88' lang='lat' dir='ltr'><strong>ita</strong></span> <span class='ocrx_word' id='word_1_570' title='bbox 3305 1793 3423 1834; x_wconf 87' lang='lat' dir='ltr'><strong>esse</strong></span> <span class='ocrx_word' id='word_1_571' title='bbox 3446 1791 3673 1850; x_wconf 90' lang='lat' dir='ltr'><strong>putaret,</strong></span> 
     </span>
    </p>
   </div>
   <div class='ocr_carea' id='block_1_78' title="bbox 2089 1862 3674 1942">
    <p class='ocr_par' dir='ltr' id='par_1_78' title="bbox 2089 1862 3674 1942">
     <span class='ocr_line' id='line_1_78' title="bbox 2089 1862 3674 1942; baseline 0.011 -30"><span class='ocrx_word' id='word_1_572' title='bbox 2089 1874 2310 1930; x_wconf 89' lang='lat' dir='ltr'><strong>seseque</strong></span> <span class='ocrx_word' id='word_1_573' title='bbox 2355 1862 2584 1932; x_wconf 84' lang='lat' dir='ltr'><strong>erigeret</strong></span> <span class='ocrx_word' id='word_1_574' title='bbox 2611 1866 2760 1934; x_wconf 90' lang='lat' dir='ltr'><strong>quasi</strong></span> <span class='ocrx_word' id='word_1_575' title='bbox 2807 1882 2991 1920; x_wconf 88' lang='lat' dir='ltr'><strong>eorum</strong></span> <span class='ocrx_word' id='word_1_576' title='bbox 3039 1871 3315 1925; x_wconf 88' lang='lat' dir='ltr'><strong>cacumina</strong></span> <span class='ocrx_word' id='word_1_577' title='bbox 3362 1873 3674 1942; x_wconf 80' lang='lat' dir='ltr'><strong>excederet,</strong></span> 
     </span>
    </p>
   </div>
   <div class='ocr_carea' id='block_1_79' title="bbox 2088 1953 3664 2034">
    <p class='ocr_par' dir='ltr' id='par_1_79' title="bbox 2088 1953 3664 2034">
     <span class='ocr_line' id='line_1_79' title="bbox 2088 1953 3664 2034; baseline 0.011 -30"><span class='ocrx_word' id='word_1_578' title='bbox 2088 1967 2193 2006; x_wconf 91' lang='lat' dir='ltr'><strong>non</strong></span> <span class='ocrx_word' id='word_1_579' title='bbox 2241 1953 2381 2008; x_wconf 92' lang='lat' dir='ltr'><strong>aliud</strong></span> <span class='ocrx_word' id='word_1_580' title='bbox 2429 1971 2792 2025; x_wconf 84' lang='lat' dir='ltr'><strong>quaereremus</strong></span> <span class='ocrx_word' id='word_1_581' title='bbox 2820 1961 3057 2014; x_wconf 68' lang='lat' dir='ltr'><strong>stultitia:</strong></span> <span class='ocrx_word' id='word_1_582' title='bbox 3085 1962 3200 2032; x_wconf 89' lang='lat' dir='ltr'><strong>ejus</strong></span> <span class='ocrx_word' id='word_1_583' title='bbox 3247 1979 3664 2034; x_wconf 85' lang='lat' dir='ltr'><strong>argumentum:</strong></span> 
     </span>
    </p>
   </div>
   <div class='ocr_carea' id='block_1_80' title="bbox 2087 2045 3671 2124">
    <p class='ocr_par' dir='ltr' id='par_1_80' title="bbox 2087 2045 3671 2124">
     <span class='ocr_line' id='line_1_80' title="bbox 2087 2045 3671 2124; baseline 0.009 -26"><span class='ocrx_word' id='word_1_584' title='bbox 2087 2045 2165 2098; x_wconf 87' lang='lat' dir='ltr'><strong>sic</strong></span> <span class='ocrx_word' id='word_1_585' title='bbox 2190 2059 2308 2098; x_wconf 92' lang='lat' dir='ltr'><strong>cum</strong></span> <span class='ocrx_word' id='word_1_586' title='bbox 2337 2057 2674 2116; x_wconf 85' lang='lat' dir='ltr'><strong>arrogantem</strong></span> <span class='ocrx_word' id='word_1_587' title='bbox 2703 2049 2973 2104; x_wconf 90' lang='lat' dir='ltr'><strong>hominem</strong></span> <span class='ocrx_word' id='word_1_588' title='bbox 2997 2053 3213 2117; x_wconf 88' lang='lat' dir='ltr'><strong>videris,</strong></span> <span class='ocrx_word' id='word_1_589' title='bbox 3241 2055 3329 2124; x_wconf 89' lang='lat' dir='ltr'><strong>qui</strong></span> <span class='ocrx_word' id='word_1_590' title='bbox 3355 2071 3412 2110; x_wconf 91' lang='lat' dir='ltr'><strong>se</strong></span> <span class='ocrx_word' id='word_1_591' title='bbox 3434 2058 3671 2113; x_wconf 90' lang='lat' dir='ltr'><strong>omnium</strong></span> 
     </span>
    </p>
   </div>
   <div class='ocr_carea' id='block_1_81' title="bbox 2087 2137 3670 2217">
    <p class='ocr_par' dir='ltr' id='par_1_81' title="bbox 2087 2137 3670 2217">
     <span class='ocr_line' id='line_1_81' title="bbox 2087 2137 3670 2217; baseline 0.011 -30"><span class='ocrx_word' id='word_1_592' title='bbox 2087 2137 2580 2202; x_wconf 63' lang='lat' dir='ltr'><strong>praestantissimum</strong></span> <span class='ocrx_word' id='word_1_593' title='bbox 2627 2149 2794 2208; x_wconf 87' lang='lat' dir='ltr'><strong>putet,</strong></span> <span class='ocrx_word' id='word_1_594' title='bbox 2839 2150 2889 2195; x_wconf 89' lang='lat' dir='ltr'><strong>et</strong></span> <span class='ocrx_word' id='word_1_595' title='bbox 2929 2145 3265 2199; x_wconf 64' lang='lat' dir='ltr'><strong>contumeliae</strong></span> <span class='ocrx_word' id='word_1_596' title='bbox 3302 2147 3419 2202; x_wconf 91' lang='lat' dir='ltr'><strong>loco</strong></span> <span class='ocrx_word' id='word_1_597' title='bbox 3458 2149 3670 2217; x_wconf 90' lang='lat' dir='ltr'><strong>habeat,</strong></span> 
     </span>
    </p>
   </div>
   <div class='ocr_carea' id='block_1_82' title="bbox 2085 2224 3672 2306">
    <p class='ocr_par' dir='ltr' id='par_1_82' title="bbox 2085 2224 3672 2306">
     <span class='ocr_line' id='line_1_82' title="bbox 2085 2224 3672 2306; baseline 0.013 -31"><span class='ocrx_word' id='word_1_598' title='bbox 2085 2224 2226 2292; x_wconf 88' lang='lat' dir='ltr'><strong>quod</strong></span> <span class='ocrx_word' id='word_1_599' title='bbox 2252 2241 2370 2279; x_wconf 92' lang='lat' dir='ltr'><strong>cum</strong></span> <span class='ocrx_word' id='word_1_600' title='bbox 2391 2229 2598 2282; x_wconf 59' lang='lat' dir='ltr'><strong>caeteris</strong></span> <span class='ocrx_word' id='word_1_601' title='bbox 2621 2231 2778 2296; x_wconf 88' lang='lat' dir='ltr'><strong>vivat,</strong></span> <span class='ocrx_word' id='word_1_602' title='bbox 2815 2247 2880 2286; x_wconf 92' lang='lat' dir='ltr'><strong>ne</strong></span> <span class='ocrx_word' id='word_1_603' title='bbox 2907 2248 3115 2302; x_wconf 63' lang='lat' dir='ltr'><strong>quaeras</strong></span> <span class='ocrx_word' id='word_1_604' title='bbox 3137 2235 3282 2290; x_wconf 90' lang='lat' dir='ltr'><strong>aliud</strong></span> <span class='ocrx_word' id='word_1_605' title='bbox 3304 2236 3419 2306; x_wconf 89' lang='lat' dir='ltr'><strong>ejus</strong></span> <span class='ocrx_word' id='word_1_606' title='bbox 3449 2238 3672 2296; x_wconf 65' lang='lat' dir='ltr'><strong>insaniae</strong></span> 
     </span>
    </p>
   </div>
   <div class='ocr_carea' id='block_1_83' title="bbox 2086 2318 3670 2400">
    <p class='ocr_par' dir='ltr' id='par_1_83' title="bbox 2086 2318 3670 2400">
     <span class='ocr_line' id='line_1_83' title="bbox 2086 2318 3670 2400; baseline 0.011 -33"><span class='ocrx_word' id='word_1_607' title='bbox 2086 2325 2479 2384; x_wconf 83' lang='lat' dir='ltr'><strong>argumentum.</strong></span> <span class='ocrx_word' id='word_1_608' title='bbox 2528 2318 2658 2372; x_wconf 88' lang='lat' dir='ltr'><strong>Nam</strong></span> <span class='ocrx_word' id='word_1_609' title='bbox 2689 2335 2753 2374; x_wconf 90' lang='lat' dir='ltr'><strong>eo</strong></span> <span class='ocrx_word' id='word_1_610' title='bbox 2774 2327 2946 2391; x_wconf 81' lang='lat' dir='ltr'><strong>magis</strong></span> <span class='ocrx_word' id='word_1_611' title='bbox 2975 2323 3232 2379; x_wconf 90' lang='lat' dir='ltr'><strong>ridiculus</strong></span> <span class='ocrx_word' id='word_1_612' title='bbox 3253 2339 3332 2381; x_wconf 89' lang='lat' dir='ltr'><strong>est</strong></span> <span class='ocrx_word' id='word_1_613' title='bbox 3361 2329 3424 2383; x_wconf 93' lang='lat' dir='ltr'><strong>iis</strong></span> <span class='ocrx_word' id='word_1_614' title='bbox 3453 2331 3541 2400; x_wconf 92' lang='lat' dir='ltr'><strong>qui</strong></span> <span class='ocrx_word' id='word_1_615' title='bbox 3570 2347 3670 2386; x_wconf 86' lang='lat' dir='ltr'><strong>na-</strong></span> 
     </span>
    </p>
   </div>
   <div class='ocr_carea' id='block_1_84' title="bbox 2085 2409 3670 2488">
    <p class='ocr_par' dir='ltr' id='par_1_84' title="bbox 2085 2409 3670 2488">
     <span class='ocr_line' id='line_1_84' title="bbox 2085 2409 3670 2488; baseline 0.011 -28"><span class='ocrx_word' id='word_1_616' title='bbox 2085 2417 2200 2462; x_wconf 89' lang='lat' dir='ltr'><strong>tura</strong></span> <span class='ocrx_word' id='word_1_617' title='bbox 2228 2423 2323 2463; x_wconf 90' lang='lat' dir='ltr'><strong>sua</strong></span> <span class='ocrx_word' id='word_1_618' title='bbox 2351 2409 2496 2465; x_wconf 88' lang='lat' dir='ltr'><strong>stulti</strong></span> <span class='ocrx_word' id='word_1_619' title='bbox 2519 2419 2664 2476; x_wconf 83' lang='lat' dir='ltr'><strong>sunt,</strong></span> <span class='ocrx_word' id='word_1_620' title='bbox 2695 2428 2802 2482; x_wconf 90' lang='lat' dir='ltr'><strong>quo</strong></span> <span class='ocrx_word' id='word_1_621' title='bbox 2831 2413 2969 2469; x_wconf 90' lang='lat' dir='ltr'><strong>hunc</strong></span> <span class='ocrx_word' id='word_1_622' title='bbox 3000 2415 3113 2485; x_wconf 88' lang='lat' dir='ltr'><strong>ipse</strong></span> <span class='ocrx_word' id='word_1_623' title='bbox 3143 2417 3242 2472; x_wconf 90' lang='lat' dir='ltr'><strong>sibi</strong></span> <span class='ocrx_word' id='word_1_624' title='bbox 3272 2430 3458 2488; x_wconf 89' lang='lat' dir='ltr'><strong>sponte</strong></span> <span class='ocrx_word' id='word_1_625' title='bbox 3488 2423 3670 2477; x_wconf 87' lang='lat' dir='ltr'><strong>conci-</strong></span> 
     </span>
    </p>
   </div>
   <div class='ocr_carea' id='block_1_85' title="bbox 2083 2498 3677 2578">
    <p class='ocr_par' dir='ltr' id='par_1_85' title="bbox 2083 2498 3677 2578">
     <span class='ocr_line' id='line_1_85' title="bbox 2083 2498 3677 2578; baseline 0.009 -26"><span class='ocrx_word' id='word_1_626' title='bbox 2083 2498 2232 2554; x_wconf 90' lang='lat' dir='ltr'><strong>liavit</strong></span> <span class='ocrx_word' id='word_1_627' title='bbox 2281 2501 2547 2556; x_wconf 89' lang='lat' dir='ltr'><strong>morbum.</strong></span> <span class='ocrx_word' id='word_1_628' title='bbox 2578 2502 2761 2573; x_wconf 82' lang='lat' dir='ltr'><strong>Neque</strong></span> <span class='ocrx_word' id='word_1_629' title='bbox 2815 2506 2935 2561; x_wconf 88' lang='lat' dir='ltr'><strong>ideo</strong></span> <span class='ocrx_word' id='word_1_630' title='bbox 2986 2516 3192 2562; x_wconf 90' lang='lat' dir='ltr'><strong>tantum</strong></span> <span class='ocrx_word' id='word_1_631' title='bbox 3242 2511 3407 2566; x_wconf 87' lang='lat' dir='ltr'><strong>miser</strong></span> <span class='ocrx_word' id='word_1_632' title='bbox 3445 2523 3544 2578; x_wconf 91' lang='lat' dir='ltr'><strong>est,</strong></span> <span class='ocrx_word' id='word_1_633' title='bbox 3575 2516 3677 2570; x_wconf 90' lang='lat' dir='ltr'><strong>sed.</strong></span> 
     </span>
    </p>
   </div>
   <div class='ocr_carea' id='block_1_86' title="bbox 2080 2593 3666 2674">
    <p class='ocr_par' dir='ltr' id='par_1_86' title="bbox 2080 2593 3666 2674">
     <span class='ocr_line' id='line_1_86' title="bbox 2080 2593 3666 2674; baseline 0.008 -29"><span class='ocrx_word' id='word_1_634' title='bbox 2080 2593 2245 2646; x_wconf 91' lang='lat' dir='ltr'><strong>etiam</strong></span> <span class='ocrx_word' id='word_1_635' title='bbox 2286 2593 2426 2664; x_wconf 89' lang='lat' dir='ltr'><strong>quod</strong></span> <span class='ocrx_word' id='word_1_636' title='bbox 2468 2595 2582 2651; x_wconf 87' lang='lat' dir='ltr'><strong>sine</strong></span> <span class='ocrx_word' id='word_1_637' title='bbox 2623 2596 2731 2650; x_wconf 91' lang='lat' dir='ltr'><strong>ullo</strong></span> <span class='ocrx_word' id='word_1_638' title='bbox 2761 2612 2918 2652; x_wconf 90' lang='lat' dir='ltr'><strong>sensu</strong></span> <span class='ocrx_word' id='word_1_639' title='bbox 2955 2599 3006 2655; x_wconf 90' lang='lat' dir='ltr'><strong>in</strong></span> <span class='ocrx_word' id='word_1_640' title='bbox 3053 2603 3301 2669; x_wconf 78' lang='lat' dir='ltr'><strong>nequitire</strong></span> <span class='ocrx_word' id='word_1_641' title='bbox 3350 2605 3666 2674; x_wconf 87' lang='lat' dir='ltr'><strong>profundum</strong></span> 
     </span>
    </p>
   </div>
   <div class='ocr_carea' id='block_1_87' title="bbox 2080 2684 3666 2766">
    <p class='ocr_par' dir='ltr' id='par_1_87' title="bbox 2080 2684 3666 2766">
     <span class='ocr_line' id='line_1_87' title="bbox 2080 2684 3666 2766; baseline 0.011 -28"><span class='ocrx_word' id='word_1_642' title='bbox 2080 2684 2308 2740; x_wconf 87' lang='lat' dir='ltr'><strong>decidat.</strong></span> <span class='ocrx_word' id='word_1_643' title='bbox 2343 2687 2686 2754; x_wconf 88' lang='lat' dir='ltr'><strong>Quandonam</strong></span> <span class='ocrx_word' id='word_1_644' title='bbox 2716 2689 2805 2744; x_wconf 93' lang='lat' dir='ltr'><strong>ille</strong></span> <span class='ocrx_word' id='word_1_645' title='bbox 2845 2701 3056 2760; x_wconf 89' lang='lat' dir='ltr'><strong>peccata</strong></span> <span class='ocrx_word' id='word_1_646' title='bbox 3111 2709 3203 2748; x_wconf 91' lang='lat' dir='ltr'><strong>sua</strong></span> <span class='ocrx_word' id='word_1_647' title='bbox 3238 2705 3295 2749; x_wconf 92' lang='lat' dir='ltr'><strong>ut</strong></span> <span class='ocrx_word' id='word_1_648' title='bbox 3334 2708 3544 2766; x_wconf 83' lang='lat' dir='ltr'><strong>Oportet</strong></span> <span class='ocrx_word' id='word_1_649' title='bbox 3573 2715 3666 2754; x_wconf 87' lang='lat' dir='ltr'><strong>co-</strong></span> 
     </span>
    </p>
   </div>
   <div class='ocr_carea' id='block_1_88' title="bbox 2077 2777 3666 2852">
    <p class='ocr_par' dir='ltr' id='par_1_88' title="bbox 2077 2777 3666 2852">
     <span class='ocr_line' id='line_1_88' title="bbox 2077 2777 3666 2852; baseline 0.011 -25"><span class='ocrx_word' id='word_1_650' title='bbox 2077 2777 2338 2846; x_wconf 88' lang='lat' dir='ltr'><strong>gnoscet?</strong></span> <span class='ocrx_word' id='word_1_651' title='bbox 2363 2778 2573 2847; x_wconf 90' lang='lat' dir='ltr'><strong>quando</strong></span> <span class='ocrx_word' id='word_1_652' title='bbox 2602 2781 2796 2835; x_wconf 86' lang='lat' dir='ltr'><strong>sentiet</strong></span> <span class='ocrx_word' id='word_1_653' title='bbox 2822 2797 2880 2835; x_wconf 92' lang='lat' dir='ltr'><strong>se</strong></span> <span class='ocrx_word' id='word_1_654' title='bbox 2902 2781 3224 2852; x_wconf 86' lang='lat' dir='ltr'><strong>deliquisse?</strong></span> <span class='ocrx_word' id='word_1_655' title='bbox 3253 2786 3458 2840; x_wconf 91' lang='lat' dir='ltr'><strong>Etenim</strong></span> <span class='ocrx_word' id='word_1_656' title='bbox 3481 2788 3666 2844; x_wconf 87' lang='lat' dir='ltr'><strong>diabo-</strong></span> 
     </span>
    </p>
   </div>
   <div class='ocr_carea' id='block_1_89' title="bbox 2079 2869 3664 2947">
    <p class='ocr_par' dir='ltr' id='par_1_89' title="bbox 2079 2869 3664 2947">
     <span class='ocr_line' id='line_1_89' title="bbox 2079 2869 3664 2947; baseline 0.009 -26"><span class='ocrx_word' id='word_1_657' title='bbox 2079 2869 2162 2923; x_wconf 89' lang='lat' dir='ltr'><strong>lus</strong></span> <span class='ocrx_word' id='word_1_658' title='bbox 2189 2870 2335 2923; x_wconf 92' lang='lat' dir='ltr'><strong>illum</strong></span> <span class='ocrx_word' id='word_1_659' title='bbox 2382 2885 2480 2926; x_wconf 88' lang='lat' dir='ltr'><strong>ceu</strong></span> <span class='ocrx_word' id='word_1_660' title='bbox 2513 2886 2724 2926; x_wconf 91' lang='lat' dir='ltr'><strong>servum</strong></span> <span class='ocrx_word' id='word_1_661' title='bbox 2756 2882 2807 2928; x_wconf 91' lang='lat' dir='ltr'><strong>et</strong></span> <span class='ocrx_word' id='word_1_662' title='bbox 2829 2874 3093 2944; x_wconf 88' lang='lat' dir='ltr'><strong>captivum</strong></span> <span class='ocrx_word' id='word_1_663' title='bbox 3124 2876 3394 2932; x_wconf 91' lang='lat' dir='ltr'><strong>abducens</strong></span> <span class='ocrx_word' id='word_1_664' title='bbox 3439 2879 3566 2947; x_wconf 90' lang='lat' dir='ltr'><strong>abit,</strong></span> <span class='ocrx_word' id='word_1_665' title='bbox 3601 2882 3664 2936; x_wconf 87' lang='lat' dir='ltr'><strong>il-</strong></span> 
     </span>
    </p>
   </div>
   <div class='ocr_carea' id='block_1_90' title="bbox 2076 2961 3666 3037">
    <p class='ocr_par' dir='ltr' id='par_1_90' title="bbox 2076 2961 3666 3037">
     <span class='ocr_line' id='line_1_90' title="bbox 2076 2961 3666 3037; baseline 0.01 -21"><span class='ocrx_word' id='word_1_666' title='bbox 2076 2961 2293 3033; x_wconf 91' lang='lat' dir='ltr'><strong>lumque</strong></span> <span class='ocrx_word' id='word_1_667' title='bbox 2339 2963 2688 3031; x_wconf 87' lang='lat' dir='ltr'><strong>circumfert,</strong></span> <span class='ocrx_word' id='word_1_668' title='bbox 2715 2966 2997 3037; x_wconf 88' lang='lat' dir='ltr'><strong>verberat,</strong></span> <span class='ocrx_word' id='word_1_669' title='bbox 3029 2979 3082 3024; x_wconf 89' lang='lat' dir='ltr'><strong>et</strong></span> <span class='ocrx_word' id='word_1_670' title='bbox 3126 2971 3272 3025; x_wconf 91' lang='lat' dir='ltr'><strong>mille</strong></span> <span class='ocrx_word' id='word_1_671' title='bbox 3326 2975 3666 3032; x_wconf 76' lang='lat' dir='ltr'><strong>contumeliis</strong></span> 
     </span>
    </p>
   </div>
   <div class='ocr_carea' id='block_1_91' title="bbox 2075 3054 3660 3131">
    <p class='ocr_par' dir='ltr' id='par_1_91' title="bbox 2075 3054 3660 3131">
     <span class='ocr_line' id='line_1_91' title="bbox 2075 3054 3660 3131; baseline 0.008 -23"><span class='ocrx_word' id='word_1_672' title='bbox 2075 3055 2257 3108; x_wconf 84' lang='lat' dir='ltr'><strong>afﬁcit.</strong></span> <span class='ocrx_word' id='word_1_673' title='bbox 2301 3054 2355 3108; x_wconf 94' lang='lat' dir='ltr'><strong>In</strong></span> <span class='ocrx_word' id='word_1_674' title='bbox 2391 3065 2587 3110; x_wconf 90' lang='lat' dir='ltr'><strong>tantam</strong></span> <span class='ocrx_word' id='word_1_675' title='bbox 2611 3059 2807 3128; x_wconf 90' lang='lat' dir='ltr'><strong>quippe</strong></span> <span class='ocrx_word' id='word_1_676' title='bbox 2836 3060 2955 3114; x_wconf 92' lang='lat' dir='ltr'><strong>illos</strong></span> <span class='ocrx_word' id='word_1_677' title='bbox 2976 3062 3082 3131; x_wconf 88' lang='lat' dir='ltr'><strong>agit</strong></span> <span class='ocrx_word' id='word_1_678' title='bbox 3114 3063 3419 3130; x_wconf 91' lang='lat' dir='ltr'><strong>stultitiam,</strong></span> <span class='ocrx_word' id='word_1_679' title='bbox 3455 3077 3510 3120; x_wconf 92' lang='lat' dir='ltr'><strong>ut</strong></span> <span class='ocrx_word' id='word_1_680' title='bbox 3534 3083 3660 3122; x_wconf 87' lang='lat' dir='ltr'><strong>sua-</strong></span> 
     </span>
    </p>
   </div>
   <div class='ocr_carea' id='block_1_92' title="bbox 2040 3147 3658 3222">
    <p class='ocr_par' dir='ltr' id='par_1_92' title="bbox 2040 3147 3658 3222">
     <span class='ocr_line' id='line_1_92' title="bbox 2040 3147 3658 3222; baseline 0.009 -21"><span class='ocrx_word' id='word_1_681' title='bbox 2040 3173 2042 3176; x_wconf 88' lang='lat'><strong><em>-</em></strong></span> <span class='ocrx_word' id='word_1_682' title='bbox 2075 3147 2197 3201; x_wconf 88' lang='lat' dir='ltr'><strong>deat</strong></span> <span class='ocrx_word' id='word_1_683' title='bbox 2222 3147 2348 3216; x_wconf 87' lang='lat' dir='ltr'><strong>ipsis</strong></span> <span class='ocrx_word' id='word_1_684' title='bbox 2375 3149 2457 3202; x_wconf 88' lang='lat' dir='ltr'><strong>vel</strong></span> <span class='ocrx_word' id='word_1_685' title='bbox 2479 3149 2735 3205; x_wconf 82' lang='lat' dir='ltr'><strong>adversus</strong></span> <span class='ocrx_word' id='word_1_686' title='bbox 2763 3151 2958 3208; x_wconf 86' lang='lat' dir='ltr'><strong>liberos</strong></span> <span class='ocrx_word' id='word_1_687' title='bbox 2984 3164 3038 3208; x_wconf 91' lang='lat' dir='ltr'><strong>et</strong></span> <span class='ocrx_word' id='word_1_688' title='bbox 3072 3173 3314 3222; x_wconf 80' lang='lat' dir='ltr'><strong>uxorem,</strong></span> <span class='ocrx_word' id='word_1_689' title='bbox 3338 3161 3444 3214; x_wconf 93' lang='lat' dir='ltr'><strong>imo</strong></span> <span class='ocrx_word' id='word_1_690' title='bbox 3472 3172 3658 3216; x_wconf 90' lang='lat' dir='ltr'><strong>contra</strong></span> 
     </span>
    </p>
   </div>
   <div class='ocr_carea' id='block_1_93' title="bbox 2074 3239 3664 3321">
    <p class='ocr_par' dir='ltr' id='par_1_93' title="bbox 2074 3239 3664 3321">
     <span class='ocr_line' id='line_1_93' title="bbox 2074 3239 3664 3321; baseline 0.009 -29"><span class='ocrx_word' id='word_1_691' title='bbox 2074 3239 2308 3308; x_wconf 90' lang='lat' dir='ltr'><strong>majores</strong></span> <span class='ocrx_word' id='word_1_692' title='bbox 2338 3254 2464 3294; x_wconf 88' lang='lat' dir='ltr'><strong>suos</strong></span> <span class='ocrx_word' id='word_1_693' title='bbox 2492 3255 2613 3296; x_wconf 91' lang='lat' dir='ltr'><strong>sese</strong></span> <span class='ocrx_word' id='word_1_694' title='bbox 2642 3241 2851 3297; x_wconf 77' lang='lat' dir='ltr'><strong>efferre.</strong></span> <span class='ocrx_word' id='word_1_695' title='bbox 2883 3243 3082 3300; x_wconf 88' lang='lat' dir='ltr'><strong>Contra</strong></span> <span class='ocrx_word' id='word_1_696' title='bbox 3113 3263 3238 3302; x_wconf 89' lang='lat' dir='ltr'><strong>vero</strong></span> <span class='ocrx_word' id='word_1_697' title='bbox 3267 3249 3401 3303; x_wconf 89' lang='lat' dir='ltr'><strong>alios</strong></span> <span class='ocrx_word' id='word_1_698' title='bbox 3425 3266 3452 3303; x_wconf 92' lang='lat' dir='ltr'><strong>a</strong></span> <span class='ocrx_word' id='word_1_699' title='bbox 3495 3254 3664 3321; x_wconf 91' lang='lat' dir='ltr'><strong>majo-</strong></span> 
     </span>
    </p>
   </div>
   <div class='ocr_carea' id='block_1_94' title="bbox 2074 3319 3663 3410">
    <p class='ocr_par' dir='ltr' id='par_1_94' title="bbox 2074 3319 3663 3410">
     <span class='ocr_line' id='line_1_94' title="bbox 2074 3319 3663 3410; baseline 0.009 -27"><span class='ocrx_word' id='word_1_700' title='bbox 2074 3344 2190 3383; x_wconf 89' lang='lat' dir='ltr'><strong>rum</strong></span> <span class='ocrx_word' id='word_1_701' title='bbox 2243 3319 2530 3399; x_wconf 33' lang='lat' dir='ltr'><strong>sple&#39;ndore</strong></span> <span class='ocrx_word' id='word_1_702' title='bbox 2579 3332 2810 3388; x_wconf 91' lang='lat' dir='ltr'><strong>tumidos</strong></span> <span class='ocrx_word' id='word_1_703' title='bbox 2853 3335 3070 3390; x_wconf 89' lang='lat' dir='ltr'><strong>reddit:</strong></span> <span class='ocrx_word' id='word_1_704' title='bbox 3122 3354 3227 3407; x_wconf 91' lang='lat' dir='ltr'><strong>quo</strong></span> <span class='ocrx_word' id='word_1_705' title='bbox 3279 3339 3404 3410; x_wconf 82' lang='lat' dir='ltr'><strong>quid</strong></span> <span class='ocrx_word' id='word_1_706' title='bbox 3448 3319 3663 3398; x_wconf 87' lang='lat' dir='ltr'><strong>stultius</strong></span> 
     </span>
    </p>
   </div>
   <div class='ocr_carea' id='block_1_95' title="bbox 2076 3420 3658 3488">
    <p class='ocr_par' dir='ltr' id='par_1_95' title="bbox 2076 3420 3658 3488">
     <span class='ocr_line' id='line_1_95' title="bbox 2076 3420 3658 3488; baseline 0.01 -15"><span class='ocrx_word' id='word_1_707' title='bbox 2076 3434 2326 3488; x_wconf 91' lang='lat' dir='ltr'><strong>umquam</strong></span> <span class='ocrx_word' id='word_1_708' title='bbox 2363 3420 2538 3487; x_wconf 86' lang='lat' dir='ltr'><strong>fucrit,</strong></span> <span class='ocrx_word' id='word_1_709' title='bbox 2564 3438 2681 3476; x_wconf 88' lang='lat' dir='ltr'><strong>cum</strong></span> <span class='ocrx_word' id='word_1_710' title='bbox 2715 3439 2746 3478; x_wconf 89' lang='lat' dir='ltr'><strong>e</strong></span> <span class='ocrx_word' id='word_1_711' title='bbox 2786 3425 2950 3480; x_wconf 89' lang='lat' dir='ltr'><strong>rebus</strong></span> <span class='ocrx_word' id='word_1_712' title='bbox 2993 3430 3273 3483; x_wconf 89' lang='lat' dir='ltr'><strong>contrariis</strong></span> <span class='ocrx_word' id='word_1_713' title='bbox 3303 3431 3549 3488; x_wconf 67' lang='lat' dir='ltr'><strong>Similiter</strong></span> <span class='ocrx_word' id='word_1_714' title='bbox 3576 3434 3658 3488; x_wconf 86' lang='lat' dir='ltr'><strong>in-</strong></span> 
     </span>
    </p>
   </div>
   <div class='ocr_carea' id='block_1_96' title="bbox 2074 3512 3658 3588">
    <p class='ocr_par' dir='ltr' id='par_1_96' title="bbox 2074 3512 3658 3588">
     <span class='ocr_line' id='line_1_96' title="bbox 2074 3512 3658 3588; baseline 0.01 -26"><span class='ocrx_word' id='word_1_715' title='bbox 2074 3520 2401 3574; x_wconf 88' lang='lat' dir='ltr'><strong>tumescant,</strong></span> <span class='ocrx_word' id='word_1_716' title='bbox 2429 3512 2551 3576; x_wconf 89' lang='lat' dir='ltr'><strong>alii,</strong></span> <span class='ocrx_word' id='word_1_717' title='bbox 2580 3513 2722 3583; x_wconf 87' lang='lat' dir='ltr'><strong>quod</strong></span> <span class='ocrx_word' id='word_1_718' title='bbox 2745 3516 2878 3569; x_wconf 86' lang='lat' dir='ltr'><strong>viles</strong></span> <span class='ocrx_word' id='word_1_719' title='bbox 2906 3527 3103 3585; x_wconf 89' lang='lat' dir='ltr'><strong>patres,</strong></span> <span class='ocrx_word' id='word_1_720' title='bbox 3133 3533 3278 3582; x_wconf 91' lang='lat' dir='ltr'><strong>avos,</strong></span> <span class='ocrx_word' id='word_1_721' title='bbox 3313 3535 3536 3588; x_wconf 87' lang='lat' dir='ltr'><strong>proavos</strong></span> <span class='ocrx_word' id='word_1_722' title='bbox 3568 3524 3658 3578; x_wconf 87' lang='lat' dir='ltr'><strong>ba-</strong></span> 
     </span>
    </p>
   </div>
   <div class='ocr_carea' id='block_1_97' title="bbox 2071 3600 3656 3678">
    <p class='ocr_par' dir='ltr' id='par_1_97' title="bbox 2071 3600 3656 3678">
     <span class='ocr_line' id='line_1_97' title="bbox 2071 3600 3656 3678; baseline 0.008 -24"><span class='ocrx_word' id='word_1_723' title='bbox 2071 3600 2246 3665; x_wconf 85' lang='lat' dir='ltr'><strong>beant,</strong></span> <span class='ocrx_word' id='word_1_724' title='bbox 2278 3603 2550 3672; x_wconf 82' lang='lat' dir='ltr'><strong>alii,quod</strong></span> <span class='ocrx_word' id='word_1_725' title='bbox 2590 3607 2906 3675; x_wconf 90' lang='lat' dir='ltr'><strong>conspicuos</strong></span> <span class='ocrx_word' id='word_1_726' title='bbox 2949 3617 3002 3661; x_wconf 92' lang='lat' dir='ltr'><strong>et</strong></span> <span class='ocrx_word' id='word_1_727' title='bbox 3048 3609 3324 3665; x_wconf 87' lang='lat' dir='ltr'><strong>illustres?</strong></span> <span class='ocrx_word' id='word_1_728' title='bbox 3380 3612 3656 3678; x_wconf 88' lang='lat' dir='ltr'><strong>Quomodo</strong></span> 
     </span>
    </p>
   </div>
   <div class='ocr_carea' id='block_1_98' title="bbox 2071 3695 3654 3775">
    <p class='ocr_par' dir='ltr' id='par_1_98' title="bbox 2071 3695 3654 3775">
     <span class='ocr_line' id='line_1_98' title="bbox 2071 3695 3654 3775; baseline 0.009 -30"><span class='ocrx_word' id='word_1_729' title='bbox 2071 3695 2191 3762; x_wconf 90' lang='lat' dir='ltr'><strong>quis</strong></span> <span class='ocrx_word' id='word_1_730' title='bbox 2223 3696 2388 3762; x_wconf 85' lang='lat' dir='ltr'><strong>possit</strong></span> <span class='ocrx_word' id='word_1_731' title='bbox 2432 3697 2710 3751; x_wconf 89' lang='lat' dir='ltr'><strong>amborum</strong></span> <span class='ocrx_word' id='word_1_732' title='bbox 2741 3708 3000 3753; x_wconf 90' lang='lat' dir='ltr'><strong>tumorem</strong></span> <span class='ocrx_word' id='word_1_733' title='bbox 3043 3700 3382 3770; x_wconf 88' lang='lat' dir='ltr'><strong>deprimere?</strong></span> <span class='ocrx_word' id='word_1_734' title='bbox 3409 3705 3514 3758; x_wconf 92' lang='lat' dir='ltr'><strong>Illis</strong></span> <span class='ocrx_word' id='word_1_735' title='bbox 3540 3707 3654 3775; x_wconf 84' lang='lat' dir='ltr'><strong>qui-</strong></span> 
     </span>
    </p>
   </div>
   <div class='ocr_carea' id='block_1_99' title="bbox 2071 3785 3652 3860">
    <p class='ocr_par' dir='ltr' id='par_1_99' title="bbox 2071 3785 3652 3860">
     <span class='ocr_line' id='line_1_99' title="bbox 2071 3785 3652 3860; baseline 0.009 -21"><span class='ocrx_word' id='word_1_736' title='bbox 2071 3787 2192 3840; x_wconf 88' lang='lat' dir='ltr'><strong>dem</strong></span> <span class='ocrx_word' id='word_1_737' title='bbox 2219 3785 2365 3841; x_wconf 89' lang='lat' dir='ltr'><strong>dicas</strong></span> <span class='ocrx_word' id='word_1_738' title='bbox 2395 3803 2410 3840; x_wconf 89' lang='lat'><strong>:</strong></span> <span class='ocrx_word' id='word_1_739' title='bbox 2442 3790 2684 3842; x_wconf 84' lang='lat' dir='ltr'><strong>Ascende</strong></span> <span class='ocrx_word' id='word_1_740' title='bbox 2708 3789 2843 3842; x_wconf 85' lang='lat' dir='ltr'><strong>ultra</strong></span> <span class='ocrx_word' id='word_1_741' title='bbox 2873 3803 3328 3860; x_wconf 79' lang='lat' dir='ltr'><strong>avosetproavos,</strong></span> <span class='ocrx_word' id='word_1_742' title='bbox 3353 3806 3406 3848; x_wconf 91' lang='lat' dir='ltr'><strong>et</strong></span> <span class='ocrx_word' id='word_1_743' title='bbox 3427 3795 3652 3853; x_wconf 86' lang='lat' dir='ltr'><strong>fortasse</strong></span> 
     </span>
    </p>
   </div>
   <div class='ocr_carea' id='block_1_100' title="bbox 2070 3881 3650 3960">
    <p class='ocr_par' dir='ltr' id='par_1_100' title="bbox 2070 3881 3650 3960">
     <span class='ocr_line' id='line_1_100' title="bbox 2070 3881 3650 3960; baseline 0.008 -26"><span class='ocrx_word' id='word_1_744' title='bbox 2070 3881 2267 3935; x_wconf 88' lang='lat' dir='ltr'><strong>multos</strong></span> <span class='ocrx_word' id='word_1_745' title='bbox 2297 3881 2532 3936; x_wconf 87' lang='lat' dir='ltr'><strong>invenies</strong></span> <span class='ocrx_word' id='word_1_746' title='bbox 2558 3897 2778 3953; x_wconf 89' lang='lat' dir='ltr'><strong>coquos,</strong></span> <span class='ocrx_word' id='word_1_747' title='bbox 2801 3886 3059 3940; x_wconf 91' lang='lat' dir='ltr'><strong>asinarios</strong></span> <span class='ocrx_word' id='word_1_748' title='bbox 3090 3890 3102 3918; x_wconf 88' lang='grc'>¹</span> <span class='ocrx_word' id='word_1_749' title='bbox 3131 3929 3144 3949; x_wconf 87' lang='grc'><em>,</em></span> <span class='ocrx_word' id='word_1_750' title='bbox 3172 3897 3225 3943; x_wconf 92' lang='lat' dir='ltr'><strong>et</strong></span> <span class='ocrx_word' id='word_1_751' title='bbox 3249 3905 3516 3960; x_wconf 89' lang='lat' dir='ltr'><strong>caupones</strong></span> <span class='ocrx_word' id='word_1_752' title='bbox 3541 3909 3554 3957; x_wconf 93' lang='lat'><strong>;</strong></span> <span class='ocrx_word' id='word_1_753' title='bbox 3585 3892 3650 3946; x_wconf 88' lang='lat' dir='ltr'><strong>ad</strong></span> 
     </span>
    </p>
   </div>
   <div class='ocr_carea' id='block_1_101' title="bbox 2070 3976 3652 4048">
    <p class='ocr_par' dir='ltr' id='par_1_101' title="bbox 2070 3976 3652 4048">
     <span class='ocr_line' id='line_1_101' title="bbox 2070 3976 3652 4048; baseline 0.008 -19"><span class='ocrx_word' id='word_1_754' title='bbox 2070 3989 2163 4029; x_wconf 90' lang='lat' dir='ltr'><strong>eos</strong></span> <span class='ocrx_word' id='word_1_755' title='bbox 2187 3985 2392 4040; x_wconf 89' lang='lat' dir='ltr'><strong>contra,</strong></span> <span class='ocrx_word' id='word_1_756' title='bbox 2425 3979 2513 4046; x_wconf 91' lang='lat' dir='ltr'><strong>qui</strong></span> <span class='ocrx_word' id='word_1_757' title='bbox 2542 3976 2610 4031; x_wconf 88' lang='lat' dir='ltr'><strong>de</strong></span> <span class='ocrx_word' id='word_1_758' title='bbox 2654 3978 2916 4048; x_wconf 90' lang='lat' dir='ltr'><strong>majorum</strong></span> <span class='ocrx_word' id='word_1_759' title='bbox 2945 3995 3162 4037; x_wconf 90' lang='lat' dir='ltr'><strong>suormn</strong></span> <span class='ocrx_word' id='word_1_760' title='bbox 3195 3984 3394 4040; x_wconf 89' lang='lat' dir='ltr'><strong>vilitate</strong></span> <span class='ocrx_word' id='word_1_761' title='bbox 3424 3986 3652 4042; x_wconf 86' lang='lat' dir='ltr'><strong>intume-</strong></span> 
     </span>
    </p>
   </div>
   <div class='ocr_carea' id='block_1_102' title="bbox 2070 4068 3651 4142">
    <p class='ocr_par' dir='ltr' id='par_1_102' title="bbox 2070 4068 3651 4142">
     <span class='ocr_line' id='line_1_102' title="bbox 2070 4068 3651 4142; baseline 0.008 -22"><span class='ocrx_word' id='word_1_762' title='bbox 2070 4077 2244 4132; x_wconf 87' lang='lat' dir='ltr'><strong>scunt,</strong></span> <span class='ocrx_word' id='word_1_763' title='bbox 2268 4068 2319 4120; x_wconf 80' lang='lat' dir='ltr'><strong>Si</strong></span> <span class='ocrx_word' id='word_1_764' title='bbox 2352 4083 2508 4137; x_wconf 90' lang='lat' dir='ltr'><strong>supra</strong></span> <span class='ocrx_word' id='word_1_765' title='bbox 2551 4083 2678 4122; x_wconf 87' lang='lat' dir='ltr'><strong>avos</strong></span> <span class='ocrx_word' id='word_1_766' title='bbox 2710 4079 2826 4123; x_wconf 91' lang='lat' dir='ltr'><strong>tuos</strong></span> <span class='ocrx_word' id='word_1_767' title='bbox 2877 4073 3254 4142; x_wconf 74' lang='lat' dir='ltr'><strong>progrediaris,</strong></span> <span class='ocrx_word' id='word_1_768' title='bbox 3280 4076 3475 4132; x_wconf 90' lang='lat' dir='ltr'><strong>multos</strong></span> <span class='ocrx_word' id='word_1_769' title='bbox 3503 4078 3651 4133; x_wconf 85' lang='lat' dir='ltr'><strong>inve-</strong></span> 
     </span>
    </p>
   </div>
   <div class='ocr_carea' id='block_1_103' title="bbox 2069 4159 2742 4228">
    <p class='ocr_par' dir='ltr' id='par_1_103' title="bbox 2069 4159 2742 4228">
     <span class='ocr_line' id='line_1_103' title="bbox 2069 4159 2742 4228; baseline 0.001 -16"><span class='ocrx_word' id='word_1_770' title='bbox 2069 4159 2184 4212; x_wconf 87' lang='lat' dir='ltr'><strong>nies</strong></span> <span class='ocrx_word' id='word_1_771' title='bbox 2210 4169 2259 4212; x_wconf 91' lang='lat' dir='ltr'><strong>te</strong></span> <span class='ocrx_word' id='word_1_772' title='bbox 2285 4159 2441 4228; x_wconf 87' lang='lat' dir='ltr'><strong>longe</strong></span> <span class='ocrx_word' id='word_1_773' title='bbox 2462 4159 2742 4216; x_wconf 88' lang='lat' dir='ltr'><strong>clariores.</strong></span> 
     </span>
    </p>
   </div>
   <div class='ocr_carea' id='block_1_104' title="bbox 2138 4249 3651 4326">
    <p class='ocr_par' dir='ltr' id='par_1_104' title="bbox 2138 4249 3651 4326">
     <span class='ocr_line' id='line_1_104' title="bbox 2138 4249 3651 4326; baseline 0.009 -21"><span class='ocrx_word' id='word_1_774' title='bbox 2138 4252 2189 4305; x_wconf 75' lang='grc'><strong>4.</strong></span> <span class='ocrx_word' id='word_1_775' title='bbox 2215 4249 2339 4305; x_wconf 87' lang='lat' dir='ltr'><strong>Non</strong></span> <span class='ocrx_word' id='word_1_776' title='bbox 2372 4253 2693 4322; x_wconf 84' lang='lat' dir='ltr'><strong>gloriandum</strong></span> <span class='ocrx_word' id='word_1_777' title='bbox 2722 4271 2784 4308; x_wconf 71' lang='lat' dir='ltr'><strong>ea:</strong></span> <span class='ocrx_word' id='word_1_778' title='bbox 2823 4256 3019 4326; x_wconf 80' lang='lat' dir='ltr'><strong>generis</strong></span> <span class='ocrx_word' id='word_1_779' title='bbox 3050 4258 3326 4313; x_wconf 83' lang='lat' dir='ltr'><strong>nobilitate.</strong></span> <span class='ocrx_word' id='word_1_780' title='bbox 3359 4258 3560 4316; x_wconf 67' lang='lat' dir='ltr'><strong>Divitiae</strong></span> <span class='ocrx_word' id='word_1_781' title='bbox 3589 4264 3651 4317; x_wconf 87' lang='lat' dir='ltr'><strong>li-</strong></span> 
     </span>
    </p>
   </div>
   <div class='ocr_carea' id='block_1_105' title="bbox 2066 4343 3649 4413">
    <p class='ocr_par' dir='ltr' id='par_1_105' title="bbox 2066 4343 3649 4413">
     <span class='ocr_line' id='line_1_105' title="bbox 2066 4343 3649 4413; baseline 0.007 -17"><span class='ocrx_word' id='word_1_782' title='bbox 2066 4343 2304 4396; x_wconf 81' lang='lat' dir='ltr'><strong>bertatem</strong></span> <span class='ocrx_word' id='word_1_783' title='bbox 2346 4343 2551 4398; x_wconf 88' lang='lat' dir='ltr'><strong>tollunt.</strong></span> <span class='ocrx_word' id='word_1_784' title='bbox 2575 4375 2644 4385; x_wconf 94' lang='lat'><strong>—-</strong></span> <span class='ocrx_word' id='word_1_785' title='bbox 2667 4346 2817 4413; x_wconf 86' lang='lat' dir='ltr'><strong>Quod</strong></span> <span class='ocrx_word' id='word_1_786' title='bbox 2849 4349 2988 4401; x_wconf 88' lang='lat' dir='ltr'><strong>enim</strong></span> <span class='ocrx_word' id='word_1_787' title='bbox 3019 4350 3138 4403; x_wconf 88' lang='lat' dir='ltr'><strong>talis</strong></span> <span class='ocrx_word' id='word_1_788' title='bbox 3175 4351 3243 4404; x_wconf 87' lang='lat' dir='ltr'><strong>sit</strong></span> <span class='ocrx_word' id='word_1_789' title='bbox 3272 4351 3518 4408; x_wconf 66' lang='lat' dir='ltr'><strong>humana:</strong></span> <span class='ocrx_word' id='word_1_790' title='bbox 3557 4371 3649 4407; x_wconf 84' lang='lat' dir='ltr'><strong>na-</strong></span> 
     </span>
    </p>
   </div>
   <div class='ocr_carea' id='block_1_106' title="bbox 2068 4437 3649 4508">
    <p class='ocr_par' dir='ltr' id='par_1_106' title="bbox 2068 4437 3649 4508">
     <span class='ocr_line' id='line_1_106' title="bbox 2068 4437 3649 4508; baseline 0.007 -19"><span class='ocrx_word' id='word_1_791' title='bbox 2068 4445 2198 4490; x_wconf 73' lang='lat' dir='ltr'><strong>tura:</strong></span> <span class='ocrx_word' id='word_1_792' title='bbox 2224 4451 2434 4503; x_wconf 90' lang='lat' dir='ltr'><strong>cursus,</strong></span> <span class='ocrx_word' id='word_1_793' title='bbox 2466 4453 2533 4492; x_wconf 84' lang='lat' dir='ltr'><strong>ex</strong></span> <span class='ocrx_word' id='word_1_794' title='bbox 2559 4437 2852 4508; x_wconf 89' lang='lat' dir='ltr'><strong>Scripturis</strong></span> <span class='ocrx_word' id='word_1_795' title='bbox 2883 4442 3032 4496; x_wconf 91' lang='lat' dir='ltr'><strong>vobis</strong></span> <span class='ocrx_word' id='word_1_796' title='bbox 3063 4442 3363 4498; x_wconf 89' lang='lat' dir='ltr'><strong>ostendam.</strong></span> <span class='ocrx_word' id='word_1_797' title='bbox 3397 4447 3649 4501; x_wconf 84' lang='lat' dir='ltr'><strong>Salomon-</strong></span> 
     </span>
    </p>
   </div>
   <div class='ocr_carea' id='block_1_107' title="bbox 2065 4527 3648 4606">
    <p class='ocr_par' dir='ltr' id='par_1_107' title="bbox 2065 4527 3648 4606">
     <span class='ocr_line' id='line_1_107' title="bbox 2065 4527 3648 4606; baseline 0.008 -26"><span class='ocrx_word' id='word_1_798' title='bbox 2065 4527 2203 4581; x_wconf 90' lang='lat' dir='ltr'><strong>filius</strong></span> <span class='ocrx_word' id='word_1_799' title='bbox 2230 4529 2371 4598; x_wconf 83' lang='lat' dir='ltr'><strong>regis</strong></span> <span class='ocrx_word' id='word_1_800' title='bbox 2397 4539 2534 4596; x_wconf 91' lang='lat' dir='ltr'><strong>erat,</strong></span> <span class='ocrx_word' id='word_1_801' title='bbox 2565 4532 2808 4600; x_wconf 89' lang='lat' dir='ltr'><strong>regisque</strong></span> <span class='ocrx_word' id='word_1_802' title='bbox 2847 4532 3160 4600; x_wconf 86' lang='lat' dir='ltr'><strong>clarissimi,</strong></span> <span class='ocrx_word' id='word_1_803' title='bbox 3193 4537 3285 4590; x_wconf 87' lang='lat' dir='ltr'><strong>sed</strong></span> <span class='ocrx_word' id='word_1_804' title='bbox 3316 4537 3469 4606; x_wconf 91' lang='lat' dir='ltr'><strong>hujus</strong></span> <span class='ocrx_word' id='word_1_805' title='bbox 3504 4550 3648 4606; x_wconf 84' lang='lat' dir='ltr'><strong>pater</strong></span> 
     </span>
    </p>
   </div>
   <div class='ocr_carea' id='block_1_108' title="bbox 2065 4619 3641 4692">
    <p class='ocr_par' dir='ltr' id='par_1_108' title="bbox 2065 4619 3641 4692">
     <span class='ocr_line' id='line_1_108' title="bbox 2065 4619 3641 4692; baseline 0.005 -20"><span class='ocrx_word' id='word_1_806' title='bbox 2065 4620 2202 4673; x_wconf 88' lang='lat' dir='ltr'><strong>inter</strong></span> <span class='ocrx_word' id='word_1_807' title='bbox 2240 4621 2377 4690; x_wconf 85' lang='lat' dir='ltr'><strong>vulgi</strong></span> <span class='ocrx_word' id='word_1_808' title='bbox 2421 4619 2665 4677; x_wconf 86' lang='lat' dir='ltr'><strong>homines</strong></span> <span class='ocrx_word' id='word_1_809' title='bbox 2696 4633 2748 4675; x_wconf 91' lang='lat' dir='ltr'><strong>et</strong></span> <span class='ocrx_word' id='word_1_810' title='bbox 2778 4623 3036 4692; x_wconf 86' lang='lat' dir='ltr'><strong>ignobiles</strong></span> <span class='ocrx_word' id='word_1_811' title='bbox 3080 4627 3463 4681; x_wconf 88' lang='lat' dir='ltr'><strong>numerabatur</strong></span> <span class='ocrx_word' id='word_1_812' title='bbox 3484 4672 3498 4690; x_wconf 94' lang='lat'><strong>,</strong></span> <span class='ocrx_word' id='word_1_813' title='bbox 3531 4647 3641 4681; x_wconf 81' lang='lat' dir='ltr'><strong>ma-</strong></span> 
     </span>
    </p>
   </div>
   <div class='ocr_carea' id='block_1_109' title="bbox 2064 4713 3650 4786">
    <p class='ocr_par' dir='ltr' id='par_1_109' title="bbox 2064 4713 3650 4786">
     <span class='ocr_line' id='line_1_109' title="bbox 2064 4713 3650 4786; baseline 0.007 -23"><span class='ocrx_word' id='word_1_814' title='bbox 2064 4719 2244 4766; x_wconf 89' lang='lat' dir='ltr'><strong>ternus</strong></span> <span class='ocrx_word' id='word_1_815' title='bbox 2269 4727 2479 4781; x_wconf 89' lang='lat' dir='ltr'><strong>quoque</strong></span> <span class='ocrx_word' id='word_1_816' title='bbox 2511 4727 2641 4766; x_wconf 86' lang='lat' dir='ltr'><strong>avus</strong></span> <span class='ocrx_word' id='word_1_817' title='bbox 2666 4713 2941 4780; x_wconf 82' lang='lat' dir='ltr'><strong>similiter;</strong></span> <span class='ocrx_word' id='word_1_818' title='bbox 2975 4717 3208 4786; x_wconf 88' lang='lat' dir='ltr'><strong>alioquin</strong></span> <span class='ocrx_word' id='word_1_819' title='bbox 3230 4719 3371 4772; x_wconf 88' lang='lat' dir='ltr'><strong>enim</strong></span> <span class='ocrx_word' id='word_1_820' title='bbox 3399 4735 3499 4772; x_wconf 85' lang='lat' dir='ltr'><strong>non</strong></span> <span class='ocrx_word' id='word_1_821' title='bbox 3523 4736 3650 4774; x_wconf 75' lang='lat' dir='ltr'><strong>cum.</strong></span> 
     </span>
    </p>
   </div>
   <div class='ocr_carea' id='block_1_110' title="bbox 2062 4803 3640 4873">
    <p class='ocr_par' dir='ltr' id='par_1_110' title="bbox 2062 4803 3640 4873">
     <span class='ocr_line' id='line_1_110' title="bbox 2062 4803 3640 4873; baseline 0.005 -18"><span class='ocrx_word' id='word_1_822' title='bbox 2062 4804 2302 4873; x_wconf 86' lang='lat' dir='ltr'><strong>gregario</strong></span> <span class='ocrx_word' id='word_1_823' title='bbox 2352 4805 2522 4859; x_wconf 90' lang='lat' dir='ltr'><strong>milite</strong></span> <span class='ocrx_word' id='word_1_824' title='bbox 2569 4803 2727 4858; x_wconf 85' lang='lat' dir='ltr'><strong>filiam</strong></span> <span class='ocrx_word' id='word_1_825' title='bbox 2760 4806 3006 4861; x_wconf 89' lang='lat' dir='ltr'><strong>locasset.</strong></span> <span class='ocrx_word' id='word_1_826' title='bbox 3051 4809 3104 4860; x_wconf 86' lang='lat' dir='ltr'><strong>Si</strong></span> <span class='ocrx_word' id='word_1_827' title='bbox 3142 4810 3300 4863; x_wconf 91' lang='lat' dir='ltr'><strong>altius</strong></span> <span class='ocrx_word' id='word_1_828' title='bbox 3339 4820 3514 4864; x_wconf 88' lang='lat' dir='ltr'><strong>autem</strong></span> <span class='ocrx_word' id='word_1_829' title='bbox 3557 4829 3640 4864; x_wconf 86' lang='lat' dir='ltr'><strong>re-</strong></span> 
     </span>
    </p>
   </div>
   <div class='ocr_carea' id='block_1_111' title="bbox 2063 4896 3646 4973">
    <p class='ocr_par' dir='ltr' id='par_1_111' title="bbox 2063 4896 3646 4973">
     <span class='ocr_line' id='line_1_111' title="bbox 2063 4896 3646 4973; baseline 0.006 -22"><span class='ocrx_word' id='word_1_830' title='bbox 2063 4908 2233 4965; x_wconf 85' lang='lat' dir='ltr'><strong>petas,</strong></span> <span class='ocrx_word' id='word_1_831' title='bbox 2266 4896 2443 4952; x_wconf 88' lang='lat' dir='ltr'><strong>abhis</strong></span> <span class='ocrx_word' id='word_1_832' title='bbox 2484 4898 2756 4953; x_wconf 90' lang='lat' dir='ltr'><strong>vilioribus</strong></span> <span class='ocrx_word' id='word_1_833' title='bbox 2784 4900 2848 4953; x_wconf 92' lang='lat' dir='ltr'><strong>ad</strong></span> <span class='ocrx_word' id='word_1_834' title='bbox 2896 4901 3208 4955; x_wconf 83' lang='lat' dir='ltr'><strong>illustriores</strong></span> <span class='ocrx_word' id='word_1_835' title='bbox 3252 4903 3646 4973; x_wconf 66' lang='lat' dir='ltr'><strong>nobilior-esque</strong></span> 
     </span>
    </p>
   </div>
   <div class='ocr_carea' id='block_1_112' title="bbox 2060 4989 3643 5061">
    <p class='ocr_par' dir='ltr' id='par_1_112' title="bbox 2060 4989 3643 5061">
     <span class='ocr_line' id='line_1_112' title="bbox 2060 4989 3643 5061; baseline 0.004 -19"><span class='ocrx_word' id='word_1_836' title='bbox 2060 4989 2337 5043; x_wconf 59' lang='lat' dir='ltr'><strong>ascendes.</strong></span> <span class='ocrx_word' id='word_1_837' title='bbox 2369 4989 2600 5061; x_wconf 66' lang='lat' dir='ltr'><strong>ldipsum</strong></span> <span class='ocrx_word' id='word_1_838' title='bbox 2631 4992 2680 5044; x_wconf 93' lang='lat' dir='ltr'><strong>in</strong></span> <span class='ocrx_word' id='word_1_839' title='bbox 2711 4990 2873 5045; x_wconf 76' lang='lat' dir='ltr'><strong>Sahlc</strong></span> <span class='ocrx_word' id='word_1_840' title='bbox 2896 5002 2946 5044; x_wconf 88' lang='lat' dir='ltr'><strong>et</strong></span> <span class='ocrx_word' id='word_1_841' title='bbox 2977 4992 3027 5044; x_wconf 89' lang='lat' dir='ltr'><strong>in</strong></span> <span class='ocrx_word' id='word_1_842' title='bbox 3056 4994 3297 5061; x_wconf 85' lang='lat' dir='ltr'><strong>plurimis</strong></span> <span class='ocrx_word' id='word_1_843' title='bbox 3323 4995 3440 5047; x_wconf 87' lang='lat' dir='ltr'><strong>aliis</strong></span> <span class='ocrx_word' id='word_1_844' title='bbox 3462 4996 3643 5049; x_wconf 50' lang='lat' dir='ltr'><strong>observ</strong></span> 
     </span>
    </p>
   </div>
   <div class='ocr_carea' id='block_1_113' title="bbox 2061 5083 3645 5154">
    <p class='ocr_par' dir='ltr' id='par_1_113' title="bbox 2061 5083 3645 5154">
     <span class='ocr_line' id='line_1_113' title="bbox 2061 5083 3645 5154; baseline 0.006 -20"><span class='ocrx_word' id='word_1_845' title='bbox 2061 5097 2187 5136; x_wconf 89' lang='lat' dir='ltr'><strong>vare</strong></span> <span class='ocrx_word' id='word_1_846' title='bbox 2210 5083 2349 5137; x_wconf 88' lang='lat' dir='ltr'><strong>licet.</strong></span> <span class='ocrx_word' id='word_1_847' title='bbox 2377 5083 2454 5138; x_wconf 88' lang='lat' dir='ltr'><strong>Ne</strong></span> <span class='ocrx_word' id='word_1_848' title='bbox 2483 5084 2641 5153; x_wconf 72' lang='lat' dir='ltr'><strong>igitur</strong></span> <span class='ocrx_word' id='word_1_849' title='bbox 2673 5084 2795 5137; x_wconf 88' lang='lat' dir='ltr'><strong>hinc</strong></span> <span class='ocrx_word' id='word_1_850' title='bbox 2822 5086 2984 5138; x_wconf 88' lang='lat' dir='ltr'><strong>altmn</strong></span> <span class='ocrx_word' id='word_1_851' title='bbox 3013 5086 3302 5154; x_wconf 89' lang='lat' dir='ltr'><strong>sapiamus.</strong></span> <span class='ocrx_word' id='word_1_852' title='bbox 3335 5088 3468 5153; x_wconf 84' lang='lat' dir='ltr'><strong>Quid</strong></span> <span class='ocrx_word' id='word_1_853' title='bbox 3501 5090 3645 5142; x_wconf 87' lang='lat' dir='ltr'><strong>enim</strong></span> 
     </span>
    </p>
   </div>
   <div class='ocr_carea' id='block_1_114' title="bbox 2059 5177 3644 5244">
    <p class='ocr_par' dir='ltr' id='par_1_114' title="bbox 2059 5177 3644 5244">
     <span class='ocr_line' id='line_1_114' title="bbox 2059 5177 3644 5244; baseline 0.008 -18"><span class='ocrx_word' id='word_1_854' title='bbox 2059 5190 2262 5243; x_wconf 74' lang='lat' dir='ltr'><strong>quazso,</strong></span> <span class='ocrx_word' id='word_1_855' title='bbox 2290 5191 2456 5244; x_wconf 88' lang='lat' dir='ltr'><strong>genus</strong></span> <span class='ocrx_word' id='word_1_856' title='bbox 2486 5179 2606 5230; x_wconf 83' lang='lat' dir='ltr'><strong>est?</strong></span> <span class='ocrx_word' id='word_1_857' title='bbox 2638 5177 2776 5231; x_wconf 89' lang='lat' dir='ltr'><strong>Nihil</strong></span> <span class='ocrx_word' id='word_1_858' title='bbox 2815 5179 2914 5230; x_wconf 80' lang='lat' dir='ltr'><strong>nisi</strong></span> <span class='ocrx_word' id='word_1_859' title='bbox 2960 5196 3176 5243; x_wconf 88' lang='lat' dir='ltr'><strong>nomen,</strong></span> <span class='ocrx_word' id='word_1_860' title='bbox 3209 5196 3264 5235; x_wconf 91' lang='lat' dir='ltr'><strong>re</strong></span> <span class='ocrx_word' id='word_1_861' title='bbox 3294 5197 3513 5236; x_wconf 89' lang='lat' dir='ltr'><strong>vacuum</strong></span> <span class='ocrx_word' id='word_1_862' title='bbox 3546 5201 3558 5237; x_wconf 93' lang='lat'>:</span> <span class='ocrx_word' id='word_1_863' title='bbox 3593 5195 3644 5238; x_wconf 89' lang='lat' dir='ltr'><strong>et</strong></span> 
     </span>
    </p>
   </div>
   <div class='ocr_carea' id='block_1_115' title="bbox 2061 5268 3644 5339">
    <p class='ocr_par' dir='ltr' id='par_1_115' title="bbox 2061 5268 3644 5339">
     <span class='ocr_line' id='line_1_115' title="bbox 2061 5268 3644 5339; baseline 0.006 -18"><span class='ocrx_word' id='word_1_864' title='bbox 2061 5268 2161 5322; x_wconf 83' lang='lat' dir='ltr'><strong>hoc</strong></span> <span class='ocrx_word' id='word_1_865' title='bbox 2193 5270 2242 5321; x_wconf 91' lang='lat' dir='ltr'><strong>in</strong></span> <span class='ocrx_word' id='word_1_866' title='bbox 2268 5285 2507 5324; x_wconf 82' lang='lat' dir='ltr'><strong>extremo</strong></span> <span class='ocrx_word' id='word_1_867' title='bbox 2533 5270 2624 5323; x_wconf 86' lang='lat' dir='ltr'><strong>illo</strong></span> <span class='ocrx_word' id='word_1_868' title='bbox 2653 5271 2738 5324; x_wconf 83' lang='lat' dir='ltr'><strong>die</strong></span> <span class='ocrx_word' id='word_1_869' title='bbox 2761 5273 2956 5325; x_wconf 85' lang='lat' dir='ltr'><strong>scietis.</strong></span> <span class='ocrx_word' id='word_1_870' title='bbox 2986 5273 3244 5339; x_wconf 89' lang='lat' dir='ltr'><strong>Quoniam</strong></span> <span class='ocrx_word' id='word_1_871' title='bbox 3272 5292 3397 5328; x_wconf 83' lang='lat' dir='ltr'><strong>vero</strong></span> <span class='ocrx_word' id='word_1_872' title='bbox 3420 5278 3534 5331; x_wconf 86' lang='lat' dir='ltr'><strong>dies</strong></span> <span class='ocrx_word' id='word_1_873' title='bbox 3558 5279 3644 5330; x_wconf 88' lang='lat' dir='ltr'><strong>ille</strong></span> 
     </span>
    </p>
   </div>
   <div class='ocr_carea' id='block_1_116' title="bbox 2061 5361 3643 5431">
    <p class='ocr_par' dir='ltr' id='par_1_116' title="bbox 2061 5361 3643 5431">
     <span class='ocr_line' id='line_1_116' title="bbox 2061 5361 3643 5431; baseline 0.006 -17"><span class='ocrx_word' id='word_1_874' title='bbox 2061 5361 2296 5414; x_wconf 89' lang='lat' dir='ltr'><strong>nondum</strong></span> <span class='ocrx_word' id='word_1_875' title='bbox 2326 5363 2506 5426; x_wconf 87' lang='lat' dir='ltr'><strong>adest,</strong></span> <span class='ocrx_word' id='word_1_876' title='bbox 2538 5378 2632 5430; x_wconf 82' lang='lat' dir='ltr'><strong>age</strong></span> <span class='ocrx_word' id='word_1_877' title='bbox 2665 5380 2728 5416; x_wconf 85' lang='lat' dir='ltr'><strong>ex</strong></span> <span class='ocrx_word' id='word_1_878' title='bbox 2761 5366 3110 5431; x_wconf 70' lang='lat' dir='ltr'><strong>praesentibus</strong></span> <span class='ocrx_word' id='word_1_879' title='bbox 3145 5367 3290 5420; x_wconf 86' lang='lat' dir='ltr'><strong>vobis</strong></span> <span class='ocrx_word' id='word_1_880' title='bbox 3327 5369 3643 5423; x_wconf 84' lang='lat' dir='ltr'><strong>suadeamus</strong></span> 
     </span>
    </p>
   </div>
   <div class='ocr_carea' id='block_1_117' title="bbox 2060 5455 3640 5526">
    <p class='ocr_par' dir='ltr' id='par_1_117' title="bbox 2060 5455 3640 5526">
     <span class='ocr_line' id='line_1_117' title="bbox 2060 5455 3640 5526; baseline 0.004 -19"><span class='ocrx_word' id='word_1_881' title='bbox 2060 5455 2261 5508; x_wconf 89' lang='lat' dir='ltr'><strong>nullam</strong></span> <span class='ocrx_word' id='word_1_882' title='bbox 2292 5455 2413 5509; x_wconf 89' lang='lat' dir='ltr'><strong>inde</strong></span> <span class='ocrx_word' id='word_1_883' title='bbox 2435 5457 2840 5524; x_wconf 75' lang='lat' dir='ltr'><strong>prterogativam</strong></span> <span class='ocrx_word' id='word_1_884' title='bbox 2869 5457 3065 5510; x_wconf 85' lang='lat' dir='ltr'><strong>assumi</strong></span> <span class='ocrx_word' id='word_1_885' title='bbox 3098 5473 3272 5526; x_wconf 87' lang='lat' dir='ltr'><strong>posse.</strong></span> <span class='ocrx_word' id='word_1_886' title='bbox 3302 5459 3432 5514; x_wconf 85' lang='lat' dir='ltr'><strong>Nam</strong></span> <span class='ocrx_word' id='word_1_887' title='bbox 3460 5462 3502 5513; x_wconf 88' lang='lat' dir='ltr'><strong>si</strong></span> <span class='ocrx_word' id='word_1_888' title='bbox 3529 5462 3640 5515; x_wconf 80' lang='lat' dir='ltr'><strong>bel-</strong></span> 
     </span>
    </p>
   </div>
   <div class='ocr_carea' id='block_1_118' title="bbox 2059 5547 3644 5618">
    <p class='ocr_par' dir='ltr' id='par_1_118' title="bbox 2059 5547 3644 5618">
     <span class='ocr_line' id='line_1_118' title="bbox 2059 5547 3644 5618; baseline 0.004 -16"><span class='ocrx_word' id='word_1_889' title='bbox 2059 5548 2168 5602; x_wconf 92' lang='lat' dir='ltr'><strong>lum</strong></span> <span class='ocrx_word' id='word_1_890' title='bbox 2198 5548 2427 5618; x_wconf 86' lang='lat' dir='ltr'><strong>ingruat,</strong></span> <span class='ocrx_word' id='word_1_891' title='bbox 2462 5548 2506 5601; x_wconf 88' lang='lat' dir='ltr'><strong>si</strong></span> <span class='ocrx_word' id='word_1_892' title='bbox 2529 5547 2695 5602; x_wconf 81' lang='lat' dir='ltr'><strong>fames</strong></span> <span class='ocrx_word' id='word_1_893' title='bbox 2715 5588 2729 5611; x_wconf 91' lang='lat'><strong>,</strong></span> <span class='ocrx_word' id='word_1_894' title='bbox 2764 5547 2806 5601; x_wconf 92' lang='lat' dir='ltr'><strong>si</strong></span> <span class='ocrx_word' id='word_1_895' title='bbox 2836 5548 3044 5618; x_wconf 88' lang='lat' dir='ltr'><strong>quidvis</strong></span> <span class='ocrx_word' id='word_1_896' title='bbox 3067 5550 3208 5604; x_wconf 90' lang='lat' dir='ltr'><strong>aliud</strong></span> <span class='ocrx_word' id='word_1_897' title='bbox 3230 5592 3245 5617; x_wconf 94' lang='lat'><strong>,</strong></span> <span class='ocrx_word' id='word_1_898' title='bbox 3278 5553 3326 5606; x_wconf 90' lang='lat' dir='ltr'><strong>hi</strong></span> <span class='ocrx_word' id='word_1_899' title='bbox 3357 5553 3644 5608; x_wconf 84' lang='lat' dir='ltr'><strong>nobilitatis</strong></span> 
     </span>
    </p>
   </div>
   <div class='ocr_carea' id='block_1_119' title="bbox 2121 5709 2967 5771">
    <p class='ocr_par' dir='ltr' id='par_1_119' title="bbox 2121 5709 2967 5771">
     <span class='ocr_line' id='line_1_119' title="bbox 2121 5709 2967 5771; baseline 0.002 -15"><span class='ocrx_word' id='word_1_900' title='bbox 2121 5710 2138 5740; x_wconf 84' lang='grc'>¹</span> <span class='ocrx_word' id='word_1_901' title='bbox 2176 5715 2320 5758; x_wconf 80' lang='lat' dir='ltr'><strong>Unus.</strong></span> <span class='ocrx_word' id='word_1_902' title='bbox 2345 5723 2556 5766; x_wconf 75' lang='lat' dir='ltr'><strong>errones,</strong></span> <span class='ocrx_word' id='word_1_903' title='bbox 2586 5723 2690 5771; x_wconf 87' lang='lat' dir='ltr'><strong>pro.</strong></span> <span class='ocrx_word' id='word_1_904' title='bbox 2715 5709 2967 5761; x_wconf 78' lang='lat' dir='ltr'><strong>asinarios.</strong></span> 
     </span>
    </p>
   </div>
   <div class='ocr_carea' id='block_1_120' title="bbox 2120 5772 3640 5837">
    <p class='ocr_par' dir='ltr' id='par_1_120' title="bbox 2120 5772 3640 5837">
     <span class='ocr_line' id='line_1_120' title="bbox 2120 5772 3640 5837; baseline 0.005 -17"><span class='ocrx_word' id='word_1_905' title='bbox 2120 5772 2192 5828; x_wconf 80' lang='grc' dir='ltr'>(ιι)</span> <span class='ocrx_word' id='word_1_906' title='bbox 2229 5780 2492 5820; x_wconf 66' lang='grc' dir='ltr'>ιιιτιιδιιηιιι</span> <span class='ocrx_word' id='word_1_907' title='bbox 2532 5773 2856 5822; x_wconf 78' lang='lat' dir='ltr'><strong>tricubitalem</strong></span> <span class='ocrx_word' id='word_1_908' title='bbox 2897 5773 3017 5823; x_wconf 80' lang='lat' dir='ltr'><strong>solet</strong></span> <span class='ocrx_word' id='word_1_909' title='bbox 3057 5773 3424 5837; x_wconf 83' lang='lat' dir='ltr'><strong>Chrysostomus</strong></span> <span class='ocrx_word' id='word_1_910' title='bbox 3466 5779 3640 5828; x_wconf 71' lang='lat' dir='ltr'><strong>homini</strong></span> 
     </span>
    </p>
   </div>
   <div class='ocr_carea' id='block_1_121' title="bbox 2061 5846 2325 5895">
    <p class='ocr_par' dir='ltr' id='par_1_121' title="bbox 2061 5846 2325 5895">
     <span class='ocr_line' id='line_1_121' title="bbox 2061 5846 2325 5895; baseline -0.008 -11"><span class='ocrx_word' id='word_1_911' title='bbox 2061 5846 2325 5895; x_wconf 66' lang='lat' dir='ltr'><strong>assagnare.</strong></span> 
     </span>
    </p>
   </div>
  </div>
