4140 6376
511 367 600 425 Πι-
1263 361 1320 416 S.
1362 357 1638 416 JOA‘NNIS
1676 351 2146 412 CHRYSOSTOMI
2188 352 2505 409 AllClllEP.
2547 354 3086 411 CONSTANTINOP.

494 491 729 534 tumores
774 483 1093 532 evanescunt
1126 491 1136 525 :
1171 474 1212 527 si
1247 473 1463 527 morbus
1497 470 1711 525 invadat
1733 514 1747 537 ,
1775 471 1817 524 si
1863 470 2026 539 pestis
2049 509 2063 530 ,

496 587 600 627 non
627 567 899 636 distinguit
927 565 1144 618 divitem
1174 578 1204 618 a
1231 578 1494 632 paupere,
1524 578 1629 616 non
1673 563 1961 632 gloriosum
2006 561 2073 614 ab

499 663 739 736 inglorio,
768 677 873 715 non
903 660 1136 718 nobilem
1168 658 1237 712 ab
1263 658 1478 728 ignobili
1505 677 1518 712 :
1550 658 1628 712 sic
1655 668 1708 711 et
1738 657 1789 710 in
1824 666 1994 710 morte
2020 665 2073 709 et

496 754 546 811 iu
574 752 694 806 aliis
719 766 897 808 rerum
931 747 1309 804 mutationibus
1327 790 1342 812 ,
1371 746 1467 802 scd
1500 747 1657 802 simul
1683 746 1859 801 omnia
1886 759 2074 800 omnes

494 843 789 902 invadunt:
821 852 876 897 et
899 843 942 896 si
971 842 1097 912 quid
1131 842 1321 895 mirum
1355 841 1533 895 dicere
1571 841 1758 906 liceat,
1788 838 1902 893 haec
1932 838 2072 892 divi-

493 933 633 992 tibus
662 935 828 1001 magis
865 932 1112 987 accidunt
1143 950 1156 985 :
1183 941 1384 1001 quanto
1423 932 1564 986 enim
1611 939 1726 986 tunc
1765 931 1942 986 minus
1980 944 2072 983 cu-

495 1037 632 1089 rant,
665 1033 807 1080 tante
833 1025 1041 1081 facilius
1062 1033 1303 1095 pereunt.
1328 1025 1499 1080 Metus
1519 1033 1695 1078 autem
1717 1023 1853 1092 apud
1879 1023 2072 1076 divites

494 1117 663 1185 major
684 1125 783 1172 est.
819 1116 948 1170 Nam
987 1116 1039 1170 hi
1083 1118 1313 1171 maxime
1345 1117 1610 1186 principes
1639 1116 1940 1182 formidant,
1971 1131 2071 1171 nec

491 1209 667 1267 minus
705 1209 785 1262 his
815 1209 1142 1278 principibus
1189 1209 1466 1276 subditos,
1499 1211 1606 1263 imo
1655 1211 1822 1264 multo
1871 1210 2068 1278 magis;

493 1302 748 1374 plurimas
785 1303 925 1356 enim
973 1302 1272 1372 hujusmodi
1317 1303 1503 1357 domos
1530 1313 1580 1356 et
1622 1303 1803 1374 populi
1846 1303 1992 1356 furor
2017 1311 2070 1356 et

493 1393 788 1463 principum
839 1395 996 1449 minae
1049 1395 1443 1449 subverterunt.
1490 1395 1698 1461 Pauper
1755 1409 1882 1448 vero
1933 1395 2070 1447 inter

491 1495 748 1558 utrosque
773 1484 964 1541 ﬂuctus
1012 1495 1156 1540 tutus
1199 1489 1325 1557 agit.
1353 1486 1706 1553 Quamobrem
1760 1486 1860 1540 hoc
1905 1485 2068 1539 misso

490 1575 782 1636 nobilitatis
825 1593 1050 1648 genere.
1085 1580 1127 1633 si
1173 1580 1252 1633 vis
1296 1577 1426 1637 mihi
1459 1578 1704 1647 probare,
1750 1587 1799 1632 tc
1839 1577 2064 1634 liberum

491 1687 630 1731 esse.
661 1672 883 1726 ostende
909 1673 1102 1726 anima:
1133 1672 1450 1736 libertatem,
1478 1672 1691 1740 qualem
1725 1670 1907 1727 habuit
1934 1670 2065 1724 bea-

496 1775 581 1818 tus
611 1763 718 1821 ille.
750 1780 949 1832 pauper
973 1779 1090 1818 cmn
1123 1774 1284 1827 esset,
1316 1764 1404 1833 qui
1434 1763 1642 1817 dicebat
1677 1762 1869 1815 Ilerodi
1898 1781 1910 1814 :
1946 1759 2068 1815 Non

491 1857 601 1915 licet
620 1856 707 1910 tibi
723 1856 900 1909 habere
917 1874 1119 1911 uxorem
1141 1856 1365 1925 Philippi
1383 1857 1556 1926 fratris
1571 1857 1640 1908 tui
1663 1855 1848 1926 (Marc.
1867 1855 1920 1909 6.
1943 1857 2028 1925 18)
2047 1871 2061 1921 ;

488 1947 696 2014 qualem
730 1947 910 2001 habuit
938 1949 1024 2018 qui
1051 1957 1173 2002 ante
1206 1949 1351 2001 illum
1383 1948 1498 2002 talis
1526 1958 1660 2011 erat,
1690 1957 1743 2001 et
1775 1957 1891 2016 post
1917 1948 2062 2001 illum

490 2039 608 2100 talis
637 2038 844 2093 futurus
882 2049 983 2103 est,
1017 2041 1103 2109 qui
1141 2040 1351 2094 dicebat
1387 2040 1640 2095 Achabo:
1677 2039 1793 2092 Non
1834 2056 1923 2108 ego
1951 2056 2066 2105 per-

487 2140 622 2184 verto
648 2127 908 2191 lsraelem,
937 2131 1025 2182 sed
1055 2140 1107 2182 tu
1143 2138 1188 2182 et
1216 2130 1392 2184 domus
1419 2132 1576 2199 patris
1602 2130 1674 2182 tui
1705 2130 1779 2200 (5.
1814 2130 1939 2196 Reg.
1975 2129 2061 2183 18.

493 2223 611 2292 1,8);
643 2223 851 2290 qualem
877 2222 1107 2277 habuere
1139 2223 1432 2291 pmphctrr,
1461 2223 1670 2291 qualem
1697 2223 1920 2292 apostoli
1948 2237 2064 2275 om-

486 2330 599 2370 nes.
631 2313 733 2368 Sed
767 2330 870 2367 non
916 2316 1046 2367 tales
1075 2324 1196 2367 sunt
1229 2313 1450 2368 divitum
1493 2313 1719 2377 animm;
1763 2314 1868 2367 imo
1894 2313 2062 2366 instar

484 2421 666 2461 eorum
692 2415 816 2460 sunt
851 2406 938 2474 qui
972 2404 1202 2460 millenis
1228 2404 1505 2470 subiacent
1537 2405 1836 2474 paedagogis
1857 2413 1911 2458 et
1938 2419 2058 2459 car-

485 2496 746 2556 nilicibus,
778 2496 854 2550 sic
886 2512 1055 2565 neque
1084 2496 1266 2551 oculos
1297 2495 1554 2550 extollere
1581 2495 1798 2559 amicat,
1832 2511 1932 2550 nec
1962 2511 2059 2564 pro

484 2589 675 2646 virtute
699 2587 863 2643 libere
889 2603 1066 2658 agere.
1093 2587 1225 2642 Nam
1251 2588 1591 2656 pecuniarum
1618 2587 1900 2656 cupiditas,
1931 2602 2056 2642 nec-

484 2694 585 2736 non
614 2679 798 2748 gloria:
824 2680 1152 2750 aliarumque
1192 2696 1393 2746 rerum,
1441 2691 1697 2736 terrorem
1745 2682 1872 2752 ipsis
1916 2681 2055 2735 infe-

481 2779 620 2831 runt,
646 2786 706 2824 ac
735 2785 917 2825 servos
942 2771 1353 2841 adulatoresque
1374 2773 1621 2827 reddunt.
1654 2773 1792 2828 Nihil
1817 2774 1956 2828 enim
1985 2774 2055 2827 ita

482 2861 777 2916 libert-:tem
805 2863 958 2925 tollit,
988 2873 1045 2916 ut
1069 2863 1413 2918 smcularihus
1444 2865 1701 2933 implicari
1736 2867 1974 2934 negotiis.
2001 2874 2056 2920 et

479 2954 542 3006 lis
581 2971 700 3021 qua:
749 2954 998 3022 pra‘clara
1044 2970 1164 3008 esse
1192 2955 1438 3009 videntur
1483 2957 1820 3011 circumdari.
1872 2959 2054 3028 Neque

474 3047 615 3102 enim
645 3049 731 3100 nni
763 3047 980 3101 domino
1001 3049 1051 3101 lti
1082 3048 1276 3102 subditi
1304 3060 1446 3114 sunt,
1477 3052 1554 3102 vel
1585 3051 1809 3114 duobus,
1845 3053 1927 3105 vel
1957 3053 2052 3104 tri-

475 3141 592 3205 bus,
625 3140 716 3194 sed
752 3142 1002 3194 millenis.
1035 3142 1177 3208 Quos
1204 3143 1246 3196 si
1281 3143 1483 3212 placeat
1511 3160 1847 3209 enumerare,
1880 3145 2046 3199 addu-

472 3248 653 3286 camus
681 3233 730 3286 in
763 3233 993 3287 medium
1015 3235 1316 3304 quempiam
1343 3251 1527 3290 eorum
1551 3237 1636 3304 qui
1668 3237 1719 3290 in
1751 3237 1891 3308 regia
1919 3254 2052 3304 pra?-

473 3325 602 3382 clari
652 3325 994 3397 insignesque
1047 3337 1200 3393 sunt;
1255 3329 1360 3382 sint
1411 3329 1483 3384 illi
1539 3330 1777 3398 pecunia:
1829 3331 2046 3393 multze.

476 3417 708 3482 potentia
739 3433 951 3488 magna,
986 3419 1168 3488 patriae
1193 3419 1474 3488 splendor,
1503 3421 1584 3474 avi
1618 3420 1886 3487 illustres,
1917 3437 2046 3477 ocu-

473 3510 654 3577 losque
674 3509 910 3564 omnium
933 3508 999 3563 ad
1029 3525 1088 3564 se
1107 3511 1394 3580 pertrahat.
1420 3512 1704 3568 Videamus
1725 3527 1850 3583 ergo
1869 3529 2046 3568 annon

469 3599 557 3654 ille
587 3601 824 3655 omnium
855 3616 1128 3656 servorum
1160 3603 1549 3673 abjectissimus
1569 3605 1638 3659 sit
1670 3622 1683 3658 :
1715 3619 2047 3676 opponamus

468 3693 566 3761 ipsi
597 3708 702 3747 non
728 3695 887 3748 modo
907 3710 1140 3758 servum,
1169 3695 1262 3750 sed
1287 3697 1425 3752 servi
1449 3712 1696 3762 servum;
1725 3699 1873 3753 mulli
1897 3715 2048 3754 nam-

470 3801 572 3855 que
617 3785 1026 3841 domcsticorum
1076 3802 1261 3844 servos
1293 3789 1506 3842 habent.
1553 3790 1645 3845 llic
1673 3801 1818 3847 certe
1860 3808 2045 3846 servus

470 3877 630 3941 servi,
660 3894 822 3931 unum
856 3878 1014 3931 habet
1045 3879 1255 3933 herum.
1282 3881 1416 3946 Quid
1445 3882 1586 3935 enim
1628 3882 1818 3946 refert,
1851 3883 1894 3937 si
1938 3900 2044 3938 non

471 3968 604 4023 liber
633 3969 702 4022 sit
737 3956 930 4023 herus?
958 3969 1130 4024 Unum
1161 3979 1334 4026 tamen
1367 3971 1557 4038 habet,
1588 3982 1643 4028 et
1669 3974 1793 4044 quid
1832 3975 1904 4028 illi
1935 3976 2044 4045 pla-

464 4069 583 4116 ceat
618 4060 868 4116 observat
897 4072 1118 4116 tantum.
1152 4063 1301 4119 Licet
1339 4066 1481 4121 enim
1519 4065 1765 4121 dominus
1797 4068 1908 4123 heri
1961 4070 2044 4125 sui

472 4151 705 4207 uideatur
729 4153 828 4206 sibi
871 4154 1154 4224 imperare,
1187 4156 1273 4212 ille
1311 4167 1486 4213 tamen
1517 4160 1604 4212 uni
1651 4167 1850 4213 tzmtum
1883 4161 2042 4216 obse-

467 4243 645 4312 quitur
677 4254 762 4303 :et
797 4244 839 4297 si
876 4261 961 4298 res
989 4245 1101 4314 ejus
1128 4245 1264 4301 bene
1293 4247 1541 4311 habeant,
1574 4252 1856 4322 tranquille
1880 4261 2042 4306 totam

465 4347 582 4404 aget
613 4337 793 4392 vitam.
826 4337 900 4396 At
923 4337 1070 4394 dives
1100 4338 1184 4392 hic
1211 4354 1313 4392 non
1345 4357 1504 4393 unum
1535 4351 1737 4400 tantum
1769 4344 1852 4396 vel
1883 4344 2037 4410 duos,

466 4427 557 4481 sed
596 4427 858 4495 plurimos
896 4441 948 4482 et
993 4431 1227 4486 acriores
1257 4431 1419 4488 habet
1445 4433 1690 4490 dominos
1730 4454 1742 4490 :
1781 4453 1843 4492 ac
1872 4440 2043 4508 primo

467 4517 634 4587 ipsum
666 4535 841 4588 regem
875 4521 1098 4582 sollicite
1122 4533 1292 4578 curat.
1323 4524 1435 4580 Non
1457 4542 1550 4595 par
1569 4537 1651 4583 est
1677 4539 1855 4584 autem
1883 4531 2041 4586 vilem

468 4610 663 4667 habere
687 4610 981 4678 dominum,
1009 4623 1094 4668 aut
1121 4631 1298 4685 regem
1331 4618 1524 4686 ipsum,
1554 4622 1643 4690 qui
1675 4623 1858 4680 multis
1899 4625 2045 4678 insu-

464 4703 798 4761 surrantibus
824 4719 980 4758 aures
1003 4707 1220 4773 praebet,
1253 4717 1307 4762 et
1347 4726 1485 4764 nunc
1514 4711 1595 4766 his
1614 4755 1626 4775 ,
1662 4730 1802 4769 nunc
1830 4715 1934 4770 illis
1965 4717 2042 4768 fa-

468 4802 574 4846 vet.
610 4793 706 4846 llic
736 4795 942 4853 etiamsi
975 4798 1172 4852 nullius
1189 4800 1309 4853 mali
1338 4802 1436 4856 sibi
1463 4805 1710 4859 conscius
1738 4807 1826 4872 sit,
1855 4823 2043 4863 omnes

465 4894 740 4952 suspectos
785 4886 962 4950 habet,
998 4895 1104 4947 tam
1145 4891 1321 4945 socios
1367 4893 1418 4946 in
1467 4896 1650 4951 militia
1691 4907 1745 4952 et
1771 4901 2039 4968 :equales,

464 4989 630 5041 quam.
660 4975 922 5042 subditos,
954 4980 1154 5036 amicos
1185 4993 1237 5038 et
1265 4984 1526 5041 inimicos.
1557 4990 1660 5055 At,
1701 4989 1928 5060 inquies,
1958 4992 2042 5048 hic

464 5081 678 5136 quoque
726 5067 912 5130 herum
961 5085 1113 5126 suum
1145 5075 1311 5128 timet.
1363 5077 1466 5133 Sed
1513 5094 1636 5133 num
1680 5097 1775 5150 par
1812 5099 1897 5138 res
1937 5094 2036 5152 est,

465 5172 635 5217 unum.
663 5167 753 5212 aut
794 5160 988 5215 mullos
1019 5162 1217 5224 habere
1255 5183 1388 5238 quos
1430 5169 1653 5227 timeas?
1687 5172 1794 5227 [mo
1832 5190 1958 5228 vero
1995 5177 2038 5230 si

462 5249 580 5320 quis
612 5266 723 5308 rem
750 5263 995 5308 accurate
1025 5257 1312 5323 examinet,
1349 5261 1452 5323 hic,
1481 5277 1584 5331 quo
1611 5263 1677 5318 de
1703 5265 1939 5334 agimus,
1973 5286 2040 5326 ne

463 5357 622 5395 unum
649 5341 863 5411 quidem
893 5343 1049 5400 habet
1074 5347 1368 5405 dominum.
1393 5352 1692 5422 Quomodo,
1717 5359 1798 5412 vel
1827 5376 1927 5430 qua
1955 5378 2040 5417 ra-

463 5435 604 5488 tione
620 5433 648 5492 ?,
688 5432 834 5487 lluue
865 5452 1020 5491 nemo
1058 5441 1201 5509 cupit
1232 5458 1296 5496 ex
1324 5447 1576 5502 servitute
1607 5448 1821 5518 ejicere,
1855 5467 1917 5507 ac
1954 5470 2036 5508 se-

463 5531 633 5591 ipsum
671 5527 721 5579 ir
749 5525 864 5596 c—jus
892 5528 1062 5584 locum
1086 5533 1546 5607 intrudcrc,quare
1578 5544 1843 5597 neminem
1876 5547 1926 5600 in
1956 5547 2038 5605 bis

463 5617 561 5670 sibi
591 5617 929 5674 insidiantem
962 5621 1157 5678 habet:
1193 5627 1296 5682 illis
1323 5645 1450 5684 vero
1471 5633 1611 5686 nttlla
1639 5636 1739 5688 alia
1768 5652 1895 5692 cura
1922 5649 2036 5704 est,

464 5723 622 5772 quam
651 5719 706 5762 ut
731 5727 852 5765 eum
877 5715 963 5782 qui
994 5717 1224 5773 maxime
1249 5723 1568 5791 conspicuus
1593 5727 1680 5792 sit,
1706 5737 1758 5782 et
1787 5733 1952 5801 magis
1973 5735 2040 5787 ab

471 5814 761 5867 inmerente
788 5803 1057 5876 diligatur,
1091 5810 1400 5877 deturbem;
1432 5829 1752 5887 quapropter
1791 5825 2036 5882 omnibus

3657 357 3767 411 3'79

2176 466 2387 521 adulari
2428 482 2646 522 necesse
2675 477 2775 530 est.
2810 469 3119 538 majoribus,
3151 470 3386 539 paribus,
3425 471 3629 527 amicis.
3658 472 3765 528 Uhi

2173 559 2312 611 enim
2333 559 2528 613 invidia
2549 571 2603 614 et
2623 561 2807 630 glorize
2834 577 2988 615 amor
3007 572 3110 626 est,
3134 578 3238 615 non
3261 563 3470 617 sincera
3497 567 3759 633 reperitur

2173 649 2429 705 amicitia.
2456 649 2587 704 Nam
2618 652 2754 706 sicut
2781 651 3018 722 ejusdem
3056 653 3187 709 artis
3225 653 3442 724 opiﬁces
3467 670 3755 725 numquam

2176 756 2235 796 se
2266 752 2450 827 mqtuo
2475 744 2683 799 sincere
2707 744 2953 814 diligunt,
2983 746 3060 800 sic
3084 762 3183 801 nec
3204 747 3235 800 ii
3266 748 3353 817 qui
3381 749 3491 817 pari
3520 757 3641 803 sunt
3663 749 3758 804 ho-

2177 848 2332 899 nore,
2364 849 2464 888 nec
2492 835 2528 888 ii
2557 836 2645 904 qui
2678 835 2731 888 in
2759 836 3106 891 saecularibus
3146 838 3304 892 rebus
3334 838 3522 893 eadem
3552 851 3756 899 amanti.

2173 922 2535 990 Quamobrem
2565 925 2762 982 bellum
2799 928 2942 981 intus
2983 928 3206 982 multum
3238 939 3341 985 est.
3385 930 3627 986 Vidistin'
3656 933 3753 988 do-

2174 1017 2474 1081 minorum,
2507 1031 2799 1088 eorumque
2839 1021 3275 1090 gravissimorum
3316 1022 3502 1092 ingens
3527 1026 3756 1094 agmen?

2177 1108 2266 1162 Vis
2286 1110 2427 1164 aliud
2447 1112 2659 1181 gravius
2678 1113 2998 1168 all'cramus?
3019 1114 3287 1184 Quotquot
3303 1124 3424 1184 post
3445 1117 3588 1170 illum
3607 1129 3752 1183 sunt,

2173 1212 2298 1257 ante
2327 1205 2475 1258 illum
2508 1221 2628 1260 esse
2657 1207 2902 1263 student:
2930 1207 2968 1261 ii
3008 1207 3098 1276 qui
3127 1219 3250 1262 ante
3285 1209 3461 1273 illum,
3494 1221 3754 1266 conantur

2175 1295 2429 1366 impedire
2445 1299 2723 1366 quominus
2735 1299 2817 1354 vel
2827 1300 2972 1370 juxta
2988 1315 3046 1355 se
3062 1301 3139 1355 vel
3156 1302 3290 1355 ultra
3304 1303 3460 1357 etiam
3479 1305 3748 1372 procedat.

2244 1388 2297 1442 5.
2345 1387 2470 1452 Sed,
2498 1404 2532 1443 ο
2561 1406 2672 1445 rem
2721 1391 2953 1446 miram!
2997 1409 3095 1462 ego
3141 1394 3487 1462 promiseram
3533 1410 3619 1450 me
3657 1395 3752 1451 do-

2173 1479 2348 1533 minos
2377 1490 2714 1536 ostensurum
2745 1497 2896 1550 esse,
2922 1482 3015 1537 sed
3040 1483 3174 1537 ultra
3202 1485 3498 1553 procedens
3525 1495 3747 1541 conten-

2171 1570 2411 1642 dcnsque
2450 1587 2628 1628 sermo
2672 1575 2792 1645 plus
2832 1590 2988 1644 quam
3023 1577 3369 1645 promiseram
3413 1577 3607 1641 ell'ecit,
3646 1579 3748 1632 ini-

2171 1663 2339 1717 micos
2365 1679 2459 1732 pro
2479 1664 2708 1720 dominis
2729 1666 3038 1728 ostendens.
3066 1667 3172 1720 imo
3190 1667 3407 1722 eosdem
3426 1677 3478 1723 et
3507 1669 3748 1724 inimicos

2169 1763 2222 1807 et
2269 1755 2551 1810 dominos:
2609 1772 2730 1810 nam
2777 1767 2836 1811 ut
2882 1757 3082 1812 domini
3136 1759 3429 1824 coluntur;
3484 1761 3746 1816 terribiles

2170 1854 2343 1900 autem
2389 1856 2559 1912 sunt,
2608 1857 2670 1902 ut
2719 1849 2958 1915 inimici;
3013 1860 3068 1904 et
3120 1851 3338 1907 insidias
3390 1861 3640 1918 struunt,
3693 1863 3746 1906 ut

2170 1937 2370 1994 hostes.
2427 1941 2559 1995 Cum
2612 1956 2740 1997 vero
2776 1943 2896 2013 quis
2940 1942 3063 1998 illos
3112 1944 3269 1998 habet
3305 1954 3362 2000 et
3398 1945 3643 2001 dominos
3692 1959 3746 2001 et

2168 2031 2442 2098 inimicos,
2473 2032 2600 2105 quid
2639 2033 2740 2089 hac
2783 2035 3085 2090 calamitate
3126 2037 3276 2106 pejus
3325 2037 3524 2092 fuerit?
3550 2038 3746 2093 Servus

2168 2123 2265 2176 etsi
2293 2123 2419 2193 quid
2443 2125 2492 2178 ei
2522 2125 2881 2195 praecipiatur,
2909 2135 3142 2182 attamen
3176 2129 3547 2196 imperantium
3574 2141 3626 2184 et
3654 2145 3746 2200 pa-

2168 2216 2393 2271 trocinio
2435 2225 2491 2272 et
2533 2218 2908 2274 benevolentia
2947 2220 3142 2290 gaudet
3190 2239 3204 2275 :
3255 2220 3306 2274 hi
3349 2232 3526 2278 autem
3567 2232 3622 2278 et
3655 2223 3744 2293 ju-

2165 2308 2354 2362 bentur
2381 2299 2436 2363 et
2462 2309 2864 2380 impugnantur,
2891 2321 3139 2383 stantque
3168 2313 3256 2367 alii
3287 2323 3472 2368 contra
3498 2314 3664 2380 alios;
3692 2324 3747 2370 et

2163 2413 2229 2452 eo
2275 2399 2450 2454 acrius
2476 2415 2634 2469 quam
2681 2402 2715 2456 ii
2747 2403 2834 2473 qui
2878 2414 3066 2472 aperto
3112 2413 3282 2460 marte
3329 2415 3600 2474 pugnant:
3639 2423 3745 2477 quo

2163 2489 2301 2544 clam
2327 2490 2665 2558 confodiunt,
2697 2503 2751 2548 et
2779 2493 2879 2547 sub
2907 2493 3199 2550 amicorum
3242 2497 3417 2563 larva,
3457 2499 3604 2567 quasi
3645 2499 3740 2552 ho-

2161 2588 2273 2635 stes
2301 2582 2697 2651 aggrediuntur,
2733 2600 2796 2640 ac
2824 2585 2891 2640 de
2915 2587 3139 2641 aliorum
3168 2602 3312 2656 srepe
3350 2589 3742 2644 calamitatibus

2160 2673 2264 2728 sibi
2307 2675 2659 2744 gratulantur.
2702 2677 2900 2733 Verum
2937 2689 3118 2733 nostra
3152 2696 3256 2734 non
3300 2683 3368 2736 ita
3411 2699 3469 2736 se
3498 2683 3691 2738 habent
3726 2703 3736 2736 :

2161 2785 2282 2823 nam
2309 2771 2354 2824 si
2383 2773 2502 2841 quis
2535 2772 2673 2827 male
2699 2784 2856 2844 agat,
2889 2775 3039 2828 multi
3068 2787 3191 2829 sunt
3229 2777 3316 2845 qui
3347 2777 3662 2841 condolcnt;
3695 2784 3739 2831 si

2159 2877 2271 2915 rem
2297 2863 2433 2917 bene
2458 2865 2703 2933 gesserit,
2736 2865 2884 2919 multi
2912 2865 3271 2934 congaudent,
3297 2867 3584 2921 secundum
3603 2871 3738 2937 Apo—

2157 2955 2350 3007 stolum
2383 2973 2394 3007 :
2423 2954 2544 3009 Sive
2578 2972 2733 3009 unum
2771 2957 3049 3011 membrum
3085 2960 3336 3028 patiatur,
3362 2963 3740 3031 compatiuntur

2155 3045 2259 3097 alia
2283 3045 2504 3098 membra
2525 3062 2543 3109 ;
2564 3047 2667 3100 sive
2685 3064 2841 3101 unum
2865 3048 3136 3102 membrum
3159 3049 3493 3120 gloriﬁcatur,
3520 3069 3738 3122 congau-

2156 3135 2272 3188 dent
2299 3137 2469 3190 omnia
2491 3138 2714 3192 membra
2737 3139 2812 3208 (l.
2845 3139 2964 3194 Cor.
2997 3141 3086 3195 1‘2.
3115 3141 3230 3212 26).
3263 3141 3330 3196 Ει
3357 3159 3494 3197 nunc
3523 3145 3734 3213 quidem

2156 3226 2386 3292 dicebat,
2420 3230 2507 3297 qui
2530 3225 2645 3283 baac
2671 3229 2926 3286 admonet
2959 3249 2972 3285 :
3003 3230 3130 3296 Qua:
3156 3233 3280 3286 mihi
3314 3251 3426 3304 spes
3451 3237 3526 3289 vel
3564 3236 3736 3290 [milia

2153 3329 2222 3371 est
2237 3321 2260 3372 ?
2284 3336 2452 3374 annon
2473 3337 2557 3374 vos
2575 3323 2650 3394 (1.
2675 3321 2853 3376 Thess.
2879 3323 2934 3376 ἓν..
2965 3324 3093 3390 19)?
3118 3341 3257 3379 nunc
3281 3341 3427 3390 vero,
3453 3327 3584 3394 Quia
3605 3345 3735 3380 nunc

2153 3411 2381 3478 vivimus,
2407 3413 2451 3465 si
2475 3427 2559 3466 vos
2581 3415 2726 3468 statis
2749 3415 2802 3468 in
2830 3414 3046 3470 Domino
3069 3416 3143 3487 (l.
3167 3415 3344 3472 Thess.
3373 3419 3424 3473 5.
3456 3419 3512 3488 8)
3537 3437 3551 3482 ;
3577 3420 3734 3473 modo

2152 3512 2349 3566 autem,
2380 3501 2462 3557 Ea:
2482 3505 2639 3558 multa
2663 3507 2982 3562 tribulatione
3005 3519 3051 3563 et
3070 3511 3382 3563 contentione
3407 3512 3572 3564 cordis
3598 3515 3733 3567 rubis

2150 3593 2326 3661 scripsi
2354 3593 2431 3663 (2.
2473 3594 2591 3649 Cor.
2623 3596 2678 3649 2.
2702 3597 2792 3668 4);
2826 3607 2899 3663 et,
2939 3599 3064 3666 Quis
3092 3601 3412 3668 inﬁrmatur,
3440 3613 3486 3655 et
3513 3619 3604 3672 ego
3633 3621 3731 3657 non

2151 3683 2382 3750 inﬁrmor
2407 3687 2430 3737 ?
2456 3687 2566 3748 quis
2595 3690 2971 3744 scandalizatur
2992 3735 3006 3755 ,
3030 3701 3077 3745 et
3103 3708 3193 3762 ego
3223 3710 3322 3746 non
3353 3711 3474 3746 uror
3503 3695 3579 3763 (9..
3610 3695 3728 3748 Cor.

2151 3775 2238 3828 Η.
2270 3775 2398 3847 18)?
2438 3777 2546 3831 Cur
2572 3794 2699 3848 ergo
2724 3781 2898 3836 adhuc
2931 3793 3296 3852 tempestatem
3327 3787 3649 3840 sustinemus
3677 3798 3750 3848 et,

2150 3869 2446 3924 exteriores
2490 3870 2705 3938 ﬂuctus,
2750 3885 2937 3929 etnon
2976 3877 3240 3931 currimus
3278 3877 3344 3932 ad
3390 3880 3726 3948 tranquilhun

2151 3959 2291 4014 hunc
2333 3969 2542 4030 portum
2565 4005 2580 4029 ,
2611 3978 2674 4018 ac
2705 3964 2964 4020 bonorum
3008 3968 3313 4023 nominibus
3357 3971 3590 4033 omissis,
3623 3987 3726 4024 non

2149 4054 2213 4107 ad
2256 4069 2340 4108 res
2378 4055 2540 4110 hasce
2585 4059 2970 4127 properamus?
3007 4059 3186 4116 Gloria
3214 4062 3355 4115 enim
3391 4072 3442 4116 et
3471 4064 3723 4131 potentia,

2148 4147 2346 4202 divitia:
2366 4158 2432 4221 et
2459 4150 2730 4217 nobilitas,
2763 4163 2815 4207 et
2843 4153 2924 4207 his
2953 4154 3170 4220 similia,
3202 4157 3412 4210 nomina
3440 4167 3563 4210 sunt
3589 4157 3725 4224 apud

2149 4239 2328 4308 ipsos,
2375 4255 2462 4293 res
2487 4250 2663 4295 autem
2705 4243 2842 4312 apud
2891 4259 3014 4310 nos;
3045 4246 3492 4316 quemadmodum
3537 4258 3590 4302 et
3628 4251 3724 4302 tri-

2149 4331 2288 4384 stitia
2311 4371 2326 4396 ,
2359 4347 2503 4387 mors
2533 4343 2587 4387 et
2633 4335 2918 4402 ignominia
2941 4379 2956 4401 ,
2984 4348 3037 4391 et
3072 4349 3375 4406 paupertas,
3417 4348 3472 4393 et
3500 4339 3687 4393 similia
3706 4381 3724 4405 ,

2149 4425 2360 4478 nomina
2391 4435 2514 4480 sunt
2547 4427 2684 4496 apud
2711 4444 2839 4494 nos,
2870 4447 2957 4484 res
2981 4433 3118 4500 apud
3157 4433 3294 4488 illos.
3330 4435 3406 4487 Ac
3435 4434 3478 4488 si
3519 4435 3720 4504 placet,

2147 4517 2368 4585 gloriam
2399 4520 2571 4587 primo
2599 4522 2650 4574 in
2677 4523 2908 4576 medium
2932 4525 3277 4591 adducamus,
3303 4546 3420 4597 quin
3444 4531 3582 4598 apud
3607 4530 3724 4584 illos

2148 4609 2392 4676 optabilis
2416 4609 2660 4688 habetur.
2690 4615 2817 4668 Eam
2846 4632 2951 4670 non
2975 4617 3096 4672 dico
3117 4635 3220 4672 non
3247 4620 3552 4675 diuturnam
3579 4638 3718 4687 esse,

2148 4716 2246 4754 nec
2273 4703 2380 4756 cito
2421 4706 2719 4775 exstingui;
2753 4709 2844 4761 sed
2887 4724 3006 4762 eum
3036 4714 3264 4768 maxime
3294 4715 3473 4780 ﬂoret,
3503 4718 3724 4772 ostende

2147 4792 2276 4847 mihi
2309 4796 2450 4850 illam
2480 4814 2493 4849 :
2529 4815 2593 4852 ne
2614 4798 2824 4855 auferas
2856 4802 2929 4856 illi
2961 4803 3139 4859 fucum
3172 4809 3607 4878 meretrici-isque
3636 4812 3720 4879 pi-

2145 4896 2356 4951 cturas;
2385 4888 2476 4941 scd
2505 4900 2744 4946 ornatam
2777 4908 2874 4963 age
2918 4895 2968 4948 in
2998 4897 3229 4951 medium
3262 4909 3315 4952 ct
3355 4913 3591 4956 monstra
3621 4919 3720 4956 no-

2147 4975 2226 5029 bis
2248 5019 2260 5041 ,
2287 4987 2345 5031 ut
2375 4978 2672 5036 deformem
2706 4985 2847 5038 illam
2877 5002 2996 5041 esse
3027 4990 3265 5057 probem.
3300 4990 3545 5048 Habitum
3577 5003 3724 5050 certe

2145 5068 2320 5133 dices,
2361 5080 2412 5124 et
2441 5072 2683 5128 lictorum
2720 5077 3112 5135 multitudinem
3137 5121 3150 5142 .
3183 5085 3446 5152 prmeonis
3489 5101 3675 5141 vocem
3704 5129 3720 5151 ,

2146 5159 2410 5215 audientis
2431 5165 2608 5232 populi
2640 5167 2861 5232 turbam,
2885 5170 3151 5227 silentium
3175 5174 3313 5242 apud
3334 5177 3529 5232 multos
3547 5220 3562 5244 ,
3595 5194 3721 5248 pro-

2147 5250 2264 5319 pius
2311 5254 2678 5311 accedentium
2737 5262 3143 5328 percussiones,
3195 5269 3553 5334 spectaculum
3606 5285 3720 5324 om-

2146 5345 2301 5401 nibus
2321 5362 2460 5402 esse.
2489 5351 2678 5405 Annon
2702 5351 2816 5407 haec
2843 5355 3116 5424 splendida
3144 5358 3439 5414 habentur?
3461 5363 3570 5432 Age
3591 5378 3718 5418 exa-

2146 5435 2412 5493 minemus
2434 5479 2448 5503 ,
2479 5457 2604 5494 num
2639 5441 2752 5497 lucc
2779 5458 3172 5514 supervacanea
3199 5451 3327 5517 sint,
3355 5467 3480 5506 num
3514 5455 3564 5507 in
3589 5469 3717 5511 vana

2143 5527 2316 5581 solum
2340 5530 2591 5599 opinione
2630 5536 2820 5603 posita.
2853 5536 2982 5591 Nam
3013 5541 3062 5594 in
3103 5557 3208 5610 quo
3237 5542 3323 5597 ille
3359 5544 3426 5599 ab
3469 5545 3548 5599 his
3589 5564 3716 5614 pra--

2145 5620 2372 5675 stantior
2397 5623 2637 5678 redditur
2658 5639 2748 5680 aut
2769 5643 2994 5696 corpore
3015 5643 3103 5686 aut
3129 5634 3346 5692 anima?
3372 5637 3451 5692 Ex
3477 5639 3556 5691 his
3581 5642 3715 5694 enim

2144 5712 2306 5768 homo
2334 5725 2559 5771 constat.
2594 5718 2728 5774 Num
2762 5721 2884 5777 hinc
2909 5725 3080 5792 major
3109 5738 3308 5784 statura
3339 5729 3434 5784 ﬁt?
3461 5747 3586 5786 num
3620 5734 3725 5786 tor-

2143 5806 2287 5863 tior?
2309 5825 2435 5865 num
2478 5811 2754 5869 velocior?
2792 5832 2916 5872 num
2949 5819 3067 5873 ideo
3097 5836 3281 5876 sensus
3329 5823 3486 5880 habet
3520 5827 3720 5880 acutio-
