4140 6376
371 381 473 439 ωτι

373 497 501 552 res?
525 495 628 551 Sed
660 510 819 550 nemo
845 493 962 548 hazc
985 492 1199 547 dixerit.
1231 492 1502 546 Adeamus
1526 492 1792 556 animam,
1827 507 1954 545 num

371 587 599 642 fortasse
623 587 748 657 quid
783 586 852 640 ibi
892 585 1022 640 lucri
1054 584 1540 654 deprehendamus.
1568 583 1720 651 Quid-
1748 584 1956 653 igitur?

370 696 440 734 an
479 679 874 742 continentior,
901 692 968 730 an
997 675 1310 741 modestior,
1349 691 1418 729 an
1463 675 1778 744 prudentior
1805 691 1834 727 a
1865 675 1954 728 tali

369 769 514 826 cultu
542 757 733 824 evadet
759 768 883 822 ille?
913 766 1277 836 Nequaquam,
1311 767 1418 819 imo
1448 766 1777 820 contrarium
1805 781 1956 835 pror—

369 877 461 915 sus
489 860 715 915 accidet.
739 859 854 914 Non
885 861 1026 913 enim
1049 859 1189 928 quod
1221 859 1275 913 in
1296 874 1523 928 corpore
1542 900 1557 925 ,
1582 858 1632 912 id
1665 859 1838 926 ipsum
1870 857 1956 911 hic

368 955 573 1008 evenit.
618 952 695 1006 lbi
726 953 867 1006 enitn
899 952 1041 1005 nulla
1080 953 1292 1021 corpori
1337 951 1682 1020 perfectionis
1719 951 1957 1004 accessio

372 1047 461 1110 fit;
495 1044 582 1100 hic
608 1059 736 1099 vero
765 1059 869 1098 non
902 1044 954 1098 id
984 1044 1156 1099 solum
1185 1044 1312 1098 mali
1341 1043 1676 1106 observatur,
1701 1042 1844 1113 quod
1870 1043 1953 1096 ni-

373 1136 448 1190 hil
481 1135 604 1188 boni
634 1134 904 1201 lueretur,
945 1134 1040 1188 sed
1068 1134 1212 1204 quod
1242 1135 1530 1204 nequitiam
1573 1133 1696 1186 inde
1734 1133 1953 1187 multam

367 1228 611 1296 acquirat
640 1227 850 1292 anima;
881 1241 1002 1279 nam
1034 1225 1087 1279 in
1115 1225 1500 1295 arrogantiam,
1535 1225 1585 1279 in
1615 1241 1805 1279 vanam
1832 1227 1952 1295 glo-

369 1317 525 1381 riam,
552 1318 604 1371 in
632 1317 911 1380 insaniam,
945 1317 997 1370 in
1029 1316 1181 1380 iram,
1217 1317 1342 1371 etin
1367 1316 1512 1370 mille
1536 1317 1660 1370 vitia
1691 1315 1951 1370 defertur.

369 1409 460 1473 At,
491 1407 718 1478 inquies,
745 1407 962 1476 gaudet,
989 1408 1218 1471 laetatur,
1245 1408 1295 1460 in
1322 1407 1512 1476 hisque
1540 1406 1818 1476 gloriatur.
1847 1407 1956 1460 Ma-

371 1500 544 1554 lorum
577 1500 928 1570 colophonem
967 1500 1096 1554 milti
1127 1499 1282 1566 dicis,
1314 1500 1620 1568 malumque
1665 1501 1955 1554 incurabile

371 1607 512 1650 esse.
545 1592 675 1647 Nam
717 1593 804 1663 qui
831 1594 884 1646 in
927 1593 1010 1648 his
1048 1593 1292 1658 laztatur,
1321 1608 1350 1647 a
1378 1592 1638 1646 malorum
1679 1592 1956 1647 causa-vix

371 1686 622 1739 recedere
655 1685 813 1749 velit,
844 1683 940 1739 sed
983 1700 1076 1754 per
1106 1685 1427 1754 voluptatem
1458 1684 1604 1739 viam
1633 1684 1734 1739 sibi
1757 1683 1956 1761 adcu-

371 1779 630 1831 rationem
657 1777 942 1831 obstruxit.
980 1775 1160 1846 Itaque
1194 1776 1321 1830 illud
1354 1776 1584 1830 maxime
1611 1775 1806 1828 malum
1839 1784 1952 1842 est,

369 1867 511 1936 quod
541 1867 608 1922 de
640 1868 974 1923 incremento
1012 1868 1271 1922 malorum
1311 1883 1417 1920 non
1444 1865 1642 1933 doleat,
1675 1867 1782 1920 imo
1820 1881 1954 1936 gau-

369 1959 511 2013 deat.
533 1958 778 2014 Gaudere
798 1959 940 2013 enim
965 1975 1067 2012 non
1089 1974 1302 2029 semper
1321 1958 1518 2012 bonum
1545 1967 1658 2024 est;
1684 1972 1804 2011 nam
1830 1972 1957 2027 gau-

370 2050 500 2104 dent
539 2049 684 2105 fures
711 2064 833 2104 eum
881 2049 1153 2116 furantur,
1187 2059 1242 2104 et
1269 2050 1509 2104 moechus
1551 2064 1672 2104 cum
1719 2049 1952 2104 alienum

372 2150 544 2194 torum
570 2141 834 2210 deturpat,
866 2155 1058 2195 avarus
1085 2156 1207 2195 cum
1229 2141 1388 2210 rapit,
1420 2139 1682 2195 homicida
1710 2154 1830 2194 cum
1859 2154 1954 2194 oc-

370 2233 516 2288 cidit.
545 2232 625 2288 Ne
653 2234 1000 2304 respiciamus
1032 2234 1191 2304 igitur
1213 2249 1282 2288 an
1310 2233 1555 2304 gaudeat,
1585 2232 1680 2287 sed
1708 2247 1773 2286 an
1800 2232 1869 2288 de
1895 2249 1954 2289 re

371 2322 484 2377 utili
500 2323 727 2393 gaudeat
746 2341 764 2389 ;
784 2333 840 2378 et
859 2338 1162 2390 caveamus,
1193 2339 1260 2379 ne
1281 2322 1582 2393 bujusmodi
1604 2321 1851 2392 gaudium
1874 2325 1954 2376 in-

370 2414 666 2480 veniamus,
698 2415 854 2484 quale
880 2415 1123 2470 moechus
1143 2423 1203 2470 et
1229 2415 1310 2469 fur
1340 2413 1552 2470 habeat.
1576 2412 1686 2469 Cur
1703 2455 1718 2479 ,
1745 2428 1951 2483 quaeso,

322 2535 330 2542 -
371 2506 567 2576 gaudet
591 2506 719 2562 ille?
744 2505 885 2577 quod
911 2507 1135 2576 gloriam
1172 2506 1312 2576 apud
1339 2506 1536 2560 multos
1576 2505 1914 2560 nanciscatur
1934 2544 1952 2570 ,

373 2611 480 2666 quo
505 2596 676 2651 inflari
721 2605 776 2651 et
809 2597 1044 2666 conspici
1080 2597 1294 2650 valeat?
1320 2595 1528 2665 Ecquid
1560 2594 1660 2649 hac
1693 2596 1952 2663 concupi-

367 2689 568 2742 scentia
589 2696 640 2743 et
675 2687 906 2743 absurdo
930 2703 1113 2743 amore
1134 2688 1408 2743 deterius?
1429 2687 1580 2753 Quod
1604 2686 1648 2740 si
1674 2686 1724 2741 id
1755 2686 1952 2740 mahnn

369 2793 475 2832 non
493 2788 598 2841 est,
615 2795 682 2833 ne
702 2793 830 2848 ergo
850 2778 1027 2834 inanis
1045 2778 1231 2849 gloriae
1252 2776 1828 2847 cupidusvituperetis,
1854 2790 1952 2830 nec

1283 377 1349 432 IN
1389 376 1802 434 MATTII/EUM
1843 376 2072 432 HOMIL.
2115 377 2250 432 LIX.
2291 377 2361 434 aI.
2402 378 2513 434 LX.

3541 374 3640 429 5η

2063 492 2357 547 innumeris
2399 492 2700 561 opprobriis
2730 493 2974 550 laceratis
3008 516 3023 553 :
3062 497 3293 554 desinite
3332 509 3644 570 arrogantes

2060 595 2114 639 et
2156 586 2415 654 superbos
2452 587 2741 640 exsecrari.
2770 587 2876 642 Sed
2921 604 3025 644 non
3067 591 3308 658 poteritis
3347 592 3642 646 abstinere.

2061 676 2313 730 Plurimis
2337 691 2466 745 ergo
2496 677 2570 730 illi
2593 678 2905 734 criminibus
2935 683 3116 750 impoti
3147 690 3399 750 possunt,
3432 681 3644 736 etiamsi

2062 767 2205 822 mille
2229 769 2492 836 stipentur
2519 769 2814 824 lictoribus.
2850 770 2915 823 Et
2945 769 3058 824 haec
3097 771 3228 825 mihi
3257 771 3325 825 de
3360 771 3644 826 deteriori-

2062 860 2160 914 bus
2184 860 2540 928 optimatibus
2572 859 2713 915 dicta
2746 869 2904 914 sunto
2936 878 2949 914 :
2992 876 3114 914 nam
3165 862 3405 932 plerique
3432 864 3647 918 illorum

2062 952 2378 1018 latronibus,
2413 952 2711 1016 homicidis,
2737 953 2982 1020 mmeh’is,
3027 954 3397 1023 sepulcrorum
3424 954 3648 1010 elIosso-

2063 1043 2209 1097 ribus
2228 1043 2459 1112 peccatis
2474 1045 2776 1098 onustiores
2793 1043 3289 1114 deprehenduntur,
3303 1044 3444 1114 quod
3475 1046 3646 1113 impe—

2061 1135 2141 1188 rio
2156 1134 2294 1187 male
2308 1143 2544 1188 utantur.
2564 1133 2695 1187 Nam
2716 1135 3074 1202 impudentius
3094 1150 3254 1205 quam
3275 1136 3350 1189 illi
3379 1134 3646 1203 furantur,

2059 1224 2333 1279 crudelius
2351 1224 2695 1289 occiduut,et
2717 1225 2872 1295 longe
2894 1226 3124 1296 iniquius
3151 1226 3431 1280 lasciviunt
3463 1235 3518 1280 et
3563 1229 3646 1281 ef-

2059 1317 2266 1371 fodiunt
2283 1319 2322 1381 ¹,
2344 1334 2450 1371 non
2482 1333 2690 1371 murum
2709 1358 2724 1378 .
2752 1319 2844 1373 sed
2875 1333 3005 1388 opes
3023 1319 3280 1373 etdomos
3297 1321 3605 1374 innumeras
3625 1362 3640 1385 ,

2059 1407 2183 1462 dum
2203 1423 2314 1478 pra:
2332 1418 2594 1477 potestate
2611 1409 2660 1463 id
2679 1409 2829 1464 facile
2846 1421 3070 1480 possunt
3084 1429 3096 1464 :
3111 1413 3196 1481 qui
3211 1411 3465 1467 servitute
3475 1411 3649 1467 duris-

2059 1502 2205 1556 sima-
2222 1513 2536 1570 premuntur
2553 1543 2569 1568 ,
2601 1503 2726 1555 dum
2744 1503 2906 1555 animi
2929 1503 3128 1557 morbis
3147 1503 3332 1572 ignave
3351 1503 3568 1570 cedunt,
3585 1511 3644 1558 et

2059 1593 2484 1647 conservos-sine
2500 1593 2814 1647 remissione
2830 1592 3131 1660 verberant,
3155 1594 3505 1664 consciosque
3522 1609 3640 1648 om-

2060 1697 2154 1736 nes
2171 1692 2423 1737 tremunt.
2434 1682 2571 1737 Nam
2593 1683 2678 1737 ille
2694 1684 2839 1737 solus
2857 1683 2990 1738 liber
3006 1684 3257 1750 cst,solus
3277 1685 3541 1754 princeps,
3565 1700 3643 1740 re-

2058 1775 2316 1845 gibusque
2329 1775 2615 1844 potentior,
2635 1776 2721 1844 qui
2746 1791 2774 1828 a
2794 1775 2935 1828 vitiis
2956 1775 3235 1844 expeditus
3255 1785 3355 1830 est.
3382 1776 3505 1830 llaec
3524 1791 3646 1830 cum

2060 1869 2310 1932 sciamus,
2330 1882 2509 1921 veram
2529 1882 2816 1937 sequamur
2832 1867 3150 1932 libertatem,
3172 1877 3226 1922 et
3245 1867 3311 1920 ab
3331 1867 3510 1937 iniqua
3528 1883 3647 1922 ser-

2059 1959 2224 2012 vitute
2248 1974 2343 2012 nos
2356 1957 2730 2028 expediamus:
2752 1974 2923 2027 neque
2940 1958 3145 2028 imperii
3165 1957 3378 2025 fastum,
3395 1975 3567 2029 neque
3579 1958 3652 2013 di-

2059 2051 2307 2103 vitiarunt
2326 2049 2678 2118 tyrannidem,
2695 2064 2866 2118 neque
2883 2049 3023 2102 aliud
3041 2048 3309 2119 quidpiam
3342 2048 3647 2118 hujusntodi

2060 2142 2436 2196 beatitudinem
2467 2155 2654 2210 parere
2691 2155 2845 2208 posse
2876 2149 3141 2209 putemus,
3173 2141 3264 2194 sed
3285 2141 3459 2195 solam.
3487 2141 3652 2194 virtu-

2059 2244 2186 2288 tem.
2205 2232 2293 2288 Sic
2311 2233 2450 2286 euim
2471 2232 2592 2285 etin
2612 2233 2858 2301 prwsenti
2874 2233 2977 2286 vita
2999 2232 3376 2302 tranquillitate
3389 2232 3650 2300 fruemur,

2061 2335 2114 2378 et
2133 2323 2305 2377 futura
2323 2336 2716 2391 consequemur
2736 2321 2870 2375 bona
2893 2363 2908 2387 ,
2926 2325 3094 2391 gratia
3111 2331 3165 2376 et
3192 2323 3515 2391 benignitate
3543 2323 3619 2376 Do
3635 2354 3650 2364 -

2059 2417 2187 2472 mini
2211 2417 2376 2469 nostri
2403 2415 2528 2468 Jesu
2555 2414 2776 2480 Christi,
2800 2416 2882 2468 cui
2905 2416 3068 2485 gloria
3096 2425 3149 2469 et
3173 2415 3453 2484 imperium
3488 2456 3502 2479 ,
3528 2431 3656 2469 cum

2060 2511 2220 2566 Patre
2235 2519 2290 2564 et
2307 2509 2507 2578 Spiritu
2529 2517 2714 2562 sancto
2736 2549 2751 2574 ,
2777 2506 2829 2560 in
2861 2507 3054 2561 saecula
3082 2508 3423 2562 surculorum:
3452 2507 3646 2561 Amen.

2139 2725 2154 2754 ³
2175 2721 2356 2786 ίΜοινοι.
2382 2721 2692 2786 Ιωιιείιοςμηι
2715 2723 2785 2771 sic
2805 2722 2953 2771 habet
2980 2737 2991 2770 :
3020 2732 3137 2772 Nam
3161 2722 3486 2783 impudentius
3508 2737 3660 2786 quam.

2058 2781 2135 2834 illi
2156 2785 2386 2847 furantur
2408 2791 2454 2834 et
2477 2783 2726 2847 eﬂ‘odiunt,
2751 2786 2941 2833 omissis
2962 2781 3277 2848 interpositis.

3509 2919 3632 2928 —_.

1565 2987 1905 3048 HOMILIA
1945 2986 2110 3048 LIX.
2170 2985 2257 3049 al.
2311 2985 2449 3046 LX.

367 3128 491 3184 CAP.
537 3131 622 3185 I8.
663 3133 798 3186 v.7.
840 3131 928 3186 Vw
988 3139 1178 3190 mundo
1225 3148 1256 3184 a
1305 3131 1578 3186 scandatis.
1614 3131 1830 3186 Necesse
1883 3142 1955 3184 est

436 3223 568 3277 enim
595 3231 650 3276 ut
677 3225 875 3278 veniant
899 3224 1163 3285 scandala,
1188 3234 1527 3278 verumtamen
1547 3239 1620 3278 vc
1645 3224 1838 3278 homini
1855 3225 1951 3285 illi,

440 3330 529 3383 per
553 3330 697 3378 quem
721 3315 964 3370 scandala
984 3316 1208 3370 veniunt.

437 3405 488 3459 1.
530 3404 586 3460 Si
629 3421 850 3462 necesse
896 3406 963 3461 sit
998 3417 1055 3460 ut
1083 3405 1297 3461 veniant
1325 3405 1593 3472 scandala,
1624 3406 1814 3462 dixerit
1844 3407 1952 3461 fur-

367 3504 510 3550 tasse
534 3497 793 3568 quispiam
819 3513 886 3552 ex
915 3497 1235 3552 adversariis
1254 3539 1269 3563 ,
1297 3513 1394 3553 cur
1421 3498 1673 3552 miserum
1700 3498 1956 3566 praedicat

366 3587 665 3656 mundum,
715 3603 836 3644 cum
894 3589 971 3645 illi
1023 3588 1273 3658 opitulari
1316 3599 1372 3644 et
1417 3603 1630 3643 manum
1686 3589 1954 3658 porrigere

366 3680 681 3750 oporteret?
725 3680 837 3750 Hoc
876 3681 1069 3750 quippe
1105 3688 1187 3736 est
1224 3678 1416 3734 medici
1460 3689 1514 3733 et
1555 3681 1792 3748 patroni;
1824 3679 1952 3733 illud

365 3784 494 3823 vero
539 3769 822 3838 cujuslibet
862 3784 894 3824 e
932 3769 1090 3840 vulgo
1133 3769 1384 3824 hominis.
1434 3769 1571 3837 Quid
1619 3769 1776 3840 igitur
1819 3769 1952 3824 adeo

366 3858 659 3929 impudenti
698 3861 889 3931 linguas
916 3860 1372 3931 respondeamus?
1411 3859 1612 3930 Ecquid
1649 3860 1771 3914 huic
1794 3875 1950 3915 cura-

366 3953 495 4007 tioni
535 3969 632 4024 par
659 3954 896 4025 reperire
926 3954 1140 4025 possis?
1179 3953 1311 4008 Nam
1343 3953 1481 4008 Deus
1507 3968 1627 4008 cum
1654 3953 1758 4018 sit,
1791 3951 1951 4008 homo

363 4043 535 4099 factus
557 4054 638 4101 est
665 4055 886 4116 propter
913 4055 962 4101 te
981 4089 997 4111 ,
1025 4057 1078 4101 et
1107 4047 1246 4101 servi
1273 4044 1498 4100 formam
1525 4045 1764 4115 accepit,
1792 4053 1951 4114 atque

365 4135 674 4205 turpissima
704 4137 883 4192 omnia
914 4152 1099 4208 passus
1122 4145 1242 4204 est,
1274 4135 1403 4190 nihil
1441 4137 1782 4206 praetermisit
1809 4135 1954 4205 quod

362 4231 428 4284 ad
457 4246 517 4287 se
543 4233 866 4302 pertineret;
912 4233 1004 4289 sed
1030 4233 1151 4304 quia
1177 4234 1367 4304 ingrati
1399 4234 1643 4290 homines
1670 4234 1799 4289 nihil
1827 4233 1952 4288 hinc

365 4322 490 4378 boni
528 4326 842 4395 consequuti
877 4335 1036 4392 sunt,
1083 4325 1206 4381 ideo
1250 4327 1368 4380 illos
1397 4327 1626 4381 miseros
1654 4325 1946 4396 praedicat,

362 4415 504 4484 quod
544 4426 665 4487 post
705 4418 1034 4473 curationem
1075 4427 1272 4473 tantam
1306 4420 1357 4472 iu
1395 4419 1700 4474 inﬁrmitate
1737 4433 1950 4473 mansec

361 4506 473 4561 rint
498 4525 512 4562 :
539 4522 602 4562 ac
627 4509 671 4563 si
697 4511 815 4579 quis
841 4525 1038 4580 aegrum
1064 4513 1275 4581 egregie
1299 4520 1542 4566 curatum
1561 4552 1576 4576 ,
1604 4511 1694 4581 qui
1721 4511 1950 4565 noluerit
2009 4566 2016 4574 ,

362 4597 695 4654 medicorum
725 4600 928 4671 legibus
957 4601 1218 4671 obsequi,
1261 4603 1446 4672 lugens
1477 4602 1672 4657 dixerit
1701 4618 1717 4658 :
1749 4601 1840 4656 Va:
1872 4601 1944 4655 illi

364 4687 566 4744 homini
587 4692 655 4746 ab
678 4691 1008 4757 infirmitate,
1027 4707 1184 4761 quam
1207 4708 1303 4764 per
1324 4694 1583 4762 ignaviam
1605 4708 1754 4748 suam
1775 4692 1943 4746 auxit.

361 4779 467 4836 Sed
507 4782 615 4838 illic
650 4783 864 4854 quidem
892 4785 1020 4838 nihil
1049 4799 1112 4838 ex
1149 4788 1290 4839 luctu
1320 4785 1559 4840 utilitatis
1587 4785 1824 4850 accedit;
1860 4785 1945 4840 hic

362 4887 490 4928 vero
531 4875 737 4944 species
766 4884 849 4931 est
875 4875 1165 4931 curationis
1189 4918 1203 4942 ,
1235 4891 1355 4930 cum
1388 4877 1438 4930 id
1465 4877 1605 4947 quod
1633 4886 1944 4931 eventurum

361 4973 446 5020 est
467 4966 800 5036 przedicitur,
823 4976 878 5022 et
898 4967 1152 5022 miserum
1177 4967 1510 5038 praedicatur.
1536 4969 1779 5039 Plerique
1800 4969 1943 5023 enim

360 5073 505 5126 εει-[ιθ
541 5073 612 5114 ex
647 5059 870 5114 consilio
910 5059 1042 5114 nihil
1069 5060 1308 5114 utilitatis
1337 5069 1693 5130 acceperunt,
1724 5076 1788 5116 ex
1818 5059 1944 5115 fletu

360 5164 487 5204 vero
513 5151 740 5206 multum
778 5151 941 5223 adjuti
970 5162 1113 5208 sunt.
1144 5138 1268 5208 Ideo
1297 5155 1528 5209 maxime
1567 5153 1651 5208 Vat
1688 5154 1816 5208 illud
1845 5169 1941 5224 ap-

358 5243 555 5311 posuit,
583 5243 702 5297 illos
725 5244 964 5299 excitans
990 5259 1054 5299 ac
1075 5244 1437 5314 diligentiores
1461 5243 1698 5300 efﬁciens
1716 5245 1940 5314 vigilan-

360 5337 650 5407 tioresque.
689 5337 771 5392 Ad
807 5336 921 5392 btec
947 5337 1374 5392 benevolentiam
1399 5352 1607 5408 quoque
1636 5352 1784 5392 suam
1815 5353 1938 5407 erga

358 5426 478 5481 illos
499 5437 661 5497 atque
693 5428 1148 5484 mansuetudinem
1184 5443 1333 5483 suam
1366 5428 1600 5497 exhibet,
1631 5429 1757 5483 dum
1783 5445 1940 5498 repu-

359 5528 583 5588 gnantes
633 5519 800 5589 luget,
829 5535 934 5573 non
955 5520 1392 5590 modononaagre
1411 5520 1618 5592 ferens,
1642 5521 1736 5576 sed
1778 5522 1936 5576 etiam

359 5609 652 5664 emendans
679 5619 784 5664 tam
811 5626 876 5666 ex
907 5609 1032 5665 ﬂetu
1054 5626 1208 5679 quam
1237 5628 1302 5666 ex
1330 5612 1669 5682 praedictione
1687 5655 1702 5681 ,
1731 5625 1788 5668 ut
1817 5615 1938 5669 illos

357 5701 425 5754 ad
451 5716 636 5756 sanam
669 5711 900 5758 mentem
926 5713 1163 5758 revocet.
1193 5703 1256 5758 Et
1281 5704 1548 5773 quomodo
1567 5746 1581 5772 ,
1613 5705 1818 5775 inquies
1841 5749 1856 5772 ,
1885 5706 1937 5762 id

356 5792 470 5848 ﬁeri
497 5795 716 5864 potest?
743 5811 864 5849 nam
893 5796 935 5849 si
966 5811 1184 5852 necesse
1211 5805 1294 5852 est
1324 5807 1380 5850 ut
1409 5798 1625 5853 veniant
1648 5799 1894 5853 scandala
1920 5841 1935 5863 ,

361 5885 625 5954 quomodo
657 5886 768 5944 htec
795 5887 1026 5957 effugere
1053 5889 1378 5957 poterimus?
1407 5889 1538 5959 Quia
1568 5904 1783 5947 necesse
1814 5892 1930 5960 qui-

2061 3129 2182 3183 dem
2204 3137 2286 3183 est
2308 3137 2366 3182 ut
2386 3128 2599 3182 veniant
2626 3129 2894 3193 scandala,
2916 3133 3093 3200 perire
3112 3143 3289 3189 autem
3315 3135 3531 3190 omnino
3557 3153 3648 3192 nc-

2062 3233 2216 3274 cesse
2245 3235 2350 3272 non
2379 3228 2480 3274 est.
2506 3219 2961 3284 Quemadmodum
2988 3223 3032 3275 si
3059 3224 3180 3292 quis
3203 3225 3438 3281 medicus
3458 3227 3652 3284 dixerit

2061 3313 2237 3384 (nihil
2275 3315 2416 3367 enim
2448 3322 2592 3368 vetat
2636 3313 2918 3382 quominus
2947 3315 3134 3370 eodem
3176 3319 3422 3387 exemplo
3461 3321 3649 3376 iterum

2063 3404 2296 3474 utamur)
2325 3422 2338 3457 :
2369 3405 2596 3460 Necesse
2625 3414 2708 3460 est
2734 3405 2875 3460 hunc
2897 3407 3078 3462 venire
3107 3409 3351 3463 morbum
3372 3451 3387 3476 ,
3419 3411 3512 3466 sed
3543 3429 3656 3474 non,

2062 3497 2187 3550 item
2220 3511 2441 3550 necesse
2468 3505 2550 3550 est
2588 3506 2647 3550 ut
2681 3495 2782 3550 hoc
2823 3497 3009 3552 morbo
3051 3512 3274 3566 pereas,
3324 3501 3367 3552 si
3411 3503 3645 3556 animum

2059 3586 2314 3640 adhibeas
2333 3626 2348 3650 ,
2376 3585 2490 3641 haec
2516 3601 2639 3640 cum
2666 3588 2785 3640 aliis
2808 3587 3016 3642 dicebat
3036 3630 3052 3650 ,
3081 3599 3138 3643 ut
3162 3590 3270 3656 jam
3298 3593 3476 3645 monui
3497 3633 3510 3655 ,
3539 3609 3658 3662 quo.

2063 3677 2353 3746 discipulos
2391 3691 2419 3728 a
2460 3691 2649 3730 somno
2688 3677 2964 3732 excitaret.
3011 3677 3089 3732 Ne
3127 3679 3424 3734 dormirent
3461 3684 3602 3736 enim
3630 3725 3645 3747 ,

2058 3769 2206 3838 quasi
2229 3767 2296 3822 ad
2327 3782 2512 3837 pacem
2541 3777 2598 3822 et
2628 3767 3062 3836 imperturbatam
3093 3769 3252 3822 vitam
3279 3771 3448 3837 missi,
3476 3773 3656 3832 multa.

2058 3871 2109 3914 et
2155 3860 2282 3914 foris
2321 3875 2375 3913 et
2417 3859 2558 3912 intus
2603 3859 2896 3929 ingruentia
2939 3859 3072 3913 bella
3112 3859 3366 3916 declarat.
3411 3862 3560 3931 Quod
3591 3873 3654 3927 et,

2058 3950 2252 4005 Paulus
2295 3951 2623 4020 significabat
2663 3952 2745 4004 his
2785 3950 3004 4004 verbis:
3048 3949 3200 4005 Foris
3249 3969 3464 4023 pugnae,
3503 3957 3656 4012 intus.

2058 4044 2258 4096 timores
2281 4059 2299 4096 :
2322 4043 2542 4109 pericula
2565 4043 2617 4095 in
2641 4042 2784 4111 falsis
2809 4042 3048 4114 fratribus
3071 4044 3146 4114 (2.
3175 4043 3293 4099 Cor.
3321 4047 3371 4100 7.
3397 4048 3450 4103 5.
3482 4059 3528 4103 et
3551 4052 3651 4118 II._

2053 4135 2180 4206 26);
2209 4145 2263 4190 et
2297 4135 2531 4190 Milesios
2559 4135 2835 4204 alloquens
2857 4136 3065 4190 dicebat
3087 4153 3101 4191 :
3127 4136 3412 4209 Exsurgent
3436 4144 3654 4213 quidam.

2055 4243 2118 4281 ea:
2144 4228 2280 4281 vobis
2304 4229 2557 4298 loquentes
2585 4243 2816 4298 perversa
2853 4227 2986 4294 (Act.
3022 4229 3111 4283 20.
3152 4230 3265 4300 50).
3293 4230 3534 4288 Christus
3555 4252 3650 4292 vea,

2054 4335 2115 4373 ro
2139 4320 2382 4385 dicebat,
2407 4319 2612 4372 Inimici
2641 4319 2859 4374 hominis
2885 4320 3140 4376 domestici
3168 4323 3277 4392 ejus
3307 4322 3518 4394 (Matth.
3551 4329 3638 4382 10.

2053 4410 2168 4480 56).

2123 4500 2358 4555 Liberum
2393 4501 2655 4555 arbitrium
2683 4511 2729 4555 et
2755 4501 2954 4555 libertas
2985 4503 3254 4558 voluntatis
3289 4521 3402 4559 cum
3438 4511 3649 4565 veritate

2052 4593 2328 4663 prophetia:
2352 4593 2609 4646 conciliari
2636 4603 2864 4662 possunt.
2887 4623 2956 4632 —
2979 4592 3112 4648 Cum
3138 4600 3317 4650 autem
3346 4600 3639 4655 necessita—

2054 4695 2158 4738 tem
2186 4683 2341 4748 dicit,
2366 4699 2470 4737 non
2499 4683 2719 4737 liberum
2748 4684 3024 4738 arbitrium
3053 4685 3218 4749 tollit,
3248 4701 3419 4756 neque
3445 4689 3638 4746 volun.—

2051 4775 2175 4830 tatis
2224 4775 2566 4839 libertatem,
2612 4790 2783 4844 neque
2827 4790 3002 4828 rerum
3055 4778 3357 4832 necessitati
3406 4781 3636 4850 cuipiam

2049 4865 2210 4919 vitam
2250 4865 2537 4932 subiiciens
2565 4865 2680 4919 lucc
2709 4865 2781 4918 ait
2811 4884 2823 4917 :
2852 4864 2945 4919 sed
2976 4866 3115 4934 quod
3152 4869 3366 4922 omnino
3396 4869 3633 4933 futurum

2049 4966 2165 5011 erat
2189 4957 2424 5026 prmdicit
2454 4957 2630 5025 :quod
2661 4957 2829 5011 Lucas
2859 4957 2975 5011 aliis
3000 4959 3177 5012 verbis
3205 4959 3522 5027 declaravit,
3552 4967 3632 5021 sic

2047 5050 2231 5104 dicens
2255 5091 2268 5112 ,
2300 5048 2622 5118 Impossibile
2653 5059 2724 5104 est
2755 5059 2806 5102 ut
2833 5066 2931 5102 non
2963 5051 3162 5103 veniant
3195 5054 3438 5106 scandala
3469 5052 3622 5126 (Luc.

2048 5142 2135 5196 i7.
2169 5141 2243 5212 l).
2273 5139 2407 5208 Quid
2437 5139 2565 5193 illud
2589 5148 2668 5194 est
2689 5181 2704 5206 ,
2735 5139 3036 5194 Scandaht?
3063 5141 3440 5210 Impedimenta
3473 5157 3628 5206 recta:

2047 5231 2150 5285 viae
2173 5233 2211 5285 ¹.
2240 5230 2328 5286 Sic
2351 5231 2405 5284 in
2438 5245 2595 5285 scena
2625 5241 2816 5285 vocant
2841 5232 3089 5301 agiliores
3114 5234 3369 5302 quosdam
3397 5239 3484 5307 qui
3512 5254 3626 5294 cor-

2031 5339 2171 5394 pora
2221 5331 2545 5392 pervertunt.
2596 5322 2709 5378 Non
2745 5323 2902 5392 igitur
2933 5325 3206 5392 praedictio
3234 5327 3348 5396 ejus
3382 5330 3628 5385 scandala

2044 5417 2257 5472 adducit
2285 5434 2298 5470 :
2326 5416 2463 5470 absit
2492 5435 2505 5469 :
2534 5430 2704 5486 neque
2730 5417 2852 5485 quia
2880 5419 3252 5485 prmnuntiavit
3271 5461 3285 5485 ,
3333 5420 3451 5474 ideo
3491 5438 3620 5477 eve-

2045 5513 2222 5578 niunt;
2253 5509 2347 5564 sed
2377 5509 2498 5563 ideo
2529 5509 2792 5578 prmdixit,
2824 5511 2944 5578 quia
2977 5521 3230 5565 eventura
3257 5523 3447 5568 erant:
3474 5515 3541 5568 ita
3574 5523 3630 5572 ut

2043 5604 2088 5656 si
2116 5601 2410 5655 noluissent
2433 5600 2467 5653 ii
2495 5599 2584 5670 qui
2613 5599 2698 5653 illa
2729 5600 2982 5664 inferunt,
3009 5618 3293 5672 nutnquan‘t
3325 5606 3624 5672 venissent,

2105 5779 2122 5807 ¹
2160 5773 2322 5837 Morel.
2349 5778 2458 5837 post
2491 5773 2596 5821 hate
2620 5773 2785 5830 verba,
2815 5773 2943 5831 quod
2969 5782 3322 5825 I.ucns..........
3348 5777 3418 5825 sic
3442 5775 3626 5837 dicens,

2049 5856 2071 5884 α
2099 5836 2480 5900 Impossibﬂecst
2513 5844 2566 5900 ut
2601 5848 2692 5883 non
2718 5837 2901 5884 veniunt
2939 5838 3199 5899 scandala,
3229 5857 3248 5882 ι)
3293 5838 3446 5900 addit,
3483 5836 3628 5895 nullis

2045 5899 2360 5961 interpositis,
2384 5896 2725 5960 impcdimmta
2751 5905 2896 5947 rectw
2924 5909 3024 5948 mc.
