4140 6376
500 335 604 390 575

500 459 558 502 et
584 448 686 502 nisi
713 457 971 501 eventura
1000 457 1201 509 essent,
1233 462 1337 498 non
1368 446 1617 515 praedicta
1648 444 1895 499 fuissent.
1921 443 2071 509 Quo-

502 544 644 596 niam
666 556 792 594 vero
811 540 1031 609 quidam
1053 537 1287 605 maligne
1302 536 1912 605 agebant,etincurabili
1934 551 2073 588 mor-

499 634 569 687 ho
590 634 927 697 laborabant,
953 640 1218 684 venerunt
1250 631 1529 693 scandala,
1557 629 1809 697 quodque
1829 628 2069 681 futurmn

498 726 715 780 eratille
733 724 991 795 praedicit.
1011 723 1079 776 At
1102 722 1147 775 si
1170 722 1244 774 illi
1265 723 1535 776 ememlati
1565 723 1818 784 fuissent,
1835 722 2069 790 inquies,

498 828 552 869 et
575 816 755 869 nullus
786 813 1041 868 scandala
1070 812 1363 876 attulisset,
1390 827 1568 865 annon
1594 811 1797 865 dictum
1822 812 1953 865 illud
1974 810 2074 864 fal-

500 924 622 961 sum
637 906 1036 974 deprehensum
1056 904 1245 958 fuisset
1262 903 1284 955 ?
1299 902 1683 972 Nequaquam:
1705 920 1809 957 non
1825 903 2072 957 dicturus

493 996 635 1049 enim
668 1004 783 1049 erat
807 1034 822 1057 ,
855 993 897 1046 si
940 991 1255 1046 emendandi
1290 990 1513 1044 fuissent
1542 1004 1731 1044 oumes
1752 1030 1767 1053 ,
1800 1004 1972 1058 neque
1999 989 2082 1042 di-

500 1088 668 1141 xisset
701 1104 713 1140 :
748 1084 968 1139 Necesse
996 1095 1068 1137 est
1098 1095 1149 1136 ut
1179 1084 1412 1145 veniant;
1452 1082 1544 1135 sed
1579 1082 1700 1150 quia
1733 1080 1943 1134 videbat
1980 1096 2083 1131 non

495 1176 840 1247 corrigendos
870 1176 1005 1241 fore,
1035 1175 1154 1229 ideo
1181 1176 1334 1239 dixit,
1361 1191 1425 1228 ea
1454 1175 1671 1228 onmiuo
1698 1182 1916 1227 ventura
1944 1187 2082 1224 esse.

502 1270 568 1324 Et
605 1286 734 1335 cur,
769 1270 976 1339 inquies
1002 1310 1015 1331 ,
1058 1270 1171 1336 ipse
1205 1284 1309 1323 non
1340 1266 1597 1322 abstulit?
1638 1266 1704 1320 Et
1730 1281 1823 1319 cur
1854 1263 2086 1318 tollemla

499 1360 689 1415 erant?
731 1375 797 1413 an
832 1371 1046 1430 propter
1075 1374 1167 1414 eos
1193 1361 1281 1428 qui
1314 1360 1377 1413 iis
1408 1358 1712 1413 laeduntur?
1736 1358 1806 1411 At
1834 1372 1937 1410 non
1966 1355 2089 1409 ittde

502 1460 725 1520 pereunt
765 1452 797 1504 ii
839 1452 926 1520 qui
964 1450 1260 1515 laeduntur,
1297 1451 1390 1505 sed
1425 1466 1492 1505 ex
1532 1450 1737 1518 ignavia
1764 1464 1858 1503 sua
1890 1466 1902 1501 :
1933 1448 2090 1516 idque

500 1542 775 1596 declarant
814 1543 846 1596 ii
878 1544 964 1611 qui
999 1545 1247 1598 virtutem
1279 1544 1491 1605 colunt,
1521 1544 1609 1612 qui
1642 1558 1746 1596 non
1777 1541 1938 1595 modo
1966 1541 2089 1595 hinc

502 1633 631 1688 nihil
667 1634 960 1697 lteduntur,
989 1634 1082 1688 sed
1114 1635 1273 1688 etiam
1306 1634 1527 1688 multant
1557 1637 1781 1687 fructum
1810 1633 2044 1688 referunt
2071 1651 2086 1687 :

500 1726 670 1793 qualis
695 1737 808 1781 erat
835 1727 936 1780 Job
961 1768 975 1790 ,
1008 1727 1177 1796 qualis
1204 1725 1403 1795 Joseph
1426 1767 1440 1791 ,
1471 1726 1655 1795 quales
1678 1741 1864 1779 omnes
1885 1726 2011 1793 justi
2035 1736 2091 1779 et

500 1818 748 1885 apostoli.
791 1818 941 1885 Quod
985 1819 1027 1871 si
1070 1819 1220 1871 multi
1264 1819 1570 1887 perierunt,
1616 1818 1665 1871 id
1707 1833 1772 1872 ex
1812 1833 1999 1871 somno
2038 1827 2090 1870 et

504 1911 822 1980 negligentia
866 1927 957 1963 sua
998 1912 1191 1965 evenit.
1220 1909 1274 1965 Si
1308 1925 1393 1964 res
1428 1926 1532 1963 non
1566 1911 1632 1963 ita
1664 1919 1841 1974 esset,
1873 1918 1927 1962 et
1952 1910 1994 1962 si
2024 1926 2086 1962 ex

503 2000 768 2054 scandulis
816 2002 1075 2068 pernicies
1121 2010 1301 2065 esset,
1353 2014 1541 2053 omnes
1586 2001 1758 2068 perire
1800 2009 2087 2069 oporteret.

503 2091 655 2158 Quod
685 2092 730 2146 si
755 2092 967 2159 quidam
998 2092 1275 2160 effugiunt,
1301 2092 1390 2161 qui
1422 2108 1525 2144 non
1552 2092 1756 2161 effugit,
1787 2091 1834 2144 id
1866 2091 1962 2145 sibi
1992 2092 2090 2159 ipsi

506 2192 730 2251 reputet.
764 2182 1022 2237 Scandala
1050 2183 1226 2248 enim,
1260 2195 1317 2236 ut
1346 2184 1474 2247 dixi,
1504 2192 1560 2237 et
1586 2186 1848 2247 excitant,
1888 2192 1940 2234 et
1972 2199 2092 2251 pcr-

501 2271 853 2335 spicaciorem
874 2270 1281 2335 acutioremth
1298 2269 1523 2329 faciunt,
1547 2282 1782 2318 uouemn
1801 2265 2067 2333 modoqui

500 2359 604 2412 sibi
624 2369 795 2423 cavet,
816 2360 907 2413 sed
928 2360 1090 2413 etiam
1109 2376 1232 2413 eum
1256 2362 1345 2428 qui
1369 2359 1566 2413 cecidit
1585 2359 1801 2427 citoque
1819 2357 2067 2425 erigitur,

503 2451 629 2503 hinc
648 2453 791 2505 enim
806 2453 1016 2506 cautior
1032 2462 1300 2520 captuque
1315 2450 1583 2506 dilIicilior
1600 2451 2004 2518 evadet.ltaque
2022 2448 2069 2503 si

513 2537 822 2607 vigilemus,
855 2555 959 2592 non
993 2555 1212 2608 parvum
1246 2540 1367 2594 inde
1396 2541 1596 2593 lucrum
1626 2542 1929 2602 referimus,
1954 2543 2095 2612 quod

512 2632 716 2686 scilicet
744 2633 959 2687 assidue
990 2634 1287 2702 vigilemus.
1321 2634 1376 2687 Si
1406 2648 1533 2686 vero
1572 2634 1888 2687 instantibus
1921 2636 2095 2688 timui-

512 2725 629 2789 eis,
672 2733 727 2779 et
772 2734 849 2777 tot
898 2726 1277 2779 tentationibus
1324 2726 1689 2795 ingruentibus
1731 2726 2093 2794 dormiamus,

514 2818 642 2888 quid
672 2819 740 2873 de
770 2819 923 2873 nobis
966 2820 1053 2874 fiet
1091 2822 1134 2874 si
1181 2824 1258 2875 sic
1300 2822 1579 2890 tranquille
1621 2823 1899 2876 vivamus?
1930 2824 1983 2878 Si
2020 2827 2099 2879 vis

514 2916 692 2961 autem
718 2948 734 2973 ,
769 2912 995 2977 primum
1027 2910 1296 2965 hominem
1327 2911 1603 2966 considera
1634 2930 1648 2967 :
1680 2913 1723 2966 si
1758 2915 1898 2968 enim
1932 2931 2100 2983 pauco

516 3008 774 3067 tempore,
804 3009 859 3053 et
887 3002 1125 3055 fortassis
1154 3018 1256 3056 non
1290 3019 1395 3056 uno
1421 3003 1507 3057 die
1534 3004 1585 3056 in
1616 3005 1856 3073 paradiso
1882 3022 2099 3061 versans

512 3088 672 3156 inque
701 3090 903 3143 deliciis
928 3132 943 3155 ,
984 3093 1036 3144 in
1079 3102 1281 3146 tantum
1315 3094 1559 3162 nequitiae
1592 3098 1891 3165 proruperit
1914 3138 1927 3161 ,
1960 3108 2017 3151 ut
2041 3114 2099 3154 se

512 3181 770 3249 a'qualeut
801 3183 906 3235 Deo
934 3186 1046 3237 fore
1072 3187 1387 3252 speraverit,
1414 3196 1468 3240 et
1492 3188 1829 3256 deceptorem
1857 3189 2100 3245 beneficii

512 3280 784 3325 auctorem
818 3274 1115 3340 putaverit,
1161 3292 1333 3343 neque
1360 3278 1574 3332 unicum
1618 3279 1743 3333 illud
1772 3290 2096 3349 prteceptum

513 3366 808 3419 servaverit
836 3383 849 3419 :
880 3368 923 3419 si
970 3368 1089 3421 vita:
1120 3370 1377 3438 reliquam
1411 3380 1609 3439 partem
1641 3374 1755 3426 sine
1781 3372 1960 3427 labore
1996 3374 2097 3428 du-

514 3454 679 3514 xisset
698 3501 712 3521 ,
740 3457 865 3529 quid
897 3473 1001 3515 non
1028 3459 1260 3518 facturus
1288 3462 1443 3518 erat?

584 3555 638 3605 2.
681 3552 850 3607 Ilomo
888 3571 982 3607 sua
1026 3572 1179 3625 Opera
1215 3566 1262 3610 et
1306 3575 1336 3609 α
1380 3560 1541 3629 seipse
1572 3555 1736 3614 malus
1773 3557 1998 3632 dﬁcitur.
2028 3587 2100 3598 —-

515 3642 609 3698 llis
641 3644 709 3698 ita
739 3645 896 3699 dictis
920 3686 933 3709 ,
964 3647 1117 3700 aliam
1149 3648 1497 3716 objectionem
1532 3650 1762 3705 offerunt
1800 3669 1813 3705 :
1839 3652 1947 3706 Cur
1972 3667 2098 3723 ergo

519 3738 659 3794 Deus
700 3739 855 3793 talem
902 3741 1071 3808 ipsum
1111 3741 1327 3796 effecit?
1370 3742 1482 3795 Non
1516 3743 1654 3797 Deus
1696 3745 1851 3799 talem
1883 3745 2095 3811 effecit,

513 3833 652 3885 absit
678 3850 691 3883 :
720 3848 825 3885 non
854 3835 994 3886 enim
1025 3835 1169 3887 illum
1206 3836 1513 3904 punivisset.
1546 3836 1675 3890 Nam
1698 3839 1741 3891 si
1770 3853 1865 3891 nos
1887 3838 2098 3908 quando

515 3923 738 3993 alicujus
762 3925 835 3977 rei
863 3940 1018 3978 causa
1042 3942 1247 3990 smnus,
1271 3941 1464 3993 servos
1483 3943 1584 3980 non
1616 3929 1937 3995 incusamus,
1964 3930 2099 3983 mul-

517 4024 569 4066 to
600 4016 774 4069 minus
803 4017 1170 4071 univerSttrum
1207 4019 1341 4073 Deus
1369 4019 1418 4072 id
1448 4019 1660 4075 faceret.
1694 4022 1819 4088 Sed,
1853 4024 2056 4093 inquies
2077 4067 2092 4090 ,

518 4108 657 4164 aude
698 4110 816 4163 talis
855 4110 1072 4165 effectus
1110 4112 1234 4165 est?
1274 4112 1349 4165 Ex
1391 4114 1678 4188 semetipso
1704 4123 1758 4169 et
1795 4131 1857 4169 ex
1894 4116 2094 4185 ignavia

515 4218 628 4254 sua.
679 4202 814 4269 Quid
865 4212 985 4267 est,
1028 4219 1092 4257 ex
1132 4206 1455 4272 semetipso?
1497 4205 1745 4274 Teipsum
1791 4208 2091 4277 interroga:

518 4309 636 4345 nam
669 4295 711 4346 si
746 4294 777 4346 ii
806 4296 893 4363 qui
926 4295 1048 4348 mali
1081 4304 1224 4356 sunt,
1259 4312 1361 4349 nou
1389 4312 1451 4350 ex
1485 4297 1673 4365 seipsis
1704 4299 1825 4351 mali
1857 4310 1997 4361 sunt,
2029 4318 2095 4354 ne

514 4399 727 4436 servum
761 4393 905 4437 tuum
936 4385 1162 4454 castiges
1188 4427 1202 4447 ,
1234 4402 1331 4439 nec
1361 4402 1577 4440 uxorem
1608 4388 1651 4440 si
1681 4391 1976 4456 peccaverit
2011 4390 2094 4443 in-

514 4491 700 4545 rrepes
724 4517 738 4540 ,
778 4492 878 4530 nec
914 4476 1076 4531 filimn
1122 4479 1415 4546 percutias,
1449 4495 1545 4533 nec
1588 4482 1812 4535 amicum
1845 4484 2054 4538 incuses
2078 4525 2091 4548 ,

517 4581 614 4621 nec
658 4568 926 4621 inimicam
970 4577 1021 4621 te
1062 4568 1339 4623 laedentem
1382 4569 1507 4623 odio
1548 4572 1784 4625 habeas:
1820 4574 1870 4627 hi
1900 4576 2095 4645 quippe

514 4674 703 4713 mnnes
730 4660 869 4727 digni
902 4669 1025 4713 sunt
1052 4662 1434 4723 misericordia,
1466 4680 1569 4717 non
1600 4666 1890 4733 punitione,
1918 4668 1961 4720 si
1989 4684 2094 4722 non

514 4765 578 4803 ex
609 4751 796 4819 seipsis
826 4752 1158 4820 delinquunt.
1193 4752 1296 4806 Sed
1326 4769 1429 4807 non
1464 4769 1675 4821 possunt
1709 4756 2090 4826 philosqphari,

514 4845 738 4914 inquies.
768 4847 925 4915 Atqui
954 4847 995 4899 si
1023 4847 1215 4900 videtis
1240 4864 1343 4901 non
1372 4849 1577 4902 illorum
1604 4850 1808 4917 culpant
1837 4868 1973 4914 esse,
2000 4854 2093 4907 sed

512 4952 576 4987 ex
607 4936 708 4989 alia
748 4940 1064 4993 necessitate
1091 4939 1140 4992 id
1173 4938 1366 4994 factum
1398 4956 1516 4996 esse
1544 4984 1557 5005 ,
1593 4952 1715 4997 tunc
1748 4945 1944 5012 poteris
1978 4947 2094 5015 phi-

513 5024 800 5095 losophari.
834 5027 964 5082 Nam
992 5044 1108 5083 cum
1135 5046 1318 5085 servus
1343 5033 1653 5099 agritudine
1676 5034 1919 5090 detentus
1945 5036 2091 5105 jussa

512 5132 619 5171 non
653 5116 855 5185 fecerit,
888 5135 992 5173 non
1023 5120 1181 5174 modo
1210 5138 1313 5175 non
1341 5123 1638 5177 criminaris
1662 5163 1676 5185 ,
1708 5125 1800 5179 sed
1832 5134 1885 5179 et
1913 5128 2089 5181 statim

512 5208 761 5276 ignoscis.
795 5208 883 5263 Sic
908 5219 960 5264 tu
991 5214 1140 5265 testis
1168 5227 1247 5277 es,
1275 5214 1540 5282 quidpiam
1567 5216 1633 5271 ab
1660 5215 1795 5283 ipso,
1824 5218 2089 5287 quidpiam

511 5315 616 5353 non
656 5299 723 5355 ab
767 5300 881 5369 ipso
910 5316 1050 5357 esse.
1099 5302 1258 5373 Igitur
1293 5306 1450 5359 etiam
1487 5306 1573 5360 hic
1597 5350 1612 5374 ,
1644 5308 1687 5362 si
1720 5310 1885 5363 scires
1918 5312 2087 5379 ipsmn

512 5390 631 5445 ideo
661 5391 855 5444 malmn
886 5407 1005 5447 esse
1044 5394 1166 5463 quia
1210 5397 1287 5451 sic
1326 5407 1481 5453 natus
1519 5398 1626 5460 sit,
1666 5416 1769 5453 non
1797 5402 1956 5454 modo
1985 5418 2087 5455 non

510 5497 830 5543 accusares.
876 5483 970 5538 sed
1015 5494 1069 5538 et
1107 5486 1315 5541 veniam
1359 5487 1534 5543 dares.
1578 5488 1706 5543 Nam
1745 5493 1827 5544 cui
1873 5500 2088 5561 propter

511 5576 755 5628 morbum
792 5576 1019 5644 ignoscis
1042 5618 1058 5643 ,
1090 5588 1307 5647 propter
1348 5580 1438 5634 Dei
1474 5582 1741 5650 Opificium
1773 5584 1848 5638 illi
1880 5588 2086 5641 veniam

508 5681 613 5721 uon
645 5683 867 5737 negares
890 5710 904 5733 ,
974 5669 1233 5739 siquidem
1262 5672 1381 5727 talis
1410 5674 1477 5728 ab
1507 5676 1656 5729 initio
1687 5678 1851 5731 factus
1880 5678 2083 5733 fuisset.

512 5758 737 5814 tliunde
773 5760 935 5815 etiam
971 5760 1087 5817 illos
1117 5760 1271 5819 facile
1300 5768 1573 5822 confutare
1604 5782 1882 5835 possumus
1918 5788 1930 5822 :
1961 5787 2079 5824 naut

1202 330 1261 385 S.
1301 330 1586 385 JOANNIS
1620 325 2112 385 CHRYSOSTOMI
2155 326 2471 383 ARCHIEP.
2514 329 3044 385 CONSTANTlNOI’.

3660 328 3761 387 57S

2183 440 2380 495 veritas
2404 444 2729 507 argumentis
2756 443 3008 497 abundat.
3038 443 3143 498 Cur
3167 458 3452 513 numquam
3476 457 3687 498 servum
3707 445 3761 499 iu

2181 534 2381 587 crimen
2408 534 2642 599 vocasti,
2683 533 2823 605 quod
2853 549 2958 587 non
3001 534 3069 588 sit
3106 534 3253 587 vultu
3285 532 3549 588 formosus
3576 575 3591 599 ,
3623 536 3762 604 quod

2184 640 2289 679 non
2331 626 2400 679 sit
2441 627 2745 695 proceriore
2782 635 3019 689 statura,
3063 625 3206 695 quod
3247 642 3352 679 non
3393 626 3461 679 sit
3499 625 3763 679 volucris?

2183 717 2315 781 Quia
2356 716 2469 771 ha-c
2509 733 2538 769 a
2584 727 2771 771 natura
2812 719 3238 787 proficiscuntur.
3277 717 3416 786 Ergo
3452 716 3587 771 liber
3619 726 3699 769 est
3736 732 3763 769 a

2184 810 2339 879 culpa
2365 820 2619 879 quantum
2645 809 2710 863 ad
2736 820 2935 863 natura:
2957 810 3101 870 vitia,
3132 824 3392 878 nemoque
3420 808 3515 862 ibit
3543 809 3763 863 inficias.

2185 902 2320 957 Cum
2347 917 2475 972 ergo
2501 917 2743 968 accusas,
2776 902 3012 956 ostendis
3042 914 3210 967 certe,
3241 903 3421 955 vitium
3451 918 3554 955 non
3583 917 3647 955 ex
3678 918 3770 954 ua-

2188 1006 2305 1048 tura
2333 1038 2346 1059 ,
2389 995 2481 1049 sed
2519 1011 2583 1048 ex
2625 996 2896 1049 voluntate
2936 994 3217 1063 proficisci.
3248 994 3380 1048 Nam
3422 997 3465 1049 si
3503 1011 3623 1049 cum
3662 1011 3768 1050 non

2187 1103 2519 1151 accusamus,
2545 1089 2889 1142 testificantur
2912 1098 3075 1143 totum
3098 1105 3216 1143 esse
3238 1097 3439 1143 natura:
3460 1089 3770 1143 adscriben-

2189 1179 2346 1241 dmn,
2381 1179 2550 1246 palam
2582 1187 2664 1232 est
2692 1179 2831 1245 quod
2860 1194 2981 1232 eum
3014 1180 3347 1248 increpamus
3366 1220 3381 1244 ,
3410 1196 3473 1233 ex
3502 1180 3772 1234 voluntate

2190 1270 2397 1338 culpam
2421 1285 2538 1325 esse
2559 1270 2913 1324 declaramus.
2939 1270 3013 1324 l\'e
3036 1271 3211 1340 itaque
3234 1286 3475 1340 perversa
3500 1273 3771 1325 ratiocinia

2192 1360 2242 1413 in
2283 1360 2513 1414 medimn
2550 1360 2741 1415 afferas
2767 1401 2779 1423 ,
2826 1376 2894 1415 ne
2930 1362 3255 1430 sophismata
3285 1372 3339 1415 et
3368 1360 3535 1415 nodos
3564 1377 3771 1415 aranea:

2194 1451 2312 1505 telis
2358 1452 2574 1505 viliores
2608 1470 2619 1504 :
2652 1452 2743 1505 sed
2788 1452 2854 1505 ad
2900 1452 3002 1507 hoc
3040 1466 3249 1506 rursum
3296 1452 3420 1505 mihi
3466 1454 3768 1519 responde:

2192 1544 2378 1599 Nonne
2405 1544 2648 1598 homines
2678 1558 2865 1598 omnes
2895 1543 3017 1597 fecit
3050 1544 3225 1597 Deus?
3260 1544 3313 1597 Id
3341 1544 3479 1612 apud
3503 1560 3688 1597 oiunes
3718 1545 3769 1596 iu

2192 1638 2441 1692 confesso
2470 1646 2571 1691 est.
2601 1637 2708 1689 Cur
2737 1652 2863 1706 ergo
2893 1652 2995 1689 non
3027 1651 3213 1690 omnes
3244 1636 3533 1691 secundum
3566 1637 3772 1690 virtutis

2192 1741 2249 1785 et
2286 1730 2396 1783 vitii
2442 1731 2700 1784 rationem
2746 1728 2976 1797 aequales
3016 1728 3177 1781 sunt?
3220 1728 3358 1782 unde
3397 1728 3456 1781 fit
3497 1738 3551 1780 ut
3582 1728 3633 1780 hi
3668 1728 3773 1781 sint

2193 1822 2338 1887 boui,
2368 1821 2512 1889 probi
2535 1828 2588 1875 et
2614 1820 2880 1873 modesti?
2909 1820 3045 1873 unde
3074 1821 3131 1873 fit
3158 1830 3214 1873 ut
3237 1819 3287 1872 hi
3309 1821 3415 1873 sint
3445 1820 3568 1873 mali
3596 1830 3648 1874 et
3677 1820 3774 1872 im-

2196 1914 2384 1981 probi?
2414 1912 2544 1965 Nam
2585 1913 2629 1965 si
2664 1913 2714 1964 in
2748 1910 2830 1965 his
2872 1927 2979 1964 non
3010 1912 3279 1964 voluntate
3316 1925 3449 1979 Opus
3476 1919 3596 1975 est,
3636 1920 3689 1965 et
3728 1912 3772 1964 si

2196 2007 2309 2059 lucc
2338 2016 2518 2058 natura
2551 2016 2694 2070 sunt,
2728 2020 2822 2059 cur
2851 2004 2900 2056 hi
2928 2004 3193 2067 virtutem,
3222 2004 3309 2056 alii
3337 2004 3519 2056 vitium
3547 2019 3773 2072 sequun-

2196 2099 2321 2151 tur?
2344 2097 2475 2151 Nam
2505 2100 2547 2150 si
2576 2113 2763 2150 omnes
2793 2107 2979 2150 natura
3012 2097 3134 2151 mali
3165 2107 3376 2160 essent,
3412 2112 3569 2149 nemo
3599 2108 3776 2166 posset

2195 2208 2313 2247 esse
2354 2194 2556 2256 bonus;
2597 2200 2652 2246 et
2691 2192 2733 2244 si
2775 2206 2963 2245 onmes
2994 2202 3178 2244 natura
3220 2192 3341 2243 boni
3365 2233 3377 2253 ,
3412 2204 3570 2244 uento
3600 2198 3775 2259 possiet

2195 2300 2314 2339 esse
2354 2285 2542 2339 malus.
2583 2284 2637 2337 Si
2674 2283 2969 2337 communis
3008 2292 3091 2336 est
3130 2292 3315 2335 natura
3360 2282 3631 2335 hominum
3663 2297 3776 2334 mn-

2195 2375 2364 2439 nium,
2392 2374 2683 2429 secundum
2711 2373 2813 2427 hoc
2834 2373 3112 2442 oportebat
3135 2387 3321 2427 onmes
3348 2372 3592 2426 homines
3614 2388 3773 2425 unmn

2194 2476 2249 2521 et
2277 2467 2412 2520 idem
2442 2482 2561 2521 esse
2584 2508 2599 2532 ,
2632 2481 2726 2519 seu
2757 2467 2925 2520 honos
2953 2467 3193 2533 scilicet,
3230 2482 3322 2520 seu
3352 2467 3539 2520 malos.
3569 2466 3621 2522 Si
3650 2483 3776 2520 vero

2195 2560 2454 2623 dicamus,
2485 2575 2550 2612 ex
2582 2567 2763 2611 natura
2796 2574 2913 2613 esse
2939 2559 3077 2628 quod
3107 2560 3156 2612 hi
3188 2559 3307 2613 boni
3328 2600 3341 2623 ,
3376 2560 3447 2613 illi
3481 2559 3601 2613 mali
3630 2560 3731 2613 siut
3756 2601 3771 2624 ,

2196 2649 2336 2719 qttod
2358 2659 2500 2703 esset
2525 2650 2717 2703 rationi
2744 2650 3025 2712 absonum,
3052 2659 3109 2703 ut
3130 2649 3479 2714 ostendimus,
3507 2660 3774 2719 Oportt-ret

2198 2742 2313 2796 haec
2333 2741 2623 2795 immobilia
2646 2756 2765 2795 esse
2785 2756 2799 2807 ;
2826 2742 3081 2794 naturalia
3104 2742 3296 2811 quippe
3320 2752 3443 2795 sunt
3465 2741 3771 2795 immobilia.

2201 2839 2315 2896 Hoc
2328 2857 2455 2895 vero
2471 2840 2785 2895 consideres
2800 2838 2976 2891 velim.
2995 2836 3248 2889 Mortales
3264 2849 3452 2887 omnes
3466 2845 3595 2886 sunt
3610 2834 3772 2884 etiam

2203 2932 2506 3004 passibiles,
2544 2945 2807 2997 nemoque
2838 2937 3005 2997 potest
3042 2925 3390 2994 impassibilis
3420 2940 3562 2986 esse,
3586 2924 3775 2977 etiam-

2201 3026 2245 3081 si
2301 3024 2495 3077 millies
2545 3022 2855 3075 contendat.
2906 3018 3060 3072 Nunc
3094 3033 3222 3072 vero
3280 3018 3477 3070 multos
3525 3016 3770 3068 videmus

2199 3132 2265 3170 ex
2294 3116 2453 3169 honis
2489 3114 2785 3182 improbos,
2828 3122 2881 3165 et
2908 3127 2970 3163 ex
3002 3110 3262 3179 improbis
3296 3109 3465 3162 bonos
3511 3108 3620 3161 fieri
3645 3147 3658 3170 ,
3709 3105 3771 3157 il—

2201 3208 2282 3261 los
2318 3207 2661 3275 negligentia,
2699 3205 2797 3258 ltos
2841 3218 2972 3256 vero
3008 3202 3283 3272 diligentia
3312 3219 3325 3255 :
3355 3200 3497 3269 quod
3539 3198 3772 3251 maxime

2201 3303 2391 3372 probat
2415 3302 2464 3354 id
2490 3316 2595 3353 non
2624 3314 2743 3353 esse
2767 3308 2990 3351 naturae.
3015 3296 3291 3350 Naturalia
3316 3294 3514 3364 quippe
3538 3308 3633 3345 nec
3654 3307 3771 3343 nm-

2199 3404 2405 3455 tantur,
2448 3406 2621 3461 neque
2654 3390 2929 3458 diligentia
2960 3404 3095 3457 opus
3126 3387 3345 3449 habent,
3392 3394 3450 3437 ut
3484 3382 3770 3451 acquiran-

2199 3497 2304 3541 tur.
2340 3485 2409 3540 Ut
2444 3486 2586 3538 enim
2628 3484 2693 3537 ad
2722 3483 3010 3537 videndum
3052 3492 3105 3535 et
3134 3480 3460 3534 audiendum
3494 3494 3599 3531 non
3634 3491 3770 3545 opus

2196 3587 2280 3633 est
2311 3578 2515 3637 labore,
2559 3575 2635 3628 sic
2686 3588 2785 3625 nec
2818 3571 2869 3624 in
2910 3571 3130 3624 colenda
3176 3569 3371 3622 virtute
3408 3568 3606 3622 sudore
3633 3581 3770 3634 opus

2197 3681 2361 3733 esset,
2402 3669 2446 3722 si
2500 3669 2584 3722 illa
2616 3686 2680 3722 ex
2710 3677 2898 3722 natura
2938 3666 3095 3719 nobis
3134 3664 3294 3717 insita
3329 3670 3491 3716 esset.
3527 3660 3637 3714 Cur
3667 3674 3763 3711 au-

2198 3769 2304 3813 tem
2331 3760 2501 3812 malos
2531 3757 2766 3821 fecisset,
2788 3774 2909 3811 cum
2938 3765 3117 3825 posset
3136 3767 3326 3805 omnes
3359 3751 3530 3804 honos
3555 3748 3769 3801 facere?

2198 3850 2351 3906 Unde
2406 3866 2535 3921 ergo
2583 3851 2760 3904 mala?
2806 3850 3016 3918 inquies
3052 3849 3091 3902 ¹.
3138 3845 3393 3913 Teipsum
3446 3842 3714 3910 interroga
3752 3858 3766 3894 :

2198 3957 2376 3995 meum
2415 3941 2611 4010 quippe
2654 3950 2737 3995 est
2778 3939 3099 3999 ostendere,
3141 3936 3227 3990 illa
3275 3950 3371 3988 nec
3424 3949 3491 3987 ex
3530 3941 3718 3985 natura
3749 3972 3763 3996 ,

2196 4048 2298 4087 nec
2327 4048 2357 4087 a
2394 4032 2501 4085 Deo
2540 4048 2679 4085 esse.
2713 4031 2853 4101 Ergo
2885 4030 3060 4085 casu?
3091 4026 3319 4097 inquies.
3356 4025 3593 4078 Minime.
3626 4022 3763 4076 Num

2197 4123 2473 4195 ingenita?
2507 4122 2653 4176 Bona
2698 4123 2878 4184 verba,
2920 4134 3126 4189 quaeso,
3149 4134 3182 4172 ο
3216 4118 3397 4179 homo,
3446 4132 3476 4169 a
3512 4125 3655 4169 tanta
3692 4115 3768 4167 iu-

2199 4216 2351 4271 sauia
2382 4214 2607 4285 gradum
2637 4228 2852 4275 revoca,
2886 4222 2941 4264 ut
2964 4212 3170 4264 honore
3199 4224 3307 4263 uno
3349 4207 3513 4261 Deum
3549 4216 3600 4260 ct
3626 4208 3762 4259 mala

2194 4308 2342 4363 colas
2372 4317 2533 4377 atque
2565 4307 2771 4359 honore
2805 4317 3065 4373 superno.
3101 4301 3233 4354 Nam
3284 4300 3327 4355 si
3364 4300 3620 4369 ingenita,
3654 4297 3763 4351 for-

2194 4402 2265 4457 tia
2307 4412 2360 4456 et
2395 4402 2615 4455 immota
2644 4400 2830 4467 utique
2858 4404 3039 4459 erunt,
3072 4409 3248 4464 neque
3300 4402 3556 4462 poterunt
3587 4392 3760 4454 avelli,

2192 4509 2365 4563 neque
2390 4492 2455 4546 ad
2496 4491 2724 4545 nihilum
2759 4488 2924 4557 redigi
2964 4505 2976 4540 :
3010 4502 3132 4539 nam
3164 4485 3304 4555 quod
3330 4485 3629 4553 ingenitum
3658 4494 3760 4547 est,

2190 4589 2365 4656 perire
2405 4601 2509 4640 non
2544 4600 2722 4654 posse,
2755 4586 2953 4653 cuique
2988 4580 3333 4637 manifestum
3372 4591 3475 4635 est.

2259 4680 2310 4733 5.
2356 4677 2509 4733 Unde
2544 4679 2600 4731 fit
2623 4686 2679 4729 ut
2710 4687 2785 4730 tot
2820 4676 2928 4731 sint
2952 4676 3098 4741 boni,
3120 4676 3165 4731 si
3188 4675 3386 4729 malum
3418 4684 3620 4726 tantam
3653 4672 3757 4725 vim

2191 4768 2426 4822 habeat?
2449 4769 2723 4837 quomodo
2754 4768 2916 4837 geniti
2943 4768 3017 4820 illi
3052 4766 3290 4834 ingenito
3320 4776 3447 4819 sunt
3475 4762 3763 4817 fortiores?

2192 4860 2295 4913 Sed
2328 4861 2488 4925 Deus,
2526 4860 2757 4928 inquies,
2791 4860 2878 4912 illa
2913 4858 3141 4913 auferet.
3182 4856 3445 4923 Quando?
3479 4856 3760 4921 Quomodo

2196 4962 2376 5006 autem
2402 4952 2490 5004 illa
2519 4952 2747 5015 auferet,
2774 4952 2816 5003 si
2836 4950 2983 5019 paris
3002 4950 3113 5004 sint
3140 4949 3383 5015 honoris,
3405 4946 3757 5009 fortitudinis,

2188 5044 2505 5099 vetustatis?
2522 5046 2712 5112 utquis
2726 5044 2943 5098 dixerit.
2965 5043 3008 5097 Ο
3024 5042 3223 5097 diaboli
3242 5042 3558 5111 nequitiam!
3580 5055 3757 5107 quan-

2188 5142 2300 5188 tum
2331 5134 2539 5187 invenit
2566 5133 2805 5186 malum!
2841 5148 2950 5202 quo
2985 5132 3337 5203 blasphemiae
3358 5146 3555 5201 genere
3588 5129 3755 5183 Deum

2251 5345 2267 5375 ¹
2297 5342 2476 5391 Totum
2518 5340 2678 5387 locum
2716 5340 2865 5402 longe
2909 5335 3137 5402 pluribus
3179 5347 3466 5396 expressum
3501 5332 3571 5402 sic
3607 5334 3757 5384 habet

2186 5404 2349 5455 Codex
2395 5416 2556 5452 unus:
2590 5405 2687 5452 Cur
2726 5396 2835 5449 illo—3
2860 5396 3013 5448 mittes
3038 5396 3374 5459 teciswt,_cuu_t
3406 5401 3564 5459 posset
3594 5406 3758 5444 omnes

2186 5466 2329 5515 bonos
2352 5462 2563 5528 facere?
2604 5467 2741 5528 Certe
2767 5462 2920 5528 malos
2945 5456 3044 5528 non
3068 5458 3176 5521 [ecit
3190 5472 3218 5528 ;_
3230 5456 3414 5528 duplici
3437 5456 3565 5505 enim
3603 5458 3759 5528 (alme

2186 5520 2419 5588 obnoxius
2445 5530 2565 5575 esset
2586 5538 2601 5574 :
2624 5522 2818 5588 primo._
2840 5523 2883 5571 si
2916 5520 3075 5588 malos
3096 5520 3436 5588 produxisset;
3467 5522 3693 5585 secundo,
3716 5520 3759 5565 si

2186 5588 2312 5638 alios
2352 5586 2513 5643 bonos,
2556 5582 2682 5635 utros
2722 5585 2893 5643 nmlos,
2933 5582 3149 5643 illudque
3171 5587 3348 5631 temere
3375 5585 3419 5627 et
3445 5582 3547 5629 sine
3568 5592 3711 5629 causa
3740 5590 3757 5627 :

2222 5663 2407 5699 mtuant
2428 5662 2554 5699 emm
2578 5649 2626 5696 in
2644 5662 2701 5697 ea
2724 5660 2776 5695 re
2796 5645 2923 5709 arqui
2949 5644 3148 5708 bonique
3175 5643 3333 5709 ratio?
3363 5644 3500 5709 Unde
3516 5655 3635 5709 ergo
3656 5653 3760 5689 mn-

2207 5704 2272 5761 a?
2298 5710 2501 5775 inquies.
2528 5711 2737 5775 Verum,
2750 5704 2866 5775 cum
2893 5704 3247 5775 unusutlantum
3278 5706 3537 5775 ναόν-ἱεὶς
3563 5704 3763 5763 habeat,

2187 5766 2392 5825 caeteros
2415 5775 2679 5836 sequimur.
2705 5771 2801 5822 Cfr.
2830 5769 2999 5820 Aduot.
3029 5767 3168 5817 Fictd
3189 5770 3246 5815 ad
3270 5781 3376 5829 pag.
3403 5766 3513 5813 596.
