4140 6376
334 413 434 470 577
659 481 667 489 .

329 528 603 585 involvere
620 524 826 585 homini
855 524 1069 580 suasit?
1105 521 1250 592 quali
1285 521 1503 592 pietatis
1535 518 1712 589 specie
1744 517 1903 572 aliam

334 619 708 688 blasphemam
731 616 994 670 rationem
1017 614 1340 682 excogitavit
1358 615 1370 667 !
1387 613 1524 666 Cum
1546 612 1743 664 vellent
1761 610 1906 662 enim

323 711 646 773 ostendere,
686 705 889 763 malum
927 717 1033 758 non
1061 701 1129 755 ab
1165 699 1282 771 ipso
1319 698 1608 769 procedere
1631 737 1646 762 ,
1686 711 1908 765 pravum

321 802 464 858 aliud
499 801 690 870 dogma
727 798 1045 851 invexerunt
1067 835 1082 859 ,
1115 790 1342 846 dicendo
1379 791 1611 860 ingenita
1649 789 1735 843 illa
1764 801 1903 842 esse.

324 893 479 950 Unde
523 892 682 962 igitur
706 886 885 944 mala?
929 885 1158 955 inquies.
1206 883 1284 937 Ex
1317 897 1382 937 eo
1410 882 1549 951 quod
1581 889 1662 934 est
1689 880 1828 935 velle
1845 889 1909 934 et

323 985 481 1039 nolle.
501 982 606 1038 Sed
629 981 799 1050 ipsum
823 977 960 1032 velle
975 987 1029 1031 et
1048 973 1188 1029 nolle
1204 972 1501 1028 undenam?
1517 973 1557 1026 Α
1583 971 1734 1024 nobis
1755 971 1903 1039 ipsis.

327 1077 376 1131 ld
407 1079 578 1145 ipsum
601 1073 730 1127 facis
754 1085 818 1124 ac
843 1071 887 1123 si
913 1081 1204 1138 quatreres,
1228 1065 1503 1121 Undenam
1533 1063 1708 1133 prodit
1727 1062 1907 1116 videre

324 1177 376 1222 ct
405 1182 509 1220 non
538 1163 758 1219 videre?
785 1177 870 1216 me
895 1176 1023 1214 vero
1051 1157 1429 1228 respondente,
1463 1156 1538 1209 Ex
1567 1168 1632 1208 eo
1655 1153 1796 1222 quod
1824 1163 1902 1207 est

322 1259 571 1314 claudere
599 1266 660 1311 et
681 1269 786 1310 non
814 1251 1066 1307 claudere
1101 1250 1285 1306 oculos
1317 1267 1329 1302 :
1358 1261 1570 1302 rurSn'm
1601 1246 1900 1314 interroga-

321 1368 409 1406 res
436 1392 450 1416 ,
483 1350 660 1419 Ipsum
691 1346 952 1401 claudere
974 1353 1026 1398 et
1065 1357 1170 1396 non
1204 1340 1454 1396 claudere
1488 1337 1670 1392 unde?
1715 1351 1905 1406 meque

320 1443 698 1514 respondente,
721 1442 760 1493 Α
781 1438 935 1492 nobis
956 1435 1084 1505 ipsis
1105 1442 1161 1488 et
1181 1449 1210 1487 a
1234 1432 1510 1486 voluntate
1525 1438 1726 1489 nostra,
1746 1429 1902 1481 aliam

319 1548 501 1590 rursus
520 1547 733 1588 causam
755 1541 1042 1599 qna-reres.
1067 1524 1256 1578 Malum
1275 1523 1470 1592 quippe
1489 1520 1618 1573 nihil
1637 1518 1776 1573 aliud
1800 1526 1898 1584 est,

318 1641 478 1697 quant
507 1638 612 1677 non
641 1620 857 1675 obedire
887 1619 1013 1671 Deo.
1042 1615 1344 1678 Undeuam,
1374 1613 1600 1680 inquies,
1628 1609 1728 1662 hoc
1756 1609 1905 1662 iuve-

319 1720 399 1773 nit
437 1715 629 1771 homo?
653 1714 786 1768 Num
815 1755 829 1779 ,
859 1724 1041 1781 qumso
1067 1751 1080 1774 ,
1110 1706 1328 1762 difficile
1352 1714 1466 1758 erat
1492 1704 1591 1757 hoc
1623 1700 1902 1755 invenire?

315 1809 431 1865 Non
460 1807 581 1862 dico
607 1821 704 1876 ego
730 1805 832 1858 hoc
856 1803 1070 1858 difficile
1098 1815 1244 1855 esse:
1267 1797 1359 1852 sed
1387 1795 1527 1851 unde
1552 1795 1796 1849 inductus
1818 1802 1903 1848 est

317 1912 374 1955 ut
401 1901 510 1954 Deo
537 1914 640 1953 non
664 1891 1095 1964 obtemperaret?
1125 1891 1205 1946 Ex
1237 1889 1464 1960 ignavia.
1494 1887 1626 1941 Nam
1657 1901 1778 1940 cum
1803 1899 1901 1955 pe-

322 2007 418 2049 nes
446 1991 594 2046 illum
622 1999 770 2045 esset
795 1988 860 2041 ad
905 1981 1508 2041 utrmnlibet-declinare
1529 2020 1544 2044 ,
1576 1978 1647 2059 ad,
1673 1979 1774 2031 hoc
1798 1976 1899 2031 de-

312 2084 548 2140 clinavit.
575 2082 633 2138 Si
657 2090 832 2135 autem
856 2091 1052 2146 anceps
1077 2075 1251 2130 adhuc
1277 2075 1359 2126 his
1379 2071 1571 2124 auditis
1599 2072 1650 2123 in
1672 2069 1897 2139 caligine

311 2177 541 2232 versaris
563 2215 580 2243 ,
609 2189 710 2244 ego
740 2173 832 2226 tibi
861 2169 1208 2241 quaestionem
1245 2178 1535 2235 proponam
1568 2177 1672 2216 non
1700 2160 1895 2216 dil'lici-

312 2269 416 2322 lem
438 2281 535 2321 nec
555 2265 900 2335 implicatam,
920 2260 1019 2314 sed
1038 2259 1329 2327 simplicem
1348 2265 1400 2310 et
1416 2256 1634 2310 claram.
1657 2252 1896 2307 Fuistine

308 2356 592 2429 aliquando
631 2355 839 2410 malus?
880 2353 1096 2406 fuistine
1125 2348 1409 2420 aliquando
1449 2347 1660 2401 bonus?
1688 2345 1742 2400 Id
1770 2353 1890 2411 est,

308 2469 434 2507 num
463 2451 643 2520 aliquo
669 2449 800 2502 vitio
823 2445 1068 2516 superior
1093 2444 1260 2510 luisti,
1290 2452 1343 2497 et
1371 2450 1554 2512 poslea
1581 2442 1648 2496 ab
1679 2440 1770 2494 illo
1797 2453 1890 2494 ca-

307 2555 428 2615 ptus
458 2557 516 2598 es
535 2543 560 2595 ?
589 2539 818 2596 incidisti
846 2540 897 2594 in
925 2539 1257 2602 ebrietatem,
1278 2545 1340 2591 et
1372 2542 1550 2604 postea
1581 2535 1680 2588 hoc
1705 2534 1889 2588 vitium

306 2633 592 2705 depulisti?
615 2635 779 2686 iratus
801 2646 882 2695 es,
909 2637 964 2686 et
990 2638 1172 2700 postea
1203 2627 1356 2682 irasci
1384 2626 1583 2681 desiisti
1607 2641 1620 2691 ;
1645 2625 1891 2695 despexi-

303 2725 373 2781 sti
396 2739 704 2795 pauperem,
723 2733 776 2778 et
797 2728 978 2791 postea
1000 2720 1194 2776 secus?
1217 2718 1505 2772 fornicatus
1525 2732 1604 2784 es,
1629 2728 1683 2771 et
1703 2727 1888 2786 postea

304 2817 586 2871 continens
615 2813 798 2868 fuisti?
839 2811 990 2868 Unde
1014 2852 1030 2877 ,
1062 2825 1244 2881 qumso
1263 2851 1279 2873 ,
1314 2809 1427 2864 haec
1455 2809 1671 2863 omnia?
1702 2808 1887 2863 unde?

302 2907 360 2962 Si
397 2918 450 2961 tu
492 2906 720 2960 tacueris
746 2945 761 2968 ,
798 2919 900 2974 ego
936 2903 1131 2957 dicam.
1164 2901 1295 2970 Quia
1323 2915 1444 2956 cum
1475 2900 1652 2955 Studio
1679 2911 1732 2955 et
1768 2900 1887 2954 dili-

300 3001 476 3071 gentia
509 3000 560 3054 id
586 3006 809 3053 conatus
832 3012 922 3061 es;
955 3005 1136 3066 postea
1161 3010 1289 3051 vero
1317 2995 1520 3049 solutus
1549 2996 1599 3048 in
1625 2994 1882 3049 desidiam

300 3093 563 3147 decidisti.
607 3090 740 3145 Nam
770 3089 1065 3159 desiieratis
1105 3087 1209 3141 illis
1232 3128 1247 3153 ,
1276 3085 1367 3156 qui
1411 3099 1471 3140 se
1499 3086 1593 3139 toti
1633 3085 1883 3155 nequitiae

288 3182 660 3245 dediderunt,
700 3181 789 3250 qui
821 3181 938 3234 sine
980 3192 1140 3232 sensu
1168 3192 1231 3232 ac
1260 3175 1444 3230 furiosi
1475 3186 1636 3242 sunt,
1681 3177 1770 3246 qui
1815 3191 1882 3230 ne

297 3275 480 3328 audire
511 3274 724 3344 quidem
754 3272 937 3327 volunt
966 3285 1028 3325 ea
1055 3285 1174 3340 qua:
1201 3268 1267 3322 ad
1297 3268 1722 3323 emendationem
1752 3283 1878 3338 spe-

297 3377 463 3428 ctant,
493 3366 558 3420 iis
585 3374 730 3419 certe
759 3362 978 3418 minime
1006 3363 1072 3417 de
1098 3360 1428 3430 philosophia
1455 3359 1671 3430 loquar;
1701 3359 1762 3412 iis
1791 3374 1880 3413 ve-

297 3477 358 3515 ro
385 3503 399 3524 ,
441 3460 528 3530 qui
570 3458 726 3512 modo
762 3458 864 3512 hoc
889 3498 904 3522 ,
947 3456 1105 3509 modo
1142 3452 1270 3508 illud
1309 3460 1619 3516 sectantur,
1652 3450 1878 3505 libenter

295 3554 457 3606 verba
487 3551 694 3606 faciam.
731 3546 1028 3618 Aliquando
1054 3547 1270 3614 rapuisti
1297 3555 1415 3612 quae
1445 3541 1510 3597 ad
1542 3551 1593 3597 te
1621 3557 1724 3596 non
1754 3555 1876 3611 per-

293 3645 568 3708 tinebant;
609 3640 800 3696 deinde
841 3655 970 3695 vero
1015 3637 1380 3692 misericordia
1419 3643 1594 3689 motus
1622 3634 1691 3689 de
1719 3635 1875 3690 bonis

295 3737 401 3789 ruis
426 3749 594 3804 egeno
621 3733 838 3802 largitus
867 3745 946 3785 es.
983 3728 1135 3784 Unde
1177 3727 1288 3781 inec
1317 3726 1571 3780 mutatio?
1598 3741 1774 3780 annon
1808 3725 1873 3778 li-

290 3829 507 3894 quidum
536 3837 611 3879 cst
642 3840 706 3879 ex
738 3823 1006 3876 voluntate
1029 3835 1092 3875 ac
1118 3821 1283 3874 libero
1306 3817 1531 3873 arbitrio
1556 3817 1709 3873 esse?
1738 3816 1871 3872 Illud

289 3929 492 3974 certum
521 3928 601 3971 est
621 3958 635 3980 ,
669 3931 729 3968 ac
755 3930 910 3969 nemo
942 3912 1232 3983 negaverit.

365 4008 506 4062 Mula
544 4024 606 4062 ea:
631 4004 1116 4077 'ignuvia'prodeunt
1142 4045 1156 4068 ,
1186 4012 1232 4055 et
1267 4018 1378 4055 vere
1413 4018 1445 4054 a
1472 4000 1614 4054 nobis
1638 4010 1772 4054 sunt.
1799 4028 1870 4039 ——

293 4099 419 4156 Ideo
447 4099 672 4152 obsecro
695 4107 752 4151 ut
778 4094 957 4150 virtuti
982 4094 1262 4160 studeatis,
1288 4101 1342 4147 et
1369 4092 1502 4146 nihil
1531 4099 1710 4161 postea
1735 4106 1870 4161 opus
1893 4135 1896 4138 ρ

290 4195 395 4250 erit
438 4190 737 4261 hujusmodi
787 4188 1187 4259 qtimstionibus.
1238 4186 1369 4240 lllala
1416 4186 1558 4241 enim
1586 4225 1602 4252 ,
1655 4186 1868 4240 nomina

291 4294 496 4340 tantum
521 4295 697 4348 erunt,
727 4284 772 4338 si
804 4281 1045 4337 vclitnns.
1069 4279 1147 4336 Ne
1167 4279 1338 4350 igitur
1361 4293 1570 4349 qumras
1596 4279 1734 4333 unde
1758 4293 1870 4333 ma-

289 4377 362 4439 la,
387 4391 562 4445 neque
588 4377 638 4429 in
666 4374 826 4428 dubio
853 4374 1086 4428 verseris
1110 4389 1125 4425 τ
1147 4373 1241 4426 sed
1257 4383 1546 4442 postquam
1569 4370 1868 4440 deprehen-

287 4469 413 4523 d'isti
443 4484 503 4522 ea
534 4484 597 4523 ex
627 4468 831 4536 ignavia
857 4467 1028 4520 solum
1061 4465 1294 4536 prodire,
1326 4463 1445 4533 fuge
1476 4463 1636 4517 mala.
1668 4462 1724 4518 Si
1749 4463 1868 4532 quis

286 4558 482 4614 dixerit
511 4574 572 4612 ea
603 4574 708 4612 non
737 4577 764 4610 a
796 4557 949 4612 nobis
977 4572 1096 4612 esse
1117 4599 1130 4621 ,
1163 4571 1282 4611 cum
1314 4555 1509 4609 videris
1535 4555 1682 4609 illum
1713 4569 1868 4609 servo

295 4656 510 4716 iratum,
540 4651 593 4706 in
619 4665 839 4706 uxorem
867 4660 1254 4721 exasperatum,
1287 4649 1450 4707 ftlinm
1473 4650 1864 4713 criminantem,

287 4748 536 4816 injuriam
577 4746 868 4802 inferentes
909 4745 1288 4807 damnantem,
1331 4744 1416 4798 die
1443 4743 1519 4798 illi
1551 4761 1564 4798 :
1593 4743 1701 4797 Cur
1739 4757 1867 4812 ergo

284 4838 523 4902 dicebas,
554 4837 692 4891 mala
721 4851 826 4890 non
866 4851 894 4889 a
927 4835 1080 4892 nobis
1108 4835 1266 4890 esse?
1287 4833 1418 4888 Nam
1447 4835 1490 4888 si
1523 4849 1626 4888 non
1659 4849 1688 4887 a
1717 4835 1867 4887 nobis

286 4941 430 4993 sunt,
453 4945 549 4986 cur
567 4931 784 4984 incusas
808 4927 981 4983 alios?
1007 4927 1098 4981 Dic
1122 4927 1195 4980 illi
1221 4927 1411 4980 iterum
1439 4943 1450 4978 :
1476 4925 1608 4979 Num
1635 4941 1667 4980 a
1696 4926 1868 4993 teipso

285 5023 523 5079 convicia
543 5033 598 5077 et
618 5021 966 5077 contumelias
993 5019 1193 5074 infers?
1218 5018 1273 5073 Si
1301 5034 1406 5072 non
1432 5032 1462 5071 a
1490 5018 1680 5086 tcipso,
1706 5031 1866 5071 nemo

287 5118 380 5171 tibi
411 5117 704 5183 irascatur;
735 5115 780 5170 si
808 5131 837 5169 a
864 5115 1053 5184 tcipso,
1077 5128 1204 5183 ergo
1229 5129 1259 5166 a
1291 5122 1340 5167 te
1369 5121 1422 5166 et
1450 5111 1518 5165 ab
1542 5110 1748 5182 ignavia
1778 5121 1865 5164 tua

287 5208 424 5262 mala
455 5209 719 5262 oriuntur.
749 5206 884 5273 Quid
914 5207 1112 5275 porro?
1143 5214 1366 5274 putasne
1392 5203 1596 5273 aliquos
1627 5215 1747 5258 esse
1773 5202 1868 5256 bo-

287 5299 426 5355 nos?
453 5297 584 5354 Nam
616 5297 658 5352 si
687 5314 845 5353 nemo
873 5298 1063 5361 bonus,
1098 5296 1240 5352 unde
1269 5296 1363 5351 tibi
1389 5295 1491 5351 hoc
1517 5295 1744 5350 nomen?
1771 5311 1868 5348 un-

285 5389 353 5445 de
393 5389 613 5444 laudes?
646 5390 746 5446 Sin
776 5399 952 5445 autem
997 5405 1122 5445 vere
1159 5400 1282 5444 sunt
1321 5389 1442 5443 boni
1467 5388 1684 5458 ,procul
1705 5384 1866 5440 dubio

286 5485 456 5539 malos
498 5484 866 5553 increpabunt.
898 5482 1003 5539 Sed
1033 5483 1076 5538 si
1107 5483 1282 5537 nullus
1309 5492 1498 5551 sponte
1527 5494 1620 5535 sua
1651 5479 1720 5533 sit
1747 5493 1862 5531 ma-

290 5578 386 5638 lus.
419 5592 591 5646 neque
616 5593 645 5630 a
675 5578 854 5646 seipso
883 5576 1004 5630 talis
1035 5576 1122 5638 sit,
1154 5575 1352 5644 injuste
1375 5583 1520 5627 certe
1543 5570 1667 5625 boni
1695 5569 1864 5622 malos
1894 5578 1902 5586 ‘

289 5668 677 5738 increpabant,
711 5677 765 5722 et
807 5668 905 5722 hac
931 5666 1000 5722 de
1027 5681 1187 5721 causa
1222 5666 1320 5735 ipsi
1360 5665 1483 5719 mali
1521 5673 1696 5718 erunt.
1726 5661 1862 5728 Quid

289 5760 430 5815 enim
471 5761 718 5830 injustius
761 5760 852 5814 illo
890 5761 979 5830 qui
1020 5759 1286 5814 innocenti
1334 5757 1555 5811 crimina
1599 5752 1864 5808 intentat?

289 5853 440 5918 Quod
465 5854 510 5910 si
541 5855 699 5909 etiam
732 5854 1064 5923 increpantes
1095 5851 1218 5906 boni
1249 5861 1392 5919 sunt,
1426 5861 1478 5905 et
1504 5849 1605 5904 hoc
1635 5846 1863 5903 maxime

1349 402 1416 459 IN
1458 398 1868 457 lllATTll/EUM
1897 401 2124 457 IIOMIL.
2171 402 2305 459 LIX.
2349 404 2419 458 al.
2463 405 2575 461 LX.

3505 411 3610 467 578

2018 515 2229 569 illorum
2270 516 2548 586 probitatis
2588 528 2956 588 argumentum
2995 530 3075 574 est
3106 524 3264 575 etiam
3297 521 3434 592 apud
3469 525 3602 576 insi-

2017 608 2222 678 pientes
2244 650 2258 672 ,
2295 609 2416 664 hinc
2443 610 2780 667 manifestum
2807 622 2889 668 est
2913 656 2928 678 ,
2957 615 3222 670 neminem
3257 632 3504 685 umquam
3535 633 3602 674 ex

2015 700 2333 754 necessitate
2362 700 2524 756 fuisse
2548 704 2767 758 malum.
2795 705 2850 760 Si
2877 716 2995 774 post
3024 706 3138 762 lucc
3161 708 3339 762 omnia
3368 724 3594 780 quaeras.

2016 787 2291 844 Undenam
2323 791 2499 846 mala?
2524 808 2585 847 ex
2617 794 2826 863 ignavia
2855 795 3065 860 dicam,
3093 813 3157 852 ex
3189 798 3423 865 desidia,
3455 800 3600 870 quod

2013 893 2131 933 cum
2177 881 2331 937 malis
2372 897 2687 951 versemur,
2719 887 2860 956 quod
2903 887 3154 943 virtutem
3197 890 3600 960 despiciamus;

2013 969 2137 1025 hinc
2173 972 2311 1026 mala
2337 1015 2351 1038 ,
2388 973 2498 1027 imo
2531 975 2691 1031 etiam
2732 978 2873 1047 quod
2917 989 3159 1049 quierant
3199 981 3413 1050 quidam
3458 983 3602 1037 unde

2012 1065 2147 1118 mala
2174 1066 2297 1120 sint.
2315 1067 2492 1122 Nemo
2516 1070 2659 1124 enim
2689 1077 2833 1126 recte
2853 1071 3168 1140 viventium,
3191 1089 3484 1145 eorumque
3509 1075 3601 1144 qui

2010 1155 2252 1212 modeste
2277 1167 2332 1212 et
2363 1158 2704 1214 continenter
2727 1162 2886 1216 vitam
2920 1177 3079 1233 agere
3109 1164 3468 1232 instituerunt,
3496 1165 3601 1221 hu-

2016 1247 2260 1320 jusmodi
2278 1251 2610 1325 quaestiones
2623 1261 2828 1319 movet;
2855 1253 2948 1306 sed
2966 1253 3057 1322 qui
3087 1253 3270 1321 iniqua
3289 1257 3508 1314 audent,
3540 1257 3597 1302 et

2021 1341 2433 1396 excusationem
2455 1343 2466 1374 '
2494 1343 2790 1412 quamdam
2804 1357 3263 1414 supervacaneam
3283 1343 3363 1397 sic
3377 1341 3595 1410 excogi-

2020 1439 2136 1488 tare
2152 1432 2362 1499 volunt,
2377 1445 2700 1488 aranearum
2719 1435 2855 1490 telas
2874 1444 3085 1491 texunt.
3109 1433 3214 1489 Sed
3230 1449 3328 1488 nos
3345 1433 3466 1487 illas
3481 1446 3592 1486 non

2009 1520 2188 1574 verbis
2214 1520 2393 1589 modo,
2418 1523 2514 1577 sed
2540 1525 2791 1594 operibus
2815 1525 3200 1595 dirumpamus.
3227 1526 3343 1581 Non
3367 1528 3510 1583 enim
3532 1543 3599 1583 cx

2009 1612 2329 1667 necessitate
2353 1625 2477 1668 sunt
2518 1615 2687 1668 istaec.
2722 1615 2852 1669 Nam
2885 1617 2929 1671 si
2959 1633 3022 1671 ex
3055 1617 3369 1673 necessitate
3397 1629 3597 1683 essent,

2009 1719 2115 1757 non
2143 1703 2363 1759 dixisset
2385 1703 2632 1761 Christus
2662 1725 2675 1761 :
2711 1706 2800 1761 Vw
2830 1709 3021 1762 homini
3049 1709 3126 1763 illi
3156 1727 3245 1780 per
3268 1727 3414 1782 quem
3445 1727 3600 1765 scun-

2007 1796 2180 1850 dalum
2206 1798 2355 1851 venit.
2387 1798 2508 1852 Illos
2536 1799 2733 1869 quippe
2761 1800 2933 1854 solum
2962 1801 3188 1855 miseros
3216 1802 3484 1870 pra-dicat,
3506 1804 3599 1874 qui

2005 1902 2074 1943 ex
2107 1889 2246 1943 malo
2281 1893 2554 1960 proposito
2579 1901 2758 1962 agunt.
2791 1892 2846 1948 Si
2877 1909 3005 1947 vero
3033 1894 3194 1961 dicat,
3218 1893 3320 1949 Per
3338 1912 3504 1966 quem,
3531 1910 3599 1952 ne

2003 1979 2236 2034 mireris.
2283 1981 2396 2036 Non
2436 1983 2578 2036 enim
2619 1993 2889 2054 tamquam
2930 1986 3033 2039 alio
3078 2001 3172 2054 per
3201 1987 3372 2056 ipsum
3404 1997 3595 2056 agente

2005 2071 2106 2126 hoc
2151 2073 2320 2139 dicit,
2366 2074 2460 2129 sed
2507 2085 2772 2145 tamquam
2819 2076 2932 2146 ipse
2979 2086 3142 2132 totum
3185 2078 3400 2132 efliciat.
3445 2078 3596 2135 Solet

2001 2163 2197 2232 quippe
2223 2165 2493 2234 Scriptura
2520 2165 2623 2220 Per
2646 2182 2790 2235 quem
2811 2168 3008 2230 dicere,
3037 2177 3092 2221 ut
3113 2169 3154 2221 A
3176 2184 3282 2238 quo
3301 2170 3590 2239 signilicet;

2000 2267 2060 2307 υι
2075 2256 2288 2324 quando
2307 2257 2464 2312 dicit:
2483 2256 2694 2312 Possedi
2712 2260 2960 2313 haminem
2981 2278 3070 2330 per
3084 2260 3247 2314 Deum
3265 2260 3416 2331 (Gen.
3437 2262 3491 2316 4.
3511 2262 3590 2332 l);

1999 2362 2106 2401 non
2136 2351 2423 2404 secundam
2448 2391 2463 2416 ,
2500 2351 2592 2405 sed
2623 2353 2846 2421 primam
2875 2367 3089 2406 causam
3119 2367 3342 2422 ponens.
3375 2353 3441 2407 Et
3468 2369 3591 2418 rur~_-

1999 2453 2112 2503 sus,
2141 2439 2328 2494 Nonne
2356 2450 2444 2511 per
2473 2441 2634 2496 Deum
2663 2445 3005 2514 manifestatio
3027 2461 3197 2498 eorum
3221 2455 3295 2500 est
3322 2445 3471 2516 (Gen.
3495 2447 3587 2502 40.

1998 2531 2093 2600 8)?
2120 2531 2206 2599 Et,
2239 2531 2435 2587 Fidelis
2465 2532 2601 2588 Dens
2620 2575 2635 2594 ,
2661 2551 2756 2605 per
2778 2552 2923 2605 quem
2947 2538 3109 2590 vocati
3135 2539 3252 2592 estis
3276 2540 3329 2592 in
3359 2555 3589 2594 comnm-

1996 2625 2296 2678 nicationem
2321 2624 2444 2679 Filii
2471 2629 2562 2680 sui
2593 2628 2673 2698 (1.
2707 2626 2825 2681 Cor.
2854 2628 3014 2692 1.·9).

2067 2717 2121 2771 4.
2164 2717 2308 2771 Mala
2345 2735 2446 2773 non
2486 2735 2548 2774 ea:
2582 2721 2875 2775 necessitate
2910 2731 3047 2774 sunt.
3073 2751 3142 2762 -—
3169 2721 3238 2778 Ut
3265 2732 3441 2779 autem
3485 2724 3583 2780 di-

1995 2821 2114 2862 scas
2153 2823 2260 2862 non
2289 2825 2353 2864 ex
2390 2811 2708 2865 necessitate
2739 2811 2875 2865 mala
2904 2825 3055 2876 esse,
3087 2812 3208 2866 audi
3239 2828 3302 2868 ea
3343 2831 3460 2885 qua:
3490 2830 3579 2871 se-

1991 2909 2244 2967 quuntur.
2294 2899 2426 2954 Nam
2470 2911 2746 2972 postquam
2794 2903 2913 2956 illos
2959 2903 3181 2958 miseros
3219 2904 3466 2973 dixerat,
3509 2909 3581 2964 ita

1991 2993 2161 3063 pergit
2193 3010 2206 3046 :
2239 2993 2292 3049 8.
2337 2992 2400 3048 Si
2437 3011 2618 3047 manus
2645 3003 2734 3047 tua
2767 2995 2843 3048 vel
2884 3011 2971 3064 pes
3007 3005 3122 3049 tuus
3147 2998 3459 3052 scandalizat
3493 3010 3540 3055 te
3560 3043 3587 3068 γ

1990 3085 2227 3138 abscinde
2254 3101 2313 3139 ea
2337 3125 2352 3150 ,
2381 3096 2427 3139 et
2464 3087 2655 3158 projice
2682 3086 2772 3141 abs
2799 3097 2866 3140 te.
2898 3085 3098 3142 Bonum
3133 3091 3263 3143 enim
3306 3091 3394 3144 tibi
3421 3102 3496 3146 est
3526 3095 3582 3147 in

1988 3175 2141 3228 vitam
2165 3176 2362 3247 ingredi
2388 3176 2598 3230 debilem
2619 3177 2695 3231 vel
2720 3178 2978 3244 claudum,
3006 3195 3158 3250 quam
3178 3179 3306 3235 duos
3327 3182 3479 3250 pedes
3501 3185 3582 3238 vel

1987 3267 2115 3321 duas
2145 3283 2322 3321 manus
2348 3269 2607 3322 habentem
2632 3270 2762 3323 mitti
2785 3270 2839 3324 in
2867 3270 3035 3340 ignem
3060 3281 3324 3326 talentum.
3352 3272 3405 3328 9.
3437 3272 3504 3328 Et
3529 3275 3574 3329 si

1985 3359 2160 3411 oculus
2187 3367 2302 3411 tuus
2329 3359 2501 3413 dexter
2528 3360 2840 3416 scandalizat
2877 3371 2954 3428 te,
2982 3378 3100 3417 erue
3123 3379 3234 3416 eum
3253 3405 3268 3429 ,
3305 3374 3350 3418 et
3381 3367 3576 3437 projire

1983 3450 2072 3503 abs
2099 3459 2148 3503 te
2168 3452 2210 3503 ⁸.
2232 3448 2436 3503 Bonum
2457 3452 2544 3505 tibi
2571 3462 2643 3505 est
2669 3468 2784 3505 eum
2809 3469 2910 3507 uno
2935 3452 3082 3507 oculo
3104 3454 3158 3508 in
3181 3454 3333 3508 vitam
3360 3456 3579 3524 intrare,

1982 3557 2132 3610 quam
2172 3542 2298 3594 duos
2333 3542 2509 3597 oculos
2550 3543 2810 3598 habentem
2846 3545 2977 3598 mitti
3024 3545 3078 3599 in
3125 3547 3377 3600 caminum
3416 3548 3570 3618 ignis.

1982 3633 2098 3687 Non
2124 3633 2190 3688 de
2221 3634 2474 3692 membris
2500 3635 2614 3690 haec
2635 3636 2762 3690 dicit
2792 3657 2806 3691 :
2833 3636 2972 3692 absit
2995 3637 3132 3702 ;sed
3156 3637 3224 3694 de
3251 3640 3436 3694 amicis
3454 3681 3468 3706 ,
3501 3639 3579 3696 de

1981 3725 2291 3793 propinquis
2315 3767 2330 3791 ,
2369 3741 2504 3795 quos
2540 3726 2690 3795 quasi
2732 3727 2849 3782 vice
2885 3727 3246 3783 membrorum
3289 3727 3566 3786 habemus.

1981 3817 2094 3871 Iloc
2124 3818 2282 3872 etiam
2311 3833 2469 3887 supra
2497 3819 2646 3884 dixit,
2681 3829 2736 3874 et
2759 3835 2900 3875 nunc
2927 3820 3076 3875 dicit.
3107 3820 3246 3875 Nihil
3273 3823 3468 3893 quippe
3496 3825 3576 3880 ita

1979 3909 2223 3973 noxium,
2253 3919 2312 3963 ut
2339 3911 2672 3965 consuetudo
2703 3927 3003 3980 pravorum.
3031 3912 3162 3967 Nam
3190 3930 3307 3985 qtae
3337 3918 3569 3973 necessi-

1981 4013 2060 4057 tas
2083 4018 2185 4056 non
2213 4014 2405 4073 potest,
2429 4019 2572 4074 sznpe
2593 4005 2823 4059 amicitia
2846 4015 3039 4074 potest,
3067 4017 3174 4062 tum
3197 4009 3262 4064 ad
3284 4009 3570 4080 damnum,

1979 4104 2088 4150 tum
2118 4095 2184 4151 ad
2216 4096 2517 4152 utilitatem.
2550 4097 2780 4168 Ideoque
2805 4113 2898 4155 eos
2925 4102 3015 4170 qui
3042 4101 3195 4158 nobis
3223 4105 3366 4160 noxii
3397 4115 3521 4159 sunt
3546 4150 3560 4169 ,

1977 4206 2098 4246 cum
2124 4192 2286 4246 multa
2314 4191 2650 4246 vehementia
2677 4192 2992 4250 abscindere
3009 4194 3178 4264 jubet,
3203 4195 3302 4250 hos
3325 4197 3563 4252 subindio

1976 4299 2106 4340 cans
2130 4284 2221 4354 qui
2257 4284 2502 4338 scandala
2534 4283 2776 4340 afferent.
2820 4285 3006 4342 Viden‘
3029 4289 3297 4358 quomodo
3327 4291 3572 4348 futurqu

1977 4391 2041 4430 ex
2071 4375 2332 4430 scandalis
2357 4376 2608 4431 damnum
2638 4376 2902 4448 depellat,
2935 4378 3060 4434 dum
3091 4381 3366 4452 pra-dicit,
3393 4398 3560 4440 even-

1977 4477 2092 4521 tura
2121 4467 2206 4522 illa
2238 4483 2378 4528 esse.
2413 4478 2471 4522 ut
2495 4469 2760 4524 neminem
2793 4470 2845 4524 in
2872 4469 3075 4526 desidia
3101 4473 3376 4542 degentem
3407 4491 3559 4546 repc,

1975 4559 2134 4624 riant,
2163 4559 2254 4613 sed
2286 4568 2657 4627 eXSpectautes
2683 4560 2768 4613 illa
2798 4561 3016 4631 vigilem
3038 4604 3057 4629 ,
3085 4565 3225 4634 quod
3252 4567 3557 4635 praedixerit

1975 4651 2204 4704 maxima
2234 4649 2347 4704 fore
2383 4651 2560 4704 mala?
2599 4651 2712 4705 Non
2739 4652 2880 4706 enim
2921 4653 3234 4724 simpliciter
3265 4657 3432 4724 dixit,
3470 4656 3566 4711 Va:

1975 4743 2162 4796 mundo
2189 4759 2220 4795 a
2255 4744 2526 4807 scandulis,
2557 4744 2648 4798 sed
2674 4752 2951 4815 postquam
2976 4749 3282 4804 ostenderat
3307 4765 3563 4820 magnam

1975 4835 2185 4888 illorum
2206 4835 2512 4904 perniciem.
2535 4834 2666 4888 Cum
2689 4844 2865 4891 autem
2889 4841 3140 4893 miserum
3166 4841 3413 4910 praedicat
3432 4859 3552 4896 cum

1972 4927 2060 4995 qui
2107 4925 2356 4980 scandala
2399 4925 2639 4991 invehit,
2677 4927 2849 4997 majus
2879 4927 3002 4984 hinc
3036 4928 3149 4985 fore
3178 4933 3562 4990 detrimentum

1974 5022 2226 5076 ostemlit.
2257 5021 2386 5075 Nam
2417 5037 2538 5077 cum
2565 5022 2714 5091 dicit,
2753 5021 3103 5078 Verumtamen
3129 5040 3203 5079 ea:
3228 5026 3420 5082 homini
3445 5029 3558 5093 illi,

1975 5130 2223 5185 maguum
2255 5114 2449 5170 indicat
2472 5116 2820 5186 supplicium;
2853 5132 3026 5186 neque
3051 5117 3101 5172 id
3130 5119 3463 5176 solummodo
3485 5120 3558 5176 fa-

1972 5209 2078 5271 cit,
2107 5207 2198 5262 sed
2226 5208 2454 5277 exempli
2481 5208 2844 5265 additamento
2871 5210 3116 5266 timorem
3146 5220 3322 5282 auget.
3357 5212 3558 5271 Deinde

1976 5299 2056 5354 his
2085 5317 2189 5354 non
2220 5309 2521 5368 contentus,
2549 5301 2690 5356 viam
2718 5313 2997 5368 monstrat,
3028 5320 3129 5372 qua
3160 5305 3408 5360 scandala
3435 5321 3553 5376 pos-

1975 5395 2141 5448 simus
2165 5393 2417 5464 eI'fugere.
2447 5394 2700 5462 Quianam
2733 5395 2817 5449 illa
2843 5395 2962 5449 est?
2997 5395 3272 5466 Improbos
3294 5438 3310 5464 ,
3343 5397 3508 5468 inquit
3535 5439 3549 5466 ,

1973 5487 2213 5554 quamvis
2254 5486 2538 5541 admodum
2581 5488 2675 5542 tibi
2718 5490 2826 5541 sint
2864 5489 3053 5553 amici,
3085 5491 3153 5546 ab
3192 5493 3420 5546 amicitia
3466 5503 3552 5546 tua

1977 5579 2262 5645 abscinde;
2288 5579 2729 5650 ineluctabileque
2755 5580 2846 5634 tibi
2868 5580 3021 5636 affert
3044 5582 3398 5638 ratiocinium.
3420 5582 3552 5639 Nam

2044 5727 2059 5792 ξ
2083 5725 2143 5792 l.“
2171 5725 2329 5774 Ῑῖάίῐίε
2354 5728 2505 5792 vulgo
2531 5731 2715 5792 legitur
2737 5727 2998 5792 ignei-iam.

2041 5787 2214 5862 filiae,
2247 5787 2511 5862 etprojice
2549 5787 2633 5842 abs
2675 5798 2738 5853 te,
2755 5787 2873 5854 Ilua
2915 5793 3074 5843 codex
3111 5805 3238 5843 unus
3283 5795 3470 5853 tuetur,
3497 5805 3557 5841 tu

1979 5845 2149 5899 Graeco
2170 5845 2438 5900 omisimus.
