4140 6376
616 357 718 410 579
1421 355 1697 412 JOANNIS
1734 353 2207 410 CllRYSOSTO-Ml
2250 356 2566 411 AliClllEP.
2608 357 3137 417 CONSTANTINOP.

609 485 651 537 si
677 482 830 537 amici
855 480 925 535 tui
949 486 1220 542 maneant,
1241 493 1413 546 neque
1431 475 1548 529 illos
1564 473 1873 538 lucraberis,
1893 482 1945 526 et
1969 475 2194 540 teipsmn

611 576 820 644 perdes.
853 574 908 628 Si
938 571 1235 633 abscindas,
1271 569 1494 622 salutem
1527 575 1580 620 ιιι
1609 566 1798 620 saltem
1826 565 2190 633 consequeris.

607 666 987 734 Quamobrem,
1018 664 1060 718 si
1087 661 1379 730 eujuspiam
1408 669 1458 713 te
1484 658 1714 711 amicitia
1738 656 1914 721 laedat,
1944 655 2194 709 exscinde

608 761 752 813 illum
775 759 872 812 abs
899 767 970 810 te.
998 756 1127 810 Nam
1150 754 1193 808 si
1218 752 1452 806 membra
1480 759 1658 804 nostra
1682 747 1965 817 aliquando
1986 747 2195 801 abscin-

606 853 802 914 dimus,
831 865 951 903 cum
983 845 1294 901 insanabilia
1323 852 1447 896 sunt
1474 851 1788 908 caetertsque
1817 838 2070 892 membris
2098 855 2192 891 no-

605 954 747 1005 cent,
773 942 937 996 multo
961 941 1128 1009 magis
1152 939 1352 991 amicos
1378 948 1655 989 removere
1678 942 1908 1001 oportet.
1935 929 1988 985 Si
2015 941 2189 983 autem

603 1052 670 1089 ex
701 1045 884 1088 natura
916 1041 1096 1088 essent
1126 1031 1293 1093 mala,
1327 1027 1513 1082 inutile
1543 1026 1799 1080 monitum
1828 1033 1885 1078 et
1908 1023 2186 1077 consilimu

602 1138 765 1193 esset,
789 1125 1054 1196 saperflua
1080 1123 1450 1194 pra-dictorum
1473 1121 1650 1174 cautio
1671 1137 1682 1170 :
1703 1119 1745 1172 si
1771 1133 1876 1171 non
1898 1115 2185 1186 superﬂua,

603 1229 652 1270 ut
688 1233 812 1271 vere
838 1232 940 1270 non
969 1215 1232 1282 superflua
1261 1221 1361 1276 est,
1393 1211 1564 1280 palam
1591 1219 1672 1264 est
1697 1206 1984 1276 nequitiam
2007 1222 2071 1261 ex
2096 1221 2188 1260 vo-

601 1312 800 1364 luntate
831 1324 970 1362 esse.
1006 1307 1088 1362 lO.
1135 1304 1310 1359 Videte
1349 1319 1411 1356 ne
1443 1300 1770 1355 contemnalis
1815 1316 1971 1352 unum
2009 1314 2072 1351 ea:
2110 1297 2189 1351 his

601 1401 819 1470 pusillis.
854 1399 977 1452 Dico
1006 1415 1136 1451 enim
1164 1396 1319 1461 vobis,
1348 1395 1466 1464 quia
1495 1393 1666 1463 angeli
1692 1407 1864 1444 eorum
1891 1405 2083 1458 semper
2110 1391 2186 1442 vi-

599 1499 716 1548 dent
746 1494 922 1564 [aciem
946 1490 1118 1544 Patris
1144 1489 1239 1542 mei
1259 1488 1343 1553 qui
1369 1488 1421 1540 in
1448 1485 1581 1539 rariis
1605 1493 1696 1538 est.
1727 1482 1952 1536 Pusillus
1977 1481 2058 1535 hic
2080 1497 2183 1534 non

598 1601 723 1640 vere
757 1599 944 1653 parvos
970 1594 1144 1645 vocat,
1171 1581 1262 1634 sed
1291 1594 1384 1634 eos
1408 1579 1494 1647 qui
1523 1577 1662 1646 apud
1690 1576 1885 1628 multos
1914 1575 2048 1629 tales
2074 1575 2187 1628 exi-

599 1680 919 1741 stimantur,
955 1691 1214 1746 pauperes
1241 1673 1395 1736 dico,
1429 1671 1590 1731 viles,
1625 1671 1860 1739 ignotos,
1897 1667 2185 1739 (quomodo

596 1770 740 1822 enim
787 1768 1010 1837 pusillus
1043 1766 1111 1818 sit
1148 1764 1236 1833 qui
1280 1774 1390 1816 toto
1432 1760 1630 1814 mumlo
1669 1759 1876 1829 dignior
1909 1759 2029 1812 est?
2055 1771 2186 1827 quo—

598 1862 756 1918 modo
781 1860 1000 1929 pusillus
1022 1859 1108 1921 sit,
1133 1858 1220 1926 qui
1243 1866 1326 1910 est
1349 1856 1438 1908 Dei
1461 1853 1722 1921 amicus?)
1744 1852 1836 1906 sed
1858 1852 1934 1906 sic
1955 1853 2185 1920 appellat

597 1969 692 2008 eos
717 1953 804 2021 qui
845 1951 894 2003 in
929 1950 1068 2019 vulgi
1099 1947 1350 2016 Opinione
1380 1945 1514 1999 tales
1552 1952 1694 1998 sunt.
1735 1943 1918 2013 Neque
1945 1943 2085 1997 enim
2116 1943 2183 1996 de

597 2047 776 2100 multis
808 2044 1069 2113 loquitur,
1101 2042 1194 2096 sed
1222 2049 1276 2095 et
1303 2039 1370 2094 de
1402 2053 1509 2092 uno
1538 2047 1774 2099 tantum;
1806 2035 2036 2105 indeque
2063 2051 2182 2089 rur-

597 2153 688 2193 SlIS
716 2138 947 2193 excludit
985 2134 1356 2190 scandalormn
1399 2131 1623 2200 plurium
1663 2137 2064 2183 nocumentum.
2118 2127 2184 2182 Ut

597 2232 737 2285 enim
768 2228 937 2282 malos
963 2228 1162 2296 fugere,
1192 2227 1267 2279 sic
1295 2225 1459 2278 honos
1486 2223 1770 2283 honorare,
1799 2221 2004 2274 lucrum
2031 2221 2184 2274 affert

599 2326 886 2377 maximum
917 2337 929 2373 :
963 2336 1024 2375 ac
1050 2321 1240 2388 dUplex
1287 2318 1410 2372 inde
1441 2317 1640 2370 utilitas
1672 2313 1962 2369 attendenti
1994 2328 2176 2383 prove-

595 2416 701 2478 nit;
733 2415 898 2467 altera
926 2428 989 2465 cx
1021 2428 1084 2466 eo
1109 2410 1250 2483 quod
1277 2407 1747 2465 scandalizantium
1774 2405 2035 2459 amicitias
2061 2406 2180 2474 quis

595 2517 899 2570 removeat;
923 2505 1088 2559 altera
1110 2519 1176 2558 ex
1197 2518 1261 2557 eo
1283 2501 1424 2572 quod
1447 2510 1660 2553 sanctos
1684 2497 1874 2551 habeat
1901 2497 1950 2548 in
1976 2494 2181 2548 honore

594 2615 657 2654 ac
686 2598 1002 2653 reverentia.
1034 2594 1234 2650 Deinde
1259 2594 1360 2646 alia
1390 2592 1548 2646 etiam
1577 2591 1782 2644 ratione
1813 2589 1931 2642 illos
1958 2602 2181 2642 venera-

595 2694 730 2747 biles
759 2690 951 2751 reddit,
980 2689 1167 2743 dicens
1191 2705 1203 2740 :
1237 2685 1369 2750 Quia
1397 2683 1564 2754 angeli
1592 2699 1763 2736 eorum
1791 2697 1987 2749 semper
2012 2680 2180 2732 vident

595 2785 774 2855 [aziem
818 2779 984 2837 Patris
1025 2779 1120 2832 mei
1157 2778 1242 2843 qui
1271 2785 1344 2829 est
1384 2776 1435 2828 in
1473 2774 1632 2827 aclis.
1677 2773 1810 2826 Hinc
1842 2770 2178 2825 manifestum

593 2886 671 2930 est
702 2917 716 2939 ,
766 2882 978 2928 sanctos
1021 2885 1208 2924 omnes
1247 2869 1316 2922 ibi
1360 2868 1575 2937 angelos
1625 2865 1840 2918 habere.
1889 2863 2180 2932 Apostolus

593 2966 735 3020 enim
762 2964 836 3017 ait
859 2963 924 3017 de
953 2961 1193 3018 nmliere,
1223 2968 1468 3025 oportere
1495 2971 1610 3010 eam
1638 2963 1984 3023 potestatem,
2015 2952 2066 3006 id
2098 2961 2180 3005 est

592 3057 853 3116 velamen,
885 3067 1048 3121 super
1076 3058 1227 3118 caput
1261 3047 1455 3101 habere
1477 3054 1692 3115 propter
1713 3043 1930 3113 angelos
1953 3043 2026 3113 (l.
2056 3043 2174 3096 Cor.

595 3146 681 3200 ll.
707 3145 794 3215 10)
819 3161 833 3208 ;
858 3152 909 3197 et
932 3142 1140 3212 Moyses
1162 3158 1172 3192 :
1197 3139 1384 3194 Statuit
1407 3137 1642 3189 terminos
1663 3136 1886 3204 gentium
1906 3133 2178 3187 secundum

593 3254 858 3292 munerum
883 3237 1176 3306 angelorum
1196 3231 1300 3286 .Dei
1331 3230 1516 3302 (Deut.
1545 3230 1632 3283 '52.
1667 3227 1761 3300 8).
1793 3228 1888 3282 llic
1917 3243 2045 3282 vero
2069 3242 2174 3280 non

591 3332 661 3386 de
691 3329 896 3399 angelis
927 3335 1128 3381 tantum
1158 3324 1407 3394 l0quitur,
1439 3320 1532 3376 sed
1559 3320 1625 3374 de
1650 3319 1852 3388 angelis
1878 3319 2175 3387 superemi-

593 3423 860 3477 neutibus.
889 3418 1020 3474 Cum
1048 3427 1224 3470 autem
1255 3414 1420 3479 dicit,
1453 3411 1657 3465 Faciem
1690 3409 1860 3463 Patris
1886 3409 2012 3470 mei,
2047 3409 2193 3462 nihil

591 3513 732 3566 aliud
768 3527 925 3581 quam
959 3508 1214 3577 majorem
1247 3505 1489 3560 fiduciam
1517 3514 1571 3558 et
1601 3503 1898 3555 libertatem
1926 3500 2093 3565 dicit,
2124 3511 2173 3554 et

591 3606 812 3659 multum
841 3603 1120 3656 honorem.
1169 3599 1254 3653 Η.
1298 3595 1440 3650 Venit
1467 3596 1599 3650 enim
1631 3592 1798 3646 Filius
1827 3592 2042 3645 hominis
2069 3593 2174 3645 sal-

589 3716 701 3753 uum
731 3699 892 3767 facere
917 3695 1052 3767 quod
1085 3694 1316 3763 perierat.
1365 3689 1520 3744 Aliud
1559 3703 1742 3741 rursus
1771 3685 1924 3738 affert
1956 3686 2170 3738 ratioci-

590 3793 734 3846 nium
760 3791 936 3860 priore
960 3787 1186 3848 lirmius,
1215 3794 1268 3838 et
1290 3781 1592 3852 parabolam
1615 3779 1814 3848 adjicit,
1835 3793 1936 3847 qua
1965 3777 2174 3832 Patrem

590 3884 790 3938 indm-it
832 3881 945 3934 haec
985 3879 1270 3932 volentem.
1317 3876 1402 3928 12.
1439 3872 1575 3940 Quid
1602 3873 1735 3926 enin:
1768 3871 1904 3924 vobis
1939 3871 2171 3935 videtur,

591 3974 779 4044 inquit,
811 3973 855 4026 si
885 3971 1069 4042 iuerint
1094 3968 1246 4021 alicui
1275 3965 1464 4019 homini
1490 3973 1684 4017 centum
1709 3978 1841 4028 oves,
1871 3970 1915 4014 et
1937 3963 2175 4015 erraverit

589 4084 692 4120 una
736 4082 799 4119 ea:
836 4063 959 4134 ipsis
985 4104 999 4127 ,
1030 4077 1194 4115 nonne
1237 4059 1520 4127 relinquens
1557 4055 1830 4124 nonaginta
1861 4070 2034 4106 novem
2057 4094 2072 4119 ,
2108 4054 2176 4106 ad

588 4145 780 4212 montes
821 4160 1070 4226 profectus
1111 4152 1289 4222 quwrit
1327 4147 1616 4202 errantem?
1643 4147 1728 4200 15.
1759 4145 1822 4200 Et
1849 4147 1892 4199 si
1915 4147 2174 4216 contigerit

587 4262 642 4304 ut
681 4248 898 4302 inveniat
929 4263 1037 4300 eam
1062 4288 1074 4308 ,
1107 4243 1288 4315 gaudet
1318 4257 1466 4309 super
1503 4257 1562 4293 ea
1599 4239 1790 4308 magis,
1833 4254 1984 4307 quam
2025 4254 2176 4306 super

591 4339 866 4410 nonaginta
892 4352 1062 4390 novem
1087 4376 1102 4400 ,
1132 4349 1243 4405 qua:
1269 4349 1369 4385 non
1395 4338 1704 4384 erraverunt.
1748 4330 1834 4382 H.
1871 4327 1896 4380 Ι
1906 4337 1955 4380 ια
1978 4345 2077 4381 non
2103 4337 2174 4381 est

587 4433 816 4485 voluntas
838 4445 1007 4482 coram
1034 4426 1184 4480 Patre
1208 4435 1366 4478 t-estro
1385 4425 1422 4488 ³,
1450 4433 1504 4476 ut
1530 4432 1695 4491 pereat
1720 4438 1846 4474 unus
1867 4420 1928 4474 de
1954 4421 2175 4491 parvulis

589 4526 716 4578 istis.
751 4521 933 4576 Videu’
959 4530 1086 4590 quot
1111 4517 1284 4572 modis
1313 4531 1409 4568 nos
1435 4514 1646 4568 inducat
1671 4513 1736 4568 ad
1759 4529 1940 4568 curam
1967 4513 2046 4566 vel
2076 4514 2175 4566 mi-

591 4617 855 4669 nimarum
882 4611 1137 4664 fratrum?
1157 4608 1232 4662 Ne
1257 4608 1430 4674 itaque
1451 4605 1668 4669 dixeris,
1695 4603 1938 4657 ASrarius
1955 4613 2034 4657 est
2061 4603 2171 4668 ille,

590 4717 681 4759 aut
709 4705 1010 4757 calceorum
1041 4710 1209 4762 sutor,
1242 4697 1473 4768 agricola
1492 4735 1508 4762 ,
1537 4694 1812 4764 insipiens,
1847 4703 1904 4748 ut
1931 4695 2050 4749 ideo
2077 4695 2175 4749 de-

589 4797 785 4864 spicias
813 4794 979 4849 illum.
1007 4791 1084 4846 Nc
1104 4791 1244 4844 enim
1273 4789 1326 4841 in
1354 4787 1482 4842 illud
1511 4787 1632 4840 mali
1662 4786 1882 4850 incidas,
1911 4787 2174 4856 perpende

591 4897 722 4957 quin
751 4885 922 4940 modis
954 4894 1003 4937 te
1031 4882 1262 4945 inducat,
1295 4891 1351 4934 ut
1379 4880 1619 4933 modeste
1646 4894 1772 4948 agas
1795 4887 1846 4933 et
1872 4894 2053 4933 eorum
2085 4895 2179 4933 cu-

591 4993 702 5031 ram
731 4991 903 5048 geras.
935 4975 1163 5028 Puerqu
1196 4974 1246 5024 in
1277 4970 1450 5025 medio
1480 4969 1702 5034 statuit,
1735 4981 1789 5023 et
1822 4971 1894 5022 ait
1922 4987 1934 5021 :
1966 4969 2175 5023 Efficia-

594 5070 721 5122 mini
754 5077 810 5121 ut
854 5067 1091 5136 parvuli;
1127 5074 1212 5128 et,
1238 5062 1571 5136 Quicumque
1604 5064 1876 5127 susceperit
1912 5063 2175 5132 parvulum

594 5163 742 5214 talem
765 5202 780 5225 ,
812 5176 890 5212 me
927 5158 1169 5227 suscipit;
1193 5165 1246 5210 et
1271 5197 1284 5218 ,
1318 5154 1416 5219 Qui
1453 5151 1864 5206 scandalizaverit
1889 5194 1903 5215 ,
1935 5161 2173 5206 extrema

592 5253 845 5322 patietur.
879 5249 1058 5318 Neque
1084 5255 1363 5303 coalentus
1391 5245 1489 5299 fuit
1512 5244 1753 5312 exemplo
1783 5243 1958 5309 molze,
1987 5243 2080 5297 sed
2114 5243 2179 5296 il-

597 5343 685 5398 lud
726 5341 814 5396 Vae
837 5341 1058 5402 addidit,
1089 5349 1247 5409 atque
1276 5338 1391 5392 illos
1419 5335 1732 5392 abscindere
1756 5335 1932 5404 jussit,
1966 5335 2173 5390 etiamsi

595 5451 848 5491 manuum
879 5446 932 5488 et
962 5436 1232 5488 oculorum
1265 5434 1382 5486 loco
1413 5432 1564 5486 nobis
1593 5441 1795 5484 essent.
1839 5429 2175 5498 Rursumque

593 5530 660 5584 ah
687 5527 887 5597 angelis
909 5567 921 5589 ,
953 5527 1145 5595 quibus
1172 5523 1441 5578 commissi
1481 5533 1604 5577 sunt
1631 5521 1685 5575 hi
1724 5522 1918 5576 fratres
1948 5531 2133 5574 tenues
2159 5561 2173 5584 ,

592 5629 652 5674 ut
690 5621 809 5673 illos
841 5620 890 5672 in
923 5619 1094 5688 pretio
1137 5618 1424 5671 habeamus
1452 5615 1708 5685 impellit,
1754 5629 1960 5669 necnon
1989 5630 2051 5668 ex
2081 5628 2173 5667 sua

595 5715 867 5768 voluntate
892 5723 1050 5782 atque
1079 5712 1321 5782 passione
1345 5710 1487 5771 (nam
1515 5721 1642 5766 cum
1662 5708 1812 5777 dicit,
1844 5706 1985 5763 Venit
2007 5705 2056 5760 F
2059 5706 2176 5761 ilius

659 5849 680 5881 ⁸
712 5848 826 5912 Alli,
847 5858 984 5902 Patre
1007 5863 1128 5901 meo.

3785 360 3891 415 580

2303 474 2518 526 hominis
2541 475 2735 528 salvum
2761 479 2924 544 facere
2947 479 3082 545 quod
3103 479 3338 547 perierat,
3362 496 3577 536 crucem
3597 483 3878 554 significat.

2299 567 2747 634 quemadmodum
2791 577 2844 621 rt
2887 568 3082 624 Paulus
3123 571 3236 633 ait,
3283 570 3352 625 de
3397 575 3556 628 fratre
3596 577 3872 630 scribens:

2300 655 2520 726 PrOpter
2547 678 2692 730 quem
2721 661 2949 716 Christus
2989 673 3214 716 mortuus
3239 674 3310 716 est
3383 664 3532 719 Rom.
3566 667 3652 721 M.
3696 669 3762 724 15
3781 668 3798 740 ]
3817 672 3834 739 )
3855 711 3870 730 .

2296 752 2438 806 etde
2464 752 2620 807 Patre
2648 753 2688 815 ί,
2722 753 2866 822 quod
2894 769 2998 807 non
3031 754 3127 822 ipsi
3161 755 3382 823 placeat,
3417 757 3460 810 si
3492 768 3708 828 pereat;
3737 770 3789 814 et
3811 775 3880 815 ex

2295 847 2564 900 communi
2593 847 2997 911 consuetudine,
3029 847 3169 917 quod
3200 859 3400 917 pastor,
3431 850 3627 904 relictis
3664 853 3728 906 iis
3757 867 3880 920 qua:

2297 939 2454 992 salvae
2476 947 2644 1000 erant,
2671 953 2788 992 eam
2811 949 3014 1006 qtnerat
3038 955 3154 1008 qute
3182 950 3470 1009 erraverat,
3499 954 3549 997 et
3574 959 3694 997 cum
3727 949 3878 1000 inve-

2294 1029 2468 1095 nerit,
2501 1031 2724 1082 multum
2759 1029 2966 1084 hctetur
2989 1029 3056 1085 de
3086 1032 3253 1086 salute
3279 1032 3416 1100 ejus.

2364 1123 2417 1178 5.
2447 1123 2500 1177 Si
2531 1137 2660 1191 ergo
2690 1123 2828 1176 Deus
2857 1122 2929 1177 ita
2950 1123 3144 1192 gaudet
3170 1123 3236 1177 de
3269 1124 3488 1193 parvulo
3513 1127 3601 1195 qui
3632 1138 3879 1196 repertus

2293 1223 2396 1278 est,
2430 1231 2526 1269 cur
2553 1225 2604 1268 tu
2626 1214 2856 1283 despicis
2879 1229 2971 1269 eos
2992 1230 3127 1284 quos
3155 1216 3290 1270 Deus
3318 1227 3422 1270 tam
3453 1219 3680 1273 sollicite
3700 1232 3874 1287 curat,

2292 1323 2412 1361 cum
2461 1316 2733 1376 oporteret
2775 1307 3006 1361 animam
3053 1308 3222 1375 ipsam
3269 1309 3478 1364 tradere
3524 1327 3620 1379 pro
3657 1327 3764 1366 uno
3808 1329 3878 1367 ex

2291 1398 2529 1470 parvulis
2566 1399 2720 1451 istis?
2751 1398 2853 1454 Sed
2902 1399 3142 1452 inlirmus
3177 1411 3259 1454 est
3301 1409 3355 1454 et
3396 1401 3728 1456 imbecillus?
3753 1403 3877 1456 Ideo

2293 1491 2524 1544 maxime
2552 1490 2683 1544 nihil
2711 1507 2815 1543 non
2839 1490 3098 1558 agendum
3125 1500 3224 1553 est,
3255 1503 3312 1545 ut
3341 1492 3485 1546 illum
3507 1509 3708 1549 serves.
3739 1495 3873 1550 Nam

2292 1591 2345 1635 et
2374 1583 2485 1650 ipse
2511 1583 2794 1650 nonaginta
2819 1597 3007 1636 novem
3047 1583 3246 1637 relictis
3272 1583 3482 1648 ovibus,
3510 1587 3577 1639 ad
3606 1587 3749 1640 illam
3782 1603 3873 1643 ve-

2291 1673 2386 1736 nit,
2417 1689 2514 1727 nec
2555 1675 2724 1742 potuit
2762 1681 2838 1727 tot
2881 1673 3155 1727 hominum
3203 1676 3345 1728 salus
3389 1675 3544 1730 unius
3586 1679 3872 1747 perniciem

2290 1762 2600 1817 obseurare.
2631 1763 2802 1818 Lucas
2832 1780 2962 1818 vero
2990 1765 3158 1836 ipsmn
3187 1781 3302 1820 eam
3329 1766 3564 1822 humeris
3590 1771 3874 1826 sustulisse

2288 1857 2382 1922 ait,
2423 1866 2476 1910 et
2526 1857 2693 1924 majus
2738 1857 2986 1927 gaudium
3032 1858 3212 1914 haberi
3256 1876 3415 1929 super
3460 1878 3565 1916 uno
3594 1874 3872 1932 peccatore

2289 1948 2653 2016 pceaitentiam
2703 1957 2927 2018 agente,
2976 1966 3133 2018 quam
3171 1967 3330 2021 super
3370 1954 3652 2022 nonaginta
3680 1970 3870 2010 novem

2283 2041 2444 2111 justis
2473 2040 2620 2113 (Luc.
2657 2042 2740 2096 15.
2773 2042 2823 2097 5.
2859 2043 2936 2108 7).
2983 2042 3114 2097 Cum
3145 2059 3273 2098 vero
3300 2055 3580 2115 propterea
3612 2048 3748 2113 illos,
3780 2065 3869 2116 qut

2287 2135 2401 2188 sani
2433 2144 2488 2189 et
2519 2135 2650 2188 salvi
2675 2143 2844 2198 erant,
2877 2135 3111 2204 reliquit,
3155 2144 3208 2190 et
3235 2135 3302 2190 de
3326 2135 3426 2190 hoc
3456 2137 3674 2193 reducto
3703 2142 3870 2210 magis

2287 2226 2579 2281 delectatus
2611 2237 2714 2294 est,
2744 2226 2960 2280 multam
3003 2227 3234 2281 ostendit
3271 2229 3369 2282 hac
3407 2229 3457 2282 in
3483 2246 3539 2283 re
3564 2245 3765 2284 curam.
3794 2231 3870 2284 Ne

2288 2317 2463 2387 itaque
2498 2317 2632 2372 tales
2661 2319 2866 2372 animas
2907 2318 3255 2388 negliganms.
3295 2318 3421 2373 Haec
3457 2321 3651 2392 quippe
3689 2323 3868 2377 omnia

2290 2408 2427 2464 hanc
2453 2410 2522 2463 ob
2549 2424 2762 2465 causam
2791 2409 2928 2464 dicta
2967 2420 3112 2464 sunt.
3153 2410 3284 2465 Nam
3312 2428 3432 2466 cum
3464 2415 3695 2468 minatur
3719 2431 3864 2479 eunt,

2287 2503 2376 2572 qui
2408 2517 2511 2556 non
2543 2502 2790 2571 parvulus
2825 2503 3084 2567 efficitur,
3133 2519 3236 2558 non
3276 2506 3590 2560 intraturum
3627 2508 3677 2561 in
3707 2510 3867 2563 czelos

2291 2609 2428 2658 esse,
2463 2604 2518 2648 et
2559 2609 2677 2647 cum
2719 2594 2913 2648 molam
2960 2605 3240 2659 memorat,
3273 2597 3632 2667 arrogantium
3671 2598 3863 2654 fastum

2285 2684 2539 2754 deprimit
2565 2685 2716 2754 (nihil
2760 2686 2902 2739 enim
2942 2686 3014 2741 ita
3043 2689 3248 2741 caritati
3289 2700 3582 2758 repugnat,
3624 2700 3682 2744 ut
3717 2707 3866 2746 arro-

2283 2778 2483 2846 gantia)
2523 2793 2536 2841 ;
2581 2793 2699 2831 cum
2727 2792 2854 2832 vero
2887 2777 3035 2841 dicit,
3069 2777 3284 2834 Necesse
3312 2790 3382 2833 est
3406 2793 3458 2833 ut
3488 2783 3685 2835 veniant
3711 2799 3863 2836 scan-

2284 2870 2423 2930 dala,
2455 2870 2813 2939 vigilantiores
2844 2870 3054 2935 reddit;
3088 2886 3151 2925 ac
3180 2887 3298 2925 cum
3331 2871 3532 2940 adjicit,
3567 2871 3656 2928 Va:
3679 2874 3755 2928 illi
3776 2893 3865 2943 per

2283 2977 2429 3032 quem
2451 2959 2749 3014 scandalum
2771 2961 2924 3026 venit,
2949 2961 2999 3014 id
3024 2968 3176 3016 curat
3207 2969 3265 3016 ut
3293 2961 3481 3031 singuli
3509 2963 3755 3018 studeant
3796 2982 3862 3020 ne

2285 3067 2379 3121 per
2407 3067 2464 3106 se
2485 3051 2791 3106 scandalum
2823 3051 3032 3116 veniat;
3079 3069 3198 3106 cum
3243 3052 3392 3121 jubet
3418 3063 3592 3109 autem
3625 3058 3860 3112 exscindi

2283 3159 2375 3197 eos
2407 3145 2494 3212 qui
2541 3143 2922 3205 scandalizent,
2952 3143 3176 3197 salutem
3210 3141 3498 3199 faciliorem
3520 3145 3712 3213 efficit;
3738 3163 3858 3202 eum

2283 3236 2517 3304 praecipit
2533 3251 2598 3289 ne
2612 3235 2859 3289 minimos
2877 3245 3301 3299 contemnamus,
3323 3251 3420 3291 nec
3432 3237 3588 3292 modo
3602 3239 3856 3308 prtecipit,

2279 3327 2374 3381 sed
2418 3343 2539 3382 eum
2570 3326 2905 3381 vehementia
2934 3327 3077 3396 (nam
3119 3329 3211 3392 ait,
3257 3325 3426 3381 Videte
3449 3345 3511 3382 ne
3535 3333 3860 3384 contemnatur

2281 3437 2440 3473 unum
2465 3435 2527 3473 ea:
2553 3419 2632 3472 his
2665 3419 2930 3487 minimis),
2961 3428 3013 3473 et
3057 3434 3174 3473 cum
3205 3419 3352 3485 dicit,
3388 3420 3567 3490 Angeli
3594 3437 3763 3475 eorum
3791 3425 3860 3475 ui-

2281 3512 2397 3563 dent
2424 3509 2603 3579 facient
2637 3508 2804 3562 Patris
2834 3510 2966 3572 mei;
3013 3517 3085 3574 et,
3138 3509 3262 3564 Ideo
3287 3511 3398 3565 veni
3438 3527 3570 3581 ego;
3598 3523 3672 3580 et,
3706 3512 3860 3566 Pater

2281 3616 2420 3652 meus
2449 3600 2541 3653 hoc
2568 3600 2670 3653 vult
2697 3615 2715 3652 :
2748 3601 2866 3653 illos
2897 3600 2987 3670 qui
3016 3617 3201 3656 eorum
3241 3617 3425 3657 curam
3467 3602 3693 3660 habituri
3735 3616 3860 3659 sunt

2280 3689 2646 3758 diligentiores
2673 3690 2865 3744 reddit.

2351 3779 2488 3834 Deus
2513 3791 2756 3850 quantum
2783 3781 2994 3833 salutem
3021 3781 3277 3835 hominum
3303 3792 3461 3837 curet.
3488 3783 3716 3838 Salutem
3742 3802 3858 3856 pro-

2277 3874 2403 3928 ximi
2432 3889 2523 3927 nos
2563 3890 2741 3926 curare
2771 3884 2982 3943 oportet.
3007 3906 3079 3914 —
3111 3874 3294 3930 Viden’
3315 3886 3512 3946 quanto
3547 3893 3700 3930 muro
3740 3878 3858 3932 illos

2279 3965 2729 4027 circummunivit,
2775 3975 2831 4019 et
2867 3975 3117 4034 quantam
3147 3967 3226 4021 vel
3273 3968 3516 4022 viliorum
3546 3978 3600 4022 et
3631 3985 3855 4036 pereun-

2281 4059 2410 4110 tium
2435 4057 2843 4112 sollicitudinem
2872 4066 3040 4128 gerat,
3071 4061 3208 4112 mala
3241 4060 3572 4114 comminans
3603 4062 3856 4116 intolera-

2281 4150 2406 4204 bilia
2439 4149 2501 4202 iis
2530 4149 2618 4218 qui
2650 4151 2992 4220 supplantant
3027 4151 3188 4219 ipsos,
3226 4159 3279 4204 et
3309 4167 3498 4222 magna
3543 4154 3857 4220 promittens

2281 4241 2417 4295 [tona
2457 4242 2522 4296 iis
2556 4242 2642 4310 qui
2677 4242 2984 4296 ministrant
3019 4242 3144 4308 illis,
3191 4243 3438 4312 ipsosque
3465 4252 3669 4308 curant,
3701 4244 3858 4313 idque

2280 4350 2376 4389 suo
2414 4344 2575 4404 atque
2616 4334 2787 4388 Patris
2829 4333 3074 4404 exemplo
3117 4335 3433 4388 continuat?
3475 4334 3624 4390 Hunc
3662 4344 3716 4388 et
3761 4350 3858 4388 nos

2281 4429 2584 4491 imitemur,
2629 4426 2757 4480 nihil
2801 4436 3108 4481 recusantes
3151 4441 3335 4480 eorum
3382 4443 3500 4496 quae
3545 4426 3758 4480 humilia
3804 4436 3859 4480 ct.

2280 4520 2541 4574 laboriosa
2573 4519 2820 4573 videntur
2852 4533 2947 4587 pro
2991 4517 3241 4571 fratribus
3281 4518 3552 4588 suscipere
3582 4535 3594 4570 :
3634 4517 3727 4572 sed
3757 4518 3854 4572 etsi

2281 4613 2588 4666 ministrare
2614 4620 2878 4680 oporteat.
2916 4610 3028 4664 sive
3059 4625 3271 4678 parvus,
3315 4611 3427 4665 sive
3469 4609 3586 4663 vilis
3627 4609 3787 4663 fuerit
3814 4611 3857 4661 is

2279 4705 2431 4774 cujus
2457 4719 2614 4759 causa
2649 4703 2750 4757 hoc
2791 4719 2924 4774 opus
2965 4703 3292 4772 suscipitur;
3331 4703 3668 4772 quantumvis
3706 4702 3856 4757 labo-

2279 4797 2420 4849 riosa
2464 4811 2550 4849 res
2599 4795 2784 4859 fuerit;
2830 4794 2930 4848 etsi
2973 4803 3215 4861 oporteat
3253 4805 3460 4848 montes
3485 4805 3539 4848 et
3565 4794 3854 4863 prtecipitia

2280 4886 2624 4958 pertransire,
2649 4887 2824 4940 omnia
2844 4886 3139 4940 tolerentur
3156 4902 3250 4954 pro
3269 4888 3437 4940 salute
3460 4885 3659 4940 fratris.
3689 4885 3856 4939 Tanta

2279 4979 2472 5049 quippe
2503 4987 2585 5033 est
2616 4978 2723 5032 Deo
2739 4993 2863 5032 cura
2886 4977 2953 5032 de
2981 4978 3174 5040 anima,
3202 4986 3258 5031 ut
3278 4993 3344 5032 ne
3364 4976 3499 5031 Filio
3519 4975 3734 5046 quidem
3759 4993 3857 5030 suo

2280 5070 2577 5139 pepercerit
2606 5069 2780 5138 (Rom.
2828 5070 2880 5123 8.
2915 5067 3027 5138 5:2).
3061 5068 3238 5136 Quare
3266 5067 3526 5130 obsecro,
3570 5069 3743 5137 primo
3777 5068 3856 5119 di-

2279 5161 2454 5215 luculo
2483 5175 2603 5214 cum
2646 5175 2674 5213 a
2705 5159 2864 5213 domo
2899 5160 3208 5225 exierimus,
3253 5159 3392 5213 hunc
3439 5174 3598 5212 unum
3637 5174 3855 5228 scopum

2281 5255 2589 5320 habeamus,
2616 5262 2670 5307 et
2701 5253 2835 5306 hanc
2863 5253 3128 5322 prtecipue
3171 5251 3603 5317 sollicitudinem,
3638 5261 3694 5304 ut
3720 5251 3859 5320 peti-

2277 5347 2548 5401 clitantem
2577 5343 2884 5413 eripiamus.
2912 5342 3027 5397 Non
3079 5343 3267 5412 loquor
3297 5342 3382 5396 hic
3409 5342 3476 5396 de
3505 5341 3738 5397 sensibili
3765 5357 3858 5409 ri»

2279 5438 2484 5492 riculo:
2520 5436 2621 5491 hoc
2661 5436 2804 5491 enim
2843 5451 2909 5490 ne
2935 5436 3223 5504 periculum
3251 5435 3462 5506 quidem
3507 5445 3622 5498 est;
3662 5434 3752 5489 sed
3787 5433 3856 5488 de

2283 5529 2514 5597 periculo
2535 5529 2745 5592 animus,
2763 5528 2904 5596 quod
2945 5511 3246 5581 hominibus
3270 5537 3417 5595 parat
3437 5526 3697 5580 diabolus.
3724 5524 3855 5579 llam

2281 5631 2565 5686 mercator,
2599 5629 2657 5674 ut
2695 5634 2823 5689 opes
2863 5627 3066 5690 augeat,
3102 5619 3318 5692 pelagus
3353 5624 3681 5682 transmeat;
3724 5620 3851 5676 arti-

2345 5843 2359 5874 τ
2397 5838 2508 5896 Alii,
2537 5841 2581 5886 et
2605 5834 2663 5886 de
2689 5834 2880 5900 Spiritu.
