4140 6376
364 333 464 427 rei

364 487 578 557 fexque,
601 489 662 538 ut
686 495 800 536 rem
828 477 1137 533 familiarem
1165 474 1473 544 amplificet,
1505 472 1634 528 nihil
1673 485 1778 525 non
1810 469 1936 538 agit.

363 576 472 631 Nos
499 575 678 643 itaque
707 587 774 626 ne
807 570 1031 624 salutem
1067 576 1301 621 nostram
1346 563 1555 632 operari
1583 562 1712 616 satis
1746 559 1944 614 habea-

363 683 504 728 mus,
544 665 645 718 hoc
685 662 844 716 modo
879 661 1019 715 enim
1061 659 1204 714 illam
1247 657 1700 712 labefactaremus.
1734 650 1944 707 Etenim

365 759 417 811 in
451 758 588 810 bello
618 764 672 810 et
697 755 811 808 acie
850 753 1003 806 miles
1032 751 1121 820 qui
1150 749 1201 803 id
1232 763 1394 803 unum
1421 754 1592 812 curat,
1623 753 1681 799 ut
1710 742 1828 813 fuga
1854 757 1942 796 sa-

362 856 456 909 luti
503 868 613 908 sua:
642 850 908 914 consulat,
955 847 1090 901 alios
1130 860 1311 900 secum
1349 841 1553 914 perdit;
1599 855 1723 895 cum
1759 847 1945 893 contra

361 961 611 1002 strenuus
655 943 880 1012 quisque
921 941 1009 1011 qui
1055 954 1154 1010 pro
1193 937 1310 991 aliis
1357 951 1503 990 arma
1547 931 1793 1002 sumpsit,
1823 945 1942 984 cum

361 1042 478 1094 aliis
509 1040 738 1107 seipsum
767 1049 976 1106 quoque
1005 1040 1198 1087 servat.
1229 1029 1364 1085 Cum
1403 1031 1583 1097 itaque
1623 1039 1711 1080 res
1747 1032 1945 1078 nostra:

366 1133 561 1189 l)ellum
590 1132 716 1193 sint,
738 1138 791 1182 ct
820 1127 1016 1181 bellum
1037 1124 1270 1179 omnium
1289 1122 1628 1183 acerrimum,
1651 1118 1793 1173 acies
1813 1131 1942 1186 quo-

361 1240 466 1294 que
492 1233 544 1278 et
569 1237 766 1293 pugna,
811 1227 867 1271 ut
904 1218 1022 1272 Rex
1064 1225 1245 1270 noster
1276 1213 1452 1283 jussit,
1487 1212 1555 1266 ita
1598 1209 1664 1264 ad
1709 1223 1942 1280 pugnam

364 1315 605 1371 instructi
650 1322 852 1367 stemus
879 1311 930 1364 iu
961 1309 1096 1375 acie,
1126 1307 1192 1362 ad
1218 1307 1392 1361 cmdes
1425 1315 1480 1359 et
1505 1304 1817 1374 sanguinem
1846 1317 1942 1372 pa-

361 1410 481 1473 rati,
509 1409 575 1463 ad
614 1409 849 1461 omnium
881 1405 1105 1457 salutem
1144 1401 1509 1470 respicientes,
1554 1396 1944 1451 commilitones

363 1486 666 1565 incitantes,
714 1498 890 1568 lapsos
914 1496 1199 1564 erigentes.
1248 1492 1377 1544 Nam
1417 1489 1566 1544 multi
1594 1504 1657 1543 ex
1692 1486 1943 1541 fratribus

364 1591 559 1647 nostris
591 1591 644 1644 in
675 1588 773 1643 bac
805 1603 976 1658 pugna
1001 1589 1179 1655 jacenl
1221 1583 1504 1646 vulnerati,
1535 1580 1792 1650 sanguine
1820 1595 1942 1648 per-

363 1684 484 1750 fusi,
512 1697 773 1751 nemoque
797 1687 948 1734 curat
988 1679 1128 1740 illos,
1168 1690 1272 1730 non
1309 1689 1343 1729 'e
1385 1678 1542 1742 vulgo
1579 1671 1788 1740 aliquis,
1834 1685 1942 1726 non

363 1775 634 1838 sacerdos,
662 1790 766 1827 non
797 1772 930 1825 alius
947 1770 1138 1840 quivis,
1163 1783 1268 1822 non
1293 1776 1568 1836 patronus,
1593 1780 1696 1818 non
1717 1763 1940 1827 amicus,

364 1882 468 1922 non
497 1868 658 1920 frater
701 1882 713 1917 :
760 1861 855 1917 sed
898 1859 1090 1931 singuli
1135 1873 1229 1914 sua
1273 1867 1475 1911 tantum
1515 1863 1776 1925 spectant.
1818 1853 1943 1908 Ideo

362 1966 542 2014 nostra
570 1956 877 2010 minuimus.
904 1952 1098 2007 Nostra
1118 1950 1312 2022 quippe
1343 1949 1573 2004 maxima
1603 1946 1811 2011 fiducia,
1843 1961 1943 1999 no-

362 2060 471 2108 stra
495 2050 614 2104 fans
637 2057 740 2114 est,
768 2047 813 2102 si
848 2059 955 2101 non
980 2053 1161 2100 nostra
1193 2051 1398 2098 tantum
1437 2055 1704 2095 curemus.
1743 2038 1943 2092 Idcirco

359 2141 609 2196 imbecilli
637 2149 691 2193 et
717 2144 1017 2208 expugnata
1055 2134 1235 2189 faciles
1267 2147 1452 2188 sumus
1479 2141 1535 2187 et
1559 2129 1865 2186 hominibus
1888 2137 1943 2184 et

363 2233 594 2295 diabolo,
621 2231 742 2300 quia
769 2226 910 2300 quod
941 2227 1061 2282 huic
1090 2225 1166 2281 rei
1190 2223 1510 2279 contrarium
1530 2229 1610 2276 est
1627 2219 1939 2291 qumrimus,

361 2340 468 2379 non
498 2338 594 2378 nos
615 2330 798 2376 mutuo
832 2319 1129 2390 obtegimus
1169 2325 1223 2373 et
1258 2313 1729 2372 circummunimus
1757 2328 1851 2383 per
1876 2311 1940 2366 il»

362 2419 467 2473 lam
507 2432 625 2487 qua:
669 2413 962 2471 secundum
1003 2412 1169 2466 Deum
1213 2419 1295 2464 est
1321 2403 1635 2472 caritatem;
1675 2404 1772 2460 sed
1811 2405 1942 2458 alios

363 2510 515 2564 nobis
542 2507 827 2580 quaerimus
863 2504 1112 2560 amicitiae
1133 2501 1405 2568 'obtentus,
1428 2500 1519 2554 alii
1544 2514 1573 2553 a
1602 2497 1938 2569 cognatione,

360 2603 452 2656 alii
480 2617 508 2655 a
536 2598 938 2658 consuetudine.
985 2597 1075 2651 alii
1112 2611 1142 2650 a
1172 2593 1465 2660 consortio,
1507 2591 1597 2647 alii
1638 2606 1667 2646 a
1707 2589 1938 2646 vicinia:

363 2703 420 2750 et
465 2699 800 2764 quacumque
844 2690 948 2745 alia
990 2689 1058 2744 de
1097 2702 1255 2742 causa
1296 2685 1471 2756 potius
1519 2683 1678 2740 amici
1719 2697 1939 2747 sumus,

363 2802 520 2858 quam
549 2803 613 2842 ex
642 2786 858 2856 pietate,
883 2799 1002 2838 cum
1031 2799 1096 2838 ex
1136 2782 1223 2837 illa
1253 2781 1365 2836 sola
1396 2787 1641 2850 oporteat
1683 2777 1944 2835 amicitias

361 2879 506 2952 iungi
543 2895 559 2941 ;
613 2893 756 2932 nunc
801 2875 1124 2931 contrarium
1171 2874 1382 2940 evenit,
1427 2871 1626 2927 ludatis
1671 2879 1726 2926 et
1769 2869 1942 2940 genti—

365 2973 465 3028 bus
503 2970 787 3042 aliquando
839 2984 1024 3024 sumus
1065 2967 1225 3022 amici
1275 2966 1451 3038 potius
1485 2978 1644 3035 quam
1690 2961 1942 3018 Ecclesia:

363 3066 508 3122 (iiiis.

434 3160 487 3214 6.
515 3158 714 3214 Caritas
752 3169 798 3211 et
831 3155 1101 3211 tolerantia
1127 3169 1246 3224 erga
1272 3151 1558 3223 proximum
1581 3145 1941 3204 commendan-

363 3263 464 3308 tur.
497 3251 701 3305 Fratres
741 3250 901 3305 nostri
929 3265 1063 3320 stepe
1086 3246 1326 3301 monendi
1363 3255 1498 3300 sunt.
1527 3273 1600 3285 —
1623 3241 1816 3304 Etiam,
1857 3239 1943 3292 in-

366 3348 548 3418 quics;
580 3361 702 3400 nam
743 3345 832 3398 ille
859 3343 1130 3411 improbus
1157 3347 1259 3402 est,
1292 3339 1375 3393 hic
1399 3352 1525 3391 vero
1555 3337 1725 3391 bonus
1747 3341 1803 3388 et
1830 3347 1945 3386 mo-

364 3440 565 3495 destus.
595 3438 730 3506 Quid
769 3437 946 3492 dicis?
991 3435 1288 3503 improbum
1315 3432 1530 3486 fratrem
1561 3443 1720 3484 vocas
1749 3436 1824 3491 tu,
1854 3426 1942 3480 cui

365 3533 584 3587 velitum
615 3539 698 3584 est
727 3530 806 3585 vel
828 3544 946 3583 raca
977 3527 1204 3584 vocare?
1235 3535 1406 3581 necte
1423 3525 1606 3594 pudet,
1627 3537 1724 3578 nec
1747 3519 1942 3576 erube-

363 3624 470 3676 scis
498 3624 714 3677 fratrem
747 3621 1051 3684 traducens,
1075 3620 1373 3674 membrum
1396 3626 1564 3679 tuum,
1592 3630 1713 3670 eum
1734 3613 1823 3683 qui
1846 3626 1943 3668 eo-

364 3716 486 3770 dem
505 3726 660 3770 natus
676 3723 940 3785 estpartu,
962 3713 1048 3782 qui
1071 3721 1150 3766 est
1167 3710 1405 3780 ejusdem
1436 3721 1633 3762 mensa‘
1657 3706 1945 3777 particeps?

363 3807 468 3863 Sed
509 3809 552 3862 si
597 3807 813 3862 fratrem
860 3803 1153 3861 secundum
1189 3816 1406 3857 carnem
1461 3802 1689 3864 habeas,
1736 3795 1944 3852 etiamsi

271 3905 292 3938 ί
368 3898 512 3952 mille
549 3898 749 3952 scelera
779 3896 1039 3957 admittat,
1081 3894 1225 3947 illum
1269 3889 1436 3953 foves,
1481 3898 1536 3944 et
1581 3890 1626 3942 si
1675 3887 1764 3942 ille
1807 3888 1944 3941 mala

365 3990 506 4046 fama
553 3991 776 4052 laboret,
826 4000 979 4060 putas
1023 3996 1076 4042 te
1119 3985 1395 4041 dedecoris
1440 3997 1560 4038 esse
1597 3990 1942 4036 consortem:

365 4084 694 4154 Spiritualem
724 4097 854 4138 vero
879 4081 1122 4145 fratrem,
1149 4075 1617 4147 quemacalumniis
1649 4073 1943 4142 impetitum

365 4174 654 4233 defendere
680 4182 971 4244 oporteret,
1002 4168 1292 4224 innumeris
1323 4182 1515 4222 oneras
1561 4163 1856 4218 maledictis
1892 4171 1948 4218 et

366 4264 851 4326 criminationibus,
895 4261 1194 4332 improbum
1244 4273 1423 4312 vocas.
1472 4255 1751 4324 Improbus
1779 4253 1944 4316 enim,

367 4361 561 4432 inquis,
581 4358 798 4414 difficile
818 4356 1091 4411 toleratur.
1108 4353 1263 4423 Atqui
1285 4351 1408 4406 ideo
1427 4348 1590 4404 debes
1615 4347 1688 4401 illi
1714 4345 1947 4400 amicitia

365 4454 536 4524 iungi,
567 4459 626 4505 ut
665 4465 786 4505 eum
826 4463 857 4502 a
897 4447 1026 4502 vitio
1059 4458 1356 4508 removeas,
1389 4450 1445 4495 ut
1473 4446 1754 4494 convertas
1791 4444 1847 4490 et
1879 4433 1948 4489 ad

367 4546 618 4600 virtutem
643 4540 887 4596 reducas.
919 4539 988 4592 At
1029 4551 1137 4591 non
1165 4536 1520 4602 obtemperat,
1553 4529 1748 4598 inquis,
1776 4541 1950 4596 neque

367 4635 648 4693 consilium
688 4631 936 4687 admittit.
974 4629 1126 4685 Unde
1151 4627 1253 4680 hoc
1281 4624 1456 4680 nosti?
1497 4637 1564 4676 an
1595 4621 1834 4674 hortatus
1865 4631 1945 4681 es,

367 4738 424 4784 et
449 4726 736 4782 emendare
769 4720 1051 4778 studuisti?
1076 4719 1328 4774 Ilertatus
1373 4729 1517 4785 smpe
1543 4728 1682 4777 sum,
1719 4709 1946 4779 inquies.

371 4820 628 4890 Quoties?
666 4817 893 4887 Saepius,
931 4814 1097 4869 semel
1123 4821 1180 4867 et
1210 4813 1424 4865 iterum.
1467 4805 1659 4876 Papae!
1700 4804 1822 4858 idne
1848 4816 1950 4856 saa-

373 4913 490 4984 pius
512 4910 710 4966 vocas?
737 4900 958 4963 Etiamsi
1002 4919 1095 4974 per
1123 4914 1285 4958 totam
1314 4902 1474 4954 vitam
1506 4897 1556 4952 id
1585 4896 1818 4959 fecisses,
1853 4907 1951 4947 nec

372 5003 620 5066 deficere,
644 5014 743 5055 nec
761 4999 1045 5068 desperare
1062 4993 1358 5064 Oportebat.
1381 4990 1496 5051 Non
1519 4988 1665 5042 vides
1685 4985 1951 5057 quomodo

375 5109 474 5149 nos
501 5090 642 5147 Deus
666 5105 879 5160 semper
918 5089 1162 5142 hortetur
1193 5100 1287 5156 per
1328 5081 1613 5154 prophetas
1638 5121 1652 5145 ,
1685 5093 1781 5148 per
1816 5093 1950 5149 apo-

373 5186 563 5249 stolos,
592 5199 689 5252 per
712 5179 1098 5250 evangelistas?
1128 5176 1264 5246 Quid
1296 5172 1490 5246 igitur?
1517 5166 1640 5227 num
1670 5171 1789 5226 ideo
1809 5180 1952 5226 recte

375 5291 682 5346 cperamur,
712 5290 837 5328 num
866 5275 920 5328 in
940 5270 1188 5327 omnibus
1217 5265 1688 5335 obtemperamus?
1716 5263 1949 5317 Minime.

377 5369 513 5426 Num
540 5367 660 5422 ideo
690 5367 778 5420 ille
819 5366 980 5420 finem
1026 5361 1148 5418 fecit
1187 5356 1553 5415 admonendi?
1590 5372 1714 5409 num
1752 5351 1952 5408 tacuit?

379 5465 572 5517 Annon
612 5459 835 5529 singulis
858 5457 1047 5511 diebus
1070 5454 1220 5516 dicit,
1253 5451 1374 5506 Non
1415 5449 1617 5521 potestis
1638 5445 1750 5501 Deo
1772 5449 1955 5500 servire

379 5567 426 5612 et
473 5569 722 5611 mammia
751 5551 904 5623 (Luc.
955 5550 1044 5604 16.
1085 5548 1196 5618 i5),
1229 5553 1285 5601 et
1309 5543 1501 5600 crescit
1531 5554 1704 5596 tamen
1732 5542 1784 5595 in
1821 5541 1956 5594 mul-

381 5655 452 5710 tis
476 5650 715 5726 pecunia:
755 5646 1014 5717 cupiditas
1047 5654 1204 5714 atque
1249 5638 1524 5713 tyrannis?
1563 5637 1678 5692 Non
1721 5633 1958 5706 quotidie

383 5745 597 5810 clamat,
633 5741 880 5796 Dimittite
910 5748 959 5793 et
987 5737 1262 5791 dimittetur
1299 5733 1434 5787 vobis
1465 5730 1674 5803 (Matth.
1699 5728 1752 5783 6.
1785 5728 1959 5799 M).et

386 5853 487 5894 nos
515 5837 682 5908 magis
710 5831 1031 5891 efferamur?
1073 5831 1263 5882 Annon
1291 5825 1527 5896 quotidie
1553 5833 1734 5880 mouet
1757 5830 1813 5878 ut
1831 5837 1957 5877 con-

701 5925 974 5984 PA'I'BOL.
1024 5919 1141 5979 (ia.
1191 5912 1407 5974 LVIII.

1353 355 1419 412 IN
1455 346 1863 411 ΜΛΤΊἭᾹΞΗΜ
1904 347 2133 410 ﬂOilIL.
2180 354 2321 413 LIX.
2365 358 2436 413 al.
2477 359 2592 416 LX.

3531 370 3640 431 582

2057 471 2400 541 cupiscentiae
2424 483 2478 530 et
2504 476 2700 532 illicita:
2721 479 2979 549 voluptati
3032 481 3378 550 imperemus,
3407 497 3462 541 et
3481 490 3640 548 multi

2054 561 2173 632 plus
2191 579 2350 633 quam
2378 567 2523 636 porci
2548 567 2601 622 in
2630 569 2731 623 hoc
2767 580 2985 639 peccato
3008 573 3362 630 volutantur?
3389 579 3645 640 Attamen

2057 653 2146 708 ille
2178 653 2376 710 hortari
2405 674 2509 711 non
2547 669 2738 714 cessat.
2773 660 2884 718 Cur
2908 679 3037 734 ergo
3071 680 3177 719 non
3206 667 3321 722 haec
3347 669 3526 726 mente
3552 688 3640 728 re-

2056 745 2319 800 volvimus
2345 763 2442 802 nec
2463 748 2708 815 dicimus,
2743 753 2908 808 Deum
2933 756 3085 811 nobis
3120 772 3335 827 semper
3370 761 3512 832 loqui
3541 778 3643 819 nec

2051 834 2333 902 desistere,
2365 840 2575 894 etiamsi
2621 852 2678 896 ut
2704 843 2991 914 plurimum
3031 863 3136 900 non
3169 849 3639 922 obtempercmus?

2057 925 2178 979 Ideo
2204 927 2437 1013 dicebat,
2467 929 2633 986 Pauci
2659 943 2777 987 sunt
2801 938 2887 1004 qui
2909 937 3038 990 salvi
3062 939 3190 1006 [iant
3221 939 3372 1008 (Luc.
3403 945 3490 998 15.
3519 944 3635 1018 2⁸5).

2053 1017 2108 1072 Si
2137 1021 2280 1074 enim
2305 1037 2409 1076 non
2442 1024 2635 1080 sufficit
2663 1027 2727 1081 ad
2750 1029 2973 1085 salutem
2997 1031 3152 1086 nobis
3173 1033 3260 1087 illa
3289 1036 3456 1091 virtus
3477 1017 3638 1108 quam

2053 1123 2296 1166 seorsum
2341 1130 2673 1184 exercemus,
2705 1120 2798 1174 sed
2826 1132 3036 1190 oportet
3065 1124 3198 1180 alios
3224 1127 3434 1183 virtutis
3460 1132 3639 1187 socios

2051 1201 2316 1259 adducere
2348 1224 2362 1260 :
2391 1222 2510 1263 cum
2554 1226 2651 1265 nec
2691 1223 2948 1277 nostram,
2999 1231 3097 1271 nec
3135 1214 3361 1274 aiiorum
3404 1225 3634 1279 salutem

2049 1299 2434 1361 curaverimus,
2465 1299 2591 1370 quid
2621 1303 2884 1372 patiemur
2904 1305 2927 1356 ?
2947 1307 3086 1361 unde
3110 1309 3298 1366 salutis
3317 1326 3464 1380 spem
3484 1312 3636 1369 dein.

2049 1401 2176 1455 ceps
2226 1387 2580 1445 habebimus?
2633 1393 2739 1448 Sed
2786 1395 2910 1464 quid
2960 1397 3061 1452 hac
3107 1399 3174 1454 de
3215 1417 3275 1456 re
3329 1405 3585 1460 criminor
3618 1450 3632 1470 ,

2049 1479 2263 1547 quando
2308 1497 2376 1536 ne
2417 1483 2876 1541 contubernalium
2929 1489 3144 1559 quidem
3189 1503 3495 1550 nostrorum
3543 1513 3632 1552 ra-

2051 1571 2248 1627 tionem
2281 1574 2444 1628 ullam
2477 1575 2753 1642 habemus,
2804 1581 3005 1646 uxoris,
3047 1581 3296 1651 filiorum,
3327 1601 3630 1654 servorum,

2048 1663 2142 1717 sed
2175 1679 2278 1718 non
2310 1665 2378 1719 de
2407 1665 2506 1731 his,
2536 1668 2631 1722 sed
2659 1669 2726 1724 de
2759 1670 2877 1724 aliis
2907 1672 3141 1728 futilibus
3176 1675 3392 1731 solliciti
3423 1694 3629 1746 sumus,

2047 1753 2319 1808 ebriorum
2353 1756 2539 1824 instar,
2583 1767 2640 1812 ut
2673 1771 2878 1815 crescat
2919 1776 3192 1818 servorum
3234 1782 3508 1834 numerus,
3539 1771 3632 1840 qui

2047 1844 2351 1915 diligentius
2383 1849 2537 1904 nobis
2578 1852 2836 1918 serviant,
2888 1853 3086 1924 filiique
3127 1871 3372 1928 magnam
3413 1873 3444 1914 a
3475 1862 3632 1918 nobis

2047 1934 2401 1996 hereditatem
2433 1943 2717 2013 accipiant,
2747 1961 2883 2000 uxor
2918 1948 3041 2002 item
3069 1964 3201 2004 auro
3238 1949 3441 2022 fulgeat
3465 1959 3631 2010 vesti-

2047 2029 2252 2103 busque
2283 2035 2551 2103 pretiosis,
2580 2053 2754 2108 neque
2784 2039 2853 2094 de
2884 2040 3038 2096 nobis
3064 2054 3248 2099 curam
3275 2045 3440 2102 ullam
3467 2046 3634 2104 habe-

2045 2133 2187 2187 mus,
2226 2125 2319 2179 sed
2347 2125 2414 2182 de
2442 2127 2780 2184 facultatibus
2825 2140 3025 2186 tantum
3074 2135 3316 2190 nostris?
3357 2136 3434 2193 De
3463 2153 3632 2196 uxore

2043 2221 2193 2269 certe
2219 2215 2361 2270 nulla
2387 2217 2714 2286 sollicitudo,
2741 2221 2835 2276 sed
2861 2221 2930 2278 de
2957 2225 3116 2281 rebus
3144 2234 3362 2283 uxorem
3388 2227 3632 2287 ambien-

2048 2305 2188 2360 tibus
2206 2304 2290 2363 vel
2311 2309 2656 2377 ornantibus;
2678 2311 3011 2385 idipsumque
3030 2315 3098 2371 de
3119 2316 3300 2374 liberis
3319 2318 3629 2378 dicendum.

2045 2394 2279 2453 Perinde
2301 2406 2464 2469 atque
2493 2401 2536 2454 si
2573 2403 2692 2471 quis
2719 2403 2974 2459 caducam
2999 2407 3015 2438 ¹
3045 2406 3262 2462 domum
3292 2409 3510 2478 habens,
3535 2427 3630 2468 cu-

2041 2487 2131 2557 jus
2170 2490 2307 2543 muri
2338 2491 2508 2546 ruinae
2535 2493 2763 2562 proximi
2793 2504 2936 2562 sunt,
2971 2496 3092 2552 illos
3123 2498 3420 2556 instaurare
3457 2502 3630 2574 negli-

2045 2593 2198 2650 gens,
2233 2594 2424 2652 magna
2473 2585 2526 2638 in
2567 2584 2790 2640 circuitu
2835 2587 2951 2657 ejus
2999 2598 3150 2659 septa
3197 2593 3396 2663 erigat;
3445 2605 3538 2650 aut
3581 2597 3630 2652 si

2046 2681 2339 2743 mgrotante
2359 2688 2605 2745 corpore,
2639 2676 2814 2746 ipsum
2848 2678 3061 2748 quidem
3095 2680 3348 2752 negligat,
3376 2683 3501 2739 dum
3527 2700 3632 2741 au-

2046 2781 2137 2821 rea
2178 2767 2498 2823 vestimenta
2551 2768 2648 2840 ipsi
2692 2779 2874 2841 parat;
2905 2781 2998 2828 aut
3022 2773 3066 2828 si
3094 2773 3308 2831 domina
3336 2778 3526 2834 morbo
3555 2780 3633 2836 la-

2047 2857 2294 2926 borante,
2336 2861 2669 2929 ancillarum,
2721 2863 3074 2936 telarumque,
3116 2882 3366 2924 vasorum
3400 2872 3632 2942 supelle-

2046 2951 2294 3022 ctilisque
2346 2967 2527 3008 curam
2574 2963 2757 3025 gerat,
2806 2956 2921 3027 ipsa
2968 2959 3154 3014 relicta
3204 2972 3470 3030 gemente.
3517 2965 3632 3021 [loc

2046 3058 2190 3098 nunc
2211 3044 2392 3100 videre
2412 3053 2495 3101 est
2521 3046 2573 3099 in
2603 3047 2778 3102 anima
2801 3058 3002 3116 nostra,
3027 3066 3145 3122 qua:
3167 3054 3307 3108 male
3329 3055 3632 3127 misereque

2047 3134 2230 3203 habet,
2259 3135 2358 3202 ira,
2391 3137 2778 3204 maledicentia,
2804 3141 3049 3198 absurdis
3073 3144 3470 3214 cupiditatibus,
3493 3163 3630 3204 vana

2045 3227 2237 3298 gloria,
2266 3227 2478 3298 jurgiis,
2507 3228 2654 3284 humi
2684 3230 2890 3301 dejecta
2917 3243 2970 3288 et
3002 3244 3186 3302 tracta,
3225 3237 3292 3290 ab
3327 3237 3631 3309 hujusmodi

2049 3317 2174 3392 fe‘
2201 3317 2450 3385 laniatur,
2485 3319 2610 3374 dum
2643 3335 2760 3388 nos,
2802 3323 2888 3376 illa
2918 3323 2968 3378 in
3004 3325 3149 3381 hisce
3192 3329 3394 3383 morbis
3419 3330 3626 3399 relicta,

2047 3411 2264 3465 domum
2293 3411 2719 3483 domesticosque
2748 3430 3016 3470 curamus.
3056 3418 3123 3472 Et
3148 3419 3190 3472 si
3214 3436 3337 3480 ursa
3363 3423 3502 3477 clam
3527 3438 3628 3476 au-

2046 3503 2262 3576 fugerit,
2291 3505 2481 3560 domos
2517 3506 2836 3573 claudimus,
2869 3525 2964 3580 per
2993 3510 3140 3566 vicos
3166 3513 3451 3576 currimus,
3480 3529 3549 3569 ne
3576 3515 3631 3569 in

2046 3612 2165 3653 eam
2193 3597 2490 3653 incidamus
2521 3615 2536 3652 :
2566 3615 2710 3655 nunc
2739 3611 2916 3656 autem
2943 3618 3048 3656 non
3077 3619 3178 3657 una
3206 3603 3340 3672 fera,
3371 3605 3465 3658 sed
3491 3608 3631 3660 mul-

2049 3688 2433 3758 tishujusmodi
2467 3691 2671 3746 scilicet
2688 3693 3116 3763 cogitationibus,
3139 3695 3370 3749 animam
3393 3707 3630 3750 nostram

2046 3781 2389 3846 Ianiantibus,
2422 3781 2626 3840 nullum
2657 3784 2846 3840 horum
2872 3801 3087 3840 sensum
3115 3785 3390 3840 habemus.
3414 3787 3471 3842 In
3499 3788 3633 3842 urbe

2048 3875 2265 3945 quidem
2298 3885 2498 3931 tantam
2522 3875 2758 3932 ferarum
2784 3893 2969 3932 curam
3014 3877 3303 3942 habemus,
3334 3889 3392 3935 ut
3417 3895 3510 3936 eas
3546 3883 3631 3935 vel

2048 3968 2102 4022 in
2125 3969 2342 4024 deserto
2370 3969 2487 4025 loco
2515 3969 2598 4024 vel
2643 3969 2694 4022 in
2723 3969 2902 4024 caveis
2932 3969 3288 4036 includamus,
3315 3985 3632 4025 caveamus-

2050 4079 2154 4136 que
2177 4080 2245 4119 ne
2271 4064 2323 4117 in
2353 4063 2500 4120 curia
2541 4062 2808 4127 civitatis,
2856 4077 2954 4117 nec
2985 4063 3037 4117 in
3081 4061 3218 4130 foro,
3255 4079 3351 4118 nec
3391 4064 3442 4118 iu
3489 4064 3631 4134 regia

2049 4166 2351 4221 versentur,
2379 4153 2472 4210 sed
2499 4155 2681 4223 procul
2711 4154 2900 4225 ligatas
2919 4153 3251 4209 detineamus
3281 4172 3294 4207 :
3320 4155 3370 4209 in
3398 4156 3630 4210 animam

2051 4263 2202 4314 vero,
2231 4263 2349 4318 qua:
2377 4246 2580 4302 curiam
2619 4259 2792 4310 suam,
2818 4245 3018 4315 regiam
3051 4254 3106 4299 et
3127 4244 3377 4314 judiciale
3405 4246 3632 4301 tribunal

2054 4341 2233 4407 habet,
2256 4341 2580 4396 emittuntur
2594 4338 2744 4404 ferae,
2766 4339 2906 4394 circa
2931 4349 3166 4395 mentem
3214 4344 3380 4408 Ipsam
3413 4340 3634 4396 solium-

2052 4451 2155 4505 que
2180 4436 2380 4504 regium
2409 4432 2720 4495 clamantes,
2747 4432 2929 4488 turbas
2953 4432 3160 4488 dantes.
3192 4431 3316 4486 Ideo
3335 4432 3512 4484 nuntia
3541 4447 3636 4486 sus

2051 4527 2224 4598 deque
2251 4537 2559 4593 vertuntur;
2591 4526 2772 4580 omnia
2799 4524 3026 4579 tumultu
3058 4525 3209 4592 plena
3232 4523 3374 4577 intus
3397 4533 3454 4577 et
3480 4522 3632 4590 foris,

2054 4621 2362 4691 nullumque
2390 4618 2676 4674 discrimen
2696 4633 2795 4672 nos
2822 4618 2960 4671 inter
2986 4625 3039 4671 et
3061 4615 3242 4670 urbem
3269 4615 3481 4670 incursu
3507 4615 3634 4670 bar-

2055 4713 2304 4768 barorum
2335 4711 2696 4776 devastatam;
2744 4707 3080 4777 idipsumque
3119 4705 3178 4759 fit
3219 4720 3283 4760 ac
3307 4705 3372 4767 si,
3401 4705 3638 4759 dracone

2054 4807 2107 4860 in
2140 4805 2266 4859 nido
2304 4803 2630 4857 avicularum
2675 4801 2959 4867 insidente,
3002 4798 3224 4852 avicula:
3268 4799 3395 4866 ipsae
3421 4797 3640 4852 avolcnt

2058 4896 2275 4966 trepidae
2302 4903 2357 4950 et
2382 4895 2723 4965 perturbatae,
2753 4908 2854 4948 nec
2895 4880 3002 4962 quo
3031 4905 3088 4945 se
3131 4891 3181 4944 in
3229 4897 3376 4943 tanto
3407 4889 3638 4944 tumultu

2057 4987 2316 5058 recipiant
2343 4987 2616 5041 habentes.

2131 5080 2183 5134 7.
2233 5078 2446 5133 illnralis
2473 5075 2772 5132 exhortatio.
2801 5073 3053 5127 Juvenum
3083 5073 3297 5142 impetus
3328 5086 3360 5123 a
3389 5071 3639 5143 principio

2058 5174 2381 5230 coercendus.
2406 5201 2480 5213 —
2505 5171 2681 5237 Quare
2719 5168 2964 5233 obsecro,
2993 5169 3280 5220 draconem
3307 5146 3636 5228 occidamus,

2058 5270 2196 5325 feras
2243 5266 2604 5332 includamus,
2646 5262 2987 5326 sull‘ocemus,
3032 5258 3355 5329 jugulemus,
3388 5267 3444 5312 et
3482 5257 3641 5312 hasce

2061 5363 2228 5419 malas
2265 5360 2614 5430 cogitationes
2656 5354 2833 5426 gladio
2872 5353 3089 5423 spiritus
3116 5349 3485 5406 confodiamus
3524 5366 3537 5401 :
3571 5365 3640 5404 ne

2060 5457 2214 5512 nobis
2260 5454 2382 5508 talia
2434 5450 2788 5506 comminetur
2833 5444 3110 5516 propheta,
3165 5443 3339 5512 qualia
3386 5440 3586 5496 Judzea:
3625 5461 3639 5498 :

2125 5575 2142 5605 ι
2178 5569 2318 5620 savil.
2365 5566 2514 5628 longe
2559 5563 2713 5628 variat
2733 5574 2748 5611 :
2769 5565 2851 5628 Διῑι
2897 5555 3021 5628 nihil
3054 5552 3286 5628 deunlobis
3310 5551 3644 5628 sollicitatur!

2061 5614 2597 5698 αυιῇἶόὺἱὲιεὶιὶίιξέξεεά
2618 5624 2680 5675 de
2701 5618 3049 5698 επαιιέλιπρῖἐξρ,
3062 5615 3280 5698 ﬂii???
3301 5614 3646 5698 ἒξίίρεέθέλίέβ

2061 5676 2212 5760 ἓῖέὶιῗέ
2229 5676 2569 5760 inperitiae;
2606 5682 2882 5760 commodis.
2895 5676 3116 5760 Irerinde
3139 5685 3280 5760 atque
3301 5676 3474 5760 siqnis
3495 5676 3648 5760 cadu-

2063 5740 2646 5819 eamnretcjlticgquasdam
2668 5749 2872 5819 desunt;
2895 5744 3052 5819 locum
3090 5756 3155 5792 ex
3195 5740 3298 5789 Mss.
3322 5740 3641 5819 rertituimtzs.

2061 5802 2675 5883 viustaiiorelalégendum
2697 5802 3144 5873 esset,'pnlchram,
3171 5815 3273 5866 pro,
3297 5802 3550 5852 caducam.

3286 5887 3326 5948 8
