4140 6376
520 292 625 349 585

522 416 864 472 Onocentauri
885 415 989 469 illic
1010 412 1377 483 tripudiabunt,
1395 422 1441 466 et
1463 412 1602 466 ericii
1625 421 1668 463 et
1688 409 1929 463 dracones
1952 407 1968 478 (
1981 407 2101 461 Isai.

517 511 606 566 15.
777 507 914 563 Sunt
940 507 1102 573 enim,
1130 512 1252 559 sunt
1298 504 1543 559 homines
1585 501 1958 556 onocentauris
2005 514 2097 569 pe-

514 601 683 671 jores,
712 601 863 670 quasi
894 600 945 653 in
977 598 1192 653 deserto
1232 596 1494 659 viventes,
1529 592 1888 658 calcitrantes,
1914 591 2098 661 quales

517 691 630 746 fere
656 700 779 745 sunt
804 690 942 761 apud
979 703 1080 743 nos
1102 687 1346 756 juvenes.
1378 685 1511 740 Nam
1551 683 1678 738 feris
1698 682 1926 751 correpti
1951 680 2100 749 cupi-

511 783 807 847 ditatibus,
858 781 926 835 ita
973 780 1277 851 prosiliunt,
1328 778 1400 833 ita
1444 777 1744 840 calcitrant,
1789 775 1903 828 sine
1949 775 2099 827 freno

515 877 931 939 circumeuntes,
965 873 1271 942 nullamque
1313 869 1494 924 decori
1527 868 1785 922 rationem
1820 865 2096 919 habentes.

516 971 572 1024 In
601 982 761 1023 causa
787 951 919 1021 sunt
940 976 1136 1036 patres,
1168 964 1257 1033 qui
1296 975 1555 1031 equorum
1583 958 1875 1013 domitores
1903 964 2100 1026 cogunt

520 1071 580 1117 ut
607 1060 997 1116 studiosissime
1025 1072 1193 1128 equos
1233 1071 1360 1112 suos
1389 1054 1610 1109 dement
1638 1060 1694 1107 et
1721 1051 1969 1120 dirigant,
2002 1063 2100 1103 nec

516 1156 698 1210 sinunt
723 1153 945 1223 equinos
968 1151 1139 1222 pullos
1169 1148 1455 1204 indomitos
1475 1146 1528 1200 in
1554 1144 1832 1216 juventute
1858 1155 2095 1207 manere,

515 1249 609 1303 sed
639 1246 849 1301 frenum
888 1244 1150 1315 injiciunt,
1195 1250 1491 1311 caeteraque
1532 1236 1835 1308 hujusmodi
1866 1235 2043 1290 omnia
2068 1248 2099 1289 a

515 1340 777 1410 principio
808 1338 1096 1405 adhibent;
1126 1336 1260 1391 filios
1297 1344 1475 1389 autem
1505 1346 1630 1388 suos
1655 1331 1880 1400 juvenes
1920 1329 2102 1383 sinunt

515 1429 750 1486 infrenes
778 1430 1029 1495 circuire,
1054 1428 1472 1497 intemperanter
1498 1422 1688 1479 scortis
1706 1430 1760 1478 et
1786 1422 1916 1477 aleis
1945 1420 2097 1475 dedi-

516 1530 618 1589 tos,
650 1530 809 1590 atque
845 1521 1023 1591 iniqua
1056 1520 1257 1574 theatra
1287 1517 1627 1587 frequentare
1664 1531 1729 1571 ac
1768 1513 2045 1584 deturpari
2082 1527 2096 1565 :

516 1629 634 1668 cum
669 1629 765 1683 par
805 1612 995 1667 fuisset
1043 1611 1136 1673 illi.
1166 1626 1233 1665 ne
1267 1618 1443 1665 scorta
1471 1608 1664 1675 adiret,
1692 1622 1918 1662 uxorem
1944 1605 2095 1668 dare,

517 1720 738 1762 uxorem
766 1712 966 1760 castam
1015 1712 1070 1759 et
1119 1701 1431 1772 prudentem
1457 1743 1471 1765 ,
1521 1715 1640 1771 qua:
1680 1698 1855 1754 virum
1889 1712 2040 1752 suum
2069 1713 2101 1751 a

518 1796 657 1850 mala
684 1795 1019 1865 absurdaque
1044 1792 1428 1848 consuetudine
1459 1774 1714 1862 abigeret,
1743 1799 1797 1844 et
1825 1804 1963 1860 equo
1991 1787 2098 1841 fre-

516 1905 642 1943 num
671 1896 836 1943 esset.
866 1886 979 1941 Non
1006 1886 1145 1941 enim
1177 1884 1391 1939 aliunde
1420 1882 1796 1939 fornicationes
1821 1890 1876 1935 et
1896 1879 2099 1935 adulte-

516 1982 596 2035 ria
623 1989 800 2034 ortum
836 1978 1052 2043 habent,
1076 1991 1231 2046 quam
1265 1992 1329 2029 ex
1354 1976 1597 2043 iuvenum
1627 1973 1857 2029 licentia.
1889 1971 2018 2026 Nam
2054 1971 2097 2025 si

516 2074 608 2128 ille
636 2087 853 2127 uxorem
892 2071 1083 2124 habeat
1120 2068 1458 2139 prudentem,
1490 2076 1545 2121 et
1587 2065 1896 2120 domesticre
1940 2064 2016 2119 rei
2049 2073 2102 2117 ct

517 2164 674 2219 famte
701 2160 1209 2230 cxistimationisque
1256 2175 1365 2213 sua:
1396 2174 1576 2213 curam
1610 2157 1845 2211 habebit.
1878 2155 1983 2211 Sed
2007 2156 2097 2225 ju-

517 2257 668 2312 venis
696 2263 798 2320 est,
832 2254 1059 2325 inquies.
1089 2252 1209 2307 Scio
1244 2260 1300 2306 et
1318 2267 1435 2321 ego.
1464 2250 1593 2304 Nam
1623 2250 1666 2304 si
1697 2250 1844 2304 Isaac
1873 2249 2098 2317 quadra-

516 2351 660 2416 ginta
687 2362 856 2403 annos
879 2358 1034 2402 natus
1056 2360 1304 2417 sponsam
1335 2345 1486 2399 duxit
1511 2343 1663 2418 (Gen.
1696 2344 1788 2399 25.
1820 2343 1934 2416 20),
1958 2351 2012 2398 et
2046 2345 2100 2397 in

517 2442 819 2512 virginitate
838 2448 1004 2496 totam
1048 2439 1193 2495 illam
1235 2447 1446 2492 {etatem
1488 2438 1613 2507 egit,
1655 2437 1823 2491 multo
1852 2436 2016 2505 magis
2048 2437 2099 2490 in

517 2541 657 2588 statu
688 2532 873 2603 gratia:
894 2532 1119 2601 juvenes
1146 2530 1530 2601 philosophiam
1563 2529 1705 2583 illam
1737 2544 1988 2583 exercere
2009 2544 2102 2597 par

516 2634 679 2680 esset.
711 2623 817 2681 Sed
846 2623 973 2694 quid
1018 2622 1240 2676 faciam?
1278 2620 1420 2675 Nihil
1451 2620 1649 2674 curatis
1681 2619 1800 2673 illos
1843 2618 1893 2672 in
1921 2619 2095 2672 conti-

517 2716 694 2771 nentia
723 2715 976 2778 retinere,
1019 2712 1111 2768 sed
1140 2711 1271 2766 nihil
1303 2711 1451 2781 pensi
1484 2709 1711 2777 habetis,
1746 2709 1873 2763 dum
1906 2708 2099 2762 videtis

515 2809 635 2863 illos
661 2807 950 2877 deturpari,
980 2804 1192 2872 faadari,
1222 2804 1581 2873 scelestosque
1610 2802 1722 2857 fieri
1748 2818 1762 2854 :
1794 2817 1966 2871 neque
1995 2802 2101 2857 sci-

516 2900 584 2954 tis
627 2899 730 2954 hoc
782 2896 1107 2953 matrimonii
1155 2896 1359 2949 lucrum
1407 2909 1546 2961 esse,
1579 2902 1638 2947 ut
1684 2908 1880 2963 corpus
1906 2908 2097 2962 purum

515 2998 757 3045 servetur
783 3007 796 3043 :
829 2989 929 3043 nisi
957 2987 1058 3042 hoc
1081 2996 1243 3050 esset,
1268 2986 1407 3040 nulla
1436 2993 1577 3040 esset
1598 2984 1847 3039 connubii
1874 2985 2093 3038 utilitas.

515 3081 624 3137 Vos
649 3089 854 3146 contra,
880 3088 1158 3150 postquam
1187 3077 1479 3132 innumeris
1502 3077 1721 3130 maculis
1750 3075 1929 3130 fcedati
1951 3086 2094 3140 sunt,

516 3184 641 3228 tunc
669 3174 774 3228 illis
801 3186 1022 3227 uxorem
1052 3170 1189 3225 datis
1208 3212 1222 3236 ,
1268 3169 1427 3238 idque
1458 3167 1649 3222 frustra
1687 3176 1739 3220 et
1769 3166 1885 3221 sine
1914 3181 2092 3221 causa.

514 3268 619 3324 Sed
660 3265 1072 3337 exspectandum
1120 3274 1222 3330 est,
1273 3263 1510 3332 inquies,
1564 3261 1735 3315 donec
1778 3261 2095 3329 conspicuus

517 3359 725 3425 evadat,
753 3368 808 3415 et
834 3359 887 3412 in
912 3357 1156 3412 civilibus
1183 3354 1409 3425 negotiis
1440 3353 1619 3407 clarus
1649 3351 1736 3405 sit.
1768 3350 1975 3405 Animre
2001 3366 2096 3402 au-

516 3460 620 3504 tem
668 3450 807 3504 illius
846 3449 1105 3502 rationem
1140 3445 1337 3499 nullam
1370 3443 1594 3507 habetis,
1651 3440 1903 3509 illamque
1950 3439 2094 3507 deje-

515 3554 653 3597 ctatn
683 3542 798 3597 sine
823 3540 934 3594 ullo
964 3554 1123 3594 sensu
1159 3536 1483 3605 conspicitis.
1523 3534 1643 3587 Ideo
1671 3532 1847 3585 omnia
1884 3541 2092 3599 pertur-

512 3634 727 3690 batione
754 3631 1087 3701 tumultuque
1125 3630 1276 3700 plena
1308 3636 1451 3692 sunt,
1496 3627 1617 3696 quia
1668 3625 1754 3679 illa
1786 3623 2089 3693 negligitur,

512 3726 635 3796 quia
675 3742 793 3795 qute
821 3724 1122 3780 necessaria
1148 3731 1273 3778 sunt
1302 3737 1405 3774 non
1446 3728 1718 3783 curantur,
1742 3717 1866 3771 dum
1890 3732 1950 3771 ea
1973 3732 2091 3787 quae

510 3817 710 3872 nullius
734 3826 857 3871 sunt
885 3815 1042 3885 pretii
1086 3829 1274 3883 magna
1312 3810 1676 3866 sollicitudine
1706 3809 1972 3863 foveatur.
2008 3810 2090 3862 An

511 3910 684 3965 nescis
715 3919 767 3964 te
795 3908 929 3964 nihil
956 3907 1063 3962 filio
1103 3916 1208 3961 tam
1234 3905 1468 3977 optabile
1495 3905 1622 3958 dare
1651 3918 1828 3972 posse,
1860 3918 2016 3972 quam
2045 3904 2089 3957 si

513 4002 661 4055 illum
687 4014 871 4056 serves
891 4014 1085 4071 purum
1112 4013 1140 4052 a
1167 3996 1464 4052 meretricia
1496 3993 1877 4050 consuetudine
1947 3992 1971 4045 ?
1996 3992 2087 4047 Ni-

625 4248 769 4300 Unus,
795 4240 838 4290 si
858 4239 996 4290 illum
1033 4252 1190 4290 serves
1212 4237 1499 4289 meretricia:
1520 4236 1783 4300 iniquitatis
1805 4236 2084 4292 immunem,

511 4310 555 4352 et
579 4316 754 4367 purum
775 4303 836 4352 ab
859 4302 1091 4351 amatoria
1116 4300 1429 4359 turpitudine.

1297 299 1353 354 s.
1396 296 1673 353 JOANNIS
1710 292 2180 350 CllRYSOSTOMt
2220 248 2532 353 ARClllEP.
2572 300 3106 359 CONSTANTINOP.
3691 312 3795 365 53.;

2215 409 2285 463 hil
2314 414 2508 481 quippe
2545 422 2651 467 tam
2698 416 2989 484 pretiosum
3040 428 3142 483 est,
3194 436 3349 489 quam
3395 424 3612 477 anima:
3662 426 3795 491 Quid

2209 502 2339 556 enim
2386 506 2589 573 prodest
2625 506 2813 561 homini
2860 509 2904 562 si
2946 511 3191 563 mundum
3239 513 3524 567 universum
3553 515 3791 584 lucretur,

2214 599 2405 652 anima:
2434 616 2551 653 vero
2589 617 2699 653 sua:
2736 600 3104 655 detrimentum
3151 606 3384 671 patiatur
3432 602 3654 675 (Matth.
3697 607 3780 660 Hi.

2210 686 2344 758 26)?
2377 691 2572 745 Verum
2604 694 2785 746 omnia
2820 695 3077 763 pervertit
3113 706 3164 750 et
3193 696 3312 765 deje
3335 697 3387 750 it
3417 698 3776 766 pecuniarum

2212 794 2386 847 amor,
2421 782 2621 853 Deique
2654 786 2902 840 timorem
2932 788 3193 853 decussit,
3233 788 3373 842 sicut
3402 797 3667 859 tyrannus
3700 806 3786 842 ar-

2213 885 2350 935 cem,
2399 873 2478 927 sic
2510 875 2719 930 animas
2751 890 3045 947 occupans.
3095 879 3308 934 Idcirco
3354 888 3407 934 et
3458 880 3694 934 filiorum
3730 889 3788 937 et

2206 974 2442 1018 nostram
2472 964 2784 1035 negligimus
2815 967 3061 1034 salutem,
3092 968 3141 1021 id
3169 984 3330 1022 unum
3356 979 3630 1037 curantes,
3657 986 3792 1041 quo-

2204 1057 2363 1111 modo
2390 1058 2750 1125 opulentiores
2785 1057 2980 1125 effecti,
3016 1059 3228 1114 divitias
3258 1060 3376 1114 aliis
3404 1060 3786 1130 relinquamus,

2204 1158 2259 1204 et
2287 1151 2358 1205 illi
2386 1150 2550 1229 aliis,
2583 1149 2745 1219 hique
2782 1167 2990 1204 rursum
3033 1153 3281 1221 posteris,
3314 1153 3494 1222 sicque
3527 1156 3782 1221 pecunia-

2204 1257 2322 1296 rum
2351 1254 2403 1297 et
2428 1243 2826 1313 possessionum
2853 1245 3273 1307 transmissores,
3301 1257 3357 1299 ut
3382 1246 3450 1299 ita
3482 1245 3676 1311 dicam,
3710 1246 3789 1300 ef-

2207 1334 2436 1401 ficimur,
2468 1351 2572 1390 non
2604 1350 2963 1404 possessores.
3013 1336 3149 1391 Hinc
3195 1353 3382 1407 magna
3436 1339 3735 1407 insipientia
3768 1356 3785 1405 ;

2205 1424 2330 1479 hinc
2355 1424 2506 1480 liberi
2540 1427 2709 1481 servis
2738 1427 2955 1481 viliores
2985 1428 3137 1482 fiunt.
3166 1427 3296 1481 Nam
3327 1443 3512 1482 servos
3549 1429 3648 1482 etsi
3680 1444 3785 1482 non

2204 1516 2442 1587 ipsorum
2468 1532 2646 1581 causa,
2682 1520 2847 1572 nostri
2877 1520 3045 1589 gratia
3085 1530 3262 1573 tamen
3302 1520 3623 1589 castigamus
3661 1538 3673 1572 :
3720 1521 3785 1573 li-

2203 1606 2321 1661 beri
2361 1615 2538 1662 autem
2574 1623 2679 1661 non
2707 1609 2819 1678 pari
2852 1607 3101 1662 fruuntur
3129 1608 3478 1678 providentia,
3510 1610 3601 1663 sed
3630 1626 3657 1664 a
3686 1626 3783 1664 no-

2203 1699 2286 1755 bis
2312 1700 2506 1755 minori
2532 1716 2690 1772 quam
2719 1701 2858 1756 servi
2888 1702 2937 1755 in
2966 1702 3137 1772 pretio
3177 1701 3459 1756 habentur.
3489 1702 3689 1772 Ecquid
3720 1702 3784 1758 de

2203 1792 2374 1847 servis
2395 1792 2623 1863 loquor?
2640 1792 2862 1854 Liberos
2889 1794 3061 1847 minus
3082 1807 3240 1863 quam
3265 1792 3494 1861 pecudes
3514 1808 3783 1858 curamus,

2203 1883 2271 1939 de
2296 1884 2461 1941 asinis
2485 1893 2540 1940 et
2567 1886 2718 1955 equis
2757 1884 2924 1954 magis
2951 1884 3162 1939 solliciti
3209 1899 3414 1949 sumus,
3443 1900 3600 1954 quam
3629 1885 3694 1939 de
3725 1884 3784 1937 li-

2206 1976 2308 2032 liis.
2336 1976 2532 2031 Mulum
2554 1977 2597 2031 si
2617 1977 2739 2048 quis
2763 1976 2975 2043 haheat,
3000 1976 3222 2031 multum
3250 1987 3399 2031 curat
3423 1988 3477 2030 ut
3499 1993 3782 2047 agasonem

2204 2068 2279 2124 illi
2306 2069 2563 2140 optimum
2592 2070 2888 2140 provideat,
2921 2086 3024 2124 non
3050 2070 3365 2140 improbum,
3396 2087 3499 2124 non
3526 2072 3781 2135 furacem,

2206 2176 2311 2216 non
2342 2162 2711 2228 temulentum,
2761 2177 2866 2217 non
2913 2163 3044 2217 artis
3087 2178 3199 2216 sure
3238 2163 3540 2232 imperitum
3569 2182 3583 2218 :
3613 2167 3654 2218 si
3687 2180 3783 2218 au-

2207 2260 2312 2307 tem
2341 2252 2452 2309 lio
2478 2253 2817 2323 pazdagogum
2844 2253 2972 2308 dare
3008 2268 3142 2322 opus
3185 2254 3272 2319 sit,
3316 2268 3440 2307 casu
3468 2262 3521 2307 et
3548 2255 3662 2307 sine
3691 2256 3782 2308 dc-

2204 2345 2345 2399 lectu
2371 2345 2583 2400 obvium
2605 2361 2867 2416 quemque
2894 2346 3218 2415 excipimus;
3249 2347 3345 2399 etsi
3374 2345 3472 2400 hac
3501 2354 3614 2400 arte
3639 2348 3782 2401 nulla

2205 2437 2276 2491 sit
2300 2436 2489 2505 major.
2535 2437 2671 2502 Quid
2715 2453 2811 2506 par
2857 2437 2931 2491 illi
2960 2438 3058 2492 arti
3101 2452 3220 2506 qua}
3249 2435 3539 2507 dirigenda}
3568 2438 3778 2503 animae,

2204 2538 2258 2583 et
2282 2528 2624 2584 eormandae
2649 2529 2863 2599 juvenis
2890 2530 3052 2583 menti
3089 2539 3142 2585 et
3168 2529 3333 2583 indoli
3361 2530 3653 2583 incumbit?
3681 2531 3780 2596 Qui

2207 2621 2293 2676 tali
2325 2622 2616 2676 instructus
2644 2632 2725 2677 est
2770 2621 3036 2687 facultate,
3080 2621 3196 2690 plus
3222 2620 3508 2690 diligentia:
3536 2621 3781 2676 exhibeat

2203 2722 2436 2782 oportet,
2466 2728 2622 2783 quam
2655 2713 2827 2783 quivis
2859 2712 3029 2782 pictor
3052 2721 3144 2765 aut
3178 2713 3482 2766 statuarius.
3511 2713 3578 2766 At
3607 2728 3703 2767 nos
3730 2712 3780 2766 id

2204 2806 2332 2859 nihil
2358 2821 2626 2871 curamus,
2656 2806 2745 2860 sed
2792 2804 2841 2858 id
2886 2820 3047 2858 unum
3090 2812 3392 2872 spectamus
3420 2845 3434 2866 ,
3465 2812 3522 2857 ut
3551 2803 3780 2873 linguam

2202 2896 2422 2951 ediscat.
2467 2895 2705 2965 llludque
2748 2896 3034 2964 satagimus
3070 2903 3271 2948 tantum
3303 2909 3461 2964 opum
3503 2895 3779 2964 acquiren-

2201 2988 2386 3042 darum
2413 3003 2592 3041 causa.
2624 2986 2740 3041 Non
2768 2987 2908 3042 enim
2941 2996 2996 3040 ut
3022 2986 3162 3056 loqui
3192 2987 3385 3054 valeat,
3415 2986 3506 3040 sed
3537 2996 3594 3040 ut
3622 3002 3779 3056 pecu-

2200 3091 2315 3144 nias
2345 3089 2577 3159 colligat,
2623 3089 2856 3157 linguam
2900 3086 3120 3153 ediscit;
3154 3085 3224 3139 ita
3269 3093 3326 3138 ut
3369 3085 3413 3139 si
3462 3085 3660 3153 absque
3703 3083 3780 3136 ln-

2199 3180 2393 3251 quendi
2438 3180 2685 3235 facultate
2732 3187 2950 3249 possent
2994 3178 3292 3243 ditescere,
3349 3176 3478 3231 nihil
3527 3176 3662 3231 hanc
3700 3175 3780 3230 di-

2199 3271 2472 3341 sciplinam
2517 3285 2845 3325 curaremus.
2884 3268 3071 3323 Viden
3097 3280 3292 3338 quanta
3335 3269 3405 3322 sit
3440 3269 3778 3339 pecuniarum

2201 3361 2475 3432 tyrannis?
2499 3360 2767 3431 quomodo
2794 3360 2969 3413 omnia
2998 3358 3230 3425 invadat,
3262 3357 3608 3427 hominesque
3640 3369 3777 3411 tam-

2198 3469 2356 3522 quam
2400 3453 2656 3519 mancipia
2697 3451 2938 3519 qumdam
2970 3450 3141 3502 vineta
3171 3448 3346 3502 trahat
3384 3463 3490 3518 quo
3521 3448 3686 3501 velit?
3713 3450 3783 3502 At

2198 3545 2337 3614 quod
2368 3546 2569 3598 lucrum
2600 3544 2752 3598 nobis
2782 3558 2847 3597 ex
2882 3552 2959 3596 tot
3002 3540 3498 3597 criminationibus?
3527 3541 3630 3595 Nos
3656 3556 3778 3594 vcr-

2198 3637 2278 3691 bis
2310 3637 2450 3690 illam
2481 3635 2812 3707 tyrannidem
2863 3636 3165 3704 impetimus
3191 3652 3204 3689 :
3234 3634 3319 3687 illa
3352 3634 3512 3688 rebus
3550 3648 3647 3688 nos
3682 3649 3774 3687 su-

2197 3740 2368 3802 perat.
2398 3730 2661 3784 Caeterum
2712 3744 2882 3798 neque
2932 3730 3009 3781 sie
3053 3727 3381 3781 cessabimus
3427 3727 3567 3780 illam
3604 3728 3779 3780 verbis

2196 3823 2463 3893 exagitare
2487 3839 2500 3875 :
2532 3831 2587 3876 et
2606 3822 2649 3876 si
2674 3821 2800 3890 quid
2829 3821 3069 3874 oratione
3093 3834 3499 3888 consequamur,
3528 3830 3580 3872 et
3603 3833 3698 3872 nos
3727 3827 3779 3871 ct

2197 3931 2290 3969 vos
2317 3913 2674 3978 lncrabimur;
2716 3913 2797 3965 sin
2842 3914 2892 3965 in
2933 3913 3207 3981 proposito
3239 3910 3609 3979 perseveretis,
3638 3911 3777 3979 quod

2195 4006 2362 4061 nostri
2384 4003 2544 4058 officii
2573 4011 2687 4057 erat
2713 4001 3113 4071 perfecerimus.
3144 4001 3283 4055 Deus
3313 4010 3490 4053 autem
3536 4009 3589 4055 et
3618 4016 3709 4053 vos
3745 4015 3773 4053 a

2196 4096 2382 4151 morbo
2409 4095 2502 4148 illo
2549 4094 2757 4158 liberet,
2792 4103 2845 4147 et
2874 4092 3027 4146 nobis
3066 4091 3115 4145 id
3141 4091 3400 4155 conferat,
3434 4100 3491 4145 ut
3536 4092 3586 4144 in
3628 4091 3777 4144 vobis

2194 4192 2485 4262 gloriemur
2509 4206 2522 4242 :
2549 4186 2800 4257 quoniam
2829 4186 2924 4255 ipsi
2954 4185 3118 4255 gloria
3136 4194 3189 4238 et
3213 4185 3491 4253 imperium
3516 4184 3564 4238 in
3583 4184 3774 4238 Stecnla

2195 4282 2529 4336 saeculorum.
2564 4281 2756 4333 Amen.

1718 4497 2057 4559 HOMILIA
2098 4495 2235 4555 LX.
2281 4494 2365 4554 al.
2412 4492 2576 4552 LXI.

502 4653 631 4709 CAP.
663 4653 750 4708 18.
794 4668 847 4705 .
892 4651 980 4706 i5.
1035 4650 1096 4705 Si
1146 4648 1418 4720 peccaverit
1445 4646 1497 4699 in
1522 4655 1570 4700 te
1598 4648 1755 4717 frater
1779 4657 1912 4704 tuus,
1936 4642 2079 4706 vade,

576 4745 773 4815 corripe
797 4743 942 4797 illum
970 4743 1098 4795 inter
1123 4750 1169 4794 te
1191 4748 1236 4793 et
1260 4741 1425 4810 ipsum
1450 4737 1634 4792 solum.
1669 4735 1729 4790 Si
1759 4744 1805 4789 te
1824 4733 2038 4787 audierit
2068 4775 2081 4795 ,

577 4839 798 4890 lucratus
823 4851 875 4888 es
900 4836 1110 4905 fratrem
1140 4841 1314 4896 tuum;
1341 4831 1419 4882 sin
1447 4844 1546 4882 non
1574 4827 1811 4890 audierit,
1836 4834 1942 4879 etc.

577 4931 629 4984 .
663 4929 793 4997 Quia
826 4927 935 4982 acri
962 4926 1203 4980 oratione
1239 4925 1497 4977 adversus
1532 4935 1626 4975 eos
1652 4918 1741 4989 qui
1762 4918 1882 4973 aliis
1908 4916 2079 4972 offen-

507 5020 684 5073 diculo
710 5029 891 5073 essent
918 5031 1066 5081 usus,
1094 5013 1324 5083 undique
1354 5011 1472 5065 illos
1499 5017 1764 5065 terruerat
1788 5050 1802 5073 ,
1834 5022 1903 5062 ne
1928 5006 2075 5061 dein-

507 5127 633 5180 ccps
664 5109 838 5178 supini
871 5114 1148 5161 manerent
1176 5105 1209 5159 ii
1240 5105 1329 5174 qui
1352 5101 1693 5157 scandalizati
1718 5100 1957 5164 fuerant,
1989 5112 2082 5151 ne

504 5220 606 5273 que
638 5201 739 5256 rati
780 5209 947 5254 totum
995 5201 1048 5253 in
1089 5198 1222 5253 alios
1263 5194 1562 5266 conjectum
1612 5192 1811 5253 fuisse,
1847 5191 1898 5244 in
1940 5188 2077 5242 aliud

506 5296 689 5348 vitium
718 5299 1129 5362 prorumperent
1154 5288 1484 5341 luxuriantes
1506 5326 1520 5349 ,
1554 5293 1608 5339 et
1636 5297 1694 5338 se
1719 5281 1864 5336 cultu
1891 5280 2079 5350 dignos

505 5390 639 5452 rati,
669 5385 722 5441 in
756 5383 1111 5453 arrogantiam
1139 5379 1450 5434 devenirent
1469 5420 1484 5443 ,
1510 5375 1633 5431 vide
1661 5374 1927 5445 quomodo
1956 5372 2075 5426 illos

505 5479 795 5549 reprimat,
819 5474 1109 5544 iubeatque
1147 5470 1572 5539 redargutionem
1616 5468 1755 5521 inter
1791 5466 1924 5519 duos
1964 5473 2077 5516 tan-

502 5582 614 5625 tum
644 5568 756 5623 fieri
788 5583 801 5622 :
837 5580 903 5620 ne
934 5564 1158 5634 plurium
1184 5559 1484 5615 testimonio
1512 5558 1805 5628 graviorem
1830 5554 2077 5609 redderet

500 5660 888 5716 accusationem
913 5695 931 5724 ,
956 5663 1011 5711 et
1034 5652 1352 5723 petulantior
1383 5651 1470 5704 ille
1496 5651 1665 5703 factus
1684 5688 1700 5714 ,
1729 5657 1914 5701 curato
1934 5645 2075 5699 diffi-

490 5754 652 5809 cilior
680 5752 830 5808 foret.
866 5748 991 5806 Ideo
1019 5746 1093 5802 ait
1118 5762 1131 5800 :
1173 5743 1309 5798 Inter
1340 5753 1386 5798 te
1414 5752 1459 5797 et
1482 5742 1647 5812 ipsum
1675 5740 1853 5795 solum.
1893 5738 1951 5794 Si
1976 5756 2069 5792 au-

2194 4637 2341 4691 dierit
2363 4679 2377 4699 ,
2421 4636 2643 4705 lucratus
2685 4635 2781 4687 eris
2816 4636 3019 4687 fratrem
3050 4643 3210 4686 tuum.
3241 4632 3375 4701 Quid
3406 4642 3488 4688 est
3515 4633 3641 4688 illud
3667 4675 3681 4698 ,
3711 4636 3773 4690 Si

2193 4729 2454 4783 audierit?
2481 4728 2535 4782 Si
2568 4742 2626 4779 se
2654 4726 3020 4789 damnaverit,
3052 4726 3093 4779 si
3139 4741 3446 4794 persuasum
3496 4726 3689 4781 habeat
3713 4744 3772 4781 se

2194 4835 2461 4891 peccasse.
2493 4817 2743 4871 Lucratus
2771 4833 2823 4870 es
2853 4821 3059 4887 fratrem
3083 4827 3242 4869 tuum.
3270 4817 3383 4871 Non
3415 4818 3562 4884 dicit,
3587 4834 3771 4887 pteuas

2188 4910 2458 4981 expetiisti
2500 4918 2753 4979 quantum
2804 4908 2930 4960 satis
2960 4916 3074 4961 erat
3097 4949 3111 4969 ,
3145 4907 3240 4961 sed
3266 4949 3279 4972 ,
3310 4907 3558 4963 Lucratus
3577 4926 3628 4963 er
3658 4911 3767 4978 fra-

2188 5013 2314 5056 trem
2345 5010 2521 5054 tuum:
2554 5008 2610 5053 ut
2635 4998 2881 5052 ostendat
2906 5014 2969 5053 ex
3002 4998 3274 5052 inimicitia
3302 5014 3584 5054 commune
3606 5000 3771 5054 detri-

2187 5103 2429 5151 mentum
2450 5094 2598 5149 oriri.
2633 5092 2750 5146 Non
2780 5092 2924 5146 enim
2954 5092 3120 5157 dixit,
3154 5092 3412 5146 anratus
3441 5102 3523 5147 est
3549 5093 3636 5147 ille
3658 5095 3767 5148 sci-

2186 5204 2363 5258 psum,
2392 5186 2509 5253 sed,
2537 5186 2614 5240 Tu
2643 5185 2816 5254 ipsum
2848 5184 3084 5237 lucratus
3108 5199 3167 5238 es
3192 5200 3205 5247 ;
3234 5185 3425 5254 quibus
3452 5184 3690 5239 declarat
3715 5196 3768 5238 et

2185 5279 2329 5334 hunc
2358 5288 2412 5334 et
2451 5278 2597 5332 illum
2629 5276 3004 5330 detrimentum
3033 5284 3185 5328 antea
3214 5290 3399 5343 passos
3428 5289 3567 5339 esse,
3600 5276 3762 5330 alium

2184 5369 2368 5425 fratris
2392 5411 2406 5434 ,
2437 5368 2598 5423 alium
2644 5367 2828 5421 salutis
2870 5381 3001 5420 sum.
3043 5365 3123 5420 Ad
3154 5364 3256 5420 hoc
3296 5366 3609 5421 hortabatur
3642 5381 3763 5422 cum

2185 5460 2398 5516 sederet
2422 5460 2475 5513 in
2508 5468 2688 5513 monte
2714 5475 2727 5510 :
2756 5458 2916 5512 modo
2947 5458 3130 5511 laesum
3153 5456 3218 5511 ad
3245 5456 3526 5511 laedentem
3550 5457 3763 5511 mittens

2184 5565 2236 5610 et
2278 5555 2459 5609 dicens
2486 5574 2497 5609 :
2529 5554 2589 5609 Si
2615 5553 2684 5607 ad
2724 5554 2885 5607 altare
2929 5563 3069 5607 stans
3113 5551 3407 5605 recordatus
3448 5551 3604 5620 fueris
3644 5554 3763 5621 quia

2183 5650 2341 5717 frater
2369 5655 2485 5699 tuus
2510 5646 2654 5698 habet
2680 5644 2869 5713 aliquid
2897 5644 3161 5697 adversum
3187 5653 3253 5710 te,
3278 5643 3421 5709 vade,
3442 5644 3763 5697 reconciliare

2179 5738 2331 5807 fratri
2377 5748 2458 5791 tuo
2505 5736 2717 5809 (Matth.
2752 5736 2803 5791 5.
2835 5736 2924 5791 25.
2953 5735 3089 5805 2);
3135 5735 3295 5791 modo
3340 5736 3524 5790 lmsum
3571 5733 3761 5804 jnbens
