4140 6376
253 372 361 429 335

252 493 564 564 περιιόντας
617 494 714 546 καὶ
771 493 1128 564 σωφροσύνης
1176 497 1438 567 ἐρήμους,
1499 496 1778 567 πορνείαις
1831 496 1926 548 καί⁵

249 578 437 642 κύϐοις
464 577 562 632 καὶ
593 580 714 641 ταῖς
736 578 795 630 ἐν
828 580 943 641 τοῖς
976 580 1314 649 παρανόμοις
1346 578 1591 649 θεάτροις
1623 578 1924 650 διατριϐαῖς

249 659 798 730 καταισχυνομένους,
829 660 947 713 δέον
975 660 1082 731 πρὸ
1104 663 1206 732 τῆς
1230 662 1486 730 πορνείας
1509 663 1728 730 γυναικὶ
1756 679 1925 734 παρα-

248 742 452 809 δοῦναι,
483 742 702 809 γυναικὶ
735 742 972 812 σώφρονι
1012 744 1106 796 καὶ
1148 744 1466 815 σοφωτάτῃ·
1502 743 1639 816 αῦτη
1676 744 1786 815 7&9
1830 745 1925 798 καὶ

248 827 348 895 τῆς
371 825 726 895 ἀτοπωτάτης
754 824 949 889 ἀπάξει
970 826 1017 857 ’⁸
1032 826 1315 897 διατριϐῆς
1337 826 1428 881 τὸν
1445 826 1634 899 ἄνδρα,
1677 826 1772 879 καὶ
1803 826 1919 881 άντί

250 908 465 979 χαλινοῦ
502 908 581 980 τῷ
634 908 801 979 πώλῳ
850 910 1162 979 γενήσεται.
1222 910 1358 963 Οὐδὲ
1410 909 1519 980 7&9
1555 909 1818 980 ἑτέρωθεν
1867 908 1924 959 αί

253 990 496 1060 πορνεῖαι
516 988 610 1042 καὶ
631 990 686 1041 αἰ
717 991 967 1059 μοιχεῖαι,
988 988 1104 1041 ἀλλ’
1126 989 1170 1019 ³⁷
1193 989 1256 1041 ἐκ
1275 986 1370 1041 τοῦ
1394 989 1626 1057 ἀφέτους
1646 984 1926 1050 εἶναιτοὺς

252 1068 424 1131 νέους.
473 1068 571 1120 Ἂν
599 1068 709 1136 γὰρ
738 1070 969 1135 γυναῖκα
1000 1066 1098 1138 ἔχῃ
1128 1067 1374 1139 συνετὴν,
1401 1068 1495 1122 καὶ
1520 1067 1697 1130 οἰκίας
1726 1068 1923 1137 ἐπιμε-

251 1152 494 1222 λήσεται,
519 1150 615 1203 καὶ
654 1148 831 1219 δόξης,
866 1152 961 1203 καὶ
986 1149 1323 1221 ὑπολήψεως.
1366 1149 1524 1204 Ἀλλά
1555 1149 1672 1214 νέος
1701 1150 1748 1181 ³⁸
1782 1150 1947 1214 ἐστὶ,⁵

252 1232 435 1303 φησίν.
473 1231 604 1285 Οἶδα
628 1232 802 1300 κάγώ.
840 1233 903 1286 Εἰ
948 1231 1054 1303 7&9
1087 1236 1115 1286 ὁ
1149 1233 1334 1286 Ἰσαάκ
1359 1232 1766 1304 τεσσαράκοντα
1790 1232 1925 1288 ἐτῶν

251 1316 329 1370 ὣν
360 1317 459 1389 τὴν
496 1315 713 1386 νύμφην
755 1314 993 1385 ἠγάγετο
1020 1316 1065 1347 ²⁹
1089 1357 1104 1380 ,
1157 1318 1214 1368 ἐν
1261 1314 1530 1386 παρθενίᾳ
1570 1315 1669 1386 τὴν
1708 1316 1924 1386 ἠλικίαν

253 1402 432 1455 πᾶσαν
460 1400 675 1469 ἐκείνην
702 1399 922 1466 διάγων,
957 1398 1135 1469 πολλῷ
1165 1398 1363 1469 μᾶλλον
1386 1400 1512 1463 τοὺς
1557 1400 1614 1452 ὲν
1640 1402 1704 1469 τῇ
1739 1400 1924 1471 χάριτι

252 1484 405 1547 νέους
430 1485 529 1554 τὴν
558 1482 873 1553 φιλοσοφίαν
900 1481 1105 1553 ταύτην
1132 1483 1321 1535 ἀσκεῖν
1356 1481 1482 1535 ἔδει.
1540 1481 1701 1535 Ἀλλά
1732 1482 1784 1534 τί
1816 1482 1924 1536 πά-

251 1567 364 1633 θω;
397 1568 510 1621 Οὐκ
537 1565 793 1634 ἀνέχεσθε
817 1565 915 1635 τῆς
946 1564 1302 1637 σωφροσύνης
1325 1562 1503 1617 αὐτῶν
1524 1563 1921 1635 ἐπιμελεῖσθαι,

252 1648 388 1703 ἀλλὰ
420 1649 712 1720 πριορᾶτε
754 1647 1300 1717 καταισχυνομένους,
1365 1645 1781 1718 μολυνομένους,
1833 1649 1924 1701 ἐν·

251 1735 406 1800 αγεῖς
434 1732 478 1763 “
515 1731 851 1801 γινομένους,
894 1732 994 1784 οὐκ
1041 1729 1242 1793 εἰδότες
1294 1730 1373 1783 ὅτι
1404 1728 1584 1800 γάμου
1617 1729 1806 1802 κέρδος
1859 1731 1922 1786 τὸ

252 1812 493 1884 καθαρὸν
529 1814 851 1883 διατηρῆσαι
890 1811 951 1865 τὸ
998 1812 1187 1883 σῶμα’
1234 1813 1338 1866 κᾶν
1368 1812 1522 1867 τοῦτο
1562 1813 1636 1883 μὴ
1682 1811 1738 1889 ᾖ,
1768 1815 1921 1869 οὐδὲν

251 1893 442 1962 ὄφελος
475 1894 671 1965 γάμου.
722 1894 910 1964 Ὑμεῖς
953 1892 1010 1946 δὲ
1053 1892 1358 1946 τούναντίον
1386 1896 1588 1946 ποιεῖτε
1610 1908 1626 1922 ⁸
1665 1896 1793 1949 ὅταν
1822 1913 1924 1965 μυ-

256 1979 387 2050 ρίων
446 1977 801 2049 ἐμπλησθῶσι
844 1976 1117 2048 κηλίδων,
1178 1976 1298 2030 τότε
1352 1976 1550 2041 αὐτοὺς
1606 1978 1699 2031 ἐπὶ
1745 1980 1922 2050 γάμον

251 2060 436 2128 ἄγετε,
468 2059 589 2130 εἰκῆ
628 2058 725 2113 καὶ
764 2059 958 2129 μάτην.
993 2061 1085 2112 Δεῖ
1110 2058 1220 2131 7&9
1260 2059 1573 2130 ἀναμεῖναι,
1624 2061 1806 2131 φησὶν,
1838 2061 1922 2115 ἴνα

252 2143 536 2213 εὐδόκιμος
560 2142 802 2211 γένηται,
846 2142 932 2195 ἵνα
970 2143 1026 2195 ἐν
1054 2144 1167 2206 τοῖς
1200 2142 1499 2205 πολιτικοῖς
1529 2141 1720 2216 λάμψῃ
1744 2136 1937 2216 πρειίγ-Δ

198 2258 203 2261 -
258 2244 411 2298 μασι⁸
444 2227 543 2296 τῆς
562 2228 618 2280 δὲ
642 2226 819 2298 ψυχῆς
850 2227 975 2296 ὑμῖν
997 2226 1038 2257 ³¹
1063 2226 1237 2290 οὐδεὶς
1275 2224 1450 2294 λόγος,
1475 2224 1610 2279 ἀλλά
1635 2230 1923 2299 περιορᾶτε

253 2313 422 2382 αὐτὴν
437 2313 793 2384 ἐρριμμένην.
819 2310 917 2364 Διά
930 2310 1085 2363 τοῦτο
1108 2311 1285 2364 πάντα
1312 2309 1623 2380 συγχύσεως
1644 2310 1925 2381 γέμει,καὶ

254 2395 478 2462 ἀταξίας
525 2396 618 2449 καὶ
660 2395 926 2467 ταραχῆς,
966 2395 1047 2448 ὅτι
1092 2395 1367 2465 πάρεργον
1399 2393 1559 2465 αῦτη,
1602 2396 1685 2448 ὃτι
1727 2394 1795 2449 τά
1826 2397 1925 2467 μὲν

254 2479 526 2548 ἀναγκαῖα
550 2478 840 2550 ἠμέληται,
879 2477 947 2532 τά
971 2477 1026 2531 δὲ
1052 2477 1241 2548 εὐτελῆ
1281 2476 1484 2547 πολλῆς
1512 2479 1767 2548 τυγχάνει
1793 2497 1925 2550 προ-

253 2561 420 2624 νοίας.
458 2561 573 2615 Οὐκ
597 2558 773 2623 οἶσθα,
806 2562 887 2614 ὅτι
916 2561 1066 2613 οὐδὲν
1097 2559 1334 2613 τοιοῦτον
1356 2561 1518 2630 χαριῇ
1548 2559 1623 2629 τῷ
1652 2561 1819 2625 παιδὶ,
1851 2562 1926 2627 ὡς

253 2645 317 2698 τὸ
341 2644 574 2714 φυλάξαι
601 2646 862 2716 πορνικῆς
883 2645 926 2676 ³¹
948 2644 1287 2715 ἀκαθαρσίας
1309 2644 1574 2716 καθαρόν;
1602 2646 1794 2716 Ψυχῆς
1818 2645 1927 2717 7&9

255 2727 372 2780 ἴσον
393 2727 561 2781 οὐδέν.
592 2727 714 2781 Ὅτι
758 2729 819 2783 Τί
858 2728 1172 2797 ὠφελεῖται
1220 2726 1549 2795 ἄνθρωπος,
1601 2730 1783 2799 φησὶν,
1820 2730 1927 2784 ἐὰν

254 2810 365 2864 τὸν
389 2812 621 2880 κόσμον
650 2811 798 2865 ὅλον
826 2810 1114 2879 κερδήσῃ,
1146 2810 1262 2878 τὴν
1288 2809 1356 2864 δὲ
1384 2811 1596 2880 ψυχὴν
1622 2813 1807 2867 αὑτοῦ
1834 2814 1927 2881 ζη-

248 2892 478 2963 μωθῇ;
518 2894 678 2950 Ἀλλά
709 2894 816 2966 7&9
865 2895 1041 2948 πάντα
1088 2896 1116 2948 ὁ
1150 2895 1258 2949 τῶν
1303 2895 1599 2967 χρημάτων
1643 2896 1782 2967 ἐρως
1830 2898 1925 2951 ἀν-

255 2978 450 3047 έτρεψε
495 2979 588 3032 καὶ
633 2977 922 3042 κατέδαλε,
967 2978 1063 3032 καὶ
1099 2978 1193 3032 τοῦ
1234 2978 1368 3032 Θεοῦ
1406 2979 1497 3033 τὸν
1531 2980 1733 3051 ἀκριϐῆ
1762 2980 1925 3049 φόϐον

255 3062 622 3131 παρώθησεν,
676 3062 866 3132 ὥσπερ
929 3078 1013 3125 τις
1073 3062 1334 3133 τύραννος
1396 3063 1729 3133 ἀκρόπολιν,
1782 3062 1925 3118 οὓτω

254 3143 356 3206 τὰς
414 3143 522 3197 τῶν
581 3143 883 3214 ἀνθρώπιον
937 3144 1114 3215 ψυχάς
1171 3145 1491 3199 καταλαϐών
1525 3147 1602 3200 ³³.
1663 3146 1757 3200 Διὸ
1829 3149 1924 3202 καὶ

255 3230 355 3295 τῆς
405 3226 512 3279 τῶν
564 3227 769 3280 παίδων
826 3229 920 3281 καί
975 3228 1077 3295 τῆς
1132 3228 1407 3299 ἡμετέρας
1462 3228 1770 3299 ἀμελοῦμεν
1821 3247 1926 3284 σω-

253 3309 488 3379 τηρίας,
553 3311 612 3363 ἓν
675 3310 832 3380 μόνον
895 3311 1260 3376 σκοποῦντες,
1338 3313 1484 3375 ὅπως
1560 3312 1925 3385 εὐπορώτεροι

253 3392 570 3463 γενόμενοι,
622 3394 852 3448 πλοῦτον
910 3394 1117 3466 ἐτέροις
1157 3395 1420 3467 ἀφῶμεν,
1481 3398 1722 3451 κάκεῖνοι
1764 3399 1924 3452 πάλιν

1431 371 1497 427 ΙΝ
1525 368 1936 428 ΜΑΤΤΗᾹΞΗΜ
1977 368 2211 426 ιιοΜιι..
2248 371 2360 431 LX.
2399 375 2469 431 al.
2505 374 2639 430 LXI.

3600 377 3703 432 586-

2026 496 2227 560 άλλοις,
2275 498 2368 550 καὶ
2416 498 2464 550 οἱ
2517 497 2632 567 μετ’
2666 496 2907 558 ἐκείνους
2956 497 3069 558 τοῖς
3119 495 3233 566 μετ’
3261 494 3479 562 αὐτοὺς,
3525 500 3703 569 παρά-

2026 578 2234 650 πομποι
2280 596 2424 643 τινες
2469 581 2579 632 τῶν
2637 578 2925 651 ἡμετέρων
2972 577 3020 609 ³⁸
3069 577 3343 648 γινόμενοι
3406 578 3702 650 κτημάτων

2025 677 2085 713 τε
2172 659 2266 713 καὶ
2343 660 2644 730 χρημάτων
2668 700 2683 721 ,
2754 659 2870 713 ἀλλ’
2924 659 2986 711 οὐ
3062 658 3339 713 δεσπόται.
3421 660 3701 715 Ἐντεῦθεν

2025 741 2193 813 πολλὴ
2225 744 2259 813 ἡ
2298 742 2452 799 ἄνοια
2474 759 2487 772 ·
2518 742 2767 797 ἐντεῦθεν
2794 742 2902 796 τῶν
2939 741 3143 796 δούλων
3164 743 3226 799 ,οἱ
3264 742 3540 814 ἐλεύθεροι
3574 744 3696 798 ἀτι-

2029 825 2263 895 μότεροι,
2304 824 2454 899 [605]
2486 828 2612 890 Τοῖς
2647 825 2744 896 μὲν
2772 825 2879 897 7&9
2902 824 3131 890 δούλοις,
3180 827 3230 878 εἰ
3274 826 3368 879 καὶ
3401 826 3475 897 μὴ
3514 827 3583 880 δι’
3603 830 3703 883 αὐ-

2023 910 2171 973 τοὺς,
2206 909 2343 963 ἀλλά
2370 909 2437 962 δι’
2467 911 2614 980 ἡμᾶς
2640 910 2835 972 αὐτοὺς
2862 910 3207 980 ἐπιτιμῶμεν
3226 927 3239 941 ’
3264 911 3313 962 οἱ
3336 910 3392 964 δὲ
3425 912 3700 984 ἐλεύθεροι

2025 991 2147 1045 οὐδὲ
2175 991 2381 1063 ταύτης
2409 991 2745 1046 ἀπολαύουσι
2762 992 2872 1061 ,τῆς
2904 992 3179 1061 προνοίας.
3204 990 3342 1045 ἀλλά
3374 993 3470 1046 καὶ
3496 994 3700 1048 τούτων

2025 1076 2159 1145 ἡμῖν
2197 1078 2335 1129 εἰσιν
2365 1075 2752 1148 εὐτελέστεροι.
2786 1077 2895 1129 Καὶ
2925 1076 2979 1129 τί
3007 1076 3153 1142 λέγω
3181 1076 3291 1130 τῶν
3317 1077 3553 1143 δούλων;
3587 1079 3701 1133 Καὶ

2025 1158 2136 1229 γὰρ
2178 1158 2541 1229 βοσκημάτων
2579 1161 2628 1212 οἰ
2679 1159 2868 1222 παῖδες
2912 1159 3246 1231 ἀτιμότεροι,
3282 1162 3379 1215 καί⁹
3425 1161 3562 1215 ὄνων
3603 1163 3701 1215 καὶ

2025 1242 2207 1296 ἵππων
2248 1242 2446 1313 μᾶλλον
2474 1242 2902 1313 ἐπιμελούμεθα,
2934 1243 2967 1314 ἦ
3002 1243 3226 1298 παίδων.
3261 1243 3383 1297 Κᾶν
3410 1243 3508 1315 μὲν
3538 1244 3702 1313 ἡμίο-

2026 1327 2115 1381 νόν
2154 1344 2236 1390 τις
2277 1326 2396 1399 ἔχῃ,
2439 1326 2609 1398 πολλὴ
2633 1327 2727 1396 ή³⁸
2782 1328 3001 1397 φροντὶς
3032 1326 3173 1380 ὥστε
3220 1326 3486 1399 ὀνηλάτην
3519 1329 3700 1399 εὑρεῖν

2025 1409 2267 1480 ἄριστον,
2304 1410 2398 1463 καὶ
2427 1412 2561 1481 μήτε
2592 1410 2901 1480 ἀγνώμονα,
2945 1409 3020 1482 μὴ
3049 1408 3310 1480 κλέπτην,
3340 1410 3414 1482 μὴ
3442 1411 3695 1481 μέθυσον,

2029 1493 2105 1563 μὴ
2131 1492 2233 1561 τῆς
2264 1492 2460 1565 τέχνης
2505 1494 2733 1563 ἄπειρον
2753 1511 2766 1526 ο
2814 1493 2881 1548 ἂν
2910 1493 2968 1547 δὲ
2993 1495 3138 1565 ψυχῇ
3178 1494 3367 1558 παιδὸς
3406 1494 3698 1563 ἐπιστῆσαι

2024 1574 2118 1646 δέῃ
2163 1575 2535 1645 παιδαγωγὸν,
2582 1575 2769 1639 ἁπλῶς
2812 1576 2908 1630 καὶ
2953 1576 3028 1640 ὡς
3074 1575 3232 1647 ἐτυχε
3261 1578 3354 1628 τδν
3402 1576 3699 1631 ἐπελθόντα

2025 1657 2348 1730 αἱρούμεθα.
2378 1659 2634 1728 Καίτοιγε
2670 1660 2767 1731 τῆς
2792 1659 2986 1730 τέχνης
3018 1660 3227 1731 ταύτης
3252 1661 3353 1713 οὐκ
3383 1659 3530 1714 ἔστιν
3560 1662 3697 1733 ἄλλη

2029 1738 2249 1811 μείζων.
2281 1741 2347 1794 Τί
2367 1742 2475 1811 γὰρ
2497 1743 2610 1795 ἰσον
2636 1741 2731 1796 τοῦ
2763 1743 3024 1813 ῥυθμίσαι
3051 1742 3251 1814 ψυχὴν,
3282 1743 3379 1796 καὶ
3402 1744 3699 1800 διαπλάσαι

2023 1824 2143 1877 νέου
2182 1824 2455 1889 διάνοιαν;
2487 1826 2597 1879 Καὶ
2624 1824 2733 1898 7&9
2750 1827 2796 1859 ³⁸
2820 1825 3020 1889 παντὸς
3052 1826 3348 1896 ζωγράφου
3379 1827 3476 1880 καὶ
3498 1828 3702 1894 παντὸς

2023 1906 2463 1978 ἀνδριαντοποιοῦ
2494 1908 2587 1961 τὸν
2611 1908 2816 1981 ταύτην
2849 1909 3045 1979 ἔχοντα
3066 1911 3166 1981 τὴν
3197 1912 3509 1982 ἐπιστήμην
3536 1913 3698 1983 άκρι-

2024 1989 2280 2062 6έστερον
2323 1990 2626 2045 διακεῖσθαι
2682 1993 2810 2063 χρή.
2867 1992 3007 2045 Ἀλλ’
3059 1993 3221 2065 ἡμεῖς
3268 1994 3456 2048 οὐδένα
3507 1994 3698 2048 τούτου

2025 2073 2323 2144 ποιούμεθα
2349 2074 2528 2144 λόγον,
2552 2074 2668 2129 ἀλλ’
2700 2075 2758 2128 ἐν
2790 2075 3009 2147 ὁρῶμεν
3046 2076 3230 2146 μόνον,
3250 2076 3399 2141 ὅπως
3433 2076 3697 2149 παιδευθῇ

2023 2157 2122 2228 τὴν
2154 2157 2421 2227 γλῶτταν.
2457 2159 2566 2213 Καὶ
2597 2158 2755 2213 τοῦτο
2783 2160 2840 2213 δὲ
2869 2160 2958 2213 διά
3002 2161 3260 2232 χρήματα
3293 2162 3456 2216 πάλιν
3496 2162 3697 2214 ἐσπου-

2024 2241 2287 2312 δάκαμεν.
2318 2242 2391 2295 Οὐ
2419 2243 2530 2314 7&9
2566 2244 2653 2295 ἵνα
2681 2242 2906 2315 δύνηται
2936 2245 3136 2312 λέγειν,
3162 2245 3276 2300 ἀλλ’
3308 2246 3398 2300 ἵνα
3426 2243 3698 2317 χρηματί-

2026 2322 2208 2394 ζηται,
2234 2325 2492 2394 μανθάνει
2520 2325 2581 2379 τὸ
2604 2325 2785 2394 λέγειν
2806 2343 2820 2357 ·
2847 2327 2923 2390 ὡς
2944 2329 2994 2380 εἰ
3026 2327 3156 2398 ἐξῆν
3184 2329 3278 2382 καὶ
3303 2328 3474 2399 χωρὶς
3501 2326 3696 2380 τούτου

2026 2406 2296 2474 πλουτεῖν,
2330 2407 2505 2471 οὐδεὶς
2535 2412 2669 2479 ἡμῖν
2694 2404 2763 2481 ἢν
2789 2410 2908 2465 οὐδὲ
2934 2411 3126 2465 τούτου
3154 2413 3335 2481 λόγος.
3366 2410 3521 2476 Εἶδες
3553 2411 3697 2480 πόση

2025 2487 2136 2541 τῶν
2175 2490 2474 2560 χρημάτων
2516 2493 2547 2560 ὴ
2592 2493 2881 2562 τυραννίς;
2941 2493 3058 2557 πῶς
3099 2494 3277 2549 πάντα
3318 2495 3570 2564 κατέσχε,
3602 2494 3701 2547 καὶ.

2026 2571 2275 2643 καθάπερ
2320 2573 2626 2644 ἀνδράποδά
2664 2592 2783 2629 τινα
2831 2577 2927 2629 καὶ
2964 2577 3258 2648 θρέμματα
3300 2577 3511 2648 δήσασα
3547 2576 3697 2630 ἕλκει

2026 2655 2269 2726 ὅπουπερ
2291 2656 2357 2710 ἀν
2382 2656 2542 2728 θέλῃς
2582 2658 2743 2712 Ἀλλά
2773 2658 2823 2712 τί
2855 2659 2915 2713 τὸ
2941 2661 3132 2730 κέρδος
3155 2661 3263 2714 ἀπὸ
3291 2660 3399 2714 τῶν
3428 2659 3698 2714 τοσούτων

2027 2737 2391 2808 ἐγκλημάτων
2415 2742 2582 2809 ήμῖν;
2625 2742 2818 2811 Ἡμεῖς
2866 2743 2965 2815 μὲν
3011 2743 3120 2817 γὰρ
3160 2747 3273 2808 τοῖς
3313 2743 3492 2812 λόγοις
3528 2742 3697 2813 αὐτὴν

2029 2820 2293 2892 βάλλομεν
2310 2841 2323 2854 ο
2352 2823 2535 2894 ἐκείνη
2557 2824 2613 2878 δέ
2640 2828 2753 2890 τοῖς
2782 2826 2964 2896 ἔργοις
2990 2829 3023 2898 ἡ
3032 2828 3147 2899 μῶν
3168 2830 3378 2899 κρατεῖ.
3410 2826 3554 2899 Πλὴν
3580 2826 3697 2880 ἀλλ’

2027 2904 2147 2957 οὐδὲ
2190 2904 2332 2960 οῦτω
2380 2907 2701 2979 παυσόμεθα
2743 2913 2858 2973 τοῖς
2908 2910 3017 2964 ἀπὸ
3068 2912 3173 2981 τῆς
3227 2910 3476 2982 γλώττης
3525 2910 3699 2981 αὐτὴν

2032 2986 2313 3057 βάλλοντες
2368 2991 2628 3061 ῥήμασιν.
2676 2993 2774 3046 “Av
2840 2993 2940 3063 μὲν
2986 2993 3095 3063 7&9
3139 2993 3361 3064 γένηταί
3403 3011 3457 3046 τι
3511 2993 3697 3057 πλέον,

2027 3071 2396 3141 ὲκερδάναμεν
2428 3074 2523 3126 καὶ
2561 3076 2722 3145 ἡμεῖς
2768 3076 2864 3129 καὶ
2912 3077 3104 3147 ὑμεῖς·
3149 3077 3216 3130 ἂν
3265 3077 3320 3130 δὲ
3357 3080 3467 3139 τοῖς
3513 3076 3698 3138 αὐτοῖς

2027 3153 2345 3225 ἐπιμένητε,
2375 3155 2436 3208 τό
2473 3172 2538 3224 γε
2580 3158 2846 3229 ἡμέτερον
2891 3160 3037 3212 ἀπαν
3082 3159 3493 3231 ἁπήρτισται³⁷.
3543 3158 3601 3211 'U
3638 3158 3697 3212 δὲ

2026 3235 2157 3298 Θεὸς
2182 3236 2274 3289 καὶ
2304 3236 2449 3307 ὑμᾶς
2482 3237 2687 3309 ταύτης
2725 3239 3049 3306 ἀπαλλάξειε
3092 3242 3193 3311 τῆς
3216 3243 3393 3303 νόσου,
3430 3242 3525 3296 καλ¹
3549 3242 3697 3311 ἡμᾶς

2026 3319 2110 3387 ἐφ’
2142 3319 2269 3389 ύμῖν
2309 3320 2619 3391 καυχᾶσθαι
2656 3326 3124 3393 παρασκευάσειεν
3147 3343 3159 3357 ·
3205 3326 3286 3379 ὅτι
3331 3324 3481 3395 αὐτῷ
3508 3327 3541 3395 ὴ
3569 3323 3697 3391 δόξα

2026 3402 2121 3459 καὶ
2148 3402 2209 3455 τὸ
2237 3404 2434 3474 κράτος
2466 3406 2546 3469 εἰς
2568 3406 2694 3470 τοὺς
2722 3406 2923 3473 αἰῶνας
2946 3408 3053 3462 τῶν
3082 3407 3314 3463 αἰώνων.
3359 3410 3551 3480 Ἀμήν.

334 3523 382 3553 ιι
417 3521 718 3608 ἀπαλχάΙξει
977 3525 1066 3608 ‘2:
1086 3523 1223 3608 ἀλλ’]
1252 3524 1365 3608 ἀλλ’
1455 3524 1521 3581 Κ.
1543 3525 1632 3608 Μ.
1695 3528 1761 3608 "'_
1782 3527 1923 3608 νέος]

2024 3532 2254 3608 χέωςίξ.
2435 3536 2479 3567 ²⁹
2510 3535 2724 3608 ᾕγαγεν
2759 3537 2823 3593 G.
2857 3537 2921 3592 Κ.
2950 3554 3005 3606 p.
3055 3553 3107 3606 p.
3144 3539 3358 3608 ἐκείνην
3394 3553 3501 3592 om.
3533 3536 3597 3592 G.
3641 3549 3697 3595 et

253 3593 406 3689 ἀτξυῖ
433 3609 531 3662 Pw
562 3592 1004 3689 διάγφνὲττὲδθηξ.
1027 3594 1097 3689 9.;
1122 3592 1222 3679 "2'
1266 3596 1315 3689 1°.
1340 3592 1591 3689 καὶμέλλ-
1614 3592 1959 3689 ,ξαξὲναγὲῖς
1991 3592 2056 3652 Εἴ
2132 3592 2175 3689 ἶ¹
2205 3603 2477 3689 5’9""?!-
2500 3592 2579 3689 ,Εἴ
2642 3592 2694 3689 ξ³’
2734 3592 2967 3689 περνειεῖὶ

252 3663 352 3716 καὶ
380 3664 661 3738 ἐταιρικῆς
688 3663 749 3718 L.
785 3664 905 3738 Ὀτι
924 3664 1004 3738 τί]
1023 3665 1237 3738 Τί-γὰρ
1268 3664 1339 3720 Μ.
1416 3663 1587 3738 ³³ξ8ἱο
1613 3667 1678 3721 Κ.
1710 3668 1773 3722 L.
1806 3663 1968 3738 vdlgo
1993 3663 2333 3727 καταϐαλών.

2973 3608 3021 3679 4}
3062 3608 3187 3679 add.
3233 3609 3432 3671 κακίας
3462 3608 3692 3679 ἄμοιρον

2410 3649 3696 3751 Ξῖήῖἐεςτέρωῖῑᾞάἆίᾜῑξ’ῖέἷιὲιῗῖἱρῖιῐέἔξιὲὖ

250 3749 367 3822 am;
389 3733 553 3822 idem:
618 3733 673 3767 "5
701 3750 807 3822 on};
924 3733 1087 3822 Κξύξ.
1114 3733 1232 3789 Μοκ
1269 3739 1404 3822 μήτε
1433 3737 1641 3808 κλέπτη
1655 3757 1695 3805 ι,
1725 3733 1923 3811 μήτεᾴ

2023 3741 2123 3811 ,ήτε
2149 3740 2222 3796 M.
2244 3743 2278 3815 ἢ
2301 3743 2446 3816 xm
2480 3733 2860 3820 Mucium
2889 3747 2949 3801 L.
3019 3748 3066 3781 ιι
3096 3748 3227 3822 γάρ]
3258 3733 3598 3804 οιίἀ.’κα“ἱ’ϐ.
3628 3749 3691 3804 G.

255 3804 305 3835 "
336 3804 730 3877 ἀπηρτήσαμεν
757 3803 821 3859 Κ.
849 3806 1246 3876 ἀπηρτήσαμεν
1273 3803 1338 3860 ϐ.
1361 3805 1430 3860 Μ.

1818 4015 1987 4068 ΟΜΙΛ
1999 4018 2063 4073 IA
2098 4018 2171 4071 Ξ’.

265 4126 410 4181 Ἐὰν
440 4124 671 4194 ἁμάρτῃ
699 4127 787 4197 εἰς
817 4124 892 4178 σὲ
916 4128 952 4197 εἰ
980 4124 1241 4197 ἀδελφός
1273 4140 1411 4197 σου,
1443 4126 1652 4196 ὕπαγε,
1673 4126 1926 4197 ἔλεγξον

327 4197 512 4249 αὐτὸν
554 4195 782 4263 μεταξὺ
839 4194 955 4248 σοῦ
1004 4196 1099 4265 καί
1146 4196 1331 4249 αὐτοῦ
1368 4194 1583 4265 μόνου.
1630 4194 1925 4253 Ἐάνοου

328 4268 591 4334 ἀκούσῃ,
622 4265 957 4333 ἐκέρδησας
994 4264 1102 4318 τόν
1126 4264 1394 4334 ἀδελφόν
1424 4282 1563 4321 σου.

329 4390 397 4436 α’.
433 4381 651 4453 Ἐπειδὴ
690 4384 799 4450 γάρ
843 4378 1069 4450 σφοδρὸν
1097 4378 1373 4433 κατέτεινε
1425 4377 1583 4447 λόγον
1622 4379 1767 4434 κατά
1815 4380 1925 4435 τῶν

256 4465 736 4530 σκανδαλιζόντων,
786 4464 881 4517 καὶ
912 4461 1246 4534 πανταχόθεν
1278 4462 1476 4526 αὐτοὺς
1516 4462 1804 4534 ἐφόϐησεν,
1836 4465 1923 4517 ἵνα

258 4550 338 4620 μὴ
377 4547 552 4621 ταύτῃ
593 4547 857 4615 γένωνται
910 4544 1071 4599 πάλιν
1115 4544 1297 4598 ῦπτιοι
1336 4546 1386 4598 οἱ
1431 4545 1921 4617 σκανδαλιζόμενοι,

260 4632 397 4704 μηδὲ
419 4631 481 4685 τὸ
516 4632 625 4684 πᾶν
648 4630 961 4700 νομίζοντες
1005 4629 1091 4696 ἐφ’
1127 4627 1346 4699 ἐτέρους
1387 4628 1663 4699 ἐρρῖφθαι,
1694 4631 1773 4693 είς
1804 4630 1922 4682 ἐτέ-

261 4731 360 4785 ραν
392 4714 589 4768 κακίαν
615 4712 887 4777 ἐξέλθωσι,
918 4711 1277 4782 θρυπτόμενοι
1301 4711 1393 4763 καὶ
1416 4712 1592 4765 πάντα
1623 4711 1922 4783 θεραπεύε-

260 4797 382 4850 σθαι
420 4796 681 4859 θέλοντες,
714 4794 807 4848 καί
851 4796 931 4858 εἰς
956 4795 1213 4847 ἀπόνοιαν
1256 4793 1617 4859 ἐξοκείλωσιν,
1660 4796 1762 4866 ὅρα
1808 4795 1921 4859 πῶς

258 4881 355 4934 καί¹
400 4880 597 4943 αὐτοὺς
638 4877 912 4930 συστέλλει
958 4877 1135 4942 πάλιν,
1176 4877 1270 4929 καὶ
1306 4876 1513 4929 κελεύει
1555 4878 1645 4930 τὸν
1699 4878 1920 4947 ἔλεγχον

262 4963 465 5035 μεταξύ
508 4963 616 5015 τῶν
645 4961 737 5014 δύο
765 4962 1006 5030 γίνεσθαι
1043 4962 1247 5031 μόνων*
1282 4960 1367 5013 ἵνα
1401 4961 1474 5031 μὴ
1517 4964 1582 5032 τῇ
1609 4961 1717 5015 τῶν
1749 4963 1923 5014 πλειό·

256 5065 365 5101 νων
393 5046 666 5117 μαρτυρίᾳ
696 5044 995 5116 βαρυτέραν
1025 5044 1324 5121 ἐργάσηται
1362 5042 1514 5116 1⁸606]
1555 5043 1654 5115 τὴν
1686 5062 1919 5115 κατηγο-

259 5130 403 5200 ρίαν,
456 5128 550 5182 καὶ
604 5126 937 5196 ἰταμώτερος
968 5127 1173 5189 ἐκεῖνος
1213 5127 1499 5195 γενόμενος
1535 5126 1919 5199 δυσδιόρθωτος

261 5211 438 5285 μείνῃ.
479 5211 569 5291 ᾼιό
617 5226 778 5279 φησι·
819 5208 1057 5271 Μεταξὺ
1107 5209 1224 5263 σοῦ
1276 5210 1373 5263 καί
1417 5210 1603 5264 αὐτοῦ
1639 5214 1831 5279 μόνου
1848 5212 1913 5265 ³⁸.

257 5294 385 5349 Κᾶν
410 5290 671 5361 ἀκούσῃ,
700 5291 1023 5361 ἐκέρδανας
1052 5290 1160 5344 τὸν
1177 5291 1444 5360 ἀδελφόν
1474 5309 1611 5346 σου.
1645 5293 1712 5345 Τί
1745 5295 1912 5359 ἐστιν,

268 5376 411 5431 Ἐὰν
437 5376 713 5443 ἀκούσῃς
750 5376 874 5428 Ἐάν
920 5373 1175 5443 καταγνῷ
1205 5373 1421 5437 ἑαυτοῦ,
1469 5374 1563 5427 ἐὰν
1606 5375 1803 5446 πεισθῇ
1833 5377 1914 5431 ὅτι

260 5462 506 5531 ἥμαρτεν
567 5458 925 5526 Ἐκέρδανας
958 5457 1068 5511 τὸν
1106 5457 1374 5525 ἀδελφόν
1414 5471 1551 5512 σου.
1597 5460 1711 5511 Οὐκ
1742 5456 1916 5527 εἶπεν,

265 5548 450 5617 Ἔχεις
491 5545 678 5616 ἱκανὴν
727 5546 1016 5616 τιμωρίαν.
1057 5544 1192 5607 ἀλλ’,
1220 5544 1575 5613 Ἐκέρδανας
1602 5546 1709 5600 τὸν
1740 5547 1920 5602 ἁδελ-

260 5632 381 5699 φόν
415 5642 552 5689 σου,
602 5627 815 5690 δεικνὺς
847 5629 929 5680 ὅτι
976 5626 1130 5698 κοινὴ
1170 5627 1339 5697 ζημία
1356 5628 1401 5658 ³³
1431 5628 1538 5681 ἀπὸ
1566 5628 1664 5696 τῆς
1699 5628 1913 5701 ἔχθρας.

256 5714 333 5766 (ὶύ
380 5715 488 5783 7&9
517 5706 690 5776 εἶπεν,
727 5711 1045 5781 Ἐκέρδανεν
1094 5712 1301 5773 ἐκεῖνος
1331 5711 1518 5764 ἐαυτὸν
1557 5712 1734 5781 μόνον,
1781 5714 1916 5769 ἀλλά

255 5797 352 5849 καὶ
385 5797 456 5847 Σὺ
487 5795 647 5849 αὐτὸν
688 5795 1016 5865 ἐκέρδανας·
1047 5793 1113 5845 δι’
1152 5786 1227 5847 ὧν
1271 5793 1469 5860 ἔδειξεν
1511 5795 1592 5847 ὅτι
1630 5796 1723 5849 καί
1756 5799 1915 5862 αὐτὸς

2030 4130 2087 4183 δὲ
2120 4132 2216 4201 τὴν
2238 4134 2444 4187 οἰκείαν
2465 4136 2760 4207 σωτηρίαν.
2781 4138 2949 4191 Τοῦτο
2974 4140 3068 4193 καὶ
3102 4140 3266 4208 ἡνίκα
3294 4142 3386 4193 ἐπὶ
3416 4141 3510 4195 τοῦ
3533 4144 3694 4214 ὅρους

2025 4216 2278 4286 ἐκάθητο,
2322 4220 2585 4292 παρῄνει·
2620 4222 2751 4275 ποτέ
2794 4223 2891 4293 μὲν
2929 4222 3020 4277 τὸν
3062 4225 3404 4294 λελυπηκότα
3434 4226 3567 4297 πρὸς
3598 4218 3692 4280 τὸν

2023 4299 2331 4370 λυπηθέντα
2376 4304 2524 4371 ἄγων
2570 4305 2664 4358 καὶ
2719 4302 2920 4374 λέγων’
2977 4307 3113 4359 Ἐὰν
3161 4306 3239 4372 τῷ
3286 4310 3693 4377 θυσιαστηρίῳ

2022 4384 2353 4449 παρεστὼς,
2379 4385 2507 4439 ἐκεῖ
2527 4386 2829 4455 μνησθῇς,
2859 4387 2947 4442 ὅτι
2987 4392 3020 4443 ὀ
3054 4389 3317 4459 ἀδελφός
3339 4406 3455 4445 σου
3483 4390 3609 4460 ἔχει
3637 4411 3692 4446 τι

2022 4463 2173 4517 κατὰ
2204 4465 2341 4530 σοῦ,
2377 4465 2589 4536 ὕπαγε,
2621 4467 2977 4537 διαλλάγηθι
3007 4469 3086 4534 τῷ
3106 4468 3349 4539 ἀδελφῷ
3371 4485 3488 4524 σου
3512 4485 3525 4499 °
3558 4472 3699 4525 ποτὲ

2020 4545 2076 4599 δὲ
2108 4547 2197 4600 τὸν
2231 4548 2560 4619 ἠδικημένον
2597 4548 2833 4603 κελεύων
2862 4551 3079 4620 ἀφεῖναι
3112 4551 3189 4621 τῷ
3226 4551 3473 4619 πλησίον.
3513 4555 3690 4621 Ἄφες

2020 4628 2130 4701 7&9
2168 4630 2315 4699 ἡμῖν
2362 4632 2435 4685 τὰ
2484 4632 2852 4702 ὀφειλήματα
2886 4633 3078 4703 ἡμῶν,
3121 4634 3312 4700 καθὼς
3355 4635 3453 4688 καὶ
3516 4634 3688 4703 ἡμεῖς

2019 4711 2269 4782 ἀφίεμεν
2292 4713 2416 4780 τοῖς
2445 4714 2779 4783 ὀφειλέταις
2811 4715 2999 4784 ἡμῶν,
3039 4715 3217 4785 λέγειν
3259 4715 3516 4780 ἐδίδαξεν.
3570 4717 3688 4769 Ἑν-

2018 4794 2195 4849 ταῦθα
2225 4796 2281 4849 δὲ
2325 4798 2416 4850 καὶ
2448 4796 2633 4870 ἕτερον
2661 4799 2867 4851 ἐπινοεῖ
2898 4799 3118 4870 τρόπον.
3154 4800 3227 4852 Οὐ
3261 4800 3371 4867 γὰρ
3414 4799 3504 4852 τὸν
3532 4800 3687 4853 λελυ-

2021 4879 2257 4949 πηκότα,
2285 4880 2420 4933 ἀλλά
2445 4881 2536 4933 τὸν
2570 4880 2877 4951 λυπηθέντα
2907 4882 3029 4949 ἄγει
3065 4880 3201 4951 πρὸς
3231 4881 3440 4935 τοῦτον.
3466 4882 3685 4955 Ἐπειδὴ

2018 4961 2127 5033 7&9
2155 4963 2358 5027 ἐκεῖνος
2386 4965 2413 5017 ὁ
2433 4961 2709 5034 ἠδικηκὼς
2741 4964 2838 5017 οὐκ
2863 4964 3095 5028 εὐκόλως
3112 4963 3176 5018 ἂν
3203 4964 3348 5017 ἔλθοι
3373 4965 3509 5036 πρὸς
3544 4966 3683 5043 ἀποτ

2018 5045 2205 5113 λογίαν
2231 5046 2618 5115 αἰσχυνόμενος
2656 5046 2750 5099 καὶ
2785 5045 3073 5116 ἐρυθριῶν,
3097 5046 3284 5100 τοῦτον
3312 5046 3445 5117 πρὸς
3477 5049 3683 5101 ἐκεῖνον

2016 5129 2198 5182 ἕλκεν
2250 5128 2345 5181 καὶ
2376 5128 2474 5199 οὐχ
2500 5128 2706 5191 ἁπλῶς,
2736 5127 2853 5181 ἀλλ’
2884 5128 3026 5182 ὥστε
3058 5130 3154 5183 καὶ
3177 5129 3469 5199 διορθῶσαι
3502 5129 3561 5182 τὸ
3591 5147 3686 5197 γε-

2015 5212 2333 5283 γενημένον.
2368 5213 2479 5265 Καὶ
2508 5214 2569 5265 οὐ
2609 5211 2777 5280 λέγει,
2833 5212 3248 5283 Κατηγόρησον,
3289 5213 3428 5275 οὐδὲ,
3476 5213 3679 5266 Ἐπιτί-

2019 5310 2212 5366 μησον.
2260 5294 2417 5357 οὐδὲ,
2474 5296 2641 5358 Δίκας
2697 5295 3002 5366 ἀπαίτησον
3058 5295 3154 5349 καὶ
3207 5293 3465 5359 εὐθύνας,
3522 5294 3679 5361 ἀλλά,

2020 5377 2326 5448 Ἕλετξον,
2364 5377 2546 5446 φησίν.
2596 5376 2769 5441 Αὐτὸς
2817 5377 2914 5447 μὲν
2940 5376 3050 5447 7&9
3091 5375 3341 5447 καθάπερ
3378 5377 3484 5429 τινὶ
3527 5375 3682 5447 κάρῳ

2014 5477 2094 5531 τῳ
2122 5459 2279 5530 θυμῷ
2319 5460 2414 5514 καὶ
2436 5462 2503 5532 τῇ
2531 5459 2763 5531 αἰσχύνῃ
2808 5461 3096 5530 κατέχεται
3132 5459 3377 5531 μεθύων*
3414 5458 3496 5511 δεῖ
3526 5459 3582 5511 δέ
3620 5459 3681 5511 σὲ

2013 5543 2104 5596 τὸν
2133 5542 2444 5611 ὑγιαίνοντα
2475 5543 2611 5613 πρὸς
2635 5545 2841 5597 ἐκεῖνον
2875 5543 2967 5596 τὸν
2998 5543 3257 5596 νοσοῦντα
3286 5541 3560 5605 ἀπελθεῖν,
3588 5541 3681 5595 καὶ

1958 5624 1981 5649 ‘
2014 5624 2405 5695 ἀδημοσίευτον
2430 5626 2656 5693 ποιῆσαι
2684 5624 2744 5678 τό
2772 5625 3138 5699 δικαστήριον,
3158 5629 3252 5680 καὶ
3276 5624 3679 5696 εὐπαράδεκτον

2012 5708 2113 5778 τὴν
2150 5708 2410 5779 ἰατρείαν.
2442 5708 2516 5760 T0
2554 5707 2663 5780 7&9
2687 5711 2883 5773 εἰπεῖν,
2914 5709 3225 5778 Ἕλετξον,
3258 5709 3355 5779 οὐχ
3395 5708 3580 5779 ἕτερόν
3624 5706 3679 5760 τι

2013 5790 2242 5860 ἐστινῆ,
2285 5790 2620 5862 Ἀνάμνησον
2656 5790 2751 5845 τοῦ
2786 5794 3207 5864 ἁμαρτήματος,
3252 5792 3375 5845 εἰπὲ
3416 5791 3552 5863 πρὸς
3582 5792 3650 5845 αὐ
3680 5822 3685 5827 ~

255 5879 504 5939 κάκεῖνος
532 5874 851 5946 ἐζημιοῦντο
884 5875 990 5946 πρὸ
1021 5874 1237 5937 τούτου,
1275 5877 1304 5929 ό
1355 5876 1452 5946 μὲν
1481 5875 1571 5931 τὸν
1603 5877 1849 5948 ἀδελφὸν,
1885 5882 1914 5934 ὁ
2009 5874 2101 5927 τὸν
2135 5873 2279 5945 άπερ
2331 5874 2529 5940 ἔπαθες
2574 5877 2705 5949 παρ’
2751 5877 2946 5930 αὐτοῦ·
2979 5877 3116 5949 ὅπερ
3144 5877 3236 5932 καὶ
3276 5876 3428 5945 αὐτὸ,
3474 5880 3568 5933 ἐὰν
3604 5879 3676 5943 ὡς,

333 5999 378 6030 ³³
414 5998 576 6069 μόνον
602 6014 710 6056 om.
750 5998 810 6053 Κ.
840 5998 911 6053 Μ.
941 6014 996 6069 p.
1027 6013 1079 6069 p.
1114 5998 1414 6071 ἐκέρδησας
1454 5999 1518 6055 η.
1553 5998 1614 6056 L.
1692 6001 1737 6033 ³⁹
1762 6003 1795 6071 ή
1825 6000 1923 6073 ζηρ

2023 6002 2079 6057 L.
2104 5999 2232 6074 ἦνή
2265 6002 2314 6066 ζ.
2353 6001 2424 6060 IL
