4140 6376
349 360 454 414 585

350 498 589 564 proxituo
616 496 885 553 dimittere
910 514 931 554 :
970 496 1181 552 Dimitte
1205 496 1347 554 nobis
1372 498 1539 552 debita
1564 508 1735 551 nostra
1753 538 1769 559 ,
1795 495 1927 550 sicut

346 600 391 645 et
417 605 509 642 nos
538 588 837 642 dimittimus
859 588 1161 644 debitoribus
1184 591 1389 656 nostris,
1414 590 1628 659 (Matth.
1655 589 1710 645 6.
1735 587 1846 661 12),
1873 589 1925 643 id

342 681 521 735 dicere
535 680 733 736 docuit.
756 681 851 736 llic
876 696 1003 737 vero
1021 682 1178 737 alium
1209 681 1491 752 quemdam
1507 681 1722 736 modum
1748 682 1921 736 affert.

344 771 457 827 Non
479 773 621 827 enim
639 772 941 840 laedentem,
960 773 1054 829 sed
1080 775 1262 829 laesum
1282 774 1479 832 inducit
1497 773 1563 829 ad
1582 775 1773 844 ipsum.
1791 772 1922 828 Nam

342 865 463 935 quia
478 863 567 919 ille
584 865 695 937 ,qui
710 866 936 933 laeserat,
951 881 1056 921 non
1071 865 1225 923 facile
1238 867 1469 923 venisset
1484 865 1548 921 ad
1565 865 1922 923 excusandum

343 973 402 1013 se
420 1000 433 1023 ,
467 958 775 1029 pudefactus
799 967 855 1015 et
878 959 1217 1017 erubescens.
1250 959 1433 1014 laesum
1458 959 1525 1014 ad
1554 958 1702 1014 illum
1721 957 1920 1024 trahit;

345 1066 518 1120 neque
547 1049 740 1105 {rustra
765 1091 782 1117 ,
813 1050 908 1105 sed
938 1058 995 1104 ut
1022 1049 1215 1104 factum
1242 1050 1516 1105 resarciat.
1543 1049 1726 1119 Neque
1749 1048 1879 1104 dicit
1902 1089 1933 1116 ,η

342 1145 545 1198 Accusa
565 1185 582 1210 ,
610 1157 725 1206 nec,
753 1143 992 1213 Increpa,
1016 1142 1122 1208 vel,
1154 1142 1343 1198 Poenas
1368 1151 1555 1213 repete
1574 1141 1919 1212 ;,sed,Argue.

346 1234 442 1290 Ille
468 1234 796 1305 namqueira
821 1242 877 1288 et
901 1232 1103 1303 pudore
1127 1248 1227 1289 ceu
1255 1232 1486 1305 quodam
1513 1247 1707 1302 sepore
1742 1232 1922 1287 ebrius

342 1328 635 1381 retinetur:
686 1336 737 1381 te
775 1340 905 1381 vero
942 1325 1098 1380 decet
1146 1339 1335 1380 sanum
1381 1324 1529 1380 illum
1576 1334 1932 1395 aegrotantem

343 1418 492 1472 adire
514 1458 530 1483 ,
560 1418 822 1485 privatum
846 1416 1103 1486 judicium
1132 1418 1457 1472 constituere
1478 1458 1494 1482 ,
1524 1417 1930 1487 eemediumque

340 1510 689 1579 acceptabile.
744 1509 874 1564 Illud
899 1509 1043 1565 enim
1068 1550 1084 1575 ,
1115 1509 1305 1579 Argue,
1330 1508 1460 1564 nihil
1490 1509 1629 1564 aliud
1655 1519 1736 1564 cst
1763 1525 1929 1580 quam~

341 1603 617 1658 Peccatum
646 1603 696 1657 in
724 1604 1033 1658 memoriam
1051 1617 1265 1669 revoca,
1281 1602 1368 1657 dic
1390 1603 1441 1658 ei
1457 1619 1574 1673 qum
1595 1604 1664 1658 ab
1686 1605 1776 1660 illo
1803 1620 1933 1675 pas-.

338 1711 431 1749 sus
442 1697 516 1750 sis
533 1714 546 1750 :
563 1695 612 1750 id
628 1695 769 1766 quod
796 1696 841 1751 si
868 1696 1079 1752 decenti
1100 1697 1261 1753 modo
1290 1697 1400 1760 ﬁat,
1418 1712 1539 1766 pars
1564 1697 1805 1767 quzedam
1828 1698 1923 1752 de-

339 1783 594 1841 fensionis
616 1794 716 1853 cst,
748 1802 867 1858 qua:
894 1787 960 1842 ad
989 1788 1746 1859 reconciliationem.impellit.
1778 1788 1917 1856 Quid

340 1879 518 1949 igitur,
545 1881 589 1935 si
623 1896 730 1935 non
765 1895 970 1937 morem
1011 1890 1193 1953 gerat,
1220 1892 1275 1938 et
1320 1882 1365 1937 si
1400 1882 1564 1937 durus
1588 1896 1650 1937 ac
1678 1883 1929 1953 pertinax

336 1970 534 2027 fuerit?
560 1975 646 2028 16.
675 1974 889 2029 Assume
907 1986 1065 2029 tecum
1090 1992 1245 2029 unum
1265 1984 1353 2030 aut
1380 1975 1527 2040 duos,
1544 1977 1668 2031 utin
1694 1993 1781 2031 ore
1799 1977 1921 2031 duo-

337 2081 451 2120 rum
469 2067 662 2121 testium
676 2074 767 2121 stet
782 2084 930 2122 omne
942 2068 1163 2122 verbum.
1188 2068 1321 2123 Nam
1338 2077 1539 2140 quanto
1556 2068 1919 2140 impudentior

337 2166 390 2213 et
407 2159 731 2228 petulantior
761 2158 936 2226 fuerit,
956 2171 1099 2216 tanto
1110 2162 1280 2232 magis
1295 2161 1361 2217 ad
1379 2162 1640 2219 medelam
1667 2162 1918 2218 festinare

336 2257 570 2317 Oportet,
600 2266 704 2305 non
740 2251 806 2305 ad
840 2252 971 2305 iram
999 2261 1053 2307 et
1083 2253 1518 2324 indignationem.
1558 2253 1691 2309 Nam
1721 2265 1775 2309 et
1800 2269 1917 2310 me-

336 2337 510 2407 dicus,
541 2356 662 2394 cum
693 2342 991 2411 graviorem
1013 2343 1205 2399 viderit
1231 2346 1477 2400 morbum
1503 2387 1518 2412 ,
1546 2361 1653 2403 non
1682 2345 1912 2410 desistit,

338 2443 440 2484 nec
482 2445 624 2502 aegre
663 2431 799 2499 fert,
826 2432 919 2487 sed
950 2443 1075 2490 tunc
1117 2436 1284 2506 magis
1312 2450 1433 2491 sese
1475 2446 1730 2508 apparat,
1776 2437 1915 2508 quod

340 2524 501 2578 etiam
533 2525 619 2579 hic
644 2524 819 2582 lacere
848 2528 1107 2599 praecipit.
1153 2530 1286 2595 Quia
1313 2530 1458 2586 enim
1482 2530 1630 2586 solus
1654 2529 1919 2586 inﬁrmior

335 2615 481 2672 visus
506 2631 565 2671 es
593 2657 609 2684 ,
637 2632 703 2673 ex
729 2618 1092 2676 additamento
1116 2620 1305 2677 fortior
1326 2633 1463 2679 esto.
1494 2623 1625 2678 Nam
1653 2622 1761 2679 duo
1787 2624 1916 2678 satis

334 2716 460 2761 sunt
495 2708 561 2763 ad
590 2719 900 2780 peccantem
940 2712 1387 2783 redarguendum.
1420 2714 1609 2770 Viden'
1647 2715 1916 2783 quomodo

335 2814 442 2855 non
468 2800 583 2855 lzesi
613 2802 788 2857 solum
812 2842 828 2868 ,
872 2802 967 2857 sed
993 2803 1154 2859 etiam
1184 2805 1428 2860 Imdeutis
1458 2805 1737 2861 utilitatem
1769 2822 1914 2876 qua:-

334 2890 458 2945 rat?
481 2891 613 2946 Nam
641 2893 800 2948 laesus
826 2893 914 2949 ille
938 2906 1019 2950 est
1042 2936 1057 2961 ,
1085 2896 1225 2966 quia
1253 2897 1442 2953 morbo
1467 2907 1653 2968 captus
1682 2899 1797 2965 luit,
1823 2898 1925 2970 qui

333 2993 575 3054 aegrotat,
610 2985 906 3042 inﬁrmatur
937 2996 992 3043 et
1018 2987 1218 3044 delicit.
1257 2987 1383 3045 Ideo
1417 3005 1562 3062 saepe
1587 2990 1655 3047 ad
1684 2992 1823 3049 hunc
1851 2993 1915 3049 il-

334 3074 443 3129 lum
472 3077 641 3143 ducit,
670 3080 954 3150 aliquando
976 3082 1146 3136 solum
1168 3125 1184 3145 ,
1212 3083 1496 3153 aliquando
1520 3099 1641 3139 cum
1672 3085 1791 3141 aliis
1815 3104 1828 3139 :
1860 3095 1925 3142 et~

332 3168 378 3227 Ii
407 3172 852 3239 perseveraverit,
884 3187 1006 3227 cum
1034 3174 1289 3229 Ecclesia.
1325 3176 1411 3231 I7.
1441 3173 1558 3242 Dic,
1589 3177 1777 3247 inquit,
1808 3175 1915 3233 Ec—

334 3263 520 3319 clcst'te.
566 3262 698 3318 Nam
744 3265 789 3319 si
830 3266 1080 3335 patientis
1109 3267 1281 3325 solum
1321 3268 1601 3324 utilitatem
1629 3280 1913 3341 quaereret,

334 3370 440 3409 non
461 3355 674 3425 juberet
696 3361 994 3430 scptuagies
1019 3362 1216 3433 septies
1246 3363 1525 3432 poeniteuti
1554 3366 1762 3419 veniam
1786 3381 1914 3420 cou-

333 3444 526 3503 cedere
575 3447 786 3518 (llatth.
816 3451 903 3506 I8.
932 3448 1079 3527 22);
1121 3469 1227 3508 non
1272 3455 1459 3522 toties;
1505 3470 1678 3527 neque
1722 3464 1801 3513 tot
1838 3456 1914 3516 illi

334 3536 699 3593 constituisset
725 3539 896 3594 morbi
922 3542 1297 3598 emendatores
1323 3560 1336 3597 :
1367 3545 1460 3599 sed
1487 3561 1555 3601 ex
1584 3546 1757 3615 primo
1799 3548 1915 3603 col-

335 3626 515 3698 loquio
544 3629 691 3684 illum
715 3631 1039 3687 obstinatum
1065 3645 1370 3692 manentem
1398 3637 1538 3693 foras
1568 3639 1909 3711 reliquisset:

335 3736 477 3776 nunc
505 3738 632 3778 vero
667 3733 721 3780 et
746 3726 911 3781 semel
949 3736 1004 3783 et
1028 3727 1112 3783 bis
1133 3737 1187 3783 et
1227 3737 1309 3785 ter
1334 3730 1482 3786 illum
1507 3747 1697 3788 curare
1720 3732 1914 3803 jubet,

335 3830 477 3875 nunc
500 3817 671 3872 solum
696 3859 713 3886 ,
740 3834 881 3874 nunc
908 3835 1029 3875 cum
1057 3820 1265 3876 duobus
1283 3859 1302 3890 ,
1329 3838 1473 3878 nunc
1500 3838 1623 3879 cum
1652 3823 1910 3895 pluribus.

335 3909 459 3966 Ideo
487 3926 607 3967 cum
636 3912 705 3969 de
732 3914 970 3970 externis
994 3915 1189 3986 agitur,
1219 3915 1348 3970 nihil
1382 3916 1488 3971 tale
1517 3916 1678 3985 dicit,
1707 3917 1823 3983 sed,
1852 3917 1914 3974 Si

332 4004 446 4073 quis
471 4014 518 4059 te
541 4006 808 4075 percutiat,
843 4007 1093 4077 inquit,in
1114 4009 1377 4064 maxillam
1400 4011 1676 4075 dexteram,
1708 4022 1841 4066 verte
1867 4013 1913 4067 ei

333 4107 381 4151 et
402 4096 595 4163 aliam;
624 4096 712 4153 hic
734 4114 863 4154 vero
894 4114 998 4171 non
1024 4101 1121 4154 sic.
1147 4100 1299 4169 Quod
1326 4102 1487 4157 etiam
1518 4102 1712 4159 Paulus
1746 4104 1909 4159 dicit:

338 4189 474 4259 Quid
502 4189 628 4244 mihi
653 4199 702 4245 et
726 4190 789 4246 de
816 4192 1033 4249 externis
1046 4193 1284 4263 judicare
1308 4193 1384 4265 (1.
1406 4192 1524 4250 Car.
1549 4196 1605 4251 5.
1628 4194 1756 4269 Ii)?
1784 4196 1917 4252 Fra-

336 4290 445 4335 tres
475 4295 602 4336 vero
631 4292 685 4336 et
711 4297 936 4353 arguere
978 4293 1032 4339 et
1070 4294 1316 4341 avertere
1340 4285 1533 4356 jubet,
1581 4302 1644 4341 ac
1670 4287 1774 4343 nisi
1812 4288 1914 4343 ob-

335 4381 654 4445 temperent,
680 4376 994 4433 abscindere
1015 4418 1033 4445 ,
1062 4388 1122 4433 ut
1148 4379 1349 4448 pudore
1384 4379 1775 4436 suli'undantur.
1802 4381 1915 4439 Iloc

332 4476 395 4523 et
416 4467 526 4538 ipse
550 4469 674 4524 facit
692 4468 797 4535 hic,
819 4486 942 4529 cum
964 4471 1033 4528 de
1058 4470 1320 4550 fratribus
1337 4473 1508 4545 legem
1533 4476 1752 4531 statuit:
1783 4484 1917 4530 tres-

333 4576 441 4630 que
470 4560 568 4631 ipsi
594 4563 775 4617 statuit
799 4563 1048 4620 doctores
1086 4574 1142 4620 et
1164 4565 1395 4636 judices,
1426 4567 1516 4637 qui
1541 4567 1768 4623 doceant
1795 4584 1914 4638 quae

332 4652 401 4708 in.
422 4654 729 4709 temulentia
762 4666 1061 4725 perpetrata
1092 4667 1235 4715 sunt.
1266 4658 1397 4714 Nam
1444 4660 1543 4715 etsi
1572 4660 1686 4733 ipse
1711 4671 1794 4717 est
1822 4663 1915 4734 qui

334 4745 513 4799 omnia
544 4746 771 4801 absurda
803 4748 893 4803 illa
940 4748 1068 4805 fecit
1095 4761 1146 4805 et
1176 4751 1426 4821 loquutus
1451 4761 1566 4819 est,
1590 4754 1708 4809 aliis
1734 4763 1921 4811 tamen.

335 4848 470 4904 opus
512 4834 673 4891 habet
701 4837 791 4908 qui
835 4838 1097 4907 doceant,
1134 4851 1316 4912 utpote
1340 4843 1553 4911 ebrius;
1585 4860 1707 4900 nam
1739 4846 1817 4901 ira
1862 4856 1916 4903 et

334 4938 612 4999 peccatum
644 4930 921 5001 plusquam
948 4935 1177 4991 ebrietas
1221 4947 1457 4993 mentem
1487 4937 1701 4993 turbant
1721 4980 1735 5003 ,
1781 4950 1833 4995 et
1860 4941 1914 4995 in

336 5021 595 5091 majorem
624 5026 883 5083 insaniam
907 5028 1216 5096 conjiciunt.
1248 5029 1378 5085 Nam
1408 5031 1531 5102 quis
1566 5032 1760 5087 Davide
1787 5049 1911 5102 pru-

334 5115 549 5171 dentior
573 5126 690 5170 erat
729 5117 810 5188 (2.
855 5116 983 5190 Reg.
1016 5117 1141 5178 li)?
1187 5120 1438 5176 Attamen
1476 5138 1598 5178 cum
1637 5138 1907 5195 peccaret,

337 5208 469 5264 nihil
497 5212 680 5276 sensit,
714 5212 855 5282 quod
882 5213 1312 5283 concupiscentia
1344 5217 1524 5271 omnia
1551 5217 1667 5287 ejus
1698 5220 1912 5274 ratioci-

336 5301 423 5356 nia
467 5311 819 5373 occupasset,
869 5313 924 5359 et
965 5320 1063 5359 ceu
1090 5307 1266 5362 turnus
1291 5306 1506 5377 quidam
1534 5308 1650 5377 ejus
1679 5311 1913 5366 animum

334 5392 589 5463 repleret.
633 5394 966 5465 Quapropter
991 5398 1210 5451 lucerna
1250 5412 1385 5467 Opus
1424 5398 1610 5455 habuit
1648 5416 1746 5472 per
1791 5416 1916 5471 pro-

337 5485 553 5555 phetam
573 5484 821 5554 adducta,
849 5502 912 5542 ac
934 5488 1110 5543 verbis
1127 5503 1245 5559 quae
1267 5487 1475 5546 facinus
1502 5490 1602 5561 ipsi
1635 5494 1688 5547 in
1714 5508 1917 5548 memo-

335 5576 473 5631 riam
499 5576 837 5633 reducerent.
875 5577 1000 5635 Ideo
1027 5579 1125 5636 hos
1152 5596 1291 5638 nunc
1315 5582 1381 5636 ad
1409 5594 1716 5653 peccantem
1744 5585 1913 5642 addu-

334 5666 409 5723 cit
428 5705 447 5736 ,
480 5667 573 5739 qui
598 5666 666 5725 de
692 5671 987 5742 gestissuis
1010 5672 1180 5745 ipsum
1204 5674 1558 5748 alloquamur.

1279 5839 1290 5848 ’
1359 5841 1387 5847 ⁸·
1412 5843 1421 5849 ⁸
1444 5843 1516 5858 ιον

737 5872 779 5887 ,τι
820 5869 847 5880 θ’

1339 361 1403 418 IN
1442 361 1846 418 MATTIIEUM
1889 358 2119 417 HOMIL.
2162 365 2276 423 LX.
2315 370 2387 424 al.
2428 372 2564 428 LXI.

3514 392 3618 447 586

2106 476 2160 532 2.
2192 481 2301 539 Cur
2322 490 2499 539 autem
2548 486 2688 541 hunc
2710 487 2863 557 jubet
2907 506 3132 562 arguere
3152 537 3167 559 ,
3197 512 3303 553 non
3346 500 3509 555 alium
3556 505 3615 558 ιτ

2031 565 2162 635 Quia
2192 568 2333 626 hunc
2354 581 2536 643 utpote
2555 589 2585 628 a
2614 591 2674 631 se
2694 577 2876 633 lassum
2903 592 2958 637 et
2978 582 3166 652 injuria
3189 587 3459 656 allectum,
3497 609 3637 649 uno»

2028 658 2263 717 deratius
2299 672 2416 718 erat
2470 666 2815 725 toleraturus.
2855 670 2970 728 Non
3007 675 3151 730 enim
3191 679 3304 747 pari
3333 682 3514 737 animo
3545 686 3643 739 ab.

2028 749 2135 806 alio
2160 751 2230 808 de
2255 753 2447 823 injuria
2467 757 2622 813 alteri
2651 760 2826 816 oblata
2847 777 2906 818 se
2937 764 3187 837 redargui
3215 770 3461 840 patiatur,
3489 790 3641 830 curm

2028 842 2260 899 maxime
2284 845 2430 901 solus
2458 857 2543 903 est
2570 849 2616 904 is
2642 851 2731 921 qui
2771 852 3062 926 redarguit.
3086 857 3219 913 Cum
3245 870 3423 917 autem
3457 862 3503 918 is
3523 866 3641 935 qui.

2026 932 2262 989 lationes
2298 935 2366 991 ab
2404 936 2522 1008 ipso
2560 943 2841 1012 expetendi
2875 944 2963 1015 jus
2995 946 3175 1016 habet,
3212 950 3379 1021 ipsius
3414 932 3641 1013 cura—re.

2026 1023 2251 1080 salutem
2276 1027 2506 1099 videtur,
2528 1030 2574 1087 is
2600 1034 2832 1091 maxime
2859 1038 3097 1095 omnium
3136 1050 3310 1112 potest
3355 1045 3503 1103 illum
3542 1050 3609 1104 ad
3628 1076 3639 1095 ~

2026 1115 2454 1186 resipiscentiam
2479 1137 2692 1191 vocare,
2731 1139 2853 1181 cum
2897 1128 3074 1185 videat
3103 1129 3206 1187 hoc
3244 1149 3351 1189 non
3399 1151 3611 1206 ptenam

2026 1208 2330 1277 expetendi,
2358 1210 2453 1266 sed
2496 1215 2811 1272 emendandi
2840 1220 3009 1289 gratia
3038 1220 3178 1279 ﬁeri.
3205 1223 3331 1282 Ideo
3365 1243 3472 1284 non
3498 1240 3612 1285 sta-

2026 1295 2121 1349 tim
2148 1296 2283 1354 duos
2308 1301 2562 1359 accedere
2580 1303 2756 1375 jubet.
2779 1308 2875 1364 sed
2917 1324 3039 1366 cum
3068 1313 3269 1382 primus
3289 1316 3419 1372 nihil
3452 1322 3613 1389 protl-

2025 1400 2148 1442 cere
2187 1398 2365 1458 potest
2384 1407 2411 1449 :.
2456 1408 2629 1464 neque
2674 1406 2801 1452 tunc
2839 1400 3233 1459 multitudinem
3276 1406 3473 1475 mittit,
3515 1412 3611 1468 sed

2026 1492 2192 1548 usque
2215 1480 2281 1535 ad
2304 1481 2441 1539 duos
2469 1483 2637 1553 addit,
2669 1487 2755 1543 vel
2772 1490 2932 1546 etiam
2954 1507 3153 1561 unum;
3177 1510 3298 1551 cum
3320 1508 3496 1557 autem
3515 1501 3623 1559 hos.

2027 1569 2364 1641 despexerit,
2398 1584 2523 1632 tunc
2548 1578 2614 1634 ad
2642 1578 2940 1639 Ecclesiam
2985 1584 3134 1642 illum
3168 1590 3350 1646 mittit.
3378 1592 3469 1650 Sic
3510 1596 3611 1651 ad-

2028 1665 2244 1720 modum
2272 1677 2424 1724 curat
2468 1686 2537 1727 ne
2584 1674 2811 1742 proximi
2861 1688 3077 1747 peccata
3129 1683 3479 1756 evulgentur;
3510 1689 3612 1744 etsi

2025 1758 2258 1825 potuerit
2307 1774 2338 1815 a
2392 1760 2656 1833 principio
2700 1766 2828 1823 illud
2870 1768 3097 1838 jubere,
3147 1788 3214 1828 ne
3254 1774 3307 1830 id
3336 1775 3389 1833 in
3422 1779 3637 1850 vulgus.

2023 1860 2302 1917 manaret,
2333 1868 2438 1908 non
2468 1853 2595 1910 fecit
2619 1898 2636 1923 ,
2663 1858 2757 1914 sed
2785 1869 2906 1929 post
2925 1877 3084 1917 unam
3120 1864 3453 1939 alteramque
3490 1886 3607 1927 mo-

2022 1942 2279 1999 nitionem
2325 1944 2376 2000 id
2425 1949 2682 2020 praecipit.
2734 1952 2871 2019 Quid
2923 1964 3099 2011 autem
3150 1958 3253 2014 sibi
3285 1961 3400 2016 vult
3434 1962 3606 2027 illud,

2022 2031 2089 2088 In
2118 2051 2203 2089 ore
2235 2035 2455 2093 duorum
2482 2040 2559 2094 uel
2583 2041 2737 2097 trium
2770 2045 2972 2100 testium
3012 2046 3163 2102 stabit
3188 2065 3336 2106 omne
3363 2054 3566 2110 verbum
3585 2058 3612 2111 .9

2021 2121 2275 2181 Idoneum
2316 2127 2921 2203 habestestimonium,
2976 2136 3183 2208 inquit,
3230 2151 3285 2197 te
3336 2152 3506 2201 totum
3558 2147 3609 2203 id

2020 2219 2163 2289 quod
2201 2234 2367 2292 penes
2410 2231 2462 2277 te
2508 2232 2626 2279 erat
2666 2223 2893 2294 fecisse,
2943 2228 3182 2301 nihilque
3227 2233 3493 2292 omisisse.
3549 2238 3612 2294 Si

2019 2320 2189 2367 autem
2234 2329 2325 2367 nec
2363 2313 2456 2368 hos
2492 2316 2732 2382 audierit,
2770 2318 2855 2372 dic
2891 2317 3168 2389 Ecclesite,
3218 2323 3270 2379 id
3307 2333 3426 2393 est,
3474 2343 3612 2397 prat-

2020 2403 2242 2459 sidihus.
2275 2404 2423 2473 Quod
2457 2405 2503 2459 si
2540 2404 2822 2465 Ecclesium
2852 2412 3197 2469 nonaudierit
3218 2455 3234 2482 ,
3259 2416 3323 2471 sit
3352 2416 3440 2471 tibi
3467 2420 3610 2489 quasi

2019 2496 2243 2550 ethnicus
2288 2505 2335 2551 et
2379 2498 2696 2568 publicanus.
2744 2501 2887 2557 Talis
2930 2506 3073 2560 enim
3116 2506 3276 2567 homo
3321 2511 3603 2568 incurabili

2019 2587 2447 2643 ntorbolaborat.
2470 2589 2549 2645 Tu
2575 2607 2705 2647 vero
2728 2593 2857 2648 mihi
2884 2597 3175 2668 perpende.
3207 2603 3475 2671 quomodo
3506 2619 3604 2675 pu-

2019 2679 2288 2737 blicanum
2316 2682 2511 2751 ubique
2541 2684 2592 2737 in
2625 2688 2926 2756 exemplum
2955 2690 3203 2760 nequitiae
3231 2694 3477 2750 maximae
3502 2712 3603 2768 po-

2019 2782 2129 2830 nat.
2160 2774 2290 2830 Nam
2317 2792 2474 2846 SUpra
2501 2777 2637 2833 dixit
2666 2798 2678 2835 :
2721 2779 2909 2836 Nonne
2930 2791 2977 2836 et
3000 2783 3257 2854 publicani
3280 2786 3374 2840 hoc
3412 2789 3635 2859 faciunt.

2021 2864 2250 2934 (Matth.
2293 2868 2349 2923 5.
2393 2868 2534 2936 46)?
2560 2879 2614 2925 et
2640 2886 2957 2943 progressus
2976 2890 3185 2932 rursum
3220 2876 3533 2935 :Publicani
3558 2891 3635 2937 et.

2019 2961 2299 3014 meretrices
2324 2963 2605 3031 prtecedent
2630 2981 2715 3019 vos
2737 2966 2789 3018 in
2818 2981 2970 3037 regno
2995 2968 3232 3024 calorum
3252 2968 3481 3042 (Matth.
3513 2974 3605 3029 2|.

2020 3051 2084 3107 3i
2106 3050 2124 3122 )
2145 3053 2240 3118 ;.id
2265 3062 2368 3118 est,
2401 3056 2490 3124 qui
2521 3058 2749 3112 maxime
2777 3058 3217 3126 improbantur-et
3247 3063 3608 3122 condemnan-

2022 3151 2124 3197 tur.
2154 3143 2387 3199 Audiant
2416 3145 2487 3199 illi
2517 3149 2606 3216 qui
2637 3148 2702 3201 ad
2724 3157 2962 3218 quaestus
2990 3151 3200 3222 iniquos
3228 3165 3486 3217 currunt.
3511 3159 3629 3225 qui.

2018 3232 2544 3293 ftenoral'tenoribus
2566 3238 2842 3308 adjiciunt.
2873 3242 2981 3296 Cur
3009 3258 3172 3313 porro
3212 3260 3335 3301 cum
3364 3249 3601 3316 publicaa

2018 3328 2103 3385 nis
2149 3329 2306 3383 istum
2340 3329 2521 3385 locat"
2562 3330 2634 3386 Ut
2659 3331 2840 3386 laesum
2869 3334 3209 3402 consoletur,
3240 3346 3293 3392 et
3324 3337 3462 3393 hunc
3503 3349 3630 3394 ter-_

2019 3425 2153 3469 real.
2181 3412 2319 3468 Num
2345 3414 2461 3470 lucc
2502 3415 2618 3471 sola
2659 3418 2865 3487 punitio
2912 3420 3038 3474 est?
3064 3418 3278 3477 Minime
3310 3441 3323 3476 ε
3356 3424 3449 3479 scd
3484 3425 3605 3480 audi

2018 3507 2335 3577 sequentia:
2367 3507 2454 3563 18.
2486 3507 2851 3579 Quodcumque
2872 3510 3199 3582 alligaveritis
3216 3530 3368 3584 super
3394 3525 3602 3585 terram,

2018 3599 2113 3652 erit
2134 3600 2344 3671 ligatum
2368 3609 2413 3655 et
2450 3601 2503 3653 in
2527 3602 2683 3655 uelis.
2730 3601 2846 3656 Non
2885 3601 3021 3657 dixit
3051 3604 3303 3659 Ecclesiae
3351 3608 3561 3676 prtesuli
3587 3650 3603 3674 ,

2018 3691 2190 3761 Alliga
2212 3692 2381 3758 illum,
2414 3691 2530 3756 sed,
2564 3692 2617 3747 Si
2646 3693 2967 3762 alligaveris,
3009 3695 3057 3750 ei
3086 3695 3176 3765 qui
3204 3696 3362 3752 laesus
3386 3698 3488 3753 fuit
3514 3708 3601 3754 to-

2019 3790 2131 3837 tum
2171 3784 2518 3854 permittens:
2554 3789 2783 3856 tuncque
2810 3786 3015 3841 vincula
3053 3802 3157 3843 non
3187 3788 3441 3846 dissoluta
3485 3807 3604 3848 ma-

2019 3883 2167 3929 nent.
2201 3873 2458 3929 Extrema
2484 3876 2664 3946 itaque
2692 3877 2927 3945 patietur
2951 3878 3111 3933 mala.
3153 3878 3258 3935 Sed
3290 3895 3394 3936 non
3441 3883 3486 3937 is
3514 3886 3605 3953 qui

2016 3964 2209 4021 detulit
2235 3966 2285 4019 in
2310 3979 2469 4023 causa
2495 3975 2598 4034 est,
2621 3982 2804 4023 verum
2827 3968 2871 4023 is
2893 3969 2983 4039 qui
3014 3970 3182 4026 noluit
3210 3972 3602 4044 obtemperare.

2019 4057 2183 4113 Vides
2212 4059 2481 4128 quomodo
2508 4057 2650 4115 hunc
2674 4058 2870 4130 duplici
2901 4064 3218 4119 necessitate
3256 4063 3517 4133 vinxerit,
3551 4077 3609 4124 et

2019 4151 2279 4222 praesenti
2298 4166 2451 4222 poena
2469 4192 2486 4219 ,
2517 4160 2572 4207 et
2594 4152 2769 4207 futuro
2800 4154 3100 4224 supplicio?
3129 4156 3254 4211 Ilaec
3277 4172 3438 4227 porro
3456 4174 3606 4215 com-

2018 4243 2249 4299 minatus
2275 4253 2465 4311 est,ne
2488 4244 2636 4300 istaec
2659 4244 2925 4312 accidant,
2959 4246 3054 4302 sed
3080 4257 3323 4305 metuens
3352 4259 3406 4306 et
3432 4252 3606 4309 minas

2018 4336 2410 4406 et-ejectionem
2452 4336 2521 4391 ab
2568 4337 2825 4405 Ecclesia,
2880 4347 2935 4394 et
2974 4339 3268 4409 periculum
3292 4344 3622 4401 exvinculo.

2019 4435 2255 4497 partum,
2284 4441 2385 4483 nec
2411 4443 2517 4481 non
2546 4427 2676 4483 illud
2707 4429 2761 4483 in
2794 4428 2939 4485 caelis
2967 4430 3255 4499 vinculum,
3279 4434 3614 4491 moderatior.

2018 4517 2113 4586 sit,
2142 4532 2264 4575 cum
2286 4517 2403 4573 haec
2430 4518 2582 4583 sciat,
2610 4520 2709 4574 etsi
2738 4534 2842 4575 non
2886 4536 2914 4575 a
2949 4522 3230 4593 principio,
3262 4524 3316 4580 in
3361 4528 3605 4583 multitu-

2018 4611 2144 4668 dine
2174 4620 2351 4669 tamen
2371 4611 2690 4683 judiciorum
2723 4614 2853 4669 iram
2894 4614 3145 4686 deponat.
3182 4617 3387 4675 Idcirco
3414 4631 3467 4676 et
3496 4624 3605 4692 pri-

2019 4718 2164 4757 mum
2217 4711 2272 4758 et
2318 4703 2611 4759 secundum
2655 4714 2708 4760 et
2758 4706 2973 4761 tertium
3003 4710 3276 4765 constituit
3305 4712 3603 4783 judicium,

2019 4809 2191 4866 neque
2218 4794 2397 4849 statim
2432 4794 2579 4850 illum
2618 4797 2921 4866 prtescindit
2944 4841 2960 4864 ,
2991 4810 3045 4854 ut
3066 4800 3109 4854 si
3142 4801 3313 4871 primo
3338 4807 3610 4862 non.obe-.

2018 4884 2167 4953 diat,
2212 4886 2448 4941 secundo
2499 4886 2690 4953 cedat;
2736 4888 2818 4943 sin
2868 4889 3015 4946 illud.
3052 4895 3344 4963 reSpuerit,
3389 4898 3602 4954 tertium

2019 4978 2238 5043 timeat;
2287 4978 2333 5033 si
2375 4978 2531 5048 hujus
2584 4980 2783 5037 nullam
2828 4982 3088 5039 rationem
3131 4984 3355 5053 habeat,
3412 5005 3477 5043 ex
3521 4989 3604 5042 lu-

2019 5078 2141 5124 turo
2177 5068 2377 5139 judicio
2416 5078 2679 5126 terreatur
2702 5112 2718 5137 ,
2766 5072 2882 5127 sive
2911 5089 2985 5127 ex.
3010 5074 3100 5129 Dei
3130 5077 3393 5132 sententia
3438 5080 3606 5134 et-ulo

2020 5162 2186 5219 tione.

2090 5254 2281 5309 Preces
2307 5271 2562 5326 magnam
2595 5256 2695 5309 vim
2741 5270 2775 5308 a
2822 5257 3091 5311 concordia
3130 5266 3377 5314 mutuam.
3435 5262 3606 5330 Quare

2020 5361 2120 5400 non
2163 5362 2361 5416 semper
2406 5346 2755 5400 exaudiamur.
2802 5347 3003 5403 Amoris
3035 5366 3153 5421 erga
3183 5353 3465 5421 proximmn
3493 5372 3605 5424 qua!

2019 5455 2176 5493 causa
2217 5454 2323 5493 esse
2360 5438 2553 5493 debeat.
2582 5438 2834 5493 Amicitia:
2881 5440 3118 5498 humana:
3159 5444 3373 5499 uanitas.
3405 5446 3606 5501 Amoris

2019 5529 2294 5585 Christiani
2315 5531 2466 5585 ratio.
2484 5560 2555 5571 —
2573 5530 2658 5586 19.
2688 5528 2716 5584 Ι
2724 5540 2884 5587 terum
2911 5541 3077 5587 autem
3099 5535 3212 5589 dico
3235 5535 3391 5602 vobis,
3424 5538 3542 5607 quia
3562 5539 3606 5592 si

2020 5621 2121 5678 duo
2136 5638 2201 5678 ea:
2218 5621 2354 5678 vobis
2372 5622 2710 5676 consenserint
2724 5639 2876 5691 super
2900 5633 3106 5691 terram,
3124 5624 3188 5680 de
3208 5627 3340 5680 amni
3361 5643 3415 5681 re
3430 5644 3605 5699 quant-

2026 5780 2109 5892 αἱ
2137 5780 2209 5831 sic
2231 5779 2370 5833 savil.
2400 5788 2450 5834 ct
2472 5787 2663 5845 Mss.;at
2687 5779 2868 5844 Morel,
2892 5786 3053 5835 etnon
3077 5781 3174 5835 alio
3198 5787 3356 5849 modo,
3384 5798 3490 5851 pro,
3510 5798 3603 5840 non

2097 5854 2190 5892 nm.

2097 5854 2190 5892 lim.
