4140 6376
559 375 573 423 ς
603 372 672 430 37
1362 367 1418 421 S.
1451 365 1730 422 JOANNIS
1767 363 2238 420 CHRYSOSTOMI
2274 366 2584 422 ARCHIEP.
2627 369 3158 426 CONSTANTINOP.

564 506 777 558 cumque
803 488 1052 558 petierint,
1096 486 1180 552 ﬁet
1208 486 1278 538 eis
1304 501 1335 537 α
1361 481 1518 537 Patre
1547 499 1656 536 meo
1695 482 1778 552 qui
1807 482 1858 534 in
1889 482 2024 534 ca'lis
2054 488 2143 534 est.

564 582 654 637 ‘20.
692 580 787 636 Ubi
813 582 943 633 enim
967 579 1152 648 fuerint
1179 576 1279 629 duo
1306 576 1382 629 vel
1408 587 1506 628 tres
1544 575 1830 645 congregati
1868 574 1920 626 in
1949 573 2149 625 nomine

565 691 694 740 meo,
717 673 785 727 ibi
803 689 912 726 sum
932 673 982 724 in
1009 669 1172 722 medio
1193 685 1383 722 eorum.
1418 666 1600 721 Viden’
1627 664 1892 736 quomodo
1923 663 2138 717 aliunde

565 769 724 824 etiam
751 765 921 821 solvat
957 762 1256 817 inimicitias
1276 803 1291 827 ,
1335 760 1632 815 simultates
1683 759 1852 822 tollat,
1878 767 1932 813 et
1957 765 2140 810 mutuo

560 859 745 929 jungat
769 897 782 921 ,
811 871 916 910 non
939 862 1140 908 tantum
1166 867 1231 906 ex
1263 852 1449 904 timore
1465 850 1574 919 jam
1605 850 1728 904 dicti
1755 848 2017 919 supplicii,
2050 846 2145 900 sed

567 953 726 1007 etiam
749 965 816 1004 ex
842 948 995 1002 bouis
1036 962 1131 1017 per
1166 945 1438 1000 caritatem
1485 945 1666 1013 partis.
1700 943 1831 997 Nam
1868 931 2142 1012 postquam

569 1040 916 1096 contentiosis
958 1039 1048 1092 illa
1077 1038 1430 1091 comminatus
1455 1045 1555 1101 est,
1587 1035 1672 1090 hic
1701 1051 1888 1104 magna
1915 1050 2141 1089 concor-

565 1135 667 1188 dia:
697 1132 910 1202 praemia
935 1129 1140 1194 statuit,
1165 1127 1423 1196 siquidem
1454 1127 1510 1192 ii,
1553 1127 1643 1196 qui
1691 1137 1875 1180 mutuo
1921 1126 2058 1179 inter
2084 1140 2144 1178 se

561 1223 922 1285 consentiunt,
944 1236 973 1272 a
1002 1220 1158 1274 Patre
1197 1219 1484 1288 impetrant
1508 1217 1650 1286 quod
1675 1226 1879 1285 petunt,
1911 1223 1964 1269 et
1990 1215 2143 1269 Chri-

563 1325 699 1369 stum
713 1314 765 1368 in
785 1313 958 1367 medio
975 1311 1188 1365 habent.
1208 1313 1289 1364 An
1312 1325 1569 1378 nusquam
1590 1309 1694 1362 duo
1711 1320 1891 1363 mutuo
1910 1323 2142 1363 consen-

565 1409 757 1462 tientes
786 1404 946 1459 sunt?
975 1403 1150 1456 Multis
1179 1402 1229 1455 in
1269 1401 1398 1455 locis
1423 1401 1622 1470 utique,
1645 1401 1751 1452 imo
1777 1399 1908 1453 forte
1925 1399 2138 1468 ubique.

567 1495 846 1563 Quomodo
905 1495 1065 1563 igitur
1094 1508 1198 1546 non
1239 1492 1416 1545 omnia
1446 1491 1771 1560 impetrant?
1805 1489 1935 1557 Quia
1965 1490 2144 1543 multa:

545 1596 691 1643 ‘sunt
737 1601 910 1642 causm
935 1602 1037 1638 non
1094 1583 1428 1654 impetrandi.
1477 1583 1605 1636 Nam
1660 1597 1801 1650 smpe
1823 1582 1908 1636 illa
1960 1591 2146 1650 petunt

567 1695 686 1749 qua:
713 1677 1006 1732 concedere
1037 1692 1138 1728 non
1164 1675 1396 1743 expedit.
1438 1672 1640 1742 Ecquid
1683 1673 1912 1737 miraris,
1955 1674 1997 1726 si
2053 1672 2143 1727 alii

570 1785 680 1825 non
726 1771 1028 1837 impetrent,
1061 1765 1273 1834 quando
1305 1765 1497 1818 Paulus
1523 1765 1681 1818 etiam
1714 1763 1764 1817 id
1800 1779 1985 1834 passus
2026 1771 2142 1828 est,

569 1877 689 1918 cum
711 1861 911 1915 audivit
935 1878 948 1913 :
981 1858 1174 1927 Suﬁicit
1203 1857 1290 1910 tibi
1323 1860 1486 1926 gratia
1507 1872 1619 1910 mea
1638 1896 1652 1919 ,
1675 1856 1831 1908 virtus
1872 1855 2002 1908 enim
2036 1871 2145 1907 mea

568 1956 628 2011 in
654 1953 970 2023 inﬁrmitate
989 1950 1262 2020 perﬁcitur
1281 1947 1354 2016 (2.
1376 1947 1500 2002 Cor.
1521 1945 1609 2000 12.
1629 1945 1710 2013 9)?
1730 1945 1836 1998 Aut
1854 1945 1926 1997 illi
1945 1944 2035 2013 qui
2059 1960 2145 2012 pe-

575 2053 696 2100 tunt
715 2058 822 2097 non
840 2042 986 2111 digni
1008 2047 1135 2095 sunt
1157 2040 1224 2093 iis
1241 2037 1565 2108 aequiparari
1588 2037 1679 2106 qui
1703 2036 1814 2090 hinc
1835 2037 2140 2100 audierunt,

574 2153 677 2193 nec
695 2152 760 2191 ex
782 2151 840 2190 se
857 2134 1094 2188 aﬂ'erunt
1115 2148 1176 2186 ea
1192 2148 1313 2202 qua:
1333 2138 1719 2199 competcrcnt;
1742 2129 1855 2196 ipse
1873 2143 1996 2180 vero
2011 2141 2145 2196 apo-

575 2231 842 2285 stolorum
864 2225 1073 2281 similes
1091 2223 1356 2293 requirit:
1383 2221 1504 2275 ideo
1537 2220 1633 2284 ait,
1655 2217 1736 2270 Ex
1763 2217 1923 2282 vobis,
1949 2217 2147 2270 virtute

577 2319 842 2391 praeditis,
866 2317 960 2386 qui
994 2315 1291 2384 angelicam
1319 2313 1484 2365 vitam
1519 2307 1805 2363 exhibetis.
1829 2310 1938 2360 Aut
1959 2319 2146 2361 contra

579 2413 838 2466 lmdentes
860 2424 919 2464 se
947 2417 1264 2478 precantur,
1294 2404 1552 2457 ultionem
1579 2410 1632 2455 et
1651 2400 1972 2470 supplicium
2005 2400 2149 2467 ipso-

586 2518 706 2556 rum
743 2500 1106 2570 postulantes,
1138 2499 1187 2550 id
1218 2496 1361 2566 quod
1391 2504 1474 2548 cst
1505 2493 1869 2562 prohibitum:
1895 2507 2018 2545 nam
2049 2491 2147 2554 ait,

578 2592 878 2648 Precamini
900 2606 992 2660 pro
1007 2589 1231 2642 inimicis
1247 2587 1426 2640 vestris
1446 2583 1605 2651 (Mat.
1625 2583 1678 2637 5.
1701 2583 1929 2653 44).Αυι
1948 2582 2152 2636 sineul-

581 2687 628 2740 la
647 2685 954 2755 pmnitentia
969 2688 1274 2751 peccantes,
1286 2675 1709 2731 miscricordiam
1727 2684 1931 2744 petunt,
1947 2690 2065 2742 qua:
2078 2683 2154 2727 ta-

584 2793 706 2831 men
721 2792 824 2830 non
841 2773 1112 2843 impetrari
1131 2778 1326 2839 potest,
1344 2785 1448 2822 non
1466 2769 1626 2821 modo
1651 2767 1758 2822 illis
1781 2766 2146 2834 precantibus,

583 2870 677 2924 sed
697 2867 861 2923 etiam
883 2866 990 2918 alio
1007 2879 1072 2916 ex
1103 2864 1168 2916 iis
1195 2862 1285 2930 qui
1315 2860 1454 2929 apud
1479 2859 1645 2913 Deum
1675 2857 1926 2910 fiduciam
1951 2857 2152 2910 habent

585 2977 685 3030 pro
718 2959 854 3030 ipsis
880 2956 1218 3026 postulante:
1254 2951 1714 3022 quemadmodum
1744 2948 2008 3003 Jeremias
2025 2964 2147 3002 cum

581 3063 683 3119 pro
701 3049 902 3107 Iudaeis
920 3053 1254 3116 precaretur,
1275 3042 1513 3096 audivit:
1539 3041 1589 3094 N
1596 3041 1668 3095 oti
1687 3057 1838 3094 orare
1851 3059 1944 3106 pro
1958 3041 2150 3111 popqu

579 3132 692 3197 hoc,
739 3129 857 3200 quia
905 3145 1006 3182 non
1047 3139 1094 3182 te
1129 3127 1397 3180 exaudiam
1449 3125 1598 3194 (Jer.
1647 3127 1733 3179 11.
1777 3125 1905 3195 14).
1937 3127 1993 3182 Si
2025 3143 2152 3183 vero

582 3234 769 3279 cuncta
793 3222 984 3285 adsint,
1015 3229 1067 3274 et
1092 3220 1235 3272 utilia
1266 3228 1432 3287 petas,
1479 3218 1725 3288 quodque
1759 3233 1922 3288 penes
1977 3228 2030 3274 te
2073 3229 2154 3275 est

578 3316 790 3379 aderas,
813 3314 974 3366 vitam
999 3311 1161 3365 ducas
1185 3309 1550 3379 apostolicam,
1578 3310 1917 3364 concordiam
1945 3321 1999 3364 et
2019 3311 2154 3364 cari-

579 3415 742 3461 tatem
773 3419 895 3472 erga
925 3402 1220 3470 proximum
1248 3414 1449 3462 serves,
1473 3401 1735 3469 postulata
1764 3401 2103 3469 consequeris
2137 3419 2148 3453 :

580 3497 839 3566 benignus
869 3495 1063 3562 quippe
1095 3501 1181 3546 est
1205 3491 1479 3547 Dominus.

650 3589 704 3644 5.
739 3586 937 3641 Deinde
965 3585 1084 3654 quia
1107 3583 1258 3646 dixit,
1306 3583 1348 3635 A
1376 3581 1532 3635 Patre
1563 3596 1673 3634 meo
1692 3622 1706 3645 ,
1737 3588 1794 3634 ut
1825 3579 2069 3634 ostendat
2096 3594 2154 3634 se

580 3697 811 3751 quoque,
844 3693 943 3732 nec
971 3677 1130 3730 modo
1157 3676 1390 3736 Patrem,
1440 3673 1702 3743 postulata
1725 3671 1969 3726 daturum
1996 3687 2117 3726 esse
2135 3713 2151 3738 ,

579 3772 853 3841 subjunxit
881 3788 894 3822 :
928 3769 1024 3823 Ubi
1049 3768 1180 3821 enim
1197 3765 1298 3819 duo
1324 3767 1398 3819 vel
1441 3776 1540 3819 tres
1587 3765 1870 3836 congregati
1889 3763 2073 3831 fuerint
2103 3764 2156 3816 in

583 3866 782 3919 nomine
814 3879 942 3927 meo,
986 3859 1092 3913 illic
1133 3875 1246 3912 sum
1278 3859 1333 3911 in
1373 3857 1536 3910 medio
1562 3873 1753 3910 eorum.
1794 3856 1930 3922 Quid
1954 3856 2153 3925 igitur?

585 3970 761 4012 nonne
806 3961 930 4007 sunt
967 3951 1072 4005 duo
1100 3949 1182 4004 vel
1212 3958 1319 4004 tres
1344 3949 1646 4018 congregati
1679 3948 1732 4001 in
1769 3947 1982 4002 nomine
2001 3947 2156 4016 ejus?

586 4048 720 4103 Sunt
763 4045 998 4115 quidem,
1053 4040 1146 4096 sed
1175 4054 1318 4095 raro.
1347 4038 1460 4092 Non
1487 4039 1628 4092 enim
1647 4039 1714 4092 de
1737 4047 2001 4092 conventu
2025 4039 2155 4091 sim-

589 4138 796 4206 pliciter
824 4135 972 4196 dicit,
1007 4147 1176 4199 neque
1208 4130 1312 4184 hoc
1339 4136 1540 4183 tantum
1573 4129 1833 4195 postulat;
1861 4127 1950 4181 sed
1973 4129 2152 4190 etiam,

588 4239 648 4284 ut
671 4241 830 4296 supra
871 4223 1018 4286 dixi,
1051 4222 1184 4276 alias
1209 4234 1417 4290 quoque
1446 4219 1686 4272 virtutes.
1735 4217 1934 4271 Deinde
1976 4228 2027 4270 ut
2057 4216 2158 4270 hoc

588 4321 759 4389 ipsum
784 4331 904 4371 cum
931 4328 1117 4382 magna
1173 4310 1507 4365 accuratione
1549 4317 1710 4377 petat.
1753 4307 1882 4360 Nam
1910 4307 2048 4374 quod
2073 4306 2154 4359 di-

588 4414 690 4478 cit,
721 4406 1020 4478 hujusmodi
1052 4414 1134 4459 est
1167 4421 1179 4457 :
1205 4404 1258 4459 Si
1299 4403 1417 4472 quis
1446 4417 1530 4454 me
1574 4401 1798 4468 priorem
1828 4415 2038 4454 causam
2065 4401 2158 4452 ha-

591 4506 713 4557 beat
755 4498 951 4553 amoris
980 4511 1104 4565 erga
1152 4495 1470 4564 proximum.
1516 4507 1636 4544 cum
1680 4491 1768 4544 illo
1795 4505 1911 4554 ero,
1955 4491 1998 4543 si
2027 4490 2157 4544 alias

586 4606 796 4663 quoque
816 4590 1038 4643 virtutes
1059 4584 1344 4655 possideat.
1367 4582 1517 4638 Nune
1539 4591 1714 4636 autem
1740 4581 1995 4649 plurimos
2016 4581 2159 4636 vide-

541 4737 544 4744 ,
592 4700 709 4738 mus
732 4723 750 4748 ,
777 4681 864 4751 qui
909 4679 1040 4733 alias
1070 4677 1315 4730 amicitia:
1360 4689 1548 4730 causas
1597 4674 1810 4729 habent.
1843 4673 1990 4727 Alius
2017 4673 2158 4727 enim

589 4777 712 4847 quia
760 4781 967 4827 amatur
987 4777 1153 4833 amat;
1199 4769 1333 4822 alius
1375 4767 1496 4837 quia
1547 4767 1836 4820 honoratus
1864 4767 1997 4830 fuit;
2025 4766 2159 4820 alius

591 4867 714 4936 quia
744 4865 798 4917 in
825 4864 1000 4932 aliquo
1027 4859 1267 4914 smculari
1289 4857 1496 4926 negotio
1524 4857 1780 4925 quispiam
1802 4856 1849 4910 ei
1869 4857 2008 4911 utilis
2028 4855 2157 4920 fuit;

590 4958 724 5010 alius
749 4955 818 5009 ob
842 4953 998 5007 aliam
1029 4950 1254 5004 similem
1277 4963 1488 5003 causam
1509 4964 1524 5006 :
1569 4956 1622 5000 at
1668 4947 1883 5001 difﬁcile
1903 4957 1984 5002 est
2006 4962 2161 5016 repe-

595 5049 700 5101 rire
729 5043 1031 5115 quempiam
1064 5042 1153 5111 qui
1205 5040 1498 5109 proximum
1548 5048 1762 5107 propter
1811 5039 2078 5094 Christum
2107 5049 2164 5093 ut

595 5145 807 5207 oportet
832 5143 992 5189 amet.
1027 5132 1240 5187 Plurimi
1263 5131 1402 5184 enim
1432 5130 1773 5185 smcularibus
1799 5132 2022 5200 negotiis
2047 5147 2164 5186 mu-

597 5241 685 5284 tuo
713 5229 869 5282 vincti
889 5234 1032 5280 sunt.
1067 5225 1259 5280 Verum
1291 5238 1393 5277 non
1444 5222 1638 5276 Paulus
1681 5223 1758 5277 sic
1799 5223 2043 5288 amabat,
2072 5223 2162 5278 sed

600 5378 936 5396 -—————-‘

3725 377 3827 436 588

2255 491 2469 550 propter
2491 482 2757 538 Christum
2776 503 2788 549 ;
2809 487 2928 541 ideo
2947 490 3189 556 quamvis
3206 505 3312 543 non
3337 499 3536 544 tantum
3557 503 3829 548 amaretur

2251 580 2504 638 quantum
2526 575 2772 640 amabat,
2802 593 2905 631 non
2932 578 3179 632 dissolvit
3225 581 3520 644 caritatem,
3549 582 3670 650 quia
3701 583 3826 635 vali-

2250 662 2370 716 dam
2397 667 2591 719 amoris
2626 667 2856 722 radicem
2883 669 3104 738 jecerat.
3134 671 3202 724 At
3228 687 3369 726 nunc
3391 687 3477 726 res
3521 687 3625 725 non
3654 674 3722 727 ita
3768 690 3828 729 so

2249 753 2406 810 habet
2434 775 2447 810 :
2479 756 2571 811 sed
2598 759 2642 811 si
2673 760 2850 813 omnia
2873 760 3210 829 exploremus
3234 803 3249 828 ,
3282 763 3417 832 apud
3462 764 3656 817 multos
3683 765 3825 817 inve-

2249 847 2457 904 niemus
2482 850 2730 904 amicitim
2751 867 2940 906 causas
2966 853 3126 922 longe
3155 853 3414 908 diversas.
3447 854 3597 920 Quod
3635 855 3679 907 si
3709 856 3828 924 quis

2248 939 2374 992 mihi
2401 940 2718 996 concederet
2749 944 2799 997 in
2830 952 2973 997 tanta
3002 945 3334 1000 multitudine
3356 962 3463 1000 rem
3487 949 3792 1001 examinare
3809 943 3830 1015 ,ί

2235 1030 2589 1085 ostenderem
2619 1033 2812 1087 multos
2842 1036 3184 1089 smcularibus
3211 1035 3278 1090 de
3303 1038 3478 1092 causis
3509 1048 3692 1091 mutuo
3735 1038 3814 1092 de

2246 1123 2455 1176 vinctos
2484 1139 2622 1178 esse.
2644 1125 2698 1178 ld
2724 1127 2863 1195 quod
2888 1127 3046 1180 etiam
3075 1128 3410 1182 manifestum
3435 1139 3593 1183 estex
3625 1130 3688 1183 iis
3708 1145 3828 1200 quas

2247 1214 2632 1268 inimicitiarum
2662 1231 2836 1270 causa:
2862 1226 3003 1270 sunt.
3031 1217 3164 1284 Quia
3205 1234 3271 1272 ex
3311 1217 3466 1273 ﬂuxis
3515 1218 3816 1288 hujusmodi

2244 1306 2409 1362 rebus
2436 1315 2620 1361 mutuo
2648 1307 2881 1364 devincti
2909 1321 3031 1363 sunt
3051 1351 3064 1373 ,
3096 1311 3218 1364 hinc
3249 1312 3307 1364 ﬁt
3332 1321 3388 1364 ut
3413 1327 3510 1366 nec
3530 1311 3820 1378 ferventer,

2246 1413 2345 1453 nec
2368 1409 2623 1468 perpetuo
2649 1401 2947 1456 vinciantur
2975 1425 2987 1458 :
3019 1404 3113 1457 sed
3141 1404 3222 1458 vel
3249 1405 3587 1470 contumelia,
3618 1407 3698 1460 vel
3727 1422 3824 1475 pe-

2245 1491 2516 1544 cuniarum
2549 1491 2946 1558 detrimentum,
2988 1495 3073 1548 vel
3105 1494 3318 1561 invidia,
3348 1496 3431 1550 vel
3463 1512 3610 1550 vame
3633 1497 3818 1566 glorim

2245 1599 2413 1649 amor,
2445 1585 2529 1638 vel
2555 1584 2681 1654 quid
2707 1586 2913 1650 simile,
2946 1587 2990 1641 si
3011 1587 3247 1651 accidat,
3299 1588 3584 1642 amicitiam
3631 1587 3810 1641 solvit.

2242 1673 2357 1730 Non
2384 1675 2529 1728 enim
2566 1677 2890 1744 spiritualem
2920 1677 3120 1731 invenit
3165 1676 3418 1731 radicem.
3466 1677 3594 1746 Quae
3633 1679 3677 1733 si
3704 1679 3826 1733 talis

2245 1775 2417 1830 esset,
2448 1767 2588 1820 nulla
2632 1768 2963 1822 smcularium
3009 1784 3186 1823 rerum
3225 1770 3516 1838 spiritualia
3567 1772 3821 1825 solveret.

2245 1857 2448 1912 Caritas
2473 1861 2610 1912 enim
2660 1875 2719 1913 ea
2741 1902 2755 1926 ,
2796 1876 2913 1929 quae
2938 1870 3152 1930 propter
3187 1859 3453 1916 Christum
3479 1871 3561 1917 est
3581 1903 3595 1926 ,
3638 1863 3819 1924 ﬁrma,

2247 1949 2447 2003 stabilis
2473 1949 2766 2019 invictaque
2795 1959 2896 2012 est,
2923 1951 3162 2022 nihilque
3181 1953 3323 2006 illam
3346 1955 3537 2023 poterit
3563 1954 3814 2018 avellere,

2248 2055 2351 2094 non
2390 2041 2688 2106 calumniae,
2721 2057 2824 2094 non
2855 2043 3106 2111 pericula,
3136 2059 3242 2097 non
3269 2053 3487 2107 mortes,
3526 2058 3630 2096 non
3679 2042 3824 2096 aliud

2248 2130 2369 2198 quid
2397 2131 2586 2184 simile.
2616 2131 2833 2185 Etiamsi
2860 2133 3000 2186 enim
3027 2135 3116 2203 qui
3139 2133 3216 2188 sic
3234 2143 3376 2188 amat
3398 2147 3662 2187 aerumnas
3683 2133 3824 2187 mille

2255 2224 2548 2284 pateretur,
2570 2232 2684 2270 non
2703 2216 3003 2280 desisteret,
3022 2233 3240 2274 causam
3263 2222 3468 2275 amoris
3503 2223 3584 2276 sui
3612 2237 3828 2292 semper

2255 2305 2325 2358 0b
2340 2305 2526 2359 oculos
2555 2305 2778 2360 habens.
2799 2305 2930 2359 Nam
2946 2309 3036 2376 qui
3055 2319 3198 2362 amat
3215 2319 3272 2363 ut
3290 2319 3523 2376 ametur,
3545 2312 3588 2365 si
3607 2313 3734 2381 quid
3757 2314 3832 2366 in-

2253 2405 2466 2464 gratum
2484 2395 2708 2456 viderit,
2728 2396 3141 2451 solvitamorem
3164 2416 3177 2450 :
3200 2401 3291 2468 qui
3318 2416 3445 2455 vero
3465 2403 3587 2456 imle
3613 2404 3827 2458 vinctus

2252 2495 2358 2549 est,
2380 2502 2656 2556 nunquam
2696 2486 2954 2538 discedet.
2981 2486 3102 2540 Ideo
3122 2488 3323 2544 Paulus
3346 2490 3561 2546 dicebat
3585 2511 3596 2546 :
3619 2493 3826 2546 Caritas

2254 2593 2537 2646 numquam
2555 2574 2754 2630 excidit
2771 2574 2975 2643 (LCor.
3001 2578 3084 2631 15.
3102 2579 3328 2646 8).Quid
3349 2583 3493 2634 enim
3513 2584 3689 2634 dicere
3707 2599 3827 2653 pos-

2251 2675 2366 2727 sis?
2399 2689 2465 2727 an
2508 2673 2646 2741 quod
2700 2671 2991 2727 honoratus
3019 2681 3070 2726 tc
3098 2673 3416 2728 contumelia
3443 2673 3712 2726 olfecerit?
3743 2674 3825 2726 vel

2251 2763 2388 2831 quod
2417 2763 2671 2816 beneﬁcio
2692 2763 2934 2826 affectus,
2990 2771 3040 2817 te
3078 2762 3322 2816 occidere
3354 2763 3620 2816 voluerit?
3655 2763 3755 2817 Sed
3782 2764 3825 2816 si

2251 2863 2466 2923 propter
2494 2854 2761 2907 Christum
2806 2853 3014 2922 diligis,
3069 2853 3117 2906 id
3153 2862 3201 2905 te
3244 2852 3307 2905 ad
3341 2852 3592 2919 majorem
3625 2853 3825 2906 inducit

2252 2948 2549 3001 caritatem.
2574 2947 2704 3001 Nam
2732 2964 2848 3014 qua:
2871 2948 2923 3001 in
2951 2947 3066 3001 aliis
3088 2947 3424 3001 dilectionem
3457 2957 3720 3008 evertunt,
3747 2948 3829 3000 hic

2253 3041 2392 3097 illam
2429 3041 2730 3095 conciliant.
2772 3040 3084 3106 Quomodo?
3115 3040 3312 3103 l’rimo,
3361 3040 3480 3109 quia
3531 3040 3651 3093 talis
3675 3041 3829 3092 homo

2253 3131 2518 3185 mercedis
2551 3131 2642 3201 tibi
2673 3146 2830 3184 causa
2883 3140 2998 3191 est;
3050 3129 3303 3193 secundo,
3353 3130 3474 3199 quia
3517 3129 3601 3183 ille
3646 3128 3827 3198 majori

2253 3231 2370 3290 eget
2401 3236 2502 3288 ope
2531 3231 2584 3274 et
2609 3221 2920 3274 ministerio.
2956 3220 3152 3274 Idcirco
3185 3221 3270 3289 qui
3309 3220 3386 3273 sic
3415 3229 3576 3283 amat,
3609 3237 3710 3273 non
3740 3235 3828 3287 ge-

2256 3327 2356 3365 nus
2381 3311 2638 3377 explorat,
2687 3327 2792 3364 non
2843 3311 3089 3379 patriam,
3131 3326 3235 3364 non
3265 3309 3494 3370 divitias.
3530 3325 3633 3364 non
3660 3326 3826 3378 quan-

2257 3413 2364 3457 tmu
2417 3402 2738 3468 rcdantetur,
2787 3418 2891 3456 non
2939 3403 3080 3456 aliud
3133 3402 3307 3456 simile
3350 3400 3618 3470 quidpiam
3671 3419 3683 3452 :
3733 3399 3826 3453 sed

2256 3493 2461 3548 etiamsi
2487 3492 2609 3547 odio
2632 3493 2911 3557 habeatur,
2961 3493 3168 3546 etiamsi
3198 3491 3511 3546 contumelia
3537 3491 3832 3553 afﬁciatur,

2256 3586 2460 3641 etiamsi
2511 3584 2812 3645 occidatur,
2885 3585 2937 3637 in
2983 3599 3164 3638 amore
3207 3593 3540 3653 perseverat,
3588 3581 3830 3636 idoneam

2259 3678 2457 3732 habens
2485 3676 2694 3730 amandi
2724 3691 2934 3730 causam
2960 3716 2974 3736 ,
3001 3690 3236 3728 amorem
3265 3675 3458 3728 Christi
3481 3691 3494 3727 :
3514 3682 3832 3742 quapmptcr

2259 3769 2323 3822 ad
2356 3768 2498 3822 illum
2526 3767 2816 3836 reSpiciens
2839 3774 2943 3819 stat
2969 3765 3121 3828 ﬁxus,
3149 3765 3354 3828 firmus,
3381 3763 3682 3817 immobilis.
3706 3762 3833 3818 Nam

2259 3857 2500 3911 Christus
2531 3855 2605 3910 sic
2631 3855 2813 3909 dilexit
2847 3854 3107 3917 inimicos,
3133 3854 3382 3922 ingratos,
3405 3851 3832 3914 contumeliosos,

2261 3947 2621 4016 blasphcmos,
2669 3961 2729 4001 se
2757 3945 3014 4009 0dicntcs,
3047 3960 3138 3998 eos
3169 3945 3254 4012 qui
3302 3959 3367 3997 ne
3417 3944 3686 4012 respicere
3712 3941 3832 4012 qui-

2260 4039 2378 4094 dem
2406 4040 2552 4093 illum
2581 4039 2926 4101 sustinebant,
2951 4038 3036 4107 qui
3067 4037 3205 4106 ligna
3235 4044 3289 4090 et
3318 4035 3518 4105 lapides
3559 4035 3657 4104 ipsi
3684 4043 3834 4087 antc-

2261 4131 2563 4201 ponehant;
2592 4129 2689 4184 hos
2715 4129 2896 4182 dilexit
2924 4145 3171 4198 suprema
3197 4127 3447 4190 caritate,
3478 4129 3561 4182 cui
3611 4142 3704 4198 par
3751 4125 3834 4180 iu-

2263 4225 2426 4279 veniri
2457 4223 2658 4292 nequit.
2689 4221 2817 4275 Nam
2847 4221 2920 4274 ait
2949 4239 2961 4272 :
2994 4221 3245 4290 Major-em
3289 4222 3382 4272 hac
3407 4221 3665 4273 caritatem
3691 4234 3836 4271 nemo

2263 4316 2442 4379 habet,
2491 4323 2544 4366 ut
2584 4314 2804 4365 animam
2846 4329 2988 4366 suam
3031 4322 3182 4381 ponat
3224 4312 3331 4381 quis
3381 4328 3472 4379 pro
3511 4311 3684 4364 amicis
3735 4311 3838 4362 suis

2265 4407 2457 4480 (Joan.
2492 4406 2576 4460 15.
2604 4404 2725 4474 15).
2775 4404 2895 4458 Illos
2935 4419 3060 4457 vero
3101 4403 3189 4472 qui
3237 4405 3406 4472 ipsum
3434 4403 3831 4460 crucilixerunt,

2263 4498 2456 4569 quique
2485 4505 2628 4550 tanto
2672 4496 2847 4549 furore
2887 4503 3067 4549 contra
3112 4495 3284 4564 ipsum
3329 4494 3679 4558 insanierunt,
3720 4493 3839 4546 vide

2264 4599 2516 4658 quantum
2547 4597 2714 4641 curet.
2766 4586 2896 4640 Nam
2951 4586 3158 4640 Patrem
3199 4587 3491 4655 alloquens,
3538 4586 3614 4640 sic
3646 4585 3711 4640 de
3739 4584 3840 4636 illis

2265 4681 2339 4734 ait
2371 4696 2383 4732 :
2413 4677 2621 4730 Dimitte
2648 4677 2786 4740 illis;
2811 4677 3032 4730 nesciunt
3061 4677 3189 4729 enim
3210 4677 3328 4740 quid
3350 4677 3537 4745 faciunt
3561 4673 3720 4747 (Luc.
3747 4673 3840 4727 25.

2265 4770 2398 4842 54).
2437 4769 2731 4838 Discipulos
2759 4784 2964 4837 quoque
2996 4777 3177 4836 postea
3215 4767 3281 4820 ad
3321 4767 3463 4835 ipsos
3505 4767 3668 4821 misit.
3699 4765 3843 4820 Hanc

2269 4862 2426 4931 igitur
2450 4874 2548 4914 nos
2575 4874 2782 4927 quoque
2808 4859 3081 4911 caritatem
3122 4858 3408 4922 imitemur,
3434 4867 3488 4909 et
3510 4857 3645 4910 hanc
3671 4855 3841 4925 respi-

2269 4951 2488 5010 ciamus.
2520 4959 2577 5002 ut
2606 4950 2894 5002 imitatores
2922 4949 3115 5002 Christi
3147 4947 3340 5009 eli‘ecti,
3364 4958 3414 5001 et
3445 4947 3557 5000 hrec
3588 4955 3642 5000 ct
3670 4947 3842 5001 futura

2276 5042 2413 5095 bona
2442 5056 2844 5108 consequamur,
2873 5040 3038 5109 gratia
3070 5049 3124 5094 ct
3147 5039 3469 5108 benignitate
3498 5038 3706 5092 Domini
3748 5054 3842 5091 no-

2271 5132 2514 5187 striJesu
2544 5130 2762 5194 Christi,
2807 5131 2891 5185 cui
2924 5131 3087 5202 gloria
3132 5140 3186 5185 et
3221 5132 3498 5201 imperium
3547 5131 3600 5184 in
3653 5131 3843 5186 sa~cula

2273 5226 2603 5278 saeculorum.
2645 5223 2835 5276 Amen.

1821 5447 2165 5509 HOMILIA
2205 5450 2371 5512 LXI.
2417 5451 2502 5512 al.
2547 5450 2740 5510 LXII.

604 5610 729 5666 Car.
764 5608 846 5662 18.
878 5623 933 5661 v.
963 5606 1051 5660 2|.
1087 5603 1223 5658 Tunc
1264 5601 1500 5656 accedens
1549 5599 1616 5652 ad
1662 5599 1804 5652 illum
1859 5597 2039 5652 Petrus
2085 5597 2168 5651 di-

672 5703 744 5756 xit
771 5717 789 5753 :
826 5699 1040 5753 Domine
1059 5739 1073 5761 ,
1100 5696 1288 5766 quoties
1318 5692 1536 5763 peccabit
1561 5692 1614 5744 in
1640 5708 1717 5744 me
1745 5694 1900 5762 frater
1926 5705 2060 5742 meus
2081 5730 2097 5753 ,
2125 5698 2169 5742 et

678 5795 924 5848 dimittant
952 5793 1035 5847 ei?
1062 5805 1216 5862 usque
1241 5785 1455 5857 septies?
1483 5783 1573 5838 ‘22.
1607 5781 1742 5837 Dicit
1769 5783 1812 5838 ei
1837 5781 1985 5838 Iesus
2004 5824 2019 5850 ,
2052 5779 2172 5835 Non

2347 5601 2459 5654 dico
2499 5600 2585 5653 tibi
2607 5615 2763 5670 usque
2789 5597 2968 5664 septies
2991 5637 3006 5662 ,
3033 5598 3122 5649 sed
3147 5610 3298 5664 usque
3324 5595 3600 5664 septuagies
3638 5591 3832 5662 septies.

2348 5687 2399 5739 1.
2420 5683 2660 5753 Magnum
2682 5681 2806 5752 quid
2829 5697 2885 5735 se
2906 5679 3084 5734 dicere
3109 5681 3323 5748 putabat
3344 5679 3554 5739 Petrus,
3582 5678 3698 5730 ideo
3719 5694 3841 5746 qua-

2279 5776 2323 5832 si
2351 5790 2461 5832 rem
2502 5775 2763 5844 ingentem
2805 5781 3045 5826 statuens
3087 5771 3294 5825 intulit:
3332 5769 3499 5840 Usque
3535 5770 3754 5839 septies?
3786 5769 3842 5824 Id
