4140 6376
403 359 511 419 589

405 477 565 538 σάκις
605 470 700 531 οῦν
740 472 902 528 αὐτὸν
945 472 1146 544 ὀφείλω
1183 473 1371 544 φέρειν
1419 473 1774 545 ἐλεγχόμενον
1819 473 1970 548 [61η
1999 477 2093 530 καὶ

408 558 803 631 μετανοοῦντα;
864 558 1027 628 ἀρκεῖ
1060 557 1289 619 ἑπτάκις
1334 558 1420 623 ⁷³;
1451 557 1517 611 Τί
1558 554 1652 612 οῦν
1695 560 1724 612 ό
1763 559 2020 630 Χριστὸς,
2066 563 2094 614 ό

405 637 790 710 φιλάνθρωπος
843 637 939 689 καὶ
998 631 1202 703 ἀγαθὸς
1235 635 1368 700 Θεός
1390 638 1467 703 ¹¹⁹;
1504 639 1587 692 Οὐ
1630 639 1789 708 λέγω
1839 655 1939 694 σοι
1983 640 2094 707 ἓως

405 719 672 787 ἑπτάκις,
706 719 845 774 ἀλλ’
871 719 981 785 ἕως
1001 718 1506 789 ἑϐδομηκοντάκις
1527 720 1705 775 ἑπτά·
1738 722 1840 776 οὐκ
1861 722 2096 793 ἀριθμὸν

406 804 576 868 τιθεὶς
617 803 871 866 ἐνταῦθα,
898 800 1037 854 ἀλλὰ
1081 802 1143 854 τὸ
1177 802 1404 875 ἄπειρον
1442 805 1536 858 καὶ
1567 803 1814 874 διηνεκὲς
1855 805 1950 858 καὶ
1983 806 2090 860 ἀεί.

409 889 628 960 ’Ὠσπερ
667 886 774 958 γὰρ
831 885 892 940 τὸ
939 885 1202 957 μυριάκις
1243 885 1305 938 τὸ
1347 886 1609 950 πολλάκις
1629 886 1798 956 δηλοῖ,
1825 887 1972 942 οὕτω
2000 889 2094 942 καλ⁸

409 971 664 1025 ἐνταῦθα.
713 969 825 1029 Καὶ
874 968 986 1039 7&9
1022 970 1105 1031 τὸ,
1139 969 1352 1038 Στεῖρα
1398 971 1605 1024 ἔτεκεν
1633 970 1802 1034 ἑπτὰ,
1833 970 1903 1024 τὰ
1924 971 2097 1026 πολλά

417 1072 585 1126 φησιν
619 1053 886 1125 ἡΓραφὴ.
921 1053 1084 1105 Ὥστε
1123 1053 1226 1106 οὐκ
1251 1053 1474 1124 ἀριθμῷ
1511 1055 1828 1109 συνέκλεισε
1869 1055 1971 1127 τὴν
1997 1054 2098 1125 ἀφ-

410 1155 552 1205 εσιν,
585 1138 722 1192 ἀλλὰ
756 1137 817 1190 τὸ
850 1136 1098 1207 διηνεκὲς
1127 1137 1364 1208 ἐδήλωσε
1390 1137 1484 1191 καὶ
1510 1137 1617 1191 ἀεί.
1649 1137 1821 1191 Τοῦτο
1847 1138 1979 1207 γοῦν
2000 1139 2097 1191 καὶ

409 1222 498 1277 διὰ
527 1217 623 1293 τῆς
650 1221 968 1294 παραϐολῆς
994 1221 1093 1292 τῆς
1114 1221 1314 1291 ἐφεξῆς
1358 1221 1618 1292 κειμένης
1648 1220 1850 1289 ἔδειξεν
1877 1222 1944 1276 ³ο.
1979 1222 2096 1276 Ἵνα

410 1305 522 1380 γὰρ
563 1304 638 1377 μὴ
667 1305 793 1378 δόξῃ
824 1306 934 1358 τισὶ
959 1304 1172 1376 μεγάλα
1203 1304 1297 1358 καὶ
1320 1303 1553 1374 φορτικά
1585 1304 1897 1358 ἐπιτάττειν
1935 1306 1978 1338 ⁸³
2020 1307 2098 1358 εί-

411 1389 553 1453 πὼν,
596 1387 1140 1458 Ἐϐδομηκοντάκις
1169 1386 1339 1452 ἑπτὰ,
1381 1385 1690 1458 προσέθηκε
1721 1387 1820 1458 τὴν
1851 1389 2094 1460 παραϐο-

413 1473 513 1546 λὴν
541 1473 768 1544 ταύτην,
799 1473 936 1544 ὁμοῦ
977 1491 1038 1526 τε
1067 1472 1278 1539 ἐνάγων
1332 1473 1412 1534 εἰς
1449 1472 1586 1542 ὅπερ
1630 1471 1845 1544 εἴρηκε,
1889 1473 2097 1526 καὶτὸν

417 1557 563 1627 μέγα
619 1558 925 1629 φρονοῦντα
989 1558 1083 1610 ἐπὶ
1115 1556 1292 1626 τούτῳ
1333 1555 1732 1620 καταστέλλων,
1766 1557 1860 1609 καὶ
1885 1557 2099 1624 δεικνὺς

414 1641 477 1694 οὐ
524 1642 664 1712 βαρύ
705 1640 766 1695 τὸ
820 1644 1053 1714 πρᾶγμα
1093 1640 1172 1704 ὃν,
1208 1641 1346 1694 ἀλλά
1375 1642 1468 1694 καὶ
1490 1641 1696 1713 σφόδρα
1727 1640 1967 1697 εὔκολον.
2002 1643 2102 1696 Διά

415 1741 498 1778 τοι
523 1725 682 1778 τοῦτο
712 1725 812 1796 τὴν
865 1725 1032 1779 αὐτοῦ
1085 1725 1492 1796 φιλανθρωπίαν
1549 1725 1630 1788 είς
1678 1725 1841 1794 μέσον
1871 1727 2098 1796 ἤγαγεν,

417 1809 506 1861 ἵνα
534 1809 600 1879 τῇ
629 1807 954 1879 παραθέσει,
980 1809 1135 1880 φησὶ,
1164 1808 1361 1880 μάθῃς,
1394 1807 1477 1860 ὅτι
1510 1807 1616 1861 κᾶν
1642 1808 2102 1879 ἑϐδομηκοντάκις

418 1891 560 1956 ἑπτά
589 1894 758 1964 ἀφῇς,
778 1891 884 1946 κᾶν
919 1893 1098 1946 πάντα
1133 1890 1322 1954 ἁπλῶς
1351 1890 1418 1944 τά
1445 1891 1818 1962 ἁμαρτήματα
1841 1891 2105 1962 διηνεκῶς

419 1979 714 2048 συγχωρῇς
752 1975 831 2047 τῷ
864 1975 1115 2047 πλησίον,
1145 1977 1268 2029 ὅσον
1301 1973 1518 2044 σταγὼν
1553 1975 1744 2037 ὓδατος
1770 1975 1908 2046 πρὸς
1935 1975 2104 2029 πέλα-

417 2077 515 2131 γος
553 2061 802 2132 ἄπειρον,
839 2059 1094 2124 τοσοῦτον
1126 2060 1206 2121 ,⁸³,
1255 2058 1454 2130 μᾶλλον
1482 2059 1540 2112 δέ
1564 2060 1658 2112 καὶ
1717 2059 1897 2130 πολλῴ
1943 2060 2105 2114 πλέον

418 2137 636 2198 ἀποδέει
669 2161 763 2198 σου
788 2145 822 2215 ἡ
852 2143 1234 2214 φιλανθρωπία
1257 2143 1392 2214 πρὸς
1423 2144 1522 2212 τὴν
1545 2144 1770 2214 ἄπειρον
1793 2142 2106 2214 ἀγαθότητα

419 2227 514 2283 τοῦ
547 2227 703 2293 Θεοῦ,
735 2223 803 2300 ἧς
851 2228 915 2280 ἐν
941 2227 1104 2298 χρείᾳ,
1149 2225 1494 2297 καθέστηκας
1525 2225 1838 2290 δικάζεσθαι
1892 2225 2106 2294 μέλλων

421 2311 517 2364 καὶ
538 2310 769 2373 εὐθύνας
788 2309 1070 2382 παρέχειν.
1101 2310 1192 2362 Διὸ
1207 2311 1302 2363 καὶ
1316 2311 1565 2380 ἐπήγαγε
1585 2309 1759 2379 λέγων
1782 2327 1796 2340 ·
1825 2311 2104 2379 Ὡμοιώθη

419 2394 460 2463 ἡ
485 2396 778 2460 ,ϐασιλεία
805 2395 925 2450 τῶν
973 2393 1250 2464 οὐρανῶν
1277 2393 1568 2463 ἀνθρώπῳ
1605 2395 1875 2460 βασιλεῖ,
1935 2395 2107 2462 ὅστις

419 2476 689 2548 ἠθέλησε
747 2478 1009 2548 συνᾶραι
1051 2480 1238 2547 λόγον
1288 2477 1439 2548 μετὰ
1474 2476 1596 2532 τῶν
1625 2477 1864 2532 δούλων
1894 2478 2103 2532 αὑτοῦ.

435 2562 802 2634 Ἀρξαμένου
840 2562 908 2616 δὲ
941 2563 1126 2617 αὐτοῦ
1159 2563 1495 2630 συναίρειν,
1530 2560 1915 2630 προσηνέχθη
1946 2562 2109 2629 αὐτῷ

423 2643 512 2714 εἷς
565 2646 881 2716 ὀφειλέτης
912 2645 1142 2716 μυρίων
1165 2644 1497 2699 ταλάντων.
1520 2643 1616 2712 Μὴ
1645 2646 1894 2714 ἔχοντος
1915 2645 1983 2698 δὲ
2003 2648 2109 2700 αὐ-

423 2729 532 2786 τοῦ
551 2729 902 2793 ἀποδοῦναι,
917 2728 1207 2783 ἐκέλευσε
1229 2726 1526 2797 πραθῆναι
1543 2728 1752 2794 αὐτὸν,
1770 2729 1868 2781 καὶ
1886 2728 2001 2794 τὴν
2016 2747 2110 2798 γυ.

423 2813 604 2868 ναῖκα
628 2813 816 2873 αὐτοῦ
837 2813 903 2872 ³³.
945 2813 1044 2867 καὶ
1071 2813 1144 2867 τὰ
1175 2812 1381 2873 τέκνα,
1411 2811 1508 2865 καὶ
1542 2811 1740 2866 πάντα
1773 2811 1891 2866 ὅσα
1918 2808 2105 2880 εἶχεν.

425 2892 563 2951 Εἶτα
609 2895 797 2967 ἐπειδὴ
827 2894 1236 2966 φιλανθρωπίας
1274 2895 1590 2964 ἀπήλαυσεν
1635 2891 1811 2960 οὗτος,
1853 2894 2106 2962 ἐξελθὼν,

425 2979 709 3044 ὀφείλοντα
738 2979 887 3049 αὐτῷ
922 2977 1203 3032 σύνδουλον
1239 2978 1433 3032 ἑκατὸν
1475 2977 1706 3050 δηνάρια
1751 2977 1974 3047 ἒπνιγε·
2017 2980 2110 3033 καὶ

425 3059 640 3123 τούτοις
678 3061 726 3092 ⁸⁸
782 3061 1014 3130 κινήσας
1061 3061 1154 3112 τὸν
1208 3058 1506 3130 δεσπότην,
1567 3059 1982 3132 παρεσκεύασεν
2028 3062 2109 3126 είς

424 3141 797 3214 δεσμωτήριον
843 3143 1007 3198 πάλιν
1054 3141 1216 3198 αὐτὸν
1265 3142 1544 3214 ἐμϐαλεῖν,
1593 3144 1660 3198 ἂν
1704 3145 1940 3217 ἀποτίσῃ
1961 3146 2006 3177 ⁸³
2049 3145 2111 3198 τὸ

428 3225 557 3278 πᾶν.
586 3220 741 3289 Εἶδες
790 3226 914 3280 ὅσον
961 3225 1021 3278 τὸ
1057 3225 1220 3296 μέσον
1245 3225 1356 3278 τῶν
1397 3227 1476 3288 είς
1515 3224 1802 3296 ἄνθρωπον
1837 3227 1934 3280 καὶ
1967 3228 2044 3288 εἰς
2063 3228 2111 3260 ⁸⁸

427 3307 562 3362 Θεὸν
593 3308 1040 3380 ἀμαρτημάτων;
1071 3309 1236 3362 Ὅσον
1280 3308 1341 3361 τὸ
1383 3307 1548 3378 μέσον
1585 3309 1796 3379 μυρίων
1833 3309 2111 3364 ταλάντων

428 3391 525 3458 καὶ
551 3392 751 3446 ἐκατὸν.
787 3391 1085 3464 δηναρίων⁹
1127 3391 1326 3463 μᾶλλον
1359 3390 1417 3444 δὲ
1453 3392 1548 3444 καὶ
1593 3390 1772 3463 πολλῷ
1806 3391 1985 3446 πλέον.
2019 3392 2112 3444 Γί-

428 3493 581 3538 νεται
626 3477 684 3530 δὲ
714 3476 873 3530 τοῦτο
901 3477 995 3531 καὶ
1028 3476 1137 3530 ἀπὸ
1182 3475 1284 3546 τῆς
1327 3475 1591 3546 διαφορᾶς
1637 3474 1746 3527 τῶν
1781 3474 2109 3546 προσώπων,

429 3557 529 3612 καὶ
555 3557 665 3611 ἀπὸ
709 3557 808 3629 τῆς
850 3557 1136 3628 συνεχείας
1171 3557 1280 3610 τῶν
1318 3557 1758 3628 ἁμαρτημάτων.
1797 3558 2110 3630 Ἀνθρώπου

435 3641 534 3711 μὲν
565 3640 675 3714 γὰρ
698 3640 953 3714 ὁρῶντος,
989 3641 1084 3694 καὶ
1107 3639 1482 3710 ἀφιστάμεθα,
1509 3641 1604 3693 καὶ
1635 3639 1902 3711 ὀκνοῦμεν
1929 3643 2111 3715 ἁμαρ-

430 3724 647 3778 τάνεινο
689 3721 825 3779 Θεοῦ
871 3724 926 3778 δέ
964 3722 1085 3777 καθ’
1123 3721 1362 3792 ἑκάστην
1409 3721 1702 3792 βλέποντος
1741 3723 1842 3794 τὴν
1873 3725 2110 3796 ἡμέραν,

432 3808 535 3862 οὐκ
573 3806 894 3879 ἀπεχόμεθα
909 3807 975 3872 ⁸⁷,
1004 3805 1143 3862 ἁλλά
1184 3806 1281 3860 καὶ
1314 3805 1626 3876 πράττομεν
1652 3805 1825 3871 ἀδεῶς
1865 3809 2110 3876 ἅπαντα,

433 3892 534 3956 καὶ
575 3890 945 3963 φθεγγόμεθα.
984 3891 1099 3946 Οὐκ
1137 3889 1386 3946 ἐντεῦθεν
1411 3891 1468 3944 δὲ
1505 3891 1688 3962 μόνον,
1715 3891 1852 3945 ἀλλά
1880 3895 1976 3947 καὶ
2005 3893 2114 3947 ἀπὸ

432 3977 536 4048 τῆς
565 3977 916 4048 εὐεργεσίας,
961 3978 1058 4033 καὶ
1098 3977 1208 4032 ἀπὸ
1251 3977 1352 4048 τῆς
1389 3978 1559 4049 τιμῆς
1585 3973 1663 4054 ,ἦς
1694 3979 2111 4052 ἀπηλαύσαμεν,

435 4059 795 4142 χαλεπώτερα
824 4061 1035 4128 γίνεται
1072 4061 1141 4114 τὰ
1185 4061 1578 4132 ἁμαρτήματα.
1627 4061 1736 4114 Καὶ
1772 4062 1821 4115 εί
1861 4062 2114 4133 βούλεσθε

439 4143 654 4214 μαθεῖν,
686 4144 804 4206 πῶς
835 4145 950 4196 ἐστι
990 4144 1158 4216 μυρία
1183 4144 1443 4206 τάλαντα,
1488 4142 1686 4214 μᾶλλον
1713 4144 1771 4198 δὲ
1803 4147 1898 4198 καὶ⁵
1937 4147 2116 4218 πολλῷ

438 4227 663 4282 πλείονα
681 4227 751 4282 τά
781 4228 861 4290 είς
889 4227 1050 4280 αὐτὸν
1075 4229 1472 4298 ἁμαρτήματα,
1489 4228 2006 4300 δεῖξαιπειράσομαι
2028 4231 2115 4287 διὰ

441 4310 712 4383 βραχέων.
752 4310 913 4364 Ἀλλὰ
938 4309 1207 4380 φοϐοῦμαι
1247 4311 1320 4382 μὴ
1355 4314 1467 4376 τοῖς
1495 4312 1632 4382 πρὸς
1658 4313 1858 4373 κακίαν
1886 4314 2115 4384 ῥέπουσι

439 4397 534 4451 καὶ
558 4394 820 4467 διηνεκῶς
845 4395 1178 4466 ἁμαρτάνειν
1213 4395 1426 4464 φιλοῦσι
1461 4397 1684 4450 πλείονα
1723 4398 1995 4469 παράσχω
2015 4400 2115 4471 τὴν

439 4479 642 4544 ἄδειαν,
675 4479 710 4550 ἢ
744 4480 869 4542 τοὺς
901 4478 1341 4551 ἐπιεικεστέρους
1384 4481 1465 4542 είς
1519 4480 1832 4550 ἀπόγνωσιν
1867 4481 2112 4551 ἐμϐάλω,

437 4565 534 4620 καὶ
554 4563 615 4617 τὸ
628 4563 738 4617 τῶν
759 4561 1016 4634 μαθητῶν
1037 4562 1253 4616 εἴπωσι·
1278 4565 1374 4629 Τίς
1389 4563 1638 4619 δύναται
1655 4564 1944 4633 σωθῆνακ
1964 4565 2114 4638 [612]

439 4647 588 4719 Πλὴν
615 4646 752 4701 ἀλλά
781 4648 874 4700 καὶ
905 4646 1077 4709 οὕτως
1105 4647 1235 4717 ἐρῶ,
1269 4647 1354 4700 ἵνα
1393 4648 1522 4712 τοὺς
1553 4649 1919 4718 προσέχοντας
1946 4650 2119 4717 ἀσφα-

439 4733 728 4805 λεστέρους
782 4732 1104 4804 ἐργάσωμαι
1156 4731 1244 4784 καὶ
1290 4733 1755 4797 ἐπιεικεστέρους.
1797 4733 1866 4786 υῖ
1907 4751 1967 4786 τε
2009 4733 2118 4803 γὰρ

439 4817 637 4873 ἀνίατα
665 4815 948 4879 νοσοῦντες
983 4817 1075 4868 καὶ
1108 4815 1421 4884 ἀνάλγητοι,
1453 4816 1546 4868 καὶ
1577 4815 1782 4867 τούτων
1813 4815 1982 4887 χωρὶς
2013 4815 2120 4869 τῶν

441 4899 634 4969 λόγων,
657 4901 757 4955 οὐκ
777 4900 1098 4970 ἀφίστανται
1118 4898 1217 4968 τῆς
1239 4898 1444 4962 οίκείας
1471 4898 1741 4969 ῥᾳθυμίας
1763 4916 1823 4951 τε
1845 4900 1940 4952 καὶ
1963 4917 2123 4970 πονηο

446 4984 602 5056 ρίαςο
633 4986 681 5038 εί
716 4983 774 5037 δέ
811 4984 906 5037 καὶ
939 4981 1190 5036 ἐντεῦθεν
1235 4983 1458 5035 πλείονα
1495 4983 1824 5053 λαμϐάνοιεν
1865 4985 2120 5055 ἀφορμὴν

443 5067 757 5139 ὀλιγωρίας,
786 5067 848 5119 οὐ
881 5065 990 5121 τῶν
1019 5065 1324 5136 λεγομένων
1355 5065 1388 5136 ἡ
1418 5065 1586 5127 αίτία,
1613 5065 1748 5120 ἀλλά
1775 5067 1874 5137 τῆς
1893 5066 2119 5120 ἐκείνων

444 5151 832 5222 ἀναισθησίαςο
871 5151 947 5214 ὡς
973 5152 1041 5204 τά
1081 5167 1144 5219 γε
1189 5149 1454 5219 λεγόμενα
1494 5150 1592 5203 καὶ
1643 5150 1917 5204 συστεῖλαι
1956 5151 2118 5221 δυνήο

448 5255 599 5290 σεται
646 5237 742 5290 καὶ
778 5233 1078 5300 κατανύξαι
1126 5235 1252 5298 τούς
1295 5235 1662 5306 προσέχοντας
1706 5235 1937 5306 μᾶλλον
1971 5235 2026 5288 οῖ
2057 5252 2116 5289 τε

1168 359 1228 414 8.
1268 356 1554 415 ΙΟΛΝΜΞ
1592 356 2085 414 CHRYSOSTOMI
2115 358 2441 416 ABCHIEP.
2482 361 3032 419 CONS‘I‘ANTINOP.

3767 358 3872 414 590

2199 477 2406 545 μάτων,
2440 480 2649 549 μάθωσι
2677 479 2735 533 δὲ
2766 481 2859 533 καὶ
2880 479 2976 549 τὴν
3001 477 3232 546 δύναμιν
3264 477 3366 547 τῆς
3399 476 3709 546 μετανοίας,
3746 476 3877 543 μάλ·

2194 561 2286 615 λον
2323 563 2492 633 αὐτῆς
2515 563 2826 629 ἀνθέξονται
2850 563 2894 594 “
2917 562 3140 632 ’διόπερ
3177 561 3472 628 ἀναγκαῖον
3504 561 3697 614 εἰπεῖν.
3737 557 3880 630 Ἐρῶ

2192 645 2392 708 τοίνυν,
2419 647 2513 700 καὶ
2547 645 2699 715 θήσω
2722 645 2790 698 τὰ
2813 646 3204 715 ἁμαρτήματα,
3233 644 3331 698 ὅσα
3351 662 3410 697 τε
3435 644 3512 706 είς
3537 643 3669 696 Θεὸν
3700 643 3880 714 πλημ-

2197 727 2486 799 μελοῦμεν,
2535 729 2629 783 καὶ
2668 729 2769 782 ὅσα
2820 731 2898 792 εἰς
2953 727 3314 798 ἀνθρώπους*
3367 729 3462 780 καὶ
3506 725 3659 796 θήσω
3701 726 3762 779 οὐ
3806 725 3879 779 τὰ

2196 808 2332 877 ἴδια,
2375 813 2512 867 ἀλλά
2555 813 2624 868 τά
2656 813 2843 868 κοινά⁶
2889 812 2960 864 τά
3011 811 3068 864 δέ
3125 810 3232 863 ἴδια
3277 810 3508 872 ἕκαστος
3558 809 3879 864 συναπτέτω

2195 894 2382 949 λοιπὸν
2413 897 2522 950 ἀπὸ
2551 896 2645 950 τοῦ
2687 895 3004 957 συνειδότος.
3037 895 3259 964 Ποιὴσω
3293 892 3351 946 δέ
3392 891 3572 956 τοῦτο,
3613 891 3880 964 πρότερον

2195 977 2294 1041 τὰς
2315 979 2634 1051 εὐεργεσίας
2652 979 2765 1043 θεὶς
2789 977 2884 1032 τοῦ
2906 977 3063 1031 Θεοῦ.
3087 977 3242 1040 Τίνες
3267 972 3359 1030 οῦν
3381 977 3437 1030 αί
3467 976 3777 1044 εὐεργεσίαι
3793 975 3839 1007 ³¹
3860 990 3876 1038 ;

2209 1060 2494 1132 Ἐποίησεν
2532 1063 2680 1133 ἡμᾶς
2715 1063 2816 1116 οὐκ
2859 1062 3040 1126 ὄντας,
3076 1062 3170 1114 καὶ
3201 1060 3381 1114 πάντα
3417 1059 3482 1113 δι’
3505 1061 3654 1130 ἡμᾶς
3685 1059 3878 1130 εἰργά-

2199 1157 2328 1196 σατο
2363 1146 2433 1200 τὰ
2464 1145 2738 1217 ὁρώμενα,
2765 1146 3014 1218 οὐρανὸν,
3046 1145 3337 1208 θάλατταν,
3367 1144 3495 1214 γῆν,
3521 1143 3681 1216 ἀέρα,
3715 1143 3783 1198 τά
3817 1145 3881 1198 ἐν

2197 1231 2380 1292 αὐτοῖς
2412 1231 2609 1291 πάντα,
2659 1229 2796 1294 ζῶα,
2843 1229 3021 1298 φυτά,
3058 1229 3380 1300 σπέρματα·
3427 1227 3510 1280 δεῖ
3543 1228 3654 1300 7&9
3695 1229 3882 1280 ἐπιτε-

2200 1316 2322 1385 μεῖν
2345 1312 2434 1366 διά
2464 1311 2524 1365 τὸ
2560 1311 2798 1382 πέλαγος
2825 1313 2934 1366 τῶν
2963 1312 3139 1385 ἔργων
3170 1313 3232 1366 τὸ
3263 1312 3508 1384 ἄπειρον.
3543 1311 3739 1382 Ψυχὴν
3771 1311 3879 1376 ζῶ-

2211 1420 2312 1458 σαν
2337 1404 2468 1473 ἡμῖν
2487 1402 2772 1454 ἐνέπνευσε
2806 1403 2988 1472 μόνοις
3019 1401 3274 1471 τοιαύτην
3296 1399 3402 1453 τῶν
3429 1400 3520 1452 ἐπὶ
3541 1399 3667 1468 γῆς,
3698 1399 3881 1468 παρά-

2202 1481 2378 1535 δεισον
2405 1481 2692 1550 ἐφύτευσε,
2741 1481 2934 1552 βοηθὸν
2973 1480 3164 1541 ἔδωκε,
3204 1481 3339 1532 πᾶσι
3374 1481 3484 1542 τοῖς
3521 1478 3735 1546 ἀλόγοις
3777 1480 3881 1530 ἐπ-

2203 1557 2420 1626 έστησε,
2435 1559 2562 1629 δόξῃ
2583 1561 2676 1612 καὶ
2691 1565 2822 1631 τιμῇ
2845 1559 3208 1627 ἐστεφάνωσε.
3228 1559 3383 1612 Μετὰ
3399 1560 3569 1612 ταῦτα
3588 1559 3882 1628 γενόμενον

2207 1638 2500 1710 ἀγνώμονα
2521 1642 2650 1712 περὶ
2671 1640 2760 1694 τὸν
2791 1639 3088 1710 εὐεργέτην
3119 1639 3360 1708 μείζονος
3389 1637 3589 1706 ἠξίωσε
3645 1639 3878 1708 δωρεᾶς.

2272 1727 2338 1799 β’.
2369 1729 2460 1798 Μὴ
2493 1729 2601 1800 γὰρ
2628 1726 2785 1781 τοῦτο
2811 1727 2929 1800 ἴδῃς
2961 1725 3143 1796 μόνον,
3169 1724 3251 1778 ὃτι
3287 1721 3507 1789 ἐξέϐαλε
3529 1721 3878 1793 παραδείσου,

2199 1811 2340 1866 ἀλλά
2387 1812 2481 1865 καὶ
2522 1812 2586 1866 τὸ
2642 1810 2832 1882 κέρδος
2883 1811 3073 1863 σκόπει
3119 1807 3182 1862 τὸ
3222 1811 3288 1862 ἐκ
3329 1807 3518 1862 τούτου
3560 1805 3877 1875 γενόμενον.

2200 1897 2358 1952 Μετὰ
2383 1897 2492 1966 γάρ
2522 1897 2582 1949 τὸ
2605 1895 2853 1949 ἐκϐαλεῖν
2881 1893 3236 1965 παραδείσου,
3273 1893 3369 1947 καὶ
3396 1891 3468 1944 τὰ
3497 1890 3664 1960 μυρία
3693 1890 3881 1942 ἐκεῖνα

2201 1981 2543 2054 ἐργάσασθαι
2575 1979 2774 2049 ἀγαθά.
2809 1980 2900 2032 καὶ
2931 1979 3027 2042 τὰς
3063 1977 3315 2040 ποικίλας
3353 1975 3664 2046 οἰκονομίας
3696 1975 3882 2026 ἐπιτε-

2201 2065 2376 2130 λέσαι,
2406 2065 2502 2118 καὶ
2542 2063 2633 2116 τὸν
2667 2062 2784 2115 υίὸν
2812 2061 3026 2131 ἔπεμψε
3065 2061 3157 2114 τὸν
3193 2057 3389 2114 ἐαυτοῦ
3421 2059 3562 2127 ὐπέρ
3589 2056 3697 2110 τῶν
3725 2057 3880 2125 εὐερ-

2202 2147 2542 2219 γετηθέντων
2574 2145 2668 2199 καὶ
2704 2145 3024 2216 μισούντων,
3067 2144 3160 2198 καὶ
3210 2142 3302 2196 τὸν
3346 2142 3572 2211 οὐρανὸν
3604 2142 3738 2211 ἡμῖν
3781 2140 3880 2192 ἀν-

2205 2232 2336 2303 έῳξε
2366 2231 2458 2285 καὶ
2490 2230 2582 2285 τὸν
2615 2229 2939 2300 παράδεισον
2969 2227 3131 2282 αὐτὸν
3151 2228 3198 2259 νο
3226 2226 3552 2290 ἀνεπέτασε,
3597 2225 3690 2276 καὶ
3729 2223 3881 2285 υἱοὺς

2204 2320 2354 2388 ἡμᾶς
2387 2317 2634 2385 ἐποίησε,
2671 2315 2800 2378 τοὺς
2832 2313 3082 2384 ἐχθροὺς,
3125 2312 3251 2374 τοὺς
3289 2309 3628 2380 ἀγνώμονας.
3660 2306 3750 2360 Διὸ
3785 2307 3882 2358 καὶ

2205 2401 2460 2474 εὐκαιρον
2504 2400 2600 2456 νῦν
2646 2402 2850 2454 εἰπεῖν·
2881 2400 2944 2451 Ὢ
2975 2397 3168 2462 βάθος
3217 2395 3487 2449 πλούτου
3522 2392 3617 2446 καὶ
3659 2393 3883 2459 σοφίας

2206 2486 2304 2542 καὶ
2329 2484 2606 2556 γνώσεως
2639 2482 2820 2538 Θεοῦ]
2846 2482 3056 2535 Ἔδωκε
3081 2481 3137 2534 δέ
3163 2482 3294 2550 ἡμῖν
3320 2479 3415 2533 καὶ
3447 2476 3729 2547 βάπτισμα
3777 2476 3883 2544 ἀφ-

2208 2569 2378 2633 έσεως
2409 2567 2849 2640 ἁμαρτημάτων,
2873 2567 2969 2620 καὶ
2999 2565 3270 2636 τιμωρίας
3299 2561 3638 2632 ἀπαλλαγὴν,
3669 2561 3761 2614 καὶ
3785 2560 3882 2630 βα·

2209 2653 2414 2718 σιλείας
2467 2651 2853 2725 κληρονομίαν,
2898 2651 2992 2705 καὶ
3047 2649 3217 2720 μυρία
3271 2646 3634 2717 ἐπηγγείλατο
3687 2662 3858 2715 κατορ

2208 2737 2392 2792 θοῦσιν
2436 2738 2652 2807 ἀγαθὰ,
2697 2737 2791 2790 καὶ
2835 2737 2992 2806 χεῖρα
3036 2733 3242 2805 ὤρεξε,
3291 2731 3384 2783 καὶ
3417 2729 3634 2798 πνεῦμα
3670 2727 3885 2798 ἐξέχεεν

2209 2824 2289 2886 είς
2329 2821 2429 2884 τὰς
2472 2821 2695 2892 καρδίας
2739 2820 2917 2892 ἡμῶν.
2964 2817 3031 2871 Τί
3072 2813 3197 2882 οῦν;
3249 2813 3387 2887 μετά
3442 2813 3675 2868 τοσαῦτα
3721 2813 3812 2865 καὶ
3835 2813 3880 2844 ’³

2208 2905 2509 2978 τηλικαῦτα
2548 2903 2758 2972 ἀγαθὰ,
2803 2903 2922 2966 πῶς
2963 2905 3110 2972 ἡμᾶς
3139 2899 3440 2954 διακεῖσθαι
3472 2899 3666 2969 ἐχρῆν;
3693 2893 3800 2966 ἆρα
3833 2896 3885 2948 ei

2212 2990 2309 3044 καὶ
2337 2991 2383 3023 θ’
2426 2989 2550 3043 καθ’
2595 2988 2833 3058 ἑκάστην
2872 2987 3289 3055 ἀπεθνὴσκομεν
3331 2983 3429 3053 τὴν
3478 2983 3690 3052 ἡμέραν
3744 2980 3884 3050 ὐπέρ

2210 3071 2305 3127 τοῦ
2349 3071 2522 3136 οὕτως
2557 3072 2705 3142 ἡμᾶς
2739 3068 3041 3139 φιλοῦντος,
3073 3066 3417 3134 ἐξετίννυμεν
3462 3066 3529 3119 ἂν
3573 3065 3673 3136 τὴν
3706 3063 3889 3130 ἀξίαν,

2215 3156 2414 3227 μᾶλλον
2465 3154 2522 3209 δὲ
2572 3154 2634 3208 τὸ
2694 3151 2986 3207 πολλοστὸν
3049 3151 3150 3221 τῆς
3202 3149 3425 3220 ὀφειλὴς
3489 3146 3886 3216 κατετίθεμεν;

2211 3239 2512 3310 Οὐδαμῶς
2548 3237 2643 3292 καί⁵
2691 3237 2802 3309 γὰρ
2844 3235 3128 3290 καὶτοῦτο
3164 3232 3326 3287 πάλιν
3369 3233 3448 3296 είς
3489 3231 3552 3284 τὸ
3597 3229 3785 3300 κέρδος
3825 3228 3892 3281 τὸ

2212 3323 2482 3394 ἡμέτερον
2523 3321 2860 3392 περιίστατο.
2913 3317 3040 3382 Πῶς
3085 3312 3178 3372 οῦν
3223 3314 3546 3386 διακείμεθα
3577 3313 3695 3368 οί⁹⁸
3744 3311 3890 3366 οὕτω

2211 3405 2516 3461 διακεῖσθαι
2560 3405 2904 3474 ὀφείλοντες;
2955 3401 3094 3457 Καθ’
3131 3401 3366 3470 έκάστην
3397 3397 3614 3468 ἡμέραν
3643 3398 3722 3460 είς
3762 3397 3888 3458 τοὺς

2212 3491 2412 3561 νόμους
2465 3488 2820 3562 ἐνυϐρίζομει
2892 3487 3019 3550 τούς
3083 3482 3270 3538 αὐτοῦ.
3323 3482 3484 3536 Ἀλλά
3539 3481 3614 3553 μὴ
3678 3483 3887 3549 ἀγανα-

2213 3575 2485 3645 κτήσητε.
2540 3573 2605 3627 ἂν
2644 3571 2841 3642 ἐπαφῶ
2867 3571 2965 3642 τὴν
2997 3569 3244 3638 γλῶτταν
3287 3569 3400 3630 τοῖς
3447 3565 3885 3636 ἁμαρτάνουσιν·

2212 3660 2274 3713 οὐ
2309 3660 2418 3730 γάρ
2456 3657 2609 3728 ὐμῶν
2658 3657 3024 3727 κατηγορήσω
3079 3652 3258 3725 μόνον,
3303 3651 3438 3705 ἀλλά
3487 3650 3581 3704 καὶ
3626 3649 3884 3720 ἐμαυτοῦ.

2215 3743 2386 3796 Πόθεν
2419 3739 2511 3797 οῦν
2543 3741 2798 3813 βούλεσθε
2827 3740 3094 3812 άρξομαι;
3130 3737 3238 3791 ἀπὸ
3261 3736 3369 3789 τῶν
3393 3733 3594 3787 δούλων
3616 3753 3629 3798 ;
3653 3733 3759 3786 ἀπὸ
3780 3732 3891 3786 τῶν

2215 3825 2548 3898 ἐλευθέρωνς
2581 3825 2689 3878 ἀπὸ
2715 3825 2826 3879 τῶν
2851 3821 3300 3894 στρατευομένων
3322 3838 3336 3886 ;
3361 3819 3468 3872 ἀπὸ
3496 3817 3604 3871 τῶν
3635 3815 3888 3881 ἰδιωτῶν;

2215 3910 2322 3964 ἀπὸ
2352 3911 2460 3963 τῶν
2493 3909 2805 3980 ἀρχόντων;
2861 3907 2969 3961 ἀπὸ
2996 3905 3104 3960 τῶν
3133 3903 3486 3976 ἀρχομένων;
3523 3900 3632 3955 ἀπὸ
3659 3901 3766 3954 τῶν
3791 3918 3888 3969 γυ-

2214 3993 2450 4060 ναικῶν;
2485 3993 2593 4046 ἀπὸ
2623 3992 2731 4045 τῶν
2761 3990 3002 4060 ἀνδρῶν;
3035 3989 3144 4043 ἀπὸ
3172 3989 3281 4041 τῶν
3310 3986 3614 4057 γερόντων;
3646 3985 3752 4038 ἀπὸ
3781 3985 3893 4038 τῶν

2215 4074 2385 4134 νέων;
2417 4074 2525 4128 ἀπὸ
2559 4072 2718 4137 ποίας
2748 4069 2998 4144 ἡλικίαςς
3026 4070 3135 4124 ἀπὸ
3168 4068 3320 4121 ποίου
3347 4067 3566 4136 γένους;
3596 4066 3703 4120 ἀπὸ
3736 4067 3890 4118 ποίου

2217 4152 2369 4224 [61³5]
2412 4150 2752 4222 ἁξιώματος;
2787 4151 2896 4204 ἀπὸ
2929 4149 3084 4202 ποίου
3129 4146 3592 4219 ἐπιτηδεύματος;
3628 4145 3890 4198 Βούλεσθε

2218 4233 2325 4286 ἀπὸ
2349 4231 2458 4284 τῶν
2483 4231 2924 4303 στρατευομένων
2951 4230 3251 4300 ποιήσομαι
3280 4227 3376 4298 τὴν
3398 4227 3604 4296 ἀρχήν;
3631 4225 3694 4276 Τί
3713 4225 3893 4278 τοίνυν

2215 4318 2315 4388 οὐχ
2344 4317 2748 4387 ἁμαρτάνουσιν
2772 4309 2916 4369 οῦτοι
2965 4313 3088 4367 καθ’
3117 4314 3352 4382 ἐκάστην
3395 4311 3602 4382 ἡμέραν
3641 4309 3892 4380 ὑϐρίζον.

2215 4419 2327 4464 τες,
2378 4400 2794 4471 λοιδορούμενοι,
2857 4397 3250 4470 μαινόμενοιθί,
3278 4396 3377 4458 τὰς
3423 4393 3710 4465 ἀλλοτρίας
3747 4410 3892 4465 πρα-

2217 4484 2613 4554 γματευόμενοι
2641 4483 2947 4552 συμφορὰς,
2982 4481 3165 4542 λύκοις
3197 4479 3456 4540 ἐοικότες,
3483 4476 3590 4547 πλη
3601 4476 3892 4547 μμελημά-

2217 4586 2324 4622 των
2351 4568 2607 4620 οὐδέποτε
2635 4566 3054 4638 καθαρεύοντες,
3085 4564 3226 4634 πλὴν
3262 4565 3311 4616 εί
3346 4563 3418 4634 μὴ
3451 4562 3546 4616 καὶ
3575 4560 3672 4632 τὴν
3697 4560 3897 4614 θάλατ-

2217 4667 2317 4704 ταν
2351 4651 2493 4704 εἴποι
2541 4667 2625 4712 τις
2670 4649 2929 4720 κυμάτων
2973 4643 3113 4701 εἶναι
3148 4647 3338 4713 ἐκτός;
3388 4647 3545 4699 Ποῖον
3573 4645 3682 4716 7&9
3715 4647 3897 4710 αὐτοῖς

2223 4733 2394 4795 πάθος
2421 4733 2521 4786 οὐκ
2550 4732 2788 4802 ἐνοχλεῖ;
2821 4734 2970 4784 ποῖον
3000 4731 3056 4784 δὲ
3087 4731 3298 4801 νόσημα
3322 4730 3382 4782 οὐ
3415 4727 3697 4799 πολιορκεῖ
3715 4729 3897 4782 αὐτῶν

2219 4817 2318 4888 τὴν
2351 4817 2562 4886 ψυχὴν;
2609 4815 2754 4887 Πρὸς
2805 4814 2903 4885 μὲν
2943 4815 3054 4885 γὰρ
3095 4815 3223 4877 τοὺς
3255 4811 3549 4883 ὁμοτίμους
3580 4810 3898 4882 ζηλοτύπως

2220 4901 2541 4962 διάκεινται,
2573 4900 2670 4952 καὶ
2714 4897 2970 4968 φθονοῦσι
3001 4898 3095 4951 καὶ
3124 4896 3490 4961 κενοδοξοῦσυ
3524 4894 3661 4965 πρὸς
3689 4894 3745 4946 δὲ
3769 4894 3898 4957 τοὺς

2220 4983 2692 5053 ὑποτεταγμένους
2717 5021 2732 5045 ,
2778 4979 3210 5043 πλεονεκτικῶςο
3269 4979 3404 5048 πρὸς
3452 4977 3510 5032 δὲ
3561 4978 3686 5041 τοὺς
3741 4975 3897 5040 δίκας

2222 5067 2464 5138 ἔχοντας,
2495 5066 2590 5120 καὶ
2622 5069 2698 5128 ὼς
2725 5067 2806 5127 εἰς
2848 5064 3046 5135 λιμένα
3061 5063 3106 5095 ’⁵
3139 5061 3595 5132 κατατρέχοντας,
3623 5059 3899 5129 πολεμίως

2225 5152 2318 5207 καὶ
2344 5151 2636 5219 ἐπιόρκως.
2659 5150 2832 5204 Πόσαι
2858 5149 2988 5220 παρ’
3008 5150 3191 5212 αὐτοῖς
3219 5146 3498 5220 ἀρπαγαίί
3523 5145 3682 5199 πόσαι
3707 5145 3899 5199 πλεον-

2223 5235 2391 5302 εξίαιί
2425 5235 2651 5289 πόσαι⁹⁶
2681 5235 3035 5305 συκοφαντίαι
3062 5235 3158 5288 καὶ
3189 5232 3517 5302 καπηλεῖαιί
3545 5230 3706 5283 πόσαι
3732 5229 3895 5282 κολα-

447 5319 864 5390 ἐπιεικέστεροι,
898 5317 1024 5371 ὅταν
1053 5316 1202 5372 ἴδωσι
1236 5317 1334 5389 μὲν
1376 5317 1466 5371 τὸν
1507 5317 1667 5386 ὄγκον
1708 5318 1818 5372 τῶν
1865 5319 2126 5390 ἁμαρτηέ
2159 5339 2178 5356 ·
2227 5323 2370 5373 κεῖαι
2390 5319 2809 5390 δουλοπρεπεῖςί
2837 5319 2973 5391 Φέρε
3001 5315 3117 5383 οῦν,
3150 5316 3272 5371 καθ’
3297 5316 3528 5370 ’ἑκαστον
3563 5314 3897 5386 ἁρμόσωμεν

531 5423 578 5458 ⁷³
612 5422 913 5499 ἀρκεζλέως
960 5424 1077 5499 ἐπ.-
1097 5422 1235 5499 Ειὶᾲ.
1279 5432 1469 5499 cqnlra
1512 5421 1722 5499 Ep._et
1769 5423 1925 5499 codd.
1973 5496 1984 5499 _
2020 5425 2107 5477 ⁷³(

2210 5425 2247 5499 ς]
2291 5425 2566 5499 Δεσπότης
2705 5424 3098 5499 άοηιίχιιιε-ϐο.
3123 5423 3385 5499 _A|}_erum
3427 5418 3678 5499 Ἰιιιὺςιιιλ
3694 5416 3791 5487 Ep.
3818 5427 3898 5499 ἐξ

451 5491 595 5566 Μῦν.
652 5487 726 5531 ’⁸³
755 5494 1024 5566 ἐδήλωσεν
1055 5492 1118 5547 L.
1195 5494 1253 5566 "_
1281 5493 1426 5566 μέγα
1462 5511 1515 5546 τι
1560 5487 1656 5547 καὶ
1693 5496 1919 5565 φρικτὸν
1969 5496 2058 5550 ἐπ.

2216 5487 2384 5550 ihvilo
2434 5487 2559 5550 Ge."
2624 5497 2671 5528 ⁸³
2711 5493 2987 5566 τοσοῦτον]
3027 5493 3158 5566 add.
3204 5491 3371 5564 [ἐστιν
3416 5491 3448 5560 ἡ
3489 5487 3892 5566 φιλανθρωπίη

451 5564 588 5622 Mor.
635 5566 768 5622 Ben.
812 5557 906 5621 s'ed
944 5565 1052 5627 hic,
1091 5573 1148 5618 ιιι
1178 5557 1333 5628 solél,
1367 5557 1994 5632 'sinekuncis."lnepuun
2039 5567 2469 5622 additamentum
2519 5577 2574 5622 et
2616 5566 2670 5620 in
2733 5567 2880 5622 nullo
2937 5557 3126 5622 cbdice
3172 5557 3470 5632 réperlum',
3502 5557 3754 5632 ignaram
3793 5557 3890 5632 Ep;

453 5646 508 5708 οι
533 5638 737 5708 ιηιετρ.

454 5779 567 5832 τῶν
601 5779 680 5842 ἐίς
713 5779 774 5834 L.
808 5779 979 5848 invilo
1011 5779 1110 5848 Ep.

457 5851 505 5922 ε’
534 5848 718 5922 αὐτὸν]
745 5852 876 5922 ἡμῖν
917 5847 988 5903 Μ.
1021 5847 1073 5918 ι).
1106 5863 1158 5918 p.
1181 5847 1341 5922 ἡμᾶς
1369 5847 1491 5922 om;
1515 5847 1577 5922 L,

850 5637 897 5708 δέ
924 5635 1109 5708 αὐτοῦ⁸
1127 5651 1238 5708 οηι.
1366 5629 1625 5708 μ-εἶχεν]
1652 5635 1766 5708 ἔχει
1787 5629 1855 5690 Η.
1878 5636 1949 5690 Μ.
1969 5637 2048 5708 ίιιι
2096 5654 2107 5690 ι

2210 5677 2218 5689 .
2263 5637 2328 5691 Κ.
2363 5638 2555 5708 ΐοίιυιιι
2590 5636 2770 5708 ἀθεεὶ,
2796 5638 2864 5690 ab
2902 5638 3005 5708 ὅσα
3036 5632 3150 5708 εἶχε
3179 5629 3351 5708 usque
3389 5630 3457 5708 ald
3689 5629 3896 5708 p:_61?.

453 5703 623 5781 εἶχεν]
655 5703 781 5781 οδιὶ.
804 5705 1248 5781 καὶ-ἀποδοθῆναι
1369 5706 1394 5759 1
1435 5703 1624 5781 Μόεςιξ
1653 5703 1736 5781 -δδ
1760 5708 1856 5781 καὶ
1878 5707 2100 5781 τούτοις

2210 5712 2397 5781 ικεῖνος
2473 5749 2485 5762 .
2519 5707 2580 5781 Ι».

1180 5777 1224 5808 ⁸⁷
1253 5777 1621 5848 αίσχυνόμεθα
1651 5777 1713 5832 L.
1789 5779 1836 5811 ⁸⁸
1865 5778 2146 5842 ἀνέξονται
2174 5779 2238 5834 G.
2275 5780 2345 5834 Μ.

2681 5709 2726 5741 ⁸⁵
2749 5698 2814 5762 ἂν
2847 5698 3550 5777 ἀποτίσῃ]’ἀποτ“ίσειῦ.]1.
3690 5698 3776 5777 1³⁸
3801 5701 3891 5777 καὶ

2442 5780 2501 5852 "7
2519 5779 2854 5852 εὐεργεσίαι]
2880 5770 3162 5852 αρᾀ-’τοῦ
3202 5771 3429 5852 Θεοῦ
3463 5770 3581 5852 Νοιι
3616 5773 3739 5840 Ιθιζῑι
3793 5770 3894 5852 (ig.

1683 5849 1727 5882 ⁸⁸
1756 5849 1913 5919 Μετά
1932 5841 2107 5902 τοσαῦ·

2210 5852 2378 5904 τοίνυν
2410 5851 2502 5904 καί
2535 5841 2626 5904 11.’
2649 5841 2723 5918 [ἐι
2754 5841 2892 5919 Κείς.
2918 5845 3046 5918 688]
3099 5844 3314 5919 τέγξει-ιβ
3346 5842 3443 5919 (ἒςΣ
3473 5841 3659 5919 τοίνυν
3695 5843 3897 5919 Γςοοιιῇι

460 5921 588 5976 Sav.
619 5911 874 5976 sed'n'falc
898 5911 1122 5990 servitu;
1139 5919 1190 5972 τί
1215 5911 1328 5973 οὖν.
1403 5917 1450 5990 ’_'
1484 5920 1578 5972 καί
1598 5935 1710 5975 om.
1742 5918 1808 5972 H.
1841 5918 1910 5973 Μ.
1936 5919 2031 5982 Ep.
2066 5937 2107 5988 ι).

2236 5920 2608 5990 ἐξετιννύομεν
2631 5911 2694 5977 C.
2725 5911 3071 5990 ἐξετέίνομεν
3097 5915 3219 5986 (sic)
3397 5913 3443 5944 ⁹³
3468 5911 3790 5990 διακείμεθα
3819 5911 3894 5990 9E]

459 5990 856 6062 παρείμεθαϐ.
889 5989 962 6062 Μ.
1033 5990 1080 6062 9f
1110 5986 1441 6062 μαινόμενοι]
1473 5990 1566 6062 §i_c
1600 5990 1663 6044 L.
1692 6003 1745 6044 ιιι
1774 5989 1907 6062 Ειίιι.
1939 5982 2107 6060 πενόμ

2356 5989 2424 6062 Μ.
2455 5982 2788 6062 πόνούμενοίί
2804 5989 2937 6057 Reg.
2961 5982 3116 6062 1588,:
3134 5982 3486 6062 cojwiciemur
3521 5982 3620 6038 Ge.
3647 5982 3767 6062 Vox
3801 5982 3897 6062 dp;

460 6053 716 6130 mxu'u.
740 6061 804 6128 ις.
881 6063 925 6094 π
952 6053 1176 6140 λιμένας
1201 6053 1355 6116 οξιί.
1381 6053 1452 6116 M‘.
1472 6056 1637 6119 [idem
1661 6077 1784 6118 cum
1816 6059 2016 6133 lulcrp.
2035 6053 2101 6122 vi].

2210 6061 2238 6115 μὶ
2274 6061 2541 6132 ἐπιόρκως
2562 6053 2748 6121 εὺεεεο
2772 6053 2984 6132 jubéul.
3058 6059 3105 6092 ’⁸
3135 6058 3297 6111 πόσαι
3322 6067 3375 6114 cl.
3403 6072 3455 6127 ι).
3482 6070 3535 6130 p.
3567 6056 3659 6110 καί
3683 6070 3794 6111 om.
3825 6053 3891 6114 L.
