4140 6376
379 411 484 468 589

381 524 523 597 quod
551 523 725 578 facere
749 519 954 591 jussisti
976 562 990 585 ,
1024 517 1230 586 inquit,
1259 516 1469 585 quoties
1497 510 1730 566 faciam?
1758 508 1889 562 Nam
1917 506 1960 559 si

382 631 597 684 semper
641 613 975 684 peccaverit,
1028 623 1275 679 Saepeque
1319 607 1548 659 inanitas
1593 601 1960 672 pmnitentiam

383 707 550 778 egerit
571 748 586 769 ,
621 705 828 776 quoties
855 705 969 757 lucc
995 717 1093 756 nos
1121 701 1349 754 tolerare
1375 695 1570 767 jnbes?
1600 695 1677 748 Illi
1703 693 1844 747 enim
1873 689 1963 760 qui

384 812 484 850 nec
507 795 870 866 pmnitentiam
893 795 1020 862 agit,
1045 807 1143 845 nec
1159 791 1391 859 seipsnm
1413 787 1651 848 damnat,
1679 784 1962 838 terminum

385 891 644 960 posuisti,
675 887 894 942 dicens:
938 886 1018 940 Sit
1044 885 1133 938 tibi
1159 884 1306 952 quasi
1333 881 1558 934 ethnicus
1589 887 1635 933 et
1666 877 1964 946 publicanus

387 982 597 1053 (Matth.
621 980 844 1051 18.17);
867 979 989 1033 huic
1011 993 1137 1032 vero
1163 992 1266 1031 non
1296 977 1443 1038 item,
1467 973 1559 1029 sed
1581 972 1786 1042 jossisti
1812 972 1960 1026 illum

387 1077 612 1130 admitti.
637 1075 857 1144 Quoties
881 1074 1040 1143 igitur
1063 1073 1234 1142 ipsmn
1265 1071 1429 1125 feram
1451 1068 1752 1123 convictum
1774 1076 1825 1121 et
1851 1081 1965 1133 pm-

388 1168 681 1222 nitentem?
703 1165 964 1220 sufticitne
1009 1181 1174 1231 usque
1217 1163 1444 1232 septies?
1471 1162 1604 1229 Quid
1627 1161 1786 1230 igitur
1807 1160 1963 1214 Chri-

389 1269 502 1314 stus
529 1259 790 1324 benignus
815 1256 905 1310 ille
935 1264 990 1310 et
1019 1255 1190 1308 bonus
1267 1255 1413 1310 Deus
1442 1254 1458 1284 ί
1486 1253 1510 1306 ?
1588 1251 1708 1305 Non
1738 1251 1850 1304 dico
1877 1251 1967 1305 tibi

388 1367 543 1421 usque
566 1349 746 1418 septies
768 1364 787 1401 :
817 1348 904 1401 sed
928 1363 1083 1416 usque
1108 1345 1388 1415 septuagies
1404 1345 1606 1413 septies.
1637 1342 1752 1398 Non
1775 1358 1964 1397 nume-

388 1458 507 1498 rum
559 1441 741 1495 statuit
785 1439 904 1503 hic,
951 1437 1047 1492 sed
1089 1437 1320 1505 infinite,
1375 1445 1630 1506 perpetuo
1669 1445 1723 1489 et
1753 1450 1966 1504 semper

390 1533 645 1597 denotat;
691 1532 825 1586 sicut
851 1530 990 1584 enim
1023 1529 1215 1584 millies
1255 1544 1398 1599 strpe
1442 1528 1638 1598 saspins
1666 1526 1963 1597 signiﬁcat,

391 1625 460 1678 ita
483 1633 536 1677 et
559 1622 755 1676 dictum
779 1621 1042 1689 superius.
1075 1618 1204 1674 Illud
1233 1619 1375 1673 enim
1402 1635 1415 1672 :
1449 1617 1650 1672 Sterilis
1677 1619 1867 1688 peperit
1889 1633 1968 1670 se-

391 1727 523 1786 ptem
565 1712 656 1786 (1.
689 1713 810 1785 Reg.
843 1713 897 1767 2.
927 1712 1028 1782 5),
1062 1712 1128 1767 de
1170 1711 1348 1766 multis
1380 1712 1430 1764 in
1459 1710 1730 1779 Scriptura
1762 1709 1962 1765 intelli-

389 1809 548 1877 gitur.
577 1803 758 1875 Itaque
783 1805 1152 1858 remissionem
1185 1818 1288 1856 non
1317 1817 1538 1856 numero
1559 1801 1840 1863 conclusit.
1869 1800 1966 1857 sed

391 1907 646 1968 perpetuo
695 1905 749 1949 et
794 1909 1007 1965 semper
1059 1892 1458 1948 concedendam
1515 1891 1821 1962 signiﬁcat:
1865 1892 1968 1948 hoc

392 1990 534 2043 enim
565 2005 660 2058 per
683 1997 991 2058 sequentem
1025 1987 1326 2058 parabolam
1356 1986 1575 2042 indicat.
1599 1986 1676 2041 Ne
1698 1986 1970 2042 videretur

391 2080 533 2136 enim
564 2096 813 2150 magnum
840 2081 964 2149 quid
997 2091 1049 2135 et
1078 2096 1364 2134 onerosum
1395 2081 1683 2150 prazcipere
1713 2080 1965 2147 dicendo,

393 2174 692 2244 Septuagies
735 2175 932 2244 septies,
967 2173 1171 2227 addidit
1201 2173 1336 2228 hanc
1371 2175 1694 2244 parabolam,
1727 2176 1881 2229 simul
1915 2176 1966 2230 id

393 2263 534 2334 quod
563 2263 771 2318 dixerat
801 2265 1073 2318 insinuans
1092 2307 1107 2329 ,
1138 2273 1192 2318 et
1215 2280 1335 2318 eum
1367 2265 1453 2333 qtti
1485 2265 1583 2320 hac
1608 2266 1675 2320 de
1701 2282 1857 2320 causa
1887 2266 1965 2319 al-

393 2364 503 2408 tmn
540 2365 751 2424 saperet
779 2357 1074 2425 reprimens
1095 2397 1109 2420 ,
1153 2355 1544 2424 ostendensque
1576 2372 1686 2412 rem
1714 2370 1820 2410 non
1849 2371 1970 2411 esse

392 2444 642 2510 arduam,
673 2445 779 2500 imo
808 2447 960 2499 valde
991 2445 1219 2501 facilem.
1253 2447 1377 2501 Ideo
1407 2447 1784 2516 benignitatem
1815 2464 1967 2503 suam

397 2538 447 2590 in
489 2536 719 2591 medimn
758 2537 1013 2603 adduxit,
1051 2547 1108 2592 ut
1143 2555 1208 2592 ex
1246 2541 1641 2608 comparatione
1678 2540 1886 2603 discas,
1920 2533 1971 2594 te

395 2630 634 2698 quamvis
661 2630 960 2699 septuagies
986 2634 1182 2698 septies
1214 2630 1447 2684 dimittas
1465 2674 1478 2693 ,
1508 2631 1614 2684 imo
1639 2632 1819 2685 omnia
1843 2647 1968 2700 pec-

396 2730 511 2774 cata
557 2721 799 2792 proximo
838 2736 1048 2790 semper
1083 2723 1355 2776 condones
1375 2763 1389 2785 ,
1419 2722 1565 2791 quasi
1595 2722 1789 2774 stillam
1821 2737 1972 2791 aqua:

399 2810 582 2880 pelago
610 2823 966 2878 comparatam
989 2854 1003 2876 ,
1038 2811 1143 2863 imo
1185 2811 1341 2882 longe
1369 2812 1629 2865 minorem
1657 2826 1777 2865 esse
1805 2811 1970 2866 mise-

397 2901 678 2955 ricordiam
699 2901 886 2965 illam,
918 2902 960 2954 si
991 2915 1112 2956 cum
1143 2902 1400 2957 innuensa
1435 2903 1526 2956 l'tei
1559 2903 1792 2956 bonitate
1821 2918 1972 2956 com-

398 3002 654 3064 paretur,
687 3007 787 3062 qna
817 3008 952 3062 opus
993 2993 1189 3058 habes,
1222 3010 1341 3047 cum
1385 2993 1580 3048 debeas
1621 2995 1674 3048 in
1713 2993 1972 3061 judicimn

397 3081 585 3136 abduci
607 3091 661 3136 et
681 3082 912 3137 rationes
935 3084 1173 3138 reddere.
1201 3084 1323 3138 Ideo
1351 3085 1626 3154 subjunxit
1653 3103 1664 3139 :
1695 3085 1785 3140 25.
1815 3085 1977 3139 Sinu-

400 3172 446 3228 le
472 3185 542 3229 est
564 3191 772 3245 regnum
797 3176 1035 3230 catlorum
1060 3176 1250 3230 homini
1276 3177 1403 3246 regi,
1434 3179 1519 3246 qui
1545 3176 1700 3230 voluit
1725 3178 1973 3232 rationem

401 3285 582 3336 ponere
602 3285 718 3321 cum
742 3271 896 3324 seruis
921 3271 1046 3323 suis.
1073 3269 1171 3323 24.
1202 3270 1266 3322 Et
1292 3287 1405 3323 cum
1432 3271 1656 3338 coepisset
1681 3287 1866 3342 ponere
1885 3287 1971 3324 ra-

400 3362 602 3422 tionem,
629 3363 824 3416 oblatus
848 3371 919 3415 est
942 3364 984 3416 ei
1014 3380 1145 3416 unus
1165 3363 1252 3432 qui
1283 3362 1486 3416 debebat
1517 3362 1685 3416 decem
1715 3363 1874 3417 millia
1897 3373 1973 3416 ta-

401 3451 550 3504 lenta.
580 3451 670 3506 95.
704 3451 824 3506 Non
850 3453 1062 3507 habente
1089 3465 1260 3506 autem
1285 3470 1342 3506 eo
1370 3453 1503 3506 unde
1532 3453 1761 3507 redderet
1785 3495 1798 3518 ,
1821 3455 1975 3523 jussit

399 3542 543 3596 randi
573 3559 686 3596 eum
704 3586 719 3610 ,
749 3553 797 3598 et
823 3561 1030 3598 uxorem
1054 3546 1076 3576 '
1107 3555 1154 3598 et
1182 3545 1315 3613 ﬁlios
1342 3554 1389 3598 et
1416 3545 1586 3598 omnia
1614 3561 1726 3614 quae
1753 3545 1970 3602 haberet.

401 3634 600 3690 Deinde
616 3651 735 3689 cum
759 3636 1178 3692 misericordiam
1197 3638 1528 3704 impetrasset
1553 3635 1662 3697 ille.
1681 3637 1771 3691 ‘28.
1798 3635 1980 3706 Egres-

400 3743 486 3781 sus
510 3743 798 3781 conservum
835 3728 1089 3783 debentem
1118 3729 1210 3782 sibi
1253 3741 1445 3782 centum
1492 3729 1722 3783 denarios
1748 3727 1973 3794 stt/foca-

401 3819 526 3884 bat;
562 3835 726 3890 quare
753 3831 1049 3874 commotus
1090 3820 1372 3888 dominus,
1419 3822 1588 3891 ipsmn
1622 3822 1672 3875 in
1702 3837 1972 3876 carcerem

401 3913 590 3981 conjici
616 3913 794 3981 jussit,
827 3913 995 3968 donec
1028 3924 1194 3967 totum
1224 3913 1472 3968 solveret.
1508 3913 1688 3968 Vidcn’
1716 3924 1967 3984 quantum

400 4005 470 4059 sit
493 4004 778 4061 discrimen
806 4007 942 4061 inter
970 4015 1183 4075 peccata
1212 4006 1262 4060 in
1294 4005 1584 4071 hominem,
1613 4017 1664 4059 et
1692 4006 1740 4058 in
1772 4007 1972 4060 Deum?

400 4095 665 4161 Quantum
683 4097 884 4152 scilicet
903 4097 1188 4152 discrimen
1217 4099 1354 4152 inter
1369 4098 1552 4153 decem
1571 4099 1731 4152 millia
1751 4099 1966 4164 talenta,

400 4199 455 4245 et
477 4199 687 4244 centum
709 4189 984 4256 denarios;
1013 4191 1122 4245 imo
1156 4191 1321 4245 multo
1348 4191 1536 4260 majus.
1566 4189 1620 4243 Id
1647 4200 1822 4245 autem
1850 4207 1971 4244 eve-

403 4283 479 4336 nit
509 4291 619 4336 tum
646 4297 710 4336 ex
740 4281 1035 4336 differentia
1070 4299 1414 4352 personarum
1435 4325 1451 4348 ,
1485 4292 1592 4337 tum
1623 4299 1685 4338 ex
1721 4293 1968 4353 peccato-

401 4391 518 4429 rum
549 4374 861 4444 frequentia.
889 4375 1114 4430 Homine
1145 4391 1372 4444 namque
1397 4375 1606 4428 vidente
1629 4417 1642 4440 ,
1673 4390 1967 4437 cessanms,

401 4483 499 4522 nec
525 4483 747 4536 peccare
777 4468 1068 4530 audemus;
1104 4468 1212 4521 Deo
1239 4478 1416 4522 autem
1455 4467 1691 4537 quotidie
1722 4467 1967 4533 vidente,

402 4575 506 4612 non
538 4574 785 4613 veremur
805 4600 819 4621 ,
849 4559 954 4613 imo
981 4559 1139 4613 etiam
1168 4559 1344 4612 omnia
1387 4557 1647 4628 intrepide
1674 4557 1897 4612 facimus
1918 4568 1971 4612 et

399 4647 641 4702 dicimus.
673 4648 852 4718 Neque
881 4650 1002 4703 hinc
1029 4649 1186 4702 modo
1206 4691 1220 4712 ,
1248 4650 1341 4704 sed
1367 4649 1524 4703 etiam
1554 4665 1585 4704 a
1614 4650 1891 4703 beneﬁciis
1917 4660 1971 4703 et

397 4741 464 4794 ab
497 4741 699 4795 honore
726 4757 834 4811 quo
863 4741 1085 4794 fruimur
1113 4742 1352 4810 graviora
1394 4749 1607 4808 peccata
1650 4739 1964 4794 redduntur.

398 4831 536 4886 Etsi
581 4833 789 4888 discere
829 4833 1026 4897 vultis,
1058 4831 1324 4900 quomodo
1366 4831 1473 4884 sint
1517 4830 1676 4883 millia
1727 4829 1923 4883 talenta
1950 4870 1965 4895 ,

399 4921 506 4975 imo
533 4923 698 4977 multo
724 4923 875 4992 plura
907 4923 958 4975 in
1005 4922 1168 4975 Deum
1217 4931 1428 4989 precata
1450 4961 1463 4978 .
1497 4919 1546 4973 id
1577 4919 1756 4987 paucis
1785 4921 1964 4986 expri-

397 5029 544 5068 mere
560 5023 812 5082 satagam.
841 5013 946 5066 Sed
965 5015 1128 5066 timeo
1149 5011 1315 5076 neiis,
1341 5012 1426 5080 qui
1449 5010 1512 5063 ad
1535 5009 1819 5077 nequitiam
1845 5024 1970 5078 pro-

399 5105 451 5158 ni
480 5119 634 5166 sunt,
662 5105 858 5174 quique
898 5105 1203 5172 frequenter
1243 5110 1499 5171 peccant,
1533 5101 1784 5168 majorem
1826 5116 1966 5168 prze-

399 5197 549 5254 beam
582 5197 880 5262 licentiam,
917 5213 1048 5251 neve
1077 5197 1425 5252 modestiores
1454 5196 1506 5248 in
1538 5195 1964 5259 desperationem

399 5288 708 5358 conjiciam,
731 5297 785 5342 et
813 5305 878 5342 ne
905 5289 1128 5357 idipsum
1159 5288 1298 5358 quod
1326 5287 1565 5354 discipuli
1592 5288 1770 5340 dicant
1793 5303 1805 5338 :
1840 5285 1965 5352 Quis

397 5391 554 5452 potest
579 5382 764 5436 salvari
785 5380 1062 5452 (Mat-alo.
1080 5379 1197 5452 26)?
1213 5380 1562 5434 Nihilominus
1582 5391 1752 5432 tamen
1772 5379 1965 5444 dicam,

396 5484 456 5528 ut
483 5489 577 5528 eos
597 5474 686 5542 qui
711 5473 986 5527 attendunt
1014 5472 1312 5526 securiores
1337 5481 1388 5525 et
1417 5473 1806 5526 mansuetiores
1839 5471 1962 5524 red-

396 5564 539 5623 dant.
568 5561 698 5618 Nam
719 5565 807 5633 qni
833 5561 1108 5618 incurabili
1137 5561 1323 5616 morbo
1350 5561 1592 5617 laborant
1616 5572 1670 5618 et
1697 5563 1817 5616 sine
1847 5577 1968 5617 sen-

443 5745 461 5786 t.
487 5744 600 5803 Alii,
624 5743 784 5792 Bonus
807 5735 1053 5795 Dominus.

446 5807 467 5838 ²
491 5801 662 5856 Morel.
691 5817 836 5864 male,
859 5802 1009 5870 jussit
1031 5801 1170 5855 vcndi
1197 5816 1414 5856 uxorem.

1410 398 1474 453 IN
1515 390 1926 450 ΜΑΤΤΙΙᾹΞΗΜ
1970 389 2196 444 ιιῡδιιι.
2242 391 2374 445 LXI.
2417 393 2486 446 al.
2532 391 2686 445 [ΧΗ.

3541 388 3648 442 Ξὲ90

2072 522 2132 562 su
2159 519 2298 572 sunt,
2333 509 2478 563 hisce
2507 509 2633 562 nihil
2665 507 2887 578 permoti
2919 509 3240 574 rationibus,
3273 525 3302 563 a
3333 513 3560 580 nequitia
3590 525 3645 566 et

2072 600 2275 668 ignavia
2298 616 2391 654 sua
2421 618 2523 654 non
2553 603 2835 666 recedunt;
2865 603 2910 656 si
2937 612 3112 656 antetn
3140 602 3265 656 inde
3289 603 3544 672 majorem
3569 622 3649 658 su-

2070 703 2218 745 mant
2261 693 2592 762 negligentia:
2642 695 3012 757 occasionem,
3049 693 3099 746 id
3131 709 3237 748 non
3275 692 3429 748 dictis
3458 693 3644 762 httjtts-

2072 784 2236 849 modi,
2260 784 2351 838 sed
2374 800 2557 839 eorum
2582 785 2852 838 stoliditati
2876 784 3212 840 tribuendum
3235 795 3351 840 est:
3379 801 3500 856 qua:
3520 802 3600 840 vel
3615 805 3649 836 o

2071 875 2348 941 dicentur,
2392 885 2621 931 attentos
2659 877 2951 944 reprimere
2976 885 3031 930 et
3067 876 3133 930 ad
3177 876 3643 946 compnnctioncm

2071 968 2333 1024 deducere
2377 978 2658 1038 poterunt;
2701 971 3084 1025 mansuetiores
3114 986 3276 1035 vero,
3304 987 3424 1025 cum
3458 986 3644 1040 pecca-

2073 1071 2244 1116 torum
2274 1063 2467 1117 molem
2496 1063 2742 1129 viderint,
2773 1074 2826 1117 et
2852 1063 2956 1116 vim
2986 1065 3311 1132 pmnitentia:
3336 1063 3644 1122 didicerint.

2071 1153 2169 1224 ipsi
2199 1155 2365 1224 magis
2386 1155 2582 1208 dahnnt
2610 1171 2826 1224 cperam
2855 1172 2868 1208 :
2902 1155 3126 1224 ideoque
3153 1155 3280 1209 illud
3308 1155 3485 1209 dicere
3514 1170 3638 1223 ope-

2070 1263 2144 1301 ra:
2189 1247 2414 1316 pretium
2444 1247 2620 1304 fuerit.
2669 1246 2940 1302 Proferam
2985 1262 3112 1301 vero
3143 1255 3356 1316 peccata
3377 1287 3393 1312 ,
3419 1255 3472 1301 et
3499 1262 3644 1316 qna:-

2069 1354 2297 1408 cumqne
2323 1339 2376 1392 in
2409 1338 2572 1392 Deum
2600 1379 2614 1402 ,
2643 1347 2698 1392 et
2725 1353 3072 1408 quazcumque
3099 1338 3150 1390 in
3181 1337 3424 1390 homines
3453 1350 3644 1406 perpe-

2072 1441 2271 1486 tramus
2299 1449 2311 1485 :
2344 1448 2447 1485 non
2476 1431 2684 1501 propria
2711 1446 2934 1500 ponam,
2957 1429 3049 1484 sed
3070 1429 3406 1492 communia;
3438 1427 3645 1497 propria

2070 1533 2246 1579 autem
2279 1524 2530 1594 deinceps
2557 1540 2621 1578 ex
2648 1524 2971 1578 conscientia
3003 1538 3096 1575 sua
3128 1523 3320 1590 singuli
3348 1521 3562 1576 addent.
3592 1520 3644 1574 Id

2072 1633 2198 1671 vero
2246 1617 2465 1679 faciam,
2508 1626 2784 1686 postquam
2836 1616 2927 1669 Dei
2977 1616 3232 1670 beneﬁcia
3285 1630 3642 1684 pra-posuero.

2071 1709 2198 1776 Quae
2224 1718 2348 1762 sunt
2367 1724 2496 1779 ergo
2520 1709 2610 1762 Dei
2635 1708 2932 1763 beneﬁcia?
2960 1708 3074 1776 Ipse
3097 1706 3220 1760 fecit
3245 1723 3340 1757 nos
3361 1723 3422 1758 ex
3448 1705 3645 1770 nihilo,

2073 1803 2298 1857 visibilia
2327 1804 2502 1856 omnia
2533 1812 2749 1872 propter
2781 1816 2877 1854 nos
2905 1800 3169 1861 condidit,
3203 1799 3424 1862 cadum,
3457 1814 3602 1852 mare
3625 1837 3640 1861 ,

2075 1905 2290 1961 terram,
2318 1911 2518 1959 aerem,
2546 1905 2599 1947 et
2625 1911 2741 1961 quae
2769 1893 2818 1945 in
2852 1892 2915 1946 iis
2941 1892 3280 1946 continentur
3309 1891 3506 1950 omnia,
3534 1889 3644 1943 ani-

2073 1988 2262 2051 malia,
2308 1987 2549 2054 plantas,
2596 1985 2836 2044 semina;
2879 1999 3000 2036 nam
3047 1981 3291 2036 brevitati
3327 1979 3646 2033 studendum

2072 2081 2142 2134 oh
2169 2081 2480 2132 immensam
2502 2093 2724 2146 opermn
2751 2075 2980 2144 copiam.
3009 2074 3252 2128 Animam
3283 2073 3548 2126 viventem
3568 2080 3648 2124 la-

2075 2173 2175 2226 letn
2227 2171 2378 2224 ιιυιήε
2423 2178 2625 2223 tantum
2676 2168 2984 2237 inSpiravit,
3019 2166 3318 2235 paradisum
3351 2165 3601 2232 plantavit
3631 2205 3648 2225 ,

2073 2265 2383 2330 adjntrirem
2401 2261 2542 2316 dedit
2566 2272 2619 2316 et
2643 2261 2693 2314 in
2725 2261 2874 2314 bruta
2903 2259 3189 2314 animantia
3216 2258 3513 2326 imperium.
3535 2256 3582 2325 gi
3609 2279 3646 2296 »-

2073 2358 2149 2410 ria
2177 2365 2230 2411 et
2260 2355 2462 2409 honore
2490 2353 2783 2409 coronavit.
2827 2351 3032 2406 Deinde
3073 2352 3338 2403 hominem
3357 2390 3372 2414 ,
3403 2349 3492 2416 qui
3523 2362 3646 2416 erga

2076 2449 2468 2504 benefactorum
2515 2463 2666 2502 suum
2714 2447 2950 2516 ingratus
2977 2453 3256 2508 evaserat,
3287 2442 3474 2511 majori
3506 2441 3648 2494 dono

2074 2546 2315 2613 dignatus
2344 2552 2446 2597 est.

2146 2635 2202 2688 2.
2245 2633 2410 2699 Culpa
2434 2633 2614 2686 .ildami
2635 2640 2932 2701 quantorum
2950 2647 3102 2684 causa
3128 2629 3392 2683 bonorum.
3429 2625 3649 2678 Militum

2076 2743 2256 2780 mores.
2275 2725 2541 2792 Artiﬁcum
2573 2725 2794 2794 fraudes.
2813 2722 2969 2776 —Ne
2982 2722 3083 2776 hoc
3101 2730 3304 2774 tantum
3319 2718 3650 2780 consideres,

2075 2815 2215 2888 quod
2235 2815 2450 2885 ejecerit
2467 2830 2531 2868 ex
2553 2812 2917 2883 paradiso,sed
2938 2812 3140 2866 lucrmn
3163 2809 3285 2864 inde
3303 2819 3509 2879 partmn
3532 2822 3650 2876 per-

2077 2908 2269 2978 pende.
2289 2907 2576 2976 Postquam
2594 2906 2734 2960 enim
2751 2905 2908 2974 ejecit
2924 2921 2987 2958 ex
3009 2902 3334 2973 paradiso.ct
3349 2899 3549 2954 inﬁnita
3567 2897 3651 2951 illa

2077 3002 2214 3056 bona
2247 3000 2465 3070 largitus
2487 3012 2570 3053 est
2597 2998 3030 3066 meonomiasqne
3056 2995 3249 3057 varias,
3272 2993 3465 3048 Filium
3493 3006 3647 3044 smnn

2078 3094 2221 3148 misit
2240 3108 2334 3163 pro
2351 3092 2414 3146 iis
2430 3091 2516 3162 qui
2536 3090 2806 3145 beneﬁciis
2822 3088 2993 3143 affecti
3019 3088 3187 3154 ipsum
3206 3084 3448 3140 oderant.
3465 3082 3649 3136 Caelum

2080 3189 2234 3242 nobis
2252 3186 2538 3256 aperuit,et
2555 3182 2854 3254 paradisum
2873 3182 3044 3250 ipsmn
3071 3177 3447 3246 expandit,nos
3479 3175 3650 3229 inimi«

2076 3279 2429 3349 eos,ingratos
2451 3277 2586 3331 filios
2601 3275 2795 3330 eﬁ'ecit.
2813 3271 2934 3327 Ideo
2945 3287 3083 3326 nunc
3098 3278 3394 3340 opportune
3411 3267 3646 3322 dicatur:

2082 3372 2126 3426 0
2143 3371 2358 3426 altitudo
2385 3370 2672 3423 divitiarum
2701 3377 2748 3421 et
2773 3367 3036 3436 sapientia:
3054 3374 3099 3418 et
3119 3364 3336 3418 scientia:
3361 3361 3451 3415 Dei
3471 3361 3646 3432 (Rapit.

2079 3464 2282 3522 11.53)!
2302 3463 2552 3530 Deditque
2571 3461 2721 3514 nobis
2734 3459 2987 3528 baptisma
3008 3458 3059 3510 in
3080 3455 3444 3510 remissionem
3464 3468 3647 3522 perra-

2077 3553 2474 3624 torum,eripuit
2487 3567 2515 3605 a
2534 3547 3058 3620 suppliciis.bcredes
3075 3547 3218 3614 regni
3235 3545 3646 3607 constituit,mil-

2079 3646 2146 3700 lia
2179 3644 2418 3714 promisit
2441 3644 2577 3698 bona
2609 3651 2752 3696 recte
2781 3640 3058 3711 agentibus
3081 3681 3096 3704 ,
3124 3653 3335 3692 manmn
3358 3636 3592 3705 porrexit
3621 3677 3638 3701 ,

2077 3738 2439 3807 Spiritumque
2461 3734 2648 3788 infudit
2677 3735 2726 3786 in
2759 3732 2918 3786 corda
2950 3742 3148 3786 nostra.
3181 3728 3318 3797 Quid
3346 3729 3504 3798 igitur
3526 3741 3645 3798 post

2079 3839 2159 3882 tot
2181 3838 2426 3897 tantaque
2455 3824 2632 3880 bona?
2660 3824 2927 3894 quomodo
2965 3838 3062 3877 nos
3101 3822 3321 3876 affectos
3344 3836 3462 3876 esse:
3492 3836 3648 3889 opor-

2079 3919 2257 3974 terct?
2289 3935 2411 3971 mtm
2464 3918 2506 3970 si
2549 3907 2783 3986 quotidie
2813 3915 3103 3968 morianmr
3149 3928 3244 3982 pro
3294 3913 3406 3975 illo,
3437 3914 3524 3979 qui
3557 3931 3651 3964 nos

2078 4021 2281 4066 tantum
2323 4010 2510 4080 diligit.
2555 4009 2846 4075 condignas
2895 4007 3111 4076 gratias,
3145 4007 3252 4058 illm
3281 4006 3360 4059 vel
3390 4005 3648 4058 tantillum

2074 4105 2236 4162 debiti
2265 4103 2592 4158 referemus?
2637 4101 2978 4170 Nequaquam
3011 4115 3023 4150 :
3055 4113 3173 4151 nam
3215 4095 3341 4151 illud
3391 4097 3550 4150 etiam
3600 4097 3650 4149 in

2077 4198 2279 4252 lucrum
2308 4195 2459 4250 nobis
2488 4194 2648 4248 cedit.
2676 4193 2953 4261 Quomodo
2981 4191 3136 4260 igitur
3153 4190 3321 4246 aﬂ'ecti
3339 4205 3543 4256 sunms,
3562 4191 3650 4256 qui

2077 4291 2145 4344 ita
2171 4289 2306 4343 affici
2335 4287 2685 4342 deberemus?
2722 4284 2968 4353 Quotidie
3012 4284 3152 4353 leges
3195 4281 3310 4352 ejus
3365 4283 3647 4335 violamus.

2076 4382 2272 4437 Verum
2305 4396 2370 4435 ne
2391 4379 2604 4449 indigne
2633 4377 2837 4442 feratis,
2861 4376 2903 4429 si
2930 4374 3258 4445 peccantium
3281 4374 3516 4440 tinguant
3535 4389 3654 4441 per-

2074 4476 2339 4531 strinxere
2372 4491 2385 4526 :
2428 4487 2531 4526 non
2559 4471 2702 4526 enim
2723 4485 2818 4524 vos
2853 4469 3034 4522 incuso
3065 4477 3287 4530 tantum,
3319 4465 3410 4520 sed
3448 4473 3502 4519 et
3535 4481 3650 4519 me-

2076 4569 2267 4631 ipsum.
2306 4563 2585 4621 Undenam
2613 4561 2772 4615 vultis
2818 4559 3067 4628 incipiam
3092 4559 3115 4612 ?
3141 4574 3204 4612 an
3235 4574 3264 4610 a
3296 4557 3498 4612 servis?
3524 4573 3591 4610 an
3621 4572 3649 4609 a

2075 4659 2253 4713 liberis
2277 4659 2300 4710 ?
2320 4673 2348 4710 a
2380 4654 2673 4710 militibus?
2705 4669 2735 4706 a
2759 4653 2978 4722 privatis
3011 4651 3350 4705 hominibus?
3376 4665 3404 4702 a
3449 4648 3618 4717 primi

2074 4748 2265 4818 pibus?
2307 4763 2334 4800 a
2377 4745 2638 4800 subditis?
2663 4760 2692 4798 a
2725 4743 3066 4798 mulieribus?
3091 4757 3119 4794 a
3149 4742 3310 4796 viris?
3334 4756 3362 4794 a
3393 4740 3653 4794 senibus?

2074 4856 2103 4895 a
2124 4840 2403 4910 juvenibus
2427 4838 2482 4891 ίῗ
2504 4854 2532 4891 a
2562 4853 2664 4906 qua
2690 4837 2883 4891 nitate?
2917 4851 2944 4888 a
2972 4850 3078 4905 quo
3115 4832 3344 4903 genere?
3366 4847 3395 4886 a
3435 4849 3534 4901 qua
3563 4832 3644 4884 di-

2073 4931 2311 5001 gnitate?
2337 4945 2364 4983 a
2391 4945 2496 5000 quo
2525 4928 2734 4983 studio?
2766 4927 3003 4981 Voltisne
3027 4941 3056 4980 a
3082 4923 3338 4978 militibus
3365 4922 3651 4990 incipiam?

2074 5023 2131 5076 In
2159 5031 2288 5092 quot
2315 5031 2529 5092 peccata
2560 5019 2613 5073 hi
2645 5018 2879 5089 quotidie
2902 5033 3004 5072 non
3037 5016 3330 5086 proruunt?
3357 5013 3648 5069 Contume—

2076 5116 2176 5170 lias
2204 5124 2257 5169 et
2283 5114 2517 5168 convicia
2548 5112 2800 5170 inferunt.
2833 5111 3120 5169 insaniunt,
3153 5105 3340 5160 alienis
3371 5105 3645 5160 calamita-

2075 5204 2214 5259 tibus
2266 5205 2618 5264 delectantur,
2669 5200 2807 5271 lupis
2856 5198 3077 5263 similes,
3107 5196 3311 5250 scelere
3362 5209 3647 5260 numquam

2072 5296 2259 5360 vacui,
2289 5295 2388 5348 nisi
2430 5294 2548 5363 quis
2579 5292 2773 5346 dixerit
2797 5305 2944 5344 mare
2970 5287 3214 5342 fluctibus
3257 5302 3466 5340 vacare.
3517 5286 3647 5352 Quae

2071 5389 2232 5442 animi
2255 5386 2510 5456 aegritudo
2541 5400 2646 5439 non
2676 5383 2794 5436 illos
2824 5378 3100 5449 exagitat?
3125 5379 3243 5448 quis
3272 5377 3492 5432 morbus
3538 5393 3643 5429 non

2071 5485 2302 5535 animam
2333 5479 2566 5546 ipsorum
2597 5474 2848 5530 obsidet?
2871 5472 3187 5543 Eqnalibus
3209 5471 3350 5526 enim
3375 5467 3636 5533 invident,

2071 5586 2220 5625 vanae
2245 5567 2424 5640 gloria:
2447 5566 2660 5621 student
2683 5583 2698 5631 ;
2730 5564 2969 5619 subditos
2994 5562 3092 5618 sibi
3120 5577 3278 5617 avare
3302 5558 3640 5625 defraudant,

2071 5665 2138 5721 iis
2177 5663 2266 5734 qui
2292 5662 2498 5732 litigant
2524 5667 2580 5715 et
2616 5659 2681 5714 ad
2704 5673 2763 5715 se
2790 5659 2940 5730 quasi
2967 5656 3032 5713 ad
3061 5666 3271 5728 portum
3295 5651 3627 5722 confugiunt,

2140 5821 2156 5853 ¹
2193 5815 2380 5878 Morel.,
2403 5829 2429 5864 τ’
2448 5815 2630 5878 pueris.
