4140 6376
491 405 589 460 59!

493 519 673 575 hostili
696 527 751 573 et
785 515 996 587 perjuro
1026 513 1205 568 animo
1222 520 1362 566 sunt.
1386 513 1525 578 Quot
1543 510 1683 579 apud
1699 508 1818 562 illos
1839 505 2076 578 rapinae?

491 620 621 679 quot
652 609 903 665 fraudes?
929 615 1058 678 quot
1100 606 1486 677 sycophantiae,
1513 613 1566 658 et
1601 600 1951 656 fraudulenta:
1983 616 2077 653 ne-

493 701 860 772 gotiationes?
897 708 1028 769 quot
1079 697 1413 752 adulationes
1463 693 1732 749 serviles?
1785 692 2024 762 Agedum
2057 732 2071 754 ,

490 793 688 849 Christi
719 794 886 862 legem
915 789 1135 860 singulis
1155 799 1398 858 aptemus
1431 807 1444 842 :
1480 787 1579 853 Qui
1596 787 1778 840 dixerit
1798 786 1947 854 fratri
1960 801 2068 848 suo,

498 882 686 949 Fatue,
718 898 832 936 reus
853 882 945 936 erit
969 881 1210 951 gehennae
1226 880 1376 950 ignis.
1399 878 1497 943 Qui
1514 878 1789 948 respexerit
1815 877 2074 930 mulierem

495 976 564 1031 ad
589 974 1043 1047 concupiscendum
1068 991 1199 1041 eam,
1218 975 1330 1044 jam
1360 973 1632 1028 moechatus
1657 982 1727 1026 est
1749 989 1859 1026 eam
1887 973 1939 1026 in
1961 988 2074 1025 cor-

491 1071 555 1124 de
592 1085 704 1124 suo.
765 1067 884 1122 Nisi
927 1067 1040 1137 quis
1067 1066 1406 1120 Itumiliaverit
1430 1082 1484 1118 se
1522 1066 1651 1119 sicut
1677 1065 1940 1135 parvulus,
1970 1081 2074 1119 non

492 1162 701 1215 intrabit
741 1164 796 1213 in
834 1175 1044 1230 regnum
1073 1158 1312 1212 caelorum
1344 1156 1558 1226 (Matth.
1590 1157 1642 1212 5.
1674 1156 1764 1210 22.
1790 1157 1880 1211 28.
1907 1164 1951 1210 et
1982 1156 2069 1211 18.

489 1250 570 1322 4).
602 1251 664 1305 lli
693 1265 819 1304 vero
847 1249 1151 1319 arrogantia
1183 1257 1403 1302 utuntur
1427 1247 1680 1302 adversus
1702 1246 1942 1300 subditos
1968 1244 2070 1299 sibi

491 1342 735 1403 traditos,
768 1349 1079 1406 trementes,
1107 1349 1162 1395 et
1178 1339 1543 1404 formidantes,
1574 1338 1767 1408 quibus
1793 1346 1918 1392 sunt
1945 1337 2071 1405 ipsis

489 1434 618 1490 feris
667 1433 1009 1488 acerbiores:
1044 1431 1178 1487 nihil
1214 1446 1309 1501 pro
1347 1429 1560 1485 Christo
1594 1432 1863 1494 facientes,
1892 1431 2069 1483 omnia

491 1540 589 1593 pro
615 1533 822 1590 ventre,
861 1538 957 1593 pro
979 1522 1235 1592 pecuniis,
1258 1536 1357 1592 pro
1379 1537 1514 1576 vana
1541 1521 1727 1591 gloria.
1761 1522 1844 1574 An
1867 1521 2069 1575 scelera

489 1632 673 1672 eorum
710 1616 885 1670 verbis
937 1614 1204 1669 numerari
1236 1614 1479 1684 possint?
1506 1614 1640 1680 Quid
1673 1614 1944 1667 irrisioues
1967 1629 2074 1668 me-

489 1725 730 1772 morem,
786 1708 952 1762 risum
1002 1707 1266 1773 effusum,
1309 1706 1678 1776 intempestiva
1734 1705 1995 1774 colloquia
2028 1706 2068 1775 ί,

488 1804 740 1854 ohscmna
794 1798 968 1855 dicta?
1018 1798 1148 1852 Nam
1194 1799 1261 1852 de
1297 1798 1521 1852 avaritia
1573 1797 1701 1851 nihil
1748 1797 2066 1852 dicendum:

488 1893 936 1964 quemadmodum
966 1893 1108 1948 enim
1134 1893 1167 1946 ii
1192 1892 1279 1962 qui
1308 1892 1359 1946 in
1380 1891 2065 1955 montibussuutmonachi,

489 2001 560 2042 ne
603 1986 780 2041 sciunt
830 1985 1045 2055 quidem
1076 1985 1202 2055 quid
1246 1986 1314 2039 sit
1342 1985 1560 2038 avaritia
1597 2003 1610 2041 :
1648 1985 1717 2038 ita
1762 1993 1814 2038 et
1847 1984 2066 2049 isti,scd

489 2079 760 2133 contrario
787 2077 966 2131 modo.
1013 2076 1088 2130 llli
1118 2077 1258 2131 enim
1282 2076 1421 2145 quod
1452 2077 1631 2144 procul
1660 2075 1725 2130 ab
1752 2076 1854 2130 hoc
1883 2075 2070 2130 morbo

489 2170 617 2234 sint,
645 2168 695 2223 id
724 2169 1003 2239 ignorant;
1053 2167 1105 2221 hi
1149 2183 1276 2221 vero
1303 2168 1452 2237 quasi
1483 2166 1582 2220 hoc
1608 2167 1795 2221 morbo
1823 2167 1976 2230 ebrii,
2003 2182 2070 2222 ne

489 2261 726 2314 sentiunt
768 2258 983 2329 quidem
1013 2267 1267 2328 quantum
1295 2259 1361 2311 sit
1391 2258 1586 2311 malum
1618 2275 1630 2311 :
1660 2258 1892 2326 nequitia
1925 2257 2068 2312 enim

490 2354 560 2408 ita
589 2369 801 2408 omnem
830 2353 1078 2406 virtutem
1112 2351 1178 2406 ab
1198 2352 1278 2407 eis
1303 2351 1522 2421 expulit,
1555 2360 1859 2421 tantamque
1891 2365 2070 2422 tyran-

490 2443 669 2499 nidem
692 2453 926 2508 exercet,
955 2452 1013 2498 ut
1036 2443 1336 2498 furentibus
1366 2444 1468 2498 illis
1495 2443 1696 2496 nullum
1715 2444 1916 2497 crimen
1943 2459 2069 2512 gra-

492 2552 556 2593 ve
580 2536 824 2591 videatur
851 2550 990 2591 esse.
1044 2533 1149 2590 Sed
1197 2533 1282 2588 his
1311 2535 1529 2600 relictis,
1565 2534 1793 2589 vultisne
1837 2535 1903 2588 ad
1933 2534 2067 2589 alios

490 2629 845 2686 modestiores
874 2627 1231 2684 accedamus?
1257 2629 1369 2697 Age
1418 2628 1596 2696 igitur,
1622 2627 1868 2697 cpilicum
1894 2626 2066 2680 artifi-

488 2739 716 2792 cumque
735 2737 901 2792 genus
926 2721 1198 2775 adeamus.
1224 2720 1287 2774 Hi
1310 2719 1451 2774 enim
1475 2721 1705 2774 maxime
1732 2719 1976 2774 videntur
2001 2736 2068 2775 ex

485 2817 641 2886 justis
671 2814 938 2870 laboribus
972 2814 1357 2882 sudoribusque
1388 2813 1548 2866 vitam
1578 2812 1678 2868 sibi
1726 2827 1936 2882 parare.
1960 2812 2071 2870 Ve-

487 2921 606 2963 rum
656 2907 708 2960 hi
754 2919 966 2977 quoque
1007 2906 1105 2959 nisi
1145 2905 1244 2960 sibi
1285 2904 1595 2972 attendant,
1629 2905 1796 2960 multa
1821 2906 1944 2962 inde
1965 2906 2066 2961 sibi

487 2999 624 3054 mala
645 3005 941 3068 congerunt
973 3014 987 3050 :
1021 3013 1142 3051 nam
1169 2996 1325 3066 justis
1360 2997 1611 3065 operibus
1653 2997 1890 3066 iniquum
1935 3013 2068 3052 ven-

487 3091 643 3146 dcndi
675 3099 729 3146 et
771 3090 980 3146 emendi
1013 3089 1227 3144 modum
1253 3089 1526 3159 adjiciunt,
1557 3101 1610 3144 et
1636 3105 1779 3158 stupe
1829 3092 2066 3146 avaritiae

487 3185 782 3254 iuramenta
803 3225 817 3248 ,
849 3182 1079 3252 perjuria
1105 3223 1120 3248 ,
1148 3181 1423 3236 mendacia
1468 3182 1830 3251 superaddunt
1859 3199 1873 3236 ε
1907 3182 2067 3253 hujus

488 3279 609 3332 vita:
636 3277 793 3331 rebus
820 3275 1014 3330 addicti
1045 3285 1305 3343 terraeque
1333 3273 1497 3342 afﬁxi,
1527 3273 1656 3329 nihil
1687 3291 1791 3329 non
1819 3284 1981 3346 agunt
2011 3286 2066 3330 ut

488 3369 740 3439 pecunias
769 3368 1038 3437 colligant,
1071 3381 1171 3420 nec
1195 3373 1384 3420 curant
1409 3381 1501 3420 eas
1524 3367 1843 3436 pauperibus
1873 3382 2057 3437 eroga-

487 3475 566 3526 re,
591 3472 910 3527 semperque
937 3455 1218 3511 facultates
1235 3471 1430 3527 augere
1443 3457 1677 3512 student.
1701 3456 1830 3524 Quis
1851 3474 2068 3513 enarra-

487 3551 558 3605 rit
603 3550 841 3605 convicia
872 3548 955 3602 his
983 3547 1050 3602 de
1078 3547 1255 3602 causis
1299 3548 1504 3617 prolata
1526 3589 1541 3612 ,
1567 3547 1939 3616 contumelias,
1968 3547 2062 3603 ΐωο

486 3657 640 3704 nora,
671 3655 877 3705 usuras,
910 3648 1064 3710 pacta
1095 3640 1313 3695 multam
1335 3638 1576 3694 fraudem
1606 3638 1874 3706 habentia,
1895 3640 2066 3710 impu-

485 3736 670 3790 dentes
699 3732 1122 3804 negotiationes?

556 3828 608 3882 5.
651 3824 970 3880 Pratdiorum
1000 3841 1309 3896 possessores
1327 3825 1504 3896 iniqui.
1538 3855 1610 3865 —
1637 3825 1830 3882 Verum
1861 3826 1905 3881 si
1957 3827 2066 3897 pla-

485 3928 590 3984 cet,
637 3917 720 3974 his
774 3919 1006 3986 omissis,
1043 3919 1111 3974 ad
1162 3919 1296 3974 alios
1337 3919 1645 3986 veniamus,
1677 3921 1766 3990 qui
1815 3920 2063 3975 videntur

484 4013 736 4083 justiorcs
759 4027 898 4067 esse.
933 4012 1158 4079 Quinam
1184 4012 1256 4066 illi
1273 4012 1437 4066 sunt?
1463 4011 1562 4079 Qui
1589 4027 1744 4082 agros
1768 4013 2062 4083 possident,

485 4114 540 4158 et
563 4119 629 4158 ex
664 4113 818 4158 terrae
840 4103 1098 4158 fructibus
1123 4103 1375 4158 ditantur.
1421 4105 1558 4171 Quid
1587 4105 1692 4158 illis
1719 4105 1953 4176 iniquius
1981 4122 2065 4160 re-

487 4204 720 4266 periatur
737 4196 762 4248 ?
791 4196 847 4251 Si
870 4196 986 4265 quis
1003 4197 1145 4251 enim
1168 4196 1436 4266 perquirat
1456 4211 1560 4267 quo
1583 4207 1736 4266 pacto
1751 4212 1872 4252 cum
1900 4199 2064 4253 mise-

489 4291 566 4346 ris
589 4289 836 4359 agricolis
861 4303 919 4342 se
944 4296 1130 4357 gerant
1149 4329 1164 4354 ,
1191 4289 1310 4343 illos
1332 4288 1573 4343 barbaris
1602 4289 1942 4344 immaniores
1972 4291 2066 4345 de-

484 4381 800 4453 prehendet.
851 4379 982 4434 Nam
1016 4380 1079 4434 iis
1117 4381 1204 4449 qui
1236 4381 1374 4434 fame
1417 4380 1750 4435 tabescentes
1777 4396 1870 4450 per
1900 4389 2064 4436 totam

489 4475 647 4529 vitam
681 4472 960 4534 laborant,
991 4470 1266 4540 vectigalia
1313 4471 1592 4539 imponunt
1631 4470 1984 4526 intolerabilia
2011 4480 2066 4526 et

486 4575 764 4638 perpetua,
821 4564 1192 4632 laboriosaquc
1235 4563 1548 4630 ministeria,
1598 4564 1752 4633 quasi
1804 4565 1969 4619 asinis
2010 4573 2066 4619 et

487 4659 666 4725 mulis,
696 4659 801 4712 imo
827 4657 978 4727 quasi
1010 4655 1274 4724 lapidibus
1303 4656 1539 4725 ipsorum
1569 4657 1886 4726 corporibus
1912 4667 2066 4713 uten-

487 4761 589 4816 tes,
618 4766 790 4821 neque
816 4750 899 4804 vel
929 4749 1193 4804 tantillum
1223 4750 1488 4818 respirare
1517 4750 1751 4805 sinentes
1771 4791 1785 4813 ,
1833 4750 1926 4803 sed
1954 4751 2066 4805 sive

488 4844 601 4914 agri
654 4842 880 4910 feraces,
911 4842 1025 4898 sive
1068 4842 1276 4897 steriles
1301 4841 1440 4907 sint,
1464 4842 1581 4911 pari
1609 4840 1766 4896 modo
1793 4851 2059 4912 torquent,

489 4949 588 4989 nec
632 4934 719 4988 vel
767 4934 1042 4988 minimum
1082 4933 1251 4988 veniae
1282 4932 1410 5001 ipsis
1439 4932 1770 4998 concedunt;
1802 4949 1906 5002 quo
1939 4933 2064 5002 quid

489 5025 845 5080 miserabilius
875 5023 1054 5089 fuerit,
1081 5023 1296 5095 quando
1325 5033 1432 5078 tota
1461 5023 1636 5078 hieme
1683 5025 1736 5078 in
1791 5024 2063 5080 laboribus

490 5127 755 5172 transacta
777 5159 792 5184 ,
825 5118 1046 5188 frigore,
1083 5117 1341 5172 imbribus
1367 5131 1429 5172 ac
1455 5118 1649 5187 vigiliis
1673 5118 1862 5184 attriti,
1887 5119 2068 5174 vacuis

487 5209 759 5277 manibus,
805 5207 981 5264 adhuc
1027 5208 1299 5264 debitores
1349 5209 1623 5274 recedunt,
1663 5219 2068 5279 procuratorum

491 5309 758 5355 tormenta
778 5341 792 5363 ,
825 5299 1148 5370 raptationes
1173 5340 1190 5366 ,
1219 5299 1531 5355 exactiones
1550 5341 1565 5365 ,
1598 5300 1946 5356 abductiones
1970 5343 1984 5368 ,
2017 5311 2072 5357 et

489 5392 813 5448 inevitabilia
841 5391 1135 5446 ministeria
1161 5390 1332 5462 magis
1367 5393 1647 5457 timentes,
1677 5410 1836 5463 quam
1870 5403 2070 5451 tantam

491 5487 707 5554 famem,
738 5495 1052 5555 tantumque
1080 5484 1447 5556 naufragium?
1469 5485 1597 5554 Quis
1627 5489 1957 5543 euarraverit
1986 5505 2073 5543 ne-

488 5581 805 5651 gotiationes
831 5588 886 5633 et
913 5578 1231 5632 commercia
1260 5593 1380 5648 quae
1406 5594 1501 5649 per
1525 5577 1648 5634 illos
1674 5580 1966 5636 exercent?
1994 5581 2069 5635 Ex

492 5672 730 5740 ipsorum
758 5669 1029 5725 laboribus
1046 5669 1327 5726 toreularia
1345 5681 1398 5726 et
1423 5670 1809 5727 subtorcuiaria
1837 5672 2069 5743 replent,

559 5828 574 5862 ⁸
613 5829 717 5889 Alii,
744 5827 971 5880 dissoluta
995 5825 1245 5892 collo'peia.

1223 396 1278 451 S.
1317 393 1592 450 JOANNIS
1628 388 2098 448 Cl-IRYSOSTOMI
2140 389 2454 450 ARCHIEP.
2497 397 3026 461 CONSTANTINOP.

3659 412 3765 470 ετςη

2188 507 2312 560 dum
2338 526 2439 565 non
2470 513 2651 570 sinunt
2681 518 2824 587 ipsos
2854 523 2934 574 vel
2963 537 3176 591 parvam
3207 537 3511 578 mensuram
3542 524 3758 581 domum

2184 600 2404 665 referre,
2432 606 2525 658 sed
2555 616 2720 662 totum
2749 610 2974 666 fructum
3005 615 3183 685 inique
3209 616 3259 670 in
3287 616 3443 672 doliis
3460 618 3574 673 suis
3593 619 3764 674 inclu-

2187 691 2336 752 dunt,
2368 697 2737 770 modicamque
2768 705 3046 772 pecuniam
3098 721 3192 776 pro
3219 706 3320 762 hac
3344 723 3402 762 re
3441 708 3571 778 ipsis
3597 710 3761 780 proji-

2180 784 2345 838 ciunt.
2377 787 2520 843 Nova
2546 806 2754 863 quoque
2780 800 3083 866 excogitant
3104 816 3277 855 usurae
3304 815 3517 871 genera,
3551 819 3667 872 qua:
3694 819 3761 858 ne

2180 880 2457 947 gentilium
2504 885 2717 954 quidem
2747 888 2952 958 legibus
2977 894 3352 960 permittuntur
3373 937 3386 962 ,
3417 898 3760 967 usurariaque

2179 980 2295 1026 acta
2325 975 2625 1032 rescribunt
2672 983 3020 1048 exsecranda,
3049 985 3240 1055 quibus
3263 1003 3380 1042 non
3411 989 3757 1043 centesimam

2179 1062 2361 1128 sortis,
2395 1065 2488 1119 sed
2520 1066 2791 1124 dimidium
2815 1075 3033 1144 exigunt
3063 1093 3075 1128 :
3108 1085 3161 1130 et
3190 1075 3322 1141 haec,
3351 1094 3471 1132 cum
3502 1080 3566 1145 is,
3594 1094 3625 1133 a
3653 1097 3758 1148 quo

2178 1153 2416 1222 exigunt,
2459 1165 2514 1210 et
2540 1174 2758 1214 uxorem
2809 1172 2864 1218 et
2908 1164 3105 1220 liberos
3150 1168 3295 1234 alat,
3330 1185 3636 1240 pauperque
3665 1173 3754 1236 sit,

2179 1247 2266 1314 qui
2291 1249 2401 1303 suis
2431 1250 2701 1311 laboribus
2727 1265 2782 1311 et
2819 1273 2998 1313 aream
3030 1269 3082 1314 et
3107 1263 3389 1317 toreularia
3423 1264 3624 1333 implet.
3651 1265 3754 1320 Sed

2179 1338 2311 1394 nihil
2343 1342 2530 1398 horum
2561 1349 2811 1417 cogitant.
2841 1351 3018 1418 Quare
3044 1364 3339 1424 opportune
3362 1358 3672 1427 prOphetam
3703 1361 3753 1414 in

2178 1435 2411 1491 medium
2458 1439 2780 1497 adducamus
2811 1437 3098 1512 dicentem,
3127 1445 3449 1519 Obstupesce,
3478 1451 3676 1518 caelum,
3708 1463 3755 1506 et

2178 1531 2425 1598 horresce,
2457 1542 2590 1588 terra
2614 1552 2632 1589 :
2659 1539 2712 1591 in
2741 1549 2991 1608 quantam
3041 1542 3303 1596 feritatem
3351 1560 3520 1613 genus
3567 1545 3754 1598 huma-

2177 1639 2306 1678 num
2333 1628 2610 1697 prorupit?
2633 1628 2752 1684 Haec
2781 1647 2938 1698 porro
2967 1632 3106 1695 dico,
3137 1651 3242 1689 non
3265 1637 3402 1706 quod
3425 1646 3586 1704 artes,
3617 1640 3754 1708 agri-

2176 1716 2436 1769 culturam
2475 1727 2528 1772 et
2553 1720 2792 1774 militiam
2822 1723 3092 1790 crimincr,
3117 1728 3211 1781 sed
3257 1743 3355 1782 nos
3400 1728 3564 1798 ipsos.
3619 1730 3749 1784 Nam

2177 1806 2457 1863 Cornelius
2482 1812 2725 1866 centurio
2753 1825 2899 1881 erat,
2925 1827 2978 1870 et
3006 1817 3197 1873 Paulus
3223 1823 3501 1887 coriarius,
3534 1834 3588 1876 et
3634 1832 3753 1893 post

2177 1902 2608 1970 praedicationem
2637 1916 2750 1961 arte
2776 1923 2868 1961 sua
2902 1910 3188 1977 utebatur;
3217 1925 3269 1968 et
3292 1915 3453 1968 David
3483 1931 3574 1970 rex
3602 1928 3748 1982 erat;

2173 1991 2274 2048 Job
2318 2009 2448 2048 vero
2489 1997 2775 2051 multorum
2814 1999 3132 2068 prmdiorum
3163 2002 3430 2067 dominus,
3459 2006 3752 2060 innumeris

2176 2084 2450 2141 fruebatur
2477 2088 2761 2154 reditibus,
2786 2093 2976 2160 quibus
3005 2093 3135 2146 nihil
3156 2094 3344 2148 horum
3372 2096 3749 2165 impedimento

2175 2179 2272 2232 fuit
2299 2178 2367 2234 ad
2393 2181 2639 2236 virtutem
2675 2183 2972 2237 colendam.
3030 2185 3154 2240 Hinc
3183 2187 3358 2256 itaque
3387 2189 3561 2242 omnia
3602 2190 3748 2257 cogi-

2175 2277 2348 2325 tantes
2377 2311 2392 2334 ,
2421 2271 2711 2343 decemque
2736 2276 2898 2329 millia
2930 2277 3126 2332 talenta
3150 2279 3202 2332 in
3231 2288 3460 2334 mentem
3492 2297 3748 2335 revocan-

2173 2371 2275 2430 tes,
2311 2363 2432 2421 binc
2484 2365 2767 2421 incitemur
2813 2380 2873 2422 ut
2917 2386 3080 2439 pauca
3124 2371 3211 2426 illa
3265 2380 3319 2427 et
3364 2373 3483 2427 vilia
3509 2374 3750 2444 proximo

2174 2458 2526 2514 remittamus.
2573 2460 2703 2514 Nam
2753 2462 2987 2516 rationes
3019 2463 3170 2518 nobis
3196 2463 3749 2523 reddendaeeruntde

2173 2554 2455 2619 praeceptis
2499 2554 2652 2608 nobis
2707 2554 2930 2620 traditis,
2973 2569 3072 2609 nec
3123 2557 3415 2625 poterimus
3447 2600 3461 2621 ,
3497 2559 3748 2629 quidquid

2174 2641 2386 2695 tandem
2433 2642 2717 2709 faciamus,
2749 2646 2929 2699 omnia
2976 2647 3299 2715 persolvere.
3345 2650 3568 2717 Ideoque
3600 2651 3748 2704 nobis

2175 2734 2315 2789 Deus
2341 2736 2478 2792 viam
2508 2737 2719 2794 facilem
2749 2741 2978 2808 aperuit,
3012 2757 3110 2810 qua
3143 2743 3319 2795 omnia
3346 2743 3554 2798 solvere
3576 2744 3748 2812 possi-

2173 2843 2313 2893 mus,
2342 2829 2662 2884 oblivionem
2690 2831 2811 2886 dico
2837 2831 3170 2901 injuriaruzn.
3203 2833 3270 2888 Ut
3293 2835 3450 2903 igitur
3473 2835 3598 2888 illud
3631 2850 3748 2904 pro-

2173 2919 2240 2974 be
2257 2921 2544 2987 discamus,
2573 2921 2852 2978 audiamus
2879 2923 3018 2978 ultra
3043 2925 3310 2994 progressi
3341 2926 3642 2994 parabolam
3673 2935 3749 2979 to-

2172 3021 2299 3067 tam.
2340 3013 2550 3068 Oblatus
2588 3026 2679 3080 est,
2709 3017 2851 3072 enim
2871 3058 2886 3082 ,
2914 3017 3112 3086 inquit,
3143 3034 3271 3072 unus
3298 3021 3386 3086 qui
3421 3019 3622 3072 debebat
3673 3021 3749 3074 illi

2171 3109 2340 3160 decem
2367 3108 2529 3162 millia
2556 3109 2765 3163 talenta.
2785 3108 2906 3164 Non
2931 3110 3138 3164 [tabente
3165 3122 3330 3164 autem
3361 3111 3451 3164 illo
3478 3116 3610 3165 unde
3635 3113 3747 3166 red-

2171 3200 2327 3265 deret,
2361 3201 2517 3269 jussit
2565 3218 2677 3254 eunt
2720 3203 2886 3268 vendi,
2918 3215 2964 3257 et
2990 3219 3198 3256 uxorem
3228 3207 3354 3273 ejus,
3379 3213 3423 3257 et
3443 3205 3595 3272 ﬁlios.
3641 3205 3748 3259 Cur

2174 3308 2389 3346 uxorem
2409 3295 2630 3364 quzcso?
2652 3295 2764 3350 Non
2793 3311 2862 3351 ex
2887 3295 3198 3350 crudelitate
3219 3296 3299 3349 vel
3327 3296 3708 3352 inhumanitate
3730 3319 3742 3352 :

2172 3402 2292 3439 nam
2325 3386 2375 3440 in
2402 3386 2545 3456 aliud
2583 3387 2958 3443 detrimentum
3002 3387 3295 3453 incidisset,
3325 3404 3444 3443 cum
3477 3405 3607 3444 uxor
3631 3390 3746 3458 ejus

2171 3492 2224 3535 et
2271 3482 2387 3551 ipsa
2428 3497 2583 3537 serva
2631 3491 2800 3548 esset;
2847 3483 2943 3538 sed
2991 3499 3055 3538 ex
3085 3482 3337 3538 ineffabili
3386 3483 3740 3553 providentia.

2173 3571 2295 3627 Vult
2322 3573 2464 3629 enim
2491 3573 2637 3628 illum
2667 3575 2755 3628 tali
2782 3574 3196 3628 comminatione
3227 3575 3660 3642 perterrefacere,
3689 3581 3746 3628 ut

2169 3667 2236 3721 ad
2261 3665 2664 3736 supplicandum
2710 3665 3003 3733 induceret,
3033 3681 3101 3720 ne
3140 3665 3478 3719 venderetur.
3524 3665 3577 3720 Si
3605 3666 3744 3720 enim

2172 3770 2389 3837 propter
2411 3760 2647 3815 debitum
2673 3760 2724 3813 id
2750 3759 2996 3824 fecisset,
3027 3775 3133 3813 non
3160 3761 3434 3814 annuisset
3471 3759 3585 3829 ejus
3610 3762 3746 3830 peti-

2174 3855 2324 3916 tioni,
2369 3869 2541 3922 neque
2577 3853 2801 3924 gratiam
2844 3851 3099 3908 dedisset.
3146 3850 3252 3905 Cur
3295 3866 3424 3922 ergo
3466 3861 3744 3922 antequam

2171 3950 2404 4004 rationes
2445 3948 2581 4002 datae
2613 3955 2792 4002 essent
2817 3946 3054 4001 debitum
3097 3961 3206 3999 non
3237 3944 3472 3999 dimisit?
3498 3943 3568 4000 Ut
3591 3945 3745 3998 doce-

2171 4025 2255 4098 ret
2297 4051 2492 4112 quanto
2539 4043 2711 4111 ipsum
2754 4041 2932 4097 debito
2973 4039 3300 4104 absolveret;
3329 4048 3390 4093 ut
3425 4038 3524 4093 hac
3545 4040 3746 4092 ratione

2172 4136 2262 4191 ille
2287 4133 2641 4204 indulgentior
2660 4134 2800 4188 circa
2827 4147 3143 4188 conservum
3174 4139 3335 4185 esset.
3355 4130 3411 4185 Si
3440 4130 3581 4184 enim
3605 4138 3747 4198 post-

2171 4241 2330 4297 quam
2371 4225 2534 4280 debiti
2575 4211 2992 4295 magnitudinem
3032 4221 3236 4288 didicit,
3269 4231 3324 4276 et
3369 4220 3636 4291 ingentem
3665 4236 3746 4274 re-

2173 4318 2505 4384 missionem,
2535 4331 2850 4371 conservum
2893 4329 3044 4369 suum
3087 4323 3192 4367 tam
3233 4328 3420 4383 aspere
3466 4313 3612 4384 egit:
3646 4312 3746 4366 nisi

2173 4413 2319 4465 illum
2347 4410 2541 4464 talibus
2563 4409 2810 4464 remediis
2835 4408 2981 4476 prius
3003 4405 3290 4469 lenivisset,
3315 4420 3418 4475 quo
3442 4420 3544 4462 non
3565 4405 3746 4460 crude-

2175 4503 2336 4557 litatis
2362 4515 2704 4570 processurus
2729 4501 2875 4556 erat?
2903 4499 3038 4568 Quid
3063 4499 3220 4570 igitur
3249 4498 3377 4554 ille?
3410 4497 3510 4552 26..
3535 4497 3746 4550 Patien-

2175 4596 2294 4647 tiam
2339 4594 2466 4647 habe
2493 4597 2546 4648 in
2585 4609 2686 4657 me,
2711 4603 2754 4645 et
2783 4593 2952 4645 omnia
2995 4591 3200 4644 reddam
3239 4591 3345 4644 tibi.
3385 4589 3474 4644 27.
3515 4589 3748 4644 Misenus

2174 4696 2339 4739 autem
2374 4685 2607 4738 dominus
2640 4683 2767 4738 servi
2796 4683 2952 4745 illius,
2982 4681 3170 4735 dimisit
3194 4698 3328 4743 eum,
3360 4692 3405 4736 et
3432 4681 3652 4735 debitum
3675 4683 3750 4734 di-

2175 4777 2306 4829 misit
2331 4777 2395 4830 ei.
2423 4774 2668 4829 Vidistin’
2695 4789 2902 4828 rursum
2933 4773 3268 4842 benignitatis
3298 4772 3751 4843 magnitudinem?

2181 4869 2490 4922 Dilationem
2547 4875 2746 4920 tantum
2792 4865 3004 4934 petebat
3052 4878 3271 4930 servus;
3319 4864 3407 4918 ille
3453 4879 3580 4917 vero
3632 4863 3752 4932 plus

2179 4975 2338 5028 quam
2366 4960 2577 5029 petebat
2599 4959 2880 5021 concessit,
2898 4957 3265 5012 remissionem
3291 4958 3446 5011 totius
3471 4957 3633 5011 debiti
3674 4967 3750 5010 at-

2179 5067 2284 5120 que
2324 5050 2555 5104 veniam.
2605 5049 2685 5102 Ab
2712 5048 2861 5102 initio
2889 5063 3078 5118 nempe
3103 5047 3232 5102 dare
3271 5048 3514 5112 volebat,’
3533 5047 3627 5101 sed
3659 5063 3751 5100 no-

2181 5145 2321 5200 lebat
2347 5145 2544 5198 donum
2571 5159 2634 5196 ex
2664 5157 2721 5197 se
2761 5151 2924 5195 totum
2956 5157 3075 5195 esse
3095 5184 3110 5207 ,
3137 5142 3233 5197 sed
3258 5141 3375 5210 ejus
3410 5140 3753 5210 supplicatio-

2179 5253 2299 5292 nem
2360 5236 2726 5302 intervenire,
2778 5249 2845 5289 ne
2899 5235 3239 5290 incoronatus
3284 5234 3373 5288 ille
3431 5233 3749 5288 discederet.

2176 5329 2328 5398 Quod
2354 5337 2528 5384 tamen
2570 5337 2734 5382 totum
2761 5341 2826 5381 ex
2858 5327 2967 5380 Deo
2992 5342 3131 5391 esse,
3160 5327 3369 5382 etiamsi
3393 5326 3481 5381 ille
3510 5340 3750 5395 procum-

2179 5424 2313 5477 bens
2357 5421 2766 5491 supplicaverit,
2809 5435 2968 5474 causa
3016 5420 3377 5475 concessionis
3419 5417 3751 5474 declaravit:

2181 5515 2417 5569 Misertus
2459 5516 2622 5581 cnim,
2650 5515 2835 5585 inquit,
2876 5513 3074 5568 dimisit
3101 5514 3199 5567 illi.
3244 5514 3492 5566 Attamen
3518 5512 3595 5566 sic
3622 5526 3750 5580 quo.

2182 5624 2285 5678 que
2329 5607 2538 5662 volebat
2587 5616 2646 5661 ut
2683 5607 2773 5661 ille
2817 5606 3012 5675 aliquid
3057 5605 3303 5660 conferre
3352 5605 3639 5667 videretur,
3691 5617 3752 5658 ne

2184 5700 2348 5755 nimio
2370 5699 2671 5755 afficeretur
2717 5697 2955 5769 pudore;
2987 5707 3150 5769 utque
3193 5699 3406 5769 propria
3453 5698 3757 5753 calamitate

2187 5791 2456 5847 institutus
2476 5835 2488 5858 ,
2523 5791 2797 5862 indulgens
2823 5804 3086 5846 conservo
3117 5789 3274 5845 foret.
