4140 6376
409 378 511 440 593

476 498 531 553 4.
565 495 822 552 Parabola
860 488 1257 551 misericordium
1301 496 1551 549 consecuti
1592 505 1641 548 et
1688 503 1861 563 postea
1894 510 1986 547 ne-

406 590 572 662 gantis
596 597 977 644 commentatur.
1006 616 1078 627 -—-
1102 586 1385 657 [lucusque
1426 601 1555 656 ergo
1585 586 1673 639 ille
1722 585 1893 639 bonus
1937 594 1991 638 et

406 690 660 748 acceptus
688 678 816 733 fuit:
849 695 969 733 nam
992 677 1267 733 confessus
1292 686 1376 734 est
1396 688 1451 733 et
1482 677 1727 747 promisit
1752 691 1810 730 se
1833 675 1988 730 dehi-

407 781 517 826 tnm
540 772 868 825 redditurum
898 787 1041 837 esse,
1066 771 1312 841 procidit,
1331 780 1385 824 et
1409 771 1632 840 rogavit,
1653 784 1746 823 sua
1775 779 1989 839 peccata

408 862 704 927 damnavit,
737 862 1012 931 debitique
1034 861 1447 931 magnitudinem
1475 861 1725 931 agnovit:
1757 860 1853 916 sed
1872 877 1990 930 qua:

406 964 698 1023 sequuntur
723 954 931 1024 indigna
953 955 1215 1024 prioribus
1232 963 1375 1008 sunt.
1393 955 1649 1024 Egressus
1671 954 1874 1020 statim,
1894 968 1993 1008 nec

404 1047 575 1100 multo
590 1047 775 1117 elapso
796 1055 1058 1116 tempore,
1081 1045 1175 1101 sed
1195 1046 1396 1110 statim,
1416 1062 1535 1100 cum
1559 1060 1799 1115 praesens
1818 1046 1992 1100 adhuc

403 1137 723 1193 beneficium
759 1148 939 1206 esset,
976 1139 1154 1205 dono,
1184 1154 1389 1193 necnon
1418 1138 1664 1194 libertate
1700 1152 1730 1192 a
1770 1137 1989 1192 domino

403 1231 502 1285 sibi
530 1245 786 1286 concessa
809 1230 875 1285 ad
903 1231 1191 1299 nequitiam
1222 1245 1349 1285 usus
1369 1238 1470 1285 est.
1493 1229 1583 1284 28.
1612 1228 1738 1283 Cum
1759 1229 1993 1282 invenis—-

404 1333 475 1375 set
515 1323 658 1379 enim
704 1339 862 1376 unum
888 1338 951 1377 ea:
996 1323 1244 1376 conservis
1268 1364 1283 1385 ,
1329 1322 1414 1390 qui
1444 1320 1649 1375 debebat
1676 1320 1753 1373 illi
1791 1328 1991 1375 centum

406 1414 643 1467 denarios
667 1455 682 1480 ,
714 1412 995 1480 stt/locabat
1042 1431 1154 1468 eum
1187 1414 1396 1468 dicens:
1425 1413 1603 1468 Redde
1644 1417 1779 1481 quod
1819 1412 1985 1465 debes.

411 1503 656 1558 Vidistin’
696 1504 896 1559 dotuini
946 1504 1403 1559 misericordiam?
1433 1503 1661 1557 vidistin'
1681 1503 1822 1558 servi
1863 1518 1987 1555 crn-

407 1595 676 1650 dclitatcm
699 1596 721 1649 ?
745 1596 938 1650 Audite
962 1597 1049 1665 qui
1096 1611 1195 1666 pro
1224 1597 1460 1665 pecuniis
1491 1595 1605 1650 hmc
1631 1594 1825 1649 facitis.
1855 1594 1987 1647 Cum

406 1689 547 1743 enim
576 1703 673 1756 pro
702 1689 931 1758 peccatis
955 1688 1005 1743 id
1031 1705 1135 1743 non
1171 1688 1330 1743 liceat
1357 1687 1564 1751 facere,
1592 1695 1792 1757 quanto
1814 1685 1989 1741 minus

405 1794 502 1850 pro
527 1781 815 1851 pecuniis?
841 1780 975 1847 Quid
1016 1781 1174 1851 igitur
1212 1780 1343 1835 ille?
1384 1780 1475 1835 29.
1520 1778 1827 1833 Putientiam
1864 1777 1990 1831 Itabe

406 1872 458 1924 in
483 1888 579 1935 me,
603 1882 649 1925 et
669 1873 839 1925 omnia
864 1872 1073 1926 reddam
1096 1873 1201 1926 tibi.
1230 1871 1321 1926 Ille
1344 1887 1473 1926 vero
1496 1887 1561 1925 ne
1586 1871 1746 1925 verba
1774 1869 1987 1940 quidem

406 1965 670 2017 reveritus
701 1971 807 2027 est,
836 1977 932 2034 per
955 1980 1072 2032 qua:
1102 1962 1215 2033 ipse
1236 1971 1479 2017 servatus
1509 1962 1697 2017 fuerat.
1725 1962 1855 2015 Nam
1876 1962 1989 2031 ipso

406 2053 489 2109 his
526 2054 681 2110 dictis
710 2070 738 2107 a
770 2054 955 2109 decem
987 2054 1210 2108 millium
1244 2054 1566 2109 talentorum
1611 2053 1793 2109 debito
1831 2053 1988 2107 abso-

405 2144 549 2202 lutus
574 2158 657 2202 est
680 2164 691 2199 :
724 2162 821 2201 nec
845 2157 1053 2218 portum
1078 2146 1345 2217 cognovit,
1370 2161 1465 2216 per
1478 2160 1636 2216 quem
1656 2144 1986 2214 naufragium

406 2238 713 2309 effugisset:
745 2254 843 2294 nec
871 2238 1276 2310 supplicationis
1303 2238 1493 2292 modus
1521 2237 1720 2291 domini
1749 2236 1988 2307 benigni-

405 2342 565 2388 tatem
596 2334 650 2387 in
678 2340 914 2387 mentem
967 2331 1068 2400 ipsi
1115 2330 1422 2395 revocavit;
1471 2328 1566 2384 sed
1597 2329 1689 2383 illa
1714 2329 1892 2382 omnia
1920 2344 1989 2384 ex

403 2425 621 2479 avaritia
648 2466 663 2490 ,
691 2423 1012 2478 crudelitate
1039 2431 1094 2478 et
1136 2422 1333 2477 duritie
1374 2420 1632 2491 abjiciens
1673 2436 1737 2475 ex
1766 2420 1946 2475 animo
1968 2460 1983 2487 ,

404 2517 515 2572 fera
546 2517 731 2588 quavis
755 2517 949 2571 suavius
976 2530 1294 2570 conservum
1325 2513 1635 2569 sulfoeabat.
1667 2514 1804 2581 Quid
1832 2511 1984 2579 facis,

402 2624 435 2663 ο
466 2609 662 2664 homo?
693 2624 796 2663 non
816 2608 984 2664 sentis
1009 2649 1025 2675 ,
1072 2619 1130 2662 ut
1157 2608 1385 2678 teipsum
1430 2607 1663 2676 decipias
1686 2648 1701 2671 ,
1750 2605 1984 2676 gladium

403 2710 589 2755 contra
622 2709 674 2755 te
700 2700 883 2770 adigas
907 2741 922 2765 ,
954 2714 1017 2754 ac
1046 2698 1364 2755 sententiam
1395 2698 1701 2768 donumque
1730 2698 1987 2754 revoces?

402 2792 505 2847 Sed
537 2792 665 2846 nihil
694 2791 881 2847 horttm
909 2792 1200 2862 cogitavit,
1230 2806 1329 2846 nec
1353 2805 1530 2845 rerum
1556 2806 1770 2845 suarum
1800 2805 1984 2846 recor-

402 2883 558 2939 datus
598 2893 713 2949 est,
748 2898 921 2952 neque
948 2883 1111 2938 cessit
1149 2883 1405 2937 omnino:
1434 2898 1754 2952 quamquam
1782 2898 1887 2937 non
1917 2882 1986 2939 de

401 2978 616 3047 paribus
645 2977 958 3047 supplicatio
972 2987 1106 3032 erat.
1128 2975 1225 3031 llic
1241 2991 1471 3047 namque
1501 2991 1597 3045 pro
1617 2975 1800 3031 decem
1828 2975 1987 3030 milli-

403 3070 501 3126 bus
530 3072 763 3138 talentis,
788 3072 875 3127 ille
904 3088 1002 3141 pro
1029 3085 1241 3127 centum
1269 3073 1504 3127 denariis
1534 3072 1878 3141 precabatur;
1898 3073 1985 3129 ille

403 3177 718 3218 conservum
742 3204 757 3231 ,
790 3163 877 3218 hic
922 3164 1238 3229 dominum;
1272 3164 1359 3218 hic
1385 3164 1672 3233 perfectam
1709 3164 1983 3220 remissio-

404 3271 525 3310 nem
551 3256 775 3324 accepit,
810 3255 897 3309 ille
918 3254 1228 3309 dilationem
1263 3254 1512 3324 petebat:
1545 3264 1592 3309 et
1620 3272 1682 3308 ne
1705 3255 1845 3308 illam
1867 3254 1981 3325 qui-

403 3348 513 3401 dem
540 3348 621 3401 hic
644 3349 884 3401 concessit
907 3347 1025 3401 illi:
1049 3346 1136 3402 30.
1170 3345 1236 3401 In
1265 3363 1512 3400 carcerem
1541 3348 1682 3402 enim
1702 3347 1985 3401 illumcon-

404 3440 537 3511 fecit.
574 3440 662 3493 51.
704 3437 936 3493 Videntes
959 3448 1127 3493 autem
1150 3439 1393 3502 conservi,
1424 3448 1812 3494 accusaverunt
1833 3439 1980 3494 illum

402 3529 539 3599 apud
563 3528 861 3593 dominum,
897 3528 1193 3598 dominoque
1219 3527 1552 3583 retulerunt’.
1574 3529 1650 3584 Ne
1675 3528 1981 3584 hominibus

402 3622 613 3691 quidem
642 3619 744 3674 hoc
772 3618 1029 3687 placebat,
1051 3619 1244 3674 nedum
1272 3619 1534 3678 Deo.Uua
1549 3620 1983 3694 ergocontrista-

402 3710 442 3762 ti
461 3718 588 3763 sunt
600 3712 683 3764 vel
706 3710 777 3763 illi
800 3710 890 3780 qui
922 3710 1051 3764 nihil
1070 3710 1354 3765 debebant.
1375 3708 1509 3778 Quid
1541 3726 1670 3781 ergo
1694 3710 1979 3766 dominus?

402 3799 491 3855 εἰ.
539 3799 694 3855 Serve
718 3817 931 3872 nequam
954 3799 976 3830 ⁸
996 3841 1012 3869 ,
1039 3818 1186 3856 omne
1224 3802 1444 3856 debitum
1486 3803 1614 3856 illud
1660 3803 1826 3856 dimisi
1855 3802 1977 3868 tibi,

400 3892 516 3961 quia
561 3893 750 3961 rogasti
793 3910 891 3947 me.
939 3893 1025 3948 53.
1073 3891 1260 3947 Nonne
1320 3895 1540 3964 oportuit
1581 3903 1630 3948 et
1671 3904 1717 3948 te
1756 3895 1981 3949 misereri

400 3987 622 4039 conservi
644 3987 737 4050 tui,
759 3986 886 4040 sicut
906 3997 952 4039 et
981 4002 1071 4057 ego
1092 3986 1163 4039 tui
1186 3987 1415 4041 misertus
1433 4003 1545 4040 sum
1567 3986 1592 4039 ?
1614 3986 1744 4043 Vide
1765 4003 1977 4042 rursum

400 4076 858 4132 mansuetudinem
885 4075 1105 4131 domini.
1122 4075 1256 4132 Cum
1277 4076 1368 4132 illo
1385 4077 1585 4147 judicio
1607 4078 1904 4146 contendit,
1925 4089 1980 4134 et

399 4185 521 4225 sese
554 4178 775 4241 purgat,
798 4170 997 4224 donum
1023 4179 1370 4225 revocaturus
1395 4187 1410 4233 ;
1438 4170 1546 4225 imo
1579 4186 1708 4227 vero
1733 4187 1836 4226 non
1864 4172 1978 4242 ipse

400 4262 688 4328 revocavit,
718 4263 810 4317 sed
846 4262 888 4316 is
913 4263 1000 4333 qui
1029 4272 1325 4333 acceperat.
1356 4261 1481 4318 Ideo
1508 4263 1671 4319 dicit:
1707 4262 1867 4319 Omne
1885 4265 1978 4319 de-

398 4358 555 4409 bitum
581 4355 711 4409 illud
736 4356 903 4410 dimisi
924 4356 1012 4409 tibi
1035 4396 1051 4421 ,
1078 4356 1196 4421 quia
1216 4356 1405 4426 rogasti
1423 4372 1520 4409 me.
1547 4356 1732 4410 Nonne
1757 4359 1978 4428 oportuit

398 4455 445 4499 et
474 4456 521 4499 te
546 4447 770 4500 misereri
813 4448 1036 4501 conservi
1077 4446 1193 4500 tui?
1222 4446 1332 4501 Etsi
1377 4446 1524 4501 enim
1560 4462 1842 4502 onerosum
1884 4449 1976 4503 tibi

398 4538 659 4605 videatur,
680 4547 735 4593 at
756 4538 992 4609 oportuit
1017 4538 1083 4592 ad
1111 4538 1313 4592 lucrum
1344 4538 1609 4607 respicere
1629 4538 1735 4608 jatn
1757 4538 1973 4606 factum,

398 4638 455 4684 et
480 4628 545 4684 ad
572 4629 826 4685 futurum.
860 4628 928 4684 Et
950 4629 994 4683 si
1025 4643 1312 4684 onerosum
1356 4628 1426 4683 sit
1453 4638 1776 4698 praeceptum
1795 4671 1812 4695 ,
1839 4645 1975 4700 pne-

401 4721 564 4773 mium
592 4720 826 4790 cogitare
854 4719 1091 4789 oportuit
1113 4736 1128 4782 ;
1150 4728 1308 4789 atque
1327 4718 1382 4773 in
1406 4728 1588 4773 mente
1610 4734 1843 4786 versare,
1869 4736 1973 4775 non

398 4811 539 4880 quod
570 4810 665 4865 ille
690 4809 785 4865 tibi
808 4810 1061 4864 damnum
1090 4810 1302 4875 inferat,
1332 4809 1425 4865 sed
1453 4810 1594 4880 quod
1622 4810 1785 4865 Deum
1809 4821 1863 4865 tn
1894 4811 1975 4866 of-

400 4900 606 4967 fendas,
635 4917 791 4971 quem
818 4901 1045 4971 simplici
1067 4901 1369 4970 precatione
1393 4901 1635 4970 placasti.
1658 4903 1723 4956 Et
1744 4902 1787 4957 si
1814 4904 1972 4959 etiam

398 4992 479 5048 sic
510 4992 603 5047 tibi
626 5007 912 5048 onerosum
941 4992 1174 5059 videtur,
1204 4992 1248 5046 si
1281 5000 1332 5047 te
1356 4991 1599 5048 latdentis
1626 4993 1829 5049 amicus
1856 5000 1969 5061 tias,

398 5084 554 5153 longe
581 5084 794 5154 gravius
820 5086 922 5139 erit
960 5083 1012 5138 in
1039 5083 1338 5155 gehennam
1372 5084 1609 5140 incidere
1635 5103 1648 5139 :
1676 5096 1731 5140 et
1769 5087 1814 5141 si
1845 5086 1973 5142 illud

398 5175 496 5244 ipsi
525 5175 818 5242 retulisses,
843 5185 969 5231 tunc
986 5174 1350 5246 cognovisses,
1375 5176 1426 5230 id
1452 5177 1619 5230 multo
1647 5175 1815 5232 levius
1830 5192 1971 5233 esse.

400 5268 465 5321 Et
489 5282 608 5322 cum
636 5266 803 5321 millia
829 5268 1026 5322 talenta
1055 5266 1313 5333 deberet,
1342 5267 1483 5321 Deus
1509 5283 1613 5323 non
1634 5270 1837 5324 vocavit
1864 5285 1973 5324 ma-

399 5357 546 5423 lum,
578 5372 678 5413 nec
717 5357 908 5427 injuria
947 5356 1159 5423 all‘ecit,
1193 5358 1289 5413 sed
1318 5359 1568 5413 misertus
1612 5368 1695 5414 est
1722 5378 1736 5414 :
1763 5361 1974 5430 quando

397 5461 572 5503 autem
602 5451 741 5505 circa
784 5465 1104 5507 conservum
1148 5449 1394 5504 immanis
1434 5449 1653 5506 ell‘ectus
1687 5460 1808 5518 est,
1850 5460 1975 5507 tunc

397 5540 551 5609 dicit,
579 5540 735 5595 Serve
760 5557 993 5612 nequam.
1017 5541 1231 5607 Audite,
1254 5542 1398 5595 avari
1423 5559 1438 5608 ;
1472 5556 1593 5596 nam
1618 5556 1715 5598 vos
1741 5542 1855 5598 hmo
1889 5558 1975 5598 re-

464 5697 486 5768 ι.
503 5696 636 5768 litae,
663 5696 954 5768 dominoque
980 5697 1264 5768 retulerunt,
1285 5712 1395 5762 quae
1433 5698 1483 5751 in
1522 5702 1674 5754 Savil.
1702 5710 1753 5755 et
1782 5698 1980 5768 optimis

398 5757 537 5805 codd.
566 5759 763 5815 absunt,
787 5758 835 5809 in
862 5757 1037 5811 Graeco
1059 5757 1332 5810 omisimus.

461 5820 482 5851 ³
503 5821 623 5881 Alii,
654 5822 801 5872 Serve
823 5834 1031 5889 nequam
1051 5827 1095 5870 et
1118 5819 1301 5885 ignare.

1390 378 1454 434 IN
1491 372 1892 436 MA'I‘TlIIEUll
1929 372 2157 433 I-IOMIL.
2196 378 2330 436 LXI.
2371 380 2443 437 al.
2483 380 2640 440 LXII.

3582 393 3684 451 595

2097 494 2351 563 spiciunt.
2378 498 2594 564 Audite,
2610 500 3058 559 immisericorch
3081 512 3135 559 et
3158 504 3424 573 crudeles,
3454 524 3548 565 vos
3578 528 3682 567 non
3741 517 3744 521 ’

2096 588 2216 644 aliis
2243 606 2366 645 esse
2389 593 2635 650 crudeles
2660 635 2675 659 ,
2707 595 2801 649 sed
2828 597 2978 651 vobis
3005 598 3150 666 ipsis.
3176 598 3307 653 Cum
3334 616 3463 672 ergo
3494 604 3683 658 volue-

2095 681 2170 735 ris
2211 682 2428 752 injurias
2462 684 2515 739 in
2546 697 2778 742 mentem
2808 704 3090 755 revocare,
3115 692 3344 761 cogitate
3371 704 3555 748 contra
3598 705 3681 750 tc-

2097 772 2268 840 ipsum
2300 774 2416 828 illas
2447 791 2704 831 revocare
2727 820 2741 842 ,
2777 794 2879 833 non
2910 793 3091 834 contra
3122 782 3316 847 alium;
3346 792 3396 837 te
3427 792 3513 837 tua
3554 800 3681 853 pec-

2095 871 2213 916 cata
2258 864 2513 935 colligere
2534 908 2549 931 ,
2579 882 2685 921 non
2736 869 2983 937 proximi.
3015 869 3093 924 Tu
3142 871 3354 941 quidem
3380 915 3394 938 ,
3426 874 3679 943 quidquid

2096 963 2280 1008 contra
2310 955 2457 1010 illum
2488 958 2601 1027 agis
2621 1001 2634 1023 ,
2663 969 2720 1012 ut
2743 960 2899 1014 homo
2921 961 3064 1031 agis,
3087 971 3141 1016 et
3170 963 3221 1016 in
3249 966 3498 1032 prtrsenti
3530 966 3629 1019 vita
3661 982 3677 1031 ;

2097 1046 2239 1102 Deus
2268 1063 2396 1103 vero
2424 1066 2527 1104 non
2559 1053 2656 1117 sic,
2688 1054 2780 1108 sed
2805 1054 2989 1121 majori
3018 1067 3069 1109 te
3097 1064 3151 1110 ct
3174 1068 3375 1111 :cterno
3403 1057 3510 1112 illic
3550 1074 3676 1127 sup-

2097 1139 2253 1209 plicio
2275 1140 2471 1196 afﬁciet
2497 1160 2511 1195 :
2536 1158 2657 1196 nam
2689 1145 2762 1198 ait
2795 1165 2808 1199 :
2836 1145 2925 1200 5i.
2958 1143 3193 1199 Tradidit
3219 1163 3333 1201 eum
3362 1147 3633 1203 tortoribus
3656 1190 3673 1215 ,

2095 1229 2254 1283 donec
2292 1246 2439 1285 autne
2482 1231 2705 1287 debitum
2736 1235 3079 1302 persolveret;
3120 1236 3171 1291 id
3213 1246 3328 1303 est,
3374 1248 3676 1308 perpetuo;

2096 1337 2381 1391 numquam
2423 1327 2563 1377 enim
2594 1325 2782 1379 solvet.
2815 1326 2946 1393 Quia
2975 1343 3039 1381 ex
3072 1325 3330 1382 beneficio
3356 1344 3461 1383 non
3493 1331 3671 1385 melior

2093 1415 2348 1482 evasisti,
2381 1432 2542 1471 unmn
2587 1418 2940 1488 relinquitur,
2976 1427 3034 1473 nt
3054 1420 3313 1490 supplicio
3353 1421 3677 1477 emenderis.

2094 1506 2242 1562 Licet
2261 1509 2465 1578 gratiae,
2489 1519 2542 1563 et
2568 1510 2707 1564 dona
2740 1511 2831 1565 Dei
2860 1513 2975 1566 sine
2996 1511 3303 1582 pmnitentia
3332 1512 3436 1567 sint
3457 1528 3471 1568 :
3496 1523 3548 1566 at
3573 1524 3687 1566 tan-

2095 1607 2203 1652 tmu
2235 1600 2400 1654 valuit
2435 1602 2664 1669 nequitia
2691 1641 2707 1666 ,
2759 1611 2817 1656 ut
2852 1601 2991 1657 hanc
3029 1602 3199 1672 legem
3246 1603 3497 1658 solveret.
3539 1601 3675 1671 Quid

2092 1708 2219 1761 ergo
2250 1693 2560 1762 injuriarum
2589 1695 2959 1750 recordatione
3001 1696 3235 1752 deterius
3258 1737 3275 1762 ,
3316 1712 3435 1763 qute
3475 1695 3673 1751 donum

2093 1784 2331 1838 divinum
2358 1786 2463 1840 tale
2486 1801 2549 1841 ac
2571 1795 2772 1840 tantum
2805 1797 3053 1843 evertere
3085 1788 3294 1858 possit?
3319 1787 3500 1858 Neque
3526 1789 3675 1843 illum

2092 1876 2426 1946 simpliciter,
2474 1879 2566 1933 sed
2592 1880 2759 1934 iratus
2800 1880 3036 1935 tradidit.
3083 1881 3309 1947 Quando
3348 1882 3489 1937 enim
3516 1882 3676 1951 jussit

2093 1969 2242 2023 illum
2266 1970 2445 2037 vendi,
2471 1987 2578 2026 non
2606 1971 2723 2026 irati
2740 1972 2902 2027 verba
2928 1980 3118 2037 erant;
3152 1972 3271 2028 ideo
3298 1988 3405 2028 non
3434 1972 3484 2027 id
3515 1974 3633 2028 fecit
3657 1992 3673 2038 ;

2090 2060 2184 2115 sed
2212 2059 2309 2114 hoc
2332 2062 2546 2116 occasio
2574 2061 2790 2131 grandis
2818 2062 3195 2117 misericordia:
3222 2062 3354 2117 fuit:
3384 2077 3524 2117 nunc
3548 2077 3676 2117 vero

2093 2150 2470 2220 indignationis
2499 2168 2701 2223 magna:
2727 2154 2990 2208 sententia
3019 2162 3118 2219 est,
3143 2153 3385 2223 supplicii
3410 2165 3567 2224 atque
3592 2156 3674 2209 ul-

2092 2243 2270 2299 tionis.
2299 2244 2435 2311 Quid
2461 2260 2589 2315 ergo
2615 2244 2714 2299 sibi
2744 2247 2853 2299 vult
2878 2246 3167 2316 parabola?
3194 2247 3281 2302 35.
3316 2246 3406 2301 Sic
3426 2248 3562 2301 vobis
3590 2250 3673 2319 fa-

2090 2334 2184 2386 ciet
2231 2332 2390 2389 Pater
2434 2352 2571 2390 meus
2596 2375 2612 2401 ,
2660 2337 2828 2406 inquit
2852 2378 2867 2401 ,
2896 2337 2991 2390 nisi
3020 2338 3310 2391 remiseritis
3336 2340 3675 2408 unusquisque

2091 2426 2242 2494 fratri
2269 2442 2361 2479 suo
2388 2426 2451 2479 de
2478 2428 2631 2481 corde
2657 2439 2817 2482 vestro
2846 2438 3053 2498 peccata
3080 2429 3327 2498 ipsorum.
3358 2428 3473 2483 Non
3503 2430 3634 2483 dixit
3655 2472 3671 2491 ,

2091 2516 2248 2572 Pater
2294 2528 2507 2581 vester;
2562 2517 2695 2584 sed,
2745 2517 2902 2572 Pater
2953 2535 3110 2573 meus.
3155 2518 3271 2573 Non
3302 2519 3442 2573 enim
3483 2520 3675 2590 digitus

2088 2618 2174 2663 est
2201 2609 2278 2663 sic
2307 2610 2579 2680 improbus
2606 2619 2661 2665 et
2688 2609 3007 2666 inhumanus
3028 2652 3046 2678 ,
3076 2611 3165 2682 qui
3195 2611 3361 2666 Deum
3393 2622 3545 2667 vocet
3570 2612 3670 2666 Pa-

2091 2710 2244 2756 trem.

2160 2796 2213 2849 5.
2251 2796 2361 2849 Duo
2388 2795 2547 2865 igitur
2576 2794 2663 2850 hic
2693 2794 2901 2864 qumril,
2926 2803 2984 2848 ut
3011 2805 3225 2864 peccata
3253 2804 3432 2850 nostra
3454 2794 3672 2849 damne-

2089 2902 2229 2950 mus,
2252 2898 2306 2941 et
2326 2886 2443 2949 aliis
2467 2888 2840 2951 remittamus;
2873 2895 2927 2941 et
2952 2886 3054 2942 hoc
3080 2896 3300 2956 propter
3326 2887 3477 2954 illud,
3506 2901 3564 2942 ut
3594 2888 3669 2941 fa-

2087 2980 2241 3033 cilius
2280 2978 2407 3033 illud
2432 2979 2501 3032 sit
2535 2978 2681 3047 (nam
2708 2978 2799 3048 qui
2827 2979 3023 3047 cogitat
3054 2989 3267 3047 peccata
3308 2992 3401 3032 sua
3428 3019 3443 3043 ,
3483 2978 3673 3033 indul-

2086 3071 2294 3141 gentior
2326 3071 2428 3124 erit
2455 3067 2791 3138 conservo);
2823 3083 2995 3137 neque
3032 3069 3206 3124 solum
3236 3083 3331 3123 ore
3353 3110 3368 3134 ,
3392 3069 3483 3122 sed
3510 3068 3673 3125 corde

2087 3163 2460 3219 dimittendum
2487 3171 2590 3226 est,
2621 3176 2689 3217 ne
2716 3170 2901 3217 contra
2924 3176 3021 3216 nos
3043 3161 3276 3232 gladium
3304 3161 3576 3232 adigamus
3601 3162 3672 3216 ob

2088 3256 2401 3327 injuriarum
2447 3254 2782 3309 memoriam.
2823 3252 2960 3321 Quid
2998 3255 3139 3308 enim
3173 3254 3265 3307 tibi
3301 3262 3505 3307 tantum
3545 3254 3669 3307 mali

2087 3349 2264 3404 intulit
2286 3348 2377 3419 qui
2417 3346 2638 3402 oll'cndit
2658 3347 2676 3379 ⁸
2699 3388 2715 3414 ,
2755 3355 3009 3417 quantum
3038 3345 3131 3400 tibi
3160 3345 3323 3400 infers
3345 3386 3361 3410 ,
3390 3360 3509 3400 cum
3534 3347 3667 3400 iram

2084 3440 2264 3495 animo
2304 3454 2486 3494 versas
2506 3478 2522 3504 ,
2550 3447 2604 3494 et
2641 3438 2958 3493 sententiam
3002 3438 3093 3493 Dei
3125 3446 3177 3492 te
3202 3437 3543 3493 damnantem
3574 3438 3667 3492 tibi

2082 3532 2312 3587 attrahis
2332 3532 2356 3583 ‘t
2379 3529 2513 3585 Nam
2542 3529 2587 3584 si
2615 3538 2670 3583 tu
2692 3528 2878 3599 vigiles
2903 3538 2956 3583 et
2976 3527 3363 3598 philosopheris
3382 3568 3397 3592 ,
3431 3528 3481 3583 in
3507 3537 3669 3596 caput

2083 3625 2223 3680 illius
2254 3624 2447 3677 malum
2480 3629 2772 3691 torquetur,
2802 3630 2855 3675 et
2881 3620 2924 3675 is
2950 3620 3063 3689 ipse
3088 3623 3190 3674 erit
3216 3621 3303 3690 qui
3331 3619 3470 3674 male
3495 3621 3665 3690 patie-

2083 3725 2204 3770 tur:
2253 3715 2336 3768 sin
2375 3722 2429 3767 tu
2479 3726 2791 3782 perseveres
2837 3710 3062 3765 moleste
3088 3719 3143 3765 et
3170 3711 3402 3781 graviter
3444 3710 3661 3775 ferens,

2081 3806 2230 3862 solus
2255 3806 2507 3860 damnum
2536 3803 2740 3859 referes
2758 3843 2776 3868 ,
2811 3818 2914 3857 non
2940 3803 3008 3857 ab
3032 3802 3127 3857 illo
3149 3845 3165 3871 ,
3194 3802 3287 3857 sed
3313 3818 3342 3856 a
3372 3803 3562 3873 teipso.
3588 3803 3668 3860 Ne

2081 3896 2278 3950 dixeris
2309 3910 2458 3965 ergo,
2489 3895 2571 3949 Me
2595 3894 2917 3948 contumelia
2944 3892 3150 3960 all‘ecit,
3183 3892 3532 3948 calumniatus
3559 3905 3662 3957 est,

2082 3987 2360 4042 innumera
2402 3986 2581 4039 intulit
2620 3984 2797 4040 mala:
2834 3994 3034 4053 quanto
3062 3984 3207 4039 enim
3247 3985 3396 4054 plura
3421 3984 3619 4040 dixeris
3644 4022 3667 4051 ν

2083 4091 2230 4135 tanto
2275 4077 2442 4150 magis
2473 4080 2770 4134 beneficum
2815 4077 2961 4132 illum
3010 4076 3271 4133 ostendis.
3314 4077 3661 4133 Occasionem

2081 4174 2275 4243 quippe
2302 4172 2396 4226 tibi
2425 4171 2571 4226 dedit
2596 4181 2811 4241 peccata
2860 4169 3200 4239 deponendi;
3246 4171 3316 4224 ita
3360 4179 3418 4224 ut
3461 4179 3668 4240 quanto

2081 4266 2250 4333 magis
2278 4273 2329 4318 te
2356 4262 2553 4317 laeserit
2577 4303 2591 4327 ,
2623 4269 2769 4316 tanto
2795 4260 3052 4331 majorem
3081 4269 3422 4331 peccatorum
3454 4262 3545 4316 tibi
3579 4276 3663 4316 re-

2079 4356 2388 4411 missionem
2432 4354 2756 4414 conciliabit.
2795 4354 2927 4410 Nam
2970 4354 3013 4409 si
3057 4354 3316 4421 velimus,
3365 4371 3522 4411 nemo
3563 4371 3664 4412 nos

2080 4450 2277 4505 Iazdere
2315 4448 2510 4519 poterit
2537 4448 2617 4519 (a)
2648 4466 2661 4502 :
2692 4448 2783 4503 sed
2810 4456 2863 4504 et
2901 4448 3001 4518 ipsi
3025 4449 3220 4504 inimici
3253 4449 3402 4503 nobis
3425 4451 3661 4507 maxime

2078 4553 2320 4613 prosunt.
2352 4541 2557 4612 Ecquid
2587 4541 2656 4597 de
2699 4541 3005 4597 hominibus
3031 4541 3264 4611 loquor?
3304 4542 3422 4612 Ipso
3447 4542 3663 4598 diabolo

2078 4637 2204 4708 quid
2244 4635 2551 4691 sceleratius
2578 4635 2703 4691 est?
2740 4637 2985 4690 Attamen
3012 4635 3079 4689 ab
3113 4635 3208 4690 illo
3245 4650 3489 4705 magnam
3522 4635 3660 4691 bene

2077 4728 2268 4800 agendi
2296 4728 2631 4783 occasionem
2662 4736 2999 4789 mutuamur,
3026 4735 3085 4781 ut
3110 4726 3211 4782 Job
3231 4728 3557 4796 comprobat.
3600 4726 3661 4784 Si

2078 4834 2240 4890 porro
2275 4819 2517 4874 diabolus
2545 4817 2756 4873 occasio
2782 4829 2864 4873 est
2901 4834 3238 4885 coronarum,
3268 4833 3365 4873 cur
3386 4820 3659 4875 inimicum

2078 4912 2274 4967 times?
2302 4910 2437 4966 Vide
2469 4919 2665 4982 quanta
2695 4910 2917 4966 lucreris
2937 4953 2952 4975 ,
2985 4910 3111 4965 dum
3154 4910 3489 4965 inimicorum
3537 4928 3657 4966 mo-

2077 5005 2257 5060 lestias
2284 5002 2393 5060 fers
2431 5006 2711 5075 patienter.
2740 5003 2918 5058 Primo
2948 5003 3160 5074 quidem
3184 5043 3202 5069 ,
3232 5002 3284 5057 id
3310 5003 3449 5073 quod
3479 5006 3655 5060 maxi-

2078 5112 2222 5152 mum
2250 5105 2370 5162 est,
2409 5105 2743 5165 peccatorum
2772 5095 3177 5161 remissionem;
3205 5095 3439 5150 secundo
3479 5112 3661 5167 perse-

2078 5189 2367 5243 verantiam
2398 5197 2450 5243 et
2496 5187 2802 5258 patientiam
2829 5226 2844 5248 ,
2893 5188 3085 5250 tertio,
3118 5189 3576 5244 mansuetudinem
3604 5200 3660 5245 et

2079 5280 2477 5351 benignitatem.
2505 5278 2606 5347 Qui
2630 5278 2771 5333 enim
2797 5279 2967 5333 nescit
2992 5279 3146 5333 irasci
3172 5279 3426 5334 adversus
3455 5295 3546 5335 eos
3565 5282 3660 5351 qui

2080 5388 2140 5428 se
2184 5370 2501 5437 offendunt,
2546 5369 2715 5423 multo
2740 5369 2908 5439 magis
2951 5384 3074 5439 erga
3112 5368 3315 5425 amicos
3356 5371 3498 5425 mitis
3536 5372 3658 5425 erit.

2079 5465 2309 5534 Quarto,
2338 5461 2481 5531 quod
2502 5476 2715 5531 semper
2742 5462 2817 5515 ira
2849 5461 2999 5515 vacui
3027 5461 3215 5527 simus,
3244 5462 3329 5516 cui
3360 5461 3498 5516 bono
3528 5462 3661 5518 nihil

2142 5574 2354 5648 1._Savil.,
2380 5572 2504 5635 Quid
2525 5572 2655 5624 enim
2676 5573 2877 5637 oﬂ‘ensor
2908 5570 2996 5623 tibi
3022 5577 3207 5625 ttattum
3229 5572 3345 5626 mall
3368 5571 3549 5638 inferre
3572 5588 3659 5640 po-

2078 5642 2217 5769 εεῗιξ)
2250 5696 2473 5769 solemne
2495 5696 2676 5769 dictum
2720 5697 3061 5769 Chrysostgmi,
3110 5705 3255 5769 Nemo
3298 5696 3496 5769 (tegitur
3510 5699 3661 5769 uisio

2275 5768 2374 5820 Qua
2394 5760 2460 5812 do
2481 5772 2539 5810 re
2563 5760 2737 5810 librum
2756 5757 2925 5810 edidit.
2944 5757 3161 5823 V.supra
3184 5767 3331 5811 'l'omo
3352 5762 3400 5821 5,
3426 5764 3518 5812 col.
3552 5763 3662 5813 559-
