4140 6376
478 362 584 420 595

483 502 581 556 par
607 500 727 541 esse
755 485 941 555 possit.
974 482 1105 538 Nam
1151 483 1243 552 qui
1274 494 1560 550 numquam
1600 477 1850 532 irascitur
1870 517 1884 539 ,
1917 473 2065 529 nullo

485 594 718 635 maerore
748 579 1022 647 premitur,
1054 585 1114 630 ut
1142 575 1399 645 liquidum
1422 582 1524 637 est,
1554 587 1731 641 neque
1758 572 1918 624 vitam
1945 577 2066 638 aget

482 672 534 725 in
573 673 720 724 vanis
766 670 1034 724 laboribus
1087 666 1510 734 doloribusque:
1563 664 1653 732 qui
1693 663 1836 716 enim
1887 661 2066 714 odisse

483 762 673 826 nescit,
698 775 797 815 nec
823 760 1010 814 dolore
1031 757 1278 822 afﬁcitur,
1299 756 1393 811 sed
1414 755 1618 811 deliciis
1644 753 1894 823 milleque
1912 752 2065 806 bonis

481 854 688 906 fruitur.
715 851 893 920 Itaque
917 865 1014 904 nos
1032 850 1175 917 ipsos
1194 847 1455 916 supplicio
1480 845 1761 908 allicimus,
1783 842 1908 896 dum
1931 841 2065 895 alios

469 946 605 1000 odio
635 945 929 1008 habemus;
957 943 1093 997 sicut
1120 949 1176 996 et
1215 940 1369 994 nobis
1399 937 1653 993 beneﬁcia
1695 934 2022 990 conferimus
2044 975 2058 998 ,

479 1036 604 1090 dum
649 1036 938 1104 diligimus.
987 1034 1066 1086 Ad
1115 1037 1265 1097 lucc,
1309 1029 1625 1085 venerabilis
1665 1029 1793 1098 ipsis
1837 1025 2064 1079 inimicis

479 1129 586 1183 eris
609 1169 624 1191 ,
657 1127 865 1181 etiamsi
891 1126 1164 1179 daemones
1193 1132 1373 1177 essent
1397 1140 1412 1187 ;
1440 1122 1548 1175 imo
1570 1121 1744 1190 p0tius
1763 1159 1778 1184 ,
1811 1119 1853 1172 si
1894 1117 1962 1169 ita
1991 1117 2064 1169 sis

479 1221 698 1276 affectus
721 1262 736 1286 ,
771 1233 928 1274 nemo
960 1219 1052 1272 tibi
1095 1217 1343 1271 inimicus
1371 1216 1473 1270 erit
1501 1234 1514 1270 :
1565 1213 1700 1283 quod
1743 1221 1918 1264 autem
1939 1225 2061 1263 om-

480 1316 626 1368 nium
671 1313 958 1367 maximum
989 1311 1327 1380 primumque
1357 1318 1438 1362 est
1461 1349 1474 1371 ,
1505 1307 1600 1362 Dei
1641 1303 2062 1360 misericordiam

483 1408 573 1461 tibi
605 1405 862 1460 attrahis:
893 1413 1053 1474 atque
1079 1401 1284 1457 etiamsi
1320 1399 1640 1470 peccaveris,
1663 1397 1870 1450 veniam
1899 1397 2066 1463 impe-s

479 1499 684 1561 trabis;
735 1497 780 1551 si
819 1497 955 1551 bene
986 1495 1158 1565 egeris
1202 1493 1460 1562 majorem
1506 1503 1748 1544 assumes
1795 1486 2060 1540 ﬁduciam.

479 1590 611 1644 Illud
635 1605 760 1660 ergo
789 1603 1155 1656 assequamur,
1185 1585 1450 1640 neminem
1484 1583 1605 1636 odio
1637 1580 1853 1645 habere,
1885 1587 1942 1632 ut
1967 1591 2064 1631 nos

479 1684 621 1739 Deus
646 1692 824 1736 amet:
855 1690 913 1735 ut
934 1680 1140 1735 etiamsi
1161 1678 1346 1733 decem
1371 1677 1594 1730 millium
1628 1675 1947 1728 talentorum
1978 1670 2063 1724 de-

480 1778 680 1832 hitores
718 1776 914 1839 simus,
944 1773 1110 1827 nostri
1143 1772 1482 1826 misereatur.
1507 1767 1611 1823 Sed
1638 1767 1795 1821 lmsus
1821 1763 1967 1818 fuisti
1996 1763 2062 1817 ab

479 1869 618 1925 illo?
644 1869 894 1924 Miserare
925 1867 1073 1921 illutn
1101 1907 1115 1929 ,
1161 1879 1260 1919 nec
1301 1863 1427 1918 odio
1457 1862 1652 1915 habeas
1677 1876 1692 1925 ;
1722 1861 1843 1930 luge
1874 1858 2018 1912 illum
2043 1897 2058 1919 ,

480 1977 580 2016 nec
609 1961 890 2014 averseris.
925 1959 1037 2013 Non
1066 1958 1208 2012 enim
1232 1964 1285 2009 tu
1311 1954 1578 2010 offendisti
1611 1954 1798 2017 Deum,
1823 1950 1916 2006 sed
1938 1949 2058 2014 ille;

479 2061 536 2106 tu
580 2066 710 2106 vero
748 2050 912 2118 probe
961 2065 1072 2104 rem
1113 2047 1362 2118 gessisti,
1404 2046 1449 2099 si
1481 2045 1741 2115 patienter
1771 2043 1974 2096 tuleris.
2005 2041 2061 2095 In

479 2152 709 2198 mentem
742 2156 952 2203 revoca,
983 2140 1287 2203 Christum,
1319 2153 1437 2193 cum
1465 2146 1607 2192 esset
1633 2134 2020 2206 cruciﬁgendus
2045 2174 2062 2196 .

480 2251 576 2304 pro
604 2235 781 2304 seipso
810 2233 1052 2303 gavisum
1079 2275 1092 2299 ,
1126 2243 1178 2285 et
1203 2247 1301 2302 pro
1331 2231 1763 2299 cruciﬁgentibus
1804 2230 2064 2299 lacryma-

478 2339 588 2382 tum
614 2327 798 2382 fuisse.
837 2327 926 2381 Sic
955 2340 1052 2379 nos
1099 2333 1310 2394 oportet
1353 2337 1472 2378 esse
1497 2321 1751 2377 affectos:
1793 2329 1846 2375 et
1866 2329 2063 2390 quanto

479 2422 649 2492 magis
695 2421 972 2485 laedimur,
1014 2426 1162 2472 tanto
1197 2416 1364 2486 magis
1390 2415 1647 2470 debemus
1670 2429 1768 2468 nos
1809 2413 2062 2467 laedentes

477 2515 698 2569 deﬂere.
730 2511 892 2566 Nobis
931 2511 1072 2564 enim
1106 2509 1269 2563 multa
1301 2507 1426 2562 inde
1464 2507 1603 2562 bona
1634 2505 1930 2568 accedunt;
1958 2504 2063 2558 illis

478 2621 608 2661 vero
637 2615 843 2659 contra.
893 2601 997 2658 Sed
1028 2616 1206 2656 coram
1237 2599 1483 2654 omnibus
1512 2599 1850 2653 contumeliis
1887 2597 2065 2651 affecit

483 2709 540 2754 et
565 2696 901 2752 verberavit?
922 2694 1062 2763 Ergo
1083 2708 1262 2747 coram
1284 2691 1530 2747 omnibus
1556 2706 1674 2745 sese
1697 2689 1994 2758 deturpavit
2011 2697 2064 2743 et

479 2787 849 2844 dehonestavit
873 2828 886 2851 ,
919 2796 972 2840 et
999 2784 1143 2838 mille
1177 2792 1542 2837 accusatorum
1570 2797 1661 2835 ora
1683 2783 1920 2850 aperuit,
1950 2783 2064 2850 plu-

481 2896 674 2949 resque
694 2878 787 2932 tibi
815 2877 990 2931 texuit
1009 2889 1234 2929 coronas
1260 2915 1273 2938 ,
1303 2874 1498 2928 multos
1521 2875 1789 2941 patientiae
1813 2883 1913 2927 tuac
1935 2889 2064 2943 prae-

481 2987 644 3028 cones
669 2971 901 3039 collegit.
930 2967 1034 3023 Sed
1061 2965 1199 3035 apud
1230 2965 1362 3020 alios
1385 2981 1468 3019 me
1494 2964 1847 3019 calumniatus
1873 2973 1974 3019 est.
2000 2966 2063 3020 Et

480 3065 605 3136 quid
631 3065 731 3120 hoc
754 3105 767 3125 ,
797 3078 916 3118 cum
949 3063 1090 3116 Deus
1120 3061 1188 3114 sit
1221 3059 1290 3114 de
1318 3059 1401 3113 his
1431 3060 1662 3114 rationes
1689 3059 2019 3128 expetiturus
2042 3101 2057 3124 ,

482 3173 588 3211 non
615 3164 791 3210 autem
833 3154 907 3209 illi
933 3155 1020 3223 qui
1047 3151 1372 3207 audierunt?
1410 3151 1521 3205 Sibi
1550 3165 1780 3220 namque
1807 3151 1904 3220 ipsi
1933 3167 2061 3219 sup-

481 3250 622 3319 plicii
661 3261 873 3301 causam
897 3245 1133 3309 curavit,
1160 3253 1216 3297 ut
1245 3258 1348 3296 non
1379 3241 1539 3296 modo
1566 3242 1634 3297 de
1672 3242 1782 3295 suis
1811 3241 2019 3296 delictis
2044 3283 2056 3307 ,

1193 358 1247 412 S.
1293 355 1570 413 JOANNIS
1603 353 2074 411 CHRYSOSTOMI
2115 355 2433 413 ARCIIIEP.
2475 360 3009 417 CONSTANTINOI’.

3650 370 3753 425 596

2177 475 2268 530 sed
2297 477 2362 530 de
2389 478 2453 532 iis
2484 480 2641 532 etiam
2664 521 2676 542 ,
2707 495 2827 548 quze
2867 489 3049 534 contra
3080 495 3138 532 se
3165 479 3412 549 loquutus
3441 492 3521 537 est
3545 523 3560 548 ,
3590 488 3739 541 ratio-

2172 585 2295 622 nem
2317 571 2385 624 sit
2407 571 2727 626 redditurus.
2762 573 2835 627 'l'e
2858 573 2947 627 ille
2977 573 3116 643 apud
3138 573 3380 629 homines
3404 575 3754 634 calumniatus

2171 671 2252 716 est
2271 705 2284 729 ,
2313 664 2426 731 ipse
2449 679 2578 718 vero
2602 665 2741 733 apud
2775 666 2936 719 Dcmn
2965 675 3048 720 est
3073 676 3371 720 accusatus.
3411 666 3465 722 Si
3493 683 3622 722 vero
3641 667 3752 725 haec

2173 754 2264 808 tibi
2297 770 2400 815 non
2424 755 2530 808 sint
2560 757 2710 819 satis,
2740 757 2912 825 cogita
2943 757 3222 810 Dominum
3255 773 3470 827 quoque
3491 767 3638 813 tuum
3660 775 3740 815 ca-

2171 847 2382 901 lumniis
2408 848 2701 915 impetitum
2726 848 2910 913 fuisse,
2935 858 2988 903 et
3008 864 3038 902 a
3062 859 3244 903 satana
3265 850 3405 904 etab
3423 850 3747 918 hominibus,

2169 947 2329 1007 atque
2355 939 2492 1007 apud
2515 953 2608 992 eos
2638 954 2770 1008 quos
2800 940 3030 993 maxime
3051 939 3339 1010 diligebat;
3374 942 3513 996 illius
3542 957 3752 1012 quoque

2169 1030 2480 1096 Unigenitus
2527 1031 2789 1084 similiter.
2832 1031 2956 1086 Ideo
3003 1032 3248 1087 dicebat:
3286 1033 3345 1086 Si
3379 1043 3571 1104 patrem
3601 1036 3752 1106 fami-

2170 1123 2263 1175 lias
2285 1123 2558 1175 Beelzebub
2588 1132 2908 1186 vocaverunt,
2948 1125 3102 1177 multo
3133 1125 3293 1194 magis
3322 1125 3617 1180 domesticos
3641 1129 3752 1196 ejus

2171 1213 2380 1284 (Matth.
2409 1215 2494 1270 10.
2517 1215 2632 1285 9.5).
2665 1215 2845 1282 Neque
2889 1216 3059 1270 solum
3097 1218 3446 1273 calumniatus
3489 1219 3637 1274 illum
3669 1231 3752 1276 est

2167 1306 2429 1375 malignus
2481 1305 2721 1371 daemon,
2751 1306 2845 1360 sed
2895 1307 3023 1361 ﬁdes
3061 1307 3136 1361 illi
3176 1308 3409 1363 adhibita
3451 1319 3570 1364 est:
3599 1312 3748 1366 calu-

2168 1399 2506 1467 mniatusque
2528 1408 2628 1462 est,
2649 1413 2754 1451 non
2777 1398 2842 1452 de
2863 1398 3021 1452 rebus
3038 1399 3207 1464 nihili,
3227 1399 3320 1454 sed
3337 1400 3402 1454 de
3421 1401 3624 1471 magnis
3645 1404 3746 1456 cri-

2168 1489 2419 1544 minibus.
2445 1489 2577 1544 Nam
2614 1499 2668 1544 et
2707 1491 3089 1545 dznmoniacum
3132 1492 3279 1546 illum
3306 1495 3544 1561 vocavit,
3576 1506 3628 1550 ct
3656 1496 3749 1551 dc-

2167 1590 2440 1649 ceptorem
2473 1590 2528 1635 et
2547 1581 2658 1635 Deo
2684 1583 3066 1637 adversarium.
3095 1582 3165 1636 At
3186 1592 3462 1654 postquam
3493 1585 3746 1642 beneficia

2167 1674 2438 1729 contulisti
2462 1716 2476 1739 ,
2512 1675 2649 1730 male
2683 1691 2868 1744 passus
2889 1676 2992 1730 es?
3021 1675 3250 1745 Ideoque
3276 1678 3506 1734 maxime
3543 1696 3641 1750 pro
3661 1681 3744 1735 in-

2162 1768 2357 1837 juriam
2389 1769 2648 1824 inferente
2673 1769 2796 1840 Iuge
2821 1813 2836 1834 ,
2868 1785 2964 1839 pro
2995 1770 3164 1838 teipso
3188 1771 3378 1839 gaude,
3411 1773 3532 1842 quia
3561 1776 3747 1830 similis

2171 1861 2277 1916 Deo
2303 1862 2469 1915 fartus
2495 1877 2552 1917 es
2578 1904 2591 1927 ,
2624 1862 2724 1928 Qui
2747 1863 2903 1916 solem
2933 1880 3078 1916 suum
3107 1862 3231 1914 oriri
3258 1867 3380 1938 facit
3403 1883 3555 1937 super
3586 1869 3747 1922 malos

2167 1965 2214 2007 et
2237 1954 2391 2009 bonos
2419 1955 2631 2024 (Matth.
2657 1958 2710 2010 5.
2743 1957 2856 2026 45).
2890 1958 3041 2026 Quod
3068 1961 3111 2014 si
3141 1961 3306 2016 Deum
3351 1962 3544 2016 imitari
3585 1979 3743 2032 supra

2164 2046 2306 2101 vires
2333 2055 2449 2101 tuas
2473 2062 2592 2102 esse
2615 2048 2888 2104 videatur:
2917 2066 3232 2121 quamquam
3275 2053 3512 2108 studioso
3549 2054 3600 2108 id
3641 2069 3744 2109 non

2166 2138 2384 2194 difﬁcile
2410 2140 2479 2192 sit
2505 2158 2517 2192 :
2542 2149 2772 2194 attamen
2791 2141 2833 2194 si
2863 2141 2912 2195 id
2936 2142 3027 2196 tibi
3052 2143 3328 2197 sublimius
3353 2159 3472 2199 esse
3487 2144 3744 2211 videatur,

2165 2244 2282 2299 age,
2313 2238 2364 2284 te
2391 2229 2455 2284 ad
2483 2245 2770 2286 conservos
2799 2231 3054 2288 ducamus
3078 2252 3091 2289 :
3115 2235 3181 2288 ad
3200 2234 3512 2304 Josephum,
3542 2237 3631 2306 qui
3662 2237 3746 2292 in-

2167 2338 2383 2377 numera
2427 2339 2654 2392 passus,
2704 2324 2896 2381 fratres
2947 2341 3073 2382 suos
3116 2327 3394 2382 beneficiis
3439 2329 3648 2394 affecit;
3681 2332 3747 2386 ad

2168 2414 2406 2486 Moysen,
2440 2415 2530 2484 qui
2559 2425 2679 2484 post
2708 2415 2856 2471 mille
2881 2417 3124 2485 insidias,
3156 2434 3253 2487 pro
3280 2419 3478 2474 Judaeis
3503 2433 3747 2490 precatus

2165 2518 2246 2561 est
2272 2523 2286 2565 :
2320 2506 2385 2560 ad
2417 2506 2629 2561 beatum
2653 2508 2898 2574 Paulum,
2928 2510 3015 2578 qui
3045 2525 3164 2580 quae
3186 2526 3374 2579 passus
3394 2513 3584 2566 abillis
3607 2522 3747 2568 esset

2165 2613 2480 2652 enumerare
2507 2614 2611 2652 non
2654 2607 2894 2668 poterat,
2926 2610 2978 2655 et
3009 2609 3184 2655 tamen
3215 2603 3431 2670 optabat
3458 2605 3739 2658 anathema

2165 2704 2284 2744 csse
2311 2691 2534 2759 prolillis
2561 2691 2733 2760 (Rom.
2761 2692 2814 2745 9.
2839 2692 2989 2763 5);ad
3019 2692 3348 2766 Stephanum
3375 2697 3467 2766 qui
3487 2697 3747 2767 lapidatus

2165 2792 2262 2846 est,
2289 2791 2343 2836 et
2367 2784 2573 2852 rogavit
2601 2792 2660 2836 ttt
2702 2784 2802 2839 hoc
2834 2795 3109 2852 peccatum
3155 2787 3520 2842 remitteretur
3548 2789 3646 2843 eis.
3681 2788 3748 2843 Et

2167 2872 2279 2927 hazc
2297 2874 2471 2926 omnia
2499 2875 2756 2944 cogitans,
2789 2875 2920 2929 iram
2940 2891 3154 2931 omnem
3178 2876 3331 2946 ejice,
3357 2887 3412 2932 ut
3433 2879 3570 2933 Deus
3591 2879 3741 2932 nobis

2166 2965 2342 3018 omnia
2374 2975 2587 3033 peccata
2606 2967 2862 3030 remittat,
2891 2969 3056 3036 gratia
3081 2969 3512 3024 etmisericordia
3542 2970 3746 3024 Domini

2166 3057 2335 3112 nostri
2363 3057 2488 3112 Jesu
2515 3057 2750 3124 Christi,
2781 3060 2995 3128 quicum
3034 3059 3178 3114 Patri
3208 3069 3262 3115 et
3299 3059 3519 3130 Spiritui
3565 3072 3746 3115 sancto

2164 3151 2352 3222 gloria,
2377 3151 2677 3220 imperium,
2701 3151 2894 3221 honor,
2923 3167 3062 3208 nunc
3081 3161 3137 3208 et
3158 3168 3392 3224 semper,
3407 3155 3534 3210 etin
3557 3155 3746 3210 saecula

2167 3243 2506 3298 saeculorum.
2535 3244 2728 3297 Amen.

1671 3452 2016 3513 HOMILIA
2060 3451 2255 3510 LXII.
2303 3452 2386 3512 al.
2424 3451 2648 3513 LXIII.

479 3586 604 3641 Car.
640 3585 724 3640 I9.
755 3599 810 3638 v.
842 3585 891 3637 I.
920 3582 985 3636 Et
1012 3586 1201 3654 factum
1228 3590 1299 3634 est
1322 3621 1336 3646 ,
1367 3595 1479 3632 cum
1525 3587 1915 3632 consummasset
1968 3576 2062 3630 Je-

548 3693 633 3729 sus
661 3676 752 3729 hos
779 3689 1050 3739 sermones,
1078 3671 1307 3742 migravit
1333 3687 1362 3723 a
1390 3667 1624 3734 Galilwa,
1651 3678 1695 3722 et
1716 3669 1845 3720 venit
1866 3669 1917 3720 in
1938 3667 2062 3735 ﬁnes

547 3769 579 3822 ιι
589 3769 744 3822 adma:
770 3779 909 3820 trans
935 3765 1234 3819 Jordanem.
1488 3749 1503 3769 ³

549 3865 602 3915 1.
646 3860 779 3915 Cum
819 3858 888 3912 ob
929 3859 1135 3913 illorum
1176 3855 1424 3910 invidiam
1473 3853 1780 3920 frequenter
1822 3849 2063 3905 Jutlream

479 3953 796 4022 reliquisset,
824 3966 962 4004 nunc
985 3949 1194 4003 tandem
1225 3949 1276 4001 in
1303 3963 1365 4002 ea
1393 3947 1724 4009 immoratur,
1749 3943 1869 4014 quia
1898 3959 2063 4012 prope

478 4054 594 4098 erat
615 4043 873 4113 passionis
896 4051 1104 4110 tempus
1128 4058 1140 4093 :
1162 4055 1258 4094 nec
1281 4048 1456 4092 tamen
1479 4037 1863 4106 Jerosolymam
1885 4050 2064 4088 ascen-

480 4135 577 4203 dit,
609 4135 700 4190 sed
735 4136 785 4188 in
817 4134 1008 4187 ﬁnibus
1041 4132 1238 4187 Judteae
1272 4142 1533 4186 versatur.
1574 4130 1640 4183 Et
1679 4129 1977 4183 venientem
2005 4125 2060 4180 2.

483 4227 723 4298 δεᾳαιιιω
746 4235 862 4278 sunt
888 4241 1000 4278 eum
1028 4225 1185 4278 turba:
1211 4224 1383 4278 multa:
1401 4265 1415 4289 ,
1448 4233 1495 4276 et
1524 4223 1716 4276 curavit
1741 4239 1843 4276 eos.
1880 4220 2063 4289 Neque

480 4317 736 4372 doctrinae
766 4315 1068 4379 tradendm,
1102 4330 1273 4385 neque
1303 4313 1466 4384 signis
1491 4313 1710 4368 edendis
1736 4327 1948 4382 semper
1977 4312 2062 4365 in-

481 4408 717 4474 cumbit;
746 4408 839 4463 sed
870 4407 1028 4461 modo
1059 4407 1176 4473 hoc,
1210 4406 1368 4461 modo
1398 4406 1524 4460 illud
1551 4406 1675 4475 agit,
1706 4413 1763 4458 ut
1800 4405 1951 4459 saluti
1979 4418 2064 4459 se-

479 4500 752 4572 quentium
783 4509 836 4554 et
866 4499 1177 4554 hrcrcntium
1216 4498 1315 4553 sibi
1346 4497 1488 4551 varie
1517 4496 1841 4567 provideret,
1866 4511 1971 4566 quo
1999 4512 2065 4551 ex

480 4595 644 4664 signis
676 4593 780 4648 ﬁde
817 4593 1008 4663 dignus
1048 4591 1301 4661 magister
1331 4591 1382 4644 in
1415 4591 1478 4644 iis
1507 4605 1625 4660 qua:
1664 4589 1875 4644 dicebat.
1912 4604 2062 4642 com-

482 4687 816 4756 probaretur,
848 4699 912 4737 ex
939 4682 1180 4736 doctrina
1211 4696 1338 4736 vero
1367 4681 1639 4750 signorum
1670 4681 1875 4735 lucrum
1905 4694 2065 4749 auge-

481 4788 581 4832 ret.
612 4776 726 4831 I-Ioc
753 4785 930 4830 autem
958 4783 1074 4830 erat
1109 4774 1229 4827 illos
1268 4772 1332 4827 ad
1374 4772 1468 4827 Dei
1497 4772 1853 4840 cognitionem
1893 4771 2063 4826 addu-

478 4884 619 4925 cere.
657 4867 734 4921 'I'n
771 4883 898 4921 vero
937 4865 1064 4919 mihi
1098 4865 1261 4920 etiam
1300 4863 1426 4917 illttd
1467 4863 1769 4934 perpende,
1799 4863 2066 4932 quomodo

481 4960 664 5027 plebes
715 4959 946 5028 integras
989 4973 1095 5011 uno
1139 4956 1300 5010 verbo
1345 4963 1758 5024 pnetercurrant
1787 4954 2061 5024 discipuli,

481 5067 583 5104 non
611 5050 924 5105 nominatim
947 5048 1180 5118 singulos
1201 5045 1289 5117 qui
1319 5045 1488 5100 sanati
1518 5044 1726 5099 fuerant
1753 5042 2065 5100 referentes.

480 5141 596 5196 Non
629 5141 878 5195 dicebant
902 5140 1065 5205 enim,
1099 5139 1195 5193 Hic
1233 5147 1288 5193 et
1326 5137 1436 5200 hic,
1467 5137 1583 5203 sed,
1615 5136 1784 5202 Multi,
1815 5136 2068 5190 docentes

481 5245 538 5304 ut
568 5250 597 5288 a
633 5234 772 5288 fastu
798 5248 1096 5288 caveamus.
1130 5231 1363 5287 Sanabat
1387 5240 1562 5285 autem
1594 5229 1840 5286 Christus
1870 5240 1927 5282 ut
1965 5230 2070 5284 illis

485 5325 850 5387 bcnefaceret,
880 5338 942 5376 ac
974 5339 1066 5391 per
1106 5323 1225 5375 illos
1270 5320 1387 5374 aliis
1430 5320 1630 5374 multis.
1661 5319 1792 5373 Nam
1821 5321 1945 5373 dum
1979 5320 2012 5372 ii
2039 5335 2067 5372 a

486 5416 686 5470 morbis
713 5421 1061 5473 curarentur,
1093 5412 1211 5465 aliis
1243 5412 1357 5466 haec
1395 5412 1604 5466 occasio
1632 5420 1747 5464 erat
1768 5453 1784 5476 ,
1815 5420 1875 5465 ut
1904 5411 2070 5466 Deum

485 5515 906 5579 cognoscerent;
936 5505 1029 5560 sed
1062 5520 1164 5559 non
1192 5505 1475 5559 Phariszcis
1500 5521 1513 5570 ;
1549 5507 1654 5558 imo
1683 5505 1753 5558 illi
1791 5513 2070 5575 propterea

487 5602 654 5672 magis
680 5599 992 5664 eﬁ‘erantur,
1023 5607 1075 5650 et
1101 5597 1359 5651 accedunt
1385 5596 1449 5650 ad
1476 5611 1594 5650 eum
1625 5595 1862 5650 tentandi
1888 5612 2068 5651 causa.

487 5694 622 5762 Quia
665 5693 806 5748 enim
853 5705 971 5762 qua:
1015 5690 1149 5744 facta
1190 5687 1400 5744 fuerant
1431 5703 1621 5758 capere
1653 5705 1756 5742 non
1788 5698 2030 5758 poterant
2054 5729 2068 5753 ,

488 5784 818 5853 problemata
849 5781 949 5853 ipsi
991 5789 1316 5852 proponunt.
1346 5779 1476 5836 Nam
1505 5779 1818 5836 accedentes
1853 5778 1918 5834 ad
1953 5794 2072 5836 cum

2171 3585 2224 3630 et
2256 3584 2518 3630 tentantes
2542 3575 2788 3630 dicebant
2810 3594 2822 3628 :
2846 3577 2898 3631 3.
2925 3577 2983 3631 Si
3011 3578 3122 3632 licet
3147 3579 3336 3633 homini
3360 3598 3669 3651 quaeautque
3691 3601 3749 3638 ea:

2169 3685 2320 3722 causa
2367 3684 2573 3721 uxorem
2620 3668 2887 3722 dimittere.
2938 3669 2981 3723 Ο
3031 3671 3344 3725 stultitiam!
3391 3672 3651 3728 Putabant
3692 3692 3747 3728 se

2168 3773 2325 3830 posse
2353 3759 2735 3828 quaestionibus
2764 3760 2874 3814 suis
2904 3760 2999 3828 ipsi
3030 3775 3090 3815 os
3115 3762 3384 3831 claudere,
3408 3765 3613 3819 etiamsi
3639 3766 3744 3833 jam

2168 3852 2534 3921 experimento
2563 3852 2874 3908 didicissent
2900 3862 3154 3923 quantum
3196 3855 3245 3908 in
3288 3855 3369 3910 his
3408 3858 3568 3912 rebus
3606 3860 3750 3912 vale.-

2168 3951 2268 3996 ret.
2288 3942 2418 3996 Cum
2437 3942 2633 3997 scilicet
2654 3943 2719 3996 de
2736 3944 2955 3997 sabbato
2976 3945 3134 3998 multa
3152 3945 3514 4002 disseruerunt
3535 3948 3744 4019 (Matth.

2169 4034 2308 4100 42);
2337 4051 2456 4090 cum
2497 4035 2780 4097 dixerunt,
2813 4035 3138 4106 Blasphemat
3175 4037 3398 4107 (Matth.
3433 4040 3484 4094 9.
3527 4041 3598 4109 5)
3623 4082 3637 4106 ,
3665 4043 3746 4096 vel

2168 4127 2380 4196 quando
2409 4127 2656 4181 dicebant
2676 4168 2690 4192 ,
2739 4127 3054 4182 Dwmoninm
3102 4129 3246 4183 habet
3276 4129 3466 4200 (Joan.
3501 4132 3587 4186 10.
3617 4133 3745 4202 ‘20);

2168 4233 2288 4270 cum
2315 4217 2602 4286 discipulos
2629 4219 2971 4286 increpabant
2993 4219 3132 4288 quod
3166 4235 3260 4289 per
3284 4230 3397 4275 sata
3421 4222 3746 4288 incederent,

2168 4323 2289 4362 cum
2318 4307 2384 4362 de
2414 4309 2573 4362 illotis
2600 4310 2842 4364 manibus
2882 4310 3084 4379 loquuti
3124 4323 3248 4366 sunt
3279 4312 3502 4382 (Matth.
3532 4314 3620 4370 I2.
3647 4315 3746 4383 2),

2169 4400 2365 4467 ubique
2392 4400 2507 4454 illos
2538 4403 2854 4469 reprimens,
2888 4402 3353 4474 impudentemque
3392 4406 3625 4474 linguam
3656 4409 3747 4462 ob-

2170 4501 2398 4566 structis,
2431 4491 2508 4544 sic
2534 4494 2738 4546 remisit
2768 4508 2859 4547 eos
2886 4492 3074 4564 (Marc.
3111 4496 3160 4549 7.
3190 4496 3270 4562 5).
3303 4498 3546 4553 Attamen
3580 4515 3750 4569 neque

2170 4584 2240 4638 ita
2271 4585 2580 4639 abscedunt.
2608 4585 2748 4640 Talis
2774 4587 2971 4656 quippe
2992 4597 3074 4642 est
3103 4591 3356 4659 nequitia,
3385 4591 3502 4646 talis
3533 4594 3747 4658 invidia,

2171 4678 2449 4746 impudens
2483 4694 2674 4747 nempe
2707 4690 2864 4748 atque
2894 4681 3138 4749 petulans
3163 4699 3175 4735 :
3201 4682 3410 4738 etiamsi
3440 4684 3632 4739 millies
3664 4701 3750 4741 re-

2172 4770 2449 4839 primatur,
2479 4769 2671 4825 millies
2697 4786 2906 4825 rursum
2939 4772 3117 4828 instat.

2244 4860 2624 4916 th'isceorum
2660 4865 2868 4919 astutia.
2894 4895 2965 4905 -—
2990 4865 3068 4918 Tu
3111 4880 3237 4921 vero
3276 4866 3405 4921 mihi
3445 4869 3752 4926 consideres

2171 4953 2329 5008 velim
2372 4953 2801 5023 interrogationis
2840 4955 3242 5026 malignitatem.
3275 4957 3391 5014 Non
3420 4961 3561 5015 enim
3601 4961 3751 5016 dixe-

2175 5055 2297 5099 runt
2320 5046 2367 5100 ei
2401 5066 2412 5100 :
2445 5046 2654 5101 Jussisti
2683 5063 2900 5104 uxorem
2926 5065 3032 5104 non
3059 5049 3359 5115 dimittere;
3387 5053 3496 5122 jam
3518 5054 3752 5111 enim'de

2177 5139 2274 5193 hac
2301 5138 2416 5209 lege
2443 5139 2768 5195 disseruerat
2797 5159 2809 5196 :
2835 5150 3065 5197 attamen
3099 5144 3382 5199 verborum
3413 5146 3621 5202 illorum
3645 5163 3750 5202 non

2175 5234 2552 5298 meminerunt,
2586 5233 2678 5287 sed
2708 5233 2830 5288 inde
2859 5234 3078 5304 profecti
3109 5250 3269 5302 sunt;
3299 5253 3478 5294 verum
3511 5249 3752 5308 putantes

2176 5339 2236 5378 se
2263 5324 2489 5392 majores
2518 5323 2734 5379 insidias
2769 5336 3048 5394 paraturos
3077 5342 3198 5382 esse
3217 5372 3232 5390 ,
3261 5345 3382 5383 cum
3409 5331 3606 5386 vellent
3631 5349 3768 5396 cum,

2178 5414 2268 5467 illo
2293 5414 2536 5483 redigere
2562 5424 2618 5468 ιιι
2645 5426 2828 5471 contra
2859 5418 3025 5488 legem
3058 5420 3381 5488 loqueretur,
3416 5438 3520 5476 non
3550 5424 3729 5478 dicunt

2198 5466 2231 5467 η
2294 5466 2346 5468 __
2411 5466 2530 5483 υη-
2859 5466 3025 5488 ηομ--
3058 5466 3106 5473 _-
3151 5466 3352 5475 μην...
3551 5466 3729 5478 ..........

2178 5504 2414 5559 Cur-hoc
2442 5514 2494 5559 et
2523 5505 2624 5560 hoc
2653 5509 2922 5563 statuisti?
2952 5510 3043 5565 sed
3069 5466 3220 5580 qtiasi
3259 5466 3391 5567 nihil
3432 5514 3632 5569 dictum
3671 5466 3763 5572 εδ]

2178 5605 2278 5663 set,
2313 5598 2658 5667 interrogant,
2690 5599 2746 5654 Si
2775 5600 2950 5667 liceat,
2981 5614 3255 5672 sperantes
3285 5604 3434 5660 illum
3462 5620 3519 5661 se
3547 5606 3646 5662 hoc
3674 5607 3754 5660 di-

2179 5689 2320 5744 xisse
2350 5704 2454 5742 non
2493 5690 2894 5746 recordaturum
2919 5709 3036 5748 esse
3061 5712 3076 5756 ;
3108 5711 3333 5765 cumque
3358 5698 3527 5767 parati
3552 5708 3750 5765 essent,

2180 5783 2224 5836 si
2268 5783 2507 5850 diceret,
2540 5785 2698 5842 licere
2735 5786 3002 5843 dimittere
3025 5830 3040 5858 ,
3075 5789 3148 5845 illi
3185 5804 3456 5862 Opponere
3487 5809 3604 5863 qua:
3642 5793 3754 5862 ipse
