4128 6372
274 337 381 392 595
604 331 634 380 δι

270 451 432 505 λώσει
461 452 552 506 τὸν
578 453 691 524 βίον
731 455 811 518 εἰς
839 457 1228 526 ματαιοπονίας
1257 457 1348 512 καὶ
1374 459 1586 522 ὀδύνας.
1625 460 1682 511 '0
1708 459 1815 530 γάρ
1845 459 1945 510 οὐκ

270 532 425 595 εἰδὼς
453 533 877 603 ἀπεχθάνεσθαι,
907 536 1027 588 οὐδὲ
1055 537 1343 590 λυπεῖσθαι
1376 534 1539 601 οἶδεν,
1571 538 1706 592 ἀλλά
1734 539 1945 610 τρυφῆς

268 611 638 690 ἀπολαύσεται
662 614 754 668 καὶ
788 616 997 685 μυρίων
1025 616 1266 685 ἀγαθῶν.
1303 619 1465 670 ’Ὥστε
1498 621 1726 682 ἑαυτοὺς
1771 637 1945 690 τιμω-

271 689 514 759 ρούμεθα
565 695 850 762 μισοῦντες
901 694 1154 766 ἐτέρους·
1203 695 1390 768 ῶσπερ
1436 695 1530 752 οῦν
1581 701 1675 753 καὶ
1719 689 1942 764 ἑαυτοὺς

266 769 661 850 εὐεργετοῦμεν
683 773 1024 840 ἀγαπῶντες.
1050 774 1193 846 Πρὸς
1212 776 1422 840 τούτοις
1441 778 1644 832 ἅπασιν
1667 779 1943 850 αἰδέσιμος

266 845 362 928 έσῃ
388 851 484 928 καί
514 851 696 913 αὐτοῖς
723 853 838 914 τοῖς
867 845 1112 922 ἐχθροῖς,
1134 853 1236 907 κᾶν
1265 856 1520 926 δαίμονες
1559 851 1660 910 ῶσι
1685 876 1696 889 ·
1742 845 1942 928 μᾶλλον

264 927 321 979 6%
373 927 496 979 οὐδὲ
527 928 669 992 ἐξεις
703 930 887 984 λοιπὸν
933 931 1127 1002 ἐ-χθρὸν
1172 933 1513 1004 διακείμενος
1544 936 1706 990 οὕτω.
1746 927 1836 991 ίΤὸ
1887 938 1942 990 δὲ

265 1008 482 1087 πάντων
519 1009 702 1078 μεῖζον
728 1010 821 1064 καὶ
870 1011 1104 1082 πρῶτον,
1141 1013 1242 1084 τὴν
1263 1016 1358 1067 τοῦ
1391 1015 1526 1068 Θεοῦ
1567 1016 1868 1087 κερδαίνεις
1897 1017 1942 1049 ’⁵⁸

264 1086 678 1167 φιλανθρωπίαν
701 1105 714 1118 ο
741 1089 847 1167 κᾶν
873 1091 1210 1162 ἡμαρτηκὼς
1239 1089 1326 1166 ᾖς,
1371 1093 1536 1165 τεύξῃ
1565 1086 1896 1167 συγγνώμης
1924 1113 1938 1128 ⁸

263 1165 364 1247 κᾶν
385 1167 793 1247 κατωρθωκὼς
823 1165 890 1240 ᾖς
922 1171 988 1236 ⁴⁵,
1032 1165 1568 1245 πλείοναίπροσλήψῃ
1602 1165 1934 1247 παρρησίαν.

276 1245 589 1318 Ἀνύσωμεν
622 1248 800 1302 τοίνυν
852 1250 912 1302 τὸ
953 1253 1157 1322 μηδένα
1216 1257 1414 1323 μισεῖν,
1472 1254 1560 1307 ἵνα
1611 1245 1704 1308 καὶ
1751 1257 1780 1308 ὁ
1811 1257 1941 1320 Θεὸς

260 1327 409 1396 ἡμᾶς
440 1329 644 1400 φιλήσῃ
669 1346 682 1359 ·
721 1329 807 1383 ἵνα
833 1331 936 1383 κᾶν
961 1331 1170 1402 μυρίων
1217 1333 1493 1387 ταλάντων
1527 1328 1676 1405 ὦμεν
1703 1335 1941 1388 ὑπεύθυ-

259 1423 358 1466 νοι,
397 1408 770 1481 σπλαγχνισθῇ
807 1413 900 1479 καὶ
933 1412 1150 1484 ἐλεήσῃ.
1197 1413 1338 1466 Ἀλλ’
1370 1415 1626 1485 ἠδίκησαι
1670 1417 1800 1486 παρ’
1844 1416 1940 1468 αύ-

255 1486 350 1567 τοῦ
379 1504 393 1551 ;
425 1489 638 1543 Οὐκοῦν
673 1491 894 1560 ἐλέησον
924 1493 1107 1559 αὑτὸν,
1136 1495 1209 1565 μὴ
1239 1496 1478 1565 μισήσῃς
1501 1513 1514 1526 ο
1547 1496 1817 1567 δάκρυσον
1845 1497 1940 1550 καὶ

257 1566 552 1638 θρήνησον,
583 1569 658 1640 μὴ
682 1570 1058 1644 ἀποστραφῇς.
1091 1574 1165 1626 O6
1200 1574 1308 1644 γὰρ
1336 1576 1399 1628 σὺ
1431 1569 1482 1626 εἷ
1509 1577 1537 1630 ὁ
1561 1592 1938 1646 προσκεκρου-

256 1647 369 1709 κὼς
401 1647 479 1718 τῷ
517 1649 656 1720 Θεῷ,
708 1650 822 1703 ἀλλ’
853 1653 1093 1716 ἐκεῖνος·
1138 1655 1202 1706 σὺ
1251 1655 1308 1706 6%
1336 1654 1429 1706 καὶ
1467 1653 1834 1724 εύδοκίμησας
1869 1654 1936 1721 ⁸⁸,

257 1728 353 1779 ἐὰν
389 1728 638 1800 ἐνέγκῃς.
667 1730 967 1802 Ἐννόησον,
995 1734 1076 1787 ὅτι
1112 1733 1478 1804 σταυροῦσθαι
1503 1733 1709 1804 μέλλων
1741 1735 1770 1786 ὁ
1801 1736 1936 1806 Χρι-

259 1808 408 1870 στὸς.
438 1809 576 1879 ὑπὲρ
608 1810 803 1864 ἐαυτοῦ
829 1813 926 1882 μὲν
959 1812 1198 1884 ἔχαιρεν,
1247 1815 1386 1884 ὑπὲρ
1411 1815 1467 1868 δὲ
1493 1816 1601 1867 τῶν
1643 1816 1936 1887 σταυροῦν-

254 1905 364 1940 των
395 1888 677 1966 ἐδάκρυεν.
708 1889 866 1944 Οὕτω
894 1893 988 1945 καὶ
1018 1895 1164 1964 ἡμᾶς
1196 1893 1498 1947 διακεῖσθαι
1526 1896 1663 1966 χρή·
1704 1897 1798 1949 καὶ
1825 1897 1934 1966 ὅσῳ

253 1967 322 2019 ἂν
355 1965 694 2038 ἀδικώμεθα,
725 1971 963 2042 τοσούτῳ
991 1973 1190 2042 μᾶλλον
1222 1975 1264 2004 ⁸⁷
1290 1973 1509 2044 θρηνεῖν
1536 1965 1662 2036 τοῦς
1685 1965 1933 2028 ἁδικοῦνὲ

251 2066 375 2110 τας.
415 2049 576 2117 Ἡμῖν
612 2049 711 2118 μὲν
739 2049 846 2121 γὰρ
873 2052 1044 2106 πολλά
1073 2052 1319 2107 ἐντεῦθεν
1341 2053 1408 2106 τὰ
1446 2054 1629 2122 ἀγαθά
1652 2071 1665 2084 ·
1705 2054 1934 2118 ἐκείνοις

253 2125 312 2178 δὲ
344 2127 413 2178 τά
442 2128 680 2182 ἐναντία.
723 2131 860 2183 Ἀλλ’
892 2133 985 2184 ἐπὶ
1013 2135 1229 2186 πάντων
1257 2133 1446 2204 ὕϐρισε
1475 2135 1567 2187 καὶ
1593 2133 1894 2203 ἐτύπτησεν
1918 2152 1933 2199 ;

254 2206 470 2259 Οὐκοῦν
503 2209 596 2260 ἐπὶ
620 2210 836 2264 πάντων
862 2211 1052 2264 ἑαυτὸν
1085 2212 1285 2284 ᾔσχυνε
1339 2215 1433 2266 καὶ
1461 2213 1696 2283 ἠτίμασε
1727 2213 1794 2276 ⁸⁸,
1841 2213 1936 2267 καὶ

257 2287 470 2356 μυρίων
515 2290 836 2360 κατηγόρων
878 2290 1057 2362 ἤνοιξε
1107 2293 1370 2362 στόματα,
1419 2293 1512 2346 καὶ
1569 2294 1652 2346 σο)⁸
1685 2291 1934 2356 πλείονας

250 2367 383 2428 τοὺς
411 2367 707 2434 στεφάνους
729 2370 920 2441 ὕφηνε,
939 2372 1033 2424 καὶ
1063 2371 1291 2435 πολλούς
1309 2390 1390 2425 σοι
1420 2374 1519 2443 τῆς
1551 2372 1935 2442 μακροθυμίας

253 2448 535 2516 συνήγαγε
558 2450 626 2518 κή
637 2467 828 2519 ρυκας.
865 2451 1025 2504 Ἀλλά
1055 2452 1191 2521 πρὸς
1212 2453 1432 2522 ἐτέρους
1455 2452 1668 2505 διέϐαλε
1695 2469 1709 2517 ;
1746 2453 1856 2504 Καὶ
1879 2452 1932 2504 τί

247 2527 434 2591 τοῦτο,
463 2526 556 2580 τοῦ
582 2528 716 2582 Θεοῦ
746 2530 900 2594 ὄντος
921 2530 1015 2584 τοῦ
1051 2531 1336 2600 μέλλοντος
1362 2533 1615 2585 ἀπαιτεῖν
1647 2531 1744 2594 τὰς
1773 2531 1932 2584 εὐθύ-

249 2622 371 2670 νας,
411 2607 526 2659 ἀλλ’
581 2609 681 2662 ούκ
713 2610 937 2663 ἐκείνων
973 2609 1084 2663 τῶν
1126 2611 1514 2677 ἀκουσάντωνς
1579 2610 1791 2681 Ἑαυτῷ
1822 2611 1931 2682 γὰρ

248 2687 565 2759 προσέθηκε
595 2687 868 2753 κολάσεως
902 2690 1174 2756 ὑπόθεσιν,
1212 2691 1298 2745 ἴνα
1333 2691 1406 2760 μὴ
1459 2691 1620 2760 μόνον
1654 2690 1793 2761 ὑπὲρ
1822 2690 1931 2744 τῶν

248 2766 495 2832 οἰκείων,
527 2766 662 2820 ἀλλά
689 2769 785 2823 καὶ
817 2768 957 2840 ὑπὲρ
986 2761 1059 2822 ὧν
1087 2769 1217 2840 περὶ
1249 2769 1341 2823 σοῦ
1371 2771 1635 2841 διελέχθη,
1670 2770 1929 2840 παράσχῃ

1352 341 1420 398 ΙΝ
1455 341 1873 398 ΜΑΤΤΙΙΑΞΟΜ
1915 340 2149 398 HOMIL.
2193 340 2353 396 LXII.
2397 341 2466 396 aI.
2508 338 2689 394 LXIII.

2045 460 2221 527 λόγον.
2255 458 2365 512 Καὶ
2414 458 2472 510 σὲ
2526 460 2623 527 μὲν
2662 454 2798 526 πρὸς
2819 451 3139 525 ἀνθρώπους
3178 452 3445 519 διέϐαλεν,
3480 455 3638 520 αὐτὸς
3663 458 3744 511 δὲ·

2045 539 2182 610 πρὸς
2215 538 2345 590 Θεὸν
2366 536 2638 606 διεϐλήθη.
2674 536 2738 586 Εἰ
2767 533 2822 587 δὲ
2854 535 2953 587 οὐκ
2990 535 3150 605 ἀρκεῖ
3198 551 3279 586 σοι
3313 533 3504 596 ταῦτα,
3536 537 3718 606 ἐννόη-

2047 638 2140 672 σον
2189 620 2270 671 ὅτι
2325 619 2417 671 καὶ
2449 620 2476 669 ὁ
2512 615 2788 686 Δεσπότης
2839 632 2933 667 σου
2965 613 3244 683 διεϐλήθη.
3299 616 3392 668 καὶ
3423 614 3466 646 ⁸³
3497 616 3600 669 ὑπὸ
3625 616 3721 668 τοῦ

2045 701 2279 760 Σατανᾶ,
2305 699 2397 751 καὶ
2425 697 2530 749 ὑπὸ
2559 696 2667 748 τῶν
2697 693 3018 764 ἀνθρώπων,
3053 694 3146 746 καὶ
3177 693 3312 763 πρὸς
3335 694 3460 756 τοὺς
3489 693 3722 762 μάλιστα

2046 779 2433 849 φιλουμένους·
2485 775 2578 829 καὶ
2627 777 2655 828 ὁ
2689 774 2878 826 τούτου
2931 773 3242 842 Μονογενὴς
3269 773 3428 825 πάλιν
3452 773 3522 825 τά
3558 773 3719 826 αὑτά.

2043 858 2134 911 Διὸ
2157 858 2339 925 ἔλεγεν
2365 873 2376 885 ·
2409 857 2478 910 El
2511 855 2618 907 τὸν
2644 852 3082 918 οἰκοδεσπότην
3103 850 3464 912 Βεελζεϐοὺλ
3512 851 3730 906 ἐκάλεε

2043 954 2185 1000 σαν,
2224 934 2432 999 πολλῷ
2453 933 2696 1003 μᾶλλον
2725 932 2867 998 τοὺς
2917 930 3224 995 οἰκιακοὺς
3255 930 3463 984 αὐτοῦ.
3495 931 3605 984 Καὶ
3656 931 3719 982 o6

2041 1015 2288 1070 διέϐαλεν
2318 1013 2479 1066 αὑτὸν
2509 1014 2666 1084 μόνον
2708 1014 2735 1064 ὁ
2785 1010 3021 1081 πονηρὸς
3074 1008 3281 1079 δαίμων
3325 1012 3549 1072 ἐκεῖνος,
3584 1009 3726 1064 ἀλλὰ

2043 1098 2137 1152 καὶ
2170 1095 2465 1162 ἐπιστεύθη
2486 1112 2501 1125 σ
2527 1094 2618 1145 καὶ
2644 1091 2907 1154 διέϐαλεν,
2940 1090 3000 1141 ού
3031 1088 3097 1140 τά
3128 1089 3379 1158 τυχόντα,
3411 1088 3545 1141 άλλά
3569 1089 3635 1142 τὰ
3669 1091 3719 1120 ⁵ο

2046 1176 2278 1247 μέγιστα
2333 1173 2508 1243 ὀνείδη
2566 1172 2659 1224 καὶ
2712 1170 3053 1247 ἐγκλήματα.
3091 1167 3204 1220 Καὶ
3234 1166 3343 1238 γὰρ
3373 1164 3732 1237 δαιμονῶνταλ

2043 1245 2205 1309 αὑτὸν
2236 1255 2423 1326 ἔφησε,
2452 1253 2544 1306 καὶ
2565 1252 2766 1305 πλάνον
2792 1245 2929 1303 εἶναι
2979 1248 3074 1300 καὶ
3103 1247 3362 1299 ἀντίθεον.
3424 1247 3580 1300 Ἀλλὰ
3620 1250 3716 1302 καὶ

2042 1325 2408 1408 εὐεργετήσας
2433 1334 2630 1396 ἔπαθες
2651 1331 2837 1393 κακῶς
2855 1348 2870 1396 ;
2889 1328 3000 1382 Καὶ
3024 1325 3113 1408 διὰ
3136 1326 3296 1408 τοῦτο
3315 1326 3550 1408 μάλιστα
3577 1327 3717 1408 ὑπὲρ

2045 1405 2152 1489 μὲν
2176 1416 2269 1467 τοῦ
2294 1405 2624 1484 ποιήσαντος
2650 1413 2838 1482 θρήνει
2875 1409 2972 1489 καὶ-
2997 1407 3174 1474 ἄλγει,
3209 1406 3349 1489 ὑπὲρ
3487 1405 3730 1489 σεαυτοῦ

2041 1485 2138 1549 καὶ
2175 1496 2219 1526 δι
2246 1498 2422 1564 χαῖρε,
2442 1493 2523 1544 ὅτι
2543 1490 2662 1560 Θεῷ
2684 1491 2916 1557 γέγονας
2959 1487 3160 1554 ὅμοιος,
3191 1485 3269 1555 τῷ
3292 1485 3382 1537 τὸν
3410 1485 3559 1554 ἣλιον
3585 1486 3725 1564 ἀνα-ν

2041 1563 2277 1630 τέλλοντι
2317 1563 2409 1625 ἐπὶ
2439 1571 2704 1641 πονηροὺς
2739 1570 2833 1622 καὶ
2868 1564 3124 1636 ἀγαθούς.
3152 1566 3213 1617 Εἰ
3243 1565 3300 1617 6%
3335 1565 3427 1618 καὶ
3455 1563 3729 1635 ὑπερϐαί-

2041 1672 2120 1709 νει
2147 1671 2204 1706 σε
2236 1653 2294 1706 τὸ
2318 1653 2406 1704 τὸν
2444 1650 2575 1703 Θεὸν
2612 1647 2894 1720 μιμεῖσθαι
2916 1664 2927 1676 ο
2959 1645 3205 1714 καίτοιγε
3237 1641 3570 1720 τῷῖνήφοντι
3595 1643 3717 1696 066%

2041 1733 2199 1787 τοῦτο
2223 1730 2480 1785 δύσκολον
2507 1745 2519 1758 °
2553 1719 2666 1782 ἀλλ’
2699 1729 2849 1797 ὅμως
2879 1726 2930 1778 εἴ
2962 1741 3055 1777 σου
3087 1724 3270 1794 μεῖζον
3303 1719 3440 1777 εἶναι
3488 1722 3646 1775 τοῦτό
3667 1722 3714 1753 ⁸⁸

2043 1833 2124 1868 σοι
2154 1814 2319 1876 δοκεῖ,
2356 1811 2488 1880 φέρε
2531 1826 2588 1860 σε
2630 1808 2764 1878 πρὸς
2791 1807 2915 1868 τοὺς
2949 1803 3096 1875 [619]
3145 1803 3464 1867 συνδούλους
3496 1803 3542 1880 I“
3581 1803 3712 1870 ἀγὰ‹

2039 1909 2256 1963 γωμεν·
2283 1890 2419 1960 πρὸς
2451 1888 2542 1940 τὸν
2584 1885 2802 1954 Ἰωσὴφ,
2842 1884 2953 1963 τὸν
2965 1881 3133 1963 μυρία
3162 1881 3403 1963 παθόντα
3429 1879 3524 1963 καὶ
3555 1881 3715 1963 5629‘-

2038 1957 2343 2042 γετήσαντα
2386 1969 2510 2029 τοὺς
2539 1965 2798 2030 ἀδελφούς
2818 1979 2832 1992 ·
2865 1961 3002 2042 πρὸς
3027 1961 3137 2042 τὸν-
3164 1960 3422 2042 Μωῡσέαλ,
3452 1958 3543 2042 τὸν
3578 1957 3719 2028 μετὰ.

2042 2037 2243 2123 μυρίας
2275 2047 2567 2108 ἐπιϐουλὰς
2601 2043 2740 2123 ὑπὲρ
2764 2042 2953 2123 αὐτῶν
2982 2039 3242 2123 δεηθέντα
3263 2054 3274 2067 ·
3321 2038 3457 2123 πρὸς
3484 2037 3573 2123 τὸν
3612 2044 3726 2123 μαέ.

2039 2116 2225 2201 κάριον
2255 2131 2302 2160 ⁵⁵
2327 2126 2556 2191 Παῦλον,
2578 2125 2669 2176 τὸν
2691 2122 2812 2174 066%
2839 2121 3142 2191 ἀριθμῆσαι
3169 2118 3360 2189 ἔχοντα
3382 2118 3484 2171 ἆπε
3493 2135 3523 2188 ρ
3545 2116 3713 2169 ἔπαθε

2037 2199 2168 2281 παρ’
2196 2208 2397 2273 αὐτῶν,
2427 2206 2521 2260 καὶ
2546 2202 2802 2268 ἀξιοῦντα
2833 2203 3080 2270 ἀνάθεμα
3108 2201 3155 2231 ⁸⁸
3177 2199 3318 2253 εἶναι
3345 2199 3484 2270 ὑπὲρ
3509 2199 3711 2251 αὐτῶνθ

2037 2277 2171 2361 πρὸς
2193 2288 2281 2341 τὸν
2310 2287 2600 2354 Στέφανον,
2626 2283 2716 2336 τὸν
2734 2281 2779 2312 ⁸⁸
2803 2280 3158 2350 λιθαζόμενον
3181 2279 3274 2331 καὶ
3292 2277 3714 2348 παρακαλοῦντα

2034 2357 2263 2434 λυθῆναι
2300 2367 2482 2428 αὐτοῖς
2513 2363 2612 2433 τὴν
2642 2360 2915 2432 ἁμαρτίαν
2944 2358 3166 2428 ταύτην.
3203 2359 3311 2411 Καὶ
3331 2357 3503 2410 ταῦτα
3535 2359 3713 2411 πάντα

2034 2450 2311 2518 ἐννοήσας,
2337 2445 2533 2499 ἔκϐαλε
2567 2444 2747 2496 πᾶσαν
2776 2440 2967 2512 ὀργὴν,
2998 2439 3084 2492 ἵνα
3115 2438 3209 2492 καί⁹
3230 2440 3360 2508 ἡμῖν
3438 2437 3570 2518 Θεὸς
3596 2439 3708 2508 ἀφῇ

2037 2516 2215 2583 πάντα
2242 2528 2311 2581 τά
2337 2522 2760 2596 παραπτώματα
2785 2522 2850 2584 ⁵⁷,
2877 2520 3058 2590 χάριτι
3085 2519 3180 2596 καὶ
3211 2516 3588 2596 φιλανθρωπία
3613 2518 3711 2596 τοῦ

2036 2607 2244 2678 Κυρίου
2273 2593 2432 2675 ήμῶν
2475 2601 2649 2670 Ἰησοῦ
2675 2600 2933 2669 Χριστοῦ,
2966 2598 3085 2678 μεθ’
3105 2593 3280 2678 οὗίγτῷ
3307 2598 3483 2678 Πατρί
3511 2595 3604 2678 καὶ
3632 2595 3712 2666 τῷ

2038 2675 2177 2756 ἁγίῳ
2212 2683 2489 2754 Πνεύματι
2519 2679 2666 2744 δόξα,
2698 2679 2918 2750 κράτος,
2953 2677 3108 2748 τιμὴ,
3132 2675 3227 2732 νῦν
3260 2679 3355 2731 καὶ
3393 2676 3479 2730 ἀεὶ
3505 2677 3599 2729 καὶ
3630 2678 3726 2751 είςε

2035 2783 2162 2831 τους
2194 2765 2396 2826 αἰῶνας
2418 2762 2526 2814 τῶν
2549 2760 2780 2813 αἰώνων.
2828 2758 3018 2827 Ἀμήν.

323 2877 390 2953 1“
405 2877 682 2953 κερδανεῖς
712 2877 795 2953 L._
852 2880 897 2953 ’f"
930 2873 997 2953 ᾗς
1026 2879 1239 2953 om.__L.
1299 2880 1356 2953 7"
1385 2878 1850 2953 e6601£gqa§ggjﬁ
1874 2878 1924 2932 M

2030 2875 2327 2953 "Cyamovl
2347 2873 2598 2953 θρὰ-δεῖ.
2623 2870 2774 2953 ίξριι.⁸
2793 2867 3139 2953 ἀδικοῦντας]
3174 2865 3298 2953 a'dd.
3329 2866 3476 2953 ipa;
3507 2866 3611 2937 χρή

250 2947 297 3020 ff
331 2946 429 3020 Sic
466 2947 532 3002 G.
573 2953 752 3003 caueri
777 2946 1043 3020 ὴτίμῶσε.

253 3017 319 3090 Κ.
356 3017 430 3072 Μ.
468 3020 738 3090 ρζΡεΚαὶ
760 3017 987 3090 γὰρκαὶ
1008 3020 1056 3072 6.
1081 3019 1144 3073 L.
1219 3021 1265 3053 ⁵⁸
1298 3022 1392 3074 καί
1415 3037 1526 3075 om.
1565 3021 1631 3076 K.
1667 3021 1731 3074 L.

251 3089 380 3152 λους
774 3087 849 3121 ⁷⁵⁸⁷
869 3089 1136 3160 μακάριον
1188 3106 1298 3146 om.
1321 3091 1385 3146 K.
1417 3091 1480 3145 L.
1510 3090 1582 3144 M.

1823 3006 1870 3051 ⁵⁵
1895 3006 2054 3073 τὸῦτο
2080 3035 2189 3072 om.
2225 3017 2290 3071 G.
2321 3034 2401 3069 σοι
2421 3033 2533 3076 οιιι,
2571 3011 2634 3065 Κ.
2658 3011 2814 3062 τοῦτό
2849 3009 2953 3082 σοι]
2977 3006 3329 3082 σοιτοῦτοᾉΗ.

1692 3093 1737 3123 ³⁵⁵
1767 3091 1861 3144 καὶ
1894 3092 1992 3143 οὐκ
2022 3089 2260 3152 ἀξιοῦντι
2289 3088 2350 3140 τὸ
2379 3089 2463 3140 ἀν.
2493 3085 2562 3138 Μ.
2595 3082 2688 3134 καὶ¹
2714 3082 2813 3152 οὐκ
2853 3077 3188 3146 ἀπαξιοῦντα
3207 3080 3269 3133 τὸ
3289 3080 3361 3152 ἀν
3379 3077 3443 3152 Κ.

1139 2951 1184 2982 δυ
1213 2952 1306 3003 καί
1337 2966 1446 3005 om.
1467 2952 1532 3006 ο.
1568 2935 1644 3003 il.‘
1666 2935 1822 3004 Κζιι.
1849 2965 1902 3017 p.

2030 2935 2124 3000 τῶν
2151 2964 2261 3018 om.
2289 2935 2354 3001 (ὲ.
2381 2945 2444 2999 Κ.
2475 2945 2544 2997 Μ.
2571 2940 2839 3018 -Ι-ηίηι-Διὸ
2861 2941 2953 3018 καὶ
2988 2935 3172 3018 ἔλεγεν
3194 2939 3308 3018 L."
3333 2935 3476 3018 ⁵ξΙτόι
3492 2935 3612 3018 diui

3516 3007 3561 3037 ⁵³
3585 3007 3709 3059 δού-

3549 3077 3708 3130 ⁸⁶τόν

254 3147 374 3233 ςιηιέ
401 3160 466 3216 G.
495 3158 658 3233 ωε.
681 3147 927 3231 λυθῆνάι]
965 3147 1057 3233 _sa'c
1079 3160 1144 3215 K.
1173 3160 1237 3216 1..
1261 3161 1398 3217 Mor.
1434 3163 1617 3217 czeleri
1650 3161 1929 3233 συγχωρῆς

2073 3147 2142 3191 ’³⁵⁷
2172 3161 2351 3211 πάντα
2381 3155 2536 3228 ήμῶν
2567 3153 2635 3206 τὰ
2651 3170 2710 3204 π.
2749 3151 2818 3204 Μ.
2850 3151 3027 3206 πάντα
3053 3152 3122 3204 τὰ
3149 3169 3210 3204 π.
3242 3147 3402 3221 ἡμῶν
3432 3147 3497 3203 Κ.
3528 3149 3723 3220 πάντα.

253 3230 416 3300 ἡμῶν
447 3232 517 3284 τὰ
558 3228 930 3302 ἁμαρτήματα
962 3228 1024 3282 L.

1724 3411 1970 3466 OMIAIA
2015 3410 2135 3464 ΞΒ’.

247 3514 357 3566 Καὶ
392 3514 648 3582 ἐγένετο,
684 3513 782 3567 ὅτε
813 3513 1096 3567 ἐτέλεσεν
1127 3516 1160 3567 o'
1217 3511 1460 3578 Ἰησοῦς
1507 3508 1677 3582 τοὺς,
1701 3509 1926 3582 λόγους

318 3573 594 3648 τούτους,
613 3573 876 3652 μετ-ἦρεν
902 3585 1020 3637 ἀπὸ
1049 3583 1156 3650 τῆς
1186 3573 1554 3652 Γαλιλαίας,
1586 3579 1684 3652 καὶ
1724 3573 1924 3652 [ἦλθεν

317 3655 416 3708 ἐπὶ
448 3657 495 3688 ⁸³
524 3647 891 3724 τέίόριᾱτὴς
935 3647 1219 3719 Ἰουδαίας
1239 3653 1431 3721 πέραν·
1455 3651 1563 3704 τοῦ
1605 3647 1919 3716 Ἰορδάνου.

316 3827 388 3874 α’.
423 3819 673 3889 Συνεχῶς
727 3818 826 3890 τὴν
871 3817 1129 3871 Ἰουδαίαν
1178 3817 1336 3886 ἀφεὶς
1367 3813 1454 3867 διὰ
1479 3811 1578 3884 τὴν
1627 3808 1924 3890 βασκανίαν

243 3901 343 3971 τὴν
395 3887 643 3963 ἐκείνων,
674 3887 794 3951 νῦν*
816 3898 1169 3967 ἐπιχωριάζει
1203 3895 1408 3960 λοιπὸν,
1447 3890 1634 3961 ἐπειδὴ
1657 3891 1716 3943 τὸ
1752 3887 1924 3971 πάθος

243 3967 415 4049 ὲτγῦς
453 3978 678 4048 ἔμελλεν
729 3971 868 4031 εἶναι
894 3995 907 4006 ·
941 3978 1001 4029 οὑ
1039 3976 1143 4046 μὴν
1177 3978 1256 4038 είς
1284 3974 1353 4027 τὰ
1412 3971 1758 4044 Ἱεροσόλυμα
1787 3967 1924 4049 τέως

242 4047 496 4124 ἄνεισιν,
534 4057 650 4109 ἀλλ’
690 4058 769 4120 εἰς
796 4057 867 4109 τὰ
905 4057 1030 4127 ὅρια
1074 4056 1173 4124 τῆς
1212 4052 1488 4117 Ἰουδαίας,
1543 4050 1655 4104 Καὶ
1717 4047 1923 4102 ἐλθόντι

240 4139 680 4206 ἠκολούθησαν
706 4134 864 4200 αὐτῷ
895 4136 940 4167 ⁵⁸
983 4136 1153 4204 ὄχλοι
1191 4133 1429 4196 πολλοὶ,
1471 4131 1570 4185 καί
1604 4128 1923 4198 ἐθεράπευ-

240 4234 360 4272 σεν
388 4219 634 4283 αὐτούς.
666 4215 803 4269 Οὔτε
830 4218 896 4286 τῇ
925 4215 1033 4268 τῶν
1060 4215 1234 4283 λόγων
1253 4211 1569 4282 διδασκαλίᾳ
1599 4209 1857 4281 διηνεκῶς
1877 4207 1921 4238 ⁸ο

241 4297 598 4368 ἐνδιατρίϐει,
640 4296 763 4349 οὔτε
804 4299 869 4366 τῇ
893 4295 1001 4348 τῶν
1051 4295 1293 4364 σημείων
1321 4289 1733 4362 θαυματουργία
1751 4305 1764 4319 ο
1789 4287 1924 4341 ἀλλὰ

241 4379 337 4432 νῦν
377 4380 477 4448 μὲν
499 4377 672 4440 τοῦτο,
707 4376 802 4430 νῦν
831 4375 888 4428 6%
916 4377 1088 4428 ἐκεῖνο
1121 4376 1282 4436 ποιεῖ,
1305 4371 1592 4426 ποικίλλων
1613 4372 1712 4441 τὴν
1743 4387 1920 4438 σωτη-

244 4459 370 4528 ρίαν
393 4458 504 4510 τῶν
543 4456 1010 4526 προσεδρευόντων
1057 4456 1151 4509 καὶ
1185 4453 1464 4522 ἑπομένων
1521 4453 1560 4484 ⁸³
1585 4494 1599 4518 ,
1646 4449 1785 4506 ὥστε
1813 4451 1922 4504 ἀπὸ

244 4538 344 4605 μέν
370 4537 482 4589 τῶν
514 4537 756 4606 σημείων
783 4535 1113 4600 ἀξιόπιστος,
1137 4536 1194 4589 ἐν
1216 4530 1296 4596 οἷς
1319 4533 1492 4601 ἔλεγε,
1517 4532 1754 4602 φανῆναι
1775 4531 1921 4585 διδά-

242 4616 466 4678 σκαλος,
499 4615 606 4668 ἀπὸ
625 4615 681 4668 6%
713 4614 813 4684 τῆς
845 4615 953 4666 τῶν
973 4613 1144 4683 λόγων
1175 4612 1522 4675 διδασκαλίας
1558 4614 1821 4666 ἐπιτεῖναι
1859 4611 1921 4664 τὸ

240 4695 352 4747 ἀπὸ
385 4695 497 4747 τῶν
529 4695 772 4763 σημείων
818 4693 1025 4762 κέρδος.
1076 4692 1247 4746 Τοῦτο
1285 4693 1342 4746 δέ
1373 4688 1439 4763 ἦν
1475 4693 1537 4745 τὸ
1574 4694 1617 4724 ⁶²
1643 4692 1778 4764 πρὸς
1804 4691 1920 4744 θεο-

241 4775 487 4841 γνωσίαν
527 4775 721 4836 αὐτοὺς
768 4775 1194 4844 χειραγωγῆσαι.
1231 4775 1303 4826 Συ
1329 4773 1384 4825 δέ
1424 4791 1513 4843 μοι
1546 4773 1767 4826 κάκεῖνο
1791 4774 1916 4826 σκό-

244 4872 360 4918 πει,
393 4854 510 4914 πῶς
539 4853 864 4922 ὁλοκλήρους
909 4854 1114 4922 δήμους
1158 4853 1594 4922 παρατρέχουσιν
1643 4852 1723 4905 ἐνὶ
1749 4853 1793 4883 ⁸³
1825 4855 1922 4922 ῥή-

244 4950 379 5004 ματι
405 4934 455 4986 οἱ
483 4932 743 5002 μαθηταὶ.
774 4932 833 4983 06
868 4935 1008 4985 κατά
1029 4932 1198 5002 ὄνομα
1221 4933 1450 4984 ἕκαστον
1486 4932 1921 5000 ἀπαγγέλλοντες

237 5013 352 5065 τῶν
381 5011 851 5083 θεραπευομένων.
904 5012 980 5064 06
1018 5011 1126 5082 γὰρ
1163 5008 1336 5073 εἷπον,
1367 5011 1449 5064 ὅτι
1501 5013 1555 5066 '0
1594 5012 1741 5064 δεῖνα
1774 5013 1866 5066 καὶ
1894 5014 1922 5065 ὁ

239 5094 427 5146 δεῖνα·
480 5093 594 5144 ἀλλ’
651 5093 734 5144 ὅτι
779 5090 991 5154 Πολλοὶ,
1041 5091 1102 5145 τὸ
1156 5092 1505 5162 ἁκόμπαστον
1553 5091 1914 5156 παιδεύοντες.

255 5172 588 5242 Ἐθεράπευε
614 5171 661 5202 ⁸⁸
683 5172 741 5224 δὲ
773 5172 801 5224 ὁ
829 5170 1084 5242 Χριστὸς,
1115 5171 1355 5233 ἐκείνους
1387 5188 1449 5223 τε
1475 5169 1799 5240 εὐεργετῶν,
1829 5173 1922 5224 καὶ

237 5252 305 5304 δι’
332 5253 556 5305 ἐκείνων
586 5251 812 5315 πολλοὺς
842 5252 1082 5322 ἐτέρους.
1136 5252 1199 5303 Ἠ
1224 5250 1333 5322 γὰρ
1374 5251 1474 5321 τῆς
1511 5251 1718 5304 τούτων
1754 5253 1916 5306 ἀσθε-

241 5333 395 5394 νείας
418 5332 698 5404 διόρθωσις
735 5332 941 5403 ἑτέροις
995 5332 1252 5396 ὑπόθεσις
1303 5331 1630 5400 θεογνωσίας
1687 5333 1913 5401 ἐγίνετο.

253 5411 396 5464 Ἀλλ’
447 5412 568 5482 οὐχὶ
615 5414 726 5473 τοῖς
751 5410 1086 5482 Φαρισαίοις,
1115 5412 1250 5466 ἀλλά
1300 5413 1394 5466 καὶ
1437 5412 1504 5464 δι’
1525 5411 1656 5464 αὐτὸ
1689 5412 1732 5444 ⁸³
1763 5413 1919 5466 τοῦτο

243 5492 448 5562 μᾶλλον
501 5491 916 5563 ἐκθηριοῦνται·
969 5493 1062 5544 καὶ
1101 5492 1494 5563 προσέρχονται
1536 5489 1683 5561 αύτῷ
1725 5495 1916 5563 πειρά-

240 5571 448 5635 ζοντες.
497 5571 714 5643 Ἐπειδὴ
767 5571 875 5642 γὰρ
911 5570 1020 5625 τῶν
1078 5572 1376 5642 γινομένων
1426 5569 1780 5627 ἐπιλαϐέσθαι
1816 5575 1916 5626 οὐκ

332 5682 386 5713 ⁸⁸
434 5680 550 5756 ἐπὶ]
580 5681 1018 5756 ξίο-Μοειιιιηείς
1067 5681 1132 5736 II.
1162 5681 1222 5756 L.
1249 5681 1366 5756 Mox
1403 5683 1583 5756 ἀφιείς
1614 5682 1680 5738 II.

234 5825 298 5877 ἐν
334 5824 414 5876 ἐνί
437 5824 572 5894 Edd.
596 5823 630 5894 ξ
653 5825 698 5855 ⁸⁸
724 5823 1060 5894 ἐθεράπευσε
1092 5823 1226 5879 Edd.

237 5909 368 5948 tum
402 5893 560 5949 habet
592 5893 839 5950 Theonh.
946 5896 991 5926 ⁸⁸
1018 5895 1182 5949 αὑτοῦ
1206 5910 1315 5950 om.
1343 5894 1407 5949 G.
1438 5894 1503 5949 K.
1535 5893 1594 5947 L.
1628 5894 1698 5948 Μ.

1788 5685 1838 5755 “7
1861 5683 2009 5755 αύτῴ
2031 5700 2142 5738 nm.
2182 5683 2245 5737 K.
2273 5683 2344 5755 Μ.

239 5755 283 5785 ⁶¹
315 5752 627 5826 ἑπομένων]
653 5753 745 5807 Sic
768 5755 864 5820 Ep.
897 5753 994 5807 Ge.
1025 5762 1080 5808 et
1127 5755 1285 5808 Codd.
1314 5753 1682 5823 ἐπιμενόντων
1733 5753 1868 5808 Edd.
1902 5771 1929 5821 ι]

239 5825 298 5877 ἐν
334 5824 414 5876 ἐνί
437 5824 572 5878 Edd.
653 5825 698 5855 “
724 5823 1060 5879 ἐθεράπευσε
1092 5823 1226 5879 Edd.
1351 5825 1397 5855 ⁸⁵
1419 5823 1552 5879 αὑτό
1575 5841 1682 5878 om.
1711 5824 1774 5879 G.
1800 5823 1864 5878 II.
1902 5824 1929 5877 Ε

2030 5773 2058 5806 ι.
2092 5755 2187 5808 καὶ
2217 5757 2274 5807 ἐν
2307 5752 2387 5818 οίς
2416 5754 2478 5810 L.
2517 5755 2615 5824 Ep.

2030 5825 2058 5879 Ι.
2159 5824 2204 5855 ⁶⁶
2234 5826 2439 5879 ποόϐλτι
2453 5845 2527 5879 ιια
2555 5827 2615 5879 Η.

1419 5841 1552 5879 αυτο
1575 5841 1682 5878 om.
1711 5841 1774 5879 U.
1801 5841 1864 5878 ΙΙ.
1902 5841 1963 5877 Ἀ.
1991 5841 2058 5879 Μ.

1814 5895 1858 5926 ⁶⁹
1886 5897 1918 5965 ἡ
1949 5895 2101 5950 deest
2128 5895 2181 5948 in
2212 5895 2344 5965 Egld.

2031 3499 2200 3574 εἶχον,
2226 3501 2588 3573 προϐλήματα
2617 3502 2662 3532 ⁸⁸
2683 3499 2831 3570 αύτῷ
2853 3500 3236 3571 προϐάλλουσι.
3260 3502 3723 3570 Προσελθόντες’

2025 3587 2134 3653 γὰρ
2173 3582 2334 3647 αὐτῷ
2375 3583 2471 3635 καὶ
2516 3580 2892 3650 πειράζοντες·
2920 3581 3168 3650 ἔλεγον·
3213 3583 3284 3633 El
3329 3579 3567 3644 ἔξεστιν
3596 3584 3702 3636 ἀν·-

2025 3663 2234 3731 ορώπῳ
2275 3661 2582 3714 ἀπολῦσαι
2637 3659 2752 3727 τὴν
2793 3659 3048 3729 γυναῖκα
3073 3659 3260 3713 αὐτοῦ
3302 3660 3451 3714 κατὰ
3495 3661 3704 3716 πᾶσαν

2023 3741 2257 3803 αἱτίαν;
2284 3741 2347 3791 Ὤ
2381 3741 2478 3810 τῆς
2499 3739 2682 3802 ἀνοίας
2712 3739 2775 3791 67!
2809 3741 2996 3809 ᾬοντο
3034 3739 3404 3810 ἐπιστομίζειν
3436 3742 3594 3794 αὐτὸν
3613 3743 3701 3797 διὰ

2023 3824 2132 3877 τῶν
2161 3823 2508 3894 ζητημάτων,
2531 3825 2775 3891 καίτοιγε
2804 3821 2905 3890 ήδη
2940 3819 3194 3883 λαϐόντες
3229 3821 3394 3874 αὑτοῦ
3425 3822 3470 3854 ⁸⁸
3493 3828 3700 3895 τεκμή-

2029 3920 2139 3973 ριον
2157 3903 2257 3972 τῆς
2278 3903 2556 3971 δυνάμεως
2580 3901 2805 3970 ταύτης.
2837 3901 2964 3952 ’Ότε
2990 3898 3121 3969 γοῦν
3149 3901 3277 3971 περὶ
3308 3900 3401 3954 τοῦ
3428 3904 3698 3956 σαϐϐάτου

2025 3984 2196 4036 πολλὰ
2225 3984 2595 4054 διελέχθησαν,
2623 3984 2711 4035 ὅτε
2742 3978 2914 4045 εἶπον,
2949 3982 3030 4034 ὃτι
3067 3982 3455 4051 Βλασφημεῐ,
3500 3985 3584 4036 ὅτε
3620 3981 3697 4036 εἷ-

2025 4081 2144 4128 πον,
2173 4065 2253 4116 ὅτι
2285 4065 2598 4132 Δαιμόνιον
2623 4063 2771 4130 ἔχει,
2799 4062 2886 4114 ὅτε
2912 4063 3023 4123 τοῖς
3061 4062 3325 4132 μαθηταῖς
3358 4063 3698 4135 ἐπετίμησαν

2023 4142 2110 4195 διὰ
2128 4144 2235 4196 τῶν
2265 4144 2550 4214 σπορίμων
2604 4141 2930 4212 βαδίζουσιν,
2960 4142 3050 4194 ὅτε
3093 4142 3222 4211 περὶ
3261 4141 3411 4215 [620]
3457 4145 3699 4198 ἀνίπτων

2020 4221 2372 4292 διελέχθησαν
2426 4221 2643 4292 χειρῶν,
2703 4218 2980 4291 πανταχοῦ
3039 4221 3364 4292 ἀπορράψας
3409 4225 3588 4276 αὐτῶν
3632 4227 3700 4278 τα

2025 4302 2288 4372 στόματα,
2316 4306 2408 4355 καὶ
2438 4303 2534 4372 τὴν
2566 4302 2920 4370 ἀναίσχυντον
2953 4301 3240 4372 ἐμφράξας
3265 4302 3529 4370 γλῶτταν,
3557 4303 3699 4358 οὕτω

2023 4381 2404 4452 παρέπεμψεν.
2443 4380 2579 4432 Ἀλλ’
2611 4380 2760 4450 ὅμως
2788 4379 2909 4432 οὐδὲ
2936 4379 3108 4442 οὕτως
3139 4380 3482 4448 ἀφίστανται.
3513 4384 3700 4436 Τοιοῦ-

2020 4477 2112 4513 τον
2135 4460 2242 4531 γὰρ
2270 4464 2302 4529 ἠ
2331 4461 2374 4494 ⁶⁹
2403 4459 2656 4530 πονηρία,
2690 4458 2926 4512 τοιοῦτον
2955 4462 2988 4530 ἡ
3017 4459 3305 4529 βασκανία,
3344 4461 3700 4530 ἀναίσχυντον

2021 4541 2118 4594 καὶ
2161 4541 2385 4609 ἰταμόν·
2417 4539 2520 4592 κᾶν
2557 4539 2814 4609 μυριάκις
2865 4541 3246 4611 ἐπιστομισθῇ,
3288 4542 3546 4612 μυριάκις
3601 4545 3698 4611 ἐφ-

2025 4620 2239 4671 ίσταται
2271 4620 2454 4673 πάλιν.

2091 4701 2164 4752 Σὺ
2197 4699 2253 4751 δέ
2281 4717 2371 4769 μοι
2400 4700 2590 4752 σκόπει
2621 4699 2713 4752 καὶ
2751 4698 2850 4770 τὴν
2891 4700 2954 4752 ἐκ
2983 4697 3077 4751 τοῦ
3112 4699 3315 4770 τρόπου
3348 4699 3447 4768 τῆς
3489 4701 3698 4771 ἐρωτή-

2023 4793 2160 4839 σεως
2180 4777 2226 4808 "°
2261 4777 2611 4848 κακουργίαν.
2649 4778 2782 4831 066%
2814 4778 2922 4848 γὰρ
2952 4773 3103 4831 εἷπον
3142 4776 3288 4848 αύτῷ
3313 4794 3326 4808 °
3371 4778 3697 4844 Ἐκέλευσας

2021 4855 2095 4926 μὴ
2123 4854 2340 4923 ἀφιέναι
2371 4859 2605 4923 γυναῖκα
2629 4873 2641 4885 ·
2682 4857 2776 4908 καὶ
2820 4857 2929 4926 γὰρ
2985 4857 3084 4927 ήδη
3115 4851 3184 4926 ἦν
3223 4855 3352 4926 περὶ
3400 4856 3492 4908 τοῦ
3529 4859 3696 4928 νόμου

2018 4933 2207 4986 τούτου
2227 4933 2527 5004 διαλεχθείς
2547 4951 2560 4964 ·
2595 4934 2710 4988 ἀλλ’
2734 4937 2884 5005 ὅμως
2911 4934 3009 4987 ούκ
3028 4934 3437 5005 ἐμνημόνευσαν
3473 4937 3696 4992 ἐκείνων

2017 5013 2127 5066 τῶν
2157 5013 2436 5085 ῥημάτων,
2468 5014 2582 5070 ἀλλ’
2612 5015 2952 5086 ὡρμήθησαν
2978 5015 3076 5084 μὲν
3099 5014 3325 5079 ἐκεῖθεν,
3365 5016 3602 5085 οἰόμενοι
3639 5019 3696 5072 6%

2023 5095 2242 5165 μείζονα
2270 5099 2442 5149 ποιεῖν
2473 5097 2572 5167 τὴν
2597 5098 2840 5166 ἐνέδραν,
2871 5096 2966 5150 καὶ¹
3017 5094 3332 5165 βουλόμενοι
3364 5097 3444 5159 εἰς
3485 5098 3697 5151 ἀντινο-

2023 5175 2152 5244 μίας
2182 5176 2425 5247 ἀνάγκην
2454 5176 2614 5230 αὑτὸν
2640 5177 2914 5246 ἐμϐαλεῖν,
2943 5176 3003 5228 οὐ
3027 5175 3280 5243 λέγουσι,
3313 5177 3465 5229 Διατί
3501 5180 3694 5248 ἐνομο-

2023 5253 2256 5324 θέτησας
2277 5255 2339 5307 τὸ
2363 5256 2456 5309 καὶ
2478 5256 2539 5309 τό
2563 5271 2577 5320 ;
2605 5256 2719 5310 ἀλλ’
2746 5256 2820 5319 ὠς
2851 5256 3060 5319 οὐδενὸς
3101 5255 3392 5326 εἰρημένου
3418 5298 3434 5324 ,
3476 5257 3693 5327 ἐρωτῶ-

2024 5349 2128 5394 σιν,
2161 5337 2231 5388 El
2255 5334 2479 5399 ἔξεστι,
2512 5336 2915 5406 προσδοκῶντες
2934 5337 3017 5389 ὅτι
3045 5335 3395 5407 ἐπιλέλησται
3425 5335 3658 5406 εἰρηκώς
3676 5352 3690 5366 ’

2021 5413 2116 5466 καὶ
2141 5413 2290 5478 ὄντες
2326 5414 2554 5486 ἐτοιμοι,
2599 5416 2648 5468 εί
2685 5416 2782 5486 μὲν
2820 5416 2984 5481 εἴποι,
3020 5417 3104 5470 ὅτι
3137 5416 3346 5482 ἔξεστιν
3375 5417 3593 5483 ἀφεῖναι
3625 5417 3692 5477 ⁷¹,

2022 5493 2318 5548 ἀντιθεῖναι
2341 5495 2497 5567 αύτῷ
2528 5497 2596 5551 τά
2633 5497 2762 5567 παρ’
2803 5496 2969 5550 αὑτοῦ
3024 5497 3310 5569 εἰρημένα,
3345 5497 3436 5548 καὶ
3482 5497 3654 5549 εἰπεῖν
3677 5514 3692 5528 ο

2023 5573 2148 5636 Πῶς
2175 5569 2267 5626 οὖν
2288 5574 2517 5646 εἴρηκας
2539 5575 2608 5630 τὰ
2627 5577 2844 5630 ἐναντία
2865 5593 2878 5643 ;
2904 5575 3026 5630 εἰδὲ
3055 5578 3123 5631 τὰ
3146 5575 3282 5630 αύτά
3299 5575 3458 5628 πάλιν
3485 5576 3532 5605 ⁷²
3553 5575 3695 5648 ἅπερ

2471 5685 2829 5758 ⁰⁰ῥιηνεκῶς1
2874 5687 2964 5742 Sic
2993 5687 3055 5741 L.
3083 5687 3184 5758 Ep.
3214 5687 3392 5758 (κίονί
3431 5687 3694 5756 συνεχῶς,

2737 5758 2780 5790 ⁸³
2817 5759 2876 5810 τό
2906 5775 3016 5813 om.
3043 5759 3108 5814 G.
3143 5756 3206 5812 II.
3239 5758 3302 5811 K.
3341 5757 3408 5810 Μ.
3514 5759 3558 5789 ⁵³
3587 5757 3693 5830 ἐνὶ]

2749 5827 2848 5883 Ge.
2954 5829 2998 5860 "’
3029 5829 3289 5892 ἀπονοίας
3320 5827 3384 5882 G.
3415 5829 3513 5885 Ge.
3545 5830 3696 5884 Alle-

2159 5824 2442 5897 “3966M

3184 5901 3228 5934 ⁷¹
3260 5900 3478 5970 ἀφιέναι
3505 5898 3569 5953 Κ.
3617 5899 3692 5956 Μ.

2452 5845 2527 5897 μα
2555 5827 2618 5880 II.
2654 5826 2714 5881 L.
2749 5827 2848 5883 Ge.

2443 5899 2488 5929 ⁷⁰
2511 5899 2904 5970 ἐπερωτήσεως
2925 5898 2990 5954 G.
3024 5897 3089 5954 II.

241 5966 289 5996 τ’
318 5961 507 6037 πάλιν]
536 5966 662 6021 add.
697 5961 839 6019 εἴποι
871 5965 930 6019 L.
965 5966 1061 6036 Ep.
1089 5965 1213 6022 add.
1240 5966 1369 6039 εἴπῃ
1395 5967 1530 6021 Edd.
1556 5965 1887 6038 ἔμπροσθεν]
1907 5961 1929 6020 ἐ

2031 5965 2202 6037 ,εἴπῃ
2236 5964 2298 6020 II.
