4140 6376
323 353 427 410 597

321 467 568 530 dixerat,
598 466 681 521 his
708 464 882 520 verbis
911 482 924 519 :
952 463 1063 521 Cur
1098 464 1362 519 contraria
1399 462 1617 519 dixisti?
1643 465 1689 519 si
1716 463 1902 518 eadem

322 574 508 614 rursus
532 574 653 629 qua:
676 559 821 627 prius
842 558 1065 624 diceret,
1087 555 1321 627 Moysem
1346 556 1596 625 obiicere.
1620 557 1754 624 Quid
1778 571 1906 626 ergo

323 651 451 705 ille?
490 649 605 704 Non
645 649 773 703 dicit
806 666 819 699 :
849 647 953 703 Cur
989 665 1069 701 me
1106 648 1306 701 tentatis
1329 690 1344 715 ,
1376 648 1651 718 hypocrin
1678 650 1695 719 (
1718 647 1902 701 Matth.

322 742 409 795 ἓξ.
447 740 593 810 IS)?
626 741 678 795 id
717 740 856 810 quod
907 751 1087 809 postea
1126 740 1302 793 dixit:
1344 738 1435 793 sed
1478 738 1560 792 hic
1605 754 1709 793 non
1755 739 1901 792 item.

324 836 541 903 Quare?
572 835 639 891 Ut
676 851 795 888 cum
830 818 1061 904 polentia
1089 847 1182 886 sua
1209 830 1667 887 mansuetudinem
1696 847 1906 903 quoque

324 929 646 983 ostenderet.
675 927 855 997 Neque
880 927 1018 980 enim
1048 941 1258 992 semper
1289 934 1445 989 tacet,
1472 941 1537 978 ne
1561 934 1745 994 putent
1773 924 1820 977 id
1848 939 1906 977 se

326 1021 519 1084 Ialcre;
552 1034 724 1089 neque
753 1034 963 1088 semper
990 1018 1276 1088 redarguit,
1304 1027 1360 1071 ut
1390 1032 1486 1071 nos
1514 1018 1703 1071 doceat
1727 1019 1904 1070 omnia

325 1122 599 1167 mansuete
628 1127 747 1167 esse
787 1111 1024 1167 ferenda.
1063 1109 1340 1179 Quomodo
1368 1126 1493 1180 ergo
1535 1110 1639 1164 illis
1680 1124 1904 1178 rcSpon-

324 1207 453 1260 det?
479 1207 532 1260 4.
566 1205 685 1258 Non
713 1206 932 1273 legistis,
963 1205 1080 1274 quia
1120 1204 1206 1274 qui
1250 1203 1367 1269 fecit
1396 1204 1674 1267 hominem,
1708 1220 1907 1256 mascu-

324 1297 430 1352 lum
461 1306 505 1348 et
535 1297 772 1366 feminam
814 1297 929 1366 fecit
970 1296 1097 1347 eos?
1130 1294 1195 1348 Et
1237 1294 1363 1348 dixit
1392 1310 1409 1347 :
1437 1295 1489 1349 5.
1527 1293 1799 1365 PrOptcrea
1823 1312 1904 1349 re-

323 1388 511 1456 linquet
532 1389 678 1440 homo
702 1398 895 1455 patrem
916 1403 1059 1440 suum
1080 1397 1125 1441 et
1147 1396 1355 1440 matrem
1374 1404 1538 1454 suam,
1569 1397 1613 1440 et
1635 1386 1906 1439 adluercbit

324 1486 471 1536 uxori
508 1499 633 1546 suae,
662 1493 709 1537 et
753 1494 896 1537 erunt
923 1484 1024 1536 due
1050 1483 1104 1537 in
1135 1500 1285 1537 carne
1310 1501 1411 1537 una
1438 1483 1587 1555 (Gen.
1617 1483 1670 1537 2.
1703 1483 1813 1555 ⁸24).
1850 1484 1903 1539 6.

325 1577 507 1648 Itaque
523 1579 636 1647 jam
661 1595 760 1630 non
781 1587 895 1630 sunt
920 1577 1037 1634 duo.
1060 1578 1150 1630 sed
1175 1595 1276 1631 una
1296 1594 1435 1631 caro.
1462 1577 1610 1644 Quod
1631 1595 1744 1647 ergo
1768 1577 1906 1632 Deus

323 1669 606 1738 conjunxit,
656 1668 802 1721 homo
838 1685 936 1721 non
974 1679 1187 1737 separet.
1216 1667 1348 1723 Vide
1386 1669 1695 1737 sapientiam
1736 1669 1905 1738 Inagic

323 1760 440 1812 stri.
483 1759 839 1828 Interrogatus
878 1759 1045 1824 enim,
1083 1759 1141 1813 Si
1186 1758 1317 1819 licet,
1368 1776 1472 1812 non
1516 1759 1695 1812 statim
1742 1759 1901 1825 dicit,

322 1849 439 1905 Non
468 1852 620 1913 licet,
656 1866 721 1905 ne
753 1852 1225 1920 perturbarentur;
1255 1850 1346 1903 sed
1374 1860 1653 1919 antequam
1685 1860 1902 1903 sentcn-

324 1941 450 1994 tiam
482 1942 713 2004 diceret,
745 1958 837 2010 per
865 1953 1172 2012 apparatum
1205 1942 1351 1995 illutn
1380 1941 1431 1995 id
1462 1941 1659 2010 liquido
1685 1942 1901 2005 statuit,

322 2032 613 2088 ostendens
640 2032 808 2086 Patris
839 2033 917 2087 sui
946 2047 1064 2087 eSse
1106 2042 1428 2102 praeceptum
1448 2072 1464 2098 ,
1495 2048 1591 2087 nec
1616 2031 1781 2103 Moysi
1806 2032 1903 2086 ad-

322 2135 596 2178 versatum
623 2139 679 2178 se
713 2123 811 2177 hoc
843 2124 1178 2193 pra-cepisse.
1210 2123 1586 2177 Animadverte
1625 2132 1799 2177 autem
1837 2122 1904 2177 il-

323 2216 434 2271 lum
468 2232 571 2269 non
599 2232 629 2268 ιι
656 2216 927 2270 creatione
964 2216 1134 2268 solum
1176 2214 1303 2267 illud
1342 2215 1606 2268 affirmare
1629 2255 1644 2278 ,
1675 2214 1767 2268 sed
1793 2222 1848 2267 et
1874 2228 1903 2265 a

325 2318 590 2376 praecepto
625 2307 762 2375 ejus.
800 2305 915 2361 Non
954 2304 1094 2359 enim
1124 2304 1289 2370 dixit,
1322 2304 1493 2374 ipsum
1524 2304 1713 2359 fecisse
1739 2319 1902 2357 unum

324 2406 526 2452 tantum
552 2398 820 2453 hominem
850 2412 1113 2466 unamque
1140 2396 1411 2451 mulierem
1434 2411 1449 2461 ;
1473 2394 1566 2450 sed
1589 2396 1749 2450 etiam
1773 2411 1906 2464 pra:—

322 2489 562 2557 cepisse,
589 2501 645 2542 ut
674 2503 811 2542 unus
841 2487 930 2541 uni
959 2487 1315 2556 copularetur.
1348 2484 1403 2541 Si
1433 2486 1686 2540 voluisset
1727 2494 1902 2539 autem

276 2640 283 2643 _
323 2579 461 2636 hanc
488 2580 702 2645 dimitti,
731 2580 887 2633 aliam
916 2580 1057 2645 duci,
1089 2595 1209 2634 cum
1250 2594 1411 2633 unum
1460 2580 1728 2632 hominem
1758 2577 1901 2645 fecit,

321 2674 516 2729 multas
562 2672 773 2729 fecisset
818 2672 1092 2727 mulieres.
1140 2670 1291 2725 Nunc
1331 2679 1505 2724 autem
1544 2680 1598 2725 et
1635 2686 1700 2724 ex
1745 2667 1904 2724 modo

284 2820 289 2824 .
320 2768 608 2824 creationis
642 2776 696 2822 et
736 2781 803 2822 ex
845 2766 1014 2819 forma
1051 2764 1180 2834 legis
1218 2763 1484 2829 ostendit,
1518 2778 1678 2816 unum
1708 2761 1904 2817 debere

319 2875 535 2930 semper
559 2874 683 2914 cum
721 2874 821 2913 una
865 2856 1103 2911 habitare
1126 2897 1140 2919 ,
1172 2871 1343 2925 neque
1373 2870 1618 2923 umquam
1646 2855 1901 2923 separari.

321 2951 389 3005 Et
415 2950 534 3005 vide
561 2950 825 3021 quomodo
854 2948 993 3003 dicat
1022 2966 1035 3001 :
1068 2946 1166 3011 Qui
1199 2948 1315 3015 fecit
1345 2964 1375 2999 a
1406 2946 1671 3015 principio,
1705 2962 1904 2997 mascu-

321 3041 427 3095 lum
458 3050 504 3093 et
529 3040 767 3111 feminam
792 3039 908 3107 fecit
936 3052 1053 3096 eos;
1084 3036 1183 3090 hoc
1208 3044 1317 3097 est,
1343 3052 1406 3090 ex
1439 3051 1537 3087 una
1572 3034 1748 3089 radice.
1780 3034 1902 3088 facti

321 3138 477 3196 sunt,
507 3140 561 3185 et.
601 3130 650 3183 in
680 3145 844 3183 unum
875 3144 1067 3198 Corpus
1108 3138 1489 3181 convenerunt.
1534 3124 1695 3178 Erunt
1722 3127 1899 3191 enim,

321 3222 524 3292 inquit,
553 3223 653 3274 duo
678 3222 731 3274 in
758 3236 907 3273 carne
944 3236 1065 3273 una.
1106 3219 1304 3272 Deinde
1344 3217 1630 3270 ostendens
1664 3226 1901 3270 tremen-

320 3316 445 3369 dum
476 3331 595 3369 esse
627 3315 762 3368 hanc
791 3315 956 3382 legem
989 3327 1259 3377 accusare,
1291 3312 1563 3379 ipsamque
1592 3310 1762 3380 legem
1794 3318 1901 3361 sta-

323 3416 498 3468 tuens,
528 3421 633 3458 non
663 3404 814 3465 dixit,
845 3403 921 3458 Ne
948 3403 1261 3471 disjungatis
1293 3402 1467 3471 igitur,
1502 3417 1566 3454 ne
1598 3400 1855 3468 separetis
1882 3415 1897 3453 :

321 3498 415 3551 sed
449 3497 612 3566 quid?
643 3496 789 3562 Quod
818 3495 954 3550 l‘eus
987 3496 1268 3566 conjunxit,
1298 3482 1445 3548 homo
1476 3512 1573 3547 non
1601 3503 1811 3563 separet.
1843 3492 1900 3547 Si

320 3590 555 3661 hloysctn
583 3605 838 3659 opponas,
863 3604 961 3658 ego
984 3588 1072 3641 tibi
1102 3588 1296 3659 Moysis
1320 3588 1598 3641 Dominum
1623 3586 1837 3640 afferam
1858 3587 1896 3651 ³,

320 3682 553 3752 itemque
583 3697 612 3735 a
647 3693 881 3749 tempore
920 3673 1163 3735 Iirmaho.
1208 3678 1342 3732 Nam
1389 3678 1531 3732 Deus
1570 3694 1598 3729 a
1644 3677 1899 3747 principio

320 3776 613 3829 masculum
640 3786 692 3828 et
722 3774 970 3829 feminam
1001 3774 1122 3827 fecit
1148 3788 1240 3827 eos
1271 3771 1435 3842 (Gen.
1467 3773 1517 3825 1.
1541 3772 1647 3841 27)
1674 3789 1685 3823 :
1715 3788 1777 3825 ac
1806 3787 1899 3825 ve-

320 3868 610 3921 tustissima
640 3866 723 3921 lex
756 3875 838 3920 cst
859 3908 873 3931 ,
908 3865 1029 3921 licet
1065 3863 1303 3917 videatur
1333 3878 1473 3917 nunc
1496 3879 1526 3917 a
1555 3878 1641 3917 me
1672 3844 1898 3931 primum

320 3956 521 4019 induci,
547 3967 600 4010 et
622 3956 1016 4010 accuratissime
1041 3964 1235 4009 statuta
1264 3954 1376 4008 fuit.
1403 3954 1584 4024 Neque
1609 3956 1748 4008 enim
1773 3956 1899 4008 sim-

320 4048 534 4119 pliciter
559 4048 837 4101 mulierem
865 4047 929 4101 ad
963 4049 1128 4101 virum
1155 4045 1393 4111 adduxit,
1417 4046 1508 4099 sed
1536 4046 1693 4114 jussit
1715 4056 1769 4101 et
1788 4062 1900 4100 ma—

322 4150 459 4195 trem
491 4150 545 4196 et
571 4149 776 4212 patrem
821 4141 1139 4209 relinquere.
1185 4140 1367 4208 Neque
1397 4138 1461 4192 ad
1494 4140 1768 4193 mulierem
1799 4154 1903 4193 ac—

320 4233 517 4288 cedere
545 4242 749 4287 tantum
773 4232 963 4301 jussit,
988 4232 1080 4285 sed
1111 4240 1165 4285 et
1203 4231 1275 4284 illi
1310 4230 1583 4284 adhaerere
1606 4271 1622 4296 ,
1649 4246 1715 4285 ex
1744 4230 1902 4285 modo

320 4325 533 4381 dicendi
560 4325 787 4394 disjungi
830 4340 936 4378 non
976 4339 1133 4394 posse
1163 4322 1460 4377 declarans.
1488 4322 1669 4391 Neque
1697 4322 1747 4376 id
1775 4323 1901 4376 satis

320 4417 538 4479 habuit,
569 4416 663 4471 sed
693 4426 746 4469 et
772 4416 930 4469 aliam
968 4414 1223 4484 majorem
1250 4414 1683 4480 conjunctionem
1712 4413 1901 4483 exqui-

319 4510 446 4564 sivit
470 4528 483 4563 :
515 4508 676 4562 Erunt
702 4508 802 4561 duo
828 4510 880 4561 in
904 4522 1054 4561 carne
1077 4524 1197 4570 una,
1228 4506 1415 4576 inquit.

392 4600 447 4654 9..
483 4599 685 4654 Deinde
726 4600 897 4668 prisca
940 4599 1155 4653 recitata
1195 4598 1310 4668 lege
1333 4638 1348 4661 ,
1378 4612 1497 4667 qure
1528 4605 1582 4652 et
1618 4596 1817 4652 rebus’
1850 4603 1905 4652 et

320 4693 501 4749 verbis
539 4691 747 4747 inducta
784 4690 916 4755 fuit,
947 4700 1227 4761 postquam
1267 4689 1409 4743 illam
1457 4687 1561 4742 ﬁde
1596 4688 1807 4758 dignam
1838 4704 1902 4741 ex

322 4785 654 4856 Legislature
683 4784 1097 4846 demonstravit,
1130 4797 1249 4835 cum
1276 4788 1538 4849 potestate
1570 4779 1712 4832 illam
1738 4778 1902 4832 inter-

325 4886 582 4947 pretatur,
609 4886 665 4930 et
691 4875 859 4944 legem
890 4874 1058 4927 sancit
1083 4872 1265 4927 dicens
1291 4890 1303 4926 :
1330 4871 1649 4942 Quapropter
1668 4872 1780 4940 jam
1804 4887 1903 4924 non

320 4980 437 5023 sunt
464 4968 587 5033 duo,
614 4969 702 5021 scd
732 4983 832 5019 una
858 4982 996 5018 caro.
1024 4962 1172 5019 Sicut
1198 4978 1323 5032 ergo
1348 4978 1562 5016 carnem
1585 4977 1766 5016 secare
1791 4976 1906 5015 sce-

325 5060 519 5113 lestum
550 5068 665 5123 est,
692 5058 761 5111 ita
802 5067 854 5112 et
893 5071 1113 5109 uxorem
1152 5053 1402 5108 dirimere
1444 5053 1698 5122 iniquum.
1725 5050 1905 5121 Neque

327 5150 413 5205 hic
439 5150 606 5213 stetit,
633 5150 726 5204 sed
755 5149 918 5202 Demn
946 5162 1155 5217 quoque
1179 5146 1353 5199 attulit
1377 5145 1557 5199 dicens
1583 5164 1595 5198 :
1624 5145 1771 5211 Quod
1790 5162 1905 5215 ergo

327 5242 465 5296 Deus
490 5243 784 5311 conjunxit,
814 5241 961 5293 homo
990 5255 1089 5292 non
1116 5247 1349 5307 separet;
1380 5236 1666 5290 ostendens
1698 5237 1823 5290 illud
1854 5247 1907 5290 et

324 5343 513 5387 contra
559 5341 797 5386 naturam
840 5340 892 5384 Cl
933 5340 1114 5384 COIIII‘Q
1155 5329 1321 5397 legem
1352 5342 1471 5381 esse
1500 5344 1512 5380 ε
1541 5339 1724 5381 contra
1753 5338 1906 5380 natu»

329 5440 479 5493 ram,
510 5423 632 5495 quia
665 5438 769 5476 una
802 5437 927 5476 caro
957 5420 1288 5484 dissecatur;
1320 5428 1503 5472 contra
1545 5418 1754 5487 legem,
1783 5419 1904 5487 quia

272 5586 273 5589 η
328 5530 451 5572 cum
480 5516 622 5572 Deus
644 5512 981 5584 conjuuxerit
1003 5552 1018 5578 ,
1047 5521 1097 5567 et
1120 5510 1339 5582 jusserit
1368 5525 1469 5564 non
1498 5524 1747 5579 separare
1766 5551 1781 5576 ,
1813 5523 1906 5563 vos

393 5669 418 5731 'A
449 5665 642 5731 Alius:
665 5675 872 5731 Moysem
889 5677 1119 5729 apponas,
1143 5677 1231 5729 ego
1268 5677 1362 5716 non
1404 5666 1553 5730 aﬁ‘ero
1574 5664 1659 5717 tibi
1680 5674 1902 5731 uoysem,

396 5816 419 5847 ⁸
452 5820 581 5865 unus
597 5813 763 5873 habet,
788 5811 959 5875 literis,
985 5825 1089 5876 ira,
1114 5810 1271 5863 rebus.

640 5908 913 5969 Psrncc.
961 5908 1078 5971 GR.
1126 5905 1346 5968 LVIII.

1312 351 1376 407 IN
1415 350 1820 407 ΜΑΤἸΊΙᾹΕΗΜ
1865 349 2095 406 1103111..
2135 352 2295 410 LXII.
2332 355 2403 410 al.
2448 355 2634 411 LXIII.

3488 371 3591 425 598

2013 465 2062 520 id
2109 466 2283 523 facere
2324 471 2561 530 tentatis.
2598 471 2734 539 Quid
2774 473 2932 543 igitur
2975 487 3094 546 post
3138 477 3252 534 ha-c
3289 479 3589 539 iaciendum

2009 558 2158 611 erat?
2196 574 2372 615 nonne
2408 562 2827 631 quiescendum,
2874 581 3051 622 nonne
3092 569 3349 625 laudanda
3381 588 3440 627 ea
3473 590 3591 645 quas

2008 647 2147 701 dicta
2174 650 2366 704 erant?
2394 668 2570 707 nonne
2596 654 2847 710 admirari
2878 660 3155 726 oportebat
3196 661 3338 715 illam
3380 667 3578 734 sapien-

2012 742 2177 794 tiam?
2206 758 2381 797 nonne
2409 745 2786 815 obstupescere
2811 748 2877 803 de
2906 760 3046 803 tanta
3073 768 3191 805 cum
3219 753 3375 809 Patre
3400 772 3587 811 conso-

2010 832 2226 886 nantia?
2257 834 2361 888 Sed
2393 836 2519 889 nihil
2550 836 2738 891 horum
2773 840 2988 908 facitmt,
3015 852 3064 895 et
3087 846 3235 913 quasi
3261 849 3591 905 contentiose

2009 923 2157 978 aiunt
2188 942 2200 977 :
2234 926 2285 980 7.
2319 926 2583 993 Quomodo
2621 946 2739 998 ergo
2784 930 2985 1001 Moyses
3015 934 3170 1004 jussit
3207 936 3329 989 dare
3367 938 3590 995 libellum

2009 1018 2239 1088 repudii,
2267 1031 2313 1073 et
2343 1022 2591 1076 dimittere
2628 1024 2770 1077 illam
2801 1026 2987 1095 (Deut.
3026 1029 3113 1083 24.
3150 1031 3251 1099 I)?
3280 1033 3391 1089 Iloc
3432 1052 3592 1105 porro

2009 1123 2114 1161 non
2144 1108 2216 1162 illi
2243 1109 2509 1166 debebant
2528 1113 2779 1182 objicere,
2806 1118 2898 1171 Sed
2922 1118 3164 1174 Christus
3191 1123 3292 1177 illis
3321 1136 3589 1182 :attamen

2009 1216 2115 1255 non
2141 1203 2310 1272 carpit
2336 1205 2469 1269 illos,
2504 1222 2673 1277 neque
2696 1209 2825 1264 dicit
2846 1211 2944 1277 eis,
2966 1211 3107 1268 Nihil
3129 1214 3229 1270 hoc
3255 1216 3319 1270 ad
3348 1235 3434 1273 me
3454 1237 3468 1283 ;
3492 1221 3589 1275 sed

2011 1295 2147 1350 hanc
2188 1296 2541 1366 objectionem
2583 1301 2762 1355 solvit.
2809 1304 2968 1373 Atqui
3015 1306 3058 1359 si
3097 1309 3370 1377 oppositus
3409 1310 3590 1367 Veteri

2010 1388 2352 1446 Testamento
2381 1390 2600 1455 fuisset,
2631 1409 2735 1448 non
2767 1410 2863 1465 pro
2892 1397 3073 1468 Moyse
3105 1399 3464 1469 disputasset;
3497 1420 3591 1458 ne-

2009 1495 2112 1549 que
2139 1497 2202 1535 ex
2237 1482 2299 1535 iis
2325 1499 2442 1552 quze
2472 1485 2636 1539 semel
2669 1486 2737 1540 ab
2778 1488 2927 1541 initio
2957 1489 3092 1544 facta
3134 1502 3290 1556 sunt,
3322 1494 3463 1550 dicta
3495 1511 3588 1551 sua

2008 1572 2413 1641 confirmasset,
2454 1592 2625 1645 neque
2667 1578 2948 1635 ostendere
2994 1582 3285 1639 smduisset
3329 1602 3422 1639 sua
3466 1604 3589 1643 cum

2010 1665 2196 1733 priscis
2240 1665 2346 1720 illis
2387 1669 2708 1724 consentire.
2743 1671 2850 1723 Etsi
2888 1688 3015 1727 vero
3053 1676 3212 1727 multa
3250 1677 3348 1729 alia
3380 1678 3589 1750 Moyses

2004 1758 2241 1823 jusserit,
2277 1769 2384 1811 tum
2413 1759 2478 1812 de
2504 1760 2654 1825 cibis,
2688 1771 2796 1815 tum
2822 1762 2887 1817 de
2912 1763 3143 1819 sabbatis
3169 1784 3181 1831 ;
3210 1783 3304 1819 cur
3331 1785 3588 1838 nusquam

2011 1847 2151 1900 illum
2182 1848 2281 1916 ipsi
2317 1860 2610 1919 opponunt,
2642 1863 2698 1905 ut
2728 1852 2825 1906 hoc
2852 1857 3009 1908 loco?
3035 1858 3164 1921 Quia
3205 1858 3255 1911 id
3281 1860 3587 1927 studebant,

2010 1946 2066 1992 ut
2106 1939 2336 1993 virorum
2377 1941 2767 1997 multitudinem
2810 1957 2992 1999 eontra
3045 1947 3189 2001 illum
3234 1952 3587 2007 concitarent.

2009 2029 2139 2084 Nam
2170 2030 2296 2085 illud
2318 2030 2486 2086 Judaei
2514 2034 2875 2091 indifferenter
2902 2037 3273 2108 observabant,
3299 2057 3591 2114 omnesque

1966 2190 1967 2193 η
2008 2122 2060 2176 id
2088 2123 2243 2193 vulgo
2272 2123 2599 2179 factitabant.
2634 2126 2757 2181 Ideo
2779 2144 2896 2182 cum
2933 2132 3098 2185 multa
3124 2133 3176 2186 in
3207 2144 3387 2191 monte
3416 2135 3592 2192 disse-

2008 2215 2217 2280 ruisset,
2253 2216 2409 2286 hujus
2438 2228 2637 2272 tantum
2672 2221 2902 2274 mandati
2935 2238 3073 2277 nunc
3101 2227 3421 2281 mentionem
3450 2227 3590 2284 fece-

2009 2318 2148 2361 rnnt.
2180 2309 2425 2363 Attamen
2458 2309 2737 2365 ineliabilis
2762 2312 2847 2365 illa
2874 2312 3142 2381 Sapientia
3172 2330 3268 2385 pro
3294 2316 3376 2372 his
3405 2318 3590 2373 defen-

2005 2401 2211 2455 sionem
2256 2411 2408 2469 parat
2444 2410 2499 2456 et
2537 2401 2663 2456 dicit
2696 2420 2708 2456 :
2740 2402 2792 2457 8.
2840 2403 3091 2470 Quoniam
3124 2406 3323 2477 Moyses
3348 2409 3418 2461 ad
3442 2410 3589 2463 duri-

2006 2496 2128 2546 tiam
2157 2494 2325 2546 cordis
2353 2493 2502 2547 restri
2530 2495 2601 2547 ita
2634 2494 2741 2565 lege
2781 2498 3035 2566 prtecepit.
3078 2496 3259 2568 Neque
3290 2499 3434 2554 illum
3463 2499 3590 2557 sinit

2006 2585 2344 2639 accusatione
2381 2583 2562 2655 impeti
2593 2604 2606 2639 :
2636 2602 2757 2641 nam
2791 2588 2901 2656 ipse
2933 2600 3045 2642 erat
3070 2591 3157 2659 qui
3189 2591 3354 2661 legem
3387 2592 3462 2647 illi
3492 2593 3589 2648 de-

2005 2674 2193 2740 derat;
2231 2674 2326 2730 sed
2370 2676 2515 2729 illum
2552 2692 2580 2730 a
2619 2678 2770 2746 culpa
2814 2679 3037 2743 liberat,
3063 2691 3116 2735 et
3144 2690 3309 2737 totum
3343 2699 3397 2738 In
3430 2693 3590 2754 caput

2008 2766 2219 2821 illorum
2245 2768 2541 2835 convertit;
2571 2769 2710 2838 quod
2736 2770 2894 2825 etiam
2923 2770 3114 2841 ubique
3142 2772 3284 2837 facit.
3311 2773 3443 2828 Nam
3465 2791 3587 2831 cum

2005 2859 2295 2928 discipulos
2323 2862 2497 2931 spicas
2522 2862 2774 2917 vellentes
2799 2864 3232 2931 criminarentur,
3264 2868 3406 2936 ipsos
3432 2883 3591 2922 accu-

2007 2961 2215 3006 satores
2256 2953 2307 3005 in
2355 2953 2507 3022 eulpa
2551 2968 2672 3008 esse
2712 2955 2989 3009 ostendit:
3021 2965 3076 3010 et
3112 2972 3233 3012 cum
3277 2959 3590 3014 incusabant

2005 3045 2144 3115 quod
2186 3045 2345 3099 illotis
2379 3046 2621 3100 manibus
2650 3049 3058 3114 manducarent,
3093 3052 3236 3119 ipsos
3263 3066 3385 3106 esse
3417 3062 3590 3107 trans-

2003 3152 2279 3206 gressores
2324 3137 2701 3206 contprobabat
2726 3179 2742 3203 ,
2772 3148 2826 3194 et
2865 3157 2985 3195 cum
3025 3141 3093 3197 de
3134 3142 3392 3210 sabbato,
3427 3154 3590 3214 atque

2006 3227 2230 3297 ubique,
2273 3239 2328 3281 ut
2372 3227 2474 3282 hoc
2514 3228 2651 3283 loco.
2700 3229 2902 3285 Deinde
2940 3231 3061 3300 quia
3111 3232 3161 3284 id
3203 3232 3341 3301 quod
3381 3233 3590 3289 dixerat

2003 3333 2288 3373 onerosum
2315 3328 2448 3386 erat,
2476 3320 2866 3391 admodumque
2905 3322 3024 3376 illos
3048 3324 3317 3391 carpebat,
3345 3325 3410 3378 ad
3434 3335 3589 3381 vete-

2004 3424 2115 3463 rem
2148 3425 2330 3463 rursus
2360 3409 2528 3480 legem
2559 3426 2860 3465 sermonem
2889 3414 2995 3466 cito
3027 3414 3313 3479 transfert,
3343 3426 3589 3485 repetens

2003 3500 2056 3554 id
2088 3502 2227 3569 quod
2266 3516 2427 3570 supra
2456 3501 2627 3555 dixit:
2657 3502 2701 3555 Α
2737 3503 2987 3572 principio
3028 3514 3192 3558 autem
3223 3522 3321 3558 non
3351 3506 3447 3573 fuit
3473 3508 3587 3573 sic;

2005 3592 2054 3647 id
2088 3602 2202 3658 est,
2235 3610 2299 3648 ex
2327 3594 2487 3648 rebus
2513 3595 2640 3663 ipsis
2668 3596 2933 3649 contraria
2967 3596 3106 3651 Deus
3135 3610 3161 3647 a
3192 3597 3450 3665 principio
3476 3606 3589 3651 sta-

2005 3687 2121 3741 tuit.
2162 3686 2239 3743 Ne
2282 3686 2518 3741 dicerent
2553 3688 2695 3741 enim
2730 3700 2745 3739 :
2776 3686 2927 3742 Unde
2972 3688 3140 3756 palam
3190 3689 3342 3743 nobis
3379 3690 3483 3744 erit
3519 3691 3590 3744 ob

2004 3778 2251 3833 duritiam
2297 3789 2531 3834 nostram
2580 3781 2681 3833 hoc
2724 3780 2922 3835 dixisse
2967 3781 3246 3852 ltloysem?
3298 3783 3419 3838 hinc
3468 3784 3588 3839 illos

2004 3886 2217 3925 rursum
2247 3871 2567 3941 comprimit.
2598 3871 2730 3925 Nam
2770 3872 2815 3926 si
2856 3872 2971 3926 lucc
3009 3874 3089 3926 lex
3124 3874 3384 3942 praecipua
3416 3877 3588 3931 utilis-

2002 3977 2107 4032 que
2137 3962 2341 4027 fuisset,
2371 3978 2474 4015 non
2507 3962 2595 4016 illa
2620 3962 2723 4016 alia
2747 3976 2776 4015 a
2808 3963 3065 4032 principio
3093 3963 3212 4017 data
3241 3963 3425 4019 fuisset
3448 3982 3462 4018 :
3488 3981 3589 4021 nec

2004 4055 2083 4109 sic
2107 4055 2444 4109 ell‘urmasset
2476 4055 2635 4119 Deus,
2668 4071 2840 4126 neque
2866 4054 2986 4109 talia
3012 4057 3215 4111 diceret
3242 4076 3254 4110 :
3282 4058 3335 4113 9.
3367 4057 3475 4129 Ego
3494 4074 3590 4111 au-

2006 4158 2103 4201 tem
2126 4148 2237 4202 dico
2265 4148 2421 4213 vobis,
2448 4150 2566 4217 quia
2592 4149 2890 4216 quicumque
2917 4150 3162 4202 dimiserit
3184 4166 3392 4204 uxorem
3419 4167 3586 4216 suam,

2004 4256 2209 4310 excepta
2230 4256 2383 4293 causa
2404 4239 2768 4311 fornicationis,
2796 4250 2842 4294 et
2870 4240 3023 4293 aliam
3045 4240 3264 4306 duxerit,
3290 4241 3585 4297 nunc/tatur.

2008 4332 2290 4402 Postquam
2314 4332 2431 4385 illos
2452 4330 2519 4386 ad
2542 4331 2809 4386 silentium
2834 4332 3105 4400 compulit,
3130 4347 3249 4386 cum
3273 4333 3589 4389 auctoritate

2008 4424 2176 4494 legem
2199 4425 2402 4491 statuit,
2431 4435 2485 4479 ut
2510 4440 2629 4479 cum
2654 4424 2720 4480 de
2741 4424 2895 4490 cibis,
2920 4435 2972 4478 ct
2996 4440 3115 4478 cum
3137 4424 3203 4477 de
3225 4425 3444 4479 sabbato
3464 4441 3589 4495 age-

2007 4527 2109 4571 ret.
2140 4515 2269 4570 Nam
2298 4517 2365 4570 de
2394 4516 2526 4571 cibis
2544 4556 2559 4580 ,
2592 4527 2871 4586 postquam
2900 4516 3018 4570 illos
3042 4515 3404 4571 conl‘utm'erat
3422 4557 3438 4582 ,
3465 4532 3586 4571 cum

2009 4611 2178 4663 turbis
2206 4608 2471 4673 disseruit,
2502 4609 2706 4671 dicens,
2739 4624 2845 4662 non
2874 4608 2923 4661 id
2952 4607 3094 4677 quod
3122 4607 3415 4677 ingreditur
3440 4607 3589 4662 coin-

2008 4702 2228 4771 quinare
2248 4700 2516 4756 hominem
2538 4699 2753 4768 (Matth.
2778 4699 2863 4754 I5.
2888 4696 2977 4767 11)
2997 4715 3011 4764 ;
3036 4707 3090 4753 et
3113 4697 3179 4753 de
3198 4698 3440 4765 sabbato,
3464 4713 3587 4753 cum

2009 4793 2126 4846 illos
2154 4792 2551 4857 confutavisset,
2581 4788 2709 4845 dicit
2744 4807 2759 4844 :
2783 4788 2968 4859 Itaque
2995 4791 3106 4843 licet
3133 4790 3184 4843 in
3210 4789 3413 4844 sabbato
3440 4787 3593 4842 bene-

2010 4886 2177 4952 facere
2200 4881 2410 4952 (Matth.
2439 4881 2525 4937 12.
2554 4880 2642 4953 15)
2667 4899 2680 4937 ;
2709 4880 2797 4935 hic
2826 4896 3036 4951 quoque
3056 4881 3243 4935 eodem
3271 4880 3449 4935 modo.
3480 4879 3588 4935 Sed

2008 4973 2149 5043 quod
2194 4974 2265 5029 ibi
2306 4972 2526 5040 accidit,
2566 4972 2653 5028 hic
2691 4988 2900 5043 quoque
2928 4972 3121 5026 evenit.
3154 4970 3302 5027 Sicut
3334 4971 3477 5025 enim
3517 4972 3590 5028 ibi

2009 5065 2206 5120 Iudaeis
2234 5064 2496 5131 refutatis,
2523 5063 2766 5134 discipuli
2802 5063 2995 5119 turbati
3025 5072 3167 5129 sunt,
3196 5072 3250 5118 et
3275 5064 3591 5119 accedentes

2010 5157 2074 5209 ad
2100 5172 2220 5212 eum
2246 5172 2366 5211 cum
2396 5157 2552 5211 Petro
2575 5156 2822 5211 dixerunt
2849 5174 2862 5209 :
2894 5154 3105 5225 Expone
3130 5155 3270 5210 nobis
3296 5158 3592 5223 parabolam

2011 5251 2140 5303 hanc
2168 5248 2392 5319 (Matth.
2422 5251 2505 5303 15.
2538 5246 2641 5319 '56)
2670 5265 2683 5300 :
2710 5248 2789 5303 sic
2815 5262 2955 5301 nunc
2979 5263 3189 5319 quoque
3218 5249 3410 5303 turbati
3439 5248 3590 5303 dice-

2011 5342 2137 5395 bant
2163 5360 2177 5394 :
2209 5340 2295 5395 10.
2325 5341 2383 5394 Si
2406 5342 2474 5393 ita
2498 5350 2568 5393 est
2597 5355 2750 5392 causa
2771 5338 3008 5403 hominis,
3039 5338 3238 5410 eapedit
3260 5354 3360 5391 non
3384 5337 3588 5392 nubere.

2013 5433 2218 5487 Etenim
2246 5448 2383 5486 nunc
2410 5431 2597 5484 melius
2618 5446 2775 5500 quam
2797 5441 2949 5484 antea
2969 5430 3167 5484 dictum
3190 5429 3588 5485 intellexerunt.

2013 5522 2240 5593 Ideoque
2269 5532 2390 5577 tunc
2420 5523 2677 5576 siluerunt
2703 5539 2717 5588 ;
2748 5536 2886 5576 nunc
2913 5536 3060 5589 vero,
3091 5521 3212 5593 quia
3242 5521 3472 5591 objectio
3499 5537 3591 5577 re-

2010 5619 2331 5687 sponsioque
2358 5615 2585 5686 prodiit,
2611 5625 2664 5671 et
2695 5616 3038 5686 interrogatio
3064 5632 3184 5673 cum
3213 5614 3589 5686 explicatione,

2012 5711 2201 5782 lexque
2224 5710 2420 5765 clarior
2448 5710 2581 5764 facta
2620 5717 2735 5773 est,
2767 5718 3094 5781 tnterrogant
3136 5710 3285 5764 illum
3322 5718 3378 5763 et
3411 5708 3591 5780 palam

2011 5801 2376 5860 contradicere
2400 5816 2506 5859 non
2535 5803 2734 5860 audent
2762 5817 2778 5861 :
2799 5801 2941 5874 quod
2964 5811 3143 5858 autem
3170 5816 3230 5855 ea
3259 5801 3312 5857 in
3340 5816 3401 5858 re
3426 5814 3591 5872 grave

3218 5902 3261 5967 9
