4140 6376
598 382 716 439 B99

609 506 663 547 et
688 509 970 550 onerosum
1001 493 1228 558 videtur,
1250 492 1307 546 in
1334 492 1564 546 medium
1591 490 1876 547 adducunt.
1905 488 2144 543 dicentes
2175 504 2188 541 :

608 586 674 647 Si
701 589 771 642 ita
792 599 862 643 est
884 604 1036 641 causa
1058 585 1274 639 heminis
1295 601 1408 636 cum
1434 600 1607 648 uxore,
1637 599 1735 635 non
1764 581 1961 651 expedit
1988 581 2190 633 nubere.

609 686 741 742 Nam
770 682 922 737 valde
945 695 1231 735 onerosum
1252 678 1528 732 videbatur
1551 690 1769 729 uxorem
1791 675 1932 727 omni
1958 673 2191 742 nequitia

612 777 820 847 plenam
849 774 1067 836 habere,
1094 780 1149 826 et
1179 770 1425 835 tolerare,
1455 768 1874 837 indomitamque
1904 765 2069 821 femn
2108 767 2193 819 in-

612 879 695 922 IUS
724 880 959 921 SCI‘VﬂI‘C.

681 960 735 1014 5.
780 957 1123 1028 Virginitatem
1165 954 1396 1011 Christus
1437 954 1629 1008 occulte
1666 952 1915 1025 quomodo
1958 950 2187 1006 suadeat.

612 1052 778 1108 Suum
808 1050 1041 1104 mutitare
1066 1064 1247 1119 corpus
1276 1052 1436 1117 nefas.
1463 1046 1704 1100 Doctrina
1731 1046 1793 1099 de
1817 1046 1923 1115 fato
1952 1054 1999 1099 et
2024 1060 2193 1098 neces-

609 1146 756 1198 sitate
783 1142 1081 1213 perniciosa.
1113 1170 1186 1179 —
1213 1140 1275 1193 Et
1302 1148 1360 1192 ut
1388 1138 1561 1192 discas
1580 1178 1595 1203 ,
1627 1136 1729 1191 hoc
1755 1135 1876 1190 illos
1903 1135 2189 1191 admodum

611 1237 854 1291 turbasse
879 1276 893 1300 ,
921 1234 1128 1288 Marcus
1157 1230 1467 1287 referendus
1506 1242 1588 1284 est
1613 1229 1793 1283 dicens
1821 1229 1938 1283 illos
1965 1227 2189 1283 seorsim

609 1329 715 1396 ipsi
742 1329 989 1397 loquutos
1008 1340 1144 1380 esse.
1178 1325 1313 1391 Quid
1340 1333 1437 1386 est,
1474 1323 1536 1378 Si
1570 1323 1641 1375 ita
1677 1333 1749 1376 est
1792 1338 1946 1375 causa
1975 1322 2191 1375 hominis

610 1441 729 1479 cum
747 1439 906 1475 uxore
924 1422 1114 1487 (Marc.
1136 1421 1221 1473 10.
1248 1419 1314 1473 10
1332 1417 1442 1489 )‘tld
1460 1417 1630 1483 est,Si
1648 1420 1720 1471 ita
1735 1417 2009 1487 conjuncti
2027 1426 2179 1480 sunt,

596 1527 673 1571 ἰιι
694 1529 863 1569 unum
888 1513 997 1567 sint
1020 1528 1034 1577 ;
1060 1512 1165 1572 vel,
1183 1510 1242 1564 Si
1277 1512 1377 1564 hac
1396 1508 1463 1564 de
1484 1524 1648 1565 causa
1677 1510 1757 1564 sic
1773 1510 1858 1562 vir
1886 1507 2181 1564 adstrictus

613 1616 775 1661 estut
803 1619 1017 1673 semper
1047 1604 1457 1673 praavaricetur,
1488 1616 1611 1656 cum
1637 1601 1817 1669 ejicit:
1850 1600 2020 1655 levius
2038 1609 2185 1653 certe

608 1698 942 1766 faciliusque
956 1704 1040 1750 est
1055 1702 1243 1748 contra
1262 1704 1468 1747 natura:
1480 1692 1978 1762 concupiscentiam
1990 1702 2187 1746 etcou-

620 1801 701 1846 tra
721 1790 961 1859 seipsum
1000 1798 1230 1853 certare,
1254 1802 1417 1857 quam
1440 1795 1625 1841 contra
1653 1786 1953 1854 improbam
1988 1782 2187 1838 mulie-

622 1880 919 1947 rem.Quid
940 1880 1103 1949 igitur
1131 1876 1554 1933 Christus?Non
1583 1878 1739 1942 dixit,
1765 1875 1940 1929 Etiam
1968 1872 2184 1929 facilius

624 1982 707 2027 est
730 1981 822 2035 ;e‘.
854 1973 957 2027 hoc
978 1970 1162 2035 facito,
1186 1985 1254 2025 ne
1284 1970 1453 2041 legem
1482 1968 1611 2024 illud
1633 1983 1752 2023 esse
1771 1975 2059 2037 putarent:
2089 1964 2186 2021 sed

604 2058 781 2112 intulit
813 2076 827 2110 :
860 2056 983 2112 Non
1030 2074 1201 2112 omnes
1244 2058 1451 2124 capiunt
1480 2097 1495 2120 ,
1535 2056 1623 2110 sed
1650 2055 1825 2124 quibus
1865 2056 2037 2109 datum
2091 2063 2184 2112 est.

604 2148 737 2203 Rem
756 2149 979 2211 extollit,
1003 2160 1055 2204 et
1076 2164 1317 2219 magnam
1337 2163 1457 2203 esse
1483 2147 1700 2213 indicat,
1719 2156 1877 2219 atque
1908 2147 2009 2203 hoc
2031 2148 2189 2205 modo

600 2238 822 2294 attrahit
852 2248 902 2294 et
944 2238 1208 2294 hortatur.
1235 2238 1339 2295 Sed
1369 2239 1454 2293 hic
1478 2239 1952 2295 contradictionem
1982 2241 2184 2298 videas.

604 2328 722 2399 Ipse
755 2330 896 2385 enim
938 2345 1185 2401 magnum
1216 2329 1340 2384 illud
1376 2345 1495 2385 esse
1526 2329 1685 2393 dicit;
1716 2331 1793 2385 illi
1824 2346 1953 2387 vero
1982 2332 2189 2388 levissi-

605 2438 749 2477 mum
777 2441 791 2477 :
824 2432 1107 2494 utrumque
1139 2432 1286 2478 certe
1320 2423 1601 2477 commode
1644 2422 1878 2489 factum;
1913 2434 1970 2479 ut
1994 2436 2047 2481 et
2074 2427 2187 2495 ipse

600 2530 851 2586 magnum
880 2514 1134 2571 fateretur
1162 2530 1282 2571 esse
1301 2556 1315 2579 ,
1344 2525 1401 2570 ut
1425 2515 1542 2570 illos
1562 2515 1897 2572 ardentiores
1924 2517 2181 2585 efﬁceret,

603 2616 659 2662 et
697 2622 760 2663 ex
788 2608 942 2663 dictis
984 2608 1230 2679 superius
1260 2608 1331 2662 illi
1362 2607 1689 2663 levissinmm
1731 2609 2096 2676 ostenderent,
2127 2620 2187 2667 ut

597 2698 705 2757 hoc
740 2701 901 2755 modo
942 2701 1016 2755 illi
1060 2701 1415 2771 virginitatem
1462 2710 1520 2757 et
1562 2702 1941 2757 continentiam
1971 2703 2187 2773 praefer-

582 2803 740 2846 ‘rent.
766 2792 895 2860 Quia
942 2791 1085 2848 enim
1104 2791 1182 2847 nde
1210 2792 1511 2863 virginitate
1549 2793 1695 2863 loqui
1725 2808 2010 2849 onerosum
2038 2796 2186 2851 vide-

604 2883 761 2938 batur
786 2899 905 2939 esse
933 2925 948 2950 ,
978 2900 1046 2940 cx
1078 2883 1208 2939 dura
1253 2886 1384 2955 legis
1430 2886 1751 2942 necessitate
1774 2927 1790 2951 ,
1822 2886 1939 2942 illos
1984 2888 2035 2941 in
2065 2888 2184 2957 ejus

596 2974 942 3044 cupiditatem
988 2975 1225 3029 attraxit.
1254 2975 1458 3031 Deinde
1498 2986 1558 3030 ut
1606 2987 1992 3033 commonstret
2025 2993 2184 3048 posse

601 3064 743 3120 illam
790 3065 1024 3130 servari,
1052 3064 1167 3120 ait:
1200 3065 1288 3120 12.
1319 3067 1453 3121 Sunt
1497 3069 1751 3133 eunuchi,
1785 3069 1873 3138 qui
1910 3085 1976 3124 ea:
2015 3077 2184 3124 ventre

600 3155 777 3208 matris
802 3155 1001 3209 ita'nati
1033 3165 1149 3209 sunt
1180 3171 1200 3210 :
1229 3167 1273 3209 et
1295 3166 1413 3210 sunt
1444 3158 1682 3225 eunuchi,
1713 3160 1800 3228 qui
1824 3161 2029 3215 castrati
2066 3170 2182 3216 sunt

600 3245 662 3299 ab
685 3246 1000 3300 hominibus.
1036 3256 1081 3300 et
1108 3257 1223 3301 sunt
1249 3249 1487 3315 eunuchi,
1514 3250 1599 3318 qui
1625 3266 1678 3303 se
1705 3258 2043 3306 castraverunt
2066 3269 2183 3321 pro-

590 3348 710 3407 pter
733 3356 939 3409 regnum
966 3338 1241 3403 ca‘lorunt;
1267 3340 1348 3395 his
1384 3340 1590 3397 occu1te
1624 3342 1744 3398 illos
1790 3343 1987 3399 adhoc
2012 3360 2181 3416 genus

584 3430 721 3484 vitae
745 3428 1082 3501 deligendum
1120 3430 1411 3498 inducens,
1441 3441 1495 3488 et
1523 3433 1659 3489 hanc
1697 3434 1949 3491 virtutem
1977 3438 2180 3493 servari

600 3537 758 3593 posse
785 3522 1036 3592 suadens,
1065 3537 1128 3579 ac
1160 3524 1204 3580 si
1234 3523 1438 3582 diceret
1466 3543 1481 3580 :
1510 3525 1693 3598 Cogita
1725 3528 1850 3599 quid
1881 3530 2101 3596 faceres,
2134 3532 2179 3587 si

586 3630 666 3671 'ex
697 3625 879 3671 natura
910 3616 1029 3671 talis
1055 3631 1223 3683 esses,
1253 3626 1345 3673 aut
1374 3618 1418 3673 si
1446 3617 1671 3688 idipsum
1702 3636 1793 3689 per
1818 3621 1921 3675 vim
1947 3631 1999 3677 et
2038 3621 2179 3691 inju-

596 3707 730 3761 riam
761 3723 946 3778 passus
971 3708 1163 3764 esses?
1184 3709 1307 3779 quid
1345 3708 1552 3765 faceres
1578 3725 1697 3764 cum
1725 3710 1986 3781 ejusmodi
2015 3712 2182 3768 volu—

594 3805 741 3867 ptate
767 3798 1002 3868 privatus
1025 3839 1041 3865 ,
1074 3800 1270 3854 nullam
1304 3799 1427 3855 hinc
1457 3800 1756 3856 mercedem
1796 3805 2181 3873 exspectares?

586 3888 806 3945 Gratias
835 3891 990 3959 igitur
1020 3908 1158 3946 nunc
1204 3907 1301 3961 age
1341 3892 1451 3947 Deo
1475 3933 1489 3955 ,
1517 3891 1657 3962 quod
1702 3907 1801 3962 pro
1842 3893 2091 3949 mercede
2128 3904 2181 3950 et

594 3983 810 4039 coronis
828 3983 955 4037 illud
978 3985 1367 4055 patiaris,quod
1398 3986 1513 4040 sine
1542 3985 1755 4040 coronis
1776 3986 2046 4055 patiuntur
2070 3985 2177 4053 illi;

594 4074 706 4132 imo
734 4091 860 4133 vero
904 4077 1030 4131 illud
1060 4094 1163 4131 non
1209 4077 1278 4131 ita
1304 4076 1525 4142 durum,
1554 4077 1645 4132 sed
1672 4078 1827 4148 longe
1854 4078 2025 4134 levius
2050 4088 2134 4135 est
2162 4097 2176 4135 :

590 4183 722 4222 nam
767 4177 821 4223 et
866 4182 960 4238 spe
1018 4168 1218 4237 prmmii
1250 4209 1265 4233 ,
1312 4178 1367 4223 et
1407 4176 1565 4224 tanta;
1608 4171 1817 4225 virtutis
1854 4172 2177 4228 conscientia

592 4261 868 4331 mitigatur
893 4302 908 4327 ,
938 4276 1107 4331 neque
1136 4262 1296 4317 tantis
1333 4261 1635 4332 cupiditatis
1663 4263 1905 4319 fluctibus
1924 4265 2177 4334 jactatur.

597 4349 713 4405 Non
742 4352 881 4405 enim
929 4352 1038 4419 ipsa
1069 4352 1295 4407 membri
1319 4354 1610 4423 amputatio
1637 4354 1707 4409 ita
1733 4355 1925 4410 ﬂuctus
1951 4357 2068 4411 illos
2093 4373 2180 4414 se-

596 4441 727 4497 dare
753 4451 807 4497 et
837 4443 1267 4511 tranquillitatem
1298 4460 1484 4513 parere
1513 4444 1675 4509 solet,
1704 4454 1762 4499 ut
1802 4447 2026 4502 rationis
2064 4448 2177 4504 fre-

593 4548 762 4599 num;
818 4535 924 4589 imo
964 4535 1128 4605 longe
1183 4535 1351 4606 magis
1394 4535 1502 4591 hoc
1555 4535 1708 4591 freno
1767 4539 2004 4593 sedatur.
2051 4540 2178 4596 Ideo

594 4628 756 4699 igitur
807 4628 922 4683 illos
968 4629 1359 4695 rccensuit,ut
1386 4627 1483 4682 hos
1513 4629 1938 4685 incitaret:nam
1980 4632 2023 4686 si
2070 4648 2175 4688 non

593 4719 706 4774 huc
734 4719 1011 4786 tenderet,
1040 4719 1164 4790 quid
1208 4720 1306 4774 sibi
1354 4720 1515 4775 vellet
1556 4720 1643 4775 illa
1692 4722 2056 4778 eunuchorum
2088 4739 2176 4779 re-

593 4814 778 4868 censio
800 4812 823 4867 ?
845 4812 975 4868 Cum
1015 4821 1191 4867 autem
1222 4811 1383 4878 dicit,
1413 4811 1619 4881 Seipsos
1665 4821 2006 4867 castraverunt
2025 4857 2040 4882 ,
2071 4830 2176 4871 non

593 4900 956 4958 membrorum
1000 4902 1416 4972 amputationem
1462 4901 1626 4966 dicit;
1654 4902 1793 4957 absit
1818 4918 1835 4962 ;
1865 4904 1961 4959 sed
1990 4920 2178 4975 prava-

594 5012 712 5051 rum
755 4996 1132 5067 cogitationum
1173 4995 1557 5065 expulsionetn.
1586 4994 1715 5049 Nam
1743 4996 1831 5067 qui
1876 4999 2175 5054 membrum

594 5088 821 5155 excidit,
855 5087 1212 5141 maledictioni
1263 5086 1525 5140 obnoxius
1575 5096 1691 5152 est,
1721 5096 1778 5141 ut
1819 5087 2011 5142 Paulus
2057 5090 2173 5145 ait:

598 5176 805 5234 Utinam
839 5177 1198 5232 abscinduntur
1216 5178 1298 5248 qui
1324 5194 1412 5232 vos
1437 5179 1731 5233 conturbant
1758 5179 1777 5252 (
1805 5179 1921 5234 Gal.
1953 5180 2008 5236 5.
2035 5181 2102 5235 12
2129 5182 2174 5253 ).

595 5275 673 5329 Ac
693 5271 814 5344 jure
855 5273 1074 5337 merito;
1108 5287 1228 5326 nam
1259 5272 1346 5341 qui
1379 5271 1500 5326 talis
1525 5282 1628 5338 est,
1658 5273 1843 5327 eadem
1872 5273 2177 5343 aggreditur

593 5380 713 5436 qua:
744 5362 1058 5430 homicidm,
1086 5371 1140 5418 et
1164 5363 1229 5417 iis
1252 5364 1340 5433 qui
1371 5363 1462 5417 Dei
1493 5364 1815 5418 creationem
1846 5364 2176 5419 calumnian-

594 5466 679 5511 tur
708 5456 796 5511 dat
818 5455 1153 5510 occasionem
1179 5494 1195 5519 ,
1226 5452 1749 5523 Maniclueorumque
1775 5470 1868 5510 ora
1890 5455 2083 5523 aperit,
2116 5469 2177 5511 ac

593 5547 814 5618 perinde
845 5554 1028 5617 peccat
1053 5556 1212 5616 atque
1238 5545 1272 5599 ii
1294 5543 1430 5615 apud
1457 5545 1701 5614 gentiles,
1728 5545 1818 5615 qui
1847 5546 2173 5601 mutilautur.

595 5640 825 5696 Membra
857 5639 999 5694 enim
1025 5647 1298 5708 amputare
1324 5636 1602 5692 diabolicze
1628 5647 1710 5693 est
1737 5639 2062 5708 operationis
2080 5679 2096 5702 ,
2122 5646 2179 5694 et

594 5732 946 5787 satanicarum
979 5729 1289 5785 insidiarum
1332 5742 1468 5798 opus
1516 5727 1613 5783 fuit
1637 5729 1707 5783 ab
1754 5728 1943 5796 initio;
1985 5737 2043 5784 ut
2081 5728 2175 5784 Dei

590 5822 860 5895 ‘opiﬁcium
885 5823 1278 5882 caluumicntnr
1306 5840 1320 5888 ;
1350 5830 1512 5892 utque
1553 5837 1582 5875 a
1616 5821 1721 5877 Deo
1752 5820 1946 5878 factum
1976 5820 2173 5877 animal

1250 380 1305 434 S.
1346 376 1624 434 JOANNIS
1661 373 2139 431 CIIRYSUSTOMI
2179 371 2496 428 ARCIIIEP.
2539 372 3073 433 CONSTANTINOP.

3774 385 3884 443 600

2304 484 2622 540 labefactent
2648 503 2663 551 ;
2692 496 2749 541 ut
2780 503 2883 542 non
2925 490 3197 561 proposito
3237 490 3524 551 voluntatis
3546 536 3561 561 ,
3590 497 3683 553 sed
3713 515 3884 555 mem-

2301 580 2519 634 brorum
2559 590 2760 635 natura)
2786 590 2952 637 tutum
2994 586 3289 642 tribuentes
3317 629 3332 653 ,
3359 588 3438 644 sic
3477 592 3626 645 multi
3670 593 3785 648 sine
3816 595 3885 648 ti-

2302 689 2451 729 more
2472 684 2774 743 peccarent,
2801 678 2949 745 quasi
2979 680 3237 733 rationem
3261 696 3366 735 non
3387 691 3566 737 essent
3593 685 3883 741 reddituri:

2299 780 2362 820 ac
2390 766 2671 835 dupliciter
2702 765 2802 821 hoc
2830 767 3027 824 animal
3058 769 3310 825 larderent
3332 811 3347 836 ,
3378 782 3486 827 tum
3530 776 3671 845 quod
3716 792 3886 831 mem-

2300 858 2394 913 bra
2418 870 2772 929 amputarent,
2804 873 2910 916 tum
2935 863 3076 932 quod
3100 865 3386 921 voluntatis
3410 868 3643 923 studium
3668 885 3696 924 a
3730 870 3886 926 bonis

2298 952 2611 1007 exhibendis
2660 953 2998 1022 impedirent.
3038 956 3186 1012 Hanc
3221 974 3380 1029 porro
3417 959 3663 1018 diabolus
3708 963 3885 1034 legem

2296 1045 2611 1111 constituit;
2642 1056 2838 1116 prmter
2874 1048 3015 1102 dicta
3054 1058 3230 1104 autem
3277 1051 3419 1105 aliud
3458 1055 3745 1123 pessimum
3788 1057 3872 1110 dn-

2296 1151 2416 1207 gma
2445 1136 2721 1197 inducens.
2741 1154 2931 1208 nempe
2959 1140 3026 1195 de
3053 1141 3159 1194 fato
3184 1153 3236 1197 et
3263 1146 3601 1211 necessitate,
3627 1146 3725 1202 hac
3754 1164 3884 1203 vero

2296 1236 2477 1297 parata
2515 1227 2621 1293 via,
2660 1228 2957 1283 libertatem
2989 1231 3145 1285 nobis
3173 1247 3202 1286 a
3235 1233 3343 1288 Deo
3369 1234 3544 1289 datam
3574 1237 3882 1304 labefactat,

2295 1317 2524 1372 suadens
2552 1318 2675 1373 vitia
2707 1335 2824 1373 esse
2870 1323 3126 1377 naturalia
3151 1340 3164 1387 ;
3196 1325 3468 1396 multaque
3494 1328 3597 1383 alia
3627 1330 3750 1387 inde
3779 1331 3881 1386 dc-

2294 1422 2470 1481 gmata
2500 1427 2657 1482 prava
2694 1412 3048 1469 disseminaus
3071 1458 3085 1480 ,
3117 1418 3322 1472 etiamsi
3352 1419 3402 1473 id
3442 1437 3546 1475 non
3577 1434 3761 1493 aperte
3802 1424 3880 1478 fa-

2293 1503 2416 1557 ciat.
2468 1504 2611 1558 Talia
2667 1505 2862 1575 quippe
2914 1517 3037 1561 sunt
3084 1509 3279 1563 diaboli
3334 1513 3627 1580 perniciosa
3680 1516 3879 1571 toxica.

2294 1593 2626 1665 Quapropter
2654 1613 2803 1667 rogo,
2834 1597 2970 1653 hanc
2996 1599 3258 1671 fugiamus
3296 1602 3645 1674 iniquitatem.
3674 1608 3878 1666 Prmter

2294 1700 2356 1739 ea
2383 1688 2523 1739 enim
2553 1704 2671 1758 quze
2696 1688 2926 1744 diximus
2949 1734 2963 1756 ,
2995 1708 3097 1745 non
3130 1694 3401 1763 mitigatur
3426 1697 3548 1753 inde
3575 1701 3834 1769 cupiditas
3857 1743 3875 1766 ,

2294 1774 2401 1828 imo
2428 1777 2486 1830 fit
2512 1778 2787 1833 ardentior
2812 1798 2823 1834 :
2851 1796 3058 1851 spernta
3089 1798 3315 1854 namque
3343 1788 3555 1843 aliunde
3585 1790 3756 1847 fontes
3780 1791 3879 1847 ha-

2292 1864 2402 1929 bet,
2425 1878 2478 1921 et
2516 1868 2728 1924 aliunde
2762 1870 3008 1927 fluctibus
3045 1875 3291 1944 agitatur.
3318 1877 3417 1931 Alii
3445 1879 3585 1934 enim
3616 1896 3679 1936 ex
3722 1897 3879 1940 cere-

2292 1958 2411 2026 bro,
2441 1962 2532 2016 alii
2560 1978 2625 2017 ex
2652 1964 2844 2020 lumbis
2871 1977 3091 2022 (nstrum
3122 1969 3249 2023 oriri
3290 1970 3491 2028 dicttnt.
3524 1975 3591 2028 At
3626 1990 3724 2045 ego
3766 1993 3877 2034 non

2290 2051 2502 2108 aliunde
2526 2053 2751 2111 dixerim
2779 2071 2937 2127 quam
2963 2058 3031 2112 ab
3055 2059 3236 2115 animo
3256 2061 3455 2117 lascivo
3478 2105 3492 2127 ,
3517 2073 3571 2119 et
3594 2067 3877 2137 cogitatio-

2289 2158 2416 2199 num
2447 2147 2689 2217 neglectu
2718 2168 2731 2203 :
2760 2150 2805 2204 si
2846 2150 3055 2207 animus
3084 2161 3391 2225 temperans
3427 2156 3529 2223 sit,
3553 2157 3755 2212 nullum
3804 2176 3876 2217 ex

2292 2240 2636 2295 naturalibus
2661 2241 2902 2297 motibus
2936 2242 3203 2295 damnum
3234 2240 3429 2293 oritur.
3458 2239 3532 2295 De
3571 2240 3679 2297 illis
3710 2242 3877 2312 igitur

2289 2332 2554 2387 eunuchis
2582 2332 2819 2400 locutus,
2848 2333 2941 2403 qui
2978 2332 3179 2388 frustra
3202 2330 3442 2387 eunuchi
3467 2338 3617 2397 sunt,
3641 2333 3747 2388 nisi
3770 2335 3874 2405 ipsi

2289 2434 2471 2478 mente
2528 2434 2581 2479 et
2625 2424 2812 2480 animo
2860 2433 3227 2497 temperantes
3278 2423 3395 2482 sint
3422 2459 3436 2481 .
3467 2432 3522 2479 et
3557 2424 3625 2480 de
3677 2425 3746 2481 iis
3776 2427 3873 2496 qui

2288 2526 2509 2585 propter
2543 2530 2765 2585 regnum
2796 2517 3056 2571 coelorum
3089 2517 3465 2589 virginitatem
3500 2518 3871 2584 servant,jam

2286 2615 2505 2677 perorat
2536 2607 2623 2662 his
2650 2610 2829 2664 verbis
2857 2627 2871 2664 :
2901 2611 3005 2674 Qui
3033 2612 3223 2678 poterit
3240 2626 3450 2681 capere,
3470 2610 3688 2679 capiat:
3715 2610 3877 2664 hinc-

2285 2714 2392 2769 que
2410 2700 2644 2757 validius
2671 2700 2996 2766 inflammat,
3019 2703 3165 2772 quod
3194 2719 3311 2758 rem
3339 2701 3613 2775 insignem
3639 2712 3689 2756 et
3707 2717 3874 2768 gran-

2282 2791 2407 2847 dem
2432 2808 2551 2847 esse
2576 2794 2935 2860 demonstret,
2972 2810 3069 2848 nec
3099 2810 3210 2849 rem
3238 2796 3381 2850 intra
3413 2790 3871 2867 legisnecessita-

2285 2893 2391 2939 tem
2430 2886 2681 2951 includit,
2709 2886 2780 2941 ob
2806 2885 3138 2942 ineffabilem
3173 2890 3644 2945 mansuetudinem
3678 2900 3867 2945 suam.

2283 2974 2350 3031 Et
2389 2978 2490 3033 hoc
2518 2978 2678 3043 dixit,
2729 2980 2968 3034 maxime
3010 2995 3123 3035 rem
3164 2996 3287 3036 esse
3324 2983 3639 3052 possibilem
3673 2991 3874 3037 ostenq

2280 3067 2440 3133 deus,
2474 3077 2534 3123 ut
2560 3071 2736 3139 major
2763 3070 2888 3124 inde
2921 3071 3201 3138 cupiditas
3229 3074 3494 3127 voluntati
3526 3083 3817 3129 accrescat.

2355 3159 2409 3214 4.
2453 3158 2645 3231 Magna
2672 3162 2848 3232 gratia:
2883 3178 2977 3231 ope
3000 3172 3109 3234 eget
3142 3164 3422 3235 virginitas.
3455 3194 3527 3205 -—
3551 3164 3655 3222 Sed
3691 3166 3736 3222 si
3774 3182 3871 3225 res

2283 3267 2349 3307 ex
2375 3253 2648 3309 voluntate
2672 3263 2773 3320 est,
2794 3254 3024 3325 inquies,
3047 3255 3316 3327 quomodo
3338 3258 3389 3312 in
3415 3258 3672 3330 principio
3694 3258 3867 3316 dixit:

2285 3342 2407 3398 Non
2435 3361 2604 3399 omnes
2638 3345 2863 3414 capiunt,
2888 3346 2976 3399 sed
3012 3346 3191 3418 quibus
3219 3348 3392 3402 datum
3432 3351 3545 3405 est?
3581 3349 3650 3407 Ut
3690 3352 3873 3409 discas

2285 3452 2531 3506 magnum
2563 3453 2682 3493 esse
2710 3447 3004 3503 certamen,
3029 3455 3132 3494 non
3164 3451 3222 3495 ιιι
3245 3451 3442 3497 sortem
3464 3443 3743 3513 quamdam
3772 3461 3875 3500 ne-

2284 3530 2569 3583 cessariam
2597 3529 2921 3599 imagineris.
2946 3529 3014 3584 lis
3040 3531 3181 3585 enim
3223 3530 3400 3585 datum
3441 3542 3523 3586 est
3551 3534 3639 3602 qui
3680 3535 3875 3591 volue-

2285 3620 2410 3673 rint.
2438 3621 2525 3675 Sic
2552 3635 2717 3691 porro
2753 3620 2920 3687 dixit,
2949 3630 3007 3677 ut
3033 3621 3342 3685 ostenderet
3389 3638 3579 3694 magno
3619 3641 3876 3695 superna:

2282 3710 2466 3781 gratiae
2489 3711 2688 3765 auxilio
2722 3725 2856 3782 opus
2886 3710 3084 3767 habere
3125 3726 3247 3767 eum
3286 3713 3376 3783 qui
3422 3712 3523 3768 hoc
3560 3714 3658 3769 init
3691 3726 3878 3777 certa-

2285 3818 2428 3867 men,
2460 3818 2566 3873 quo
2589 3803 2745 3873 plane
2774 3803 2977 3860 fruetur
2999 3804 3239 3876 quisquis
3265 3806 3512 3862 voluerit.
3542 3807 3687 3864 Solet
3707 3812 3877 3879 quip-

2287 3908 2352 3962 pe
2375 3892 2475 3948 hac
2501 3894 2573 3947 uti
2607 3909 2735 3950 voce
2763 3894 2975 3964 quando
3002 3895 3070 3950 de
3099 3910 3286 3966 magna
3312 3897 3558 3966 quapiam
3587 3913 3645 3953 re
3668 3899 3874 3969 agitur,

2282 3993 2341 4038 ιιι
2364 3985 2575 4054 quando
2594 3985 2721 4041 dicit
2748 4002 2762 4038 :
2801 3984 2950 4040 Vobis
2977 3986 3152 4039 datum
3188 3997 3260 4041 est
3289 4004 3436 4042 nosse
3455 3990 3688 4059 mysteria
3714 3989 3877 4059 (Luc.

2283 4075 2335 4130 8.
2366 4076 2472 4146 l0).
2498 4075 2649 4144 Quod
2675 4085 2851 4131 autem
2883 4076 2986 4132 hoc
3013 4078 3081 4132 sit
3110 4092 3294 4133 verum
3320 4120 3336 4143 ,
3366 4093 3431 4134 ex
3472 4080 3717 4150 prtesenti
3745 4082 3878 4137 loco

2284 4178 2447 4238 patet.
2494 4169 2627 4224 Nam
2669 4168 2714 4223 si
2761 4182 3049 4239 supernum
3092 4170 3426 4225 solummodo
3464 4180 3605 4227 esset
3641 4170 3875 4241 donum,

2284 4257 2521 4328 nihilque
2549 4257 2617 4313 de
2643 4272 2741 4313 suo
2767 4259 3020 4314 afferrent
3061 4259 3093 4313 ii
3134 4260 3223 4330 qui
3264 4261 3619 4333 virginitatem
3645 4262 3828 4319 colunt
3857 4306 3876 4330 ,

2282 4350 2549 4417 superflue
2576 4349 2705 4419 ipsis
2731 4366 2952 4420 regnum
2974 4351 3223 4405 cmlorum
3251 4352 3601 4422 promitteret,
3624 4368 3736 4408 nec-
3750 4366 3880 4409 me-

2282 4442 2386 4496 rito
2416 4442 2535 4497 illos
2575 4458 2605 4497 a
2652 4444 2859 4499 ett-teris
2903 4443 3161 4499 eunuchis
3211 4444 3581 4514 distingueret.
3613 4446 3691 4499 Tu
3736 4461 3879 4500 vem

2282 4535 2411 4589 mihi
2439 4536 2741 4605 perpende,
2781 4537 3049 4606 quomodo
3092 4537 3231 4591 unde
3272 4537 3359 4590 alii
3393 4538 3622 4606 maligne
3665 4547 3833 4608 agunt
3858 4580 3875 4600 ,

2282 4628 2369 4683 alii
2398 4629 2686 4683 lucrentur.
2719 4628 2848 4683 Nam
2877 4629 3067 4690 Juda-i,
3097 4644 3215 4683 cum
3246 4629 3375 4682 nihil
3403 4629 3737 4690 didicissent,
3765 4629 3877 4684 ab-

2283 4718 2458 4774 ierunt
2485 4736 2498 4773 :
2527 4736 2631 4774 non
2672 4720 2811 4775 enim
2840 4731 2895 4774 ut
2934 4721 3200 4773 discerent
3241 4720 3674 4789 interrogabant;
3701 4719 3871 4775 disci-

2281 4810 2390 4880 puli
2414 4826 2543 4865 vero
2569 4811 2691 4865 inde
2717 4812 2919 4865 lucrum
2951 4812 3267 4866 retulerunt.
3290 4813 3373 4867 l5.
3403 4810 3548 4865 Tunc
3575 4813 3729 4866 oblati
3746 4824 3877 4869 sunt

2282 4903 2329 4957 ei
2359 4904 2574 4972 pueruli,
2603 4912 2656 4957 ut
2689 4920 2866 4957 ntanus
2904 4905 3176 4974 imponeret
3206 4904 3296 4971 eis,
3321 4914 3368 4958 et
3393 4915 3579 4958 oraret.
3610 4903 3877 4975 Discipuli

2281 5003 2446 5048 autem
2486 4994 2865 5065 increpaverunt
2889 5011 2988 5048 eos.
3021 4994 3106 5048 Μ.
3140 4992 3237 5047 Ille
3260 5010 3372 5047 vero
3403 4994 3530 5048 dixit
3560 4995 3629 5049 eis
3655 5010 3673 5048 :
3700 4994 3875 5050 Sinite

2282 5088 2515 5156 parvulos
2552 5088 2719 5140 venire
2742 5088 2809 5140 ad
2851 5102 2967 5150 me;
2999 5088 3173 5139 talium
3201 5097 3271 5141 est
3310 5087 3441 5140 enim
3469 5103 3678 5157 regnum
3708 5087 3873 5141 ca'lo-

2280 5194 2413 5237 rum,
2443 5178 2529 5233 15.
2560 5176 2629 5231 Ει
2652 5194 2767 5231 cum
2792 5177 3105 5246 imposuisset
3133 5179 3202 5230 eis
3226 5194 3424 5240 manus,
3450 5178 3571 5230 abiit
3591 5176 3725 5232 inde.
3751 5177 3872 5234 Cur

2281 5271 2521 5341 discipuli
2565 5285 2760 5340 pueros
2812 5269 3125 5339 abigebant?
3177 5269 3455 5337 Dignitatts
3494 5283 3674 5323 causa.
3722 5270 3869 5336 Quid

2280 5376 2409 5432 ergo
2448 5362 2570 5416 ille?
2599 5361 2664 5417 Ut
2691 5361 2882 5416 doceat
2911 5361 3027 5415 illos
3054 5360 3293 5415 modeste
3322 5375 3529 5429 sapere.
3564 5360 3871 5431 fastumque

2281 5453 2603 5509 mundanum
2632 5454 2979 5521 conculcare,
3009 5464 3064 5508 et
3105 5453 3323 5522 suscipit
3363 5463 3416 5508 et
3461 5454 3600 5508 ulnis
3629 5455 3874 5521 comple-

2280 5544 2472 5611 ctitur,
2515 5544 2812 5614 talibusque
2859 5560 3078 5614 regnqu
3135 5545 3387 5599 ca-lorum
3439 5545 3754 5615 pollicetur;
3814 5546 3873 5601 id

2281 5635 2421 5708 quod
2451 5637 2610 5692 etiam
2643 5637 2773 5692 dixit
2800 5638 3064 5707 superius.
3095 5635 3163 5691 Et
3193 5651 3290 5691 nos
3320 5637 3516 5707 itaque,
3543 5637 3587 5691 si
3621 5636 3874 5692 volumus

2282 5727 2506 5785 heredes
2530 5743 2651 5785 esse
2678 5729 2928 5785 caelorum
2952 5771 2966 5795 ,
2998 5729 3135 5783 hanc
3165 5729 3411 5784 virtutem
3442 5745 3563 5785 eum
3590 5729 3876 5798 diligentia

2285 5836 2473 5895 magna
2500 5831 2786 5877 sectemur.
2818 5820 2929 5878 lloc
2965 5828 3047 5877 est
3072 5821 3215 5875 enim
3251 5819 3601 5892 philosophia:
3626 5821 3874 5888 cultum,
