4140 6376
364 442 464 501 ϐω

364 562 657 634 simplicem
679 573 798 616 esse
820 571 941 612 cum
969 553 1275 627 prudentia:
1297 553 1411 607 haec
1439 553 1544 606 vita
1573 557 1656 604 est
1682 546 1941 617 angelica.

365 658 555 714 Anima
593 655 736 711 enim
779 650 1003 722 puerulo
1046 647 1290 703 omnibus
1327 644 1490 699 animi
1539 641 1738 697 morbis
1781 651 1942 692 vacua

365 759 482 815 est;
513 763 618 803 non
647 744 960 801 memoriam
987 741 1178 797 retinet
1207 738 1539 808 iniuriarum,
1571 733 1665 788 sed
1695 745 1787 786 eas
1814 729 1945 783 infe-

366 852 546 898 rentes
585 838 696 893 adit
742 845 800 891 ut
840 836 1074 894 amicos,
1106 848 1169 886 ac
1196 832 1238 886 si
1271 831 1398 885 nihil
1445 829 1639 884 factum
1689 831 1851 879 esset.
1881 822 1946 876 Et

365 933 703 1006 quantumvis
727 946 756 983 a
779 939 948 984 matre
972 926 1280 982 verberibus
1304 923 1558 983 caedatur,
1591 935 1705 974 eam
1734 933 1945 987 semper

365 1026 554 1096 quatrit
576 1068 589 1089 ,
619 1033 672 1078 et
701 1020 944 1076 omnibus
971 1018 1263 1089 anteponit.
1291 1015 1348 1070 Si
1377 1015 1612 1084 reginam
1639 1010 1736 1080 ipsi
1763 1019 1944 1064 Osten-

367 1119 464 1175 das
517 1117 817 1172 diademate
871 1123 1148 1173 ornatam,
1177 1125 1282 1162 non
1333 1106 1578 1176 prtefcret
1623 1118 1740 1158 eam
1787 1099 1944 1154 matri

366 1210 554 1281 pannis
596 1207 804 1263 detritis
845 1202 1082 1268 vestitae,
1106 1200 1368 1270 maletque
1418 1196 1560 1251 illam
1593 1194 1840 1249 incultam
1870 1194 1946 1244 vi-

365 1301 496 1356 dere
522 1341 539 1367 ,
570 1314 728 1370 quam
756 1296 989 1362 reginam
1023 1291 1298 1364 magnifice
1342 1289 1610 1343 amictam.
1644 1285 1773 1339 Nam
1802 1283 1943 1354 quod

366 1410 544 1460 suum,
576 1391 716 1463 quod
745 1390 974 1443 alienum
1007 1394 1109 1451 est,
1137 1399 1243 1439 non
1269 1399 1332 1438 ex
1365 1389 1673 1452 paupertate
1701 1378 1780 1433 vel
1807 1377 1943 1431 divi-

369 1490 475 1553 tiis,
503 1487 595 1542 sed
622 1501 684 1540 ex
713 1497 896 1538 amore
942 1481 1208 1534 aestimare
1252 1477 1388 1531 solet
1417 1494 1430 1530 :
1462 1484 1515 1529 et
1553 1473 1681 1528 nihil
1711 1472 1827 1542 plus
1854 1485 1944 1524 re-

367 1580 528 1645 quirit
552 1619 566 1643 ,
592 1591 748 1646 quam
783 1571 1100 1634 necessaria,
1135 1578 1294 1637 atque
1316 1577 1373 1621 ut
1399 1568 1533 1620 lacte
1571 1565 1803 1633 repletus
1828 1569 1942 1620 est.

367 1673 546 1725 statim
578 1665 816 1722 abscedit
842 1682 870 1718 a
907 1678 1154 1717 mamma.
1183 1661 1297 1714 Non
1329 1657 1514 1712 iisdem
1544 1697 1560 1722 ,
1588 1655 1776 1725 quibus
1816 1668 1942 1719 nos,

366 1762 618 1816 arumnis
675 1758 932 1829 premitur
995 1753 1281 1824 parvulus,
1333 1766 1441 1804 non
1483 1746 1823 1818 pecuniarum
1867 1744 1947 1813 ja-

365 1865 514 1910 ctura
540 1896 554 1917 ,
588 1851 852 1920 rebusque
895 1845 1195 1910 similibus;
1241 1858 1340 1898 nec
1382 1841 1450 1896 de
1497 1839 1681 1894 iisdem
1705 1879 1720 1902 ,
1753 1837 1947 1907 quibus

368 1963 487 2011 nos,
516 1947 672 2002 ﬂuxis
698 1943 856 1999 rebus
883 1942 1112 2005 laetatur,
1143 1953 1314 2008 neque
1342 1949 1626 2005 corporum
1657 1929 1951 2001 pulchritu-

365 2040 546 2094 dinem
600 2037 843 2090 miratur.
887 2033 1012 2088 ideo
1058 2031 1304 2086 dicebat:
1335 2027 1541 2083 Talium
1587 2033 1659 2078 est
1702 2023 1831 2075 enim
1868 2037 1949 2074 re-

367 2149 523 2206 gnum
553 2132 792 2185 (telorum
822 2147 842 2182 :
873 2136 929 2181 ut
969 2142 1034 2181 ex
1067 2125 1339 2196 proposito
1365 2119 1654 2175 voluntatis
1688 2117 1777 2170 illa
1817 2129 1947 2185 0pc-

369 2243 586 2290 remur,
630 2239 749 2296 quae
803 2232 990 2276 natura
1034 2235 1128 2274 sua
1176 2215 1326 2289 pueri
1372 2213 1592 2270 faciunt.
1623 2210 1755 2278 Quia
1804 2208 1948 2264 enim

371 2317 622 2375 l‘harismi
661 2331 766 2370 non
798 2312 1031 2378 aliunde,
1059 2324 1218 2381 quam
1244 2322 1274 2362 a
1302 2304 1534 2377 nequitia
1565 2311 1618 2358 et
1647 2298 1949 2370 arrogantia

369 2411 434 2464 ad
461 2407 724 2478 agendum
752 2403 1061 2459 ferebantur
1083 2443 1098 2466 ,
1131 2399 1251 2454 ideo
1281 2397 1474 2467 ubique
1503 2391 1793 2464 discipulos
1822 2403 1950 2444 suos

368 2499 640 2569 simplices
682 2510 802 2551 esse
838 2494 1029 2564 jubet,
1063 2492 1286 2560 illosque
1311 2485 1612 2543 subindicat
1634 2526 1650 2549 ,
1680 2481 1807 2538 dum
1849 2479 1950 2536 hos

371 2591 615 2648 instituit.
637 2587 779 2643 Nihil
803 2587 945 2640 enim
973 2584 1045 2638 ita
1067 2581 1368 2652 superbiam
1395 2578 1532 2649 parit
1556 2619 1571 2643 ,
1603 2585 1662 2631 ut
1687 2573 1952 2645 principa-

371 2697 456 2741 tus
493 2694 548 2739 et
576 2681 729 2752 primi
773 2691 1078 2734 consessus.
1109 2673 1368 2742 Quoniam
1402 2671 1559 2742 igitur
1587 2665 1828 2738 discipuli
1855 2679 1952 2736 per

371 2787 539 2834 totum
566 2785 823 2830 terrarum
854 2772 1035 2826 orbem
1063 2768 1287 2824 multum
1317 2765 1534 2820 honoris
1574 2761 1948 2831 consequuturi

372 2877 544 2933 erant,
574 2867 808 2937 ipsorum
831 2863 1037 2917 animos
1063 2858 1340 2930 praevenit,
1372 2871 1470 2911 nec
1491 2855 1618 2909 sinit
1640 2868 1732 2907 eos
1760 2852 1950 2906 huma-

373 2975 504 3017 num
520 2960 647 3030 quid
668 2959 800 3028 pati,
821 2972 918 3010 nec
933 2956 1194 3010 honorem
1209 2968 1240 3006 a
1258 2955 1418 3020 vulgo
1429 2957 1700 3018 expetere,
1721 2945 1948 2999 velante

374 3052 500 3106 illos
517 3067 636 3106 sese
648 3050 859 3105 efferre.
879 3045 1014 3101 Nam
1028 3044 1243 3102 etiamsi
1259 3043 1372 3097 haec
1389 3055 1552 3111 parva
1565 3038 1849 3093 videantur
1868 3052 1952 3091 es-

378 3158 451 3208 se.
480 3143 704 3198 atmalis
733 3139 1045 3210 ingentibus
1061 3151 1282 3192 causam
1303 3134 1562 3205 praebent.
1587 3129 1680 3185 Sic
1703 3131 1847 3183 enim
1865 3129 1951 3182 in-

377 3234 551 3289 stituti
567 3233 825 3287 Pharisaei
847 3234 898 3286 in
933 3231 1204 3286 malorum
1230 3228 1448 3283 culmen
1463 3221 1847 3287 ascenderunt,
1863 3233 1953 3275 sa-

379 3323 696 3387 lutationes,
724 3321 934 3392 primos
969 3333 1265 3374 consessus
1281 3324 1336 3370 et
1369 3315 1620 3369 incessus
1638 3309 1846 3366 medios
1864 3321 1955 3363 re-

374 3419 648 3490 quirentes
671 3433 685 3466 :
710 3413 836 3468 hinc
867 3411 918 3466 in
947 3409 1222 3464 ardentem
1243 3403 1424 3476 gloria:
1447 3402 1810 3474 cupiditatem,
1829 3400 1956 3456 inde

375 3526 504 3566 vero
547 3509 600 3563 in
641 3507 964 3574 impietatem
995 3502 1127 3573 lapsi
1170 3507 1313 3554 sunt.
1340 3497 1542 3554 Idcirco
1571 3495 1645 3550 illi
1674 3505 1954 3566 postquam

376 3600 630 3659 tentando
677 3597 1014 3654 maledictum
1043 3592 1144 3650 sibi
1168 3598 1526 3656 attraxerant,
1571 3597 1951 3645 recesserunt:

375 3693 528 3765 pueri
556 3706 686 3748 vero
714 3687 1139 3746 benedictionem
1162 3684 1416 3750 habuere,
1449 3692 1633 3753 utpote
1656 3681 1760 3736 illis
1782 3680 1956 3735 omni-

375 3785 478 3842 bus
505 3785 788 3841 immunes.
820 3780 1001 3836 Simus
1037 3792 1168 3850 ergo
1207 3791 1306 3832 nos
1350 3783 1408 3831 ut
1452 3773 1633 3845 pueri,
1661 3783 1713 3829 et
1754 3771 1954 3827 malitia

375 3878 623 3935 infantes.
654 3873 838 3946 Neque
865 3871 1006 3928 enim
1035 3881 1339 3939 possumus,
1367 3882 1472 3920 non
1503 3879 1786 3936 possumus
1811 3871 1956 3918 certe

374 3973 480 4026 alio
507 3968 666 4024 modo
692 3967 881 4022 ca-lum
904 3963 1086 4020 videre
1119 3978 1132 4014 :
1165 3958 1258 4016 sed
1291 3971 1511 4012 necesse
1543 3971 1759 4024 prorsus
1788 3955 1838 4009 in
1865 3969 1957 4024 ge-

376 4063 608 4119 hennam
639 4058 877 4115 incidere
905 4070 1026 4111 eum
1063 4052 1154 4125 qui
1185 4052 1253 4106 sit
1278 4048 1645 4106 fraudulentus
1680 4057 1733 4102 et
1759 4048 1957 4115 impro-

374 4155 495 4211 bus.
525 4153 637 4208 lmo
661 4160 784 4206 ante
812 4147 1108 4220 gehennam
1144 4143 1230 4199 hic
1254 4156 1466 4213 quoque
1508 4148 1742 4194 extrema
1786 4138 1955 4207 patie-

375 4261 518 4301 ntur.
539 4243 674 4300 Nam
700 4241 762 4297 Si
782 4240 943 4294 maius
971 4238 1145 4307 fueris,
1179 4235 1367 4303 inquit,
1399 4232 1534 4286 solus
1563 4231 1762 4284 huuries
1786 4227 1956 4295 ntulit;

376 4342 420 4396 si
445 4349 612 4393 autem
637 4338 794 4391 bonus
811 4375 824 4401 ,
853 4343 899 4387 et
942 4332 1030 4386 tibi
1060 4339 1106 4384 et
1137 4329 1366 4400 proximo
1397 4327 1554 4380 bonus
1573 4325 1668 4379 eris
1695 4322 1876 4393 (Prov.
1900 4321 1954 4375 9.

377 4428 504 4502 12).
542 4426 848 4482 Animadvei
864 4433 942 4478 tas
987 4423 1164 4482 enim,
1199 4419 1267 4474 ita
1310 4431 1521 4488 quoque
1564 4415 1737 4484 prisce
1780 4421 1955 4469 actum

376 4538 516 4578 esse.
549 4519 688 4574 Nihil
729 4517 872 4572 enim
901 4514 1171 4569 scelestius
1214 4509 1372 4566 Saﬁle
1398 4508 1522 4572 fuit,
1555 4522 1727 4574 neque
1752 4505 1959 4573 simpli-

377 4615 493 4668 cius
525 4608 744 4665 Davide.
776 4609 903 4674 Quis
932 4620 1057 4672 ergo
1085 4602 1270 4657 fortior
1308 4599 1445 4654 fuit?
1471 4598 1664 4652 Annon
1692 4597 1775 4652 bis
1806 4597 1956 4650 illum

379 4720 488 4774 pra:
519 4702 760 4757 manihus
792 4699 972 4753 habuit
1012 4694 1173 4750 David
1197 4735 1212 4757 ,
1245 4703 1297 4749 et
1327 4707 1446 4746 cum
1474 4698 1655 4760 posset
1681 4689 1920 4743 occidere
1939 4727 1955 4754 ,

379 4793 674 4848 abstinuit?
699 4807 874 4845 annon
917 4790 1061 4843 illum
1089 4786 1238 4857 quasi
1279 4799 1473 4855 sagena
1507 4791 1561 4837 et
1588 4796 1801 4835 carcere
1829 4795 1952 4834 con-

378 4886 582 4940 clusum
615 4884 840 4948 habuit,
869 4890 926 4936 et
953 4880 1188 4950 pepercit
1215 4879 1306 4934 ei?
1343 4875 1562 4931 Etiamsi
1599 4874 1686 4929 alii
1725 4873 1960 4928 concita-

378 4987 498 5032 rent
525 4977 727 5046 ipsum,
756 4973 963 5028 etiamsi
997 4972 1084 5026 ille
1131 4971 1435 5025 innumeras
1459 4967 1805 5038 querimoniae
1833 4980 1958 5019 cau-

377 5083 466 5124 sas
495 5068 734 5132 haberet,
758 5075 989 5119 attamen
1017 5064 1222 5117 salvum
1244 5062 1462 5117 dimisit.
1481 5060 1808 5128 Quamquam
1831 5057 1957 5113 Saftl

378 5162 551 5230 ipsum
579 5175 700 5214 cum
729 5169 837 5212 toto
858 5157 1093 5211 exercitu
1118 5155 1512 5224 insequebatur,
1545 5151 1811 5220 Davidque
1835 5165 1956 5204 cum

377 5252 562 5324 paucis
590 5251 819 5320 fugitivis
843 5252 986 5303 omni
1029 5264 1124 5318 spe
1168 5246 1434 5302 destitutis
1471 5243 1685 5299 errabat
1730 5243 1958 5297 interce-

377 5356 532 5415 ptus,
564 5360 595 5398 a
623 5345 738 5397 loco
777 5343 828 5396 in
871 5343 1045 5396 locmn
1097 5341 1404 5394 transiens:
1437 5345 1668 5393 attamen
1710 5334 1957 5406 fugitivus

377 5451 558 5506 regem
612 5434 882 5503 superavit
912 5452 925 5488 :
957 5433 1080 5502 quia
1125 5432 1216 5487 ille
1259 5447 1378 5486 cum
1419 5429 1757 5500 simplicitate
1784 5467 1801 5493 ,
1832 5426 1955 5481 Saﬁl

376 5542 499 5583 eum
524 5525 721 5580 malitia
742 5521 1383 5588 eastrametabatur.Quid
1405 5521 1545 5575 enim
1569 5519 1846 5574 scelestius
1867 5516 1958 5571 illo

376 5619 572 5686 fuerit,
599 5618 688 5688 qui
720 5616 908 5673 ducem
937 5617 1202 5673 exercitus
1231 5615 1346 5679 sui,
1376 5615 1464 5685 qui
1496 5613 1671 5667 omnia
1698 5612 1835 5667 bella
1865 5625 1954 5666 re-

377 5721 463 5766 cte
489 5710 730 5782 gerebat,
759 5725 879 5765 cum
913 5710 1154 5765 victoriis
1183 5717 1237 5763 ct
1265 5702 1498 5778 tropzeis,
1525 5707 1613 5777 qui
1642 5705 1851 5760 lahores
1875 5703 1955 5758 fe-

378 5803 553 5871 rebat,
577 5812 635 5859 et
660 5816 888 5860 coronas
927 5802 1037 5875 regi
1068 5801 1306 5874 parabat,
1336 5799 1568 5856 tentabat
1598 5795 1887 5854 occidere?

1383 437 1447 494 IN
1483 431 1890 492 MATTll/EUM
1930 429 2160 487 IIOMIL.
2201 434 2357 492 LXII.
2392 439 2461 493 al.
2503 441 2684 498 LXIII.

2128 548 2183 604 5.
2222 547 2428 607 Invidia
2467 555 2610 610 bonis
2649 574 2845 629 quoque
2897 564 3009 617 suis
3063 564 3349 624 insidiatur.
3385 601 3458 613 —
3489 575 3631 630 Talis

2051 640 2247 735 quippe
2271 653 2354 698 est
2390 645 2586 701 invidia
2616 666 2630 701 :
2663 650 2817 706 bonis
2841 653 2952 723 ipsa
2997 659 3224 729 prepriis
3261 677 3473 735 semper
3501 667 3628 722 insi-

2051 731 2257 802 diatur,
2286 735 2628 809 invidumque
2658 743 2904 801 tabefacit
2926 788 2940 813 ,
2985 758 3040 802 et
3071 752 3214 807 mille
3239 731 3629 816 calamitatibus

2051 826 2287 882 involvit.
2321 831 2480 887 Miser
2503 849 2631 905 ergo
2662 837 2766 904 ille,
2791 839 2960 894 donec
2989 843 3151 898 David
3179 846 3247 900 ab
3277 849 3366 902 illo
3387 855 3625 916 l'CCt‘SSll,

2057 921 2415 981 miserabilem
2440 928 2583 983 illam
2609 945 2791 985 vocem
2815 933 3001 1004 lugens
3023 953 3127 992 non
3151 942 3328 994 emisit
3360 961 3372 996 :
3399 943 3628 1000 Nimium

2049 1023 2300 1082 coarctor,
2331 1015 2626 1089 alienigena:
2651 1021 2836 1076 bellum
2865 1027 2989 1080 milii
3012 1028 3234 1096 inferunt
3253 1073 3268 1098 ,
3305 1044 3352 1087 et
3379 1033 3630 1091 Dominus

2049 1108 2301 1161 recessim
2322 1124 2400 1162 me
2428 1109 2448 1179 (
2475 1110 2525 1165 1.
2563 1111 2690 1182 Reg.
2720 1113 2809 1169 28.
2845 1117 2907 1172 15
2927 1117 2971 1188 ).
3001 1122 3296 1190 Antequam
3326 1125 3492 1180 David
3517 1128 3625 1180 dis-

2050 1199 2301 1266 cederet,
2334 1217 2442 1257 non
2483 1204 2666 1260 incidit
2714 1209 2766 1261 in
2794 1209 3021 1279 bellum,
3049 1214 3144 1268 sed
3186 1217 3236 1269 in
3268 1220 3550 1274 s«~curitate
3579 1233 3630 1275 et

2052 1289 2104 1343 in
2131 1291 2292 1360 gloria
2317 1293 2574 1364 degebat:
2603 1297 2768 1367 gloria
2795 1302 2988 1371 quippe
3013 1305 3163 1360 ducis
3189 1309 3239 1361 in
3262 1324 3437 1378 regem
3460 1322 3631 1367 trans-

2051 1381 2178 1436 ibat.
2209 1383 2389 1454 Neque
2414 1387 2555 1442 cnim
2589 1399 2842 1459 tyrannus
2863 1404 2976 1447 erat
2995 1395 3185 1463 David,
3211 1415 3381 1468 neque
3403 1403 3572 1473 ipsum
3598 1422 3626 1456 a

2051 1474 2188 1529 solio
2227 1476 2459 1547 dejicere
2500 1481 2733 1536 tentabat
2777 1500 2791 1548 ;
2826 1484 2917 1538 sed
2959 1502 3054 1554 pro
3098 1488 3186 1541 illo
3228 1495 3480 1559 prmclare
3517 1511 3629 1549 rem

2051 1567 2306 1636 gerebat,
2342 1570 2480 1626 bene
2504 1588 2626 1642 erga
2667 1574 2815 1628 illum
2843 1576 3059 1633 affectus
3085 1597 3100 1635 :
3134 1581 3184 1635 id
3213 1584 3350 1651 quod
3380 1588 3538 1640 etiam
3564 1603 3628 1642 ex

2051 1664 2398 1731 sequentibus
2429 1666 2767 1722 manifestum
2797 1669 2913 1725 fuit.
2945 1671 3077 1726 Nam
3110 1677 3360 1743 quamdiu
3406 1680 3505 1731 sub
3537 1681 3628 1734 illo

2054 1755 2317 1808 militabat
2341 1798 2355 1820 ,
2385 1756 2485 1827 legi
2514 1756 2740 1815 fortasse
2769 1762 3114 1831 subjectiouis
3142 1764 3268 1820 illud
3305 1769 3592 1824 attribuunt
3615 1815 3628 1834 ,

2053 1847 2141 1914 qui
2170 1862 2274 1901 non
2301 1859 2546 1904 accurate
2569 1867 2680 1906 rem
2707 1853 2985 1922 explorant
3017 1872 3030 1908 :
3059 1856 3150 1910 sed
3181 1870 3459 1928 postquam
3484 1862 3630 1916 illum

2053 1955 2083 1996 e
2109 1957 2272 2011 regno
2297 1958 2393 1998 suo
2413 1945 2650 2014 expulit,
2674 1947 2798 2017 quid
2831 1947 2976 2002 illum
3008 1950 3359 2019 impediebat,
3386 1955 3509 2022 quid
3557 1956 3632 2009 illi

2055 2034 2312 2088 suadebat
2353 2045 2468 2090 uta
2517 2037 2658 2092 bello
2702 2038 2800 2108 ipsi
2845 2040 3123 2096 inferendo
3165 2043 3498 2100 abstineret?
3526 2047 3634 2100 imo

2055 2144 2202 2195 vero,
2232 2130 2359 2200 qttid
2381 2146 2485 2186 non
2512 2132 2764 2188 incitabat
2785 2143 2841 2188 ut
2863 2150 3046 2189 necem
3071 2135 3144 2190 illi
3167 2137 3418 2194 inferret?
3440 2141 3632 2195 Annon

2053 2221 2244 2286 semel,
2298 2221 2380 2277 bis
2429 2231 2485 2277 et
2527 2224 2724 2293 pluries
2769 2225 2869 2294 ipsi
2901 2226 3174 2282 insidiatus
3200 2239 3316 2283 erat
3362 2230 3634 2301 improbus

2056 2313 2184 2370 ille?
2223 2329 2400 2370 annon
2431 2315 2702 2372 beneficiis
2725 2317 2984 2374 allectus?
3020 2334 3196 2376 annon
3224 2337 3350 2390 erga
3368 2322 3633 2381 insontem

2055 2406 2110 2462 id
2139 2409 2360 2478 egerat?
2383 2423 2560 2464 annon
2591 2425 2714 2465 cum
2742 2409 2978 2480 periculo
3005 2427 3103 2468 suo
3125 2413 3251 2469 Sani
3283 2415 3557 2487 regnabat,
3579 2427 3635 2473 et

2057 2500 2239 2555 salvus
2277 2501 2431 2555 erat?
2462 2516 2640 2556 annon
2670 2502 2764 2556 illo
2792 2503 3001 2559 vivente
3026 2513 3082 2558 et
3125 2505 3420 2576 imperante
3447 2523 3634 2563 erran-

2055 2593 2181 2650 dum
2220 2609 2432 2665 semper
2470 2595 2567 2666 ipsi
2595 2606 2710 2650 erat
2748 2605 2801 2651 et
2830 2596 3133 2667 fugiendum
3158 2639 3174 2666 ,
3201 2614 3263 2654 ac
3290 2599 3358 2654 de
3381 2602 3634 2656 extremis

2057 2689 2504 2758 periclitandum?
2541 2687 2678 2743 Nihil
2717 2699 2890 2744 tamen
2937 2706 3119 2744 eorum
3171 2692 3341 2760 ipsum
3387 2693 3635 2748 inducere

2051 2782 2228 2852 ~p0tuit
2244 2790 2300 2835 ut
2314 2781 2543 2852 gladium
2566 2791 2869 2838 cruentaret
2889 2801 2903 2836 :
2927 2784 3032 2837 imo
3051 2782 3405 2838 dormientem
3428 2784 3633 2849 videns,

2057 2883 2270 2944 captum
2298 2883 2353 2928 et
2379 2873 2551 2929 solum
2580 2875 2631 2928 in
2657 2874 2834 2930 medio
2876 2891 3095 2930 suorum
3128 2917 3142 2940 ,
3176 2890 3296 2930 enm
3327 2888 3487 2944 caput
3514 2878 3634 2945 ejus

2057 2968 2422 3036 contingeret,
2465 2966 2726 3037 multique
2752 2976 2932 3022 essent
2970 2968 3058 3037 qui
3089 2967 3238 3022 illum
3261 2969 3634 3034 concitabant,
3714 2995 3721 3002 -

2057 3058 2410 3129 dicebantque
2451 3058 2543 3115 Dei
2573 3067 2702 3115 nutu
2745 3060 2902 3115 talem
2945 3061 3044 3116 sibi
3073 3062 3519 3132 opportunitatem
3557 3061 3636 3118 of-

2059 3149 2206 3218 ferri,
2240 3152 2328 3207 ille
2351 3161 2406 3208 et
2433 3153 2714 3209 incitantes
2741 3169 2798 3209 se
2830 3155 3142 3225 increpavit,
3172 3166 3226 3210 et
3251 3171 3280 3210 a
3301 3157 3447 3212 carde
3471 3157 3636 3213 absti-

2058 3246 2208 3313 nuit,
2239 3247 2550 3317 salvumque
2589 3255 2643 3303 et
2681 3263 2870 3303 sanum
2906 3248 3077 3318 ipsum
3119 3249 3371 3320 reliquit:
3402 3263 3466 3305 ac
3491 3252 3638 3320 quasi

2059 3338 2301 3408 corporis
2324 3336 2438 3406 ejus
2462 3346 2660 3404 custos,
2692 3353 2756 3395 ac
2787 3349 3057 3408 protector
3075 3380 3092 3406 ,
3119 3355 3225 3395 non
3253 3339 3421 3394 hostis
3449 3340 3637 3406 fuerit,

2058 3430 2138 3486 sic
2162 3431 2451 3486 exercitum
2480 3431 2750 3486 accusavit
2774 3431 2915 3500 quod
2945 3447 3122 3503 regem
3145 3433 3484 3502 prodidisset.
3505 3435 3639 3503 Quid

2060 3524 2185 3581 huic
2203 3525 2383 3580 animo
2411 3541 2504 3596 par
2523 3525 2718 3582 fuerit?
2735 3540 2853 3596 quae
2871 3527 3222 3582 mansuetudo
3242 3527 3365 3583 huic
3389 3529 3640 3599 :equalis?

2061 3614 2116 3672 ιιι
2134 3616 2275 3671 enim
2297 3632 2361 3672 ex
2383 3617 2556 3684 dictis,
2578 3617 2848 3687 multoque
2865 3617 3033 3688 magis
3053 3632 3116 3673 ex
3143 3617 3204 3672 iis
3241 3632 3363 3686 qua:
3378 3617 3536 3673 modo
3557 3617 3635 3672 fa.

2059 3713 2148 3763 cta
2168 3718 2317 3776 sunt,
2331 3707 2804 3780 conspicerelicct.
2821 3706 3033 3763 Sienim
3066 3708 3381 3779 pravitatem
3407 3718 3640 3764 nostram

2062 3799 2483 3865 consideremus,
2505 3809 2630 3856 tunc
2650 3800 2841 3857 melius
2859 3810 3162 3857 sanctorum
3184 3801 3429 3858 virtutem
3449 3817 3644 3873 cogno-

2063 3908 2294 3950 scemus.
2326 3894 2663 3964 Quapropter
2707 3893 2931 3949 obsecro
2961 3903 3017 3948 ut
3043 3893 3108 3949 ad
3137 3893 3345 3948 illorum
3393 3894 3643 3950 imitatio-

2066 4000 2188 4040 nem
2218 3999 2518 4040 eurramus.
2548 3984 2680 4040 Nam
2719 3985 2760 4040 si
2798 3983 3021 4056 gloriam
3051 3999 3200 4040 amas
3223 4025 3238 4050 ,
3277 3994 3332 4040 et
3361 3984 3481 4042 ideo
3509 4000 3644 4057 pro—

2063 4075 2210 4132 ximo
2238 4085 2328 4131 tuo
2375 4076 2681 4143 insidiaris,
2721 4085 2848 4131 tunc
2893 4077 3124 4132 maxime
3170 4076 3257 4132 illa
3303 4076 3496 4132 frueris
3524 4093 3644 4133 cum

2065 4168 2285 4240 gloriam
2320 4182 2578 4238 respuens
2597 4207 2614 4234 ,
2642 4166 2710 4222 ab
2738 4166 2944 4222 insidiis
2969 4167 3308 4224 abstinueris.
3334 4167 3481 4223 Sicut
3503 4169 3644 4224 enim

2067 4259 2410 4330 pecuniarum
2457 4267 2792 4329 contemptus
2820 4258 3059 4314 avaritia:
3086 4260 3386 4315 contrarius
3415 4270 3494 4315 est
3526 4278 3539 4315 :
3571 4259 3647 4316 sic

2067 4353 2289 4424 gloriam
2337 4352 2590 4421 consequi
2633 4360 2688 4407 et
2728 4352 2948 4422 gloriam
2998 4367 3179 4407 amare
3205 4361 3327 4406 sunt
3356 4353 3645 4406 contraria.

2068 4446 2136 4501 Et
2181 4449 2225 4500 si
2255 4446 2467 4515 placet,
2499 4445 2708 4515 singula
2749 4455 3068 4500 scrutemur.
3108 4443 3240 4512 Quia
3278 4445 3422 4498 enim
3473 4443 3650 4499 nullus

2066 4541 2218 4596 nobis
2246 4539 2382 4595 inest
2402 4537 2658 4609 gehenna:
2680 4537 2855 4600 timor,
2887 4550 3058 4605 neque
3079 4536 3224 4605 regni
3252 4535 3499 4589 cazlorum
3523 4551 3646 4590 cura

2067 4634 2197 4702 ulla,
2233 4648 2359 4704 age,
2377 4649 2443 4687 ex
2469 4630 2816 4701 praesentibus
2833 4629 2899 4683 ad
2917 4629 3004 4683 illa
3024 4644 3121 4683 vos
3163 4628 3494 4683 inducamus.
3516 4628 3642 4696 Qui-

2069 4743 2211 4792 nam,
2235 4739 2438 4795 quazso,
2463 4721 2665 4778 ridiculi
2685 4721 2840 4775 sunt?
2859 4735 3034 4774 nonne
3051 4719 3085 4773 ii
3115 4719 3201 4788 qui
3229 4727 3445 4788 pr0pter
3474 4717 3648 4772 multi-

2071 4817 2269 4874 tudinis
2289 4829 2472 4869 auram
2501 4811 2697 4883 agunt?
2721 4811 2945 4876 Quinam
2965 4823 3090 4862 vero
3117 4807 3399 4863 laudandi?
3415 4822 3591 4862 nonne
3613 4809 3646 4863 ii

2065 4914 2155 4984 qui
2173 4911 2442 4982 vulgarem
2461 4906 2669 4962 laudem
2685 4902 3066 4959 contemnunt?
3082 4901 3219 4971 Ergo
3235 4899 3278 4956 si
3300 4915 3448 4955 vana:
3467 4900 3648 4970 gloria:

2066 5021 2218 5061 amor
2266 5000 2646 5073 vituperandus
2687 5004 2770 5053 est
2796 5037 2811 5062 ,
2844 5005 2897 5051 ct
2945 4996 2990 5050 si
3033 5009 3183 5048 vanas
3221 4994 3402 5062 glori:e
3426 4993 3648 5063 cupidus

2069 5112 2174 5152 non
2204 5102 2376 5166 potest
2402 5109 2462 5147 ea
2492 5092 2544 5145 in
2572 5105 2630 5144 re
2671 5089 2840 5142 latere
2863 5128 2878 5153 ,
2913 5087 3069 5155 plane
3109 5083 3489 5155 vituperandus
3516 5085 3644 5148 erit,

2066 5204 2322 5259 amorque
2363 5185 2544 5257 gloriae
2586 5182 2688 5238 erit
2717 5181 2791 5235 illi
2821 5194 2978 5234 causa
3009 5177 3307 5233 dedecoris.
3337 5175 3519 5246 Neque
3547 5177 3647 5230 hac

2067 5285 2238 5340 solum
2269 5280 2336 5336 de
2360 5294 2518 5333 causa
2546 5276 2956 5339 dehonestatur,
3001 5272 3093 5328 sed
3121 5272 3280 5326 etiam
3316 5271 3455 5342 quod
3483 5271 3646 5326 multa

2067 5378 2239 5447 turpia
2271 5383 2325 5430 et
2363 5372 2574 5430 servilia
2617 5369 2792 5424 facere
2839 5375 3079 5436 cogatur.
3107 5363 3197 5420 Sic
3225 5365 3384 5420 etiam
3413 5377 3602 5418 omnes
3625 5404 3642 5428 ,

2067 5471 2158 5540 qui
2190 5470 2337 5524 lucro
2377 5481 2476 5522 ceu
2508 5463 2748 5519 furentes
2774 5457 3010 5524 student,
3039 5456 3107 5511 ab
3133 5471 3316 5511 amore
3343 5455 3474 5510 lucri
3503 5468 3645 5524 stepe

2069 5562 2189 5618 lardi
2235 5559 2410 5615 solent
2449 5575 2462 5611 :
2505 5555 2698 5611 multas
2755 5551 2950 5623 quippe
2999 5548 3211 5604 fraudes
3256 5546 3541 5611 adhibent,
3591 5555 3644 5600 et

2067 5669 2224 5725 quam
2259 5649 2474 5706 minima
2505 5648 2651 5702 lucra
2680 5659 2869 5714 magna
2901 5644 3109 5714 pariunt
3132 5640 3470 5696 detrimenta.
3500 5637 3644 5706 Qua-

2067 5759 2287 5818 pr0pter
2316 5745 2419 5800 hoc
2446 5747 2613 5814 ipsum
2646 5743 2697 5794 in
2739 5739 3079 5810 proverbium
3116 5734 3341 5790 transiit.
3372 5730 3460 5788 Sic
3480 5731 3641 5787 etiam

2069 5840 2266 5898 lascivo
2290 5879 2305 5908 ,
2335 5836 2720 5910 impedimento
2738 5832 2804 5890 ad
2836 5831 3158 5902 voluptatem
3204 5836 3287 5885 est
3312 5827 3424 5902 ipse
3447 5823 3641 5884 nimius
