4140 6376
497 425 604 483 603

496 540 717 593 allectus
746 555 760 592 :
793 552 917 593 nam
942 536 1075 592 viles
1099 533 1221 591 illos
1240 536 1577 591 ell‘eminatos
1617 532 1769 603 quasi
1814 528 2071 599 mancipia

494 630 749 685 mulieres
778 630 1057 684 traducunt
1084 644 1099 693 ;
1128 642 1298 697 neque
1320 626 1604 696 dignantur
1624 624 1730 677 illis
1757 629 1815 675 ut
1831 620 1960 673 viris
1979 617 2074 682 uti,

495 722 737 793 ctilaphis
764 734 820 777 et
847 722 1016 791 sputis
1041 721 1489 781 dehonestantes,
1519 719 1937 784 circumagentes
1956 752 1970 777 ,
1998 711 2076 765 ri-

495 814 686 868 dentes
711 813 829 867 illos
849 854 864 876 ,
896 822 1055 882 atque
1077 814 1251 866 omnia
1281 812 1409 881 ipsis
1453 810 1793 879 imperantes.
1822 805 1908 861 Sic
1946 800 2077 857 nihil

496 905 678 961 vilius.
700 904 828 958 nihil
847 904 1103 974 abjectius
1116 912 1395 974 arrogante
1419 917 1481 956 ac
1502 916 1648 954 vanae
1664 898 1843 970 gloriae
1865 895 2077 966 cupido,

501 997 590 1066 qui
618 996 719 1049 sibi
750 995 993 1051 sublimis
1028 1005 1083 1051 et
1112 996 1250 1050 altus
1279 994 1503 1049 videtur.
1535 992 1665 1047 Nam
1691 990 2078 1047 eontentiosum

495 1097 580 1143 est
616 1086 904 1141 humanum
930 1103 1095 1158 genus
1115 1129 1130 1155 ,
1158 1095 1213 1142 et
1241 1086 1369 1141 nulli
1398 1087 1467 1139 ita
1496 1084 1809 1139 adversatur
1834 1088 1891 1135 ut
1925 1093 2080 1134 arro-

495 1178 641 1246 ganti
666 1217 682 1242 ,
710 1178 977 1247 superbo,
1009 1186 1063 1233 et
1106 1179 1287 1248 glorise
1327 1191 1502 1231 servo.
1534 1175 1651 1245 Ipse
1678 1189 1805 1228 vero
1833 1212 1848 1235 ,
1898 1178 1955 1224 ut
1981 1169 2082 1225 sibi

497 1267 646 1321 illum
671 1270 987 1337 arrogantiae
1010 1269 1223 1323 modum
1246 1276 1441 1331 servet,
1470 1267 1621 1337 quasi
1642 1262 1890 1333 mancipii
1909 1260 2083 1317 officia

499 1357 636 1429 apud
663 1357 857 1413 multos
885 1358 1100 1413 exhibet
1123 1399 1139 1425 ,
1184 1358 1432 1412 adulatur
1455 1398 1472 1423 ,
1502 1364 1801 1411 assentatur
1822 1394 1839 1420 ,
1878 1359 1933 1406 et
1965 1349 2083 1420 plus

509 1476 2818 1512 ______________________________.._———

1214 423 1270 481 S.
1310 420 1588 480 JOANNIS
1625 411 2100 476 CIIRYSOSTOMI
2138 409 2454 467 ARCIIIEP.
2494 407 3024 466 CONSTANTINOP.

3653 406 3750 461 606

2181 538 2339 593 quam
2367 522 2403 576 ii
2427 522 2515 592 qui
2547 536 2654 577 mre
2684 521 2847 591 empti
2877 529 3038 586 sunt,
3067 533 3126 575 se
3166 518 3490 590 gravissima:
3517 520 3755 573 servituti

2180 614 2418 685 subjicit.
2451 616 2574 670 llaac
2597 629 2722 685 ergo
2749 614 2924 668 omnia
2950 628 3067 668 cum
3100 612 3360 676 sciamus,
3407 611 3567 665 hosce
3595 610 3759 679 depo-

2182 719 2372 759 namus
2412 703 2663 771 allectus,
2703 719 2771 759 ne
2797 712 2851 758 et
2887 703 2973 758 hic
3012 717 3195 772 pcenas
3221 701 3441 767 demus,
3470 709 3524 757 et
3552 702 3657 756 illic
3705 703 3757 757 in

2185 805 2442 850 aeternum
2481 796 2798 851 cruciemur.
2848 793 3066 849 Virtutis
3104 809 3232 863 ergo
3270 801 3533 847 amatores
3572 794 3756 847 simus.

2183 888 2273 945 Sic
2299 889 2441 943 enim
2482 888 2641 944 etiam
2669 895 2793 942 ante
2822 902 3041 957 regnum
3064 926 3078 950 ,
3107 885 3392 939 tnaximnm
3420 886 3505 939 hic
3531 882 3757 938 fructum

2186 979 2533 1049 decerpemus
2552 1019 2566 1042 ,
2593 987 2649 1033 et
2673 977 2797 1032 illuc
2824 978 3111 1047 migrantes
3137 976 3349 1030 aeternis
3379 977 3640 1045 potiemur
3662 975 3758 1028 bo-

2185 1072 2269 1127 nis
2300 1089 2312 1126 :
2338 1087 2457 1142 quae
2483 1072 2680 1125 utinam
2710 1085 2895 1124 omnes
2920 1082 3340 1137 consequamur,
3385 1067 3554 1136 gratia
3582 1076 3637 1120 et
3662 1066 3759 1119 mi-

2187 1164 2474 1220 sericordia
2497 1162 2706 1218 Domini
2731 1160 2856 1217 Jes'u
2876 1159 3099 1225 Christi,
3119 1160 3201 1215 cui
3222 1159 3385 1230 gloria
3407 1168 3459 1214 et
3482 1158 3758 1229 imperium

2187 1258 2242 1313 in
2267 1258 2458 1314 saecula
2484 1255 2817 1312 saeculorum.
2844 1255 3034 1309 Amen.

1648 1558 1991 1622 HOMILIA
2031 1551 2257 1614 LXIII.
2301 1550 2385 1611 al.
2432 1550 2655 1610 LXIV.

500 1713 631 1770 CAP.
673 1713 761 1770 19.
801 1728 855 1768 v.
898 1713 990 1770 16.
1030 1710 1099 1767 Ει
1142 1729 1252 1768 ecce
1288 1729 1420 1766 unus
1465 1709 1706 1765 accedens
1771 1706 1897 1761 dixit
1963 1702 2079 1755 illi:

576 1803 824 1874 Magister
871 1805 1030 1873 bone,
1079 1804 1202 1875 quid
1226 1802 1457 1874 faciendo
1494 1801 1647 1855 vitam
1674 1809 1913 1855 aeternam
1942 1796 2083 1851 liere-

573 1896 744 1952 ditabo
759 1898 781 1951 ?

576 2034 603 2089 1
618 2070 632 2087 .
657 2032 1001 2088 Pecuniarum
1016 2048 1157 2086 anior
1181 2031 1428 2086 malorum
1447 2029 1668 2084 omnium
1692 2027 1860 2083 radix.
1879 2025 2084 2094 —Qui-

505 2125 629 2181 dam
671 2126 815 2180 hunc
854 2125 1105 2195 juvenem
1159 2132 1220 2177 ut
1260 2121 1647 2177 fraudulentum
1691 2128 1747 2174 et
1787 2119 2085 2188 improbum

506 2216 893 2281 criminantur,
926 2224 984 2269 ut
1026 2214 1115 2284 qui
1149 2213 1383 2269 tentandi
1432 2226 1590 2267 causa
1631 2210 1813 2266 Jesum
1855 2208 2084 2263 adierit:

509 2324 613 2380 ego
648 2322 776 2364 vero
802 2308 948 2362 illum
977 2321 1192 2361 avarum
1235 2316 1289 2360 et
1314 2305 1651 2375 pecuniarum
1690 2310 1955 2357 amantem
2004 2300 2088 2353 di-

510 2414 636 2456 cere
682 2414 789 2454 non
838 2396 1076 2453 dubitem
1104 2439 1119 2464 ,
1169 2396 1383 2467 quando
1428 2393 1669 2449 Christus
1725 2394 1886 2448 talem
1935 2393 2082 2446 illum

513 2506 637 2547 esse
679 2491 1065 2547 demonstravit
1090 2505 1106 2548 '.
1132 2488 1524 2544 fraudulentum
1565 2502 1692 2542 vero
1720 2500 2086 2557 nequaquam,

511 2581 941 2653 quandoquidem
988 2596 1095 2636 non
1139 2588 1308 2635 tutum
1339 2590 1418 2634 est
1462 2579 1529 2633 de
1572 2578 1793 2634 occultis
1842 2577 2092 2631 audacter

515 2674 776 2745 judicare,
804 2689 926 2728 cum
951 2673 1183 2728 maxime
1210 2672 1277 2727 de
1296 2670 1540 2741 quopiam
1571 2668 1869 2724 accusando
1886 2668 2090 2738 agitur:

517 2773 680 2835 atque
723 2763 882 2819 etiam
923 2763 1063 2834 quod
1092 2762 1299 2818 Marcus
1341 2761 1485 2816 illam
1525 2761 1879 2831 suspicionem
1918 2772 2093 2814 remo-

517 2857 654 2912 verit
678 2873 691 2910 :
717 2872 837 2910 nam
867 2856 942 2910 ait
972 2874 986 2910 :
1010 2856 1289 2909 decurrens
1314 2863 1361 2908 et
1381 2854 1712 2924 genuﬂectens
1732 2851 1939 2922 rogabat
1958 2866 2094 2916 eum;

515 2957 603 3013 et,
637 2947 924 3018 Respiciens
952 2946 1102 3002 Jesus
1127 2948 1301 3001 dilexit
1326 2963 1437 3000 eum
1466 2946 1484 3014 (
1510 2945 1673 2999 Marc.
1710 2943 1795 2999 10.
1830 2943 1917 2997 17.
1955 2942 2020 2997 21
2052 2941 2092 3013 ).

517 3039 626 3096 Sed
673 3041 835 3094 multa
874 3048 958 3093 est
998 3040 1339 3109 pecuniarum
1388 3036 1663 3108 tyrannis,
1694 3034 1831 3104 quod
1860 3033 1941 3089 vel
1973 3032 2097 3087 hinc

517 3130 689 3200 palam
717 3138 799 3183 est
827 3146 841 3183 :
872 3129 998 3183 licet
1041 3128 1184 3183 enim
1229 3129 1448 3181 virtutes
1494 3127 1624 3180 alias
1661 3125 1897 3180 colamus
1921 3166 1938 3192 ,
1982 3123 2096 3178 hinc

520 3220 698 3274 omnia
722 3220 855 3274 bona
875 3219 1177 3275 labefactat.
1198 3218 1324 3274 Jnre
1342 3232 1469 3287 ergo
1487 3216 1678 3271 Paulus
1699 3216 1839 3270 illam
1861 3216 2096 3270 omnium

517 3311 777 3365 malorum
803 3311 1034 3365 radicem
1061 3326 1182 3365 esse
1201 3310 1332 3364 dixit
1359 3325 1375 3363 :
1407 3309 1576 3363 Radix
1595 3309 1723 3361 enim
1743 3309 1964 3361 omnium
1988 3323 2097 3360 ma-

518 3394 684 3448 lorum
707 3404 781 3447 est
807 3395 1057 3465 avaritia(
1084 3396 1136 3449 1.
1168 3394 1298 3447 Tim.
1331 3394 1383 3447 6,
1415 3393 1481 3447 10
1509 3394 1546 3462 ).
1578 3392 1752 3459 Quare
1781 3407 1908 3462 ergo
1946 3390 2099 3445 Chri-

517 3493 634 3538 stus
656 3484 724 3537 ita
746 3485 1019 3555 respondit
1045 3485 1119 3539 illi
1140 3484 1323 3540 dicens
1345 3495 1358 3532 :
1385 3482 1547 3537 Nemo
1567 3483 1768 3537 bonus?
1791 3482 1923 3549 Quia
1947 3482 2095 3537 illum

521 3581 580 3628 ut
605 3572 901 3643 simplicem
935 3574 1202 3629 hominem
1231 3570 1459 3626 habebat
1478 3580 1533 3626 et
1556 3571 1733 3642 vulgo,
1760 3580 1815 3626 et
1844 3581 1898 3625 ut
1916 3570 2100 3626 docto-

521 3677 637 3718 rem
665 3662 945 3720 Judaicum
972 3682 985 3718 :
1014 3665 1240 3734 ideoque
1283 3671 1342 3718 ut
1371 3662 1531 3718 homo
1578 3662 1751 3732 ipsum
1792 3662 2096 3734 alloquitur.

519 3753 652 3810 Nam
670 3769 812 3825 saepe
825 3755 1424 3826 secundumrogantium
1439 3754 2036 3826 opinionemrespondet
2057 3756 2097 3822 ί,

521 3852 580 3899 ut
592 3858 712 3899 cum
732 3845 857 3900 dicit
881 3865 894 3901 :
922 3844 1031 3901 Nos
1049 3846 1317 3900 adoramus
1337 3845 1471 3915 quod
1494 3845 1678 3900 scimus
1699 3843 1875 3918 (Joan.
1908 3846 1962 3900 4.
1983 3845 2096 3914 22):

516 3944 574 3991 et
591 3974 608 4001 ,
630 3934 691 3991 Si
715 3952 804 4007 ego
827 3934 1160 3991 testimonium
1189 3935 1420 4006 perhibeo
1446 3935 1508 3989 de
1527 3936 1738 4006 nteipso,
1767 3935 2102 3990 testimonium

522 4043 687 4081 meum
706 4046 805 4083 non
820 4038 893 4083 est
911 4045 1080 4082 verum
1103 4026 1277 4100 (Joan.
1298 4028 1350 4084 5.
1374 4026 1486 4099 5|).
1501 4026 1632 4082 Cum
1651 4028 1809 4098 igitur
1822 4027 1916 4093 ait,
1937 4026 2102 4082 Nemo

524 4119 704 4183 bonus,
735 4135 838 4172 non
867 4118 967 4174 hoc
992 4119 1118 4174 dicit
1146 4128 1205 4174 ut
1230 4135 1288 4173 se
1315 4119 1510 4173 bonum
1541 4133 1644 4173 non
1676 4133 1795 4174 esse
1816 4116 2097 4187 signiﬁcet,

531 4209 672 4263 absit
696 4228 709 4265 :
736 4226 840 4264 non
862 4211 1001 4266 enim
1024 4211 1175 4275 dixit,
1202 4211 1335 4278 Quid
1359 4226 1436 4263 me
1456 4210 1581 4264 dicis
1608 4209 1831 4263 bonum?
1857 4224 1960 4264 non
1985 4224 2101 4264 sum

523 4301 697 4356 bonus
728 4320 742 4356 :
771 4303 862 4358 sed
882 4343 898 4369 ,
927 4302 1092 4358 Nemo
1139 4304 1296 4357 bonus
1326 4303 1529 4374 (Marc.
1568 4303 1652 4357 l0.
1686 4303 1752 4357 18
1774 4301 1832 4371 );
1887 4302 1938 4358 id
1979 4313 2061 4358 est
2083 4344 2098 4370 ,

529 4393 707 4448 nullus
738 4392 1033 4449 hominum.
1066 4393 1183 4465 Ipse
1213 4410 1339 4449 vero
1372 4410 1493 4449 cum
1538 4393 1637 4447 hoc
1666 4394 1825 4460 dicit,
1860 4409 1964 4447 non
2003 4395 2102 4448 ho-

526 4486 699 4539 mines
738 4498 767 4538 a
810 4485 1047 4541 bonitate
1088 4485 1358 4551 excludit;
1387 4485 1483 4540 sed
1525 4485 1919 4554 comparatione
1966 4482 2102 4539 facta

525 4591 646 4630 cum
676 4575 769 4631 Dei
790 4575 1041 4630 bonitate.
1066 4575 1394 4645 Quapropter
1418 4575 1618 4643 adjicit,
1647 4574 1764 4628 Nisi
1782 4575 1917 4628 solus
1942 4573 2100 4629 Deus.

526 4666 709 4737 Neque
734 4667 901 4732 dixit,
933 4667 1045 4723 Nisi
1074 4667 1231 4722 Pater
1258 4681 1408 4721 mens
1430 4705 1446 4731 ,
1478 4676 1535 4720 ut
1561 4665 1733 4719 discas
1757 4706 1772 4729 ,
1798 4665 1966 4733 ipsum
1998 4678 2102 4718 non

530 4773 593 4812 se
633 4757 815 4828 juveni
857 4758 934 4812 illi
955 4755 1405 4813 'manil‘estavisse.
1446 4756 1534 4810 Sic
1560 4756 1718 4811 etiam
1750 4770 1908 4825 supra
1937 4755 2106 4809 malos

525 4846 737 4903 dicebat
769 4848 1014 4904 homines
1040 4848 1122 4903 his
1155 4847 1334 4902 verbis
1369 4868 1383 4903 :
1414 4846 1473 4902 Si
1499 4856 1666 4901 autem
1698 4862 1782 4899 vos
1802 4887 1817 4913 ,
1846 4863 1958 4899 cum
1997 4845 2106 4898 sitis

538 4940 680 5005 mali,
712 4940 864 4993 nostis
884 4941 1013 4995 bona
1033 4940 1151 4993 data
1174 4939 1296 4993 dare
1316 4938 1435 5007 ﬁliis
1461 4939 1633 4992 uestris
1651 4937 1668 5007 (
1688 4937 1869 4991 Matth.
1903 4938 1952 4991 7.
1984 4937 2101 5008 11).

524 5028 657 5084 Nam
690 5029 795 5084 illic
832 5032 999 5084 malos
1029 5030 1272 5095 vocavit,
1297 5044 1402 5084 non
1431 5029 1571 5099 quod
1603 5028 1693 5082 toti
1726 5038 1926 5082 naturie
1954 5027 2107 5081 mali-

526 5121 654 5174 tiam
681 5120 1009 5176 adscriberet
1033 5138 1047 5182 ;
1076 5136 1196 5175 nam
1235 5119 1385 5186 illud,
1422 5118 1556 5183 Vos,
1584 5133 1696 5171 non
1717 5132 1902 5171 omnes
1932 5117 2106 5172 homi-

534 5224 630 5265 nes
661 5210 919 5279 signiﬁcat
939 5252 953 5276 ,
983 5210 1075 5267 scd
1108 5209 1381 5265 hominum
1416 5209 1704 5263 bonitatem
1732 5223 1850 5261 cum
1884 5208 1975 5261 Dei
2007 5209 2100 5262 bo-

526 5300 691 5357 nitate
714 5314 1049 5369 comparans,
1071 5301 1147 5356 sic
1168 5301 1415 5370 loquutus
1436 5308 1550 5364 est;
1575 5298 1797 5368 ideoque
1816 5297 2103 5367 subjunxit,

532 5389 733 5456 Quanto
772 5391 933 5461 magis
966 5390 1120 5445 Pater
1158 5398 1314 5445 vester
1361 5388 1499 5443 dabit
1538 5387 1668 5443 bona
1696 5389 1969 5459 petentibus
2005 5403 2056 5441 se
2080 5387 2107 5441 ?

528 5479 731 5551 Ecquid
756 5481 905 5536 illum
935 5480 1154 5552 urgebat
1177 5522 1191 5547 ,
1223 5479 1426 5551 inquies
1447 5520 1463 5547 ,
1490 5488 1580 5534 aut
1603 5479 1726 5549 quid
1753 5477 2017 5533 commodi
2040 5493 2106 5533 ex

530 5570 833 5643 hnjnsmodi
860 5573 1153 5642 responso?
1178 5572 1433 5626 Paulatim
1462 5570 1605 5625 illum
1631 5570 1695 5625 ad
1724 5570 1909 5625 altiora
1936 5568 2104 5625 addu-

532 5665 647 5730 cit,
691 5676 850 5735 atque
875 5664 1100 5719 instituit
1124 5673 1181 5718 ut
1202 5663 1349 5720 omni
1376 5664 1446 5719 sit
1469 5662 1771 5719 adulatione
1800 5676 1993 5717 vacuus
2016 5700 2033 5729 ,
2074 5675 2105 5716 a

595 5822 613 5854 ί
639 5820 786 5883 Editi,
810 5823 1074 5874 secundum
1093 5818 1361 5885 opinionem
1391 5818 1649 5869 multorum
1673 5809 1939 5877 respondet.
2036 5856 2064 5869 ..

2188 1696 2518 1766 terrenisque
2539 1694 2806 1751 abducens
2830 1694 2937 1747 Deo
2963 1691 3250 1761 conjungit,
3278 1689 3570 1758 suadetque
3590 1686 3758 1741 futura

2184 1801 2443 1856 quierere,
2472 1786 2805 1855 discereque,
2832 1785 2951 1854 quis
2988 1784 3057 1837 sit
3084 1797 3212 1837 vere
3239 1781 3408 1835 bonus
3427 1821 3443 1846 ,
3469 1780 3587 1849 quis
3611 1778 3755 1832 radix

2185 1888 2240 1933 et
2257 1876 2374 1933 fons
2389 1877 2648 1942 omnium,
2671 1876 2873 1947 ipsique
2892 1875 3148 1929 honorem
3166 1872 3381 1928 referre.
3402 1870 3531 1925 Nam
3553 1870 3763 1939 quando

2187 1968 2354 2035 dicit,
2386 1968 2559 2023 Nolite
2594 1968 2889 2038 magistrum
2917 1980 3093 2019 vocare
3134 1979 3282 2033 super
3308 1971 3493 2016 terram
3531 1960 3758 2029 (Matth.

2188 2059 2278 2116 25.
2308 2058 2411 2131 9),
2440 2067 2548 2113 tum
2574 2059 2625 2113 in
2648 2056 3093 2126 comparationem
3116 2055 3195 2110 sui
3214 2054 3282 2108 ita
3307 2053 3454 2119 dicit,
3474 2062 3580 2107 tum
3604 2053 3759 2107 etiam

2188 2161 2248 2206 nt
2275 2151 2483 2206 discant
2515 2149 2655 2221 quod
2682 2151 2752 2204 sit
2791 2148 3017 2218 primum
3058 2161 3233 2201 rerum
3273 2146 3507 2199 omnium
3536 2143 3760 2199 initium.

2190 2242 2372 2312 Neque
2407 2242 2547 2297 enim
2579 2240 2839 2295 modicum
2868 2238 3078 2309 juvenis
3120 2236 3208 2290 ille
3250 2235 3504 2291 hactenus
3533 2234 3760 2289 studium

2191 2334 2499 2390 ostenderat
2569 2344 2624 2390 et
2660 2347 2895 2387 amorem
2923 2372 2937 2397 ,
2971 2331 3039 2385 ita
3069 2338 3164 2396 ut,
3212 2344 3333 2384 cum
3376 2328 3466 2382 alii
3502 2335 3766 2382 tentarent

2192 2430 2484 2493 Christum,
2518 2428 2607 2483 alii
2640 2441 2734 2497 pro
2763 2425 2963 2481 morbis
2990 2432 3079 2478 aut
3109 2424 3219 2478 suis
3246 2430 3335 2477 aut
3362 2421 3583 2476 aliorum
3614 2434 3762 2473 acccc

2191 2520 2414 2587 durent,
2446 2521 2558 2589 ipse
2588 2534 2683 2589 pro
2713 2518 2819 2572 vita
2854 2526 3053 2571 :eterna
3100 2515 3304 2570 veniret
3342 2522 3501 2583 atque
3538 2512 3761 2565 interro-

2192 2621 2361 2683 garet.
2408 2611 2623 2680 Pinguis
2660 2618 2805 2665 certe
2832 2616 2973 2662 terra
3002 2616 3056 2663 et
3095 2606 3282 2660 fertilis
3322 2620 3448 2675 ager
3472 2612 3619 2666 erat,
3671 2601 3765 2656 sed

2194 2702 2468 2773 spinarum
2514 2701 2795 2756 multitudo
2836 2714 3017 2753 semen
3047 2695 3343 2752 sull‘ocavit.
3391 2693 3767 2748 Animadverte

2195 2793 2337 2848 enim
2382 2808 2539 2863 quam
2586 2792 2655 2848 sit
2695 2798 2908 2861 paratus
2951 2787 3016 2842 ad
3057 2785 3409 2841 obediendum
3460 2784 3766 2838 mandatis:

2200 2887 2336 2954 Quid
2362 2885 2592 2958 faciendo
2611 2926 2626 2952 ,
2668 2883 2869 2953 inquit,
2898 2882 3053 2935 vitam
3079 2888 3319 2934 aeternam
3356 2876 3655 2950 possidebo?
3679 2874 3768 2930 Sic

2199 2985 2474 3046 promptus
2517 2990 2637 3031 esse
2667 2973 2731 3027 ad
2756 2971 3049 3044 parendum
3076 2969 3368 3024 videbatur.
3400 2966 3549 3035 Quod
3578 2967 3621 3020 si
3650 2975 3767 3020 ten-

2199 3077 2315 3122 tans
2341 3066 2689 3128 accessisset,
2723 3062 2850 3117 illud
2892 3072 3037 3116 certe
3065 3059 3217 3114 nobis
3254 3058 3576 3113 declarasset
3612 3071 3770 3109 evan-

2198 3160 2403 3231 gelista,
2430 3155 2873 3227 quemadmodum
2901 3163 2956 3209 et
2979 3154 3029 3207 in
3056 3152 3173 3206 aliis
3204 3150 3447 3215 faciebat,
3476 3159 3532 3203 ut
3559 3149 3610 3201 in
3641 3147 3768 3217 legis

2198 3249 2436 3303 doctore.
2466 3247 2521 3302 Si
2549 3261 2677 3301 vero
2716 3245 2832 3315 ipse
2854 3243 3109 3307 siluisset,
3142 3255 3245 3295 non
3277 3240 3486 3293 sivisset
3529 3237 3770 3292 Christus

2200 3342 2370 3414 ipsum
2399 3341 2562 3395 latere
2580 3380 2596 3404 ,
2626 3337 2721 3394 sed
2747 3337 2832 3393 vel
2858 3344 3040 3406 aperte
3064 3335 3235 3403 ipsum
3267 3330 3654 3399 redarguisset,
3684 3326 3769 3382 vel

2199 3434 2405 3490 occulte
2431 3432 2724 3503 tetigisset,
2770 3444 2838 3484 ne
2866 3428 3133 3483 videretur
3157 3424 3431 3493 decepisse
3468 3431 3522 3477 et
3563 3422 3727 3477 latere
3748 3461 3765 3486 ,

2201 3525 2386 3595 sicque
2413 3523 2571 3578 lmsus
2599 3521 2781 3576 fuisse.
2815 3519 2871 3575 Si
2892 3518 3032 3572 enim
3062 3525 3271 3572 tentans
3300 3514 3633 3577 accessisset,
3664 3528 3769 3567 non

2199 3630 2433 3672 mmrens
2458 3614 2526 3669 ob
2552 3613 2639 3667 illa
2669 3626 2786 3681 qua:
2830 3609 3066 3665 audierat
3108 3608 3435 3662 recessisset.
3476 3605 3586 3659 lloc
3629 3604 3768 3658 enim

2201 3721 2484 3776 numquam
2512 3720 2577 3759 ex
2607 3701 2886 3758 Phariszeis
2914 3701 3102 3769 aliquis
3128 3708 3209 3753 est
3234 3712 3441 3767 passus,
3471 3696 3565 3751 sed
3585 3695 3771 3751 confu-

2202 3800 2295 3854 tati
2321 3798 2486 3868 magis
2508 3795 2930 3866 indignabantur.
2960 3792 3054 3845 llic
3074 3804 3200 3845 vero
3228 3804 3331 3843 non
3359 3790 3454 3851 sic,
3485 3786 3579 3842 sed
3610 3787 3773 3841 tristis

2200 3890 2348 3954 abit;
2392 3887 2531 3958 quod
2564 3886 2770 3957 signum
2802 3897 2905 3938 non
2939 3896 3156 3951 parvum
3182 3888 3290 3939 est.
3320 3878 3493 3948 ipsum
3519 3892 3621 3931 non
3651 3891 3769 3931 eum

2204 3980 2344 4034 mala
2394 3978 2662 4033 voluntate
2708 3974 3032 4038 accessisse,
3076 3971 3169 4027 sed
3216 3985 3335 4025 cum
3387 3967 3768 4027 imbecilliore.

2202 4082 2257 4127 et
2299 4085 2423 4126 vere
2469 4070 2629 4124 vitam
2678 4065 3076 4133 concupivisse;
3126 4061 3220 4117 sed
3252 4060 3562 4130 gravissimo
3608 4057 3771 4111 fuisse

2203 4163 2390 4219 morbo
2453 4161 2743 4215 detentum.
2799 4156 2933 4212 Cum
2980 4154 3203 4209 dixisset
3253 4165 3382 4220 ergo
3432 4148 3636 4204 Jesus:
3680 4146 3767 4201 17.

2205 4256 2265 4310 Si
2306 4256 2377 4309 vis
2416 4253 2484 4306 ad
2524 4253 2677 4306 vitam
2710 4254 2930 4313 intrare,
2970 4262 3111 4301 serva
3146 4246 3385 4298 mandata
3418 4257 3438 4296 :
3476 4242 3605 4296 dicit
3643 4240 3729 4295 ille
3752 4280 3770 4306 ,

2206 4326 2489 4413 Quaenam?
2536 4358 2641 4397 non
2708 4350 2917 4396 tentans
2957 4380 2973 4403 ,
3038 4337 3215 4400 absit;
3276 4334 3369 4390 sed
3412 4332 3550 4404 quod
3588 4331 3771 4386 existi-

2204 4446 2376 4493 maret
2416 4436 2517 4489 alia
2564 4432 2804 4503 quaedam
2853 4444 2973 4485 esse
3022 4426 3267 4483 mandata
3315 4433 3507 4495 prieter
3550 4420 3770 4491 legalis,

2205 4545 2322 4599 qum
2361 4529 2520 4583 vitam
2550 4525 2648 4578 sibi
2683 4531 2899 4593 possent
2941 4520 3160 4583 afferre;
3188 4517 3327 4588 quod
3372 4514 3637 4571 desiderio
3676 4514 3772 4565 ila—

2203 4619 2402 4690 grantis
2428 4625 2558 4672 erat.
2595 4613 2792 4668 Deinde
2811 4654 2826 4678 ,
2856 4626 2976 4666 cum
3012 4610 3237 4663 dixisset
3259 4606 3418 4662 Jesus
3461 4604 3591 4673 legis
3621 4617 3772 4656 man-

2203 4710 2321 4764 data
2347 4749 2361 4771 ,
2414 4705 2683 4776 respondit
2709 4704 2798 4757 ille
2828 4717 2845 4756 :
2872 4701 2961 4755 20.
2999 4699 3122 4753 Haec
3147 4698 3315 4752 omnia
3343 4696 3531 4749 servavi
3562 4692 3623 4747 ab
3651 4692 3776 4745 ado-

2205 4800 2438 4852 lescentia
2466 4812 2594 4849 mea.
2626 4794 2805 4861 Neque
2836 4791 2919 4846 hic
2948 4790 3104 4844 linem
3135 4787 3278 4850 fecit,
3307 4786 3399 4842 sed
3428 4800 3609 4840 rursus
3632 4798 3776 4853 quie-

2205 4890 2349 4956 sivit,
2388 4888 2523 4956 Quid
2550 4886 2717 4939 adhuc
2736 4885 2860 4938 mihi
2883 4882 3062 4936 deest?
3085 4879 3226 4951 quod
3256 4888 3310 4935 et
3343 4879 3515 4949 ipsum
3560 4877 3773 4947 signum

2205 4990 2320 5038 erat
2364 4980 2507 5035 illum
2570 4974 2835 5032 desiderio
2879 4975 3129 5043 ﬂagrasse
3170 4986 3185 5024 :
3229 4985 3328 5025 nec
3384 4982 3602 5039 parvum
3647 4965 3777 5020 illud

2205 5080 2341 5136 erat,
2368 5068 2510 5140 quod
2536 5067 2637 5123 sibi
2666 5072 2876 5136 putaret
2900 5060 3095 5133 aliquid
3122 5061 3328 5126 deesse,
3359 5072 3531 5128 neque
3562 5064 3778 5127 putaret

2205 5162 2333 5217 satis
2357 5174 2476 5215 esse
2507 5172 2590 5225 ea,
2617 5171 2734 5226 quae
2762 5154 2902 5210 dicta
2930 5154 3154 5217 fuerant,
3177 5159 3236 5205 ut
3262 5158 3497 5220 Optatum
3522 5160 3778 5215 asseque-

2205 5261 2369 5307 retur.
2399 5249 2535 5318 Quid
2579 5262 2707 5318 ergo
2733 5244 3023 5301 Christus?
3050 5244 3179 5311 Quia
3219 5256 3464 5312 magnum
3507 5238 3780 5309 quidpiam

2204 5350 2567 5413 przecepturus
2590 5348 2705 5394 erat
2728 5379 2743 5404 _.
2771 5337 2985 5408 praemia
3018 5336 3163 5405 prius
3206 5332 3456 5407 proponit
3479 5373 3495 5398 ,
3523 5341 3578 5386 et
3603 5331 3735 5385 dicit
3763 5345 3779 5384 :

2204 5434 2297 5489 21.
2326 5433 2385 5488 Si
2408 5433 2477 5486 vis
2498 5434 2746 5503 perfectus
2772 5444 2897 5492 esse,
2923 5426 3069 5490 vade,
3098 5425 3253 5479 vende
3269 5424 3438 5478 omnia
3466 5438 3585 5493 qua;
3604 5422 3777 5487 habes,

2207 5537 2253 5583 et
2301 5526 2367 5579 da
2395 5523 2745 5595 pauperibus:
2778 5531 2825 5576 et
2855 5518 3054 5575 habebis
3095 5518 3388 5573 thesaurum
3426 5517 3481 5571 in
3517 5515 3691 5569 cortis:
3731 5522 3779 5568 et

2206 5619 2315 5675 veni
2334 5660 2349 5686 ,
2380 5631 2581 5685 sequere
2604 5630 2701 5669 me.

2276 5711 2331 5763 2.
2372 5707 2554 5763 Viden’
2584 5714 2713 5777 quot
2752 5704 2951 5767 bravia,
2998 5710 3128 5774 quot
3172 5715 3397 5757 coronas
3443 5698 3565 5753 huic
3602 5694 3776 5750 stadio

2209 5802 2425 5861 tribuit?
2453 5801 2510 5860 Si
2540 5815 2666 5859 vero
2692 5806 2965 5867 tentasset,
2995 5811 3099 5853 uou
3127 5794 3243 5853 haec
3271 5794 3345 5852 illi
3369 5792 3611 5850 dixisset.
3630 5786 3777 5845 Nune
