  <div class='ocr_page' id='page_1' title='image "/cluster/home/n/w/nwhite01/storage/ocr_20150623/58/nnc1.0046979956/146.png"; bbox 0 0 4140 6376; ppageno 0'>
   <div class='ocr_carea' id='block_1_1' title="bbox 341 392 450 449">
    <p class='ocr_par' dir='ltr' id='par_1_1' title="bbox 341 392 450 449">
     <span class='ocr_line' id='line_1_1' title="bbox 341 392 450 449; baseline 0.009 -1"><span class='ocrx_word' id='word_1_1' title='bbox 341 392 450 449; x_wconf 73' lang='lat'><strong>605</strong></span> 
     </span>
    </p>
   </div>
   <div class='ocr_carea' id='block_1_2' title="bbox 344 489 1920 576">
    <p class='ocr_par' dir='ltr' id='par_1_2' title="bbox 344 489 1920 576">
     <span class='ocr_line' id='line_1_2' title="bbox 344 489 1920 576; baseline -0.015 -10"><span class='ocrx_word' id='word_1_2' title='bbox 344 520 521 566; x_wconf 80' lang='lat' dir='ltr'><strong>autem</strong></span> <span class='ocrx_word' id='word_1_3' title='bbox 563 517 619 564; x_wconf 89' lang='lat' dir='ltr'><strong>et</strong></span> <span class='ocrx_word' id='word_1_4' title='bbox 660 506 808 576; x_wconf 85' lang='lat' dir='ltr'><strong>dicit,</strong></span> <span class='ocrx_word' id='word_1_5' title='bbox 847 513 904 560; x_wconf 91' lang='lat' dir='ltr'><strong>et</strong></span> <span class='ocrx_word' id='word_1_6' title='bbox 946 512 1006 559; x_wconf 91' lang='lat' dir='ltr'><strong>ut</strong></span> <span class='ocrx_word' id='word_1_7' title='bbox 1039 501 1189 558; x_wconf 91' lang='lat' dir='ltr'><strong>illum</strong></span> <span class='ocrx_word' id='word_1_8' title='bbox 1225 496 1475 562; x_wconf 91' lang='lat' dir='ltr'><strong>attrahat,</strong></span> <span class='ocrx_word' id='word_1_9' title='bbox 1525 505 1769 561; x_wconf 83' lang='lat' dir='ltr'><strong>magnam</strong></span> <span class='ocrx_word' id='word_1_10' title='bbox 1817 489 1920 558; x_wconf 87' lang='lat' dir='ltr'><strong>ipsi</strong></span> 
     </span>
    </p>
   </div>
   <div class='ocr_carea' id='block_1_3' title="bbox 348 581 1921 665">
    <p class='ocr_par' dir='ltr' id='par_1_3' title="bbox 348 581 1921 665">
     <span class='ocr_line' id='line_1_3' title="bbox 348 581 1921 665; baseline -0.016 -7"><span class='ocrx_word' id='word_1_11' title='bbox 348 601 650 658; x_wconf 85' lang='lat' dir='ltr'><strong>mercedem</strong></span> <span class='ocrx_word' id='word_1_12' title='bbox 665 598 919 663; x_wconf 91' lang='lat' dir='ltr'><strong>ostendit,</strong></span> <span class='ocrx_word' id='word_1_13' title='bbox 941 605 1215 665; x_wconf 91' lang='lat' dir='ltr'><strong>totumque</strong></span> <span class='ocrx_word' id='word_1_14' title='bbox 1234 591 1350 662; x_wconf 90' lang='lat' dir='ltr'><strong>ejus</strong></span> <span class='ocrx_word' id='word_1_15' title='bbox 1365 587 1622 643; x_wconf 83' lang='lat' dir='ltr'><strong>voluntati</strong></span> <span class='ocrx_word' id='word_1_16' title='bbox 1649 581 1921 652; x_wconf 89' lang='lat' dir='ltr'><strong>relinquit,</strong></span> 
     </span>
    </p>
   </div>
   <div class='ocr_carea' id='block_1_4' title="bbox 348 673 1925 762">
    <p class='ocr_par' dir='ltr' id='par_1_4' title="bbox 348 673 1925 762">
     <span class='ocr_line' id='line_1_4' title="bbox 348 673 1925 762; baseline -0.016 -12"><span class='ocrx_word' id='word_1_17' title='bbox 348 695 450 750; x_wconf 87' lang='lat' dir='ltr'><strong>sub</strong></span> <span class='ocrx_word' id='word_1_18' title='bbox 471 694 655 747; x_wconf 90' lang='lat' dir='ltr'><strong>umbra</strong></span> <span class='ocrx_word' id='word_1_19' title='bbox 687 691 913 762; x_wconf 90' lang='lat' dir='ltr'><strong>quadam</strong></span> <span class='ocrx_word' id='word_1_20' title='bbox 953 687 1258 756; x_wconf 91' lang='lat' dir='ltr'><strong>relinquens</strong></span> <span class='ocrx_word' id='word_1_21' title='bbox 1295 697 1359 737; x_wconf 93' lang='lat' dir='ltr'><strong>ea</strong></span> <span class='ocrx_word' id='word_1_22' title='bbox 1383 695 1502 751; x_wconf 64' lang='lat' dir='ltr'><strong>quas</strong></span> <span class='ocrx_word' id='word_1_23' title='bbox 1531 679 1584 732; x_wconf 91' lang='lat' dir='ltr'><strong>in</strong></span> <span class='ocrx_word' id='word_1_24' title='bbox 1611 677 1710 730; x_wconf 88' lang='lat' dir='ltr'><strong>hac</strong></span> <span class='ocrx_word' id='word_1_25' title='bbox 1738 673 1925 728; x_wconf 80' lang='lat' dir='ltr'><strong>admo-</strong></span> 
     </span>
    </p>
   </div>
   <div class='ocr_carea' id='block_1_5' title="bbox 351 775 1924 856">
    <p class='ocr_par' dir='ltr' id='par_1_5' title="bbox 351 775 1924 856">
     <span class='ocr_line' id='line_1_5' title="bbox 351 775 1924 856; baseline -0.015 -16"><span class='ocrx_word' id='word_1_26' title='bbox 351 788 553 841; x_wconf 91' lang='lat' dir='ltr'><strong>nitione</strong></span> <span class='ocrx_word' id='word_1_27' title='bbox 592 786 769 856; x_wconf 78' lang='lat' dir='ltr'><strong>gravia</strong></span> <span class='ocrx_word' id='word_1_28' title='bbox 798 798 916 839; x_wconf 89' lang='lat' dir='ltr'><strong>esse</strong></span> <span class='ocrx_word' id='word_1_29' title='bbox 943 781 1258 835; x_wconf 74' lang='lat' dir='ltr'><strong>videbantur</strong></span> <span class='ocrx_word' id='word_1_30' title='bbox 1293 793 1308 830; x_wconf 88' lang='lat'>:</span> <span class='ocrx_word' id='word_1_31' title='bbox 1354 775 1597 843; x_wconf 82' lang='lat' dir='ltr'><strong>ideoque,</strong></span> <span class='ocrx_word' id='word_1_32' title='bbox 1641 777 1924 837; x_wconf 83' lang='lat' dir='ltr'><strong>antequam</strong></span> 
     </span>
    </p>
   </div>
   <div class='ocr_carea' id='block_1_6' title="bbox 348 857 1926 934">
    <p class='ocr_par' dir='ltr' id='par_1_6' title="bbox 348 857 1926 934">
     <span class='ocr_line' id='line_1_6' title="bbox 348 857 1926 934; baseline -0.013 -4"><span class='ocrx_word' id='word_1_33' title='bbox 348 889 620 933; x_wconf 82' lang='lat' dir='ltr'><strong>certamen</strong></span> <span class='ocrx_word' id='word_1_34' title='bbox 666 886 720 931; x_wconf 92' lang='lat' dir='ltr'><strong>et</strong></span> <span class='ocrx_word' id='word_1_35' title='bbox 767 875 1002 930; x_wconf 84' lang='lat' dir='ltr'><strong>laborem</strong></span> <span class='ocrx_word' id='word_1_36' title='bbox 1031 871 1252 934; x_wconf 87' lang='lat' dir='ltr'><strong>diceret,</strong></span> <span class='ocrx_word' id='word_1_37' title='bbox 1293 865 1534 921; x_wconf 90' lang='lat' dir='ltr'><strong>bravium</strong></span> <span class='ocrx_word' id='word_1_38' title='bbox 1559 859 1813 925; x_wconf 88' lang='lat' dir='ltr'><strong>ostendit,</strong></span> <span class='ocrx_word' id='word_1_39' title='bbox 1840 857 1926 911; x_wconf 87' lang='lat' dir='ltr'><strong>di-</strong></span> 
     </span>
    </p>
   </div>
   <div class='ocr_carea' id='block_1_7' title="bbox 347 948 1929 1036">
    <p class='ocr_par' dir='ltr' id='par_1_7' title="bbox 347 948 1929 1036">
     <span class='ocr_line' id='line_1_7' title="bbox 347 948 1929 1036; baseline -0.013 -13"><span class='ocrx_word' id='word_1_40' title='bbox 347 982 476 1023; x_wconf 90' lang='lat' dir='ltr'><strong>cens</strong></span> <span class='ocrx_word' id='word_1_41' title='bbox 507 987 518 1021; x_wconf 96' lang='lat'>:</span> <span class='ocrx_word' id='word_1_42' title='bbox 549 967 608 1022; x_wconf 88' lang='lat' dir='ltr'><strong>Si</strong></span> <span class='ocrx_word' id='word_1_43' title='bbox 658 967 732 1020; x_wconf 78' lang='lat' dir='ltr'><strong>vis</strong></span> <span class='ocrx_word' id='word_1_44' title='bbox 777 968 1025 1036; x_wconf 85' lang='lat' dir='ltr'><strong>perfectus</strong></span> <span class='ocrx_word' id='word_1_45' title='bbox 1069 977 1194 1027; x_wconf 85' lang='lat' dir='ltr'><strong>esse,</strong></span> <span class='ocrx_word' id='word_1_46' title='bbox 1243 968 1298 1014; x_wconf 91' lang='lat' dir='ltr'><strong>et</strong></span> <span class='ocrx_word' id='word_1_47' title='bbox 1349 967 1474 1011; x_wconf 90' lang='lat' dir='ltr'><strong>tunc</strong></span> <span class='ocrx_word' id='word_1_48' title='bbox 1521 953 1723 1022; x_wconf 82' lang='lat' dir='ltr'><strong>adjicit,</strong></span> <span class='ocrx_word' id='word_1_49' title='bbox 1763 948 1929 1004; x_wconf 82' lang='lat' dir='ltr'><strong>Vende</strong></span> 
     </span>
    </p>
   </div>
   <div class='ocr_carea' id='block_1_8' title="bbox 349 1041 1924 1130">
    <p class='ocr_par' dir='ltr' id='par_1_8' title="bbox 349 1041 1924 1130">
     <span class='ocr_line' id='line_1_8' title="bbox 349 1041 1924 1130; baseline -0.013 -16"><span class='ocrx_word' id='word_1_50' title='bbox 349 1060 519 1113; x_wconf 95' lang='lat' dir='ltr'><strong>omnia</strong></span> <span class='ocrx_word' id='word_1_51' title='bbox 543 1075 654 1130; x_wconf 76' lang='lat' dir='ltr'><strong>qua:</strong></span> <span class='ocrx_word' id='word_1_52' title='bbox 673 1057 843 1122; x_wconf 77' lang='lat' dir='ltr'><strong>habes,</strong></span> <span class='ocrx_word' id='word_1_53' title='bbox 873 1065 918 1108; x_wconf 88' lang='lat' dir='ltr'><strong>et</strong></span> <span class='ocrx_word' id='word_1_54' title='bbox 949 1056 1016 1108; x_wconf 88' lang='lat' dir='ltr'><strong>da</strong></span> <span class='ocrx_word' id='word_1_55' title='bbox 1044 1050 1384 1125; x_wconf 88' lang='lat' dir='ltr'><strong>pauperibus;</strong></span> <span class='ocrx_word' id='word_1_56' title='bbox 1406 1048 1690 1115; x_wconf 90' lang='lat' dir='ltr'><strong>statimque</strong></span> <span class='ocrx_word' id='word_1_57' title='bbox 1711 1041 1924 1112; x_wconf 74' lang='lat' dir='ltr'><strong>prmmia</strong></span> 
     </span>
    </p>
   </div>
   <div class='ocr_carea' id='block_1_9' title="bbox 349 1139 1928 1220">
    <p class='ocr_par' dir='ltr' id='par_1_9' title="bbox 349 1139 1928 1220">
     <span class='ocr_line' id='line_1_9' title="bbox 349 1139 1928 1220; baseline -0.013 -12"><span class='ocrx_word' id='word_1_58' title='bbox 349 1153 501 1218; x_wconf 87' lang='lat' dir='ltr'><strong>dicit,</strong></span> <span class='ocrx_word' id='word_1_59' title='bbox 547 1149 865 1220; x_wconf 79' lang='lat' dir='ltr'><strong>liabebisque</strong></span> <span class='ocrx_word' id='word_1_60' title='bbox 892 1150 1181 1202; x_wconf 78' lang='lat' dir='ltr'><strong>thesaurum</strong></span> <span class='ocrx_word' id='word_1_61' title='bbox 1219 1147 1274 1198; x_wconf 90' lang='lat' dir='ltr'><strong>in</strong></span> <span class='ocrx_word' id='word_1_62' title='bbox 1313 1143 1456 1207; x_wconf 79' lang='lat' dir='ltr'><strong>ccelo,</strong></span> <span class='ocrx_word' id='word_1_63' title='bbox 1487 1151 1534 1195; x_wconf 88' lang='lat' dir='ltr'><strong>et</strong></span> <span class='ocrx_word' id='word_1_64' title='bbox 1565 1139 1696 1203; x_wconf 79' lang='lat' dir='ltr'><strong>veni,</strong></span> <span class='ocrx_word' id='word_1_65' title='bbox 1725 1151 1928 1206; x_wconf 77' lang='lat' dir='ltr'><strong>sequere</strong></span> 
     </span>
    </p>
   </div>
   <div class='ocr_carea' id='block_1_10' title="bbox 349 1230 1929 1312">
    <p class='ocr_par' dir='ltr' id='par_1_10' title="bbox 349 1230 1929 1312">
     <span class='ocr_line' id='line_1_10' title="bbox 349 1230 1929 1312; baseline -0.009 -13"><span class='ocrx_word' id='word_1_66' title='bbox 349 1261 448 1299; x_wconf 87' lang='lat' dir='ltr'><strong>me.</strong></span> <span class='ocrx_word' id='word_1_67' title='bbox 473 1243 604 1298; x_wconf 82' lang='lat' dir='ltr'><strong>Nam</strong></span> <span class='ocrx_word' id='word_1_68' title='bbox 625 1243 707 1298; x_wconf 92' lang='lat' dir='ltr'><strong>vel</strong></span> <span class='ocrx_word' id='word_1_69' title='bbox 737 1243 885 1312; x_wconf 91' lang='lat' dir='ltr'><strong>sequi</strong></span> <span class='ocrx_word' id='word_1_70' title='bbox 914 1241 1081 1304; x_wconf 91' lang='lat' dir='ltr'><strong>illum,</strong></span> <span class='ocrx_word' id='word_1_71' title='bbox 1114 1252 1302 1309; x_wconf 88' lang='lat' dir='ltr'><strong>magna</strong></span> <span class='ocrx_word' id='word_1_72' title='bbox 1331 1250 1536 1291; x_wconf 88' lang='lat' dir='ltr'><strong>merces</strong></span> <span class='ocrx_word' id='word_1_73' title='bbox 1555 1232 1661 1288; x_wconf 87' lang='lat' dir='ltr'><strong>&#39;est.</strong></span> <span class='ocrx_word' id='word_1_74' title='bbox 1688 1231 1752 1285; x_wconf 83' lang='lat' dir='ltr'><strong>Et</strong></span> <span class='ocrx_word' id='word_1_75' title='bbox 1776 1230 1929 1284; x_wconf 76' lang='lat' dir='ltr'><strong>liabe-</strong></span> 
     </span>
    </p>
   </div>
   <div class='ocr_carea' id='block_1_11' title="bbox 351 1323 1926 1399">
    <p class='ocr_par' dir='ltr' id='par_1_11' title="bbox 351 1323 1926 1399">
     <span class='ocr_line' id='line_1_11' title="bbox 351 1323 1926 1399; baseline -0.011 -9"><span class='ocrx_word' id='word_1_76' title='bbox 351 1335 426 1391; x_wconf 84' lang='lat' dir='ltr'><strong>bis</strong></span> <span class='ocrx_word' id='word_1_77' title='bbox 454 1336 743 1389; x_wconf 80' lang='lat' dir='ltr'><strong>thesaurum</strong></span> <span class='ocrx_word' id='word_1_78' title='bbox 781 1333 835 1386; x_wconf 87' lang='lat' dir='ltr'><strong>in</strong></span> <span class='ocrx_word' id='word_1_79' title='bbox 871 1333 1025 1386; x_wconf 74' lang='lat' dir='ltr'><strong>aclis.</strong></span> <span class='ocrx_word' id='word_1_80' title='bbox 1061 1331 1195 1399; x_wconf 82' lang='lat' dir='ltr'><strong>Quia</strong></span> <span class='ocrx_word' id='word_1_81' title='bbox 1217 1329 1360 1384; x_wconf 90' lang='lat' dir='ltr'><strong>enim</strong></span> <span class='ocrx_word' id='word_1_82' title='bbox 1386 1327 1453 1382; x_wconf 90' lang='lat' dir='ltr'><strong>de</strong></span> <span class='ocrx_word' id='word_1_83' title='bbox 1478 1323 1713 1398; x_wconf 84' lang='lat' dir='ltr'><strong>pecuniis</strong></span> <span class='ocrx_word' id='word_1_84' title='bbox 1748 1337 1926 1377; x_wconf 89' lang='lat' dir='ltr'><strong>sermo</strong></span> 
     </span>
    </p>
   </div>
   <div class='ocr_carea' id='block_1_12' title="bbox 349 1417 1930 1490">
    <p class='ocr_par' dir='ltr' id='par_1_12' title="bbox 349 1417 1930 1490">
     <span class='ocr_line' id='line_1_12' title="bbox 349 1417 1930 1490; baseline 0.001 -18"><span class='ocrx_word' id='word_1_85' title='bbox 349 1427 487 1482; x_wconf 89' lang='lat' dir='ltr'><strong>erat,</strong></span> <span class='ocrx_word' id='word_1_86' title='bbox 513 1417 774 1488; x_wconf 87' lang='lat' dir='ltr'><strong>illumque</strong></span> <span class='ocrx_word' id='word_1_87' title='bbox 798 1419 1135 1485; x_wconf 84' lang='lat' dir='ltr'><strong>hortabatur,</strong></span> <span class='ocrx_word' id='word_1_88' title='bbox 1151 1428 1210 1474; x_wconf 93' lang='lat' dir='ltr'><strong>ut</strong></span> <span class='ocrx_word' id='word_1_89' title='bbox 1229 1435 1289 1475; x_wconf 91' lang='lat' dir='ltr'><strong>se</strong></span> <span class='ocrx_word' id='word_1_90' title='bbox 1305 1421 1559 1474; x_wconf 89' lang='lat' dir='ltr'><strong>omnibus</strong></span> <span class='ocrx_word' id='word_1_91' title='bbox 1577 1420 1930 1490; x_wconf 85' lang='lat' dir='ltr'><strong>exspoliaret,</strong></span> 
     </span>
    </p>
   </div>
   <div class='ocr_carea' id='block_1_13' title="bbox 349 1510 1928 1584">
    <p class='ocr_par' dir='ltr' id='par_1_13' title="bbox 349 1510 1928 1584">
     <span class='ocr_line' id='line_1_13' title="bbox 349 1510 1928 1584; baseline 0.003 -21"><span class='ocrx_word' id='word_1_92' title='bbox 349 1510 640 1565; x_wconf 91' lang='lat' dir='ltr'><strong>ostendens</strong></span> <span class='ocrx_word' id='word_1_93' title='bbox 655 1526 761 1564; x_wconf 93' lang='lat' dir='ltr'><strong>non</strong></span> <span class='ocrx_word' id='word_1_94' title='bbox 776 1527 874 1567; x_wconf 87' lang='lat' dir='ltr'><strong>sua</strong></span> <span class='ocrx_word' id='word_1_95' title='bbox 892 1511 992 1566; x_wconf 90' lang='lat' dir='ltr'><strong>sibi</strong></span> <span class='ocrx_word' id='word_1_96' title='bbox 1015 1511 1238 1579; x_wconf 89' lang='lat' dir='ltr'><strong>auferri,</strong></span> <span class='ocrx_word' id='word_1_97' title='bbox 1258 1512 1352 1567; x_wconf 92' lang='lat' dir='ltr'><strong>sed</strong></span> <span class='ocrx_word' id='word_1_98' title='bbox 1367 1513 1574 1584; x_wconf 79' lang='lat' dir='ltr'><strong>augeri,</strong></span> <span class='ocrx_word' id='word_1_99' title='bbox 1595 1515 1756 1567; x_wconf 86' lang='lat' dir='ltr'><strong>etiam</strong></span> <span class='ocrx_word' id='word_1_100' title='bbox 1773 1512 1928 1583; x_wconf 87' lang='lat' dir='ltr'><strong>plura</strong></span> 
     </span>
    </p>
   </div>
   <div class='ocr_carea' id='block_1_14' title="bbox 345 1596 1926 1672">
    <p class='ocr_par' dir='ltr' id='par_1_14' title="bbox 345 1596 1926 1672">
     <span class='ocr_line' id='line_1_14' title="bbox 345 1596 1926 1672; baseline 0.002 -18"><span class='ocrx_word' id='word_1_101' title='bbox 345 1599 423 1654; x_wconf 84' lang='lat' dir='ltr'><strong>illi</strong></span> <span class='ocrx_word' id='word_1_102' title='bbox 462 1601 575 1665; x_wconf 90' lang='lat' dir='ltr'><strong>dat,</strong></span> <span class='ocrx_word' id='word_1_103' title='bbox 600 1596 765 1671; x_wconf 84' lang='lat' dir='ltr'><strong>quam</strong></span> <span class='ocrx_word' id='word_1_104' title='bbox 794 1602 908 1672; x_wconf 88' lang='lat' dir='ltr'><strong>ipse</strong></span> <span class='ocrx_word' id='word_1_105' title='bbox 933 1603 1509 1672; x_wconf 74' lang='lat' dir='ltr'><strong>praeberejuberetur;</strong></span> <span class='ocrx_word' id='word_1_106' title='bbox 1555 1619 1729 1672; x_wconf 88' lang='lat' dir='ltr'><strong>neque</strong></span> <span class='ocrx_word' id='word_1_107' title='bbox 1769 1603 1926 1672; x_wconf 73' lang='lat' dir='ltr'><strong>plura</strong></span> 
     </span>
    </p>
   </div>
   <div class='ocr_carea' id='block_1_15' title="bbox 354 1687 1926 1758">
    <p class='ocr_par' dir='ltr' id='par_1_15' title="bbox 354 1687 1926 1758">
     <span class='ocr_line' id='line_1_15' title="bbox 354 1687 1926 1758; baseline -0.001 -16"><span class='ocrx_word' id='word_1_108' title='bbox 354 1688 535 1755; x_wconf 90' lang='lat' dir='ltr'><strong>modo,</strong></span> <span class='ocrx_word' id='word_1_109' title='bbox 561 1689 654 1743; x_wconf 91' lang='lat' dir='ltr'><strong>sed</strong></span> <span class='ocrx_word' id='word_1_110' title='bbox 682 1699 828 1744; x_wconf 87' lang='lat' dir='ltr'><strong>tanto</strong></span> <span class='ocrx_word' id='word_1_111' title='bbox 857 1689 1079 1758; x_wconf 85' lang='lat' dir='ltr'><strong>majora,</strong></span> <span class='ocrx_word' id='word_1_112' title='bbox 1109 1698 1308 1758; x_wconf 90' lang='lat' dir='ltr'><strong>quanto</strong></span> <span class='ocrx_word' id='word_1_113' title='bbox 1346 1687 1517 1758; x_wconf 87' lang='lat' dir='ltr'><strong>majus</strong></span> <span class='ocrx_word' id='word_1_114' title='bbox 1549 1687 1738 1740; x_wconf 76' lang='lat' dir='ltr'><strong>czelum</strong></span> <span class='ocrx_word' id='word_1_115' title='bbox 1768 1702 1926 1756; x_wconf 83' lang='lat' dir='ltr'><strong>quam</strong></span> 
     </span>
    </p>
   </div>
   <div class='ocr_carea' id='block_1_16' title="bbox 355 1778 1929 1849">
    <p class='ocr_par' dir='ltr' id='par_1_16' title="bbox 355 1778 1929 1849">
     <span class='ocr_line' id='line_1_16' title="bbox 355 1778 1929 1849; baseline -0.003 -15"><span class='ocrx_word' id='word_1_116' title='bbox 355 1788 494 1834; x_wconf 87' lang='lat' dir='ltr'><strong>terra</strong></span> <span class='ocrx_word' id='word_1_117' title='bbox 534 1789 637 1846; x_wconf 90' lang='lat' dir='ltr'><strong>est,</strong></span> <span class='ocrx_word' id='word_1_118' title='bbox 684 1780 792 1834; x_wconf 92' lang='lat' dir='ltr'><strong>imo</strong></span> <span class='ocrx_word' id='word_1_119' title='bbox 818 1779 944 1849; x_wconf 90' lang='lat' dir='ltr'><strong>quid</strong></span> <span class='ocrx_word' id='word_1_120' title='bbox 987 1779 1226 1835; x_wconf 88' lang='lat' dir='ltr'><strong>ulterius.</strong></span> <span class='ocrx_word' id='word_1_121' title='bbox 1256 1778 1584 1834; x_wconf 86' lang='lat' dir='ltr'><strong>Thesaurum</strong></span> <span class='ocrx_word' id='word_1_122' title='bbox 1623 1790 1798 1831; x_wconf 86' lang='lat' dir='ltr'><strong>autem</strong></span> <span class='ocrx_word' id='word_1_123' title='bbox 1829 1793 1929 1846; x_wconf 88' lang='lat' dir='ltr'><strong>ap-</strong></span> 
     </span>
    </p>
   </div>
   <div class='ocr_carea' id='block_1_17' title="bbox 354 1870 1927 1944">
    <p class='ocr_par' dir='ltr' id='par_1_17' title="bbox 354 1870 1927 1944">
     <span class='ocr_line' id='line_1_17' title="bbox 354 1870 1927 1944; baseline -0.003 -16"><span class='ocrx_word' id='word_1_124' title='bbox 354 1875 537 1943; x_wconf 80' lang='lat' dir='ltr'><strong>pellat,</strong></span> <span class='ocrx_word' id='word_1_125' title='bbox 584 1875 786 1944; x_wconf 77' lang='lat' dir='ltr'><strong>przemii</strong></span> <span class='ocrx_word' id='word_1_126' title='bbox 827 1873 1207 1944; x_wconf 67' lang='lat' dir='ltr'><strong>praestantiam,</strong></span> <span class='ocrx_word' id='word_1_127' title='bbox 1256 1871 1620 1936; x_wconf 86' lang='lat' dir='ltr'><strong>stabilitatem,</strong></span> <span class='ocrx_word' id='word_1_128' title='bbox 1666 1870 1927 1925; x_wconf 84' lang='lat' dir='ltr'><strong>securita-</strong></span> 
     </span>
    </p>
   </div>
   <div class='ocr_carea' id='block_1_18' title="bbox 352 1962 1925 2036">
    <p class='ocr_par' dir='ltr' id='par_1_18' title="bbox 352 1962 1925 2036">
     <span class='ocr_line' id='line_1_18' title="bbox 352 1962 1925 2036; baseline -0.002 -17"><span class='ocrx_word' id='word_1_129' title='bbox 352 1975 565 2036; x_wconf 83' lang='lat' dir='ltr'><strong>temque</strong></span> <span class='ocrx_word' id='word_1_130' title='bbox 590 1966 705 2036; x_wconf 86' lang='lat' dir='ltr'><strong>ejus</strong></span> <span class='ocrx_word' id='word_1_131' title='bbox 733 1965 1028 2032; x_wconf 84' lang='lat' dir='ltr'><strong>declarans,</strong></span> <span class='ocrx_word' id='word_1_132' title='bbox 1059 1974 1310 2034; x_wconf 90' lang='lat' dir='ltr'><strong>quantum</strong></span> <span class='ocrx_word' id='word_1_133' title='bbox 1350 1979 1445 2034; x_wconf 91' lang='lat' dir='ltr'><strong>per</strong></span> <span class='ocrx_word' id='word_1_134' title='bbox 1473 1962 1701 2016; x_wconf 90' lang='lat' dir='ltr'><strong>humana</strong></span> <span class='ocrx_word' id='word_1_135' title='bbox 1740 1962 1925 2016; x_wconf 85' lang='lat' dir='ltr'><strong>subin-</strong></span> 
     </span>
    </p>
   </div>
   <div class='ocr_carea' id='block_1_19' title="bbox 351 2055 1925 2129">
    <p class='ocr_par' dir='ltr' id='par_1_19' title="bbox 351 2055 1925 2129">
     <span class='ocr_line' id='line_1_19' title="bbox 351 2055 1925 2129; baseline -0.003 -16"><span class='ocrx_word' id='word_1_136' title='bbox 351 2059 531 2114; x_wconf 87' lang='lat' dir='ltr'><strong>dicare</strong></span> <span class='ocrx_word' id='word_1_137' title='bbox 561 2068 766 2129; x_wconf 89' lang='lat' dir='ltr'><strong>poterat</strong></span> <span class='ocrx_word' id='word_1_138' title='bbox 793 2059 1046 2114; x_wconf 85' lang='lat' dir='ltr'><strong>audienti.</strong></span> <span class='ocrx_word' id='word_1_139' title='bbox 1077 2057 1192 2112; x_wconf 90' lang='lat' dir='ltr'><strong>Non</strong></span> <span class='ocrx_word' id='word_1_140' title='bbox 1218 2072 1345 2127; x_wconf 90' lang='lat' dir='ltr'><strong>ergo</strong></span> <span class='ocrx_word' id='word_1_141' title='bbox 1374 2057 1502 2110; x_wconf 87' lang='lat' dir='ltr'><strong>satis</strong></span> <span class='ocrx_word' id='word_1_142' title='bbox 1540 2064 1623 2110; x_wconf 88' lang='lat' dir='ltr'><strong>est</strong></span> <span class='ocrx_word' id='word_1_143' title='bbox 1649 2055 1925 2126; x_wconf 86' lang='lat' dir='ltr'><strong>pecuniam</strong></span> 
     </span>
    </p>
   </div>
   <div class='ocr_carea' id='block_1_20' title="bbox 351 2149 1926 2222">
    <p class='ocr_par' dir='ltr' id='par_1_20' title="bbox 351 2149 1926 2222">
     <span class='ocr_line' id='line_1_20' title="bbox 351 2149 1926 2222; baseline -0.001 -18"><span class='ocrx_word' id='word_1_144' title='bbox 351 2162 725 2215; x_wconf 80' lang='lat' dir='ltr'><strong>contemnere;</strong></span> <span class='ocrx_word' id='word_1_145' title='bbox 769 2150 862 2206; x_wconf 90' lang='lat' dir='ltr'><strong>sed</strong></span> <span class='ocrx_word' id='word_1_146' title='bbox 907 2159 1116 2222; x_wconf 75' lang='lat' dir='ltr'><strong>Oportet</strong></span> <span class='ocrx_word' id='word_1_147' title='bbox 1160 2164 1419 2219; x_wconf 88' lang='lat' dir='ltr'><strong>pauperes</strong></span> <span class='ocrx_word' id='word_1_148' title='bbox 1476 2149 1653 2209; x_wconf 86' lang='lat' dir='ltr'><strong>alere:</strong></span> <span class='ocrx_word' id='word_1_149' title='bbox 1701 2156 1756 2202; x_wconf 90' lang='lat' dir='ltr'><strong>et</strong></span> <span class='ocrx_word' id='word_1_150' title='bbox 1802 2155 1926 2202; x_wconf 91' lang='lat' dir='ltr'><strong>ante</strong></span> 
     </span>
    </p>
   </div>
   <div class='ocr_carea' id='block_1_21' title="bbox 352 2238 1927 2312">
    <p class='ocr_par' dir='ltr' id='par_1_21' title="bbox 352 2238 1927 2312">
     <span class='ocr_line' id='line_1_21' title="bbox 352 2238 1927 2312; baseline -0.004 -14"><span class='ocrx_word' id='word_1_151' title='bbox 352 2243 530 2298; x_wconf 88' lang='lat' dir='ltr'><strong>omnia</strong></span> <span class='ocrx_word' id='word_1_152' title='bbox 554 2241 822 2297; x_wconf 84' lang='lat' dir='ltr'><strong>Christum</strong></span> <span class='ocrx_word' id='word_1_153' title='bbox 849 2243 1022 2312; x_wconf 90' lang='lat' dir='ltr'><strong>sequi,</strong></span> <span class='ocrx_word' id='word_1_154' title='bbox 1057 2241 1107 2296; x_wconf 91' lang='lat' dir='ltr'><strong>id</strong></span> <span class='ocrx_word' id='word_1_155' title='bbox 1133 2251 1235 2303; x_wconf 90' lang='lat' dir='ltr'><strong>est,</strong></span> <span class='ocrx_word' id='word_1_156' title='bbox 1262 2241 1437 2295; x_wconf 90' lang='lat' dir='ltr'><strong>omnia</strong></span> <span class='ocrx_word' id='word_1_157' title='bbox 1469 2239 1614 2310; x_wconf 89' lang='lat' dir='ltr'><strong>jussa</strong></span> <span class='ocrx_word' id='word_1_158' title='bbox 1640 2238 1756 2307; x_wconf 89' lang='lat' dir='ltr'><strong>ejus</strong></span> <span class='ocrx_word' id='word_1_159' title='bbox 1778 2253 1927 2293; x_wconf 87' lang='lat' dir='ltr'><strong>com-</strong></span> 
     </span>
    </p>
   </div>
   <div class='ocr_carea' id='block_1_22' title="bbox 350 2330 1924 2404">
    <p class='ocr_par' dir='ltr' id='par_1_22' title="bbox 350 2330 1924 2404">
     <span class='ocr_line' id='line_1_22' title="bbox 350 2330 1924 2404; baseline -0.002 -16"><span class='ocrx_word' id='word_1_160' title='bbox 350 2334 518 2404; x_wconf 89' lang='lat' dir='ltr'><strong>plere,</strong></span> <span class='ocrx_word' id='word_1_161' title='bbox 547 2349 667 2389; x_wconf 91' lang='lat' dir='ltr'><strong>esse</strong></span> <span class='ocrx_word' id='word_1_162' title='bbox 691 2333 927 2404; x_wconf 90' lang='lat' dir='ltr'><strong>quotidie</strong></span> <span class='ocrx_word' id='word_1_163' title='bbox 955 2343 1192 2402; x_wconf 85' lang='lat' dir='ltr'><strong>paratum</strong></span> <span class='ocrx_word' id='word_1_164' title='bbox 1220 2331 1508 2395; x_wconf 75' lang='lat' dir='ltr'><strong>ade-edes,</strong></span> <span class='ocrx_word' id='word_1_165' title='bbox 1531 2340 1584 2386; x_wconf 92' lang='lat' dir='ltr'><strong>et</strong></span> <span class='ocrx_word' id='word_1_166' title='bbox 1604 2330 1669 2385; x_wconf 91' lang='lat' dir='ltr'><strong>ad</strong></span> <span class='ocrx_word' id='word_1_167' title='bbox 1699 2339 1924 2386; x_wconf 90' lang='lat' dir='ltr'><strong>mortem</strong></span> 
     </span>
    </p>
   </div>
   <div class='ocr_carea' id='block_1_23' title="bbox 349 2423 1921 2494">
    <p class='ocr_par' dir='ltr' id='par_1_23' title="bbox 349 2423 1921 2494">
     <span class='ocr_line' id='line_1_23' title="bbox 349 2423 1921 2494; baseline -0.001 -16"><span class='ocrx_word' id='word_1_168' title='bbox 349 2425 731 2494; x_wconf 83' lang='lat' dir='ltr'><strong>quotidianam.</strong></span> <span class='ocrx_word' id='word_1_169' title='bbox 779 2426 870 2480; x_wconf 79' lang='lat' dir='ltr'><strong>Ait</strong></span> <span class='ocrx_word' id='word_1_170' title='bbox 895 2426 1036 2480; x_wconf 87' lang='lat' dir='ltr'><strong>enim</strong></span> <span class='ocrx_word' id='word_1_171' title='bbox 1071 2443 1083 2478; x_wconf 93' lang='lat'><strong>:</strong></span> <span class='ocrx_word' id='word_1_172' title='bbox 1118 2424 1179 2480; x_wconf 88' lang='lat' dir='ltr'><strong>Si</strong></span> <span class='ocrx_word' id='word_1_173' title='bbox 1220 2425 1332 2494; x_wconf 83' lang='lat' dir='ltr'><strong>quis</strong></span> <span class='ocrx_word' id='word_1_174' title='bbox 1359 2423 1466 2476; x_wconf 79' lang='lat' dir='ltr'><strong>vult</strong></span> <span class='ocrx_word' id='word_1_175' title='bbox 1492 2432 1603 2493; x_wconf 89' lang='lat' dir='ltr'><strong>post</strong></span> <span class='ocrx_word' id='word_1_176' title='bbox 1638 2438 1716 2475; x_wconf 92' lang='lat' dir='ltr'><strong>me</strong></span> <span class='ocrx_word' id='word_1_177' title='bbox 1737 2423 1921 2490; x_wconf 72' lang='lat' dir='ltr'><strong>pertire,</strong></span> 
     </span>
    </p>
   </div>
   <div class='ocr_carea' id='block_1_24' title="bbox 348 2517 1927 2589">
    <p class='ocr_par' dir='ltr' id='par_1_24' title="bbox 348 2517 1927 2589">
     <span class='ocr_line' id='line_1_24' title="bbox 348 2517 1927 2589; baseline 0 -19"><span class='ocrx_word' id='word_1_178' title='bbox 348 2518 556 2588; x_wconf 79' lang='lat' dir='ltr'><strong>abneget</strong></span> <span class='ocrx_word' id='word_1_179' title='bbox 581 2520 920 2589; x_wconf 83' lang='lat' dir='ltr'><strong>semetipsum,</strong></span> <span class='ocrx_word' id='word_1_180' title='bbox 950 2528 995 2571; x_wconf 91' lang='lat' dir='ltr'><strong>et</strong></span> <span class='ocrx_word' id='word_1_181' title='bbox 1017 2517 1162 2572; x_wconf 87' lang='lat' dir='ltr'><strong>tollat</strong></span> <span class='ocrx_word' id='word_1_182' title='bbox 1189 2534 1386 2572; x_wconf 87' lang='lat' dir='ltr'><strong>crucem</strong></span> <span class='ocrx_word' id='word_1_183' title='bbox 1416 2533 1580 2582; x_wconf 86' lang='lat' dir='ltr'><strong>suam,</strong></span> <span class='ocrx_word' id='word_1_184' title='bbox 1620 2525 1665 2570; x_wconf 92' lang='lat' dir='ltr'><strong>et</strong></span> <span class='ocrx_word' id='word_1_185' title='bbox 1688 2524 1927 2586; x_wconf 83' lang='lat' dir='ltr'><strong>sequatur</strong></span> 
     </span>
    </p>
   </div>
   <div class='ocr_carea' id='block_1_25' title="bbox 347 2610 1922 2681">
    <p class='ocr_par' dir='ltr' id='par_1_25' title="bbox 347 2610 1922 2681">
     <span class='ocr_line' id='line_1_25' title="bbox 347 2610 1922 2681; baseline 0 -17"><span class='ocrx_word' id='word_1_186' title='bbox 347 2611 598 2681; x_wconf 86' lang='lat' dir='ltr'><strong>me.(Luc.</strong></span> <span class='ocrx_word' id='word_1_187' title='bbox 628 2612 682 2667; x_wconf 88' lang='lat'><strong>9.</strong></span> <span class='ocrx_word' id='word_1_188' title='bbox 713 2610 830 2680; x_wconf 74' lang='lat'><strong>23);</strong></span> <span class='ocrx_word' id='word_1_189' title='bbox 862 2610 1002 2681; x_wconf 89' lang='lat' dir='ltr'><strong>quod</strong></span> <span class='ocrx_word' id='word_1_190' title='bbox 1039 2610 1276 2678; x_wconf 89' lang='lat' dir='ltr'><strong>profecto</strong></span> <span class='ocrx_word' id='word_1_191' title='bbox 1305 2610 1608 2664; x_wconf 88' lang='lat' dir='ltr'><strong>mandatum</strong></span> <span class='ocrx_word' id='word_1_192' title='bbox 1653 2611 1922 2680; x_wconf 90' lang='lat' dir='ltr'><strong>proprium</strong></span> 
     </span>
    </p>
   </div>
   <div class='ocr_carea' id='block_1_26' title="bbox 351 2703 1924 2775">
    <p class='ocr_par' dir='ltr' id='par_1_26' title="bbox 351 2703 1924 2775">
     <span class='ocr_line' id='line_1_26' title="bbox 351 2703 1924 2775; baseline -0.001 -17"><span class='ocrx_word' id='word_1_193' title='bbox 351 2705 604 2759; x_wconf 87' lang='lat' dir='ltr'><strong>fundendi</strong></span> <span class='ocrx_word' id='word_1_194' title='bbox 643 2705 954 2775; x_wconf 81' lang='lat' dir='ltr'><strong>sanguinem</strong></span> <span class='ocrx_word' id='word_1_195' title='bbox 1001 2708 1170 2773; x_wconf 87' lang='lat' dir='ltr'><strong>majus</strong></span> <span class='ocrx_word' id='word_1_196' title='bbox 1198 2712 1297 2768; x_wconf 90' lang='lat' dir='ltr'><strong>est,</strong></span> <span class='ocrx_word' id='word_1_197' title='bbox 1327 2718 1483 2773; x_wconf 90' lang='lat' dir='ltr'><strong>quam</strong></span> <span class='ocrx_word' id='word_1_198' title='bbox 1514 2703 1752 2773; x_wconf 73' lang='lat' dir='ltr'><strong>pecunia:</strong></span> <span class='ocrx_word' id='word_1_199' title='bbox 1791 2717 1924 2758; x_wconf 80' lang='lat' dir='ltr'><strong>con-</strong></span> 
     </span>
    </p>
   </div>
   <div class='ocr_carea' id='block_1_27' title="bbox 348 2795 1926 2867">
    <p class='ocr_par' dir='ltr' id='par_1_27' title="bbox 348 2795 1926 2867">
     <span class='ocr_line' id='line_1_27' title="bbox 348 2795 1926 2867; baseline 0 -16"><span class='ocrx_word' id='word_1_200' title='bbox 348 2805 578 2865; x_wconf 90' lang='lat' dir='ltr'><strong>temptus</strong></span> <span class='ocrx_word' id='word_1_201' title='bbox 606 2816 618 2850; x_wconf 94' lang='lat'>:</span> <span class='ocrx_word' id='word_1_202' title='bbox 651 2798 739 2867; x_wconf 89' lang='lat' dir='ltr'><strong>qui</strong></span> <span class='ocrx_word' id='word_1_203' title='bbox 764 2807 936 2852; x_wconf 89' lang='lat' dir='ltr'><strong>tamen</strong></span> <span class='ocrx_word' id='word_1_204' title='bbox 961 2812 1063 2850; x_wconf 93' lang='lat' dir='ltr'><strong>non</strong></span> <span class='ocrx_word' id='word_1_205' title='bbox 1093 2812 1274 2866; x_wconf 89' lang='lat' dir='ltr'><strong>parum</strong></span> <span class='ocrx_word' id='word_1_206' title='bbox 1305 2796 1510 2851; x_wconf 81' lang='lat' dir='ltr'><strong>confert</strong></span> <span class='ocrx_word' id='word_1_207' title='bbox 1537 2796 1604 2850; x_wconf 90' lang='lat' dir='ltr'><strong>ad</strong></span> <span class='ocrx_word' id='word_1_208' title='bbox 1633 2795 1758 2850; x_wconf 90' lang='lat' dir='ltr'><strong>illud</strong></span> <span class='ocrx_word' id='word_1_209' title='bbox 1779 2811 1926 2851; x_wconf 78' lang='lat' dir='ltr'><strong>asse-</strong></span> 
     </span>
    </p>
   </div>
   <div class='ocr_carea' id='block_1_28' title="bbox 347 2887 1923 2960">
    <p class='ocr_par' dir='ltr' id='par_1_28' title="bbox 347 2887 1923 2960">
     <span class='ocr_line' id='line_1_28' title="bbox 347 2887 1923 2960; baseline 0.001 -21"><span class='ocrx_word' id='word_1_210' title='bbox 347 2889 637 2960; x_wconf 88' lang='lat' dir='ltr'><strong>quendum.</strong></span> <span class='ocrx_word' id='word_1_211' title='bbox 684 2889 776 2943; x_wconf 68' lang='lat'><strong>‘22.</strong></span> <span class='ocrx_word' id='word_1_212' title='bbox 818 2887 943 2944; x_wconf 87' lang='lat' dir='ltr'><strong>Cum</strong></span> <span class='ocrx_word' id='word_1_213' title='bbox 991 2889 1212 2943; x_wconf 83' lang='lat' dir='ltr'><strong>audisset</strong></span> <span class='ocrx_word' id='word_1_214' title='bbox 1258 2900 1428 2942; x_wconf 79' lang='lat' dir='ltr'><strong>autent</strong></span> <span class='ocrx_word' id='word_1_215' title='bbox 1457 2888 1769 2953; x_wconf 83' lang='lat' dir='ltr'><strong>adolescens,</strong></span> <span class='ocrx_word' id='word_1_216' title='bbox 1800 2889 1923 2941; x_wconf 88' lang='lat' dir='ltr'><strong>abiit</strong></span> 
     </span>
    </p>
   </div>
   <div class='ocr_carea' id='block_1_29' title="bbox 345 2978 1926 3049">
    <p class='ocr_par' dir='ltr' id='par_1_29' title="bbox 345 2978 1926 3049">
     <span class='ocr_line' id='line_1_29' title="bbox 345 2978 1926 3049; baseline -0.001 -15"><span class='ocrx_word' id='word_1_217' title='bbox 345 2981 522 3034; x_wconf 86' lang='lat' dir='ltr'><strong>tristis.</strong></span> <span class='ocrx_word' id='word_1_218' title='bbox 552 2980 706 3047; x_wconf 86' lang='lat' dir='ltr'><strong>Quod</strong></span> <span class='ocrx_word' id='word_1_219' title='bbox 754 2996 858 3034; x_wconf 93' lang='lat' dir='ltr'><strong>non</strong></span> <span class='ocrx_word' id='word_1_220' title='bbox 889 2981 1004 3035; x_wconf 89' lang='lat' dir='ltr'><strong>sine</strong></span> <span class='ocrx_word' id='word_1_221' title='bbox 1041 2994 1202 3034; x_wconf 89' lang='lat' dir='ltr'><strong>causa</strong></span> <span class='ocrx_word' id='word_1_222' title='bbox 1225 2980 1480 3034; x_wconf 90' lang='lat' dir='ltr'><strong>accidisse</strong></span> <span class='ocrx_word' id='word_1_223' title='bbox 1510 2979 1582 3034; x_wconf 89' lang='lat' dir='ltr'><strong>illi</strong></span> <span class='ocrx_word' id='word_1_224' title='bbox 1609 2978 1926 3049; x_wconf 90' lang='lat' dir='ltr'><strong>significavit</strong></span> 
     </span>
    </p>
   </div>
   <div class='ocr_carea' id='block_1_30' title="bbox 345 3070 1920 3141">
    <p class='ocr_par' dir='ltr' id='par_1_30' title="bbox 345 3070 1920 3141">
     <span class='ocr_line' id='line_1_30' title="bbox 345 3070 1920 3141; baseline -0.001 -15"><span class='ocrx_word' id='word_1_225' title='bbox 345 3073 665 3141; x_wconf 81' lang='lat' dir='ltr'><strong>evangelista</strong></span> <span class='ocrx_word' id='word_1_226' title='bbox 687 3072 868 3126; x_wconf 90' lang='lat' dir='ltr'><strong>dicens</strong></span> <span class='ocrx_word' id='word_1_227' title='bbox 906 3087 920 3124; x_wconf 89' lang='lat'><strong>:</strong></span> <span class='ocrx_word' id='word_1_228' title='bbox 950 3070 1172 3124; x_wconf 83' lang='lat' dir='ltr'><strong>Habebat</strong></span> <span class='ocrx_word' id='word_1_229' title='bbox 1193 3072 1326 3125; x_wconf 88' lang='lat' dir='ltr'><strong>enim</strong></span> <span class='ocrx_word' id='word_1_230' title='bbox 1361 3071 1693 3140; x_wconf 82' lang='lat' dir='ltr'><strong>possessiones</strong></span> <span class='ocrx_word' id='word_1_231' title='bbox 1715 3070 1920 3124; x_wconf 89' lang='lat' dir='ltr'><strong>multas.</strong></span> 
     </span>
    </p>
   </div>
   <div class='ocr_carea' id='block_1_31' title="bbox 415 3162 1924 3234">
    <p class='ocr_par' dir='ltr' id='par_1_31' title="bbox 415 3162 1924 3234">
     <span class='ocr_line' id='line_1_31' title="bbox 415 3162 1924 3234; baseline -0.003 -16"><span class='ocrx_word' id='word_1_232' title='bbox 415 3163 606 3218; x_wconf 83' lang='lat' dir='ltr'><strong>Divites</strong></span> <span class='ocrx_word' id='word_1_233' title='bbox 631 3163 915 3234; x_wconf 87' lang='lat' dir='ltr'><strong>cupidiores</strong></span> <span class='ocrx_word' id='word_1_234' title='bbox 941 3172 1055 3216; x_wconf 88' lang='lat' dir='ltr'><strong>sunt</strong></span> <span class='ocrx_word' id='word_1_235' title='bbox 1078 3179 1226 3226; x_wconf 87' lang='lat' dir='ltr'><strong>quam</strong></span> <span class='ocrx_word' id='word_1_236' title='bbox 1246 3163 1328 3232; x_wconf 90' lang='lat' dir='ltr'><strong>qui</strong></span> <span class='ocrx_word' id='word_1_237' title='bbox 1353 3163 1549 3215; x_wconf 88' lang='lat' dir='ltr'><strong>modica</strong></span> <span class='ocrx_word' id='word_1_238' title='bbox 1571 3162 1794 3233; x_wconf 86' lang='lat' dir='ltr'><strong>gaudent</strong></span> <span class='ocrx_word' id='word_1_239' title='bbox 1817 3164 1924 3232; x_wconf 89' lang='lat' dir='ltr'><strong>for-</strong></span> 
     </span>
    </p>
   </div>
   <div class='ocr_carea' id='block_1_32' title="bbox 345 3255 1922 3325">
    <p class='ocr_par' dir='ltr' id='par_1_32' title="bbox 345 3255 1922 3325">
     <span class='ocr_line' id='line_1_32' title="bbox 345 3255 1922 3325; baseline -0.001 -16"><span class='ocrx_word' id='word_1_240' title='bbox 345 3264 486 3309; x_wconf 85' lang='lat' dir='ltr'><strong>tuna.</strong></span> <span class='ocrx_word' id='word_1_241' title='bbox 516 3256 754 3310; x_wconf 72' lang='lat' dir='ltr'><strong>Avaritia:</strong></span> <span class='ocrx_word' id='word_1_242' title='bbox 773 3258 844 3311; x_wconf 82' lang='lat' dir='ltr'><strong>vis</strong></span> <span class='ocrx_word' id='word_1_243' title='bbox 871 3267 1078 3325; x_wconf 85' lang='lat' dir='ltr'><strong>quanta.</strong></span> <span class='ocrx_word' id='word_1_244' title='bbox 1105 3286 1178 3296; x_wconf 95' lang='lat'>—</span> <span class='ocrx_word' id='word_1_245' title='bbox 1202 3256 1317 3311; x_wconf 87' lang='lat' dir='ltr'><strong>Non</strong></span> <span class='ocrx_word' id='word_1_246' title='bbox 1342 3256 1420 3311; x_wconf 89' lang='lat' dir='ltr'><strong>sic</strong></span> <span class='ocrx_word' id='word_1_247' title='bbox 1444 3256 1586 3310; x_wconf 88' lang='lat' dir='ltr'><strong>enim</strong></span> <span class='ocrx_word' id='word_1_248' title='bbox 1617 3255 1922 3310; x_wconf 89' lang='lat' dir='ltr'><strong>detinentur</strong></span> 
     </span>
    </p>
   </div>
   <div class='ocr_carea' id='block_1_33' title="bbox 345 3348 1922 3420">
    <p class='ocr_par' dir='ltr' id='par_1_33' title="bbox 345 3348 1922 3420">
     <span class='ocr_line' id='line_1_33' title="bbox 345 3348 1922 3420; baseline -0.002 -17"><span class='ocrx_word' id='word_1_249' title='bbox 345 3348 404 3414; x_wconf 89' lang='lat' dir='ltr'><strong>ii,</strong></span> <span class='ocrx_word' id='word_1_250' title='bbox 436 3349 624 3416; x_wconf 86' lang='lat' dir='ltr'><strong>quibus</strong></span> <span class='ocrx_word' id='word_1_251' title='bbox 653 3365 832 3420; x_wconf 70' lang='lat' dir='ltr'><strong>pauca:</strong></span> <span class='ocrx_word' id='word_1_252' title='bbox 860 3349 1157 3415; x_wconf 83' lang='lat' dir='ltr'><strong>facultates,</strong></span> <span class='ocrx_word' id='word_1_253' title='bbox 1188 3359 1246 3403; x_wconf 91' lang='lat' dir='ltr'><strong>ut</strong></span> <span class='ocrx_word' id='word_1_254' title='bbox 1274 3350 1304 3402; x_wconf 89' lang='lat' dir='ltr'><strong>ii</strong></span> <span class='ocrx_word' id='word_1_255' title='bbox 1333 3349 1419 3418; x_wconf 93' lang='lat' dir='ltr'><strong>qui</strong></span> <span class='ocrx_word' id='word_1_256' title='bbox 1442 3350 1603 3402; x_wconf 91' lang='lat' dir='ltr'><strong>multa</strong></span> <span class='ocrx_word' id='word_1_257' title='bbox 1631 3364 1808 3403; x_wconf 89' lang='lat' dir='ltr'><strong>rerum</strong></span> <span class='ocrx_word' id='word_1_258' title='bbox 1829 3363 1922 3401; x_wconf 90' lang='lat' dir='ltr'><strong>co-</strong></span> 
     </span>
    </p>
   </div>
   <div class='ocr_carea' id='block_1_34' title="bbox 345 3438 1917 3510">
    <p class='ocr_par' dir='ltr' id='par_1_34' title="bbox 345 3438 1917 3510">
     <span class='ocr_line' id='line_1_34' title="bbox 345 3438 1917 3510; baseline -0.001 -16"><span class='ocrx_word' id='word_1_259' title='bbox 345 3442 432 3510; x_wconf 88' lang='lat' dir='ltr'><strong>pia</strong></span> <span class='ocrx_word' id='word_1_260' title='bbox 463 3439 707 3494; x_wconf 90' lang='lat' dir='ltr'><strong>fruuntur</strong></span> <span class='ocrx_word' id='word_1_261' title='bbox 737 3455 751 3495; x_wconf 93' lang='lat'>:</span> <span class='ocrx_word' id='word_1_262' title='bbox 779 3450 904 3495; x_wconf 92' lang='lat' dir='ltr'><strong>tunc</strong></span> <span class='ocrx_word' id='word_1_263' title='bbox 925 3444 1067 3496; x_wconf 91' lang='lat' dir='ltr'><strong>enim</strong></span> <span class='ocrx_word' id='word_1_264' title='bbox 1087 3442 1364 3496; x_wconf 84' lang='lat' dir='ltr'><strong>violentior</strong></span> <span class='ocrx_word' id='word_1_265' title='bbox 1387 3441 1677 3510; x_wconf 87' lang='lat' dir='ltr'><strong>cupiditas:</strong></span> <span class='ocrx_word' id='word_1_266' title='bbox 1703 3440 1752 3493; x_wconf 89' lang='lat' dir='ltr'><strong>id</strong></span> <span class='ocrx_word' id='word_1_267' title='bbox 1778 3438 1917 3509; x_wconf 88' lang='lat' dir='ltr'><strong>quod</strong></span> 
     </span>
    </p>
   </div>
   <div class='ocr_carea' id='block_1_35' title="bbox 343 3530 1918 3613">
    <p class='ocr_par' dir='ltr' id='par_1_35' title="bbox 343 3530 1918 3613">
     <span class='ocr_line' id='line_1_35' title="bbox 343 3530 1918 3613; baseline -0.002 -27"><span class='ocrx_word' id='word_1_268' title='bbox 343 3530 552 3613; x_wconf 74' lang='lat' dir='ltr'><strong>dicendi</strong></span> <span class='ocrx_word' id='word_1_269' title='bbox 595 3531 754 3586; x_wconf 88' lang='lat' dir='ltr'><strong>finem</strong></span> <span class='ocrx_word' id='word_1_270' title='bbox 781 3545 888 3586; x_wconf 89' lang='lat' dir='ltr'><strong>non</strong></span> <span class='ocrx_word' id='word_1_271' title='bbox 934 3532 1142 3598; x_wconf 87' lang='lat' dir='ltr'><strong>faciam,</strong></span> <span class='ocrx_word' id='word_1_272' title='bbox 1188 3546 1380 3601; x_wconf 91' lang='lat' dir='ltr'><strong>nempe</strong></span> <span class='ocrx_word' id='word_1_273' title='bbox 1416 3533 1722 3586; x_wconf 88' lang='lat' dir='ltr'><strong>accessione</strong></span> <span class='ocrx_word' id='word_1_274' title='bbox 1757 3546 1918 3601; x_wconf 89' lang='lat' dir='ltr'><strong>opum</strong></span> 
     </span>
    </p>
   </div>
   <div class='ocr_carea' id='block_1_36' title="bbox 344 3625 1920 3694">
    <p class='ocr_par' dir='ltr' id='par_1_36' title="bbox 344 3625 1920 3694">
     <span class='ocr_line' id='line_1_36' title="bbox 344 3625 1920 3694; baseline 0 -16"><span class='ocrx_word' id='word_1_275' title='bbox 344 3625 600 3692; x_wconf 90' lang='lat' dir='ltr'><strong>majorem</strong></span> <span class='ocrx_word' id='word_1_276' title='bbox 617 3625 834 3679; x_wconf 89' lang='lat' dir='ltr'><strong>accendi</strong></span> <span class='ocrx_word' id='word_1_277' title='bbox 849 3625 1134 3688; x_wconf 86' lang='lat' dir='ltr'><strong>flammam,</strong></span> <span class='ocrx_word' id='word_1_278' title='bbox 1159 3634 1211 3680; x_wconf 92' lang='lat' dir='ltr'><strong>et</strong></span> <span class='ocrx_word' id='word_1_279' title='bbox 1225 3637 1555 3694; x_wconf 86' lang='lat' dir='ltr'><strong>possessores</strong></span> <span class='ocrx_word' id='word_1_280' title='bbox 1578 3625 1920 3693; x_wconf 86' lang='lat' dir='ltr'><strong>pauperiores</strong></span> 
     </span>
    </p>
   </div>
   <div class='ocr_carea' id='block_1_37' title="bbox 344 3715 1920 3788">
    <p class='ocr_par' dir='ltr' id='par_1_37' title="bbox 344 3715 1920 3788">
     <span class='ocr_line' id='line_1_37' title="bbox 344 3715 1920 3788; baseline 0.001 -18"><span class='ocrx_word' id='word_1_281' title='bbox 344 3715 505 3781; x_wconf 80' lang='lat' dir='ltr'><strong>efﬁci,</strong></span> <span class='ocrx_word' id='word_1_282' title='bbox 537 3717 657 3786; x_wconf 89' lang='lat' dir='ltr'><strong>quia</strong></span> <span class='ocrx_word' id='word_1_283' title='bbox 685 3718 926 3787; x_wconf 88' lang='lat' dir='ltr'><strong>pluribus</strong></span> <span class='ocrx_word' id='word_1_284' title='bbox 953 3718 1308 3788; x_wconf 92' lang='lat' dir='ltr'><strong>corripiuntur</strong></span> <span class='ocrx_word' id='word_1_285' title='bbox 1331 3717 1724 3787; x_wconf 89' lang='lat' dir='ltr'><strong>cupiditatibus,</strong></span> <span class='ocrx_word' id='word_1_286' title='bbox 1755 3727 1810 3772; x_wconf 91' lang='lat' dir='ltr'><strong>et</strong></span> <span class='ocrx_word' id='word_1_287' title='bbox 1838 3719 1920 3772; x_wconf 79' lang='lat' dir='ltr'><strong>in-</strong></span> 
     </span>
    </p>
   </div>
   <div class='ocr_carea' id='block_1_38' title="bbox 343 3810 1914 3882">
    <p class='ocr_par' dir='ltr' id='par_1_38' title="bbox 343 3810 1914 3882">
     <span class='ocr_line' id='line_1_38' title="bbox 343 3810 1914 3882; baseline 0 -18"><span class='ocrx_word' id='word_1_288' title='bbox 343 3810 629 3880; x_wconf 86' lang='lat' dir='ltr'><strong>digentiam</strong></span> <span class='ocrx_word' id='word_1_289' title='bbox 672 3813 840 3882; x_wconf 77' lang='lat' dir='ltr'><strong>magis</strong></span> <span class='ocrx_word' id='word_1_290' title='bbox 881 3813 1135 3867; x_wconf 86' lang='lat' dir='ltr'><strong>sentiunt.</strong></span> <span class='ocrx_word' id='word_1_291' title='bbox 1179 3811 1275 3866; x_wconf 86' lang='lat' dir='ltr'><strong>llic</strong></span> <span class='ocrx_word' id='word_1_292' title='bbox 1313 3811 1704 3866; x_wconf 87' lang='lat' dir='ltr'><strong>animadvertas</strong></span> <span class='ocrx_word' id='word_1_293' title='bbox 1731 3810 1914 3874; x_wconf 84' lang='lat' dir='ltr'><strong>velim,</strong></span> 
     </span>
    </p>
   </div>
   <div class='ocr_carea' id='block_1_39' title="bbox 344 3902 1917 3973">
    <p class='ocr_par' dir='ltr' id='par_1_39' title="bbox 344 3902 1917 3973">
     <span class='ocr_line' id='line_1_39' title="bbox 344 3902 1917 3973; baseline 0.003 -21"><span class='ocrx_word' id='word_1_294' title='bbox 344 3912 594 3971; x_wconf 80' lang='lat' dir='ltr'><strong>quantam</strong></span> <span class='ocrx_word' id='word_1_295' title='bbox 624 3905 838 3958; x_wconf 90' lang='lat' dir='ltr'><strong>morbus</strong></span> <span class='ocrx_word' id='word_1_296' title='bbox 864 3905 968 3957; x_wconf 88' lang='lat' dir='ltr'><strong>vim</strong></span> <span class='ocrx_word' id='word_1_297' title='bbox 999 3904 1316 3958; x_wconf 82' lang='lat' dir='ltr'><strong>exhibuerit.</strong></span> <span class='ocrx_word' id='word_1_298' title='bbox 1345 3902 1496 3958; x_wconf 92' lang='lat' dir='ltr'><strong>Illum</strong></span> <span class='ocrx_word' id='word_1_299' title='bbox 1526 3904 1666 3958; x_wconf 92' lang='lat' dir='ltr'><strong>enim</strong></span> <span class='ocrx_word' id='word_1_300' title='bbox 1688 3902 1917 3973; x_wconf 87' lang='lat' dir='ltr'><strong>quicum</strong></span> 
     </span>
    </p>
   </div>
   <div class='ocr_carea' id='block_1_40' title="bbox 343 3995 1921 4065">
    <p class='ocr_par' dir='ltr' id='par_1_40' title="bbox 343 3995 1921 4065">
     <span class='ocr_line' id='line_1_40' title="bbox 343 3995 1921 4065; baseline 0.001 -17"><span class='ocrx_word' id='word_1_301' title='bbox 343 3995 536 4065; x_wconf 85' lang='lat' dir='ltr'><strong>gaudio</strong></span> <span class='ocrx_word' id='word_1_302' title='bbox 574 4004 628 4049; x_wconf 91' lang='lat' dir='ltr'><strong>ct</strong></span> <span class='ocrx_word' id='word_1_303' title='bbox 669 3997 941 4051; x_wconf 75' lang='lat' dir='ltr'><strong>alacritate</strong></span> <span class='ocrx_word' id='word_1_304' title='bbox 987 4007 1304 4061; x_wconf 89' lang='lat' dir='ltr'><strong>accesserat,</strong></span> <span class='ocrx_word' id='word_1_305' title='bbox 1355 3995 1442 4050; x_wconf 90' lang='lat' dir='ltr'><strong>ubi</strong></span> <span class='ocrx_word' id='word_1_306' title='bbox 1485 3996 1727 4051; x_wconf 89' lang='lat' dir='ltr'><strong>Christus</strong></span> <span class='ocrx_word' id='word_1_307' title='bbox 1760 3995 1921 4065; x_wconf 86' lang='lat' dir='ltr'><strong>jussit</strong></span> 
     </span>
    </p>
   </div>
   <div class='ocr_carea' id='block_1_41' title="bbox 345 4087 1917 4156">
    <p class='ocr_par' dir='ltr' id='par_1_41' title="bbox 345 4087 1917 4156">
     <span class='ocr_line' id='line_1_41' title="bbox 345 4087 1917 4156; baseline 0.002 -18"><span class='ocrx_word' id='word_1_308' title='bbox 345 4087 597 4156; x_wconf 87' lang='lat' dir='ltr'><strong>pecunias</strong></span> <span class='ocrx_word' id='word_1_309' title='bbox 625 4087 877 4151; x_wconf 82' lang='lat' dir='ltr'><strong>abjicere,</strong></span> <span class='ocrx_word' id='word_1_310' title='bbox 906 4089 974 4140; x_wconf 89' lang='lat' dir='ltr'><strong>ita</strong></span> <span class='ocrx_word' id='word_1_311' title='bbox 1001 4088 1176 4142; x_wconf 87' lang='lat' dir='ltr'><strong>obruit</strong></span> <span class='ocrx_word' id='word_1_312' title='bbox 1200 4097 1253 4141; x_wconf 90' lang='lat' dir='ltr'><strong>et</strong></span> <span class='ocrx_word' id='word_1_313' title='bbox 1283 4087 1490 4153; x_wconf 91' lang='lat' dir='ltr'><strong>afflixit,</strong></span> <span class='ocrx_word' id='word_1_314' title='bbox 1520 4096 1578 4142; x_wconf 93' lang='lat' dir='ltr'><strong>ut</strong></span> <span class='ocrx_word' id='word_1_315' title='bbox 1606 4103 1672 4143; x_wconf 88' lang='lat' dir='ltr'><strong>ne</strong></span> <span class='ocrx_word' id='word_1_316' title='bbox 1688 4102 1917 4156; x_wconf 88' lang='lat' dir='ltr'><strong>respon-</strong></span> 
     </span>
    </p>
   </div>
   <div class='ocr_carea' id='block_1_42' title="bbox 345 4177 1921 4247">
    <p class='ocr_par' dir='ltr' id='par_1_42' title="bbox 345 4177 1921 4247">
     <span class='ocr_line' id='line_1_42' title="bbox 345 4177 1921 4247; baseline 0.003 -18"><span class='ocrx_word' id='word_1_317' title='bbox 345 4177 550 4231; x_wconf 82' lang='lat' dir='ltr'><strong>sionem</strong></span> <span class='ocrx_word' id='word_1_318' title='bbox 593 4177 803 4247; x_wconf 88' lang='lat' dir='ltr'><strong>quidem</strong></span> <span class='ocrx_word' id='word_1_319' title='bbox 837 4179 1007 4244; x_wconf 89' lang='lat' dir='ltr'><strong>daret,</strong></span> <span class='ocrx_word' id='word_1_320' title='bbox 1051 4178 1144 4234; x_wconf 90' lang='lat' dir='ltr'><strong>sed</strong></span> <span class='ocrx_word' id='word_1_321' title='bbox 1172 4180 1354 4242; x_wconf 89' lang='lat' dir='ltr'><strong>silens,</strong></span> <span class='ocrx_word' id='word_1_322' title='bbox 1388 4179 1574 4242; x_wconf 82' lang='lat' dir='ltr'><strong>tristis,</strong></span> <span class='ocrx_word' id='word_1_323' title='bbox 1617 4189 1672 4234; x_wconf 88' lang='lat' dir='ltr'><strong>et</strong></span> <span class='ocrx_word' id='word_1_324' title='bbox 1699 4191 1921 4234; x_wconf 67' lang='lat' dir='ltr'><strong>moestus</strong></span> 
     </span>
    </p>
   </div>
   <div class='ocr_carea' id='block_1_43' title="bbox 344 4268 1921 4340">
    <p class='ocr_par' dir='ltr' id='par_1_43' title="bbox 344 4268 1921 4340">
     <span class='ocr_line' id='line_1_43' title="bbox 344 4268 1921 4340; baseline 0.003 -19"><span class='ocrx_word' id='word_1_325' title='bbox 344 4268 534 4322; x_wconf 81' lang='lat' dir='ltr'><strong>abiret.</strong></span> <span class='ocrx_word' id='word_1_326' title='bbox 567 4268 701 4333; x_wconf 90' lang='lat' dir='ltr'><strong>Quid</strong></span> <span class='ocrx_word' id='word_1_327' title='bbox 733 4269 888 4339; x_wconf 88' lang='lat' dir='ltr'><strong>igitur</strong></span> <span class='ocrx_word' id='word_1_328' title='bbox 911 4268 1192 4324; x_wconf 85' lang='lat' dir='ltr'><strong>Christus?</strong></span> <span class='ocrx_word' id='word_1_329' title='bbox 1216 4271 1306 4324; x_wconf 71' lang='grc'><strong>25.</strong></span> <span class='ocrx_word' id='word_1_330' title='bbox 1343 4271 1508 4336; x_wconf 84' lang='lat' dir='ltr'><strong>Quam</strong></span> <span class='ocrx_word' id='word_1_331' title='bbox 1530 4271 1728 4340; x_wconf 69' lang='lat' dir='ltr'><strong>difﬁcile</strong></span> <span class='ocrx_word' id='word_1_332' title='bbox 1746 4270 1921 4326; x_wconf 83' lang='lat' dir='ltr'><strong>divites</strong></span> 
     </span>
    </p>
   </div>
   <div class='ocr_carea' id='block_1_44' title="bbox 346 4362 1921 4434">
    <p class='ocr_par' dir='ltr' id='par_1_44' title="bbox 346 4362 1921 4434">
     <span class='ocr_line' id='line_1_44' title="bbox 346 4362 1921 4434; baseline 0.004 -21"><span class='ocrx_word' id='word_1_333' title='bbox 346 4362 603 4415; x_wconf 87' lang='lat' dir='ltr'><strong>intrabunt</strong></span> <span class='ocrx_word' id='word_1_334' title='bbox 640 4363 693 4415; x_wconf 91' lang='lat' dir='ltr'><strong>in</strong></span> <span class='ocrx_word' id='word_1_335' title='bbox 736 4379 944 4433; x_wconf 83' lang='lat' dir='ltr'><strong>regnum</strong></span> <span class='ocrx_word' id='word_1_336' title='bbox 995 4363 1264 4417; x_wconf 66' lang='lat' dir='ltr'><strong>calorum!</strong></span> <span class='ocrx_word' id='word_1_337' title='bbox 1293 4379 1394 4416; x_wconf 93' lang='lat' dir='ltr'><strong>non</strong></span> <span class='ocrx_word' id='word_1_338' title='bbox 1433 4365 1684 4434; x_wconf 73' lang='lat' dir='ltr'><strong>pecunias</strong></span> <span class='ocrx_word' id='word_1_339' title='bbox 1711 4365 1921 4434; x_wconf 84' lang='lat' dir='ltr'><strong>vitupe-</strong></span> 
     </span>
    </p>
   </div>
   <div class='ocr_carea' id='block_1_45' title="bbox 347 4452 1919 4522">
    <p class='ocr_par' dir='ltr' id='par_1_45' title="bbox 347 4452 1919 4522">
     <span class='ocr_line' id='line_1_45' title="bbox 347 4452 1919 4522; baseline 0.003 -18"><span class='ocrx_word' id='word_1_340' title='bbox 347 4467 494 4517; x_wconf 89' lang='lat' dir='ltr'><strong>rans,</strong></span> <span class='ocrx_word' id='word_1_341' title='bbox 527 4452 618 4506; x_wconf 88' lang='lat' dir='ltr'><strong>sed</strong></span> <span class='ocrx_word' id='word_1_342' title='bbox 647 4467 739 4505; x_wconf 89' lang='lat' dir='ltr'><strong>eos</strong></span> <span class='ocrx_word' id='word_1_343' title='bbox 765 4453 851 4521; x_wconf 88' lang='lat' dir='ltr'><strong>qui</strong></span> <span class='ocrx_word' id='word_1_344' title='bbox 877 4453 1178 4506; x_wconf 87' lang='lat' dir='ltr'><strong>detinentur</strong></span> <span class='ocrx_word' id='word_1_345' title='bbox 1199 4452 1265 4506; x_wconf 89' lang='lat' dir='ltr'><strong>ab</strong></span> <span class='ocrx_word' id='word_1_346' title='bbox 1290 4452 1436 4522; x_wconf 82' lang='lat' dir='ltr'><strong>ipsis.</strong></span> <span class='ocrx_word' id='word_1_347' title='bbox 1461 4455 1513 4508; x_wconf 93' lang='lat' dir='ltr'><strong>Si</strong></span> <span class='ocrx_word' id='word_1_348' title='bbox 1537 4453 1752 4508; x_wconf 88' lang='lat' dir='ltr'><strong>difficile</strong></span> <span class='ocrx_word' id='word_1_349' title='bbox 1780 4453 1919 4509; x_wconf 89' lang='lat' dir='ltr'><strong>divi-</strong></span> 
     </span>
    </p>
   </div>
   <div class='ocr_carea' id='block_1_46' title="bbox 349 4545 1917 4616">
    <p class='ocr_par' dir='ltr' id='par_1_46' title="bbox 349 4545 1917 4616">
     <span class='ocr_line' id='line_1_46' title="bbox 349 4545 1917 4616; baseline 0.001 -17"><span class='ocrx_word' id='word_1_350' title='bbox 349 4556 449 4607; x_wconf 87' lang='lat' dir='ltr'><strong>tes,</strong></span> <span class='ocrx_word' id='word_1_351' title='bbox 477 4545 630 4616; x_wconf 85' lang='lat' dir='ltr'><strong>longc</strong></span> <span class='ocrx_word' id='word_1_352' title='bbox 659 4545 925 4600; x_wconf 80' lang='lat' dir='ltr'><strong>difficilius</strong></span> <span class='ocrx_word' id='word_1_353' title='bbox 966 4546 1131 4599; x_wconf 82' lang='lat' dir='ltr'><strong>avari.</strong></span> <span class='ocrx_word' id='word_1_354' title='bbox 1181 4545 1312 4600; x_wconf 85' lang='lat' dir='ltr'><strong>Nam</strong></span> <span class='ocrx_word' id='word_1_355' title='bbox 1357 4547 1400 4599; x_wconf 90' lang='lat' dir='ltr'><strong>si</strong></span> <span class='ocrx_word' id='word_1_356' title='bbox 1440 4561 1532 4600; x_wconf 90' lang='lat' dir='ltr'><strong>sua</strong></span> <span class='ocrx_word' id='word_1_357' title='bbox 1581 4562 1685 4600; x_wconf 92' lang='lat' dir='ltr'><strong>non</strong></span> <span class='ocrx_word' id='word_1_358' title='bbox 1717 4546 1917 4616; x_wconf 78' lang='lat' dir='ltr'><strong>largiri.</strong></span> 
     </span>
    </p>
   </div>
   <div class='ocr_carea' id='block_1_47' title="bbox 350 4638 1922 4709">
    <p class='ocr_par' dir='ltr' id='par_1_47' title="bbox 350 4638 1922 4709">
     <span class='ocr_line' id='line_1_47' title="bbox 350 4638 1922 4709; baseline 0.001 -17"><span class='ocrx_word' id='word_1_359' title='bbox 350 4639 786 4708; x_wconf 83' lang='lat' dir='ltr'><strong>impedimentum</strong></span> <span class='ocrx_word' id='word_1_360' title='bbox 831 4647 914 4694; x_wconf 90' lang='lat' dir='ltr'><strong>est</strong></span> <span class='ocrx_word' id='word_1_361' title='bbox 950 4638 1016 4692; x_wconf 90' lang='lat' dir='ltr'><strong>ad</strong></span> <span class='ocrx_word' id='word_1_362' title='bbox 1064 4655 1284 4709; x_wconf 77' lang='lat' dir='ltr'><strong>regnum</strong></span> <span class='ocrx_word' id='word_1_363' title='bbox 1311 4638 1717 4709; x_wconf 91' lang='lat' dir='ltr'><strong>assequendum,</strong></span> <span class='ocrx_word' id='word_1_364' title='bbox 1747 4641 1922 4694; x_wconf 89' lang='lat' dir='ltr'><strong>aliena</strong></span> 
     </span>
    </p>
   </div>
   <div class='ocr_carea' id='block_1_48' title="bbox 349 4730 1920 4800">
    <p class='ocr_par' dir='ltr' id='par_1_48' title="bbox 349 4730 1920 4800">
     <span class='ocr_line' id='line_1_48' title="bbox 349 4730 1920 4800; baseline -0.001 -15"><span class='ocrx_word' id='word_1_365' title='bbox 349 4745 559 4799; x_wconf 89' lang='lat' dir='ltr'><strong>rapere,</strong></span> <span class='ocrx_word' id='word_1_366' title='bbox 588 4731 756 4800; x_wconf 88' lang='lat' dir='ltr'><strong>cogita</strong></span> <span class='ocrx_word' id='word_1_367' title='bbox 780 4739 1032 4799; x_wconf 89' lang='lat' dir='ltr'><strong>quantmn</strong></span> <span class='ocrx_word' id='word_1_368' title='bbox 1061 4731 1233 4800; x_wconf 87' lang='lat' dir='ltr'><strong>ignem</strong></span> <span class='ocrx_word' id='word_1_369' title='bbox 1273 4730 1591 4784; x_wconf 88' lang='lat' dir='ltr'><strong>accumulet.</strong></span> <span class='ocrx_word' id='word_1_370' title='bbox 1617 4731 1724 4785; x_wconf 92' lang='lat' dir='ltr'><strong>Cur</strong></span> <span class='ocrx_word' id='word_1_371' title='bbox 1743 4737 1920 4784; x_wconf 89' lang='lat' dir='ltr'><strong>autem</strong></span> 
     </span>
    </p>
   </div>
   <div class='ocr_carea' id='block_1_49' title="bbox 348 4820 1918 4889">
    <p class='ocr_par' dir='ltr' id='par_1_49' title="bbox 348 4820 1918 4889">
     <span class='ocr_line' id='line_1_49' title="bbox 348 4820 1918 4889; baseline 0 -15"><span class='ocrx_word' id='word_1_372' title='bbox 348 4821 622 4888; x_wconf 72' lang='lat' dir='ltr'><strong>discipulis</strong></span> <span class='ocrx_word' id='word_1_373' title='bbox 664 4821 813 4883; x_wconf 91' lang='lat' dir='ltr'><strong>dicit,</strong></span> <span class='ocrx_word' id='word_1_374' title='bbox 856 4820 1072 4874; x_wconf 83' lang='lat' dir='ltr'><strong>difficile</strong></span> <span class='ocrx_word' id='word_1_375' title='bbox 1110 4820 1326 4874; x_wconf 87' lang='lat' dir='ltr'><strong>divitem</strong></span> <span class='ocrx_word' id='word_1_376' title='bbox 1369 4820 1418 4874; x_wconf 92' lang='lat' dir='ltr'><strong>in</strong></span> <span class='ocrx_word' id='word_1_377' title='bbox 1447 4835 1664 4889; x_wconf 79' lang='lat' dir='ltr'><strong>regnum</strong></span> <span class='ocrx_word' id='word_1_378' title='bbox 1703 4821 1918 4885; x_wconf 88' lang='lat' dir='ltr'><strong>intrare,</strong></span> 
     </span>
    </p>
   </div>
   <div class='ocr_carea' id='block_1_50' title="bbox 347 4909 1925 4980">
    <p class='ocr_par' dir='ltr' id='par_1_50' title="bbox 347 4909 1925 4980">
     <span class='ocr_line' id='line_1_50' title="bbox 347 4909 1925 4980; baseline 0.001 -17"><span class='ocrx_word' id='word_1_379' title='bbox 347 4911 439 4980; x_wconf 89' lang='lat' dir='ltr'><strong>qui</strong></span> <span class='ocrx_word' id='word_1_380' title='bbox 469 4925 723 4979; x_wconf 85' lang='lat' dir='ltr'><strong>pauperes</strong></span> <span class='ocrx_word' id='word_1_381' title='bbox 749 4921 920 4975; x_wconf 91' lang='lat' dir='ltr'><strong>erant,</strong></span> <span class='ocrx_word' id='word_1_382' title='bbox 955 4909 1190 4980; x_wconf 91' lang='lat' dir='ltr'><strong>nihilque</strong></span> <span class='ocrx_word' id='word_1_383' title='bbox 1212 4909 1586 4980; x_wconf 86' lang='lat' dir='ltr'><strong>possidebant?</strong></span> <span class='ocrx_word' id='word_1_384' title='bbox 1614 4911 1777 4964; x_wconf 90' lang='lat' dir='ltr'><strong>Docet</strong></span> <span class='ocrx_word' id='word_1_385' title='bbox 1807 4911 1925 4965; x_wconf 89' lang='lat' dir='ltr'><strong>illos</strong></span> 
     </span>
    </p>
   </div>
   <div class='ocr_carea' id='block_1_51' title="bbox 349 5003 1926 5071">
    <p class='ocr_par' dir='ltr' id='par_1_51' title="bbox 349 5003 1926 5071">
     <span class='ocr_line' id='line_1_51' title="bbox 349 5003 1926 5071; baseline 0.001 -15"><span class='ocrx_word' id='word_1_386' title='bbox 349 5019 418 5056; x_wconf 89' lang='lat' dir='ltr'><strong>ne</strong></span> <span class='ocrx_word' id='word_1_387' title='bbox 437 5003 506 5058; x_wconf 89' lang='lat' dir='ltr'><strong>de</strong></span> <span class='ocrx_word' id='word_1_388' title='bbox 530 5013 838 5071; x_wconf 87' lang='lat' dir='ltr'><strong>paupertate</strong></span> <span class='ocrx_word' id='word_1_389' title='bbox 861 5003 1198 5068; x_wconf 89' lang='lat' dir='ltr'><strong>erubescant,</strong></span> <span class='ocrx_word' id='word_1_390' title='bbox 1226 5012 1281 5057; x_wconf 86' lang='lat' dir='ltr'><strong>et</strong></span> <span class='ocrx_word' id='word_1_391' title='bbox 1317 5006 1574 5057; x_wconf 92' lang='lat' dir='ltr'><strong>rationem</strong></span> <span class='ocrx_word' id='word_1_392' title='bbox 1606 5003 1798 5070; x_wconf 85' lang='lat' dir='ltr'><strong>reddit,</strong></span> <span class='ocrx_word' id='word_1_393' title='bbox 1829 5018 1926 5058; x_wconf 91' lang='lat' dir='ltr'><strong>cur</strong></span> 
     </span>
    </p>
   </div>
   <div class='ocr_carea' id='block_1_52' title="bbox 351 5094 1922 5164">
    <p class='ocr_par' dir='ltr' id='par_1_52' title="bbox 351 5094 1922 5164">
     <span class='ocr_line' id='line_1_52' title="bbox 351 5094 1922 5164; baseline -0.001 -14"><span class='ocrx_word' id='word_1_394' title='bbox 351 5096 483 5150; x_wconf 89' lang='lat' dir='ltr'><strong>nihil</strong></span> <span class='ocrx_word' id='word_1_395' title='bbox 509 5111 604 5150; x_wconf 87' lang='lat' dir='ltr'><strong>eos</strong></span> <span class='ocrx_word' id='word_1_396' title='bbox 635 5095 829 5149; x_wconf 86' lang='lat' dir='ltr'><strong>habere</strong></span> <span class='ocrx_word' id='word_1_397' title='bbox 869 5095 1192 5164; x_wconf 88' lang='lat' dir='ltr'><strong>permiserit.</strong></span> <span class='ocrx_word' id='word_1_398' title='bbox 1232 5094 1512 5162; x_wconf 87' lang='lat' dir='ltr'><strong>Postquam</strong></span> <span class='ocrx_word' id='word_1_399' title='bbox 1553 5104 1728 5148; x_wconf 89' lang='lat' dir='ltr'><strong>autem</strong></span> <span class='ocrx_word' id='word_1_400' title='bbox 1769 5095 1922 5161; x_wconf 90' lang='lat' dir='ltr'><strong>dixit,</strong></span> 
     </span>
    </p>
   </div>
   <div class='ocr_carea' id='block_1_53' title="bbox 348 5184 1927 5255">
    <p class='ocr_par' dir='ltr' id='par_1_53' title="bbox 348 5184 1927 5255">
     <span class='ocr_line' id='line_1_53' title="bbox 348 5184 1927 5255; baseline 0.001 -16"><span class='ocrx_word' id='word_1_401' title='bbox 348 5201 462 5240; x_wconf 90' lang='lat' dir='ltr'><strong>rem</strong></span> <span class='ocrx_word' id='word_1_402' title='bbox 489 5200 607 5240; x_wconf 80' lang='lat' dir='ltr'><strong>esse</strong></span> <span class='ocrx_word' id='word_1_403' title='bbox 631 5185 924 5249; x_wconf 85' lang='lat' dir='ltr'><strong>difficilem,</strong></span> <span class='ocrx_word' id='word_1_404' title='bbox 944 5201 1056 5240; x_wconf 91' lang='lat' dir='ltr'><strong>rem</strong></span> <span class='ocrx_word' id='word_1_405' title='bbox 1079 5201 1182 5238; x_wconf 91' lang='lat' dir='ltr'><strong>non</strong></span> <span class='ocrx_word' id='word_1_406' title='bbox 1204 5200 1362 5255; x_wconf 86' lang='lat' dir='ltr'><strong>posse</strong></span> <span class='ocrx_word' id='word_1_407' title='bbox 1383 5184 1518 5248; x_wconf 87' lang='lat' dir='ltr'><strong>fieri,</strong></span> <span class='ocrx_word' id='word_1_408' title='bbox 1541 5195 1718 5254; x_wconf 83' lang='lat' dir='ltr'><strong>postea</strong></span> <span class='ocrx_word' id='word_1_409' title='bbox 1747 5196 1927 5240; x_wconf 89' lang='lat' dir='ltr'><strong>osten-</strong></span> 
     </span>
    </p>
   </div>
   <div class='ocr_carea' id='block_1_54' title="bbox 347 5275 1927 5347">
    <p class='ocr_par' dir='ltr' id='par_1_54' title="bbox 347 5275 1927 5347">
     <span class='ocr_line' id='line_1_54' title="bbox 347 5275 1927 5347; baseline 0.003 -18"><span class='ocrx_word' id='word_1_410' title='bbox 347 5275 447 5340; x_wconf 90' lang='lat' dir='ltr'><strong>dit,</strong></span> <span class='ocrx_word' id='word_1_411' title='bbox 479 5292 577 5330; x_wconf 86' lang='lat' dir='ltr'><strong>nec</strong></span> <span class='ocrx_word' id='word_1_412' title='bbox 605 5275 763 5331; x_wconf 90' lang='lat' dir='ltr'><strong>modo</strong></span> <span class='ocrx_word' id='word_1_413' title='bbox 807 5276 919 5331; x_wconf 88' lang='lat' dir='ltr'><strong>fieri</strong></span> <span class='ocrx_word' id='word_1_414' title='bbox 951 5291 1056 5330; x_wconf 91' lang='lat' dir='ltr'><strong>non</strong></span> <span class='ocrx_word' id='word_1_415' title='bbox 1097 5291 1272 5346; x_wconf 90' lang='lat' dir='ltr'><strong>posse,</strong></span> <span class='ocrx_word' id='word_1_416' title='bbox 1318 5277 1410 5332; x_wconf 88' lang='lat' dir='ltr'><strong>sed</strong></span> <span class='ocrx_word' id='word_1_417' title='bbox 1438 5292 1503 5332; x_wconf 89' lang='lat' dir='ltr'><strong>ex</strong></span> <span class='ocrx_word' id='word_1_418' title='bbox 1532 5279 1927 5347; x_wconf 88' lang='lat' dir='ltr'><strong>comparatione</strong></span> 
     </span>
    </p>
   </div>
   <div class='ocr_carea' id='block_1_55' title="bbox 347 5367 1923 5438">
    <p class='ocr_par' dir='ltr' id='par_1_55' title="bbox 347 5367 1923 5438">
     <span class='ocr_line' id='line_1_55' title="bbox 347 5367 1923 5438; baseline 0.003 -16"><span class='ocrx_word' id='word_1_419' title='bbox 347 5367 486 5423; x_wconf 78' lang='lat' dir='ltr'><strong>facta</strong></span> <span class='ocrx_word' id='word_1_420' title='bbox 512 5369 699 5423; x_wconf 87' lang='lat' dir='ltr'><strong>cameli</strong></span> <span class='ocrx_word' id='word_1_421' title='bbox 725 5379 882 5438; x_wconf 89' lang='lat' dir='ltr'><strong>atque</strong></span> <span class='ocrx_word' id='word_1_422' title='bbox 909 5384 1056 5434; x_wconf 87' lang='lat' dir='ltr'><strong>acus,</strong></span> <span class='ocrx_word' id='word_1_423' title='bbox 1086 5368 1280 5438; x_wconf 87' lang='lat' dir='ltr'><strong>aliquid</strong></span> <span class='ocrx_word' id='word_1_424' title='bbox 1303 5369 1436 5424; x_wconf 90' lang='lat' dir='ltr'><strong>ultra</strong></span> <span class='ocrx_word' id='word_1_425' title='bbox 1459 5369 1654 5425; x_wconf 90' lang='lat' dir='ltr'><strong>addere</strong></span> <span class='ocrx_word' id='word_1_426' title='bbox 1679 5371 1923 5426; x_wconf 91' lang='lat' dir='ltr'><strong>videtur:</strong></span> 
     </span>
    </p>
   </div>
   <div class='ocr_carea' id='block_1_56' title="bbox 349 5459 1927 5532">
    <p class='ocr_par' dir='ltr' id='par_1_56' title="bbox 349 5459 1927 5532">
     <span class='ocr_line' id='line_1_56' title="bbox 349 5459 1927 5532; baseline 0.002 -17"><span class='ocrx_word' id='word_1_427' title='bbox 349 5475 472 5515; x_wconf 89' lang='lat' dir='ltr'><strong>nam</strong></span> <span class='ocrx_word' id='word_1_428' title='bbox 503 5461 596 5525; x_wconf 86' lang='lat' dir='ltr'><strong>ait,</strong></span> <span class='ocrx_word' id='word_1_429' title='bbox 620 5459 710 5514; x_wconf 63' lang='grc'><strong>24.</strong></span> <span class='ocrx_word' id='word_1_430' title='bbox 754 5459 982 5515; x_wconf 83' lang='lat' dir='ltr'><strong>Facilius</strong></span> <span class='ocrx_word' id='word_1_431' title='bbox 1008 5471 1082 5516; x_wconf 87' lang='lat' dir='ltr'><strong>est</strong></span> <span class='ocrx_word' id='word_1_432' title='bbox 1123 5463 1368 5516; x_wconf 82' lang='lat' dir='ltr'><strong>cautelam</strong></span> <span class='ocrx_word' id='word_1_433' title='bbox 1410 5478 1499 5532; x_wconf 85' lang='lat' dir='ltr'><strong>per</strong></span> <span class='ocrx_word' id='word_1_434' title='bbox 1536 5463 1764 5532; x_wconf 79' lang='lat' dir='ltr'><strong>foramen</strong></span> <span class='ocrx_word' id='word_1_435' title='bbox 1804 5480 1927 5518; x_wconf 88' lang='lat' dir='ltr'><strong>acus</strong></span> 
     </span>
    </p>
   </div>
   <div class='ocr_carea' id='block_1_57' title="bbox 349 5552 1926 5626">
    <p class='ocr_par' dir='ltr' id='par_1_57' title="bbox 349 5552 1926 5626">
     <span class='ocr_line' id='line_1_57' title="bbox 349 5552 1926 5626; baseline 0.004 -21"><span class='ocrx_word' id='word_1_436' title='bbox 349 5554 598 5616; x_wconf 85' lang='lat' dir='ltr'><strong>transire,</strong></span> <span class='ocrx_word' id='word_1_437' title='bbox 638 5570 786 5622; x_wconf 90' lang='lat' dir='ltr'><strong>quam</strong></span> <span class='ocrx_word' id='word_1_438' title='bbox 832 5552 1034 5606; x_wconf 79' lang='lat' dir='ltr'><strong>diuitem</strong></span> <span class='ocrx_word' id='word_1_439' title='bbox 1080 5553 1269 5608; x_wconf 87' lang='lat' dir='ltr'><strong>intrare</strong></span> <span class='ocrx_word' id='word_1_440' title='bbox 1317 5556 1370 5608; x_wconf 88' lang='lat' dir='ltr'><strong>in</strong></span> <span class='ocrx_word' id='word_1_441' title='bbox 1413 5571 1620 5626; x_wconf 86' lang='lat' dir='ltr'><strong>regnum</strong></span> <span class='ocrx_word' id='word_1_442' title='bbox 1665 5557 1926 5612; x_wconf 79' lang='lat' dir='ltr'><strong>cwlorum.</strong></span> 
     </span>
    </p>
   </div>
   <div class='ocr_carea' id='block_1_58' title="bbox 349 5643 1927 5715">
    <p class='ocr_par' dir='ltr' id='par_1_58' title="bbox 349 5643 1927 5715">
     <span class='ocr_line' id='line_1_58' title="bbox 349 5643 1927 5715; baseline 0.002 -16"><span class='ocrx_word' id='word_1_443' title='bbox 349 5643 507 5699; x_wconf 82' lang='lat' dir='ltr'><strong>Unde</strong></span> <span class='ocrx_word' id='word_1_444' title='bbox 551 5643 847 5698; x_wconf 89' lang='lat' dir='ltr'><strong>ostenditur</strong></span> <span class='ocrx_word' id='word_1_445' title='bbox 876 5659 981 5698; x_wconf 91' lang='lat' dir='ltr'><strong>non</strong></span> <span class='ocrx_word' id='word_1_446' title='bbox 1026 5660 1209 5714; x_wconf 89' lang='lat' dir='ltr'><strong>parum</strong></span> <span class='ocrx_word' id='word_1_447' title='bbox 1238 5645 1500 5700; x_wconf 84' lang='lat' dir='ltr'><strong>mercedis</strong></span> <span class='ocrx_word' id='word_1_448' title='bbox 1529 5648 1700 5715; x_wconf 89' lang='lat' dir='ltr'><strong>parari</strong></span> <span class='ocrx_word' id='word_1_449' title='bbox 1743 5647 1927 5702; x_wconf 80' lang='lat' dir='ltr'><strong>diviti-</strong></span> 
     </span>
    </p>
   </div>
   <div class='ocr_carea' id='block_1_59' title="bbox 351 5735 1928 5808">
    <p class='ocr_par' dir='ltr' id='par_1_59' title="bbox 351 5735 1928 5808">
     <span class='ocr_line' id='line_1_59' title="bbox 351 5735 1928 5808; baseline 0.003 -17"><span class='ocrx_word' id='word_1_450' title='bbox 351 5737 490 5800; x_wconf 85' lang='lat' dir='ltr'><strong>bus,</strong></span> <span class='ocrx_word' id='word_1_451' title='bbox 535 5737 623 5804; x_wconf 89' lang='lat' dir='ltr'><strong>qui</strong></span> <span class='ocrx_word' id='word_1_452' title='bbox 671 5735 1028 5805; x_wconf 83' lang='lat' dir='ltr'><strong>philosOphari</strong></span> <span class='ocrx_word' id='word_1_453' title='bbox 1073 5739 1296 5806; x_wconf 89' lang='lat' dir='ltr'><strong>possint.</strong></span> <span class='ocrx_word' id='word_1_454' title='bbox 1327 5737 1450 5793; x_wconf 88' lang='lat' dir='ltr'><strong>Ideo</strong></span> <span class='ocrx_word' id='word_1_455' title='bbox 1489 5739 1580 5794; x_wconf 91' lang='lat' dir='ltr'><strong>Dei</strong></span> <span class='ocrx_word' id='word_1_456' title='bbox 1619 5753 1755 5808; x_wconf 92' lang='lat' dir='ltr'><strong>opus</strong></span> <span class='ocrx_word' id='word_1_457' title='bbox 1798 5740 1928 5796; x_wconf 92' lang='lat' dir='ltr'><strong>illud</strong></span> 
     </span>
    </p>
   </div>
   <div class='ocr_carea' id='block_1_60' title="bbox 351 5828 1922 5904">
    <p class='ocr_par' dir='ltr' id='par_1_60' title="bbox 351 5828 1922 5904">
     <span class='ocr_line' id='line_1_60' title="bbox 351 5828 1922 5904; baseline 0.004 -20"><span class='ocrx_word' id='word_1_458' title='bbox 351 5844 473 5886; x_wconf 84' lang='lat' dir='ltr'><strong>esse</strong></span> <span class='ocrx_word' id='word_1_459' title='bbox 488 5828 738 5896; x_wconf 82' lang='lat' dir='ltr'><strong>asseruit,</strong></span> <span class='ocrx_word' id='word_1_460' title='bbox 764 5839 819 5884; x_wconf 91' lang='lat' dir='ltr'><strong>ut</strong></span> <span class='ocrx_word' id='word_1_461' title='bbox 839 5829 1152 5897; x_wconf 87' lang='lat' dir='ltr'><strong>declararet,</strong></span> <span class='ocrx_word' id='word_1_462' title='bbox 1175 5845 1360 5903; x_wconf 81' lang='lat' dir='ltr'><strong>magna</strong></span> <span class='ocrx_word' id='word_1_463' title='bbox 1379 5846 1512 5902; x_wconf 91' lang='lat' dir='ltr'><strong>opus</strong></span> <span class='ocrx_word' id='word_1_464' title='bbox 1527 5847 1644 5889; x_wconf 89' lang='lat' dir='ltr'><strong>csse</strong></span> <span class='ocrx_word' id='word_1_465' title='bbox 1657 5833 1823 5904; x_wconf 79' lang='lat' dir='ltr'><strong>gratia</strong></span> <span class='ocrx_word' id='word_1_466' title='bbox 1850 5832 1922 5903; x_wconf 90' lang='lat' dir='ltr'><strong>ei,</strong></span> 
     </span>
    </p>
   </div>
   <div class='ocr_carea' id='block_1_61' title="bbox 1347 371 2686 440">
    <p class='ocr_par' dir='ltr' id='par_1_61' title="bbox 1347 371 2686 440">
     <span class='ocr_line' id='line_1_61' title="bbox 1347 371 2686 440; baseline -0.01 0"><span class='ocrx_word' id='word_1_467' title='bbox 1347 382 1413 440; x_wconf 82' lang='lat' dir='ltr'>IN</span> <span class='ocrx_word' id='word_1_468' title='bbox 1448 375 1858 438; x_wconf 67' lang='lat' dir='ltr'><strong>MATTIIA‘IUM</strong></span> <span class='ocrx_word' id='word_1_469' title='bbox 1897 372 2128 430; x_wconf 76' lang='lat' dir='ltr'>IIOMIL.</span> <span class='ocrx_word' id='word_1_470' title='bbox 2168 372 2352 429; x_wconf 81' lang='lat' dir='ltr'><strong>LXIII.</strong></span> <span class='ocrx_word' id='word_1_471' title='bbox 2392 373 2464 428; x_wconf 88' lang='lat' dir='ltr'><strong>al.</strong></span> <span class='ocrx_word' id='word_1_472' title='bbox 2506 371 2686 428; x_wconf 80' lang='lat' dir='ltr'><strong>LXIV.</strong></span> 
     </span>
    </p>
   </div>
   <div class='ocr_carea' id='block_1_62' title="bbox 3510 368 3614 427">
    <p class='ocr_par' dir='ltr' id='par_1_62' title="bbox 3510 368 3614 427">
     <span class='ocr_line' id='line_1_62' title="bbox 3510 368 3614 427; baseline 0 0"><span class='ocrx_word' id='word_1_473' title='bbox 3510 368 3614 427; x_wconf 76' lang='lat'><strong>606</strong></span> 
     </span>
    </p>
   </div>
   <div class='ocr_carea' id='block_1_63' title="bbox 2032 479 3613 556">
    <p class='ocr_par' dir='ltr' id='par_1_63' title="bbox 2032 479 3613 556">
     <span class='ocr_line' id='line_1_63' title="bbox 2032 479 3613 556; baseline 0.001 -15"><span class='ocrx_word' id='word_1_474' title='bbox 2032 486 2122 556; x_wconf 91' lang='lat' dir='ltr'><strong>qui</strong></span> <span class='ocrx_word' id='word_1_475' title='bbox 2153 485 2204 541; x_wconf 90' lang='lat' dir='ltr'><strong>id</strong></span> <span class='ocrx_word' id='word_1_476' title='bbox 2233 496 2579 553; x_wconf 86' lang='lat' dir='ltr'><strong>suscepturus</strong></span> <span class='ocrx_word' id='word_1_477' title='bbox 2616 491 2780 540; x_wconf 88' lang='lat' dir='ltr'><strong>esset.</strong></span> <span class='ocrx_word' id='word_1_478' title='bbox 2820 483 3146 539; x_wconf 82' lang='lat' dir='ltr'><strong>Perturbatis</strong></span> <span class='ocrx_word' id='word_1_479' title='bbox 3187 499 3315 555; x_wconf 84' lang='lat' dir='ltr'><strong>ergo</strong></span> <span class='ocrx_word' id='word_1_480' title='bbox 3341 479 3613 556; x_wconf 78' lang='lat' dir='ltr'><strong>discipulis</strong></span> 
     </span>
    </p>
   </div>
   <div class='ocr_carea' id='block_1_64' title="bbox 2030 574 3612 648">
    <p class='ocr_par' dir='ltr' id='par_1_64' title="bbox 2030 574 3612 648">
     <span class='ocr_line' id='line_1_64' title="bbox 2030 574 3612 648; baseline 0 -16"><span class='ocrx_word' id='word_1_481' title='bbox 2030 577 2205 632; x_wconf 89' lang='lat' dir='ltr'><strong>dixit:</strong></span> <span class='ocrx_word' id='word_1_482' title='bbox 2235 576 2325 631; x_wconf 76' lang='grc'><strong>26.</strong></span> <span class='ocrx_word' id='word_1_483' title='bbox 2377 574 2489 630; x_wconf 82' lang='lat' dir='ltr'><strong>Hoc</strong></span> <span class='ocrx_word' id='word_1_484' title='bbox 2531 576 2671 643; x_wconf 86' lang='lat' dir='ltr'><strong>apud</strong></span> <span class='ocrx_word' id='word_1_485' title='bbox 2717 576 2943 630; x_wconf 83' lang='lat' dir='ltr'><strong>homines</strong></span> <span class='ocrx_word' id='word_1_486' title='bbox 2994 576 3303 642; x_wconf 87' lang='lat' dir='ltr'><strong>impossibile</strong></span> <span class='ocrx_word' id='word_1_487' title='bbox 3344 588 3437 642; x_wconf 88' lang='lat' dir='ltr'><strong>est,</strong></span> <span class='ocrx_word' id='word_1_488' title='bbox 3475 580 3612 648; x_wconf 82' lang='lat' dir='ltr'><strong>apud</strong></span> 
     </span>
    </p>
   </div>
   <div class='ocr_carea' id='block_1_65' title="bbox 2032 669 3610 739">
    <p class='ocr_par' dir='ltr' id='par_1_65' title="bbox 2032 669 3610 739">
     <span class='ocr_line' id='line_1_65' title="bbox 2032 669 3610 739; baseline 0 -17"><span class='ocrx_word' id='word_1_489' title='bbox 2032 669 2196 723; x_wconf 91' lang='lat' dir='ltr'><strong>Deum</strong></span> <span class='ocrx_word' id='word_1_490' title='bbox 2221 679 2388 723; x_wconf 88' lang='lat' dir='ltr'><strong>autem</strong></span> <span class='ocrx_word' id='word_1_491' title='bbox 2416 670 2584 723; x_wconf 86' lang='lat' dir='ltr'><strong>omnia</strong></span> <span class='ocrx_word' id='word_1_492' title='bbox 2602 669 2857 738; x_wconf 82' lang='lat' dir='ltr'><strong>possibilia</strong></span> <span class='ocrx_word' id='word_1_493' title='bbox 2881 679 3016 723; x_wconf 89' lang='lat' dir='ltr'><strong>sunt.</strong></span> <span class='ocrx_word' id='word_1_494' title='bbox 3044 669 3153 723; x_wconf 90' lang='lat' dir='ltr'><strong>Cur</strong></span> <span class='ocrx_word' id='word_1_495' title='bbox 3171 680 3346 724; x_wconf 89' lang='lat' dir='ltr'><strong>autem</strong></span> <span class='ocrx_word' id='word_1_496' title='bbox 3367 671 3610 739; x_wconf 77' lang='lat' dir='ltr'><strong>discipuli</strong></span> 
     </span>
    </p>
   </div>
   <div class='ocr_carea' id='block_1_66' title="bbox 2035 762 3612 833">
    <p class='ocr_par' dir='ltr' id='par_1_66' title="bbox 2035 762 3612 833">
     <span class='ocr_line' id='line_1_66' title="bbox 2035 762 3612 833; baseline 0.003 -19"><span class='ocrx_word' id='word_1_497' title='bbox 2035 763 2343 827; x_wconf 87' lang='lat' dir='ltr'><strong>turbantur,</strong></span> <span class='ocrx_word' id='word_1_498' title='bbox 2393 762 2481 832; x_wconf 86' lang='lat' dir='ltr'><strong>qui</strong></span> <span class='ocrx_word' id='word_1_499' title='bbox 2530 777 2825 831; x_wconf 85' lang='lat' dir='ltr'><strong>pauperes,</strong></span> <span class='ocrx_word' id='word_1_500' title='bbox 2867 763 2974 816; x_wconf 91' lang='lat' dir='ltr'><strong>imo</strong></span> <span class='ocrx_word' id='word_1_501' title='bbox 3016 763 3299 816; x_wconf 87' lang='lat' dir='ltr'><strong>admodum</strong></span> <span class='ocrx_word' id='word_1_502' title='bbox 3352 780 3612 833; x_wconf 84' lang='lat' dir='ltr'><strong>pauperes</strong></span> 
     </span>
    </p>
   </div>
   <div class='ocr_carea' id='block_1_67' title="bbox 2033 856 3610 926">
    <p class='ocr_par' dir='ltr' id='par_1_67' title="bbox 2033 856 3610 926">
     <span class='ocr_line' id='line_1_67' title="bbox 2033 856 3610 926; baseline 0.002 -16"><span class='ocrx_word' id='word_1_503' title='bbox 2033 856 2192 910; x_wconf 84' lang='lat' dir='ltr'><strong>sont?</strong></span> <span class='ocrx_word' id='word_1_504' title='bbox 2216 871 2311 912; x_wconf 91' lang='lat' dir='ltr'><strong>cur</strong></span> <span class='ocrx_word' id='word_1_505' title='bbox 2337 872 2464 926; x_wconf 88' lang='lat' dir='ltr'><strong>ergo</strong></span> <span class='ocrx_word' id='word_1_506' title='bbox 2494 856 2802 910; x_wconf 79' lang='lat' dir='ltr'><strong>turbantur&quot;</strong></span> <span class='ocrx_word' id='word_1_507' title='bbox 2835 856 2907 910; x_wconf 92' lang='lat' dir='ltr'><strong>De</strong></span> <span class='ocrx_word' id='word_1_508' title='bbox 2922 856 3203 922; x_wconf 88' lang='lat' dir='ltr'><strong>multorum</strong></span> <span class='ocrx_word' id='word_1_509' title='bbox 3223 856 3414 910; x_wconf 89' lang='lat' dir='ltr'><strong>amissa</strong></span> <span class='ocrx_word' id='word_1_510' title='bbox 3442 858 3610 913; x_wconf 83' lang='lat' dir='ltr'><strong>salute</strong></span> 
     </span>
    </p>
   </div>
   <div class='ocr_carea' id='block_1_68' title="bbox 2031 947 3610 1017">
    <p class='ocr_par' dir='ltr' id='par_1_68' title="bbox 2031 947 3610 1017">
     <span class='ocr_line' id='line_1_68' title="bbox 2031 947 3610 1017; baseline 0 -16"><span class='ocrx_word' id='word_1_511' title='bbox 2031 947 2296 1014; x_wconf 89' lang='lat' dir='ltr'><strong>dolentes,</strong></span> <span class='ocrx_word' id='word_1_512' title='bbox 2321 949 2410 1017; x_wconf 92' lang='lat' dir='ltr'><strong>qui</strong></span> <span class='ocrx_word' id='word_1_513' title='bbox 2441 962 2628 1016; x_wconf 83' lang='lat' dir='ltr'><strong>magna</strong></span> <span class='ocrx_word' id='word_1_514' title='bbox 2667 961 2791 1017; x_wconf 83' lang='lat' dir='ltr'><strong>erga</strong></span> <span class='ocrx_word' id='word_1_515' title='bbox 2821 961 3008 1001; x_wconf 90' lang='lat' dir='ltr'><strong>omnes</strong></span> <span class='ocrx_word' id='word_1_516' title='bbox 3033 948 3250 1001; x_wconf 90' lang='lat' dir='ltr'><strong>caritate</strong></span> <span class='ocrx_word' id='word_1_517' title='bbox 3276 948 3610 1015; x_wconf 85' lang='lat' dir='ltr'><strong>tenebantur,</strong></span> 
     </span>
    </p>
   </div>
   <div class='ocr_carea' id='block_1_69' title="bbox 2031 1037 3609 1109">
    <p class='ocr_par' dir='ltr' id='par_1_69' title="bbox 2031 1037 3609 1109">
     <span class='ocr_line' id='line_1_69' title="bbox 2031 1037 3609 1109; baseline 0 -16"><span class='ocrx_word' id='word_1_518' title='bbox 2031 1047 2086 1093; x_wconf 92' lang='lat' dir='ltr'><strong>et</strong></span> <span class='ocrx_word' id='word_1_519' title='bbox 2107 1037 2218 1108; x_wconf 89' lang='lat' dir='ltr'><strong>jam</strong></span> <span class='ocrx_word' id='word_1_520' title='bbox 2239 1039 2608 1108; x_wconf 88' lang='lat' dir='ltr'><strong>magistrorum</strong></span> <span class='ocrx_word' id='word_1_521' title='bbox 2628 1038 2830 1092; x_wconf 87' lang='lat' dir='ltr'><strong>viscera</strong></span> <span class='ocrx_word' id='word_1_522' title='bbox 2857 1038 3128 1107; x_wconf 83' lang='lat' dir='ltr'><strong>gerebant.</strong></span> <span class='ocrx_word' id='word_1_523' title='bbox 3155 1038 3436 1093; x_wconf 87' lang='lat' dir='ltr'><strong>Timebant</strong></span> <span class='ocrx_word' id='word_1_524' title='bbox 3457 1040 3609 1109; x_wconf 83' lang='lat' dir='ltr'><strong>igitur</strong></span> 
     </span>
    </p>
   </div>
   <div class='ocr_carea' id='block_1_70' title="bbox 2031 1129 3608 1198">
    <p class='ocr_par' dir='ltr' id='par_1_70' title="bbox 2031 1129 3608 1198">
     <span class='ocr_line' id='line_1_70' title="bbox 2031 1129 3608 1198; baseline 0.001 -14"><span class='ocrx_word' id='word_1_525' title='bbox 2031 1129 2432 1198; x_wconf 88' lang='lat' dir='ltr'><strong>tremebantquc</strong></span> <span class='ocrx_word' id='word_1_526' title='bbox 2458 1145 2552 1198; x_wconf 91' lang='lat' dir='ltr'><strong>pro</strong></span> <span class='ocrx_word' id='word_1_527' title='bbox 2581 1139 2690 1183; x_wconf 90' lang='lat' dir='ltr'><strong>toto</strong></span> <span class='ocrx_word' id='word_1_528' title='bbox 2719 1129 2868 1192; x_wconf 86' lang='lat' dir='ltr'><strong>orbe,</strong></span> <span class='ocrx_word' id='word_1_529' title='bbox 2901 1129 2988 1182; x_wconf 85' lang='lat' dir='ltr'><strong>tali</strong></span> <span class='ocrx_word' id='word_1_530' title='bbox 3034 1130 3295 1184; x_wconf 86' lang='lat' dir='ltr'><strong>sententia</strong></span> <span class='ocrx_word' id='word_1_531' title='bbox 3335 1132 3608 1194; x_wconf 87' lang='lat' dir='ltr'><strong>commoti,</strong></span> 
     </span>
    </p>
   </div>
   <div class='ocr_carea' id='block_1_71' title="bbox 2029 1219 3611 1289">
    <p class='ocr_par' dir='ltr' id='par_1_71' title="bbox 2029 1219 3611 1289">
     <span class='ocr_line' id='line_1_71' title="bbox 2029 1219 3611 1289; baseline -0.001 -14"><span class='ocrx_word' id='word_1_532' title='bbox 2029 1219 2102 1275; x_wconf 89' lang='lat' dir='ltr'><strong>ita</strong></span> <span class='ocrx_word' id='word_1_533' title='bbox 2133 1229 2190 1274; x_wconf 92' lang='lat' dir='ltr'><strong>ut</strong></span> <span class='ocrx_word' id='word_1_534' title='bbox 2213 1220 2374 1274; x_wconf 90' lang='lat' dir='ltr'><strong>multa</strong></span> <span class='ocrx_word' id='word_1_535' title='bbox 2405 1229 2622 1289; x_wconf 77' lang='lat' dir='ltr'><strong>egerent</strong></span> <span class='ocrx_word' id='word_1_536' title='bbox 2645 1220 3028 1274; x_wconf 88' lang='lat' dir='ltr'><strong>consolatione.</strong></span> <span class='ocrx_word' id='word_1_537' title='bbox 3057 1219 3168 1285; x_wconf 87' lang='lat' dir='ltr'><strong>Qua</strong></span> <span class='ocrx_word' id='word_1_538' title='bbox 3196 1219 3263 1272; x_wconf 84' lang='lat' dir='ltr'><strong>de</strong></span> <span class='ocrx_word' id='word_1_539' title='bbox 3287 1236 3446 1274; x_wconf 86' lang='lat' dir='ltr'><strong>causa</strong></span> <span class='ocrx_word' id='word_1_540' title='bbox 3469 1230 3611 1287; x_wconf 80' lang='lat' dir='ltr'><strong>post-</strong></span> 
     </span>
    </p>
   </div>
   <div class='ocr_carea' id='block_1_72' title="bbox 2029 1310 3610 1381">
    <p class='ocr_par' dir='ltr' id='par_1_72' title="bbox 2029 1310 3610 1381">
     <span class='ocr_line' id='line_1_72' title="bbox 2029 1310 3610 1381; baseline 0 -16"><span class='ocrx_word' id='word_1_541' title='bbox 2029 1325 2188 1380; x_wconf 89' lang='lat' dir='ltr'><strong>quam</strong></span> <span class='ocrx_word' id='word_1_542' title='bbox 2238 1310 2384 1381; x_wconf 90' lang='lat' dir='ltr'><strong>prins</strong></span> <span class='ocrx_word' id='word_1_543' title='bbox 2423 1311 2726 1380; x_wconf 81' lang='lat' dir='ltr'><strong>inspexerat</strong></span> <span class='ocrx_word' id='word_1_544' title='bbox 2775 1324 2885 1373; x_wconf 71' lang='lat' dir='ltr'><strong>eos,</strong></span> <span class='ocrx_word' id='word_1_545' title='bbox 2919 1310 3052 1363; x_wconf 88' lang='lat' dir='ltr'><strong>dixit</strong></span> <span class='ocrx_word' id='word_1_546' title='bbox 3080 1327 3094 1364; x_wconf 88' lang='lat'><strong>:</strong></span> <span class='ocrx_word' id='word_1_547' title='bbox 3128 1311 3253 1375; x_wconf 68' lang='lat' dir='ltr'><strong>Qum</strong></span> <span class='ocrx_word' id='word_1_548' title='bbox 3282 1310 3610 1381; x_wconf 83' lang='lat' dir='ltr'><strong>impossibilia</strong></span> 
     </span>
    </p>
   </div>
   <div class='ocr_carea' id='block_1_73' title="bbox 2027 1401 3608 1476">
    <p class='ocr_par' dir='ltr' id='par_1_73' title="bbox 2027 1401 3608 1476">
     <span class='ocr_line' id='line_1_73' title="bbox 2027 1401 3608 1476; baseline 0 -17"><span class='ocrx_word' id='word_1_549' title='bbox 2027 1412 2143 1459; x_wconf 79' lang='lat' dir='ltr'><strong>sunt</strong></span> <span class='ocrx_word' id='word_1_550' title='bbox 2171 1404 2308 1473; x_wconf 84' lang='lat' dir='ltr'><strong>apud</strong></span> <span class='ocrx_word' id='word_1_551' title='bbox 2350 1403 2594 1466; x_wconf 77' lang='lat' dir='ltr'><strong>licittines,</strong></span> <span class='ocrx_word' id='word_1_552' title='bbox 2636 1402 2895 1472; x_wconf 82' lang='lat' dir='ltr'><strong>possibilia</strong></span> <span class='ocrx_word' id='word_1_553' title='bbox 2923 1413 3040 1456; x_wconf 90' lang='lat' dir='ltr'><strong>sunt</strong></span> <span class='ocrx_word' id='word_1_554' title='bbox 3080 1403 3220 1473; x_wconf 89' lang='lat' dir='ltr'><strong>apud</strong></span> <span class='ocrx_word' id='word_1_555' title='bbox 3253 1401 3414 1456; x_wconf 85' lang='lat' dir='ltr'><strong>Deum</strong></span> <span class='ocrx_word' id='word_1_556' title='bbox 3443 1403 3462 1476; x_wconf 95' lang='lat'>(</span> <span class='ocrx_word' id='word_1_557' title='bbox 3481 1403 3608 1459; x_wconf 87' lang='lat' dir='ltr'><strong>Luc.</strong></span> 
     </span>
    </p>
   </div>
   <div class='ocr_carea' id='block_1_74' title="bbox 2031 1494 3602 1565">
    <p class='ocr_par' dir='ltr' id='par_1_74' title="bbox 2031 1494 3602 1565">
     <span class='ocr_line' id='line_1_74' title="bbox 2031 1494 3602 1565; baseline 0 -15"><span class='ocrx_word' id='word_1_558' title='bbox 2031 1496 2120 1550; x_wconf 76' lang='lat' dir='ltr'><strong>l8.</strong></span> <span class='ocrx_word' id='word_1_559' title='bbox 2145 1494 2257 1565; x_wconf 69' lang='lat'><strong>27).</strong></span> <span class='ocrx_word' id='word_1_560' title='bbox 2284 1494 2526 1549; x_wconf 87' lang='lat' dir='ltr'><strong>.lucundo</strong></span> <span class='ocrx_word' id='word_1_561' title='bbox 2550 1495 2692 1550; x_wconf 91' lang='lat' dir='ltr'><strong>enim</strong></span> <span class='ocrx_word' id='word_1_562' title='bbox 2721 1510 2784 1548; x_wconf 91' lang='lat' dir='ltr'><strong>ac</strong></span> <span class='ocrx_word' id='word_1_563' title='bbox 2803 1505 3078 1549; x_wconf 89' lang='lat' dir='ltr'><strong>mansueto</strong></span> <span class='ocrx_word' id='word_1_564' title='bbox 3101 1506 3317 1564; x_wconf 88' lang='lat' dir='ltr'><strong>aspectu</strong></span> <span class='ocrx_word' id='word_1_565' title='bbox 3343 1497 3461 1549; x_wconf 90' lang='lat' dir='ltr'><strong>illos</strong></span> <span class='ocrx_word' id='word_1_566' title='bbox 3488 1498 3602 1550; x_wconf 91' lang='lat' dir='ltr'><strong>hor-</strong></span> 
     </span>
    </p>
   </div>
   <div class='ocr_carea' id='block_1_75' title="bbox 2028 1587 3607 1657">
    <p class='ocr_par' dir='ltr' id='par_1_75' title="bbox 2028 1587 3607 1657">
     <span class='ocr_line' id='line_1_75' title="bbox 2028 1587 3607 1657; baseline 0.002 -17"><span class='ocrx_word' id='word_1_567' title='bbox 2028 1601 2153 1642; x_wconf 90' lang='lat' dir='ltr'><strong>rore</strong></span> <span class='ocrx_word' id='word_1_568' title='bbox 2195 1587 2358 1640; x_wconf 90' lang='lat' dir='ltr'><strong>animi</strong></span> <span class='ocrx_word' id='word_1_569' title='bbox 2405 1596 2590 1656; x_wconf 88' lang='lat' dir='ltr'><strong>captos</strong></span> <span class='ocrx_word' id='word_1_570' title='bbox 2639 1587 2784 1656; x_wconf 91' lang='lat' dir='ltr'><strong>prius</strong></span> <span class='ocrx_word' id='word_1_571' title='bbox 2821 1587 3145 1649; x_wconf 84' lang='lat' dir='ltr'><strong>consolatus,</strong></span> <span class='ocrx_word' id='word_1_572' title='bbox 3173 1596 3229 1641; x_wconf 90' lang='lat' dir='ltr'><strong>et</strong></span> <span class='ocrx_word' id='word_1_573' title='bbox 3254 1588 3494 1657; x_wconf 82' lang='lat' dir='ltr'><strong>angustia</strong></span> <span class='ocrx_word' id='word_1_574' title='bbox 3523 1590 3607 1643; x_wconf 89' lang='lat' dir='ltr'><strong>illa</strong></span> 
     </span>
    </p>
   </div>
   <div class='ocr_carea' id='block_1_76' title="bbox 2029 1676 3608 1747">
    <p class='ocr_par' dir='ltr' id='par_1_76' title="bbox 2029 1676 3608 1747">
     <span class='ocr_line' id='line_1_76' title="bbox 2029 1676 3608 1747; baseline 0.002 -17"><span class='ocrx_word' id='word_1_575' title='bbox 2029 1676 2202 1731; x_wconf 88' lang='lat' dir='ltr'><strong>soluta</strong></span> <span class='ocrx_word' id='word_1_576' title='bbox 2254 1677 2405 1747; x_wconf 88' lang='lat' dir='ltr'><strong>(hoc</strong></span> <span class='ocrx_word' id='word_1_577' title='bbox 2460 1677 2604 1732; x_wconf 90' lang='lat' dir='ltr'><strong>enim</strong></span> <span class='ocrx_word' id='word_1_578' title='bbox 2650 1677 2964 1746; x_wconf 82' lang='lat' dir='ltr'><strong>significavit</strong></span> <span class='ocrx_word' id='word_1_579' title='bbox 3024 1679 3345 1747; x_wconf 81' lang='lat' dir='ltr'><strong>evangelista</strong></span> <span class='ocrx_word' id='word_1_580' title='bbox 3401 1679 3608 1744; x_wconf 87' lang='lat' dir='ltr'><strong>dicens,</strong></span> 
     </span>
    </p>
   </div>
   <div class='ocr_carea' id='block_1_77' title="bbox 2030 1765 3607 1839">
    <p class='ocr_par' dir='ltr' id='par_1_77' title="bbox 2030 1765 3607 1839">
     <span class='ocr_line' id='line_1_77' title="bbox 2030 1765 3607 1839; baseline 0.002 -19"><span class='ocrx_word' id='word_1_581' title='bbox 2030 1765 2321 1836; x_wconf 80' lang='lat' dir='ltr'><strong>Respiciens</strong></span> <span class='ocrx_word' id='word_1_582' title='bbox 2337 1765 2380 1839; x_wconf 86' lang='lat'><strong>),</strong></span> <span class='ocrx_word' id='word_1_583' title='bbox 2433 1776 2556 1822; x_wconf 91' lang='lat' dir='ltr'><strong>tunc</strong></span> <span class='ocrx_word' id='word_1_584' title='bbox 2597 1767 2774 1821; x_wconf 92' lang='lat' dir='ltr'><strong>verbis</strong></span> <span class='ocrx_word' id='word_1_585' title='bbox 2813 1767 2932 1821; x_wconf 88' lang='lat' dir='ltr'><strong>illos</strong></span> <span class='ocrx_word' id='word_1_586' title='bbox 2979 1768 3150 1836; x_wconf 84' lang='lat' dir='ltr'><strong>erigit,</strong></span> <span class='ocrx_word' id='word_1_587' title='bbox 3197 1768 3289 1822; x_wconf 92' lang='lat' dir='ltr'><strong>Dei</strong></span> <span class='ocrx_word' id='word_1_588' title='bbox 3319 1770 3607 1837; x_wconf 88' lang='lat' dir='ltr'><strong>potentiam</strong></span> 
     </span>
    </p>
   </div>
   <div class='ocr_carea' id='block_1_78' title="bbox 2031 1859 3610 1925">
    <p class='ocr_par' dir='ltr' id='par_1_78' title="bbox 2031 1859 3610 1925">
     <span class='ocr_line' id='line_1_78' title="bbox 2031 1859 3610 1925; baseline 0.003 -13"><span class='ocrx_word' id='word_1_589' title='bbox 2031 1859 2082 1912; x_wconf 91' lang='lat' dir='ltr'><strong>iu</strong></span> <span class='ocrx_word' id='word_1_590' title='bbox 2113 1859 2344 1914; x_wconf 91' lang='lat' dir='ltr'><strong>medium</strong></span> <span class='ocrx_word' id='word_1_591' title='bbox 2372 1859 2663 1925; x_wconf 88' lang='lat' dir='ltr'><strong>adducens,</strong></span> <span class='ocrx_word' id='word_1_592' title='bbox 2693 1869 2748 1914; x_wconf 91' lang='lat' dir='ltr'><strong>et</strong></span> <span class='ocrx_word' id='word_1_593' title='bbox 2767 1860 2844 1916; x_wconf 88' lang='lat' dir='ltr'><strong>sic</strong></span> <span class='ocrx_word' id='word_1_594' title='bbox 2870 1859 3114 1914; x_wconf 90' lang='lat' dir='ltr'><strong>fiduciam</strong></span> <span class='ocrx_word' id='word_1_595' title='bbox 3145 1861 3353 1914; x_wconf 91' lang='lat' dir='ltr'><strong>indidit.</strong></span> <span class='ocrx_word' id='word_1_596' title='bbox 3393 1863 3447 1916; x_wconf 91' lang='lat' dir='ltr'><strong>Si</strong></span> <span class='ocrx_word' id='word_1_597' title='bbox 3483 1863 3610 1918; x_wconf 84' lang='lat' dir='ltr'><strong>velis</strong></span> 
     </span>
    </p>
   </div>
   <div class='ocr_carea' id='block_1_79' title="bbox 2028 1950 3608 2024">
    <p class='ocr_par' dir='ltr' id='par_1_79' title="bbox 2028 1950 3608 2024">
     <span class='ocr_line' id='line_1_79' title="bbox 2028 1950 3608 2024; baseline 0.004 -21"><span class='ocrx_word' id='word_1_598' title='bbox 2028 1959 2205 2005; x_wconf 90' lang='lat' dir='ltr'><strong>autem</strong></span> <span class='ocrx_word' id='word_1_599' title='bbox 2236 1951 2453 2006; x_wconf 89' lang='lat' dir='ltr'><strong>modum</strong></span> <span class='ocrx_word' id='word_1_600' title='bbox 2482 1966 2693 2022; x_wconf 90' lang='lat' dir='ltr'><strong>quoque</strong></span> <span class='ocrx_word' id='word_1_601' title='bbox 2715 1950 2974 2017; x_wconf 82' lang='lat' dir='ltr'><strong>ediscere,</strong></span> <span class='ocrx_word' id='word_1_602' title='bbox 3005 1961 3058 2006; x_wconf 91' lang='lat' dir='ltr'><strong>ct</strong></span> <span class='ocrx_word' id='word_1_603' title='bbox 3078 1967 3183 2022; x_wconf 89' lang='lat' dir='ltr'><strong>quo</strong></span> <span class='ocrx_word' id='word_1_604' title='bbox 3202 1963 3353 2021; x_wconf 87' lang='lat' dir='ltr'><strong>pacto</strong></span> <span class='ocrx_word' id='word_1_605' title='bbox 3379 1953 3450 2020; x_wconf 91' lang='lat' dir='ltr'><strong>id,</strong></span> <span class='ocrx_word' id='word_1_606' title='bbox 3470 1956 3608 2024; x_wconf 90' lang='lat' dir='ltr'><strong>quod</strong></span> 
     </span>
    </p>
   </div>
   <div class='ocr_carea' id='block_1_80' title="bbox 2030 2041 3610 2112">
    <p class='ocr_par' dir='ltr' id='par_1_80' title="bbox 2030 2041 3610 2112">
     <span class='ocr_line' id='line_1_80' title="bbox 2030 2041 3610 2112; baseline 0.003 -16"><span class='ocrx_word' id='word_1_607' title='bbox 2030 2041 2357 2112; x_wconf 89' lang='lat' dir='ltr'><strong>impossibile</strong></span> <span class='ocrx_word' id='word_1_608' title='bbox 2393 2050 2496 2109; x_wconf 86' lang='lat' dir='ltr'><strong>est,</strong></span> <span class='ocrx_word' id='word_1_609' title='bbox 2527 2043 2778 2112; x_wconf 89' lang='lat' dir='ltr'><strong>possibile</strong></span> <span class='ocrx_word' id='word_1_610' title='bbox 2811 2043 2919 2106; x_wconf 89' lang='lat' dir='ltr'><strong>fiat,</strong></span> <span class='ocrx_word' id='word_1_611' title='bbox 2967 2043 3112 2097; x_wconf 91' lang='lat' dir='ltr'><strong>audi.</strong></span> <span class='ocrx_word' id='word_1_612' title='bbox 3175 2043 3288 2098; x_wconf 85' lang='lat' dir='ltr'><strong>Non</strong></span> <span class='ocrx_word' id='word_1_613' title='bbox 3316 2051 3459 2100; x_wconf 76' lang='lat' dir='ltr'><strong>enim</strong></span> <span class='ocrx_word' id='word_1_614' title='bbox 3491 2047 3610 2102; x_wconf 90' lang='lat' dir='ltr'><strong>ideo</strong></span> 
     </span>
    </p>
   </div>
   <div class='ocr_carea' id='block_1_81' title="bbox 2017 2133 3608 2210">
    <p class='ocr_par' dir='ltr' id='par_1_81' title="bbox 2017 2133 3608 2210">
     <span class='ocr_line' id='line_1_81' title="bbox 2017 2133 3608 2210; baseline 0.006 -23"><span class='ocrx_word' id='word_1_615' title='bbox 2017 2133 2182 2210; x_wconf 78' lang='lat' dir='ltr'><strong>dixit,</strong></span> <span class='ocrx_word' id='word_1_616' title='bbox 2233 2151 2350 2205; x_wconf 65' lang='lat' dir='ltr'><strong>quas</strong></span> <span class='ocrx_word' id='word_1_617' title='bbox 2394 2135 2737 2206; x_wconf 89' lang='lat' dir='ltr'><strong>impossibilia</strong></span> <span class='ocrx_word' id='word_1_618' title='bbox 2780 2144 2902 2190; x_wconf 90' lang='lat' dir='ltr'><strong>sunt</strong></span> <span class='ocrx_word' id='word_1_619' title='bbox 2951 2136 3292 2205; x_wconf 90' lang='lat' dir='ltr'><strong>hominibus,</strong></span> <span class='ocrx_word' id='word_1_620' title='bbox 3339 2141 3608 2210; x_wconf 87' lang='lat' dir='ltr'><strong>possibilia</strong></span> 
     </span>
    </p>
   </div>
   <div class='ocr_carea' id='block_1_82' title="bbox 2021 2218 3610 2302">
    <p class='ocr_par' dir='ltr' id='par_1_82' title="bbox 2021 2218 3610 2302">
     <span class='ocr_line' id='line_1_82' title="bbox 2021 2218 3610 2302; baseline 0.006 -24"><span class='ocrx_word' id='word_1_621' title='bbox 2021 2218 2148 2280; x_wconf 85' lang='lat' dir='ltr'><strong>&#39;esse</strong></span> <span class='ocrx_word' id='word_1_622' title='bbox 2177 2225 2307 2293; x_wconf 92' lang='lat' dir='ltr'><strong>Deo,</strong></span> <span class='ocrx_word' id='word_1_623' title='bbox 2340 2236 2396 2281; x_wconf 94' lang='lat' dir='ltr'><strong>ut</strong></span> <span class='ocrx_word' id='word_1_624' title='bbox 2425 2227 2605 2282; x_wconf 91' lang='lat' dir='ltr'><strong>animo</strong></span> <span class='ocrx_word' id='word_1_625' title='bbox 2629 2227 2898 2292; x_wconf 89' lang='lat' dir='ltr'><strong>concidas,</strong></span> <span class='ocrx_word' id='word_1_626' title='bbox 2928 2238 2980 2282; x_wconf 91' lang='lat' dir='ltr'><strong>et</strong></span> <span class='ocrx_word' id='word_1_627' title='bbox 3005 2229 3073 2281; x_wconf 90' lang='lat' dir='ltr'><strong>ab</strong></span> <span class='ocrx_word' id='word_1_628' title='bbox 3103 2228 3166 2282; x_wconf 88' lang='lat' dir='ltr'><strong>iis</strong></span> <span class='ocrx_word' id='word_1_629' title='bbox 3189 2231 3336 2300; x_wconf 90' lang='lat' dir='ltr'><strong>quasi</strong></span> <span class='ocrx_word' id='word_1_630' title='bbox 3364 2231 3610 2302; x_wconf 79' lang='grc' dir='ltr'><strong>ἰηιροεεί-</strong></span> 
     </span>
    </p>
   </div>
   <div class='ocr_carea' id='block_1_83' title="bbox 2028 2315 3609 2395">
    <p class='ocr_par' dir='ltr' id='par_1_83' title="bbox 2028 2315 3609 2395">
     <span class='ocr_line' id='line_1_83' title="bbox 2028 2315 3609 2395; baseline 0.006 -24"><span class='ocrx_word' id='word_1_631' title='bbox 2028 2315 2222 2373; x_wconf 90' lang='lat' dir='ltr'><strong>bilibus</strong></span> <span class='ocrx_word' id='word_1_632' title='bbox 2260 2319 2506 2386; x_wconf 89' lang='lat' dir='ltr'><strong>ahsistas,</strong></span> <span class='ocrx_word' id='word_1_633' title='bbox 2550 2319 2644 2374; x_wconf 87' lang='lat' dir='ltr'><strong>sed</strong></span> <span class='ocrx_word' id='word_1_634' title='bbox 2683 2328 2740 2374; x_wconf 86' lang='lat' dir='ltr'><strong>ut</strong></span> <span class='ocrx_word' id='word_1_635' title='bbox 2769 2320 3032 2375; x_wconf 90' lang='lat' dir='ltr'><strong>intellecta</strong></span> <span class='ocrx_word' id='word_1_636' title='bbox 3067 2321 3315 2376; x_wconf 84' lang='lat' dir='ltr'><strong>facinoris</strong></span> <span class='ocrx_word' id='word_1_637' title='bbox 3343 2326 3609 2395; x_wconf 83' lang='lat' dir='ltr'><strong>magnitu-</strong></span> 
     </span>
    </p>
   </div>
   <div class='ocr_carea' id='block_1_84' title="bbox 2027 2406 3608 2482">
    <p class='ocr_par' dir='ltr' id='par_1_84' title="bbox 2027 2406 3608 2482">
     <span class='ocr_line' id='line_1_84' title="bbox 2027 2406 3608 2482; baseline 0.008 -23"><span class='ocrx_word' id='word_1_638' title='bbox 2027 2406 2172 2472; x_wconf 89' lang='lat' dir='ltr'><strong>dine,</strong></span> <span class='ocrx_word' id='word_1_639' title='bbox 2215 2407 2422 2464; x_wconf 88' lang='lat' dir='ltr'><strong>facilius</strong></span> <span class='ocrx_word' id='word_1_640' title='bbox 2463 2425 2576 2482; x_wconf 85' lang='lat' dir='ltr'><strong>rem</strong></span> <span class='ocrx_word' id='word_1_641' title='bbox 2622 2410 2980 2480; x_wconf 83' lang='lat' dir='ltr'><strong>aggrediaris,</strong></span> <span class='ocrx_word' id='word_1_642' title='bbox 3023 2420 3078 2466; x_wconf 93' lang='lat' dir='ltr'><strong>et</strong></span> <span class='ocrx_word' id='word_1_643' title='bbox 3118 2412 3364 2468; x_wconf 88' lang='lat' dir='ltr'><strong>invocato</strong></span> <span class='ocrx_word' id='word_1_644' title='bbox 3414 2416 3522 2470; x_wconf 83' lang='lat' dir='ltr'><strong>Deo</strong></span> <span class='ocrx_word' id='word_1_645' title='bbox 3551 2427 3608 2472; x_wconf 90' lang='lat' dir='ltr'><strong>ut</strong></span> 
     </span>
    </p>
   </div>
   <div class='ocr_carea' id='block_1_85' title="bbox 2028 2498 3616 2574">
    <p class='ocr_par' dir='ltr' id='par_1_85' title="bbox 2028 2498 3616 2574">
     <span class='ocr_line' id='line_1_85' title="bbox 2028 2498 3616 2574; baseline 0.006 -23"><span class='ocrx_word' id='word_1_646' title='bbox 2028 2511 2185 2566; x_wconf 88' lang='lat' dir='ltr'><strong>opem</strong></span> <span class='ocrx_word' id='word_1_647' title='bbox 2219 2499 2319 2553; x_wconf 88' lang='lat' dir='ltr'><strong>tibi</strong></span> <span class='ocrx_word' id='word_1_648' title='bbox 2347 2499 2400 2552; x_wconf 92' lang='lat' dir='ltr'><strong>in</strong></span> <span class='ocrx_word' id='word_1_649' title='bbox 2431 2498 2518 2554; x_wconf 90' lang='lat' dir='ltr'><strong>his</strong></span> <span class='ocrx_word' id='word_1_650' title='bbox 2547 2498 2792 2567; x_wconf 88' lang='lat' dir='ltr'><strong>pulchris</strong></span> <span class='ocrx_word' id='word_1_651' title='bbox 2833 2501 3229 2560; x_wconf 86' lang='lat' dir='ltr'><strong>certaminibus</strong></span> <span class='ocrx_word' id='word_1_652' title='bbox 3258 2515 3499 2574; x_wconf 69' lang='lat' dir='ltr'><strong>praestet,</strong></span> <span class='ocrx_word' id='word_1_653' title='bbox 3529 2506 3616 2561; x_wconf 78' lang='lat' dir='ltr'><strong>vi-</strong></span> 
     </span>
    </p>
   </div>
   <div class='ocr_carea' id='block_1_86' title="bbox 2026 2592 2554 2660">
    <p class='ocr_par' dir='ltr' id='par_1_86' title="bbox 2026 2592 2554 2660">
     <span class='ocr_line' id='line_1_86' title="bbox 2026 2592 2554 2660; baseline 0.002 -16"><span class='ocrx_word' id='word_1_654' title='bbox 2026 2599 2138 2644; x_wconf 91' lang='lat' dir='ltr'><strong>tam</strong></span> <span class='ocrx_word' id='word_1_655' title='bbox 2169 2592 2554 2660; x_wconf 88' lang='lat' dir='ltr'><strong>consequaris.</strong></span> 
     </span>
    </p>
   </div>
   <div class='ocr_carea' id='block_1_87' title="bbox 2099 2679 3604 2758">
    <p class='ocr_par' dir='ltr' id='par_1_87' title="bbox 2099 2679 3604 2758">
     <span class='ocr_line' id='line_1_87' title="bbox 2099 2679 3604 2758; baseline 0.007 -25"><span class='ocrx_word' id='word_1_656' title='bbox 2099 2679 2154 2733; x_wconf 81' lang='grc'><strong>5.</strong></span> <span class='ocrx_word' id='word_1_657' title='bbox 2192 2679 2471 2746; x_wconf 86' lang='lat' dir='ltr'><strong>Quomodo</strong></span> <span class='ocrx_word' id='word_1_658' title='bbox 2499 2679 2656 2749; x_wconf 85' lang='lat' dir='ltr'><strong>igitur</strong></span> <span class='ocrx_word' id='word_1_659' title='bbox 2685 2680 2734 2734; x_wconf 93' lang='lat' dir='ltr'><strong>id</strong></span> <span class='ocrx_word' id='word_1_660' title='bbox 2767 2681 2879 2736; x_wconf 86' lang='lat' dir='ltr'><strong>fieri</strong></span> <span class='ocrx_word' id='word_1_661' title='bbox 2905 2683 3108 2750; x_wconf 65' lang='lat' dir='ltr'><strong>possit?</strong></span> <span class='ocrx_word' id='word_1_662' title='bbox 3135 2684 3189 2738; x_wconf 93' lang='lat' dir='ltr'><strong>Si</strong></span> <span class='ocrx_word' id='word_1_663' title='bbox 3215 2700 3346 2755; x_wconf 90' lang='lat' dir='ltr'><strong>opes</strong></span> <span class='ocrx_word' id='word_1_664' title='bbox 3365 2686 3604 2758; x_wconf 85' lang='lat' dir='ltr'><strong>abjicias,</strong></span> 
     </span>
    </p>
   </div>
   <div class='ocr_carea' id='block_1_88' title="bbox 2027 2770 3606 2846">
    <p class='ocr_par' dir='ltr' id='par_1_88' title="bbox 2027 2770 3606 2846">
     <span class='ocr_line' id='line_1_88' title="bbox 2027 2770 3606 2846; baseline 0.008 -22"><span class='ocrx_word' id='word_1_665' title='bbox 2027 2770 2070 2824; x_wconf 91' lang='lat' dir='ltr'><strong>si</strong></span> <span class='ocrx_word' id='word_1_666' title='bbox 2099 2771 2349 2838; x_wconf 80' lang='lat' dir='ltr'><strong>pecmiias</strong></span> <span class='ocrx_word' id='word_1_667' title='bbox 2373 2786 2614 2837; x_wconf 86' lang='lat' dir='ltr'><strong>evacues,</strong></span> <span class='ocrx_word' id='word_1_668' title='bbox 2659 2772 2702 2826; x_wconf 93' lang='lat' dir='ltr'><strong>si</strong></span> <span class='ocrx_word' id='word_1_669' title='bbox 2730 2789 2757 2824; x_wconf 91' lang='lat' dir='ltr'><strong>a</strong></span> <span class='ocrx_word' id='word_1_670' title='bbox 2784 2775 2920 2828; x_wconf 90' lang='lat' dir='ltr'><strong>mala</strong></span> <span class='ocrx_word' id='word_1_671' title='bbox 2960 2778 3385 2846; x_wconf 88' lang='lat' dir='ltr'><strong>concupiscentia</strong></span> <span class='ocrx_word' id='word_1_672' title='bbox 3415 2782 3606 2838; x_wconf 89' lang='lat' dir='ltr'><strong>absce-</strong></span> 
     </span>
    </p>
   </div>
   <div class='ocr_carea' id='block_1_89' title="bbox 2027 2862 3606 2935">
    <p class='ocr_par' dir='ltr' id='par_1_89' title="bbox 2027 2862 3606 2935">
     <span class='ocr_line' id='line_1_89' title="bbox 2027 2862 3606 2935; baseline 0.01 -19"><span class='ocrx_word' id='word_1_673' title='bbox 2027 2862 2141 2916; x_wconf 85' lang='lat' dir='ltr'><strong>das.</strong></span> <span class='ocrx_word' id='word_1_674' title='bbox 2180 2864 2332 2929; x_wconf 79' lang='lat' dir='ltr'><strong>Quod</strong></span> <span class='ocrx_word' id='word_1_675' title='bbox 2374 2866 2514 2919; x_wconf 88' lang='lat' dir='ltr'><strong>enim</strong></span> <span class='ocrx_word' id='word_1_676' title='bbox 2561 2865 2610 2918; x_wconf 90' lang='lat' dir='ltr'><strong>id</strong></span> <span class='ocrx_word' id='word_1_677' title='bbox 2651 2880 2754 2920; x_wconf 90' lang='lat' dir='ltr'><strong>non</strong></span> <span class='ocrx_word' id='word_1_678' title='bbox 2796 2868 2895 2920; x_wconf 89' lang='lat' dir='ltr'><strong>soli</strong></span> <span class='ocrx_word' id='word_1_679' title='bbox 2925 2868 3034 2923; x_wconf 91' lang='lat' dir='ltr'><strong>Deo</strong></span> <span class='ocrx_word' id='word_1_680' title='bbox 3078 2872 3356 2935; x_wconf 88' lang='lat' dir='ltr'><strong>tribuatur,</strong></span> <span class='ocrx_word' id='word_1_681' title='bbox 3385 2875 3476 2928; x_wconf 88' lang='lat' dir='ltr'><strong>sed</strong></span> <span class='ocrx_word' id='word_1_682' title='bbox 3505 2875 3606 2932; x_wconf 84' lang='lat' dir='ltr'><strong>hoc</strong></span> 
     </span>
    </p>
   </div>
   <div class='ocr_carea' id='block_1_90' title="bbox 2026 2954 3604 3032">
    <p class='ocr_par' dir='ltr' id='par_1_90' title="bbox 2026 2954 3604 3032">
     <span class='ocr_line' id='line_1_90' title="bbox 2026 2954 3604 3032; baseline 0.011 -24"><span class='ocrx_word' id='word_1_683' title='bbox 2026 2954 2148 3010; x_wconf 93' lang='lat' dir='ltr'><strong>ideo</strong></span> <span class='ocrx_word' id='word_1_684' title='bbox 2167 2955 2378 3021; x_wconf 82' lang='lat' dir='ltr'><strong>dixerit,</strong></span> <span class='ocrx_word' id='word_1_685' title='bbox 2407 2967 2465 3011; x_wconf 93' lang='lat' dir='ltr'><strong>ut</strong></span> <span class='ocrx_word' id='word_1_686' title='bbox 2500 2959 2574 3012; x_wconf 90' lang='lat' dir='ltr'><strong>rei</strong></span> <span class='ocrx_word' id='word_1_687' title='bbox 2617 2959 2984 3016; x_wconf 85' lang='lat' dir='ltr'><strong>difficultatem</strong></span> <span class='ocrx_word' id='word_1_688' title='bbox 3027 2966 3364 3032; x_wconf 73' lang='lat' dir='ltr'><strong>exprimeret,</strong></span> <span class='ocrx_word' id='word_1_689' title='bbox 3396 2968 3517 3023; x_wconf 89' lang='lat' dir='ltr'><strong>audi</strong></span> <span class='ocrx_word' id='word_1_690' title='bbox 3541 2984 3604 3026; x_wconf 89' lang='lat' dir='ltr'><strong>ea</strong></span> 
     </span>
    </p>
   </div>
   <div class='ocr_carea' id='block_1_91' title="bbox 2025 3049 3606 3122">
    <p class='ocr_par' dir='ltr' id='par_1_91' title="bbox 2025 3049 3606 3122">
     <span class='ocr_line' id='line_1_91' title="bbox 2025 3049 3606 3122; baseline 0.011 -25"><span class='ocrx_word' id='word_1_691' title='bbox 2025 3062 2144 3116; x_wconf 74' lang='lat' dir='ltr'><strong>quia:</strong></span> <span class='ocrx_word' id='word_1_692' title='bbox 2168 3057 2478 3116; x_wconf 82' lang='lat' dir='ltr'><strong>sequuntur.</strong></span> <span class='ocrx_word' id='word_1_693' title='bbox 2509 3049 2668 3105; x_wconf 87' lang='lat' dir='ltr'><strong>Petro</strong></span> <span class='ocrx_word' id='word_1_694' title='bbox 2712 3068 2941 3122; x_wconf 90' lang='lat' dir='ltr'><strong>namque</strong></span> <span class='ocrx_word' id='word_1_695' title='bbox 2967 3053 3196 3116; x_wconf 86' lang='lat' dir='ltr'><strong>dicente,</strong></span> <span class='ocrx_word' id='word_1_696' title='bbox 3237 3057 3326 3110; x_wconf 76' lang='lat'><strong>9.7.</strong></span> <span class='ocrx_word' id='word_1_697' title='bbox 3357 3057 3486 3112; x_wconf 80' lang='lat' dir='ltr'><strong>Ecce</strong></span> <span class='ocrx_word' id='word_1_698' title='bbox 3514 3076 3606 3115; x_wconf 87' lang='lat' dir='ltr'><strong>nos</strong></span> 
     </span>
    </p>
   </div>
   <div class='ocr_carea' id='block_1_92' title="bbox 2027 3139 3604 3222">
    <p class='ocr_par' dir='ltr' id='par_1_92' title="bbox 2027 3139 3604 3222">
     <span class='ocr_line' id='line_1_92' title="bbox 2027 3139 3604 3222; baseline 0.01 -30"><span class='ocrx_word' id='word_1_699' title='bbox 2027 3139 2320 3208; x_wconf 81' lang='lat' dir='ltr'><strong>reliquimus</strong></span> <span class='ocrx_word' id='word_1_700' title='bbox 2345 3143 2536 3207; x_wconf 87' lang='lat' dir='ltr'><strong>omnia,</strong></span> <span class='ocrx_word' id='word_1_701' title='bbox 2583 3153 2630 3196; x_wconf 89' lang='lat' dir='ltr'><strong>et</strong></span> <span class='ocrx_word' id='word_1_702' title='bbox 2653 3145 2848 3214; x_wconf 85' lang='lat' dir='ltr'><strong>sequuti</strong></span> <span class='ocrx_word' id='word_1_703' title='bbox 2862 3163 3034 3200; x_wconf 84' lang='lat' dir='ltr'><strong>sumus</strong></span> <span class='ocrx_word' id='word_1_704' title='bbox 3051 3157 3115 3210; x_wconf 92' lang='lat' dir='ltr'><strong>te,</strong></span> <span class='ocrx_word' id='word_1_705' title='bbox 3143 3157 3196 3203; x_wconf 89' lang='lat' dir='ltr'><strong>et</strong></span> <span class='ocrx_word' id='word_1_706' title='bbox 3221 3149 3604 3222; x_wconf 83' lang='lat' dir='ltr'><strong>interrogante,</strong></span> 
     </span>
    </p>
   </div>
   <div class='ocr_carea' id='block_1_93' title="bbox 2027 3233 3605 3315">
    <p class='ocr_par' dir='ltr' id='par_1_93' title="bbox 2027 3233 3605 3315">
     <span class='ocr_line' id='line_1_93' title="bbox 2027 3233 3605 3315; baseline 0.009 -29"><span class='ocrx_word' id='word_1_707' title='bbox 2027 3233 2165 3299; x_wconf 79' lang='lat' dir='ltr'><strong>Quid</strong></span> <span class='ocrx_word' id='word_1_708' title='bbox 2188 3250 2307 3305; x_wconf 83' lang='lat' dir='ltr'><strong>ergo</strong></span> <span class='ocrx_word' id='word_1_709' title='bbox 2335 3236 2428 3289; x_wconf 89' lang='lat' dir='ltr'><strong>erit</strong></span> <span class='ocrx_word' id='word_1_710' title='bbox 2451 3237 2592 3292; x_wconf 87' lang='lat' dir='ltr'><strong>nobis</strong></span> <span class='ocrx_word' id='word_1_711' title='bbox 2610 3237 2636 3291; x_wconf 86' lang='lat'><strong><em>?</em></strong></span> <span class='ocrx_word' id='word_1_712' title='bbox 2660 3238 2960 3294; x_wconf 88' lang='lat' dir='ltr'><strong>mercedem</strong></span> <span class='ocrx_word' id='word_1_713' title='bbox 2991 3240 3092 3294; x_wconf 92' lang='lat' dir='ltr'><strong>illis</strong></span> <span class='ocrx_word' id='word_1_714' title='bbox 3113 3251 3370 3304; x_wconf 88' lang='lat' dir='ltr'><strong>statuens.</strong></span> <span class='ocrx_word' id='word_1_715' title='bbox 3393 3245 3605 3315; x_wconf 83' lang='lat' dir='ltr'><strong>subjun-</strong></span> 
     </span>
    </p>
   </div>
   <div class='ocr_carea' id='block_1_94' title="bbox 2025 3326 3604 3407">
    <p class='ocr_par' dir='ltr' id='par_1_94' title="bbox 2025 3326 3604 3407">
     <span class='ocr_line' id='line_1_94' title="bbox 2025 3326 3604 3407; baseline 0.008 -26"><span class='ocrx_word' id='word_1_716' title='bbox 2025 3328 2100 3382; x_wconf 82' lang='lat' dir='ltr'><strong>xit</strong></span> <span class='ocrx_word' id='word_1_717' title='bbox 2128 3345 2141 3380; x_wconf 90' lang='lat'><strong>:</strong></span> <span class='ocrx_word' id='word_1_718' title='bbox 2171 3326 2261 3382; x_wconf 71' lang='grc'><strong>29.</strong></span> <span class='ocrx_word' id='word_1_719' title='bbox 2305 3327 2369 3381; x_wconf 85' lang='lat' dir='ltr'><strong>Et</strong></span> <span class='ocrx_word' id='word_1_720' title='bbox 2396 3330 2696 3402; x_wconf 86' lang='lat' dir='ltr'><strong>quicumque</strong></span> <span class='ocrx_word' id='word_1_721' title='bbox 2727 3333 2981 3400; x_wconf 87' lang='lat' dir='ltr'><strong>reliquerit</strong></span> <span class='ocrx_word' id='word_1_722' title='bbox 3011 3334 3213 3388; x_wconf 89' lang='lat' dir='ltr'><strong>domum</strong></span> <span class='ocrx_word' id='word_1_723' title='bbox 3235 3336 3312 3390; x_wconf 80' lang='lat' dir='ltr'><strong>vel</strong></span> <span class='ocrx_word' id='word_1_724' title='bbox 3336 3353 3504 3407; x_wconf 80' lang='lat' dir='ltr'><strong>agros,</strong></span> <span class='ocrx_word' id='word_1_725' title='bbox 3529 3341 3604 3393; x_wconf 83' lang='lat' dir='ltr'><strong>vel</strong></span> 
     </span>
    </p>
   </div>
   <div class='ocr_carea' id='block_1_95' title="bbox 2023 3420 3604 3500">
    <p class='ocr_par' dir='ltr' id='par_1_95' title="bbox 2023 3420 3604 3500">
     <span class='ocr_line' id='line_1_95' title="bbox 2023 3420 3604 3500; baseline 0.008 -29"><span class='ocrx_word' id='word_1_726' title='bbox 2023 3422 2224 3488; x_wconf 78' lang='lat' dir='ltr'><strong>fratres,</strong></span> <span class='ocrx_word' id='word_1_727' title='bbox 2255 3421 2331 3474; x_wconf 80' lang='lat' dir='ltr'><strong>uel</strong></span> <span class='ocrx_word' id='word_1_728' title='bbox 2358 3437 2571 3486; x_wconf 84' lang='lat' dir='ltr'><strong>sorores,</strong></span> <span class='ocrx_word' id='word_1_729' title='bbox 2604 3420 2681 3476; x_wconf 82' lang='lat' dir='ltr'><strong>vel</strong></span> <span class='ocrx_word' id='word_1_730' title='bbox 2707 3434 2918 3492; x_wconf 86' lang='lat' dir='ltr'><strong>patrem,</strong></span> <span class='ocrx_word' id='word_1_731' title='bbox 2950 3425 3027 3479; x_wconf 80' lang='lat' dir='ltr'><strong>uel</strong></span> <span class='ocrx_word' id='word_1_732' title='bbox 3050 3437 3277 3493; x_wconf 85' lang='lat' dir='ltr'><strong>matrem,</strong></span> <span class='ocrx_word' id='word_1_733' title='bbox 3316 3431 3604 3500; x_wconf 83' lang='lat' dir='ltr'><strong>centuplum</strong></span> 
     </span>
    </p>
   </div>
   <div class='ocr_carea' id='block_1_96' title="bbox 2022 3510 3602 3586">
    <p class='ocr_par' dir='ltr' id='par_1_96' title="bbox 2022 3510 3602 3586">
     <span class='ocr_line' id='line_1_96' title="bbox 2022 3510 3602 3586; baseline 0.009 -25"><span class='ocrx_word' id='word_1_734' title='bbox 2022 3510 2233 3580; x_wconf 86' lang='lat' dir='ltr'><strong>accipiet</strong></span> <span class='ocrx_word' id='word_1_735' title='bbox 2259 3514 2312 3565; x_wconf 91' lang='lat' dir='ltr'><strong>in</strong></span> <span class='ocrx_word' id='word_1_736' title='bbox 2336 3513 2572 3583; x_wconf 60' lang='lat' dir='ltr'><strong>praesenti</strong></span> <span class='ocrx_word' id='word_1_737' title='bbox 2598 3513 2806 3579; x_wconf 68' lang='lat' dir='ltr'><strong>sarculo,</strong></span> <span class='ocrx_word' id='word_1_738' title='bbox 2835 3525 2882 3568; x_wconf 89' lang='lat' dir='ltr'><strong>et</strong></span> <span class='ocrx_word' id='word_1_739' title='bbox 2911 3515 3062 3570; x_wconf 80' lang='lat' dir='ltr'><strong>vitam</strong></span> <span class='ocrx_word' id='word_1_740' title='bbox 3100 3527 3343 3571; x_wconf 71' lang='lat' dir='ltr'><strong>azternam</strong></span> <span class='ocrx_word' id='word_1_741' title='bbox 3374 3522 3602 3586; x_wconf 87' lang='lat' dir='ltr'><strong>posside-</strong></span> 
     </span>
    </p>
   </div>
   <div class='ocr_carea' id='block_1_97' title="bbox 2023 3601 3605 3683">
    <p class='ocr_par' dir='ltr' id='par_1_97' title="bbox 2023 3601 3605 3683">
     <span class='ocr_line' id='line_1_97' title="bbox 2023 3601 3605 3683; baseline 0.008 -28"><span class='ocrx_word' id='word_1_742' title='bbox 2023 3601 2112 3656; x_wconf 87' lang='lat' dir='ltr'><strong>bit.</strong></span> <span class='ocrx_word' id='word_1_743' title='bbox 2143 3603 2232 3657; x_wconf 88' lang='lat' dir='ltr'><strong>Sic</strong></span> <span class='ocrx_word' id='word_1_744' title='bbox 2275 3604 2416 3673; x_wconf 90' lang='lat' dir='ltr'><strong>quod</strong></span> <span class='ocrx_word' id='word_1_745' title='bbox 2443 3603 2771 3674; x_wconf 88' lang='lat' dir='ltr'><strong>impossibile</strong></span> <span class='ocrx_word' id='word_1_746' title='bbox 2796 3615 2898 3670; x_wconf 92' lang='lat' dir='ltr'><strong>est,</strong></span> <span class='ocrx_word' id='word_1_747' title='bbox 2930 3605 2991 3662; x_wconf 85' lang='lat' dir='ltr'><strong>fit</strong></span> <span class='ocrx_word' id='word_1_748' title='bbox 3027 3608 3298 3677; x_wconf 89' lang='lat' dir='ltr'><strong>possibile.</strong></span> <span class='ocrx_word' id='word_1_749' title='bbox 3327 3609 3432 3664; x_wconf 90' lang='lat' dir='ltr'><strong>Sed</strong></span> <span class='ocrx_word' id='word_1_750' title='bbox 3467 3627 3605 3683; x_wconf 76' lang='lat' dir='ltr'><strong>quo-</strong></span> 
     </span>
    </p>
   </div>
   <div class='ocr_carea' id='block_1_98' title="bbox 2021 3695 3605 3772">
    <p class='ocr_par' dir='ltr' id='par_1_98' title="bbox 2021 3695 3605 3772">
     <span class='ocr_line' id='line_1_98' title="bbox 2021 3695 3605 3772; baseline 0.008 -24"><span class='ocrx_word' id='word_1_751' title='bbox 2021 3695 2204 3761; x_wconf 90' lang='lat' dir='ltr'><strong>modo,</strong></span> <span class='ocrx_word' id='word_1_752' title='bbox 2224 3696 2452 3766; x_wconf 90' lang='lat' dir='ltr'><strong>inquies,</strong></span> <span class='ocrx_word' id='word_1_753' title='bbox 2473 3697 2587 3752; x_wconf 76' lang='lat' dir='ltr'><strong>lucc</strong></span> <span class='ocrx_word' id='word_1_754' title='bbox 2611 3699 2915 3767; x_wconf 88' lang='lat' dir='ltr'><strong>relinquere</strong></span> <span class='ocrx_word' id='word_1_755' title='bbox 2937 3701 3187 3769; x_wconf 88' lang='lat' dir='ltr'><strong>possibile</strong></span> <span class='ocrx_word' id='word_1_756' title='bbox 3202 3703 3318 3757; x_wconf 76' lang='lat' dir='ltr'><strong>est?</strong></span> <span class='ocrx_word' id='word_1_757' title='bbox 3337 3706 3605 3772; x_wconf 90' lang='lat' dir='ltr'><strong>quomodo</strong></span> 
     </span>
    </p>
   </div>
   <div class='ocr_carea' id='block_1_99' title="bbox 2021 3788 3602 3864">
    <p class='ocr_par' dir='ltr' id='par_1_99' title="bbox 2021 3788 3602 3864">
     <span class='ocr_line' id='line_1_99' title="bbox 2021 3788 3602 3864; baseline 0.006 -23"><span class='ocrx_word' id='word_1_758' title='bbox 2021 3795 2196 3856; x_wconf 78' lang='lat' dir='ltr'><strong>potest</strong></span> <span class='ocrx_word' id='word_1_759' title='bbox 2221 3788 2284 3852; x_wconf 93' lang='lat' dir='ltr'><strong>is,</strong></span> <span class='ocrx_word' id='word_1_760' title='bbox 2309 3788 2400 3859; x_wconf 91' lang='lat' dir='ltr'><strong>qui</strong></span> <span class='ocrx_word' id='word_1_761' title='bbox 2425 3796 2567 3842; x_wconf 92' lang='lat' dir='ltr'><strong>tanta</strong></span> <span class='ocrx_word' id='word_1_762' title='bbox 2590 3790 2930 3855; x_wconf 88' lang='lat' dir='ltr'><strong>pecuniarum</strong></span> <span class='ocrx_word' id='word_1_763' title='bbox 2947 3791 3236 3861; x_wconf 90' lang='lat' dir='ltr'><strong>cupiditate</strong></span> <span class='ocrx_word' id='word_1_764' title='bbox 3255 3793 3474 3849; x_wconf 90' lang='lat' dir='ltr'><strong>obrutus</strong></span> <span class='ocrx_word' id='word_1_765' title='bbox 3497 3804 3602 3864; x_wconf 89' lang='lat' dir='ltr'><strong>est,</strong></span> 
     </span>
    </p>
   </div>
   <div class='ocr_carea' id='block_1_100' title="bbox 2023 3881 3605 3958">
    <p class='ocr_par' dir='ltr' id='par_1_100' title="bbox 2023 3881 3605 3958">
     <span class='ocr_line' id='line_1_100' title="bbox 2023 3881 3605 3958; baseline 0.004 -21"><span class='ocrx_word' id='word_1_766' title='bbox 2023 3881 2202 3938; x_wconf 88' lang='lat' dir='ltr'><strong>statim</strong></span> <span class='ocrx_word' id='word_1_767' title='bbox 2231 3883 2545 3953; x_wconf 84' lang='lat' dir='ltr'><strong>emergere?</strong></span> <span class='ocrx_word' id='word_1_768' title='bbox 2568 3882 2622 3939; x_wconf 90' lang='lat' dir='ltr'><strong>Si</strong></span> <span class='ocrx_word' id='word_1_769' title='bbox 2649 3884 2865 3955; x_wconf 87' lang='lat' dir='ltr'><strong>incipiat</strong></span> <span class='ocrx_word' id='word_1_770' title='bbox 2893 3899 3022 3954; x_wconf 85' lang='lat' dir='ltr'><strong>epes</strong></span> <span class='ocrx_word' id='word_1_771' title='bbox 3051 3900 3330 3952; x_wconf 88' lang='lat' dir='ltr'><strong>evacuare,</strong></span> <span class='ocrx_word' id='word_1_772' title='bbox 3355 3897 3408 3943; x_wconf 91' lang='lat' dir='ltr'><strong>et</strong></span> <span class='ocrx_word' id='word_1_773' title='bbox 3427 3903 3605 3958; x_wconf 88' lang='lat' dir='ltr'><strong>super-</strong></span> 
     </span>
    </p>
   </div>
   <div class='ocr_carea' id='block_1_101' title="bbox 2021 3973 3604 4048">
    <p class='ocr_par' dir='ltr' id='par_1_101' title="bbox 2021 3973 3604 4048">
     <span class='ocr_line' id='line_1_101' title="bbox 2021 3973 3604 4048; baseline 0.006 -21"><span class='ocrx_word' id='word_1_774' title='bbox 2021 3973 2124 4027; x_wconf 82' lang='lat' dir='ltr'><strong>ﬂua</strong></span> <span class='ocrx_word' id='word_1_775' title='bbox 2153 3973 2453 4043; x_wconf 81' lang='lat' dir='ltr'><strong>praecidere.</strong></span> <span class='ocrx_word' id='word_1_776' title='bbox 2490 3975 2564 4030; x_wconf 91' lang='lat' dir='ltr'><strong>Ita</strong></span> <span class='ocrx_word' id='word_1_777' title='bbox 2591 3975 2734 4031; x_wconf 89' lang='lat' dir='ltr'><strong>enim</strong></span> <span class='ocrx_word' id='word_1_778' title='bbox 2763 3986 2818 4031; x_wconf 90' lang='lat' dir='ltr'><strong>et</strong></span> <span class='ocrx_word' id='word_1_779' title='bbox 2848 3977 3067 4032; x_wconf 89' lang='lat' dir='ltr'><strong>ulterius</strong></span> <span class='ocrx_word' id='word_1_780' title='bbox 3091 3979 3363 4048; x_wconf 90' lang='lat' dir='ltr'><strong>procedet,</strong></span> <span class='ocrx_word' id='word_1_781' title='bbox 3388 3989 3443 4036; x_wconf 91' lang='lat' dir='ltr'><strong>et</strong></span> <span class='ocrx_word' id='word_1_782' title='bbox 3471 3979 3604 4037; x_wconf 89' lang='lat' dir='ltr'><strong>faci-</strong></span> 
     </span>
    </p>
   </div>
   <div class='ocr_carea' id='block_1_102' title="bbox 2021 4065 2558 4136">
    <p class='ocr_par' dir='ltr' id='par_1_102' title="bbox 2021 4065 2558 4136">
     <span class='ocr_line' id='line_1_102' title="bbox 2021 4065 2558 4136; baseline 0.006 -16"><span class='ocrx_word' id='word_1_783' title='bbox 2021 4065 2124 4121; x_wconf 92' lang='lat' dir='ltr'><strong>lius</strong></span> <span class='ocrx_word' id='word_1_784' title='bbox 2156 4075 2336 4136; x_wconf 90' lang='lat' dir='ltr'><strong>postea</strong></span> <span class='ocrx_word' id='word_1_785' title='bbox 2357 4076 2558 4123; x_wconf 89' lang='lat' dir='ltr'><strong>curret.</strong></span> 
     </span>
    </p>
   </div>
   <div class='ocr_carea' id='block_1_103' title="bbox 2093 4158 3606 4231">
    <p class='ocr_par' dir='ltr' id='par_1_103' title="bbox 2093 4158 3606 4231">
     <span class='ocr_line' id='line_1_103' title="bbox 2093 4158 3606 4231; baseline 0.008 -20"><span class='ocrx_word' id='word_1_786' title='bbox 2093 4159 2286 4212; x_wconf 79' lang='lat' dir='ltr'><strong>Avarus</strong></span> <span class='ocrx_word' id='word_1_787' title='bbox 2329 4159 2581 4213; x_wconf 89' lang='lat' dir='ltr'><strong>sitibundo</strong></span> <span class='ocrx_word' id='word_1_788' title='bbox 2627 4168 2674 4212; x_wconf 84' lang='lat' dir='ltr'><strong>et</strong></span> <span class='ocrx_word' id='word_1_789' title='bbox 2712 4158 3012 4231; x_wconf 77' lang='lat' dir='ltr'><strong>febricitanti</strong></span> <span class='ocrx_word' id='word_1_790' title='bbox 3041 4163 3240 4230; x_wconf 89' lang='lat' dir='ltr'><strong>similis,</strong></span> <span class='ocrx_word' id='word_1_791' title='bbox 3281 4165 3434 4220; x_wconf 88' lang='lat' dir='ltr'><strong>simili</strong></span> <span class='ocrx_word' id='word_1_792' title='bbox 3454 4168 3606 4223; x_wconf 86' lang='lat' dir='ltr'><strong>modo</strong></span> 
     </span>
    </p>
   </div>
   <div class='ocr_carea' id='block_1_104' title="bbox 2022 4252 3602 4328">
    <p class='ocr_par' dir='ltr' id='par_1_104' title="bbox 2022 4252 3602 4328">
     <span class='ocr_line' id='line_1_104' title="bbox 2022 4252 3602 4328; baseline 0.006 -22"><span class='ocrx_word' id='word_1_793' title='bbox 2022 4252 2279 4306; x_wconf 85' lang='lat' dir='ltr'><strong>curandus</strong></span> <span class='ocrx_word' id='word_1_794' title='bbox 2308 4252 2593 4307; x_wconf 84' lang='lat' dir='ltr'><strong>est.—Ne</strong></span> <span class='ocrx_word' id='word_1_795' title='bbox 2631 4253 2808 4323; x_wconf 90' lang='lat' dir='ltr'><strong>ilaque</strong></span> <span class='ocrx_word' id='word_1_796' title='bbox 2850 4255 3004 4309; x_wconf 90' lang='lat' dir='ltr'><strong>simul</strong></span> <span class='ocrx_word' id='word_1_797' title='bbox 3051 4265 3219 4311; x_wconf 89' lang='lat' dir='ltr'><strong>totum</strong></span> <span class='ocrx_word' id='word_1_798' title='bbox 3258 4260 3602 4328; x_wconf 84' lang='lat' dir='ltr'><strong>aggrediaris,</strong></span> 
     </span>
    </p>
   </div>
   <div class='ocr_carea' id='block_1_105' title="bbox 2023 4344 3602 4420">
    <p class='ocr_par' dir='ltr' id='par_1_105' title="bbox 2023 4344 3602 4420">
     <span class='ocr_line' id='line_1_105' title="bbox 2023 4344 3602 4420; baseline 0.006 -22"><span class='ocrx_word' id='word_1_799' title='bbox 2023 4345 2119 4400; x_wconf 90' lang='lat' dir='ltr'><strong>sed</strong></span> <span class='ocrx_word' id='word_1_800' title='bbox 2167 4344 2363 4398; x_wconf 86' lang='lat' dir='ltr'><strong>sensim</strong></span> <span class='ocrx_word' id='word_1_801' title='bbox 2408 4352 2462 4398; x_wconf 86' lang='lat' dir='ltr'><strong>et</strong></span> <span class='ocrx_word' id='word_1_802' title='bbox 2505 4344 2754 4414; x_wconf 90' lang='lat' dir='ltr'><strong>paulatim</strong></span> <span class='ocrx_word' id='word_1_803' title='bbox 2795 4361 2892 4414; x_wconf 86' lang='lat' dir='ltr'><strong>per</strong></span> <span class='ocrx_word' id='word_1_804' title='bbox 2935 4345 3068 4401; x_wconf 88' lang='lat' dir='ltr'><strong>hanc</strong></span> <span class='ocrx_word' id='word_1_805' title='bbox 3113 4350 3308 4402; x_wconf 85' lang='lat' dir='ltr'><strong>scalam</strong></span> <span class='ocrx_word' id='word_1_806' title='bbox 3346 4353 3602 4420; x_wconf 88' lang='lat' dir='ltr'><strong>ascende,</strong></span> 
     </span>
    </p>
   </div>
   <div class='ocr_carea' id='block_1_106' title="bbox 2023 4435 3601 4507">
    <p class='ocr_par' dir='ltr' id='par_1_106' title="bbox 2023 4435 3601 4507">
     <span class='ocr_line' id='line_1_106' title="bbox 2023 4435 3601 4507; baseline 0.005 -18"><span class='ocrx_word' id='word_1_807' title='bbox 2023 4452 2140 4507; x_wconf 65' lang='lat' dir='ltr'><strong>qua:</strong></span> <span class='ocrx_word' id='word_1_808' title='bbox 2155 4435 2220 4490; x_wconf 90' lang='lat' dir='ltr'><strong>ad</strong></span> <span class='ocrx_word' id='word_1_809' title='bbox 2243 4437 2428 4490; x_wconf 65' lang='lat' dir='ltr'><strong>caelum</strong></span> <span class='ocrx_word' id='word_1_810' title='bbox 2453 4445 2504 4490; x_wconf 90' lang='lat' dir='ltr'><strong>te</strong></span> <span class='ocrx_word' id='word_1_811' title='bbox 2531 4435 2763 4498; x_wconf 89' lang='lat' dir='ltr'><strong>adducit,</strong></span> <span class='ocrx_word' id='word_1_812' title='bbox 2783 4436 2827 4489; x_wconf 92' lang='lat' dir='ltr'><strong>si</strong></span> <span class='ocrx_word' id='word_1_813' title='bbox 2850 4435 3064 4491; x_wconf 89' lang='lat' dir='ltr'><strong>difficile</strong></span> <span class='ocrx_word' id='word_1_814' title='bbox 3091 4438 3181 4491; x_wconf 91' lang='lat' dir='ltr'><strong>tibi</strong></span> <span class='ocrx_word' id='word_1_815' title='bbox 3207 4439 3415 4494; x_wconf 89' lang='lat' dir='ltr'><strong>videtur</strong></span> <span class='ocrx_word' id='word_1_816' title='bbox 3437 4452 3601 4497; x_wconf 87' lang='lat' dir='ltr'><strong>totum</strong></span> 
     </span>
    </p>
   </div>
   <div class='ocr_carea' id='block_1_107' title="bbox 2024 4526 3605 4597">
    <p class='ocr_par' dir='ltr' id='par_1_107' title="bbox 2024 4526 3605 4597">
     <span class='ocr_line' id='line_1_107' title="bbox 2024 4526 3605 4597; baseline 0.004 -14"><span class='ocrx_word' id='word_1_817' title='bbox 2024 4529 2182 4583; x_wconf 86' lang='lat' dir='ltr'><strong>simul</strong></span> <span class='ocrx_word' id='word_1_818' title='bbox 2211 4528 2440 4597; x_wconf 90' lang='lat' dir='ltr'><strong>assequi.</strong></span> <span class='ocrx_word' id='word_1_819' title='bbox 2473 4526 2928 4594; x_wconf 84' lang='lat' dir='ltr'><strong>Quemadmodum</strong></span> <span class='ocrx_word' id='word_1_820' title='bbox 2957 4528 3098 4582; x_wconf 91' lang='lat' dir='ltr'><strong>enim</strong></span> <span class='ocrx_word' id='word_1_821' title='bbox 3139 4529 3519 4594; x_wconf 87' lang='lat' dir='ltr'><strong>febricitantes.</strong></span> <span class='ocrx_word' id='word_1_822' title='bbox 3551 4544 3605 4589; x_wconf 92' lang='lat' dir='ltr'><strong>et</strong></span> 
     </span>
    </p>
   </div>
   <div class='ocr_carea' id='block_1_108' title="bbox 2025 4620 3603 4692">
    <p class='ocr_par' dir='ltr' id='par_1_108' title="bbox 2025 4620 3603 4692">
     <span class='ocr_line' id='line_1_108' title="bbox 2025 4620 3603 4692; baseline 0.003 -16"><span class='ocrx_word' id='word_1_823' title='bbox 2025 4622 2113 4692; x_wconf 88' lang='lat' dir='ltr'><strong>qui</strong></span> <span class='ocrx_word' id='word_1_824' title='bbox 2140 4636 2316 4676; x_wconf 88' lang='lat' dir='ltr'><strong>acrem</strong></span> <span class='ocrx_word' id='word_1_825' title='bbox 2353 4620 2510 4676; x_wconf 91' lang='lat' dir='ltr'><strong>bilem</strong></span> <span class='ocrx_word' id='word_1_826' title='bbox 2539 4620 2679 4674; x_wconf 85' lang='lat' dir='ltr'><strong>intus</strong></span> <span class='ocrx_word' id='word_1_827' title='bbox 2721 4621 2918 4675; x_wconf 90' lang='lat' dir='ltr'><strong>habent</strong></span> <span class='ocrx_word' id='word_1_828' title='bbox 2946 4623 3496 4689; x_wconf 88' lang='lat' dir='ltr'><strong>exuberantem,.cnm</strong></span> <span class='ocrx_word' id='word_1_829' title='bbox 3525 4628 3603 4681; x_wconf 91' lang='lat' dir='ltr'><strong>ci-</strong></span> 
     </span>
    </p>
   </div>
   <div class='ocr_carea' id='block_1_109' title="bbox 2026 4712 3606 4781">
    <p class='ocr_par' dir='ltr' id='par_1_109' title="bbox 2026 4712 3606 4781">
     <span class='ocr_line' id='line_1_109' title="bbox 2026 4712 3606 4781; baseline 0.003 -13"><span class='ocrx_word' id='word_1_830' title='bbox 2026 4713 2151 4768; x_wconf 86' lang='lat' dir='ltr'><strong>bum</strong></span> <span class='ocrx_word' id='word_1_831' title='bbox 2177 4722 2232 4767; x_wconf 90' lang='lat' dir='ltr'><strong>et</strong></span> <span class='ocrx_word' id='word_1_832' title='bbox 2260 4720 2440 4781; x_wconf 91' lang='lat' dir='ltr'><strong>potum</strong></span> <span class='ocrx_word' id='word_1_833' title='bbox 2483 4712 2721 4776; x_wconf 86' lang='lat' dir='ltr'><strong>sorbent,</strong></span> <span class='ocrx_word' id='word_1_834' title='bbox 2755 4727 2858 4766; x_wconf 91' lang='lat' dir='ltr'><strong>non</strong></span> <span class='ocrx_word' id='word_1_835' title='bbox 2891 4713 3048 4766; x_wconf 89' lang='lat' dir='ltr'><strong>modo</strong></span> <span class='ocrx_word' id='word_1_836' title='bbox 3093 4730 3198 4767; x_wconf 93' lang='lat' dir='ltr'><strong>non</strong></span> <span class='ocrx_word' id='word_1_837' title='bbox 3227 4716 3367 4769; x_wconf 89' lang='lat' dir='ltr'><strong>sitim</strong></span> <span class='ocrx_word' id='word_1_838' title='bbox 3399 4719 3606 4772; x_wconf 77' lang='lat' dir='ltr'><strong>exstin-</strong></span> 
     </span>
    </p>
   </div>
   <div class='ocr_carea' id='block_1_110' title="bbox 2024 4802 3603 4878">
    <p class='ocr_par' dir='ltr' id='par_1_110' title="bbox 2024 4802 3603 4878">
     <span class='ocr_line' id='line_1_110' title="bbox 2024 4802 3603 4878; baseline 0.003 -20"><span class='ocrx_word' id='word_1_839' title='bbox 2024 4813 2211 4875; x_wconf 87' lang='lat' dir='ltr'><strong>guunt,</strong></span> <span class='ocrx_word' id='word_1_840' title='bbox 2235 4803 2327 4857; x_wconf 84' lang='lat' dir='ltr'><strong>sed</strong></span> <span class='ocrx_word' id='word_1_841' title='bbox 2357 4805 2516 4857; x_wconf 83' lang='lat' dir='ltr'><strong>etiam</strong></span> <span class='ocrx_word' id='word_1_842' title='bbox 2542 4802 2806 4856; x_wconf 86' lang='lat' dir='ltr'><strong>flammam</strong></span> <span class='ocrx_word' id='word_1_843' title='bbox 2839 4805 3165 4859; x_wconf 80' lang='lat' dir='ltr'><strong>succendunt</strong></span> <span class='ocrx_word' id='word_1_844' title='bbox 3197 4823 3210 4858; x_wconf 92' lang='lat'><strong>:</strong></span> <span class='ocrx_word' id='word_1_845' title='bbox 3242 4807 3321 4861; x_wconf 92' lang='lat' dir='ltr'><strong>sic</strong></span> <span class='ocrx_word' id='word_1_846' title='bbox 3358 4817 3410 4862; x_wconf 93' lang='lat' dir='ltr'><strong>et</strong></span> <span class='ocrx_word' id='word_1_847' title='bbox 3437 4811 3603 4878; x_wconf 88' lang='lat' dir='ltr'><strong>avari,</strong></span> 
     </span>
    </p>
   </div>
   <div class='ocr_carea' id='block_1_111' title="bbox 2025 4904 3605 4976">
    <p class='ocr_par' dir='ltr' id='par_1_111' title="bbox 2025 4904 3605 4976">
     <span class='ocr_line' id='line_1_111' title="bbox 2025 4904 3605 4976; baseline 0.001 -16"><span class='ocrx_word' id='word_1_848' title='bbox 2025 4921 2146 4961; x_wconf 91' lang='lat' dir='ltr'><strong>cum</strong></span> <span class='ocrx_word' id='word_1_849' title='bbox 2176 4906 2296 4960; x_wconf 84' lang='lat' dir='ltr'><strong>huic</strong></span> <span class='ocrx_word' id='word_1_850' title='bbox 2323 4921 2497 4976; x_wconf 79' lang='lat' dir='ltr'><strong>pravae</strong></span> <span class='ocrx_word' id='word_1_851' title='bbox 2525 4905 2816 4974; x_wconf 84' lang='lat' dir='ltr'><strong>cupiditati,</strong></span> <span class='ocrx_word' id='word_1_852' title='bbox 2841 4904 2944 4960; x_wconf 88' lang='lat' dir='ltr'><strong>bile</strong></span> <span class='ocrx_word' id='word_1_853' title='bbox 2965 4905 3175 4966; x_wconf 86' lang='lat' dir='ltr'><strong>acriori,</strong></span> <span class='ocrx_word' id='word_1_854' title='bbox 3209 4907 3458 4974; x_wconf 89' lang='lat' dir='ltr'><strong>pecunias</strong></span> <span class='ocrx_word' id='word_1_855' title='bbox 3476 4907 3605 4962; x_wconf 79' lang='lat' dir='ltr'><strong>afl‘e-</strong></span> 
     </span>
    </p>
   </div>
   <div class='ocr_carea' id='block_1_112' title="bbox 2027 4995 3603 5066">
    <p class='ocr_par' dir='ltr' id='par_1_112' title="bbox 2027 4995 3603 5066">
     <span class='ocr_line' id='line_1_112' title="bbox 2027 4995 3603 5066; baseline 0 -14"><span class='ocrx_word' id='word_1_856' title='bbox 2027 5007 2172 5065; x_wconf 88' lang='lat' dir='ltr'><strong>runt,</strong></span> <span class='ocrx_word' id='word_1_857' title='bbox 2215 4997 2358 5051; x_wconf 88' lang='lat' dir='ltr'><strong>illam</strong></span> <span class='ocrx_word' id='word_1_858' title='bbox 2391 4997 2556 5066; x_wconf 83' lang='lat' dir='ltr'><strong>magis</strong></span> <span class='ocrx_word' id='word_1_859' title='bbox 2601 4995 2946 5050; x_wconf 79' lang='lat' dir='ltr'><strong>inflammant.</strong></span> <span class='ocrx_word' id='word_1_860' title='bbox 2991 4995 3128 5049; x_wconf 85' lang='lat' dir='ltr'><strong>Nihil</strong></span> <span class='ocrx_word' id='word_1_861' title='bbox 3172 4998 3312 5050; x_wconf 90' lang='lat' dir='ltr'><strong>enim</strong></span> <span class='ocrx_word' id='word_1_862' title='bbox 3357 4998 3435 5053; x_wconf 89' lang='lat' dir='ltr'><strong>sic</strong></span> <span class='ocrx_word' id='word_1_863' title='bbox 3463 4999 3603 5052; x_wconf 90' lang='lat' dir='ltr'><strong>illam</strong></span> 
     </span>
    </p>
   </div>
   <div class='ocr_carea' id='block_1_113' title="bbox 2028 5088 3605 5156">
    <p class='ocr_par' dir='ltr' id='par_1_113' title="bbox 2028 5088 3605 5156">
     <span class='ocr_line' id='line_1_113' title="bbox 2028 5088 3605 5156; baseline 0.001 -12"><span class='ocrx_word' id='word_1_864' title='bbox 2028 5089 2209 5152; x_wconf 80' lang='lat' dir='ltr'><strong>sedat,</strong></span> <span class='ocrx_word' id='word_1_865' title='bbox 2233 5098 2292 5144; x_wconf 92' lang='lat' dir='ltr'><strong>ut</strong></span> <span class='ocrx_word' id='word_1_866' title='bbox 2320 5090 2362 5142; x_wconf 88' lang='lat' dir='ltr'><strong>si</strong></span> <span class='ocrx_word' id='word_1_867' title='bbox 2389 5090 2630 5142; x_wconf 88' lang='lat' dir='ltr'><strong>intereaa</strong></span> <span class='ocrx_word' id='word_1_868' title='bbox 2656 5089 2785 5142; x_wconf 89' lang='lat' dir='ltr'><strong>lucri</strong></span> <span class='ocrx_word' id='word_1_869' title='bbox 2809 5088 3096 5156; x_wconf 88' lang='lat' dir='ltr'><strong>cupiditate</strong></span> <span class='ocrx_word' id='word_1_870' title='bbox 3121 5089 3441 5155; x_wconf 88' lang='lat' dir='ltr'><strong>discedatur,</strong></span> <span class='ocrx_word' id='word_1_871' title='bbox 3470 5091 3605 5146; x_wconf 84' lang='lat' dir='ltr'><strong>sicut</strong></span> 
     </span>
    </p>
   </div>
   <div class='ocr_carea' id='block_1_114' title="bbox 2027 5181 3598 5238">
    <p class='ocr_par' dir='ltr' id='par_1_114' title="bbox 2027 5181 3598 5238">
     <span class='ocr_line' id='line_1_114' title="bbox 2027 5181 3598 5238; baseline -0.001 0"><span class='ocrx_word' id='word_1_872' title='bbox 2027 5184 2186 5238; x_wconf 85' lang='lat' dir='ltr'><strong>etiam</strong></span> <span class='ocrx_word' id='word_1_873' title='bbox 2211 5198 2386 5238; x_wconf 90' lang='lat' dir='ltr'><strong>acrem</strong></span> <span class='ocrx_word' id='word_1_874' title='bbox 2416 5182 2574 5235; x_wconf 81' lang='lat' dir='ltr'><strong>bilem</strong></span> <span class='ocrx_word' id='word_1_875' title='bbox 2597 5181 2749 5236; x_wconf 87' lang='lat' dir='ltr'><strong>sedat</strong></span> <span class='ocrx_word' id='word_1_876' title='bbox 2780 5181 2930 5236; x_wconf 92' lang='lat' dir='ltr'><strong>cibus</strong></span> <span class='ocrx_word' id='word_1_877' title='bbox 2962 5181 3200 5235; x_wconf 89' lang='lat' dir='ltr'><strong>modicus</strong></span> <span class='ocrx_word' id='word_1_878' title='bbox 3227 5190 3281 5236; x_wconf 88' lang='lat' dir='ltr'><strong>et</strong></span> <span class='ocrx_word' id='word_1_879' title='bbox 3307 5185 3598 5237; x_wconf 89' lang='lat' dir='ltr'><strong>evacuatio.</strong></span> 
     </span>
    </p>
   </div>
   <div class='ocr_carea' id='block_1_115' title="bbox 2027 5272 3608 5344">
    <p class='ocr_par' dir='ltr' id='par_1_115' title="bbox 2027 5272 3608 5344">
     <span class='ocr_line' id='line_1_115' title="bbox 2027 5272 3608 5344; baseline -0.003 -12"><span class='ocrx_word' id='word_1_880' title='bbox 2027 5275 2134 5332; x_wconf 90' lang='lat' dir='ltr'><strong>Sed</strong></span> <span class='ocrx_word' id='word_1_881' title='bbox 2161 5274 2307 5342; x_wconf 89' lang='lat' dir='ltr'><strong>illud,</strong></span> <span class='ocrx_word' id='word_1_882' title='bbox 2337 5275 2562 5343; x_wconf 89' lang='lat' dir='ltr'><strong>inquies,</strong></span> <span class='ocrx_word' id='word_1_883' title='bbox 2588 5272 2854 5342; x_wconf 91' lang='lat' dir='ltr'><strong>quomodo</strong></span> <span class='ocrx_word' id='word_1_884' title='bbox 2876 5273 3004 5326; x_wconf 85' lang='lat' dir='ltr'><strong>fiet?</strong></span> <span class='ocrx_word' id='word_1_885' title='bbox 3029 5273 3083 5327; x_wconf 92' lang='lat' dir='ltr'><strong>Si</strong></span> <span class='ocrx_word' id='word_1_886' title='bbox 3109 5274 3308 5342; x_wconf 89' lang='lat' dir='ltr'><strong>cogites</strong></span> <span class='ocrx_word' id='word_1_887' title='bbox 3330 5282 3398 5335; x_wconf 91' lang='lat' dir='ltr'><strong>te,</strong></span> <span class='ocrx_word' id='word_1_888' title='bbox 3419 5290 3608 5344; x_wconf 89' lang='lat' dir='ltr'><strong>quam-</strong></span> 
     </span>
    </p>
   </div>
   <div class='ocr_carea' id='block_1_116' title="bbox 2029 5363 3607 5435">
    <p class='ocr_par' dir='ltr' id='par_1_116' title="bbox 2029 5363 3607 5435">
     <span class='ocr_line' id='line_1_116' title="bbox 2029 5363 3607 5435; baseline -0.001 -14"><span class='ocrx_word' id='word_1_889' title='bbox 2029 5367 2118 5421; x_wconf 92' lang='lat' dir='ltr'><strong>diu</strong></span> <span class='ocrx_word' id='word_1_890' title='bbox 2148 5366 2344 5421; x_wconf 89' lang='lat' dir='ltr'><strong>divitiis</strong></span> <span class='ocrx_word' id='word_1_891' title='bbox 2363 5365 2568 5430; x_wconf 81' lang='lat' dir='ltr'><strong>af‘flues,</strong></span> <span class='ocrx_word' id='word_1_892' title='bbox 2599 5379 2883 5435; x_wconf 85' lang='lat' dir='ltr'><strong>numquam</strong></span> <span class='ocrx_word' id='word_1_893' title='bbox 2911 5363 3050 5417; x_wconf 88' lang='lat' dir='ltr'><strong>sitim</strong></span> <span class='ocrx_word' id='word_1_894' title='bbox 3077 5366 3411 5433; x_wconf 81' lang='lat' dir='ltr'><strong>exstinguere</strong></span> <span class='ocrx_word' id='word_1_895' title='bbox 3428 5379 3607 5433; x_wconf 89' lang='lat' dir='ltr'><strong>posse,</strong></span> 
     </span>
    </p>
   </div>
   <div class='ocr_carea' id='block_1_117' title="bbox 2030 5455 3606 5529">
    <p class='ocr_par' dir='ltr' id='par_1_117' title="bbox 2030 5455 3606 5529">
     <span class='ocr_line' id='line_1_117' title="bbox 2030 5455 3606 5529; baseline -0.001 -16"><span class='ocrx_word' id='word_1_896' title='bbox 2030 5459 2122 5514; x_wconf 88' lang='lat' dir='ltr'><strong>sed</strong></span> <span class='ocrx_word' id='word_1_897' title='bbox 2154 5459 2272 5529; x_wconf 91' lang='lat' dir='ltr'><strong>plus</strong></span> <span class='ocrx_word' id='word_1_898' title='bbox 2304 5456 2531 5512; x_wconf 89' lang='lat' dir='ltr'><strong>habendi</strong></span> <span class='ocrx_word' id='word_1_899' title='bbox 2562 5455 2811 5526; x_wconf 90' lang='lat' dir='ltr'><strong>cupidine</strong></span> <span class='ocrx_word' id='word_1_900' title='bbox 2846 5456 2896 5509; x_wconf 92' lang='lat' dir='ltr'><strong>in</strong></span> <span class='ocrx_word' id='word_1_901' title='bbox 2931 5455 3103 5510; x_wconf 89' lang='lat' dir='ltr'><strong>tabem</strong></span> <span class='ocrx_word' id='word_1_902' title='bbox 3137 5456 3406 5524; x_wconf 90' lang='lat' dir='ltr'><strong>lapsurum</strong></span> <span class='ocrx_word' id='word_1_903' title='bbox 3447 5471 3606 5512; x_wconf 87' lang='lat' dir='ltr'><strong>esse:</strong></span> 
     </span>
    </p>
   </div>
   <div class='ocr_carea' id='block_1_118' title="bbox 2031 5546 3606 5621">
    <p class='ocr_par' dir='ltr' id='par_1_118' title="bbox 2031 5546 3606 5621">
     <span class='ocr_line' id='line_1_118' title="bbox 2031 5546 3606 5621; baseline -0.003 -14"><span class='ocrx_word' id='word_1_904' title='bbox 2031 5552 2078 5607; x_wconf 90' lang='lat' dir='ltr'><strong>si</strong></span> <span class='ocrx_word' id='word_1_905' title='bbox 2127 5560 2302 5605; x_wconf 87' lang='lat' dir='ltr'><strong>autem</strong></span> <span class='ocrx_word' id='word_1_906' title='bbox 2349 5565 2481 5621; x_wconf 85' lang='lat' dir='ltr'><strong>opes</strong></span> <span class='ocrx_word' id='word_1_907' title='bbox 2524 5548 2855 5618; x_wconf 89' lang='lat' dir='ltr'><strong>deposueris,</strong></span> <span class='ocrx_word' id='word_1_908' title='bbox 2897 5546 3034 5601; x_wconf 90' lang='lat' dir='ltr'><strong>banc</strong></span> <span class='ocrx_word' id='word_1_909' title='bbox 3059 5547 3424 5617; x_wconf 84' lang='lat' dir='ltr'><strong>aegritudinem</strong></span> <span class='ocrx_word' id='word_1_910' title='bbox 3451 5563 3606 5618; x_wconf 84' lang='lat' dir='ltr'><strong>posse</strong></span> 
     </span>
    </p>
   </div>
   <div class='ocr_carea' id='block_1_119' title="bbox 2032 5641 3603 5714">
    <p class='ocr_par' dir='ltr' id='par_1_119' title="bbox 2032 5641 3603 5714">
     <span class='ocr_line' id='line_1_119' title="bbox 2032 5641 3603 5714; baseline -0.003 -14"><span class='ocrx_word' id='word_1_911' title='bbox 2032 5645 2317 5714; x_wconf 90' lang='lat' dir='ltr'><strong>deponere.</strong></span> <span class='ocrx_word' id='word_1_912' title='bbox 2367 5642 2485 5696; x_wconf 83' lang='lat' dir='ltr'><strong>Noli</strong></span> <span class='ocrx_word' id='word_1_913' title='bbox 2527 5657 2655 5711; x_wconf 83' lang='lat' dir='ltr'><strong>ergo</strong></span> <span class='ocrx_word' id='word_1_914' title='bbox 2703 5641 2851 5710; x_wconf 89' lang='lat' dir='ltr'><strong>plura</strong></span> <span class='ocrx_word' id='word_1_915' title='bbox 2898 5641 3098 5696; x_wconf 91' lang='lat' dir='ltr'><strong>circum</strong></span> <span class='ocrx_word' id='word_1_916' title='bbox 3133 5655 3405 5711; x_wconf 84' lang='lat' dir='ltr'><strong>aggerere,</strong></span> <span class='ocrx_word' id='word_1_917' title='bbox 3445 5657 3512 5696; x_wconf 93' lang='lat' dir='ltr'><strong>ne</strong></span> <span class='ocrx_word' id='word_1_918' title='bbox 3541 5657 3603 5696; x_wconf 85' lang='lat' dir='ltr'><strong>ea</strong></span> 
     </span>
    </p>
   </div>
   <div class='ocr_carea' id='block_1_120' title="bbox 2034 5732 3605 5806">
    <p class='ocr_par' dir='ltr' id='par_1_120' title="bbox 2034 5732 3605 5806">
     <span class='ocr_line' id='line_1_120' title="bbox 2034 5732 3605 5806; baseline -0.003 -14"><span class='ocrx_word' id='word_1_919' title='bbox 2034 5736 2367 5806; x_wconf 89' lang='lat' dir='ltr'><strong>persequaris</strong></span> <span class='ocrx_word' id='word_1_920' title='bbox 2393 5749 2512 5805; x_wconf 75' lang='lat' dir='ltr'><strong>qua:</strong></span> <span class='ocrx_word' id='word_1_921' title='bbox 2539 5750 2644 5788; x_wconf 92' lang='lat' dir='ltr'><strong>non</strong></span> <span class='ocrx_word' id='word_1_922' title='bbox 2678 5741 2900 5802; x_wconf 82' lang='lat' dir='ltr'><strong>possunt</strong></span> <span class='ocrx_word' id='word_1_923' title='bbox 2933 5732 3278 5803; x_wconf 87' lang='lat' dir='ltr'><strong>apprehendi,</strong></span> <span class='ocrx_word' id='word_1_924' title='bbox 3319 5742 3372 5788; x_wconf 90' lang='lat' dir='ltr'><strong>et</strong></span> <span class='ocrx_word' id='word_1_925' title='bbox 3396 5733 3605 5788; x_wconf 84' lang='lat' dir='ltr'><strong>incura-</strong></span> 
     </span>
    </p>
   </div>
   <div class='ocr_carea' id='block_1_121' title="bbox 2036 5824 3608 5896">
    <p class='ocr_par' dir='ltr' id='par_1_121' title="bbox 2036 5824 3608 5896">
     <span class='ocr_line' id='line_1_121' title="bbox 2036 5824 3608 5896; baseline -0.003 -10"><span class='ocrx_word' id='word_1_926' title='bbox 2036 5829 2132 5886; x_wconf 89' lang='lat' dir='ltr'><strong>bili</strong></span> <span class='ocrx_word' id='word_1_927' title='bbox 2159 5828 2348 5885; x_wconf 88' lang='lat' dir='ltr'><strong>morbo</strong></span> <span class='ocrx_word' id='word_1_928' title='bbox 2375 5826 2606 5895; x_wconf 89' lang='lat' dir='ltr'><strong>labores,</strong></span> <span class='ocrx_word' id='word_1_929' title='bbox 2655 5825 2850 5895; x_wconf 89' lang='lat' dir='ltr'><strong>talique</strong></span> <span class='ocrx_word' id='word_1_930' title='bbox 2888 5824 3036 5882; x_wconf 87' lang='lat' dir='ltr'><strong>rabie</strong></span> <span class='ocrx_word' id='word_1_931' title='bbox 3063 5835 3344 5896; x_wconf 87' lang='lat' dir='ltr'><strong>correptus</strong></span> <span class='ocrx_word' id='word_1_932' title='bbox 3370 5827 3608 5882; x_wconf 79' lang='lat' dir='ltr'><strong>omnium</strong></span> 
     </span>
    </p>
   </div>
  </div>
