4140 6376
517 352 622 409 601

518 466 852 522 miserrimus
874 465 967 519 sis.
1000 463 1283 533 Responde
1308 464 1437 517 mihi
1470 481 1487 519 :
1516 478 1672 533 quem
1709 461 1950 517 dicamus
1991 470 2103 515 tor-

516 559 667 627 queri
697 568 751 612 et
789 558 1037 621 cruciari,
1070 572 1262 611 eumue
1283 557 1371 625 qui
1399 557 1596 609 lautum
1620 556 1794 610 cibum
1840 566 1895 610 et
1924 567 2101 625 potum

518 649 717 717 cupiat,
741 663 840 703 nec
868 648 1034 716 possit
1058 647 1252 717 optatis
1274 646 1377 700 frui
1407 666 1419 702 ς
1450 662 1515 700 an
1538 661 1660 702 eum
1688 647 1777 716 qui
1800 645 2104 716 lmjusmodi

520 739 1004 809 concupiscentiam
1047 755 1153 792 non
1189 738 1386 793 habet?
1428 738 1614 791 Procul
1654 737 1815 792 dubio
1852 738 2107 806 concupi-

519 846 779 900 scentem,
812 835 902 905 qui
935 851 1035 889 non
1068 835 1233 904 possit
1258 851 1318 888 ea
1349 850 1466 903 qum.
1505 834 1835 902 concupiscit
1872 833 2103 900 assequi.

519 928 650 983 Nam
697 929 767 982 ita
814 929 1065 982 mis-artua
1115 939 1217 996 est,
1263 928 1731 998 concupiscentem
1781 936 1963 996 optato
2006 926 2107 981 frui

521 1036 626 1075 non
644 1034 823 1090 posse,
855 1035 953 1074 nec
975 1020 1242 1074 sitientem
1272 1020 1474 1082 bibere,
1501 1030 1555 1072 ut
1575 1019 1874 1089 gehennam
1905 1020 2109 1074 descri-

519 1113 649 1168 bere
695 1113 880 1168 volens
917 1112 1180 1176 Christus,
1221 1112 1326 1168 hoc
1364 1112 1506 1167 illam
1548 1111 1707 1167 modo
1747 1111 2016 1183 depingat,
2056 1122 2111 1166 et

522 1205 741 1261 divitem
775 1206 987 1259 inducat
1030 1206 1223 1261 ardore
1263 1206 1576 1267 cruciatum,
1626 1206 1714 1275 qui
1758 1222 1877 1259 ettm
1906 1212 2107 1274 guttam

519 1311 671 1365 aqua:
720 1304 980 1364 posceret.
1030 1311 1128 1350 nec
1166 1296 1253 1350 illa
1306 1296 1404 1349 frui
1452 1305 1651 1366 posset,
1683 1296 1750 1349 ita
1794 1296 2111 1365 punichatur

521 1385 686 1455 (Luc.
718 1386 830 1456 l6).
861 1387 1043 1457 Itaque
1075 1387 1138 1452 is,
1169 1388 1255 1456 qui
1289 1388 1539 1456 pecunias
1569 1386 1813 1455 despicit,
1847 1386 2108 1456 cupidita-

525 1488 631 1531 tem
659 1478 897 1544 sedavit;
927 1479 1012 1547 qtti
1033 1487 1206 1531 autem
1235 1477 1499 1532 ditescere
1528 1479 1693 1548 cupit,
1719 1486 1773 1531 et
1799 1477 1948 1547 plura
1977 1493 2108 1531 con-

520 1585 730 1637 gerere,
764 1572 907 1624 illam
930 1571 1096 1640 magis
1122 1571 1284 1633 auxit,
1319 1580 1371 1623 et
1401 1586 1684 1638 numquam
1710 1570 1865 1623 liuent
1897 1570 2109 1636 assequi

524 1659 733 1713 valet‘:
763 1660 969 1713 etiamsi
999 1661 1140 1715 enim
1175 1661 1446 1714 innumera
1476 1661 1671 1713 talenta
1695 1660 1977 1728 acceperit,
2006 1660 2109 1713 alia

523 1753 636 1822 pari
664 1769 885 1808 numero
913 1754 1271 1821 Concupiscit;
1320 1753 1363 1806 si
1386 1753 1500 1806 hzec
1526 1762 1899 1821 consequatur.
1926 1768 2111 1807 rursus

523 1845 684 1915 duplo
719 1846 865 1914 plura
892 1845 1184 1906 desiderat,
1224 1845 1467 1913 ultraque
1499 1859 1833 1913 progressus,
1880 1853 2108 1909 montes,

524 1947 742 2002 terram,
772 1952 918 1991 mare
948 1945 1003 1991 et
1031 1937 1206 1991 omnia
1238 1937 1335 1990 sibi
1367 1951 1556 1989 aurum
1596 1935 1732 1990 cflici
1775 1945 1942 2005 optat,
1975 1952 2112 1991 novo

522 2038 578 2084 et
599 2029 817 2084 terribili
870 2030 1062 2083 furoris
1100 2046 1296 2099 genere
1340 2030 1649 2092 insaniens,
1698 2030 1786 2101 qui
1825 2046 2108 2099 numquam

528 2124 694 2191 possit
713 2123 996 2191 exstingui.
1026 2125 1196 2192 Atque
1220 2136 1277 2177 ut
1306 2124 1501 2188 discas,
1531 2139 1635 2179 non
1662 2126 1983 2189 accessione,
2016 2126 2110 2180 sed

525 2216 881 2271 ahstractiouc
922 2215 1022 2269 hoc
1049 2216 1243 2268 mahun
1274 2216 1387 2269 sisti
1431 2232 1587 2285 posse
1622 2234 1634 2269 :
1668 2217 1712 2271 si
1744 2226 1794 2271 te
1827 2214 2112 2288 aliquando

526 2308 756 2363 absurda
803 2308 1013 2363 volandi
1065 2309 1258 2377 cupido
1302 2310 1613 2375 incesseret,
1663 2311 1932 2379 quomodo
1970 2312 2109 2366 illam

527 2402 928 2471 restinguercs?
965 2417 1032 2454 an
1080 2418 1201 2456 cum
1243 2401 1345 2455 alis
1382 2403 1627 2472 aliisque,
1651 2404 2016 2459 instrumentis
2046 2405 2111 2459 ad

529 2496 630 2550 hoc
659 2495 1029 2549 concinnatis?
1051 2509 1117 2547 an
1148 2494 1238 2547 tibi
1273 2494 1662 2564 persuadendo,
1689 2511 1801 2550 rem
1829 2512 1934 2551 non
1959 2512 2113 2566 posse

529 2587 665 2650 fieri,
714 2602 813 2641 nec
861 2588 996 2640 ultra
1030 2586 1079 2639 id
1124 2586 1431 2640 tentandum
1481 2587 1638 2641 esse?
1667 2586 1776 2642 Hac
1808 2588 1923 2642 sine
1951 2588 2114 2643 dubio

525 2681 795 2735 suasione.
835 2678 1055 2741 Verum,
1101 2678 1331 2748 inquies,
1382 2677 1507 2732 illud
1555 2678 1883 2747 impossibile
1912 2690 2013 2733 est.
2046 2682 2114 2735 At

524 2772 681 2842 longe
707 2769 1085 2838 impossibilius
1122 2778 1203 2823 est
1242 2769 1365 2824 huic
1402 2768 1676 2837 cupiditati
1718 2770 2000 2824 terminum
2030 2773 2113 2824 in-

526 2861 730 2915 venire.
771 2860 1001 2915 Facilius
1039 2859 1235 2929 quippe
1278 2868 1381 2925 est,
1426 2860 1669 2915 homines
1712 2860 1910 2925 volare,
1955 2876 2111 2930 quam

526 2953 835 3007 accessione
863 2949 1207 3021 cupiditatem
1236 2951 1477 3021 explere.
1518 2950 1744 3018 Quando
1772 2952 1914 3007 enim
1943 2952 2115 3022 possi-

526 3043 649 3099 bilia
678 3042 1066 3108 desideramus,
1112 3057 1208 3112 spe
1264 3043 1470 3098 fruendi
1502 3057 1601 3097 nos
1628 3043 1891 3100 consolari
1930 3058 2117 3113 possu-

527 3152 679 3202 mus;
710 3135 925 3205 quando
968 3143 1146 3189 autem
1179 3134 1524 3204 impossibilia
1550 3142 1692 3200 sunt,
1736 3151 1900 3189 unum
1925 3149 2117 3190 curan-

527 3228 653 3282 dtun
678 3236 780 3294 est,
811 3235 913 3281 uta
940 3227 1229 3297 cupiditate
1258 3227 1342 3281 illa
1372 3242 1469 3281 nos
1499 3227 1842 3294 abducamus,
1864 3242 1983 3282 cum
2010 3227 2113 3283 alia

530 3318 738 3372 ratione
764 3334 868 3372 non
894 3318 1157 3387 possimus
1177 3318 1340 3371 animi
1366 3318 1799 3388 tranquillitatem
1836 3318 2113 3388 consequi.

529 3409 606 3465 Ne
645 3411 823 3480 itaque
865 3410 919 3464 in
959 3424 1169 3465 cassum
1209 3409 1519 3474 doleamus,
1558 3419 1815 3481 perpetuo
1853 3411 2114 3467 furentem

530 3503 875 3571 pecuniarum
917 3516 1176 3564 amorem,
1225 3504 1312 3572 qui
1345 3518 1631 3573 numquam
1673 3504 1888 3573 reprimi
1919 3514 2111 3574 potest,

530 3594 855 3661 rcjicieutes,
883 3593 952 3648 ad
977 3594 1139 3648 alium
1169 3594 1520 3663 appellamus,
1557 3594 1646 3664 qui
1672 3610 1771 3649 nos
1801 3596 1966 3665 possit
1991 3596 2118 3652 bea-

530 3694 615 3740 tos
656 3684 889 3746 efficere.
921 3685 1117 3754 quique
1143 3685 1363 3739 multam
1415 3685 1610 3741 habeat
1655 3686 1995 3751 facilitatem;
2026 3704 2119 3743 suo

533 3792 833 3848 peritosque
861 3776 1142 3832 thesauros
1170 3778 1629 3847 concupiscamus.
1655 3778 1837 3849 Neque
1857 3781 1997 3835 enim
2030 3780 2117 3838 hic

532 3870 683 3924 labor
708 3880 908 3937 tantus,
937 3879 991 3925 et
1026 3871 1228 3925 lucrum
1273 3871 1538 3925 ineffabile
1566 3881 1666 3936 est,
1704 3888 1803 3929 nec
1829 3882 2003 3943 potest
2027 3877 2115 3945 qui

532 3963 712 4032 vigilat
751 3971 806 4016 et
842 3964 1119 4031 pr;i,-setttia
1151 3964 1394 4033 despicit,
1437 3980 1684 4033 umquam
1712 3980 1740 4019 a
1778 3980 1942 4036 scopo
1963 3966 2119 4021 abero

533 4070 655 4109 rare
679 4073 692 4109 :
725 4062 783 4109 ut
809 4064 994 4109 contra
1021 4056 1110 4126 qui
1142 4056 1243 4110 illis
1263 4058 1428 4111 servit
1456 4066 1509 4112 et
1533 4056 1743 4113 deditus
1768 4066 1871 4128 est,
1900 4061 2120 4118 omnino

535 4146 604 4200 ab
635 4145 737 4199 illis
765 4147 999 4201 excidet.

604 4238 658 4293 4.
700 4238 825 4293 [hec
866 4240 1041 4308 itaque
1079 4239 1257 4293 omnia
1285 4240 1462 4293 animo
1502 4248 1773 4309 reputans,
1803 4241 1997 4297 malam
2027 4257 2119 4312 pe-

533 4329 805 4385 cuniarum
823 4330 1304 4398 concupiscentiam
1327 4331 1392 4385 ab
1416 4331 1594 4385 animo
1617 4340 1706 4386 tuo
1725 4332 1917 4401 abjice.
1939 4332 2119 4403 Neque

534 4420 675 4475 enim
706 4419 884 4474 dicere
910 4420 1103 4489 possis,
1136 4422 1277 4474 illam
1310 4422 1447 4475 bona
1477 4424 1754 4491 praesentia
1783 4424 1932 4491 dare,
1956 4438 2115 4494 atque

536 4526 565 4565 a
594 4511 783 4565 futuris
828 4512 1096 4578 Spoliare:
1134 4529 1252 4565 nam
1302 4515 1509 4568 etiamsi
1552 4513 1652 4568 hoc
1690 4524 1850 4577 esset,
1882 4524 2116 4571 extrema

536 4612 715 4658 tamen
738 4602 849 4655 lure
870 4612 952 4656 est
979 4618 1131 4671 paena
1158 4616 1317 4674 atque
1345 4606 1681 4674 supplicium.
1708 4610 1778 4661 At
1804 4623 1907 4661 non
1935 4610 2005 4662 ita
2032 4626 2120 4666 res

536 4712 597 4753 se
626 4697 805 4752 habet.
852 4697 981 4752 Nant
1024 4707 1217 4766 praatcr
1265 4700 1595 4769 gehennam,
1638 4702 1797 4756 etiam
1836 4711 2117 4772 antequam

536 4790 622 4844 illa
651 4790 916 4855 adveniat,
961 4788 1048 4845 hic
1077 4799 1128 4844 te
1172 4791 1221 4843 in
1252 4792 1551 4860 graviorem
1604 4793 1854 4849 ultionem
1880 4796 2119 4864 conjicit.

540 4881 751 4936 Etenim
773 4881 1201 4951 concupiscentia
1222 4883 1307 4936 illa
1332 4883 1525 4937 multas
1549 4884 1736 4939 domos
1752 4887 1961 4950 evertit,
1984 4886 2120 4941 bella

537 4972 719 5041 gravia
746 4966 1016 5037 excitavit,
1039 4982 1095 5027 et
1122 4973 1352 5027 violenta
1376 4984 1547 5029 morte
1572 4976 1766 5030 multos
1786 4977 1945 5031 vitam
1967 4976 2121 5034 linire

539 5063 751 5131 corgit;
803 5064 909 5116 imo
954 5073 1079 5116 ante
1122 5062 1237 5117 hare
1276 5066 1508 5133 pericula
1553 5068 1743 5121 anima:
1789 5069 2120 5125 nobilitatem

541 5155 845 5217 labefactat,
876 5173 1125 5225 eumque,
1157 5157 1245 5226 qui
1276 5158 1365 5211 illo
1391 5158 1576 5213 morbo
1606 5170 1790 5228 eaptus
1818 5166 2128 5227 esset,timi-

544 5243 664 5303 dum
693 5255 745 5301 et
790 5248 1097 5317 ignavum’,
1139 5249 1392 5305 audacem
1440 5261 1494 5305 et
1536 5252 1844 5306 mendacem
1875 5261 1930 5307 et
1964 5267 2122 5324 syco—

544 5340 817 5409 phantam,
860 5347 915 5394 et
961 5349 1227 5407 raptorem
1267 5350 1321 5395 et
1345 5356 1583 5405 avarum,
1611 5351 1664 5396 et
1692 5342 1904 5411 quidvis
1941 5352 2119 5399 extre-

544 5447 688 5485 mum
712 5429 928 5492 dixeris,
963 5444 1106 5498 sa‘pe
1131 5430 1323 5484 effecit.
1359 5430 1463 5486 Sed
1494 5431 1797 5501 frequenter
1823 5443 1873 5487 te
1900 5432 2124 5489 fortasse

542 5525 811 5580 demulcet
835 5538 897 5575 ac
936 5522 1130 5590 decipit
1155 5524 1356 5590 argenti
1403 5524 1674 5591 splendor,
1704 5524 1986 5579 multitudo
2015 5542 2124 5581 ser-

543 5632 751 5681 vorum,
783 5615 974 5669 mdium
1020 5616 1426 5684 magniﬁcentia,
1476 5626 1530 5669 et
1566 5616 1807 5671 clientela
1841 5618 1928 5670 illa
1966 5634 2121 5688 quam

610 5749 628 5780 ι
662 5746 806 5796 Morel
848 5747 917 5797 si:
935 5746 1101 5803 habet,
1118 5751 1164 5795 et
1188 5758 1446 5806 numquam
1468 5759 1499 5795 a
1519 5744 1680 5796 morbo
1703 5741 1952 5796 liberatur.

612 5812 635 5843 ι
667 5810 889 5872 quidam,
923 5823 1119 5861 servum
1154 5813 1198 5859 ct
1223 5807 1458 5871 ignarum.

1258 346 1316 404 S.
1349 345 1625 405 JOANNIS
1649 343 2121 404 CHRYSOSTOMI
2157 344 2475 401 AliClllEP.
2517 346 3049 405 CONSTANTINOP.

3690 354 3794 411 608

2220 462 2272 515 in
2305 461 2421 514 foro
2450 461 2652 517 habes?
2680 464 2828 529 Quod
2858 463 3150 518 remedium
3177 462 3381 520 vulneri
3413 468 3599 520 tanto?
3619 467 3671 523 Si
3698 484 3796 522 co-

2211 557 2460 623 gitaveris
2502 556 2770 629 quomodo
2802 557 2882 609 his
2919 556 3184 611 afficiatur
3210 558 3420 610 anima:
3462 574 3618 628 quam
3647 570 3795 615 tene-

2212 647 2447 711 brosam,
2468 647 2969 717 desertam,turpem
2993 664 3055 703 ac
3074 650 3365 704 deformem
3386 652 3525 704 illaut
3552 652 3793 708 reddant:

2212 738 2257 793 si
2288 747 2463 792 tecum
2496 751 2710 809 reputes
2746 752 2939 808 quanta
2971 741 3105 793 mala
3138 742 3272 796 hanc
3312 743 3795 812 concupiscentiam

2212 831 2579 898 comitentur,
2651 846 2770 887 etuu
2833 834 3046 903 quantis
3111 834 3380 888 laboribus
3441 846 3494 889 ct
3549 838 3797 904 periculis

2214 923 2451 992 pecunia:
2480 934 2794 989 serventur;
2841 925 2950 979 imo
3006 941 3291 995 numquam
3348 942 3512 997 usque
3538 927 3603 981 ad
3634 928 3793 982 finem

2213 1026 2526 1083 servantur;
2556 1017 2649 1072 sed
2686 1034 2805 1071 cum
2849 1018 3084 1071 omnium
3112 1030 3334 1073 conatus
3359 1018 3623 1090 effugeris,
3651 1036 3797 1074 mors

2213 1108 2502 1165 adveniens
2548 1110 2599 1164 in
2643 1126 2831 1165 manus
2878 1112 3208 1166 inimicorum
3256 1123 3463 1166 tuorum
3517 1111 3630 1167 hare
3683 1123 3793 1168 tra-

2213 1199 2382 1265 duxit,
2439 1210 2490 1256 te
2537 1212 2667 1256 vero
2708 1202 2775 1257 ab
2803 1202 2885 1257 his
2914 1203 3179 1257 desertum
3203 1203 3416 1272 abripit,
3449 1204 3580 1259 nihil
3606 1204 3794 1259 horum

2212 1292 2562 1355 auferentem,
2607 1294 2705 1347 nisi
2743 1295 2959 1349 vulnera
2992 1294 3278 1364 ulceraque
3310 1304 3536 1360 tantum,
3560 1313 3679 1365 qua!
3707 1313 3793 1350 se-

2213 1398 2334 1437 cum
2386 1384 2622 1438 refereus
2669 1385 2843 1438 anima
2890 1384 3013 1438 hinc
3042 1387 3251 1455 migrat.
3281 1387 3411 1440 Cum
3440 1403 3568 1457 ergo
3598 1388 3795 1442 videris

2213 1475 2516 1543 quempiam
2585 1475 2876 1544 magnificis
2938 1477 3171 1530 Vestibus
3224 1476 3459 1531 exterius
3507 1476 3793 1548 fulgentem

2216 1565 2489 1634 multoque
2506 1565 2756 1632 stipatum
2777 1567 3043 1627 satellitio,
3063 1567 3177 1635 ejus
3194 1569 3568 1623 conscientiam
3589 1571 3794 1637 evolve,

2215 1658 2512 1727 multasque
2560 1660 2698 1712 intus
2742 1658 2946 1713 videbis
2985 1676 3226 1724 araneas,
3255 1666 3596 1733 cineremque
3636 1664 3797 1732 pluri-

2214 1765 2381 1803 mum.
2409 1748 2592 1819 Cogita
2625 1750 2842 1805 Paulum
2867 1760 2920 1805 et
2949 1751 3164 1805 Petrum
3195 1771 3207 1805 :
3243 1753 3413 1823 cogita
3457 1752 3712 1807 Joannem
3740 1763 3797 1808 et

2215 1837 2423 1903 Eliam;
2455 1840 2561 1892 imo
2592 1841 2765 1908 potius
2793 1841 2963 1910 ipsqu
2995 1842 3088 1895 Dei
3121 1842 3333 1907 Filium,
3357 1844 3447 1912 qui
3479 1860 3581 1897 non
3613 1844 3795 1900 habuit

2218 1931 2303 1984 ubi
2325 1940 2481 1998 caput
2505 1949 2657 1987 suum
2690 1933 2990 1989 reclinaret.
3020 1935 3147 2002 Ejus
3177 1936 3410 1990 imitator
3427 1946 3563 2003 esto,
3590 1954 3793 1994 necnon

2215 2022 2330 2089 ejus
2358 2038 2653 2083 servorum,
2698 2035 2749 2079 et
2798 2026 3192 2079 inarstimahiles
3221 2026 3336 2080 illas
3364 2026 3572 2083 divitias
3602 2031 3792 2099 cogita.

2215 2112 2365 2179 Quod
2390 2114 2433 2167 si
2459 2122 2735 2184 postquam
2766 2115 2884 2169 illas
2912 2119 3232 2186 respexeris,
3256 2132 3284 2170 a
3307 2119 3653 2175 saecularibus
3680 2121 3796 2175 istis

2216 2204 2414 2260 divitiis
2442 2206 2829 2273 obtencbreris,
2875 2209 3025 2277 quasi
3075 2210 3125 2263 in
3153 2210 3379 2279 quodam
3408 2210 3681 2283 naufragio
3720 2213 3793 2266 fu-

2216 2309 2368 2353 rente
2399 2309 2732 2368 tcmpestatc,
2773 2300 2897 2354 audi
2923 2302 3238 2356 sententiam
3268 2300 3463 2357 Christi
3510 2303 3796 2369 dicentem,

2218 2391 2547 2460 impossibile
2573 2408 2693 2447 esse
2714 2393 2929 2449 divitem
2961 2394 3159 2449 intrare
3185 2395 3235 2448 in
3267 2410 3486 2464 regnum
3522 2396 3795 2452 caelorum.

2217 2481 2297 2535 Ad
2327 2484 2461 2536 hanc
2492 2483 2807 2536 sententiam
2839 2488 3022 2538 confer
3048 2493 3100 2538 ttt
3125 2496 3353 2551 mentes,
3385 2496 3603 2555 terram,
3629 2504 3795 2554 mare;

2216 2583 2270 2628 et
2293 2574 2492 2637 omnia,
2526 2574 2569 2627 si
2591 2575 2672 2627 vis
2692 2575 3012 2645 cogitatione
3033 2592 3219 2630 aurum
3239 2577 3415 2640 facito,
3442 2578 3677 2648 nihilque
3704 2595 3798 2648 par

2219 2666 2456 2721 invenies
2476 2667 2795 2723 detrimento
2815 2670 2906 2724 tibi
2930 2669 3053 2727 hinc
3080 2670 3379 2739 importato.
3407 2670 3475 2725 Et
3504 2681 3556 2725 tu
3583 2672 3797 2742 quidem

2216 2768 2293 2813 tot
2325 2775 2589 2815 memoras
2630 2770 2785 2815 terra:
2808 2761 3014 2831 jugera,
3047 2762 3235 2816 domos
3251 2762 3458 2827 decem,
3478 2764 3559 2818 vel
3592 2764 3796 2835 viginti,

2218 2850 2405 2905 balnea
2432 2851 2670 2918 totidem,
2696 2868 2879 2906 servos
2905 2854 3067 2919 mille,
3087 2865 3181 2908 aut
3198 2854 3278 2909 bis
3302 2854 3465 2917 inille,
3500 2871 3688 2909 currus
3713 2871 3798 2909 ar-

2216 2945 2423 3014 genteis
2448 2944 2656 2999 laminis
2678 2945 2759 3000 vel
2775 2962 2906 3001 auro
2924 2955 3167 3016 opertos:
3186 2962 3284 3018 ego
3307 2957 3483 3003 autem
3500 2947 3640 3014 dico,
3659 2950 3797 3019 quod

2219 3037 2262 3090 si
2285 3037 2509 3105 quisque
2525 3035 2672 3091 dives
2688 3036 2825 3091 inter
2843 3052 2957 3103 vos,
2975 3036 3076 3092 hac
3093 3037 3273 3093 relicta
3296 3049 3606 3109 paupertate
3647 3039 3666 3111 (
3688 3040 3799 3096 haec

2218 3131 2360 3185 enim
2394 3141 2676 3201 paupertas
2703 3130 2818 3196 fuit,
2845 3141 3147 3202 comparata
3169 3149 3290 3187 cum
3328 3135 3393 3189 iis
3415 3150 3533 3205 quae
3557 3136 3798 3193 dicturus

2218 3222 2358 3293 sum)
2373 3232 2538 3277 totum
2553 3223 2849 3293 possideret
2864 3224 3067 3288 orbem,
3088 3223 3134 3277 si
3146 3224 3365 3294 quisque
3384 3234 3458 3279 tot
3471 3224 3684 3281 haberet
3699 3227 3798 3281 ho-

2219 3314 2413 3378 mines,
2444 3323 2574 3385 qttot
2599 3325 2727 3370 sunt
2750 3331 2842 3384 per
2866 3324 3026 3371 totam
3057 3325 3251 3371 terram
3273 3326 3327 3373 et
3349 3333 3518 3384 mare,
3542 3320 3586 3375 si
3608 3320 3798 3391 singuli

2220 3416 2417 3463 terram
2448 3418 2503 3463 et
2529 3424 2674 3464 mare
2702 3408 2978 3477 haberent,
3005 3419 3059 3465 et
3081 3410 3274 3480 ubique
3292 3411 3513 3467 azdilicia
3533 3425 3588 3467 et
3618 3414 3797 3479 urbes,

2218 3511 2273 3554 et
2297 3509 2504 3569 gentes,
2533 3513 2692 3571 atque
2719 3500 2951 3571 undique
2979 3516 3075 3571 pro
3097 3516 3232 3572 aqua
3265 3512 3319 3558 et
3342 3503 3576 3559 fontibus
3612 3521 3799 3560 aurum

2218 3593 2351 3663 ipsis
2379 3592 2587 3659 ﬂueret,
2621 3594 2741 3649 illos
2769 3594 2856 3663 qui
2882 3594 2951 3648 ita
2991 3594 3182 3651 divites
3201 3605 3402 3661 essent,
3434 3598 3667 3668 singulos
3692 3615 3798 3655 non

2219 3684 2376 3756 pretii
2408 3685 2567 3740 trium
2598 3685 2877 3741 obolorum
2905 3700 3026 3741 esse
3054 3686 3327 3753 ducerem,
3371 3687 3416 3742 si
3450 3704 3614 3755 regno
3642 3690 3799 3745 αιτιο-

2219 3792 2338 3833 rum
2365 3776 2690 3833 exciderent.
2719 3777 2848 3831 Nam
2872 3776 2917 3832 si
2946 3792 3084 3832 nunc
3113 3778 3182 3831 ita
3209 3777 3467 3835 noxarum
3498 3779 3798 3835 divitiarum

2220 3869 2396 3941 cupidi
2420 3871 2723 3926 cruciantur
2764 3870 2808 3925 si
2862 3886 2969 3925 non
3008 3871 3305 3941 acquirant,
3365 3872 3409 3925 si
3453 3871 3797 3928 inelfabilium

2221 3962 2481 4018 bonorum
2511 3962 2743 4031 aliquem
2771 3976 2985 4017 sensum
3016 3962 3262 4027 habeant,
3292 3962 3415 4032 quid
3444 3964 3545 4019 illis
3580 3963 3645 4018 ad
3670 3979 3797 4019 con-

2222 4056 2535 4112 solationem
2581 4057 2710 4111 satis
2749 4056 2890 4110 erit?
2916 4055 3057 4109 Nihil
3086 4064 3249 4111 certe.
3292 4055 3370 4111 Ne
3396 4056 3523 4113 mihi
3553 4072 3678 4127 ergo
3707 4072 3797 4125 pe-

2221 4149 2499 4205 cuniarum
2542 4149 2749 4219 copiam
2801 4164 3118 4215 recenseas;
3175 4148 3268 4203 sed
3317 4149 3489 4220 cogita
3540 4158 3796 4220 quantum

2222 4241 2471 4299 damnum
2502 4242 2623 4296 hinc
2654 4242 2901 4296 hauriant
2927 4242 3133 4295 illarum
3164 4249 3450 4306 amatores,
3483 4242 3569 4310 qui
3597 4257 3693 4311 pro
3734 4242 3801 4296 iis

2222 4338 2382 4391 caelos
2402 4335 2669 4401 amittunt,
2702 4334 3036 4404 idipsumque
3066 4336 3356 4402 patiuntur,
3387 4348 3450 4389 ac
3487 4335 3530 4389 si
3561 4335 3678 4404 quis
3704 4334 3800 4388 ho-

2224 4444 2355 4484 nore
2404 4429 2517 4493 illo,
2570 4429 2659 4498 qui
2705 4428 2755 4482 in
2805 4428 2946 4499 regia
2998 4427 3247 4491 habetur,
3299 4428 3519 4493 amisso,
3548 4428 3800 4483 stercoris

2223 4536 2472 4575 acervum
2504 4520 2782 4590 possidens
2817 4520 3176 4591 glorietur,'et
3195 4521 3360 4574 altum
3393 4519 3461 4575 de
3489 4520 3579 4573 illo
3608 4521 3797 4589 sapiat.

2223 4611 2398 4666 Nihilo
2425 4613 2565 4666 enim
2599 4611 2804 4673 melior,
2843 4612 2950 4665 imo
2990 4613 3139 4680 pejor
3167 4620 3250 4667 est
3278 4611 3581 4666 divitiarum
3612 4626 3802 4665 cumu-

2226 4702 2328 4764 lus,
2357 4718 2514 4771 quam
2540 4702 2628 4755 ille
2653 4717 2892 4757 acervus.
2921 4701 3051 4755 Nam
3079 4712 3285 4755 stercus
3310 4711 3392 4757 est
3420 4701 3486 4755 ad
3516 4702 3804 4771 agricultu-

2226 4809 2339 4849 ram
2387 4795 2537 4859 utile,
2587 4810 2791 4848 necnon
2833 4794 2899 4847 ad
2944 4793 3131 4848 balnea
3178 4793 3602 4861 calefacienda‘,
3642 4806 3697 4849 et
3736 4795 3803 4848 ad

2226 4886 2466 4955 qtuedam
2512 4885 2733 4947 similia;
2764 4900 2948 4938 aurum
2979 4900 3107 4939 vero
3132 4885 3415 4940 sulfossum
3443 4885 3509 4939 ad
3540 4885 3669 4939 nihil
3708 4885 3806 4938 ho—

2227 4994 2344 5033 rnm
2393 4978 2632 5032 adhiberi
2684 4985 2893 5046 potest:
2923 4986 3082 5047 atque
3123 4978 3323 5031 utinam
3369 4978 3555 5032 inutile
3598 4987 3804 5032 tantum

2227 5080 2400 5137 esset;
2434 5087 2575 5127 nunc
2592 5080 2767 5125 autem
2797 5071 2991 5125 multas
3012 5070 3223 5125 habenti
3246 5070 3518 5125 succendit
3537 5069 3801 5135 fornaces,

2227 5166 2327 5220 nisi
2374 5180 2440 5220 eo
2489 5174 2546 5219 ut
2592 5172 2802 5232 0p0rtet
2844 5174 3059 5217 utatur:
3093 5164 3233 5217 mille
3277 5164 3472 5232 quippe
3501 5163 3636 5216 mala
3682 5162 3805 5217 hinc

2226 5258 2490 5312 oriuntur.
2509 5255 2843 5323 Quapropter
2858 5252 3023 5307 exteri
3047 5253 3330 5322 scriptores
3347 5268 3523 5307 arcem
3546 5253 3804 5307 malormn

2227 5351 2500 5404 avaritiam
2541 5358 2766 5412 vocant;
2812 5349 2995 5401 heatus
3021 5362 3148 5402 vero
3175 5348 3388 5411 Paulus,
3422 5349 3574 5417 longe
3614 5346 3805 5400 melius

2228 5453 2425 5498 etcum
2462 5441 2660 5509 majore
2698 5440 2957 5508 emphasi.
2990 5439 3220 5493 radicem
3266 5439 3523 5492 malorum
3568 5438 3803 5490 omnium

2230 5536 2395 5605 ipsam
2433 5531 2713 5601 appellavit
2741 5530 2829 5603 (l.
2860 5530 2992 5584 Tim.
3020 5531 3073 5585 6.
3105 5530 3172 5585 lO
3199 5527 3241 5599 ).
3267 5529 3390 5583 Haec
3420 5530 3594 5597 itaque
3628 5528 3807 5581 omnia

2228 5625 2544 5694 cogitantes,
2569 5623 2879 5678 :emulemur
2898 5638 2959 5679 ea
2981 5638 3099 5693 qua':
3121 5620 3277 5691 digna
3305 5628 3427 5674 sunt
3444 5619 3805 5673 attnulatiouc:

2230 5805 2261 5868 r
2282 5744 2486 5854 ἑὴδᾶιιῗιο
2511 5740 2649 5794 Savil.
2672 5740 2935 5807 legendum
2980 5747 3131 5801 esset,
3174 5738 3522 5802 prwparanda,
3547 5750 3652 5801 [πὀν
3686 5733 3803 5786 τώ

2251 5819 2280 5854 u
2345 5818 2356 5833 ν
2428 5820 2476 5855 a.

2251 5818 2476 5855 ucwmta.
