4140 6376
195 362 302 423 607

191 479 282 532 ινα
307 476 381 550 μὴ
401 474 632 548 ἀκίχητα
655 475 875 550 διώκῃς,
899 474 994 531 καὶ
1029 475 1228 534 ἀνίατα
1249 482 1432 552 νοσῇς,
1452 483 1548 534 καὶ
1584 481 1874 537 ἐλεεινότε-

189 575 288 626 ρος
307 556 374 630 ᾖς
391 559 617 612 τοιαῦτα
637 557 862 611 λυττῶν.
881 557 1194 630 Ἀπόκριναι
1214 559 1324 631 γάρ
1347 577 1458 630 μοι,
1479 561 1600 614 τίνα
1626 562 1692 616 ἂν
1721 563 1867 633 φαίη.

162 640 174 648 ’
191 656 295 709 μεν
317 637 701 710 βασανίζεσθαι
720 639 814 691 καὶ
833 638 1145 701 ὀδυνᾶσθαι,
1167 640 1259 692 τὸν
1280 639 1653 711 ἐπιθυμοῦντα
1687 641 1875 694 σιτίων

192 720 289 771 καὶ
309 719 489 772 πότων
527 718 835 772 πολυτελῶν
875 719 942 782 ⁵⁸,
965 718 1058 771 καὶ
1095 718 1195 772 οὐκ
1231 718 1424 790 ἔχοντα
1460 720 1766 774 ἀπολαῦσαι
1799 720 1875 783 ῶς

193 797 510 869 βούλεταγῆ
534 799 627 853 τὸν
650 798 748 852 οὐκ
787 798 977 869 ἔχοντα
1006 799 1303 870 ἐπιθυμίαν
1323 800 1608 870 τοιαύτην;
1639 799 1876 871 Εὔδηλον

193 879 278 932 ’ὁτι
297 879 389 932 τὸν
421 878 793 948 ἐπιθυμοῦντα
831 880 948 942 μὲν.
977 880 1036 932 οὑ
1073 879 1369 949 δυνάμενον
1400 880 1456 933 δέ
1481 883 1770 952 μετασχεῖν
1801 873 1876 934 ὧν

195 957 356 1010 ἐπιθυ
365 961 472 1028 μεῖ.
510 957 666 1012 Οῦτω
687 959 796 1029 γάρ
815 959 929 1010 ἐστι
948 957 1105 1011 τοῦτο
1127 958 1282 1028 ὀδύνη
1292 959 1402 1029 ρον,
1426 959 1487 1012 τὺ
1505 957 1878 1030 ἐπιθυμοῦντα

199 1037 278 1108 μὴ
299 1037 613 1102 ἀπολαύειν,
635 1040 727 1091 καὶ
741 1039 980 1107 διψῶντα
1003 1039 1078 1110 μὴ
1099 1039 1294 1098 πίνειν.
1318 1039 1392 1104 ὡς
1415 1039 1508 1092 καὶ
1527 1039 1626 1110 τὴν
1654 1040 1879 1108 γέενναν

199 1117 520 1186 βουλόμενον
541 1119 670 1186 ἡμῖν
692 1116 842 1188 [652]
865 1117 1176 1188 ὑπογράψαι
1195 1118 1288 1171 τὸν
1302 1118 1555 1188 Χριστὸν,
1575 1118 1764 1173 τοῦτον
1783 1120 1880 1172 αὑσ

197 1196 301 1266 τὴν
321 1195 634 1268 ὑπογράψαι
655 1196 744 1248 τὸν
762 1195 982 1266 τρόπον,
1005 1196 1100 1250 καὶ
1137 1197 1229 1249 τὸν
1269 1195 1523 1249 πλούσιον
1553 1196 1727 1261 οὑτως
1764 1200 1880 1251 εἰσ-

199 1275 430 1341 αγαγεῖν
492 1275 1065 1346 ἀποτηγανιζόμενον·
1116 1275 1398 1346 ἐπιθυμῶν
1461 1277 1572 1348 γὰρ
1622 1277 1881 1346 σταγόνος

148 1422 152 1426 η
201 1354 416 1417 ὓδατος,
450 1354 547 1408 καί⁵
588 1355 662 1424 μὴ
701 1353 1010 1418 ἀπολαύων,
1049 1355 1220 1420 οὕτως
1260 1354 1569 1420 ἐκολάζετο.
1608 1356 1822 1412 Οὐκοῦν
1852 1358 1881 1411 ὁ

205 1433 309 1504 μὲν
337 1433 636 1504 χρημάτων
666 1434 1020 1505 καταφρονῶν
1047 1435 1243 1505 ἔστησε
1269 1434 1367 1506 τὴν
1412 1436 1738 1506 ἐπιθυμίαν·
1770 1439 1798 1490 ὁ
1825 1437 1882 1490 δέ

201 1513 456 1566 πλουτεῖν
490 1511 836 1583 βουλόμενος,
859 1515 952 1566 καὶ
976 1514 1399 1586 περιϐάλλεσθαι
1426 1515 1488 1568 π)
1500 1516 1613 1582 είω,
1639 1515 1816 1586 ἀνῆψε
1837 1517 1882 1548 ⁸⁸

207 1593 430 1664 μᾶλλον,
460 1591 554 1645 καὶ
582 1593 796 1646 οὐδέπω
829 1594 1044 1646 ἵσταται
1065 1610 1080 1624 ⁶
1113 1594 1249 1649 ἀλλὰ
1277 1594 1380 1648 κᾶν
1413 1596 1582 1668 μυρία
1614 1595 1753 1666 λάϐῃ
1787 1594 1883 1648 τά-

202 1671 393 1737 λαντα,
418 1672 620 1742 ἐτέρων
640 1671 910 1725 τοσούτων
937 1673 1228 1743 ἐπιθυμεῖ·
1260 1673 1364 1727 κᾶν
1386 1673 1593 1728 τούτων
1623 1674 1879 1745 ἐπιτύχῃ,

206 1751 372 1804 πάλιν
409 1750 492 1812 δὶς
520 1748 791 1803 τοσούτων
821 1751 996 1804 ἀλλων
1027 1753 1267 1819 ἐφίεταιο
1303 1753 1397 1807 καὶ
1431 1751 1658 1823 προῖὼν,
1691 1753 1786 1805 καὶ
1817 1753 1887 1806 τά

204 1829 331 1901 ὅρη,
368 1831 464 1882 καὶ
484 1829 584 1898 τὴν
612 1830 740 1898 γῆν,
768 1831 862 1882 καὶ
888 1831 986 1898 τὴν
1017 1830 1305 1896 θάλατταν,
1335 1831 1429 1884 καὶ
1457 1831 1635 1885 πάντα
1668 1829 1888 1902 εὔχεται

205 1909 358 1980 αὐτῷ
393 1910 646 1977 γενέσθαι
666 1909 868 1979 χρυσὸν
894 1910 932 1971 ¹,
965 1911 1161 1980 καινήν
1184 1926 1306 1963 τινα
1336 1911 1530 1980 μανίαν
1564 1911 1889 1980 μαινόμενος

207 1991 305 2043 καὶ
337 1989 596 2060 φοϐεράν,
629 1989 724 2042 καὶ
761 1987 1018 2041 οὐδέποτε
1050 1987 1194 2041 οὑτω
1225 1987 1520 2058 σϐεσθῆναι
1559 1989 1884 2059 δυναμένην.

208 2073 322 2126 Καὶ
350 2073 436 2126 ἵνα
469 2071 670 2144 μάθῃς,
706 2072 789 2124 ὅτι
816 2072 877 2124 οὐ
906 2074 970 2143 τῇ
1001 2070 1309 2142 προσθήκῃ,
1339 2071 1476 2124 ἀλλὰ
1504 2073 1570 2141 τῇ
1600 2071 1888 2141 ἀφαιρέσει

205 2156 368 2210 τοῦτο
394 2156 606 2209 ἵσταται
634 2154 696 2208 τὸ
723 2153 893 2207 κακόν
914 2171 928 2185 ο
961 2155 1011 2206 εί
1029 2156 1048 2184 '
1081 2171 1162 2206 σοι
1196 2156 1421 2222 γέγονεν
1449 2152 1717 2224 ἐπιθυμία
1757 2153 1889 2206 ποτέ

209 2236 412 2299 ἄτοπος
448 2235 648 2301 πτῆναι
690 2233 786 2286 καὶ
829 2233 897 2286 δι’
933 2233 1094 2303 ἀέρος
1129 2232 1439 2303 ἐνεχθῆναι,
1477 2231 1594 2296 πῶς
1617 2233 1637 2263 ⁸
1675 2231 1741 2285 ἂν
1787 2232 1888 2302 τὴν

205 2316 411 2371 ἄτοπον
447 2311 654 2385 ταύτην
685 2312 911 2376 ἔσϐεσας
943 2312 1271 2382 ἐπιθυμίαν;
1308 2313 1385 2383 τῷ
1419 2311 1597 2383 πτερὰ
1627 2311 1889 2364 διαπλάτ-

207 2413 346 2460 τειν,
378 2397 470 2450 καὶ
498 2395 664 2466 ἔτερα
698 2395 905 2465 ὄργανα
931 2394 1398 2461 κατασκευάζεινς
1428 2393 1462 2464 ἢ
1485 2392 1564 2463 τῷ
1587 2395 1772 2446 πεῖσαι
1797 2391 1890 2445 τὸν

207 2474 493 2547 λογισμὸν,
541 2476 624 2528 ὅτι
673 2473 950 2528 ἀδυνάτων
1006 2473 1284 2544 ἐπιθυμεῖ,
1334 2475 1430 2526 καὶ
1461 2473 1638 2526 οὐδενὶ
1681 2472 1890 2526 τούτων

209 2559 509 2628 ἐπιχειρεῖν
541 2556 655 2622 δεῖ;
701 2555 939 2627 Εὔδηλον
986 2556 1068 2608 ὅτι
1121 2555 1200 2626 τῷ
1241 2557 1428 2609 πεῖσαι
1472 2555 1562 2609 τὸν
1607 2554 1889 2625 λογισμόν.

223 2637 368 2690 Ἀλλ’
393 2638 591 2697 ἐκεῖνο,
636 2636 820 2706 φησὶν,
865 2635 1142 2688 ἀδύνατον.
1187 2633 1347 2687 Ἀλλὰ
1380 2632 1659 2687 καὶτοῦτο
1700 2633 1894 2688 ἀδυνα-

209 2715 470 2787 τὼτερον,
495 2716 556 2768 τὸ
579 2716 678 2786 τῆς
708 2713 1002 2784 ἐπιθυμίας
1032 2715 1231 2783 ταύτης
1265 2714 1389 2784 ὅρον
1416 2713 1616 2783 εὑρεῖν.
1643 2713 1754 2766 Καὶ
1783 2711 1892 2784 γὰρ

212 2795 580 2867 εὐκολώτερον
625 2792 945 2866 ἀνθρώπους
976 2795 1135 2858 ὂντας
1175 2795 1395 2862 πτῆναι,
1437 2792 1470 2864 ἢ
1505 2796 1569 2864 τῇ
1607 2792 1894 2865 προσθήκῃ

245 2875 310 2927 οῦ
346 2873 589 2935 πλείονος
630 2873 834 2925 παῦσαι
876 2872 968 2926 τὸν
1012 2872 1210 2943 ἔρωτα.
1238 2873 1406 2924 Ὅταν
1456 2871 1554 2942 μὲν
1584 2867 1752 2945 γάρῇ
1798 2870 1895 2924 δυ·-

215 2953 355 3009 νατά
381 2954 451 3007 τὰ
488 2951 806 3023 ἐπιθυμητὰ
829 2952 871 3019 δ,
900 2955 965 3022 τῇ
1000 2952 1296 3005 ἀπολαύσει
1327 2949 1774 3021 παραμυθεῖσθαι
1802 2949 1896 3002 δυο

213 3033 408 3087 νατόν·
449 3033 577 3084 ὅταν
611 3032 670 3084 δὲ
711 3033 965 3090 ἀδύνατα,
1005 3030 1063 3084 ἐν
1103 3031 1184 3083 δεῖ
1236 3030 1556 3094 σπουδάζειν
1607 3029 1785 3098 μόνον,
1830 3028 1894 3081 τὸ

211 3115 318 3185 τῆς
367 3113 666 3184 ἐπιθυμίας
720 3114 867 3183 ἡμᾶς
902 3113 1100 3174 αὐτοὺς
1128 3111 1148 3142 ⁵
1199 3112 1527 3178 ἀπαγαγεῖν,
1567 3107 1643 3171 ὡς
1690 3109 1894 3180 ἑτέρως

215 3212 284 3265 γε
313 3194 414 3248 οὐκ
447 3195 565 3249 ἐνὸν
598 3192 1006 3262 ἀνακτήσασθαι
1049 3193 1146 3260 τὴν
1179 3190 1378 3261 ψυχήν.
1403 3189 1502 3242 "lv’
1543 3186 1634 3244 οῦν
1673 3187 1748 3258 μὴ
1793 3205 1893 3240 πε-

218 3275 381 3348 ριττὰ
408 3275 742 3346 όδυνὼμεθα,
783 3274 873 3327 τὸν
920 3271 1181 3342 διηνεκῶς
1227 3270 1500 3324 λυποῦντα
1524 3271 1544 3302 ⁸
1572 3271 1752 3343 ἔρωτα
1786 3269 1895 3322 τῶν

214 3355 519 3427 χρημάτων
554 3356 648 3407 καὶ
688 3353 943 3407 οὐδέποτε
994 3352 1214 3422 σιγῆσαι
1261 3353 1587 3422 ἀνεχόμενον
1632 3349 1893 3420 ἀφέντες,

215 3437 308 3506 ἐφ’
345 3437 528 3506 ἔτερον
584 3431 1074 3505 μεθορμισώμεθα,
1121 3431 1214 3485 τὸν
1257 3433 1351 3486 καὶ
1397 3433 1700 3502 μακαρίους
1749 3432 1898 3502 ἡμᾶς

213 3515 506 3578 ποιοῦντα,
559 3515 654 3566 καὶ
709 3513 909 3584 πολλὴν
961 3512 1152 3582 ἔχοντα
1198 3511 1298 3582 τὴν
1336 3511 1607 3574 εὐκολίαν,
1653 3510 1747 3564 καὶ
1787 3510 1897 3562 τῶν

213 3594 332 3648 ἄνω
363 3593 654 3664 θησαυρῶν
680 3593 1134 3663 ἐπιθυμήσωμεν.
1164 3590 1300 3645 Οὔτε
1329 3592 1435 3664 γὰρ
1467 3591 1629 3653 πόνος
1657 3588 1898 3643 ἐνταῦθα

211 3675 505 3740 τοσοῦτος,
554 3675 650 3728 καὶ
690 3675 752 3727 τὸ
801 3674 991 3744 κέρδος
1043 3674 1270 3742 ἄφατον,
1320 3674 1416 3726 καί
1459 3673 1753 3742 ἀποτυχεῖν
1798 3670 1900 3723 οὐκ

213 3755 299 3808 ἔνι
343 3755 434 3808 τὸν
475 3755 568 3807 καὶ
592 3753 610 3784 τ
656 3754 902 3808 ὁπωσοῦν
948 3753 1336 3824 ἀγρυπνοῦντα
1377 3754 1472 3807 καὶ
1513 3754 1756 3822 νήφοντα
1803 3749 1899 3803 καὶ

212 3835 326 3888 τῶν
367 3835 648 3908 παρόντων
686 3832 1037 3906 ὑπερορῶντα
1057 3853 1069 3866 ·
1103 3833 1292 3904 ὥσπερ
1319 3827 1412 3886 οῦν
1443 3831 1536 3885 τὸν
1572 3829 1897 3884 δουλεύοντα

213 3917 405 3978 αὐτοῖς
447 3916 540 3969 καὶ
568 3915 917 3987 ἐκδεδομένον
946 3911 1180 3979 εἰσάπαξ
1207 3913 1425 3983 ἀνάγκη
1455 3913 1607 3966 πᾶσα
1642 3910 1900 3964 ἐκπεσεῖν

214 3997 468 4052 ἐκείνων.

289 4147 356 4201 δ’.
397 4145 562 4200 Ταῦτ’
593 4139 686 4199 οῦν
715 4145 929 4199 ᾶπαντα
958 4143 1327 4215 λογιζόμενος.
1359 4141 1458 4213 τὴν
1496 4141 1742 4213 πονηράν
1776 4143 1901 4197 ἐπι-

217 4228 424 4300 θυμίαν
471 4227 668 4281 ἔκϐαλε
707 4226 815 4280 τῶν
866 4225 1185 4297 χρημάτων.
1232 4222 1364 4277 Οὐδὲ
1401 4222 1508 4293 γὰρ
1548 4220 1707 4274 τοῦτο
1750 4219 1902 4291 ἔχοις

217 4310 290 4364 ἂν
315 4310 512 4372 εἰπεῖν,
541 4307 622 4360 ὅτι
652 4305 722 4359 τὰ
775 4305 872 4376 μὲν
906 4305 1152 4376 παρόντα
1195 4303 1401 4366 δίδωσι,
1433 4301 1541 4354 τῶν
1583 4301 1640 4354 δέ
1677 4301 1898 4372 μελλόν-

216 4405 332 4443 των
373 4389 697 4458 ἀποστερεῖ·
734 4387 912 4439 καίτοι
962 4386 1057 4439 καὶ⁸
1094 4386 1142 4438 εἰ
1174 4382 1330 4437 τοῦτο
1365 4378 1455 4454 ἦν,
1489 4381 1692 4452 ἐσχάτη
1735 4381 1897 4437 τοῦτο

220 4461 447 4530 κόλασις
475 4467 570 4519 καὶ
607 4466 866 4536 τιμωρία.
904 4464 1017 4517 Νῦν
1047 4464 1104 4518 δέ
1134 4463 1256 4518 οὐδέ
1283 4461 1441 4515 τοῦτο
1469 4460 1567 4514 ἔνι.
1595 4461 1748 4516 Μετά
1790 4463 1901 4534 γὰρ

217 4547 320 4616 τῆς
379 4545 601 4614 γεέννης
660 4547 755 4599 καὶ
798 4543 903 4616 πρδ
950 4543 1048 4614 τῆς
1081 4542 1307 4612 γεέννης
1352 4541 1568 4609 ἐκείνης
1601 4581 1617 4606 ,
1679 4542 1773 4595 καὶ
1811 4544 1900 4596 ἐν-

219 4625 404 4681 ταῦθα
439 4627 519 4690 εἰς
549 4625 932 4696 χαλεπωτέραν
974 4640 1033 4676 σε
1073 4621 1332 4693 ἐμϐάλλει
1365 4621 1761 4675 κόλασιν.’Καὶ
1791 4623 1901 4692 γὰρ

221 4705 403 4769 οἰκίας
433 4704 636 4767 πολλάς
679 4707 712 4776 ἡ
746 4706 1011 4776 ἐπιθυμία
1052 4703 1188 4774 αῦτη
1214 4703 1236 4735 ⁸
1265 4703 1550 4773 ἀνέτρεψε,
1599 4703 1694 4755 καὶ⁸
1741 4702 1902 4774 χαλε-

220 4787 364 4850 ποὺς
392 4786 663 4857 πολέμους
691 4786 1036 4858 ἀνερρίπισε,
1063 4785 1158 4836 καὶ
1204 4783 1364 4853 βιαίῳ
1407 4781 1621 4852 θανάτῳ
1665 4781 1904 4835 καταλῦ-

224 4886 322 4923 σαι
357 4870 445 4923 τὸν
487 4867 602 4937 βίον
651 4869 1060 4936 κατηνάγκασεο
1109 4864 1204 4917 καλ⁵
1251 4863 1359 4932 πρὸ
1397 4861 1504 4914 τῶν
1551 4859 1810 4914 κινδύνων
1845 4860 1904 4914 δὲ

220 4949 432 5002 τούτων
458 4950 558 5019 τῆς
590 4947 769 5020 ψυχῆς
814 4945 1134 5016 λυμαίνεται
1173 4942 1273 5013 τὴν
1312 4941 1631 5009 εὐγένειαν·
1667 4941 1761 4994 καὶ
1797 4940 1904 4994 δει-

221 5030 321 5084 λὸν
345 5031 388 5095 ⁸,
423 5031 516 5083 καὶ
553 5031 836 5101 ἄνανδρον,
865 5028 959 5081 καί
992 5026 1219 5097 θρασὺν,
1261 5023 1356 5075 καὶ
1391 5023 1653 5092 ψεύστην,
1684 5021 1778 5074 καὶ
1811 5039 1906 5074 συ-

224 5109 526 5178 κοφάντην,
551 5111 646 5163 καὶ
674 5110 919 5179 ἅρπαγα,
942 5106 1036 5159 καὶ
1065 5104 1414 5171 πλεονέκτην,
1449 5102 1543 5155 καὶ
1590 5103 1658 5156 τά
1705 5101 1907 5171 ἔσχατα

223 5189 408 5244 πάντα
440 5189 531 5241 τὸν
583 5188 775 5258 ἔχοντα
814 5185 1074 5248 πολλάκις
1118 5183 1430 5254 εἰργάσατο.
1477 5180 1618 5232 Ἀλλ’
1649 5182 1779 5243 ἴσως
1807 5180 1906 5248 τὴν

224 5269 549 5339 λαμπηδόνα
564 5269 657 5323 τοῦ
687 5268 974 5340 ἀργυρίου,
1006 5267 1099 5320 καὶ
1127 5263 1278 5337 [655]
1293 5264 1400 5316 τῶν
1426 5261 1648 5316 οἰκετῶν
1671 5258 1732 5313 τὸ
1766 5259 1904 5330 πλῆ-

1244 362 1312 425 IN
1349 363 1770 426 MATTHASUM
1812 365 2044 425 IIOMIL.
2095 364 2283 423 LXIII.
2314 357 2395 420 ει.
2430 364 2614 420 LXIV.

3544 361 3648 420 608

1975 482 2086 546 θος,
2115 483 2206 536 καὶ
2222 481 2329 535 τῶν
2355 475 2804 550 οἰκοδομημάτων
2820 476 2879 532 τὸ
2903 476 3117 543 κάλλος,
3137 477 3229 534 καὶ
3241 476 3340 551 τὴν
3356 479 3653 554 θεραπείαν

1985 560 2073 630 τὴν
2122 560 2209 613 ἐπ’
2237 561 2444 630 ἀγορᾶς
2473 559 2614 630 ὁρῶν
2646 557 3054 629 καταγοητεύῃ;
3090 557 3188 622 Τίς
3221 554 3315 613 οῦν
3344 561 3411 614 ἂν
3441 561 3654 631 γένοιτο

1977 638 2245 711 θεραπεία
2269 641 2346 711 τῷ
2371 637 2593 709 πονηρῷ
2634 637 2911 710 τραύματι
2935 638 2977 670 ¹⁶
3003 638 3212 711 τούτῳ;
3243 642 3342 695 Ἂν
3372 643 3652 714 ἐννοήσῃς,

1977 719 2096 782 πῶς
2146 737 2228 774 σοι
2272 719 2446 774 ταῦτα
2484 719 2583 789 τὴν
2626 717 2803 789 ψυχὴν
2857 718 3164 790 διατίθησιο
3200 719 3318 785 πῶς
3373 722 3656 793 σκοτεινὴν

1977 799 2073 853 καὶ
2121 799 2324 871 ἔρημον
2373 798 2468 852 καὶ
2512 798 2744 868 αἰσχρὰν
2773 797 2940 868 αὐτὴν
2983 798 3382 865 κατασκευάζει
3417 801 3655 858 γαίδυσ-

1978 877 2116 949 ειδῆ·
2153 880 2220 932 ἂν
2273 877 2466 948 λογίσῃ
2503 877 2623 948 μεθ’
2653 878 2792 930 ὅσων
2819 876 2992 930 ταῦτα
3022 878 3223 950 ἐκτήθη
3270 879 3460 932 κακῶν
3487 920 3500 937 .
3533 878 3656 950 μεθ’

1977 956 2118 1010 ὅσων
2151 957 2473 1028 φυλάττεται
2505 956 2705 1021 πόνων,
2744 956 2863 1027 μεθ’
2885 957 3025 1010 ὅσων
3056 959 3334 1011 κινδύνωνο
3370 955 3569 1028 μᾶλλον
3597 957 3656 1012 δὲ

1978 1037 2100 1091 οὑδέ
2134 1036 2460 1106 φυλάττεται
2495 1035 2654 1106 μέχρι
2683 1035 2891 1099 τέλους,
2945 1035 3059 1088 ἀλλ’
3098 1037 3225 1089 ὅταν
3253 1036 3510 1090 ἁπάντων
3536 1037 3656 1090 δια-

1982 1119 2132 1192 φύγῃ
2153 1119 2193 1150 ³⁸
2227 1117 2326 1182 τὰς
2351 1115 2539 1179 λαϐὰς,
2566 1118 2594 1168 ὁ
2615 1115 3103 1178 θάνατοςέπελθὼν
3121 1115 3294 1169 ταῦτα
3325 1117 3426 1188 μὲν
3450 1117 3530 1180 εἰς
3557 1115 3658 1179 τὰς

1979 1191 2240 1250 τῶνίσῶν
2278 1194 2488 1266 ἐχθρῶν
2525 1194 2784 1258 πολλάκις
2823 1191 3063 1265 ἐξήγαγε
3107 1197 3319 1266 χεῖρας,
3353 1196 3413 1248 σὲ
3440 1196 3499 1250 δὲ
3531 1194 3660 1266 ερη-

1985 1293 2086 1348 μον
2111 1275 2293 1330 λαϐὼν
2320 1276 2558 1338 ἄπεισιν,
2595 1274 2745 1327 οὐδὲν
2789 1273 2996 1328 τούτων
3027 1275 3443 1346 ἐπισυρόμενον,
3474 1274 3588 1328 ἀλλ’
3623 1273 3657 1345 ἢ

1981 1355 2050 1409 τά
2079 1353 2370 1427 τραύματα
2403 1355 2498 1408 καὶ
2531 1354 2600 1407 τὰ
2629 1353 2759 1424 ἕλκη
2791 1353 2974 1424 μόνον,
3017 1356 3160 1426 ἅπερ
3216 1356 3282 1408 ἐκ
3329 1353 3532 1409 τούτων
3561 1354 3662 1408 λα-

1983 1436 2156 1490 ϐοῦσα
2186 1437 2404 1490 ἄπεισιν
2437 1437 2469 1506 ἠ
2501 1434 2668 1505 ψυχή.
2698 1434 2870 1488 Ὅταν
2916 1429 3009 1489 οῦν
3058 1435 3175 1506 ἴδῃς
3224 1435 3343 1489 τινὰ
3378 1435 3664 1505 λάμποντα

1983 1515 2181 1580 ἔξωθεν
2227 1514 2338 1568 ἀπὸ
2369 1515 2478 1568 τῶν
2509 1514 2738 1584 ἱματίων
2785 1514 2882 1568 καὶ
2921 1517 3022 1585 τῆς
3071 1514 3272 1586 πολλῆς
3311 1514 3661 1586 δορυφορίας,

1983 1595 2290 1661 ἀνάπτυξον
2318 1593 2482 1647 αὑτοῦ
2516 1593 2577 1645 τὸ
2618 1592 2878 1658 συνειδὸς,
2918 1593 3014 1646 καὶ
3053 1592 3254 1664 πολλὴν
3282 1595 3536 1664 εὑρήσεις
3564 1593 3663 1663 τὴν

1986 1676 2236 1746 ἀράχνην
2289 1675 2457 1736 ἔνδον,
2494 1673 2587 1728 καὶ
2619 1672 2819 1744 πολλὴν
2865 1672 2963 1744 τὴν
3014 1673 3162 1727 κόνιν
3208 1673 3347 1742 ὄψει.
3381 1672 3664 1744 Ἐννόησον

1987 1757 2079 1809 τὸν
2132 1755 2364 1818 Παῦλον,
2413 1756 2504 1807 τὸν
2541 1754 2766 1823 Πέτρον
2817 1752 3070 1822 ἐννόησον
3112 1752 3204 1804 τὸν
3246 1751 3523 1822 Ἰωάννην,
3572 1751 3665 1804 τὸν

2001 1836 2207 1891 Ἠλίαν·
2249 1835 2449 1907 μᾶλλον
2496 1835 2552 1888 δὲ
2601 1832 2764 1888 αὑτὸν
2799 1831 2891 1884 τὸν
2924 1831 3052 1884 Υίὸν
3103 1830 3198 1884 τοῦ
3243 1831 3402 1902 Θεοῦ,
3443 1831 3534 1884 τὸν
3565 1832 3668 1885 οὐκ

1989 1915 2183 1986 ἔχοντα
2218 1915 2320 1969 ποῦ
2349 1916 2448 1985 τὴν
2478 1913 2720 1983 κεφαλὴν
2752 1911 2948 1964 κλῖναι.
2999 1910 3238 1964 Ἐκείνου
3282 1912 3530 1982 ζηλωτὴς
3571 1926 3667 1979 γε-

1989 1995 2104 2060 νοῦ,
2147 1995 2242 2049 καὶ
2269 1994 2378 2048 τῶν
2409 1994 2618 2047 ἐκείνου
2659 1990 2882 2054 δούλων,
2914 1990 3007 2042 καὶ
3034 1989 3124 2043 τὸν
3155 1990 3358 2058 ἄφατον
3384 1990 3590 2044 τούτων
3623 1991 3667 2022 ¹²

1992 2075 2266 2145 φαντάζου
2297 2073 2548 2127 πλοῦτον.
2603 2073 2667 2124 Εἰ
2710 2071 2768 2124 δέ
2807 2069 3001 2140 μικρὸν
3030 2070 3323 2141 διαϐλέψας
3366 2073 3432 2124 ἐκ
3462 2070 3670 2124 τούτων

1991 2155 2323 2224 σκοτωθείης
2354 2153 2538 2216 πάλιν,
2571 2150 2819 2220 καθάπερ
2852 2151 2908 2202 ἔν
2937 2167 3042 2204 τινι
3065 2152 3309 2222 ναυαγίῳ
3355 2149 3668 2218 καταιγίδος

1991 2233 2346 2302 ἐπελθούσης,
2375 2232 2606 2286 ἄκουσον
2631 2233 2730 2301 τῆς
2759 2229 3086 2299 ἀποφάσεως
3113 2231 3206 2284 τοῦ
3233 2230 3470 2301 Χριστοῦ
3495 2230 3594 2300 τῆς
3625 2227 3669 2260 ’³

1990 2313 2283 2383 λεγούσης,
2311 2315 2394 2367 ὅτι
2427 2312 2688 2365 ἀδύνατον
2717 2311 2975 2364 πλούσιον
3012 2311 3272 2364 εἰσελθεῖν
3310 2312 3391 2375 είς
3423 2310 3521 2382 τὴν
3575 2311 3672 2378 βα-

1994 2393 2197 2448 σιλείαν
2224 2393 2330 2446 τῶν
2359 2391 2624 2462 οὐρανῶν.
2670 2392 2781 2444 Καὶ
2838 2391 2973 2462 πρὸς
3025 2393 3124 2461 τὴν
3166 2391 3438 2460 ἀπόφασιν
3467 2389 3672 2460 ταύτην

1994 2473 2084 2538 θὲς
2119 2475 2186 2526 τά
2224 2475 2346 2544 ὄρη,
2375 2474 2467 2526 καὶ
2494 2472 2593 2541 τὴν
2620 2471 2746 2541 γῆν,
2770 2470 2866 2524 καὶ
2889 2471 2988 2542 τὴν
3013 2470 3307 2526 θάλασσαν·
3342 2472 3440 2524 καὶ
3470 2471 3670 2534 πάντα,

1993 2557 2041 2608 εἰ
2072 2553 2274 2625 βούλει,
2304 2553 2382 2624 τῷ
2424 2553 2566 2623 λόγῳ
2596 2552 2821 2622 ποίησον
2862 2547 3003 2605 εἶναι
3039 2553 3260 2624 χρυσόνο
3305 2553 3457 2607 οὐδὲν
3487 2551 3596 2624 γὰρ
3627 2551 3674 2584 ’⁸

1996 2636 2110 2688 ίσον
2135 2633 2254 2704 ὄψει
2283 2633 2384 2703 τῆς
2413 2631 2614 2703 ζημίας
2647 2631 2746 2702 τῆς
2773 2631 2983 2686 ἐκεῖθέν
3014 2649 3097 2686 σοι
3126 2633 3438 2704 γινομένης.
3469 2632 3579 2686 Καὶ
3608 2631 3674 2685 σὺ

1999 2716 2100 2787 μέν
2136 2715 2387 2788 πλέθρων
2419 2715 2522 2783 γῆς
2560 2714 2733 2768 τόσων
2777 2714 2874 2766 καὶ
2903 2713 3077 2766 τόσων
3111 2713 3409 2784 μέμνησαι,
3461 2712 3553 2767 καὶ
3598 2712 3678 2765 οἰ-

1995 2796 2130 2851 κιῶν
2153 2795 2290 2850 δέκα
2320 2795 2415 2848 καί
2441 2795 2666 2854 εἴκοσιν,
2696 2793 2729 2864 ἦ
2761 2794 2802 2825 ¹⁸
2830 2793 2924 2846 καὶ
2955 2793 3235 2859 πλειόνων,
3263 2795 3356 2847 καὶ
3381 2791 3678 2864 βαλανείων

1994 2877 2288 2939 τοσούτων,
2327 2874 2421 2928 καὶ
2457 2874 2810 2946 ἀνδραπόδων
2843 2873 3052 2942 χιλίων,
3082 2873 3115 2944 ἥ
3150 2873 3232 2938 δὶς
3262 2873 3556 2936 τοσούτων,
3581 2871 3679 2924 καὶ

1996 2957 2291 3027 ὀχημάτων
2319 2955 2728 3026 ἀργυρενδέτων
2777 2953 2870 3006 καὶ
2926 2956 3322 3024 χρυσοπάστων
3355 2955 3419 2986 ⁸⁸·
3460 2956 3572 3022 ἐγω
3621 2951 3678 3005 δέ

2001 3037 2176 3092 ἐκεῖνό
2213 3052 2377 3105 φημι*
2433 3037 2497 3088 Εἰ
2536 3034 2646 3088 τῶν
2678 3033 3054 3088 πλουτούντων
3097 3035 3252 3102 ὑμῶν
3283 3034 3534 3098 ἔκαστος,
3575 3033 3679 3103 τὴν

2001 3117 2194 3172 πενίαν
2225 3115 2431 3184 ταύτην
2479 3115 2638 3184 ἀφεὶς
2669 3115 2850 3175 (πενία
2886 3114 2996 3185 γὰρ
3035 3114 3206 3168 ταῦτα
3241 3115 3380 3185 πρὸς
3423 3114 3452 3168 ὃ
3500 3113 3680 3186 μέλλω

2001 3197 2227 3266 λέγειν),
2255 3194 2548 3266 ὁλόκληρον
2583 3194 2850 3265 ἐκέκτητο
2903 3195 3129 3264 κόσμον,
3165 3195 3259 3248 καὶ
3304 3193 3535 3258 ἔκαστος
3585 3192 3682 3247 αὐ-

2001 3278 2109 3330 τῶν
2135 3275 2423 3338 τοσούτους
2454 3271 2598 3344 εἶχεν
2633 3273 2973 3344 ἀνθρώπους.
2998 3275 3111 3328 ὅσοι
3145 3274 3239 3326 νῦν
3266 3276 3372 3328 εἰσι
3402 3274 3679 3344 πανταχοῦ

2002 3359 2107 3429 γῆς
2145 3357 2240 3410 καὶ
2287 3355 2581 3424 θαλάττης,
2612 3354 2705 3407 καὶ
2734 3356 3061 3426 οἰκουμένην
3091 3355 3342 3419 ἕκαστος,
3374 3356 3468 3408 καὶ
3500 3354 3606 3424 γῆν
3636 3356 3679 3388 ¹⁷

2002 3440 2098 3494 καὶ
2126 3437 2419 3493 θάλατταν.
2447 3437 2539 3489 καὶ
2567 3435 2844 3505 πανταχοῦ
2879 3435 3313 3504 οἰκοδομήματα,
3349 3436 3444 3488 καὶ
3493 3435 3682 3500 πόλεις

2003 3520 2099 3575 καὶ
2157 3518 2305 3588 ἔθνη,
2352 3517 2446 3570 καί⁸
2501 3515 2842 3586 πανταχόθεν
2889 3516 3008 3569 ἀντὶ
3055 3515 3266 3578 ὓδατος,
3320 3515 3440 3568 ἀντί
3490 3514 3682 3584 πηγῶν

2004 3598 2153 3669 αὐτῷ
2185 3595 2407 3668 χρυσίον
2433 3595 2678 3666 ἐπέρρει,
2708 3594 2873 3663 τριῶν
2898 3593 3100 3648 ὀϐολῶν
3122 3596 3220 3648 οὐκ
3247 3597 3313 3649 ἂν
3339 3595 3476 3664 ἔφην
3498 3594 3683 3660 ἀξίους

2004 3676 2146 3733 εἶναι
2179 3679 2300 3740 τοὺς
2342 3675 2486 3728 οὑτω
2521 3675 2907 3737 πλουτοῦντας,
2948 3675 3048 3744 τῆς
3095 3673 3371 3744 βασιλείας
3418 3675 3461 3707 ¹³
3517 3676 3678 3728 ἐκπε-

2007 3759 2220 3820 σόντας.
2249 3757 2314 3810 Εἰ
2349 3755 2457 3826 γὰρ
2501 3753 2596 3808 νῦν
2644 3755 2945 3824 χρημάτων
2973 3754 3083 3806 τῶν
3117 3751 3505 3824 ἀπολλυμένων
3535 3753 3684 3821 ἐφιέ-

2009 3854 2181 3908 μενοι,
2229 3837 2360 3890 ὅταν
2407 3834 2481 3906 μὴ
2539 3833 2861 3903 ἐπιτύχωσι,
2916 3831 3331 3904 βασανίζονται·
3383 3835 3432 3888 εἰ
3467 3835 3684 3889 λάϐοιεν

2005 3917 2257 3986 αίσθησιν
2295 3915 2404 3970 τῶν
2441 3916 2770 3986 ἀπορρήτων
2822 3914 3045 3981 ἀγαθῶν
3090 3917 3336 3977 ἐκείνων,
3388 3914 3441 3970 τί
3496 3915 3684 3970 λοιπὸν

2005 3996 2232 4069 ἀρκέσει
2269 3997 2349 4058 εἰς
2383 3993 2738 4065 παραμυθίαν
2766 3995 2982 4061 αὐτοῖς;
3024 3994 3138 4049 Οὐκ
3190 3994 3337 4048 ἔστιν
3383 3995 3556 4049 οὐδέν.
3588 3996 3682 4065 Μὴ

2005 4077 2185 4131 τοίνυν
2223 4093 2310 4146 μοι
2336 4074 2460 4143 λέγε
2485 4076 2584 4145 τὴν
2611 4073 2723 4128 τῶν
2743 4075 3044 4146 χρημάτων
3070 4075 3412 4148 περιουσίαν.
3447 4073 3564 4128 ἀλλ’
3597 4075 3684 4126 ἐν-

2008 4157 2118 4211 νόει
2146 4154 2246 4226 τὴν
2269 4155 2474 4226 ζημίαν
2505 4155 2638 4225 ὅσην
2684 4155 2748 4208 ἐκ
2791 4154 2996 4224 ταύτης
3041 4156 3090 4207 οἰ
3131 4155 3335 4226 ταύτης
3390 4153 3684 4224 ὑπομένου-

2011 4253 2096 4290 σιν
2128 4236 2378 4306 ἐρασταὶ,
2420 4234 2542 4288 ἀντὶ
2585 4232 2793 4288 τούτων
2838 4235 2965 4298 τοὺς
3011 4233 3274 4306 οὐρανοὺς
3325 4233 3680 4299 ἀπολλύντες,

2009 4318 2104 4372 καὶ
2127 4315 2321 4370 ταύτὸν
2365 4315 2686 4387 πάσχοντες.
2722 4311 2832 4368 οἷον
2860 4315 2926 4369 ἂν
2965 4315 3019 4368 εί
3042 4335 3126 4380 τις
3161 4316 3260 4385 τῆς
3295 4318 3353 4369 ἐν
3395 4315 3682 4384 βασιλείοις

2009 4395 2268 4468 μεγίστης
2293 4395 2462 4466 τιμῆς
2488 4393 2761 4454 ἐκπεσὼν,
2793 4393 3000 4464 κόπρου
3027 4393 3312 4464 θημωνίαν
3341 4395 3501 4465 ἔχων,
3536 4395 3680 4466 μέγα

1999 4476 2094 4530 ἐπὶ
2136 4475 2310 4546 ταύτῃ
2363 4475 2605 4545 φρονοίη.
2653 4473 2818 4527 Οὐδὲν
2875 4473 2984 4543 γὰρ
3030 4474 3240 4545 ἐκείνης
3270 4476 3302 4544 ἡ
3333 4476 3443 4527 τῶν
3466 4475 3684 4546 χρημά-

1997 4571 2107 4608 των
2133 4555 2378 4624 διαφέρει
2435 4553 2657 4623 σωρεία·
2703 4551 2902 4621 μᾶλλον
2949 4552 3005 4605 δέ
3050 4553 3145 4607 καὶ⁸
3219 4553 3444 4622 βελτίων
3474 4554 3678 4623 ἐκείνη.

2010 4633 2078 4686 Ἦ
2137 4633 2235 4703 μέν
2283 4634 2392 4704 γάρ
2438 4633 2534 4689 καὶ
2581 4631 2718 4702 πρὸς
2750 4632 3024 4702 γεωργίαν
3063 4632 3385 4703 ἐπιτήδειος,
3419 4633 3513 4685 καὶ
3546 4631 3682 4701 πρὸς

2009 4711 2288 4781 βαλανείου
2328 4711 2588 4764 ἔκκαυσιν
2620 4752 2634 4775 ,
2681 4711 2776 4763 καὶ
2824 4711 2960 4782 πρὸς
2992 4711 3130 4766 ἀλλα
3181 4711 3428 4766 τοιαῦτα·
3465 4710 3616 4784 [654]
3651 4713 3682 4766 ὁ

2008 4791 2065 4844 δὲ
2091 4792 2580 4862 κατορωρυγμένος
2610 4790 2813 4862 χρυσὸς
2842 4791 2978 4860 πρὸς
2999 4791 3152 4844 οὐδὲν
3179 4791 3405 4846 τούτων.
3430 4791 3540 4845 Καὶ
3567 4790 3680 4844 είθε

2013 4870 2171 4940 μόνον
2215 4871 2488 4942 ἄχρηστος
2534 4867 2620 4942 ἦν’
2663 4869 2781 4923 νυνί
2833 4869 2892 4922 δέ
2935 4870 3030 4923 καί
3075 4869 3276 4936 πολλὰς
3325 4869 3557 4924 ἀνάπτει
3601 4869 3681 4940 τῷ

2009 4949 2186 5019 ἔχοντι
2213 4951 2312 5013 τάς
2345 4950 2632 5020 καμίνους,
2659 4951 2708 5002 εἰ
2741 4948 2814 5018 μὴ
2848 4950 2928 5011 εἰς
2953 4947 3075 5002 δέον
3102 4949 3251 5019 αὐτῷ
3291 4950 3578 5020 χρήσαιτο⁶
3610 4948 3680 5002 τά

2009 5029 2140 5098 γοῦν
2187 5028 2356 5098 μυρία
2401 5029 2545 5082 κακὰ
2586 5027 2835 5080 ἐντεῦθεν
2868 5027 3082 5095 φύεται.
3141 5028 3239 5082 Διά
3273 5028 3431 5082 τοῦτο
3481 5030 3530 5082 οἰ
3582 5029 3680 5099 μὲν

2013 5107 2211 5172 ἔξωθεν
2248 5107 2542 5178 ἀκρόπολιν
2571 5106 2756 5159 κακῶν
2783 5106 2882 5174 τὴν
2929 5107 3290 5178 φιλαργυρίαν
3347 5107 3572 5162 ἐκάλουν
3607 5124 3620 5138 ⁸
3649 5109 3681 5163 ὁ

2011 5187 2067 5240 δέ
2094 5187 2360 5256 μακάριος
2387 5184 2597 5248 Παῦλος
2626 5185 2806 5254 πολλῷ
2830 5185 3034 5255 βέλτιον
3060 5187 3153 5240 καὶ
3180 5186 3678 5258 ἐμφαντικώτερον,

2014 5265 2169 5335 ῥίζαν
2196 5264 2364 5334 αὐτὴν
2385 5263 2492 5316 τῶν
2547 5261 2733 5316 κακῶν
2790 5262 3044 5317 ἀπάντων
3088 5263 3276 5318 εἰπών.
3353 5264 3520 5320 Ταῦτ’
3583 5259 3677 5318 οὖν

303 5357 354 5391 ’⁸
393 5357 700 5411 πολυτελῶν
731 5372 842 5411 om.
980 5353 1087 5426 Ge,
1152 5351 1406 5426 "_ﬂei’ov
1429 5349 1598 5426 ἀνῆιξε
1732 5347 1797 5402 Κ.
1830 5359 1883 5404 et

1996 5365 2062 5405 )r.
2089 5367 2143 5420 p.
2173 5351 2299 5426 22g.
2334 5351 2521 5426 from:
2548 5365 2667 5426 xi}:
2700 5365 2750 5419 p.
2789 5350 2999 5426 551C)
3038 5351 3270 5426 οὐδέπω]
3321 5349 3675 5426 οὐδέποτε-ις.

231 5428 297 5484 L.
326 5426 408 5482 ΡΙ.
472 5430 504 5498 ,ί
541 5447 575 5498 χ

232 5567 458 5650 αὐτοὺς]
481 5568 645 5650 αὐτοῦ
663 5567 736 5650 ϐ..
755 5567 820 5621 Η.

235 5649 400 5694 verm
420 5649 517 5694 Ue.

581 5428 766 5498 ρυσίον
798 5427 859 5498 L.
884 5425 968 5480 F1.
1007 5423 1370 5498 καὶ-φοϐεράν
1393 5419 1725 5498 ρ-ῐηζςῖτϐιξ.
1755 5435 1891 5498 p._p.

1996 5439 2060 5498 τῳ
2089 5419 2211 5498 ὸιη.-
2239 5421 2302 5474 Κ.
2334 5421 2433 5498 F_l._
2476 5421 2527 5498 1
2641 5421 2742 5498 ὅρα
2774 5420 3013 5498 ἐξῇ-1..
3090 5419 3469 5498 Ἀκαίξπτῆναι
3509 5422 3609 5498 καὶ
3624 5422 3674 5498 δΖ

231 5502 294 5576 ἀἒ
334 5490 1023 5576 ἐνεχθῆ-ὶᾶι-ἐπεθύμῃσας,
1055 5494 1171 5556 πῶς
1525 5491 1561 5576 f
1597 5491 1990 5576 ἐπιθυμημηατα
2023 5491 2084 5576 L:
2107 5491 2382 5576 ἀδύνατα]
2396 5490 2437 5576 ᾖ
2464 5490 2549 5545 ἀδ.
2569 5490 2640 5576 _K.

846 5515 860 5549 L
903 5514 1023 5559 σας,
1055 5514 1171 5556 πως
1197 5514 1263 5548 υ.
1297 5514 1362 5545 Π.
1393 5514 1463 5546 m.
1538 5514 1560 5522 ‘
1597 5514 1891 5559 επιυυμημέ

846 5514 915 5620 hi.
947 5564 1210 5620 Nu-ulrum
1237 5563 1396 5618 habet
1423 5561 1484 5615 L.
1514 5559 1891 5632 dna7a7eiylﬁ

2023 5514 2084 5545 ιλ.
2117 5514 2382 5563 αουναται
2464 5514 2549 5545 ao.
2577 5514 2640 5546 ιι.
2669 5514 2754 5545 ao.
2776 5514 2810 5565 ῃ
2835 5514 2900 5546 Π.
2928 5514 2963 5566 η
2990 5514 3089 5563 pro
3116 5514 3174 5546 EV
3198 5514 3394 5550 11308111.
3416 5514 3482 5551 υ.
3509 5514 3576 5550 ιιι.
3654 5514 3676 5524 ’

1996 5563 2143 5618 codd.
2175 5570 2370 5632 prayer
2491 5563 2654 5630 vulgo
2672 5550 2946 5632 ἀπάγειν.’
3005 5564 3026 5594 ⁸
3047 5563 3322 5618 λυττῶντα
3344 5563 3405 5617 L.
3430 5564 3676 5632 Alterum

595 5639 615 5670 ⁷
643 5639 736 5692 καί
762 5654 872 5692 om.
908 5636 972 5692 G.
1003 5635 1070 5690 Η.
1143 5637 1166 5667 ⁸
1203 5632 1342 5701 αὕτη
1373 5647 1481 5704 om:
1512 5631 1578 5704 _G.
1603 5700 1629 5704 Α
1656 5630 1890 5704 ’ῌδεᾲιλόν

1996 5635 2038 5688 ic
2061 5632 2124 5686 H.
2151 5633 2225 5704 Κ.
2356 5632 2452 5704 G9.
2479 5633 2638 5704 Vulgo
2673 5631 2877 5704 δοῦλον.
2957 5633 3000 5666 ¹⁶
3038 5635 3324 5704 πράγματι
3367 5633 3433 5689 G.
3465 5631 3539 5691 M.

2835 5490 2900 5546 Η.
2990 5508 3089 5566 ριίο
3116 5492 3174 5546 ἐν
3192 5487 3394 5566 haben}
3416 5494 3489 5566 G._
3509 5493 3576 5550 M.
3654 5492 3678 5524 ⁵

238 5711 279 5741 ¹¹
319 5709 572 5778 διαφύγοι
592 5710 660 5762 Κ.
687 5707 954 5778 διαφύγῃς
979 5706 1040 5760 L.
1071 5722 1123 5776 ι).
1156 5720 1210 5775 p.
1237 5700 1566 5778 ἐπεισελθὼν
1591 5700 1656 5757 G.
1768 5701 1840 5778 M_.

1996 5703 2255 5778 :o§yoy_G.
2366 5702 2445 5778 M_._
2457 5700 2668 5778 ⁸ἐκεῖνον
2687 5701 2747 5756 Κ.
2766 5701 3064 5778 _Vuligatufn
3086 5700 3269 5778 ii_r_itiat
3293 5705 3434 5758 Flor.
3459 5719 3514 5773 ι).
3585 5703 3674 5758 71.

235 5770 550 5848 (Τοιηίκιί,
571 5796 624 5849 p.
661 5778 764 5834 506
785 5770 876 5840 ΒΣ
900 5770 1053 5832 infra
1075 5770 1418 5842 σκοτισθείης
1447 5771 1512 5825 Κ.
1545 5770 1608 5825 1..
1685 5771 1730 5804 ³³
1768 5773 1866 5840 τῆς

241 5847 382 5896 Edd.
462 5850 505 5882 ³⁸
532 5852 564 5896 ἦ
598 5865 709 5896 om-
744 5849 809 5896 Ω-
845 5847 916 5896 Μ-
993 5848 1040 5880 ⁸⁸
1077 5843 1516 5896 νουσειιπάστων
1551 5841 1614 5896 G.
1643 5841 1808 5896 φημί]
1833 5843 1891 5896 ad

1996 5815 2006 5827 .
2047 5773 2112 5828 Κ.
2144 5775 2206 5828 ια’.
2284 5771 2328 5805 ¹⁸
2361 5771 2661 5855 οὐδὲνγὰρ]
2697 5773 2788 5825 καὶ
2820 5770 2974 5828 οὐδέν
3000 5773 3062 5829 G.
3100 5773 3180 5830 FI.
3209 5791 3262 5845 ι).
3293 5791 3346 5844 p.
3374 5770 3676 5896 γενομένης

1996 5844 2072 5896 ὅτι
2106 5843 2244 5896 Edd.
2323 5843 2364 5875 "
2395 5842 2486 5896 Slc
2510 5842 2570 5896 L.
2600 5843 2695 5896 καὶ
2715 5843 3039 5896 οἰκουμένης
3063 5844 3312 5896 ἕκαστος.
3335 5844 3429 5896 καὶ
3449 5859 3553 5896 γην
3606 5843 3624 5896 Ι
3655 5883 3672 5896 .

239 5842 394 5920 Βάκι.
462 5850 505 5882 ιι
532 5852 566 5920 ἡ

598 5865 710 5928 9m.
744 5849 809 5906 G.
845 5847 916 5902 Μ.
993 5848 1040 5928 ’ξ
1077 5841 1516 5928 χρυσεμπάστων
1551 5841 1891 5928 (ᾖηφημίλοό

1996 5843 2244 5928 ξτιιβὸἀ.
2312 5843 2364 5928 ξ’
2389 5842 2486 5928 _Sic
2510 5842 2578 5928 L.'
2600 5841 2695 5896 καὶ
2715 5843 3039 5928 οἰκουμένης
3063 5841 3312 5928 ἕκαστος,
3335 5841 3429 5928 καὶ
3449 5841 3553 5914 γῆν

236 5921 306 5977 Κ.
350 5918 420 5974 Μ.
457 5909 791 5990 καὶόἰκουμὲ
805 5937 913 5985 mg.
945 5909 1170 5990 x97ﬁy
1197 5909 1686 5990 (oh._§x§zatoc)G.
1708 5909 1891 5990 έιέῖοι

1996 5914 2215 5990 iiLng.
2241 5909 2701 5990 καί-οἰκουμένης,
2729 5914 2826 5990 κα).
2841 5909 3070 5990 ἕκαστος
3095 5913 3361 5990 7j;v__Mo_r.
3389 5909 3522 5990 Ιξςήζ
3545 5928 3675 5990 c9!!-

243 5991 610 6049 senliemibus
637 5981 768 6066 Reg.
797 5981 901 6048 688
923 5999 977 6048 et
996 5987 1036 6045 F
1043 5981 1089 6046 1.’
1106 5981 1228 6051 [103
1259 5984 1350 6042 καὶ
1369 5982 1439 6039 τὰ
1466 5981 1740 6040 παντσνοῦ
1763 5983 1852 6045 Ει.

2041 5985 2218 6058 Vulgo
2250 5985 2456 6042 addunt
2483 5981 2590 6040 τῶν
2619 5981 2883 6056 οὐρανῶν,
2908 5985 3092 6044 invitis
3108 5981 3177 6044 δ’.
3201 5986 3266 6044 Κ.
3303 5984 3364 6044 1..
3409 5982 3480 6041 Μ.
3509 5991 3564 6042 et
3587 5981 3628 6040 1⁷
3633 5983 3672 6044 Ι.
