4128 6372
436 335 545 392 609

439 451 656 507 ἅπαντα
684 451 1009 514 ἐννοοῦντες,
1047 451 1306 522 μάθωμεν
1339 452 1535 522 ζηλοῦν
1561 460 1628 508 τὰ
1660 455 1789 518 ἀξια
1818 455 1998 528 ζήλου·
2042 457 2116 526 μὴ

439 539 538 601 τὰς
562 537 820 608 λαμπράς
847 535 1154 605 οἰκοδομάς,
1198 536 1332 607 μηδὲ
1358 538 1483 600 τοὺς
1524 540 1837 605 πολυτελεῖς
1880 542 2115 614 ἀγρούς·

1194 334 1252 388 S.
1292 334 1579 390 .IO.—\NNIS
1615 334 2104 394 CHRYSOSTOMI
2146 337 2471 395 ARCIIIEP.
2511 332 3051 392 CONSTANTINOP.

3781 332 3886 386 (HO

2219 443 2454 528 Χριστὸν
2481 455 2739 522 πένητας·
2768 451 2856 504 ἵνα
2869 448 2975 503 τῶν
2993 447 3227 502 αἰωνίων
3239 447 3586 517 ἐπιτύχωμεν
3607 445 3723 478 ¹⁹σ⁸⁸
3745 446 3888 513 ἁγα-

2218 545 2348 607 θῶν,
2383 544 2567 614 χάριτι
2601 541 2696 594 καὶ
2741 537 3122 609 φιλανθρωπίᾳ
3165 535 3258 588 τοῦ
3294 535 3497 606 Κυρίου
3527 537 3558 604 ή
3571 534 3686 605 μῶν
3715 530 3890 602 Ἰησοῦ

440 627 578 679 ἀλλά
621 628 747 689 τοὺς
798 623 996 694 πολλὴν
1043 624 1358 695 παρρησίαν
1393 626 1532 697 πρὸς
1579 627 1670 682 τὸν
1721 629 1853 683 Θεὸν
1895 630 2118 701 ἔχοντας
2215 631 2474 703 Χριστοῦ,
2494 629 2612 701 μεθ’
2633 620 2694 682 οὗ
2720 626 2796 697 τῷ
2818 626 3013 693 Πατρί,
3034 622 3240 693 ἆματῷ
3260 624 3398 694 ἁγίῳ
3419 623 3716 692 Πνεύματι,
3741 618 3890 683 δόξα,

440 714 659 786 ἄνδρας,
688 715 814 776 τοὺς
839 713 897 765 ἐν
927 711 1142 782 ούρανῷ
1173 711 1563 778 πλουτοῦντας,
1610 718 1737 780 τοὺς
1765 718 1874 771 τῶν
1910 718 2118 790 θησαυ-

2217 721 2438 792 κράτος,
2470 717 2628 788 τιμὴ,
2675 715 2770 770 νῦν
2812 713 2909 767 καὶ
2945 712 3034 766 ἀεὶ
3081 712 3176 765 καί
3224 712 3304 776 εἰς
3357 712 3482 776 τοὺς
3538 711 3741 773 αἰῶνας
3782 708 3894 762 τῶν

443 803 554 873 ρῶν
581 799 805 854 ἐκείνων
854 801 1096 872 κυρίους,
1147 801 1275 865 τοὺς
1321 801 1492 867 ὅντως
1529 805 1840 873 πλουσίους,
1873 809 2000 872 τοὺς
2029 807 2120 862 διὰ
2218 807 2456 863 αἰώνων.
2492 805 2692 877 Ἀμήν.

514 895 630 926 ¹⁹·¹³
667 893 1067 964 ἀπολαύσωμεν
1104 890 1170 948 Κ.
1199 891 1264 948 L.
1296 891 1370 949 Μ.

2000 1067 2244 1119 OMIMA
2272 1065 2390 1120 EA'.

449 1182 587 1238 Τότε
630 1181 979 1250 ἀποκριθεὶς
1021 1183 1056 1236 ό
1101 1181 1326 1250 Πέτρος
1352 1176 1523 1235 εἶπεν
1549 1178 1729 1244 αὐτῷ·
1771 1179 1919 1234 Ἰδοὺ
1949 1179 2122 1249 ἡμεῖς

513 1251 834 1321 ἀφήκαμεν
896 1250 1116 1318 πάντα,
1167 1253 1266 1305 καί
1320 1251 1835 1320 ἠκολουθήσαμέν
1884 1267 2004 1304 σοι·
2064 1251 2122 1303 τί

515 1324 632 1390 ἄρα
659 1325 834 1376 ἔσται
867 1323 1016 1391 ἡμῖν
1038 1337 1056 1384 ,‘

515 1409 582 1456 α’.
616 1403 750 1454 Ποῖα
787 1402 1001 1465 πάντα,
1030 1396 1074 1454 ὦ
1109 1401 1344 1472 μακάριε
1385 1401 1559 1471 Πέτρε
1587 1417 1600 1465 ;
1631 1400 1723 1454 τὸν
1752 1400 2029 1470 κάλαμον;
2064 1399 2126 1452 τὸ

446 1479 703 1545 δίκτυον;
734 1480 794 1533 τὸ
832 1481 1053 1542 πλοῖον;
1083 1480 1184 1552 τὴν
1224 1482 1460 1552 τέχνην;
1494 1479 1682 1534 Ταῦτά
1716 1497 1806 1551 μοι
1833 1481 2010 1534 πάντα
2041 1478 2126 1531 λέ-

448 1574 598 1624 γεις;
629 1559 756 1621 Ναὶ,
790 1559 978 1628 φησίν.
1013 1559 1155 1613 Ἀλλ’
1187 1561 1249 1612 οὐ
1293 1559 1382 1612 διὰ
1413 1559 1725 1630 φιλοτιμίαν
1756 1558 1932 1612 ταῦτα
1959 1558 2124 1626 λέγω,

451 1636 567 1690 ἀλλ’
597 1637 684 1689 ἵνα
717 1636 805 1690 διὰ
853 1637 955 1707 τῆς
1001 1639 1326 1710 ἐρωτήσεως
1361 1640 1565 1709 ταύτης
1593 1640 1687 1692 τὸν
1728 1639 1835 1692 τῶν
1876 1639 2128 1710 πενήτων

450 1716 731 1785 εἰσαγάγω
784 1717 830 1748 ²⁶
879 1718 1070 1788 δῆμον.
1109 1719 1327 1788 Ἐπειδὴ
1373 1718 1483 1790 γάρ
1517 1713 1669 1772 εἶπεν
1714 1720 1742 1772 6
1790 1717 2016 1790 Κύριος·
2058 1720 2129 1772 El

449 1796 646 1862 θέλεις
671 1797 900 1865 τέλειος
937 1797 1111 1862 εἶναι,
1159 1797 1450 1866 πώλησόν
1483 1815 1600 1853 σου
1642 1799 1714 1853 τὰ
1751 1799 2126 1870 ὑπάρχοντα,

451 1875 550 1928 καὶ
577 1874 684 1942 δὸς
711 1877 990 1945 πτωχοῖς,
1029 1879 1125 1932 καὶ
1179 1880 1335 1945 ἔξεις
1386 1879 1694 1947 θησαυρὸν
1717 1881 1786 1934 ἐν
1813 1879 2092 1946 οὐρανοῖς
2111 1895 2126 1909 ⁸

452 1955 541 2008 ἵνα.
573 1956 646 2026 μὴ
670 1955 803 2027 λέγῃ
832 1974 916 2020 τις
956 1957 1066 2012 τῶν
1101 1965 1371 2030 πενήτων·
1403 1960 1468 2012 Τί
1498 1955 1622 2024 οῦν;
1654 1958 1750 2012 ἐὰν
1785 1959 1858 2029 μὴ
1885 1958 1995 2028 ἔχω
2027 1959 2130 2010 61:-

452 2034 709 2105 άρχοντα,
740 2036 801 2088 ού
833 2035 1066 2108 δύναμαι
1097 2039 1301 2103 τέλειος
1335 2034 1504 2104 εἶναι;
1553 2039 1734 2109 ἐρωτᾷ
1779 2039 2007 2110 Πέτρος,
2043 2038 2129 2090 ἵνα

455 2115 519 2168 σὺ
553 2114 753 2186 μάθῃς,
777 2116 806 2168 6
856 2116 1025 2186 πένης
1054 2119 1120 2178 ’⁷,
1173 2119 1256 2171 ὃτι
1294 2118 1446 2171 οὐδὲν
1495 2117 1748 2171 ἐντεῦθεν
1791 2118 2126 2188 ἠλάττωσαι·

452 2195 635 2266 ἐρωτᾷ
662 2195 888 2263 Πέτρος,
921 2195 1008 2248 ἵνα
1041 2196 1116 2267 μὴ
1147 2197 1297 2268 παρά
1327 2199 1534 2267 Πέτρου
1566 2195 1754 2267 μαθὼν
1782 2195 2132 2267 ἀμφιϐάλλῃς

455 2275 571 2345 (καί
603 2272 713 2345 γάρ
748 2275 945 2345 ἀτελὴς
981 2271 1050 2346 ἦν
1083 2277 1184 2340 ἔτι,
1222 2277 1316 2329 καὶ
1355 2276 1671 2347 Πνεύματος
1704 2277 1957 2347 ἔρημος),
1994 2274 2133 2330 ἀλλὰ

454 2353 610 2425 παρά
636 2354 730 2406 τοῦ
755 2354 850 2408 τοῦ
881 2355 926 2386 ’⁸
960 2357 1168 2427 Πέτρου
1206 2355 1524 2409 διδασκάλου
1556 2355 1847 2424 δεξάμενος
1875 2355 1976 2426 τὴν
2004 2354 2132 2408 ἀπό-

453 2448 620 2500 φασιν
652 2434 880 2506 θαρρῇς.
906 2436 1174 2505 Καθάπερ
1199 2435 1307 2508 γὰρ
1329 2435 1374 2467 ³⁸
1405 2437 1567 2506 ἡμεῖς
1589 2434 1871 2505 ποιοῦμεν·
1901 2433 2134 2488 οἰκειού-

459 2512 599 2581 μεθα
624 2515 926 2584 πράγματα
957 2515 1217 2578 πολλάκις
1246 2514 1388 2585 ὑπὲρ
1420 2514 1716 2585 ἀλλοτρίων
1741 2513 2130 2584 διαλεγόμενοι·

455 2591 600 2646 οὕτω
627 2596 723 2647 καὶ
752 2595 781 2645 6
824 2594 1120 2656 ἀπόστολος
1167 2593 1441 2664 ἐποίησεν,
1479 2593 1622 2663 ύπέρ
1667 2595 1767 2664 τῆς
1809 2594 2135 2664 οἰκουμένης

457 2673 678 2744 ἀπάσης
727 2675 826 2742 τὴν
870 2671 1060 2726 πεῦσιν
1105 2672 1255 2742 αύτῷ
1301 2675 1504 2742 ταύτην
1551 2671 1940 2743 προσαγαγών.
1981 2672 2135 2725 Ἐπεὶ

456 2755 540 2805 ὅτι
574 2769 637 2820 γε
664 2752 731 2804 τά
764 2752 960 2805 ἑαυτοῦ
989 2754 1032 2784 ³⁰
1058 2753 1173 2824 ᾔδει
1205 2752 1413 2822 σαφῶς,
1442 2752 1600 2821 δῆλον
1627 2751 1737 2805 ἀπὸ
1795 2751 1904 2805 τῶν
1929 2751 2137 2823 ἐμπροο

460 2832 588 2884 σθεν
615 2833 947 2903 εἰρημένων·
975 2835 1002 2885 ὁ
1027 2836 1139 2904 γὰρ
1177 2834 1274 2896 τὰς
1302 2832 1444 2895 κλεῖς
1471 2833 1581 2884 τῶν
1609 2832 1855 2901 οὐρανῶν
1886 2831 2136 2885 ἐντεῦθεν

459 2911 561 2982 ἥδη
591 2911 906 2981 δεξάμενος,
959 2911 1140 2982 πολλῷ
1176 2912 1376 2982 μᾶλλον
1413 2911 1552 2980 ὑπὲρ
1607 2910 1714 2963 τῶν
1752 2912 1869 2963 ἐκεῖ
1915 2910 2137 2982 θαρρεῖν

461 2984 597 3059 εἶχε.
647 2991 846 3043 Σκόπει
891 2991 949 3044 δὲ
988 2993 1084 3044 καί
1137 2990 1255 3055 πῶς
1301 2989 1546 3061 ἀκριϐῶς
1586 2990 1960 3060 ἀποκρίνεται,
1988 2991 2064 3054 ὡς
2109 2993 2137 3045 6

461 3070 695 3141 Χριστὸς
736 3071 1064 3142 ἐπεζήτησε.
1098 3072 1208 3124 Καὶ
1237 3070 1347 3139 γάρ
1377 3068 1540 3131 αὐτὸς
1567 3071 1714 3139 παρὰ
1748 3069 1842 3122 τοῦ
1879 3070 2135 3123 πλουσίου

461 3149 555 3201 δύο
589 3149 762 3202 ταῦτα
810 3151 1000 3221 ᾔτησε·
1052 3151 1233 3204 δοῦναι
1280 3151 1520 3218 πτωχοῖς
1566 3150 1636 3201 τὰ
1682 3149 2014 3220 ὑπάρχοντα,
2046 3151 2139 3203 καί

463 3230 797 3286 ἀκολουθεῖν.
827 3233 925 3286 Διά
959 3232 1115 3285 τοῦτο
1144 3230 1237 3284 καὶ
1263 3228 1424 3290 αύτὺς
1448 3227 1516 3281 τὰ
1546 3229 1637 3282 δύο
1657 3229 1828 3284 ταῦτα
1857 3231 2058 3300 τίθησι,
2080 3230 2140 3283 τὸ

463 3309 682 3378 ἀφεῖναι
723 3313 818 3366 καὶ
857 3311 1224 3381 ἀκολουθῆσαι
1257 3311 1321 3340 ³⁸·
1368 3309 1513 3363 Ἰδοὺ
1555 3309 1665 3379 γὰρ
1706 3309 1878 3378 ἡμεῖς
1907 3309 2142 3380 ἀφήκα-

459 3406 579 3459 μεν
606 3391 822 3454 πάντα,
859 3392 1012 3461 φησὶ,
1042 3393 1140 3444 καὶ
1169 3388 1676 3457 ἠκολουθήσαμέν
1700 3405 1818 3444 σοι.
1851 3391 1924 3444 Τό
1951 3408 2010 3444 τε
2033 3390 2141 3461 γὰρ

465 3470 684 3540 ἀφεῖναι
701 3471 861 3526 διὰτὸ
871 3471 1238 3542 ἀκολουθῆσαι
1252 3469 1476 3538 γέγονεν
1507 3469 1694 3541 [655]ἦ
1710 3487 1768 3522 τε
1785 3471 2143 3542 ἀκολούθησις

469 3551 536 3603 ἐκ
563 3551 656 3604 τοῦ
676 3553 896 3620 ἀφεῖναι
919 3551 1260 3621 εύκολωτέρα
1287 3549 1548 3618 κατέστη,
1577 3550 1673 3603 καὶ
1705 3550 1846 3621 ὑπὲρ
1872 3551 1966 3604 τοῦ
1995 3553 2143 3621 ἀφεῖ-

467 3645 556 3683 ναι
584 3629 808 3704 θαρρεῖν
849 3631 944 3684 καὶ
975 3628 1184 3700 χαίρειν
1215 3629 1415 3692 αὐτοὺς
1447 3627 1826 3698 παρεσκεύαζε
1863 3629 1929 3682 ³³.
1960 3630 2026 3683 Τί
2051 3624 2145 3684 οὖν

467 3708 662 3775 αὐτόςς
702 3709 892 3779 Ἀμὴν
937 3708 1093 3779 λέγω
1146 3709 1308 3778 ὑμῖν.
1352 3707 1444 3761 ὅτι
1491 3707 1664 3776 ὑμεῖς
1709 3711 1764 3762 οί
1803 3707 2145 3776 ἀκολουθή-

466 3789 691 3855 σαντές
733 3807 857 3859 μοι,
906 3789 976 3842 ἐν
1023 3788 1098 3858 τῇ
1144 3787 1597 3858 παλιγγενεσία,
1641 3785 1789 3840 ὅταν
1834 3789 2055 3857 καθίσῃ
2110 3789 2146 3844 ό

476 3867 612 3934 mc
644 3867 751 3922 τοῦ
798 3867 1113 3936 ἀνθρώπου
1143 3867 1242 3922 ἐπὶ
1278 3868 1496 3934 θρόνου
1537 3866 1723 3934 δόξης
1753 3867 1962 3932 αὐτοῦ,
2005 3871 2146 3922 καθ-

469 3947 681 4001 ίσεσθε
707 3948 807 4002 καὶ
836 3947 1006 4017 ὑμεῖς
1023 3948 1123 4000 ἐπὶ
1154 3945 1380 4000 δώδεκα
1402 3947 1674 4014 θρόνους,
1703 3947 2013 4014 κρίνοντες
2038 3947 2147 4014 τὰς

469 4025 699 4080 δώδεκα
726 4029 925 4097 φυλὰς
951 4027 1056 4081 τοῦ
1084 4025 1343 4096 Ἰσραήλ.
1367 4026 1432 4078 Τί
1461 4021 1576 4092 οὖν;
1601 4027 1695 4079 καὶ
1732 4024 1952 4090 Ἰούδας,
1985 4027 2144 4098 φησί,

471 4105 809 4175 καθεδεῖται;
871 4105 1154 4176 οὐδαμῶς.
1207 4106 1330 4168 Πῶς
1366 4101 1458 4158 οὖν
1504 4121 1692 4176 φησιν,
1735 4104 1922 4174 Ὑμεῖς
1961 4105 2006 4136 ³³
2046 4105 2154 4160 ἐπὶ

471 4185 698 4240 δώδεκα
737 4188 990 4255 θρόνους
1020 4186 1404 4251 καθεδεῖσθε;
1435 4187 1550 4250 πῶς
1577 4184 1647 4239 τά
1673 4185 1774 4255 τῆς
1800 4185 2148 4256 ὑποσχέσεως

473 4267 932 4338 πληρωθήσεται;
978 4269 1248 4320 ’Ᾱκουσον
1280 4267 1398 4332 πῶς
1439 4268 1533 4321 καὶ
1559 4269 1662 4319 τίνι
1692 4265 1835 4338 λόγῳ
1866 4267 1930 4317 ³⁸.
1966 4268 2149 4338 Νόμος

473 4347 592 4399 ἐστὶ
627 4348 779 4414 παρά
813 4346 904 4400 τοῦ
957 4347 1092 4400 Θεοῦ
1135 4348 1407 4416 κείμενος.
1448 4347 1537 4399 διὰ
1571 4339 1835 4417 Ἰερεμίου
1883 4346 1980 4400 τοῦ
2012 4364 2139 4416 προ·

475 4428 646 4497 φήτου
681 4429 794 4490 τοῖς
825 4423 1098 4489 Ἰουδαίοις
1151 4425 1543 4494 ἀναγνωσθεὶς,
1595 4424 1690 4478 καὶ
1735 4425 1905 4479 ταῦτα
1953 4425 2147 4493 λέγων·

471 4507 668 4576 Πέρας
695 4505 950 4572 λαλήσω
979 4505 1078 4558 ἐπὶ
1116 4505 1292 4570 ἔθνος
1327 4506 1425 4558 καί
1461 4504 1812 4569 βασιλείαν,
1847 4505 1954 4559 τοῦ
1988 4505 2142 4570 ἐξαί-

465 4607 601 4658 ρειν
633 4589 730 4642 καί
781 4587 1135 4641 ἀπολλύειν·
1193 4587 1294 4639 καὶ
1327 4585 1435 4639 ἐὰν
1475 4583 1811 4653 ἐπιστρέψῃ
1862 4584 1930 4637 τὸ
1975 4585 2152 4652 ἔθνος

473 4667 670 4722 ἐκεῖνο
698 4667 814 4721 ἀπὸ
845 4666 962 4720 τῶν
988 4663 1191 4719 κακῶν
1215 4664 1432 4727 αὐτῶν,
1461 4664 1819 4732 μετανοήσω
1839 4664 1998 4730 κάγὼ
2029 4665 2148 4719 ἀπὸ

475 4749 596 4802 τῶν
645 4748 866 4812 κακῶν,
921 4741 1009 4800 ὧν
1054 4744 1428 4814 ἐλογισάμην
1469 4743 1722 4812 ποιῆσαι
1759 4743 1986 4809 αὐτοῖς.
2038 4746 2162 4799 Καὶ·

477 4828 661 4894 πέρας
685 4826 940 4891 λαλήσω
986 4825 1085 4879 ἐπὶ
1134 4825 1308 4890 ἔθνος
1341 4823 1439 4876 καὶ
1470 4825 1819 4887 βασιλείαν,
1856 4822 1962 4876 τοῦ
1991 4824 2154 4878 ἀνοι-

478 4907 754 4974 κοδομεῖν
797 4907 896 4960 καὶ
941 4905 1396 4974 καταφυτεύειν·
1434 4903 1531 4956 καὶ
1581 4902 1690 4956 ἐὰν
1733 4902 2036 4966 ποιήσωσι
2083 4903 2150 4957 τὸ

480 4985 749 5053 πονηρὸν
800 4985 1056 5039 ἐνώπιόν
1094 5001 1229 5053 μου,
1261 4982 1367 5036 τοῦ
1404 4983 1485 5052 μὴ
1513 4984 1754 5037 ἀκούειν
1785 4982 1896 5051 τῆς
1942 4983 2149 5052 φωνῆς

476 5083 616 5135 μου,
643 5065 998 5133 μετανοήσω
1037 5064 1198 5132 κάγὼ
1256 5065 1387 5130 περὶ
1427 5063 1548 5115 τῶν
1587 5061 1843 5132 ἀγαθῶν,
1889 5057 1978 5114 ὧν
2013 5064 2152 5116 ἐλά-

480 5151 647 5212 λησα
689 5144 937 5212 ποιῆσαι
981 5146 1026 5176 ⁸³
1055 5144 1278 5209 αὐτοῖς.
1321 5145 1394 5196 T6
1425 5145 1556 5196 αὐτὸ
1589 5145 1697 5214 γὰρ
1725 5143 1883 5194 τοῦτο
1921 5142 2015 5195 καὶ
2059 5144 2152 5195 ἐπὶ

481 5228 589 5280 τῶν
616 5224 866 5296 χρηστῶν
917 5224 1259 5292 διαφυλάττω
1304 5223 1444 5286 ἔθος,
1491 5223 1643 5292 φησί.
1691 5223 1806 5275 Κᾶν
1860 5222 1965 5290 γάρ
2011 5222 2151 5273 εἴπω

481 5305 576 5359 τοῦ
611 5305 658 5336 ⁸⁸
709 5304 1096 5371 ἀνοικοδομεῖν,
1146 5303 1398 5367 ἀναξίους
1448 5303 1504 5356 δὲ
1550 5304 1775 5366 ἑαυτοὺς
1828 5303 2153 5372 παράσχωσι

483 5386 584 5455 τῆς
613 5383 982 5453 ὑποσχέσεως,
1016 5384 1199 5437 οὐκέτι
1227 5386 1458 5454 ποιήσω.
1488 5385 1663 5455 Ὅπερ
1693 5383 1912 5453 γέγονεν
1941 5385 2032 5437 ἐπὶ
2059 5383 2153 5436 τοῦ

2225 1179 2514 1252 ἀνθρώπου
2568 1181 2919 1245 πλασθέντος.
2973 1181 3026 1234 '0
3075 1183 3292 1250 τρόμος
3347 1181 3455 1253 γάρ
3511 1181 3698 1251 ὑμῶν,
3738 1187 3903 1255 φησί,

2225 1262 2325 1318 καί
2359 1268 2393 1319 ό
2430 1264 2616 1332 φόϐος
2658 1263 2833 1317 ἔσται
2883 1263 2982 1317 ἐπὶ
3023 1263 3096 1316 τὰ
3150 1262 3342 1330 θηρία·
3377 1264 3470 1316 καί
3514 1265 3613 1316 ούκ
3661 1266 3899 1334 ἐγένετο·

2225 1343 2445 1411 ἀνάξιον
2484 1343 2592 1415 γὰρ
2621 1343 2811 1397 ἐαυτὸν
2848 1344 2948 1414 τῆς
2978 1343 3020 1375 ³⁷
3061 1343 3235 1414 ἀρχῆς
3263 1342 3559 1412 ἀπέφηνεν·
3587 1342 3778 1414 ὥσπερ
3807 1341 3907 1398 οὖν

2227 1425 2322 1478 καὶ
2357 1423 2578 1487 Ἰούδας.
2613 1424 2731 1477 Ἵνα
2773 1423 2880 1494 γάρ
2929 1425 3067 1494 μήτε
3113 1425 3233 1486 ταῖς
3271 1423 3576 1490 ἀποφάσεσι
3599 1423 3699 1492 τῆς
3738 1425 3904 1477 κολά-

2229 1521 2368 1567 σεως
2407 1504 2738 1572 ἀπογνόντες
2782 1503 2928 1566 τινὲς
2981 1502 3026 1535 ³⁸
3064 1502 3414 1573 σκληρότεροι
3448 1502 3728 1568 γένωνται,
3763 1506 3904 1574 μήτε

2225 1587 2346 1645 ταῖς
2361 1583 2469 1637 τῶν
2485 1584 2736 1654 χρηστῶν
2758 1583 3111 1651 ὑποσχέσεσιν
3139 1580 3326 1643 ἁπλῶς
3345 1581 3702 1654 ρᾳθυμότεροι
3732 1600 3906 1636 κατα-

2229 1663 2448 1721 στῶσιν,
2506 1663 2792 1732 ἀμφότερα
2827 1661 3000 1714 ταῦτα
3050 1661 3193 1712 ἰᾶται
3218 1660 3306 1712 διὰ
3340 1659 3434 1712 τοῦ
3476 1661 3904 1732 προειρημένου,

2227 1744 2388 1800 ταυτί
2409 1745 2452 1775 ³³
2469 1743 2664 1812 λέγων·
2691 1741 2811 1795 Κᾶν
2828 1742 3126 1811 ἀπειλήσω,
3154 1740 3228 1809 μὴ
3251 1738 3522 1808 ἀπογνῷς·
3548 1738 3772 1793 δύνασαι
3796 1740 3912 1811 γὰρ

2232 1823 2586 1896 μετανοῆσαι,
2623 1822 2716 1875 καὶ
2754 1821 2910 1874 λῦσαί
2943 1837 3044 1890 μου
3075 1820 3174 1888 τὴν
3201 1819 3575 1888 ἀπόφασιν,ῶς
3601 1819 3904 1873 Νινευῖται·

2228 1902 2335 1958 κᾶν
2369 1902 2696 1973 ύπόσχωμαί
2723 1920 2776 1954 τι
2804 1901 3059 1972 χρηστὸν,
3089 1900 3162 1970 μὴ
3201 1900 3483 1972 ἀναπέσῃς
3510 1898 3598 1952 διὰ
3638 1901 3736 1968 τὴν
3775 1900 3912 1953 ὑπό-

2231 1999 2437 2052 σχεσιν.
2471 1983 2568 2034 Ἂν
2613 1980 2721 2052 γάρ
2767 1980 2984 2044 ἀνάξιος
3024 1981 3221 2050 φανῇς,
3263 1978 3418 2032 οὐδέν
3447 1996 3505 2031 σε
3537 1978 3812 2049 ὠφελήσει
3846 1979 3914 2031 τὸ

2231 2059 2563 2131 ὑποσχέσθαι
2597 2077 2684 2131 με,
2711 2059 2850 2113 ἀλλά
2882 2059 3084 2130 μᾶλλον
3105 2058 3200 2111 καὶ
3223 2058 3618 2128 τιμωρήσεται·
3657 2057 3766 2126 ἐγὼ
3798 2059 3911 2128 γὰρ

2229 2141 2365 2212 ἀξίῳ
2396 2141 2509 2194 δντι
2534 2139 2922 2210 ὑπισχνοῦμαι.
2951 2138 3051 2192 Διὰ
3068 2137 3226 2191 τοῦτο
3249 2137 3344 2190 καί
3375 2137 3498 2190 τότε
3524 2137 3918 2207 διαλεγόμενος

2230 2224 2344 2286 τοῖς
2367 2221 2654 2294 μαθηταῖς,
2675 2221 2774 2290 οὐχ
2800 2217 2985 2283 ἁπλῶς
3014 2217 3377 2287 ἐπηγγείλατο
3400 2233 3414 2247 °
3445 2217 3568 2270 οὐδὲ
3598 2217 3706 2286 γὰρ
3733 2214 3916 2280 εἶπεν,

2242 2300 2462 2371 ’Υμεῖς,
2509 2301 2690 2372 μόνον,
2715 2299 2851 2353 ἀλλά
2891 2300 2936 2330 ⁸⁸
2970 2298 3334 2370 προσέθηκεν,
3368 2300 3422 2352 οί
3449 2297 3918 2366 ἀκολουθήσαν-

2232 2381 2332 2447 τές
2361 2382 2488 2450 ¹μοι,
2535 2380 2620 2433 ἵνα
2655 2380 2750 2434 καί
2797 2380 2889 2439 τὸν
2940 2378 3138 2433 Ἰούδαν
3184 2377 3411 2451 ἐκϐάλῃ,
3454 2377 3549 2430 καί
3594 2376 3722 2440 τοὺς
3773 2375 3919 2446 μετὰ

2232 2460 2406 2515 ταῦτα
2451 2459 2839 2529 ἐφελκύσηται.
2888 2456 3023 2512 Οὔτε
3073 2456 3182 2528 γάρ
3221 2457 3357 2528 πρὸς
3409 2456 3649 2520 ἐκείνους
3697 2457 3920 2524 εἴρηται

2237 2539 2452 2610 μόνους,
2487 2539 2611 2593 οὔτε
2641 2539 2776 2610 πρὸς
2818 2537 3020 2592 Ἰούδαν
3055 2535 3240 2590 λοιπὸν
3269 2535 3489 2602 ἀνάξιον
3521 2534 3916 2605 γεγενημένον.

2233 2620 2358 2682 Τοῖς
2388 2618 2487 2688 μὲν
2509 2613 2600 2671 οὖν
2620 2618 2887 2689 μαθηταῖς
2918 2617 2988 2671 τά
3013 2616 3273 2686 μέλλοντα
3303 2615 3685 2686 ἐπηγγείλατο,
3716 2613 3918 2682 λέγων·

2235 2699 2571 2753 Καθίσεσθε
2597 2699 2694 2751 ἐπὶ
2728 2696 2954 2750 δώδεκα
2981 2696 3262 2762 θρόνους·
3296 2691 3438 2766 ἦσαν
3466 2693 3574 2764 γάρ
3594 2693 3927 2764 ὑψηλότεροι
4015 2709 4019 2714 ·

2234 2777 2438 2840 λοιπὸν,
2475 2779 2569 2832 καὶ
2597 2777 2890 2831 ούδέντῶν
2916 2775 3200 2846 παρόντων
3226 2773 3450 2845 ἐζήτουν
3469 2792 3483 2806 ·
3514 2777 3628 2837 τοῖς
3652 2773 3710 2827 δέ
3733 2773 3929 2838 ἀλλοις

2236 2858 2332 2910 καὶ
2368 2856 2438 2910 τά
2483 2855 2716 2909 ἐνταῦθα
2758 2856 3120 2924 ὑπισχνεῖται.
3158 2853 3267 2908 Καὶ
3319 2853 3360 2885 ⁸¹
3402 2851 3521 2920 πᾶς
3550 2852 3680 2924 γάρ,
3728 2853 3926 2922 φησὶν.

2238 2934 2406 3000 ὅστις
2453 2933 2687 3004 ἀφῆκεν
2727 2933 3052 3003 ἀδελφοὺς.
3089 2932 3128 3000 ἢ
3179 2932 3468 3001 ἀδελφὰς,
3511 2933 3549 3000 ἣ
3597 2933 3845 3001 πατέρα,
3877 2934 3923 3002 ἢ

2235 3013 2478 3082 μητέρα,
2516 3012 2554 3079 ἢ
2602 3012 2876 3081 γυναῖκα,
2918 3013 2956 3079 ἢ
3008 3011 3209 3073 τέκνα,
3252 3013 3291 3080 ἢ
3330 3009 3570 3078 ὰγφοὺς,
3621 3009 3661 3079 ἢ
3695 3013 3930 3076 οὶκίαν,

2238 3093 2450 3146 ἕνεκεν
2482 3092 2588 3147 τοῦ
2610 3092 2897 3161 ὀνόματός
2918 3109 3057 3160 μου,
3092 3089 3689 3144 ἑκατονταπλασίονα
3725 3090 3929 3158 λήψε-

2239 3189 2333 3225 ται
2379 3172 2447 3224 ἐν
2478 3169 2558 3236 τῷ
2593 3171 2760 3224 αἰῶνι
2788 3172 2996 3235 τούτῳ,
3035 3171 3133 3223 καὶ
3176 3168 3326 3236 ζωὴν
3359 3170 3597 3224 αἰώνιον
3627 3173 3928 3235 κληρονο-

2236 3249 2440 3320 μήσει.
2479 3251 2594 3303 ’Ἰνα
2624 3249 2733 3320 γάρ
2758 3252 2830 3320 μή
2858 3266 2999 3311 τινες
3036 3249 3363 3311 ἀκούσαντες
3389 3249 3468 3310 τὸ,
3493 3248 3680 3318 ὑμεῖς,
3706 3248 3927 3318 ἐξαίρε-

2241 3347 2331 3382 τον
2356 3331 2398 3362 δ’
2426 3329 2530 3382 τῶν
2563 3329 2822 3399 μαθητῶν
2865 3328 3023 3382 τοῦτο
3061 3323 3199 3381 εἶναι
3241 3327 3503 3397 νομίσωσι
3535 3327 3712 3396 (λέγω
3748 3327 3814 3396 δὴ
3858 3327 3927 3380 τὺ

2241 3409 2351 3462 τῶν
2395 3409 2664 3478 μεγίστων
2707 3410 2801 3460 καὶ
2852 3408 3134 3477 πρωτείων
3180 3408 3239 3460 ἐν
3280 3410 3393 3470 τοῖς
3448 3406 3732 3476 μέλλουσιν
3778 3409 3924 3459 ἀπο·

2243 3487 2482 3554 λαύειν),
2511 3487 2740 3554 ἐξέτεινε
2771 3487 2860 3540 τὸν
2886 3487 3061 3555 λόγον,
3117 3487 3211 3540 καί
3249 3485 3470 3554 ἥπλωσε
3497 3487 3597 3559 τὴν
3625 3485 3930 3556 ὑπόσχεσιν

2245 3568 2339 3622 ἐπὶ
2374 3566 2472 3637 τὴν
2506 3567 2609 3636 γῆν
2648 3565 2889 3625 ἃπασαν.
2939 3565 3035 3620 καί
3073 3565 3182 3619 ἀπὸ
3223 3564 3331 3618 τῶν
3388 3564 3670 3635 παρόντων
3713 3566 3809 3619 καί
3850 3563 3939 3617 τά

2247 3644 2510 3717 μέλλοντα
2549 3643 2852 3696 πιστοῦται.
2901 3643 3011 3697 Καὶ
3059 3645 3175 3706 τοῖς
3223 3642 3492 3712 μαθηταῖς
3535 3643 3592 3697 δὲ
3638 3644 3699 3696 ἐν
3738 3659 3930 3714 προοι-

2247 3723 2391 3796 μίοις
2421 3721 2596 3795 [ὺ56],
2625 3722 2713 3775 ὅτε
2742 3721 3094 3792 ἀτελέστερον
3123 3721 3404 3786 διέκειντο,
3449 3721 3557 3776 ἀπὸ
3584 3721 3693 3775 τῶν
3717 3723 3928 3793 παρόν-

2243 3819 2354 3856 των
2385 3801 2654 3871 διελέγετο
2694 3799 2760 3854 ⁸³.
2809 3800 2939 3854 Ὅτε
2978 3798 3085 3872 γὰρ
3125 3799 3374 3853 εἵλκυσεν
3417 3800 3615 3862 αὐτοὺς
3664 3800 3777 3855 ἀπὸ
3820 3799 3936 3871 τῆς

2245 3881 2542 3952 θαλάσσης,
2593 3879 2687 3933 καὶ
2730 3879 2828 3950 τῆς
2875 3878 3074 3950 τέχνης
3123 3878 3420 3950 ἀπέστησε,
3472 3878 3568 3932 καί
3611 3880 3832 3947 ἀφεῖναι
3861 3878 3940 3933 τὸν

2245 3959 2429 4014 πλοῖον
2457 3959 2758 4020 ἐκέλευσεν,
2780 3958 2881 4012 οὐκ
2906 3957 3171 4031 οὐρανῶν,
3189 3957 3250 4012 ού
3275 3957 3477 4029 θρόνων
3492 3958 3927 4028 ἐμνημόνευσεν,

2246 4039 2382 4095 ἀλλὰ
2413 4039 2522 4092 τῶν
2559 4037 2792 4092 ἐνταῦθα
2831 4037 3194 4108 πραγμάτων,
3229 4035 3398 4090 εἰπών
3420 4053 3434 4066 ·
3478 4036 3717 4102 Ποιήσω
3764 4036 3938 4106 ὑμᾶς

2247 4118 2437 4184 ἁλιεῖς
2474 4117 2799 4186 ἀνθρώπων
2822 4133 2835 4147 ·
2881 4117 3063 4187 ἐπειδὴ
3100 4117 3157 4169 δέ
3199 4115 3559 4187 ὑψηλοτέρους
3603 4115 3929 4186 εἰργάσατο,

2251 4199 2375 4253 τότε
2404 4196 2589 4251 λοιπὸν
2621 4198 2714 4249 καὶ
2748 4213 2811 4250 πε
2823 4196 2874 4266 pl
2904 4196 3013 4250 τῶν
3040 4197 3157 4248 ἐκεῖ
3185 4194 3511 4262 διαλέγεται.

2324 4277 2387 4348 β’.
2430 4277 2494 4330 Τί
2537 4277 2595 4330 δέ
2640 4279 2775 4338 ἐστι,
2812 4277 3134 4343 Κρίνοντες
3165 4273 3274 4340 τὰς
3311 4273 3539 4327 δώδεκα
3569 4273 3767 4342 φυλὰς
3812 4271 3933 4327 τοῦ

2262 4356 2547 4423 Ἰσραήλ;
2584 4355 2864 4417 Τουτέστι,
2896 4354 3336 4422 κατακρίνοντες.
3367 4354 3441 4406 Ού
3460 4353 3566 4421 γὰρ
3586 4353 3648 4424 δὴ
3670 4353 3930 4405 δικασταὶ

2253 4436 2506 4508 μέλλουσι
2535 4433 2914 4487 καθεδεῖσθαι·
2966 4433 3082 4486 ἀλλ’
3122 4431 3309 4502 ῶσπερ
3352 4433 3448 4503 τὴν
3477 4432 3791 4502 βασίλισσαν
3826 4432 3925 4485 τοῦ

2249 4516 2402 4568 νότου
2449 4514 2797 4584 κατακρινεῖν
2827 4511 2873 4543 ⁸⁸
2903 4511 3000 4581 τὴν
3029 4512 3219 4580 γενεὰν
3260 4511 3471 4579 ἐκείνην
3514 4510 3704 4580 ἔφησε,
3744 4512 3839 4564 καὶ
3871 4512 3925 4564 οἰ

2249 4595 2528 4648 Νινευῖται
2566 4592 2622 4644 δὲ
2652 4591 3068 4661 κατακρινοῦσιν
3096 4590 3291 4653 αύτούς
3314 4607 3328 4620 ⁶
3353 4589 3493 4642 οὕτω
3525 4589 3590 4660 δὴ
3629 4590 3721 4642 καὶ
3753 4585 3926 4643 οὗτοι.

2252 4673 2352 4727 Διά
2382 4672 2539 4726 τοῦτο
2567 4672 2666 4724 οὐκ
2693 4666 2834 4731 εἷπε,
2861 4669 2941 4721 Τά
2961 4669 3087 4737 ἔθνη
3113 4671 3207 4722 καὶ
3240 4669 3335 4736 τὴν
3382 4668 3726 4739 οἰκουμένην,
3763 4668 3932 4731 ἀλλὰ,

2259 4754 2370 4818 Τὰς
2397 4751 2597 4821 φυλὰς
2627 4749 2732 4802 τοῦ
2776 4746 3041 4816 Ἰσραήλ.
3085 4748 3302 4817 Ἐπειδὴ
3340 4748 3448 4818 γάρ
3495 4749 3551 4799 ἐν
3588 4751 3700 4809 τοῖς
3745 4748 3931 4811 αὐτοῖς

2251 4829 2392 4904 ἦσαν
2423 4828 2794 4901 τεθραμμένοι
2833 4828 2926 4881 καί
2955 4828 3141 4898 νόμοις
3161 4828 3254 4880 καὶ
3293 4827 3437 4880 ἔθεσι
3467 4826 3561 4878 καὶ
3593 4826 3841 4898 πολιτείᾳ
3876 4830 3931 4882 οἱ

2251 4929 2311 4964 τε
2347 4907 2706 4963 Ἰουδαῖοικαί
2734 4908 2783 4959 οἰ
2814 4907 3125 4969 ἀπόστολοι,
3154 4907 3279 4960 ὅταν
3313 4905 3540 4974 λέγωσιν
3573 4906 3622 4957 οί
3657 4905 3929 4970 Ἰουδαῖοι⁹

2251 4988 2446 5042 ὅτιΔιά
2479 4987 2635 5039 τοῦτο
2658 4986 2758 5038 οὐκ
2789 4985 3131 5056 ἠδυνήθημεν
3147 4984 3434 5039 πιστεῦσαι
3463 4983 3538 5054 τῷ
3565 4984 3810 5055 Χριστῷ,
3843 4987 3934 5041 ὅτι

2250 5071 2279 5122 6
2308 5068 2468 5138 νόμος
2502 5064 2743 5118 ἐκώλυσε
2784 5065 2829 5096 ⁸⁸
2864 5065 2931 5116 τά
2969 5065 3402 5136 παραγγέλματα
3449 5064 3612 5117 αὑτοῦ
3655 5064 3927 5133 δέχεσθαι,

2252 5145 2474 5209 τούτους
2505 5147 2582 5208 εἰς
2614 5145 2774 5214 μέσον
2815 5143 3171 5214 παραγαγὼν,
3207 5147 3330 5208 τοὺς
3362 5145 3454 5197 τὸν
3499 5143 3662 5197 αὐτὸν
3699 5143 3928 5214 δεξαμέ-

2253 5243 2375 5288 νους
2407 5225 2570 5293 νόμον
2599 5225 2692 5276 καὶ
2725 5223 3140 5286 πιστεύσαντας,
3181 5225 3501 5292 κατακρινεῖ
3536 5222 3745 5285 πάντας
3782 5224 3930 5275 ὲκεί-

2257 5321 2410 5367 νους·
2451 5306 2586 5374 ὅπερ
2630 5305 2724 5356 καὶ
2749 5303 2847 5373 ήδη
2879 5303 3032 5369 ἔλεγε
3062 5303 3128 5368 ⁸⁸,
3183 5301 3284 5354 Διὰ
3323 5301 3496 5354 τοῦτο
3533 5300 3726 5368 κριταί
3759 5300 3933 5370 ὑμῶν

2259 5384 2426 5438 αὐτοὶ
2460 5384 2724 5438 ἔσονται.
2751 5384 2858 5435 Καὶ
2887 5383 2938 5434 τί
2962 5381 3103 5452 μέγα
3130 5382 3311 5445 αὐτοῖς
3330 5379 3712 5451 ἐπηγγείλατο,
3739 5382 3934 5450 φησὶν,

557 5495 603 5527 ’⁸
639 5494 844 5565 εἰσάγω
873 5493 1007 5546 Edd.
1083 5493 1127 5565 f"
1161 5497 1188 5546 6
1214 5493 1381 5564 πένης
1402 5509 1510 5548 om.
1546 5491 1606 5546 L.
1637 5493 1808 5565 invito
1833 5493 1930 5564 Ep.
2003 5494 2048 5527 ’⁸
2085 5511 2138 5548 το

2240 5510 2327 5548 πη.
2591 5495 2635 5526 ¹⁹
2668 5493 2799 5565 γὰρ]
2835 5492 2928 5565 καί
2955 5491 3166 5565 Κτγάρ
3193 5489 3370 5565 καί-[ι.
3401 5487 3932 5565 οξκειούμεθαῙξιᾶιΙ.

488 5565 598 5634 γάρ
647 5563 733 5635 Κ..
768 5563 1038 5635 leqyum
1079 5563 1206 5635 Ahaec
1254 5563 1359 5616 οἰκ.
1413 5581 1508 5635 πρ.
1566 5563 1824 5635 πολλάκις
1861 5563 1966 5635 lion
2007 5581 2138 5635 agno

2240 5573 2313 5620 ιιιι
2435 5563 2506 5617 Μ.
2535 5563 2803 5635 ριίιιιειῲῖ

492 5637 533 5668 ³⁸
571 5632 670 5704 καὶ
691 5633 751 5686 τὸ
773 5635 864 5704 ἀκ.
898 5632 974 5704 11ἒ
1073 5633 1116 5664 ³³
1156 5632 1535 5704 παρεσκεύασε
1875 5633 1920 5664 ³³

489 5707 534 5736 ³⁵
573 5703 664 5756 τοῦ
704 5703 928 5772 ποιῆσαι
954 5702 1017 5760 L.
1125 5705 1171 5734 ³⁸⁵
1210 5702 1298 5756 τοῦ

491 5775 537 5806 ³⁸
575 5773 718 5833 τινές
752 5789 864 5826 om.
906 5774 971 5827 ϐ.
1050 5773 1094 5808 ³⁵
1135 5775 1290 5825 ταυτί
1326 5792 1434 5826 mn.
1467 5775 1529 5828 G.
1567 5773 1628 5825 ΙΙ.
1656 5773 1726 5826 Μ.

1210 5703 1300 5756 τοῦ
1331 5720 1441 5757 om.
1479 5703 1542 5757 G.
1575 5703 1638 5756 ll.
1678 5703 1723 5755 Μ
1781 5704 2003 5756 ἐκυτούς

1837 5776 1880 5805 ιο
1919 5773 2076 5842 ἀλλά]

488 5910 574 5964 ὅτι
612 5909 677 5964 Κ.
709 5907 774 5968 Ι..

1959 5633 2142 5706 φηάὶνς
2196 5634 2374 5706 ὑμεῖς]
2403 5637 2495 5686 καὶ
2534 5634 2708 5704 ὑμεῖς.
2739 5633 2976 5706 c9165?!»-

2090 5705 2181 5760 Sic
2214 5703 2255 5756 H
2309 5703 2373 5758 Κῖ
2426 5706 2501 5758 Μ.
2535 5703 2696 5771 vulgo
2743 5703 2958 5766 αύτούς.
3061 5703 3104 5734 ³⁷

2131 5777 2256 5828 add.
2292 5775 2385 5829 καί
2441 5774 2575 5828 Edd.
2617 5775 2660 5806 δι
2703 5774 2812 5826 Καί
2842 5791 2952 5828 om.
2984 5772 3048 5827 G.
3074 5772 3122 5824 Μ

492 5792 537 5806 οη
575 5792 718 5833 τινες
752 5792 864 5826 om.
906 5792 971 5827 υ.
1050 5792 1094 5808 υ·
1135 5792 1290 5825 ταυτι
1326 5792 1434 5826 mn.
1467 5792 1529 5828 ιι.
1567 5792 1628 5825 ιι.
1656 5792 1726 5826 m.
1838 5792 1880 5805 ’ν
1919 5792 2076 5842 αΑΑαι
2131 5792 2138 5828 :

492 5843 538 5916 ξ’
573 5841 877 5916 διαλέγεται
904 5843 964 5896 L.
1042 5845 1084 5875 δ’·
1127 5845 1476 5914 κατακρίνειν
1507 5845 1572 5900 G.
1605 5843 1666 5899 Κ.
1698 5844 1757 5899 ι..
1786 5842 1858 5899 Μ.
1935 5845 1978 5878 ⁵⁵
2007 5845 2138 5899 ἐκώ)

2245 5816 2256 5828 .
2292 5792 2385 5829 και
2441 5792 2575 5828 mm.
2617 5792 2660 5806 "
2706 5792 2811 5826 na:
2842 5792 2952 5828 om.
2984 5792 3048 5827 υ.
3074 5792 3142 5825 μ.
3250 5792 3294 5805 ν·
3333 5792 3409 5836 ως
3458 5792 3572 5834 εςαι

2245 5844 2343 5916 Ep.
2386 5845 2640 5900 ἐκέλευσε
2676 5845 2740 5901 G.
2783 5843 2852 5898 Μ.
2884 5853 2937 5900 el.
2974 5844 3070 5901 Gc.
3099 5844 3154 5898 in
3199 5852 3368 5899 textu.
3470 5844 3514 5874 "
3550 5841 3576 5894 ἐ

2913 5564 2956 5594 ³ο
2993 5557 3310 5630 τάέαυτοῦ]
3349 5561 3518 5613 ταῦτα
3575 5557 3736 5630 αύτός
3762 5557 3827 5613 Κ.
3863 5557 3929 5615 L.

3076 5631 3122 5705 ‘_"
3161 5631 3327 5705 λόγῳ]
3362 5633 3566 5705 τρόπῳ
3609 5629 3749 5705 Μυν.

3061 5703 3104 5734 ³⁷
3142 5699 3435 5774 τῆςΪὸὼί.
3475 5699 3729 5769 τοιαύτης
3788 5699 3931 5753 Edd.

3074 5772 3142 5825 Μ.
3250 5775 3294 5805 ⁸³
3333 5771 3409 5834 ὡς
3458 5769 3730 5834 ἐξαίρετον
3790 5770 3931 5823 Ειιιί.

3333 5789 3409 5836 ως
3458 5787 3572 5834 εςαι
3613 5787 3730 5822 ετον
3790 5787 3933 5823 mm.

3333 5859 3368 5896 ι.
3470 5844 3514 5874 ⁵⁵
3550 5787 3766 5912 ἔλεγεν]
3802 5839 3930 5895 add.
