4140 6376
327 295 431 353 609

323 427 430 468 non
459 410 739 482 magniﬁca
777 410 1020 475 aediﬁcia,
1069 426 1174 464 non
1220 411 1486 465 uberrima
1531 411 1763 481 prtedia;
1813 410 1906 466 sed

323 507 464 560 viros
490 519 578 574 qut
609 517 854 573 magnam
901 504 1040 572 apud
1081 503 1248 558 Deum
1294 503 1539 558 ﬁduciam
1568 503 1783 567 habent,
1813 504 1904 574 qui

321 599 374 651 in
397 597 530 651 cado
559 595 748 650 divites
774 605 916 660 sunt,
940 597 1028 665 qui
1071 595 1351 650 thesauros
1373 595 1493 650 illos
1523 597 1817 665 possident,
1842 611 1909 650 ac

322 705 449 743 vero
475 689 712 758 opulenti
740 699 884 751 sunt,
911 688 999 758 qui
1028 697 1241 757 propter
1264 688 1534 742 Christum
1559 697 1682 741 sunt
1703 704 1902 757 paupe-

1281 291 1350 350 IN
1386 245 1798 350 AIATTIIEUM
1835 293 2066 355 HOMIL.
2107 294 2292 352 LXIV.
2331 296 2403 352 al.
2447 297 2606 352 LXV.

3499 307 3604 363 lii)

2025 427 2149 479 res;
2179 424 2238 468 ut
2261 423 2460 469 :eterna
2488 415 2624 469 bona
2649 430 3060 486 consequamur,
3097 421 3265 490 gratia
3289 431 3342 476 et
3368 421 3604 493 benigni-

2021 512 2129 560 tate
2177 505 2385 559 Domini
2435 507 2600 560 IIOSlrl
2645 507 2774 562 Jesu
2803 507 3020 576 Christi,
3068 513 3282 580 quicum
3327 513 3468 568 Patri
3502 531 3602 572 una

2014 613 2134 650 eum
2156 596 2352 666 Spiritu
2373 607 2559 650 sancto
2579 598 2766 667 gloria,
2785 598 2976 666 honor,
3005 604 3303 671 imperium,
3335 604 3598 670 adoratio,

2014 706 2153 744 nunc
2199 699 2252 742 et
2289 704 2538 758 semper,
2581 702 2633 743 et
2686 693 2737 744 in
2791 693 2984 747 smeula
3040 696 3377 750 seculorum.
3413 701 3598 752 Amen.

1471 923 1806 984 HOMILIA
1851 923 2074 982 LXIV.
2121 921 2206 983 al.
2253 921 2447 983 LXV.

322 1076 454 1130 Car.
505 1073 588 1128 19.
631 1088 686 1126 v.
728 1071 818 1126 27.
864 1070 1010 1125 Tunc
1052 1072 1361 1142 respondens
1411 1070 1593 1125 Petrus
1639 1072 1766 1125 dixit
1810 1071 1857 1124 ei
1893 1085 1912 1124 :

397 1162 529 1217 Ecce
553 1179 644 1216 nos
664 1162 960 1229 reliquimus
975 1163 1164 1226 omnia,
1194 1146 1239 1216 et
1264 1162 1458 1231 sequuti
1481 1177 1656 1215 sumus
1687 1171 1734 1214 te
1754 1178 1773 1227 ;
1791 1158 1912 1231 quid

400 1272 519 1326 ergo
540 1254 633 1308 erit
663 1253 804 1306 nobis
831 1254 857 1307 ?

398 1349 450 1403 1.
493 1347 745 1414 Quaenam
777 1345 981 1410 Omnia,
1002 1344 1160 1401 beate
1184 1345 1342 1403 Petre
1367 1345 1391 1398 ?
1415 1345 1676 1398 calamum
1705 1343 1730 1398 ?
1753 1343 1910 1398 rete?

325 1439 679 1494 naviculam?
736 1436 955 1491 artem?
1009 1437 1252 1492 llteecine
1307 1436 1485 1490 omnia
1535 1436 1670 1491 dicis
1729 1435 1912 1489 mihi?

325 1530 531 1594 Etiam,
575 1531 764 1600 inquit.
817 1529 922 1584 Sed
973 1545 1076 1584 non
1119 1545 1214 1598 per
1257 1529 1600 1584 ambitionem
1629 1529 1910 1598 quamdam

332 1623 448 1677 lucc
477 1623 627 1687 dico,
677 1622 769 1676 sed
804 1631 860 1676 ttt
896 1637 993 1691 per
1033 1620 1172 1677 hanc
1217 1622 1688 1691 interrogationem
1717 1635 1915 1690 panpe-

323 1728 441 1766 rum
477 1713 688 1783 plebem
728 1712 1081 1768 introducam.
1108 1714 1242 1780 Quia
1273 1714 1414 1768 enim
1452 1712 1586 1768 dixit
1613 1712 1865 1766 Dominus
1896 1729 1909 1766 :

323 1803 386 1859 Si
426 1805 500 1860 vis
540 1804 788 1875 perfectus
816 1820 942 1871 esse,
975 1805 1131 1858 vende
1157 1819 1271 1873 qua:
1295 1804 1466 1867 habes.
1495 1813 1542 1858 et
1569 1804 1638 1858 da
1663 1805 1906 1874 pauperi-

321 1897 450 1961 bus,
489 1906 535 1952 et
574 1897 777 1951 habebis
814 1898 1103 1952 thesaurum
1145 1898 1198 1951 in
1239 1897 1364 1952 caelo
1390 1895 1605 1969 (Matth.
1629 1897 1718 1952 19.
1743 1895 1809 1951 21
1839 1896 1858 1967 )
1893 1913 1909 1952 :

324 2005 395 2046 ne
423 1991 542 2062 quis
566 2005 858 2060 pauperum
890 1989 1034 2045 dicat
1059 2003 1074 2043 :
1101 1989 1238 2058 Quid
1268 2005 1397 2060 ergo
1421 1988 1446 2042 ?
1471 1989 1515 2043 si
1545 2004 1647 2044 non
1681 1989 1905 2044 habeam

330 2083 722 2152 possessionem
744 2123 760 2150 ,
792 2097 897 2136 non
928 2097 1142 2153 possum
1169 2097 1292 2138 esse
1321 2080 1639 2153 perfectus?
1674 2081 1906 2137 interro-

325 2183 417 2242 gat
446 2171 640 2228 Petrus
659 2213 673 2235 .
704 2181 762 2227 ut
798 2180 855 2228 tu
887 2187 1088 2243 pauper
1109 2172 1284 2228 discas
1303 2213 1320 2240 ,
1347 2171 1479 2227 nihil
1509 2182 1560 2227 te
1590 2171 1714 2227 hinc
1733 2172 1910 2229 minus

323 2261 558 2328 habere;
603 2262 893 2333 interrogat
940 2261 1128 2317 Petrus
1148 2304 1164 2329 ,
1194 2272 1360 2327 utne,
1382 2260 1428 2316 si
1456 2277 1486 2316 a
1527 2261 1684 2317 Petro
1711 2261 1763 2316 id
1794 2261 1911 2316 edi-

323 2370 479 2420 scas,
527 2353 739 2410 dubites
787 2355 1025 2424 (etenim
1068 2353 1410 2424 imperfectus
1451 2353 1624 2408 adhuc
1666 2363 1812 2420 erat,
1857 2363 1912 2409 et

320 2443 524 2516 Spiritu
569 2444 851 2513 vacuus),
904 2443 1000 2500 sed
1051 2453 1110 2498 ttt
1155 2460 1185 2498 a
1219 2446 1475 2514 magistro
1507 2445 1645 2500 Petri
1690 2453 1906 2514 accepta

323 2533 611 2601 sententia,
660 2534 917 2591 conlidas.
960 2533 1416 2603 Quemadmodum
1460 2536 1601 2591 enim
1635 2550 1731 2590 nos
1776 2535 1907 2590 faci-

323 2642 464 2694 mus,
493 2643 614 2682 cum
642 2642 739 2696 pro
763 2626 882 2682 aliis
901 2625 1232 2696 disputantes
1253 2643 1337 2682 res
1356 2628 1507 2682 nobis
1527 2627 1866 2682 attribuimus
1889 2643 1904 2682 :

323 2721 404 2775 sic
429 2731 483 2774 et
521 2721 794 2788 apostolus
820 2719 975 2785 fecit,
1005 2736 1123 2775 cum
1161 2737 1255 2790 pro
1302 2721 1432 2776 orbe
1477 2732 1589 2776 toto
1619 2723 1777 2777 talem
1805 2722 1902 2790 ipsi

322 2811 796 2882 interrogationem
847 2812 1056 2866 obtulit.
1119 2811 1249 2866 Nam
1299 2813 1438 2882 quod
1485 2829 1547 2868 ea
1589 2829 1706 2882 qua:
1747 2812 1814 2866 ad
1849 2827 1909 2868 se

323 2902 639 2971 spectabant
657 2903 767 2972 jam
795 2902 942 2957 clare
967 2903 1148 2967 sciret,
1185 2904 1354 2972 palam
1375 2915 1456 2958 est
1477 2903 1545 2958 ab
1582 2903 1648 2958 iis
1671 2919 1788 2973 qua:
1816 2919 1906 2958 su-

322 3007 418 3062 pra
469 2991 608 3046 dicta
649 3000 774 3046 sunt
811 3009 826 3047 :
857 2993 1058 3047 etenim
1107 2993 1194 3063 qui
1235 2993 1412 3048 claves
1453 2993 1598 3062 regni
1649 2994 1904 3048 czelorum

323 3084 448 3138 inde
469 3083 582 3154 jam
606 3093 924 3154 acceperat,
951 3085 1118 3139 multo
1147 3085 1316 3155 magis
1361 3085 1426 3138 de
1452 3086 1660 3139 caeteris
1688 3100 1806 3155 qua:
1851 3085 1901 3140 in

318 3177 455 3231 czelo
512 3186 669 3243 sunt,
725 3177 995 3233 conﬁdere
1054 3177 1256 3235 debuit.
1300 3177 1678 3233 Animadverte
1724 3189 1901 3234 autem

317 3269 588 3338 quomodo
626 3279 873 3324 accurate
915 3269 1236 3339 reSpondeat
1279 3269 1344 3323 ad
1387 3285 1450 3324 ea
1493 3284 1609 3339 qua:
1653 3269 1900 3326 Christus

319 3361 594 3430 quzerebat
622 3377 636 3414 :
674 3376 796 3416 nam
829 3361 915 3417 ille
941 3377 969 3414 a
993 3361 1156 3416 divite
1195 3359 1304 3415 duo
1333 3359 1447 3415 haec
1479 3361 1792 3430 expetebat,
1840 3370 1900 3417 ut

315 3468 412 3508 sua
439 3453 590 3508 daret
619 3453 960 3523 pauperibus,
990 3463 1048 3509 et
1074 3462 1391 3524 sequeretur
1417 3468 1494 3508 se.
1537 3451 1766 3524 Ideoque
1792 3454 1894 3509 Pe—

315 3557 430 3601 trus
459 3553 572 3604 haec
598 3549 706 3604 duo
730 3549 908 3618 p0nil,
935 3557 988 3602 et
1015 3547 1157 3617 quod
1183 3547 1528 3618 reliquerint,
1559 3555 1613 3601 et
1641 3545 1781 3616 quod
1815 3561 1902 3601 se-

318 3649 551 3707 quantur
580 3657 595 3705 ;
620 3656 741 3694 nam
768 3639 840 3693 ait
867 3658 880 3693 :
908 3637 1042 3692 Ecce
1069 3655 1160 3692 nos
1184 3636 1478 3706 reliquimus
1504 3639 1672 3691 omnia
1691 3644 1714 3705 ,‘
1739 3648 1786 3692 et
1818 3654 1899 3692 se-

309 3733 453 3801 quuti
485 3749 658 3786 sumus
700 3741 766 3785 te.
798 3731 929 3785 Nam
977 3731 1284 3800 relinquunt
1311 3738 1366 3783 ttt
1406 3743 1699 3800 sequantur
1721 3773 1737 3796 ,
1768 3728 1897 3784 faci-

313 3825 525 3895 liusque
577 3833 693 3879 erat
736 3825 884 3894 sequi
932 3833 1211 3894 postquam
1263 3823 1625 3892 reliquerant,
1675 3833 1729 3877 et
1770 3824 1893 3892 quia

305 3916 673 3986 reliquerant,
708 3915 954 3970 ﬁduciam
1012 3915 1140 3984 ipsis
1183 3923 1238 3968 et
1278 3914 1526 3984 gaudium
1568 3914 1887 3968 conciliavit.

303 4008 444 4076 Quid
490 4023 616 4078 ergo
662 4008 800 4063 ille?
838 4008 928 4063 28.
970 4009 1126 4061 Amen
1166 4007 1277 4061 dico
1321 4008 1494 4073 vobis,
1525 4009 1660 4078 quod
1687 4025 1772 4063 vos
1806 4010 1893 4074 qui

302 4102 501 4170 sequuti
538 4102 654 4155 estis
693 4117 791 4168 me,
831 4102 883 4154 in
909 4101 1304 4172 regeneratione,
1339 4119 1452 4154 cum
1490 4102 1675 4156 sederit
1721 4103 1889 4158 Filius

303 4191 521 4244 hominis
543 4193 593 4244 in
613 4192 791 4245 throno
817 4193 1092 4258 maiestatis
1118 4208 1224 4244 sua:
1251 4231 1268 4257 ,
1297 4192 1527 4247 sedebitis
1553 4204 1598 4246 et
1620 4211 1706 4248 vos
1734 4212 1888 4263 super

302 4283 511 4337 thronos
551 4283 833 4348 duodecim,
869 4284 1157 4356 judicantes
1193 4284 1460 4338 duodecim
1501 4286 1658 4340 tribus
1688 4286 1877 4340 Israel.

299 4373 439 4441 Quid
473 4374 681 4442 igitur?
725 4390 790 4428 an
818 4374 1002 4439 Judas,
1059 4374 1302 4445 inquies,
1348 4375 1599 4430 sedebit?
1640 4377 1876 4432 Minime.

305 4465 589 4531 Quomodo
621 4465 780 4535 igitur
806 4465 933 4520 dicit
956 4506 971 4530 ,
1018 4463 1084 4519 Et
1109 4482 1194 4519 vos
1219 4483 1372 4536 super
1391 4467 1653 4520 duodecim
1676 4469 1883 4523 thronos

296 4555 532 4610 sedebitis
557 4556 584 4609 .9
615 4556 883 4626 quomodo
913 4557 1196 4626 promissio
1227 4558 1313 4612 illa
1347 4558 1650 4628 implebitur
1679 4558 1703 4611 ?
1743 4559 1879 4613 Audi

294 4645 588 4715 quomodo.
613 4645 724 4701 Lex
749 4656 828 4701 est
863 4663 893 4702 a
938 4648 1046 4700 Deo
1087 4648 1277 4716 posita,
1323 4663 1418 4716 per
1439 4647 1720 4702 Jeremiam
1751 4664 1878 4718 pro-

295 4734 512 4804 phetam
541 4735 742 4790 .lutlteis
788 4738 955 4804 lecta,
1002 4754 1120 4807 qum
1160 4739 1236 4793 sic
1264 4738 1422 4792 habet
1466 4756 1482 4794 :
1522 4740 1602 4792 Ad
1630 4757 1878 4794 summam

293 4829 476 4894 loquar
501 4845 653 4898 super
697 4840 892 4900 gentem
938 4839 986 4885 et
1020 4847 1172 4900 super
1201 4847 1442 4901 regnum,
1479 4842 1534 4885 ut
1570 4835 1802 4904 auferam
1830 4843 1877 4888 et

293 4921 541 4989 perdant;
566 4931 611 4976 et
640 4923 686 4976 si
727 4939 966 4976 conversa
992 4924 1144 4994 fuerit
1168 4941 1291 4995 gens
1315 4924 1406 4978 illa
1425 4941 1456 4977 a
1482 4927 1629 4979 malis
1649 4927 1774 4991 suis,
1797 4943 1876 4981 me

286 5033 485 5086 quoque
528 5018 781 5087 pwnitebit
810 5018 1093 5083 malorum,
1137 5035 1251 5088 quae
1291 5021 1504 5090 cogitavi
1529 5021 1698 5091 facere
1745 5022 1868 5078 illis.

286 5108 357 5161 Et
381 5108 450 5161 ad
468 5125 714 5164 summam
745 5109 924 5181 loquar
957 5128 1110 5180 super
1135 5122 1331 5182 gentem
1353 5125 1400 5166 et
1423 5131 1651 5183 regnum,
1683 5124 1734 5166 ut
1756 5129 1871 5168 rea:-

283 5199 488 5265 di/icem
517 5211 563 5254 et
592 5201 816 5270 plantem
849 5217 868 5255 :
897 5212 945 5256 et
981 5203 1028 5256 si
1067 5204 1277 5274 fecerint
1303 5206 1494 5258 ntalum
1528 5207 1580 5258 in
1602 5216 1869 5275 conspectu

282 5309 416 5355 meo,
446 5303 498 5346 ut
526 5310 624 5348 non
646 5294 859 5348 audiant
886 5311 1055 5350 vocent
1083 5313 1264 5360 meatu,
1301 5313 1380 5350 me
1400 5313 1592 5366 quoque
1621 5297 1869 5366 paenitebit

279 5392 525 5442 bonorum
544 5427 559 5451 ,
590 5401 704 5455 qute
730 5386 926 5440 locutus
950 5398 1140 5440 suntut
1170 5391 1386 5458 facerem
1411 5389 1482 5441 eis
1510 5391 1531 5455 (
1549 5386 1659 5440 Jer.
1691 5388 1779 5442 18.
1803 5388 1866 5442 7-

281 5475 395 5544 10).
430 5474 686 5544 ldipsutn,
709 5476 899 5547 inquit,
924 5478 1150 5533 servabo
1178 5478 1338 5532 etiam
1362 5479 1413 5532 in
1437 5477 1613 5534 bonis.
1639 5477 1864 5534 Etiamsi

278 5568 424 5622 enim
453 5568 640 5623 dixero
668 5583 756 5624 me
786 5569 1236 5624 rcmdiﬁcaturum
1281 5585 1401 5624 esse
1421 5612 1436 5634 ,
1478 5570 1524 5626 si
1552 5584 1611 5625 se
1637 5570 1868 5639 promis-

275 5663 432 5716 sione
469 5662 715 5732 indignos
758 5663 1118 5730 reddiderint,
1150 5663 1201 5723 id
1231 5681 1336 5718 non
1367 5665 1575 5721 iaciam.
1623 5664 1678 5720 Id
1723 5664 1862 5735 quod

274 5756 440 5812 etiam
482 5757 656 5828 primo
692 5758 890 5815 homini
934 5757 1124 5814 accidit
1154 5777 1166 5813 :
1196 5756 1409 5813 Tremor
1432 5758 1574 5814 enim
1595 5798 1611 5825 ,
1650 5755 1854 5829 inquit,

2019 1078 2178 1122 vester
2216 1079 2263 1122 et
2293 1070 2445 1123 tintor
2474 1071 2569 1124 erit
2597 1088 2749 1140 super
2776 1075 2912 1144 feras
2948 1072 3102 1143 (Cen.
3131 1077 3182 1132 9.
3213 1077 3271 1146 2)
3293 1090 3495 1150 meque
3525 1091 3606 1136 ta-

2019 1174 2138 1212 men
2160 1158 2208 1212 id
2238 1157 2434 1213 l'aclum
2465 1169 2544 1214 est
2578 1179 2593 1216 :
2622 1177 2740 1215 nam
2766 1163 2851 1216 ille
2882 1178 2940 1217 se
2963 1165 3050 1218 tali
3083 1166 3306 1236 imperio
3334 1170 3603 1240 indignum

2020 1249 2291 1316 reddidit;
2324 1253 2770 1320 quemadmodum
2801 1266 2854 1308 et
2881 1255 3066 1310 Judas.
3104 1258 3178 1312 Ne
3206 1261 3348 1314 enim
3380 1278 3444 1316 ex
3473 1279 3606 1334 sup.

2020 1343 2161 1413 plicii
2189 1345 2450 1398 sententia
2481 1344 2831 1415 desperantes
2860 1349 3076 1418 quidam
3108 1351 3353 1408 duriores
3381 1354 3602 1425 ﬁerent,

2019 1449 2151 1488 neve
2177 1450 2242 1489 ex
2286 1436 2548 1491 bonorum
2591 1439 2944 1506 promissione
2969 1443 3059 1495 alii
3093 1446 3368 1514 segniores
3407 1450 3617 1506 evade-.

2018 1536 2137 1580 rent
2156 1567 2172 1590 ,
2202 1529 2440 1597 utrisque
2466 1531 2759 1584 remedium
2787 1532 3004 1587 adhibet
3031 1533 3216 1590 dicens
3241 1555 3254 1592 :
3283 1537 3338 1593 Si
3368 1541 3600 1598 minatus

2018 1619 2172 1672 fuero
2192 1659 2206 1680 ,
2237 1633 2304 1672 ne
2327 1619 2582 1688 desperes
2615 1638 2630 1675 :
2676 1631 2828 1692 potes
2855 1625 2996 1678 enim
3025 1628 3389 1691 penitentiam
3419 1648 3600 1703 agere.

2017 1711 2440 1779 sententiamque
2461 1727 2631 1767 meam
2662 1713 2892 1780 solvere,
2924 1727 2976 1770 ut
3005 1716 3248 1774 Ninivita:
3279 1739 3294 1775 :
3321 1732 3376 1776 et
3395 1723 3440 1777 si
3470 1725 3594 1781 boni

2017 1800 2286 1870 quidpiam
2317 1803 2640 1871 promittam,
2676 1822 2742 1858 ne
2757 1807 2937 1876 segnis
2957 1809 3030 1862 sis
3056 1809 3126 1865 ob
3155 1813 3600 1880 promissionem:

2019 1906 2142 1947 nam
2172 1891 2216 1946 si
2245 1893 2494 1965 indignus
2535 1894 2793 1964 reddaris,
2825 1897 2955 1952 nihil
2983 1908 3034 1954 te
3054 1900 3265 1968 juvabit
3294 1908 3599 1974 promissio,

2021 1981 2117 2038 sed
2140 1983 2313 2053 maius
2339 1986 2660 2056 supplicium
2682 1988 2786 2043 erit
2817 2006 2830 2042 :
2853 2005 2955 2060 ego
2982 1993 3136 2072 enim‘
3158 1998 3411 2063 promitto
3440 1999 3490 2055 ei
3511 2001 3603 2071 qui

2016 2072 2208 2145 dignus
2235 2085 2338 2132 est.
2369 2077 2573 2134 Idcirco
2601 2087 2727 2134 tunc
2749 2096 2962 2152 quoque
2981 2082 3273 2154 discipulos
3295 2088 3598 2160 alloquens,

2018 2181 2124 2221 non
2151 2166 2471 2236 simpliciter
2496 2171 2756 2239 promittit
2781 2187 2795 2235 ;
2829 2188 2935 2226 non
2961 2174 3104 2230 enim
3131 2175 3471 2235 solummodo
3503 2182 3600 2249 ait,

2030 2255 2144 2319 Vos.
2194 2256 2288 2312 sed
2323 2257 2492 2325 addit,
2549 2259 2653 2327 Qui
2680 2262 2880 2330 sequuti
2906 2264 3024 2319 estis
3060 2282 3172 2331 me,
3218 2277 3277 2323 ut
3305 2282 3359 2324 et
3405 2269 3598 2330 ludam

2015 2349 2253 2419 ejiceret,
2282 2361 2338 2407 et
2385 2366 2481 2407 eos
2531 2353 2621 2422 qui
2662 2358 2842 2422 pastea
2893 2357 3050 2412 futuri
3093 2369 3248 2416 erant
3287 2362 3600 2422 attraheret.

2015 2441 2198 2514 Neque
2224 2445 2366 2499 enim
2401 2443 2468 2499 ad
2505 2443 2627 2500 illos
2663 2445 2860 2502 dictum
2890 2458 2973 2503 est
2998 2451 3164 2516 solos,
3195 2468 3370 2524 neque
3409 2458 3477 2512 ad
3506 2458 3600 2514 Ju-

2015 2534 2138 2589 dam
2159 2577 2174 2600 ,
2205 2537 2295 2607 qui
2338 2551 2398 2592 se
2437 2537 2708 2607 indignum
2760 2540 3009 2596 reddidit.
3041 2542 3321 2615 Discipulis
3348 2563 3478 2620 ergo
3517 2551 3601 2606 fu.

2016 2634 2132 2680 tura
2180 2627 2444 2696 promittit
2496 2628 2726 2683 dicendo
2779 2647 2794 2684 :
2837 2629 3088 2687 Sedebitis
3130 2651 3284 2704 super
3333 2638 3598 2697 duodecim

2015 2720 2223 2772 thronos
2250 2735 2271 2771 :
2297 2718 2637 2774 sublimiores
2673 2721 2816 2775 enim
2855 2721 3028 2777 effecti
3077 2726 3208 2780 nihil
3258 2732 3598 2796 praesentium

2013 2809 2326 2876 quaerebant
2357 2825 2373 2874 ;
2405 2810 2616 2865 caeteris
2647 2821 2824 2866 autem
2871 2817 3152 2884 prtesentia
3197 2835 3411 2891 quoque
3443 2825 3598 2893 polli-

2010 2909 2162 2952 eetur
2189 2899 2371 2954 dicens
2411 2918 2426 2954 :
2476 2900 2567 2956 29.
2611 2902 2928 2975 Quicumque
2959 2906 3204 2962 dimiserit
3243 2914 3460 2980 fratres,
3508 2925 3597 2970 aut

2010 3007 2228 3053 sorores,
2257 2999 2343 3044 aut
2375 3001 2590 3061 patrem,
2632 3000 2723 3047 aut
2749 3007 2978 3062 matrem,
3012 3007 3100 3050 aut
3127 3016 3353 3064 uxorem,
3402 3015 3490 3058 aut
3528 3008 3593 3074 ﬁ.-

2009 3079 2124 3144 lios,
2155 3090 2245 3134 aut
2270 3098 2453 3150 agros,
2485 3094 2692 3154 prapter
2727 3101 2907 3138 nomen
2937 3104 3122 3153 meum,
3152 3095 3438 3161 centuplum
3463 3101 3597 3151 acci-

2009 3175 2110 3244 piet
2139 3175 2189 3228 in
2228 3174 2330 3229 hoc
2360 3177 2592 3241 sazculo,
2634 3186 2681 3230 et
2717 3178 2870 3231 vitam
2902 3190 3141 3236 aeternam
3180 3186 3471 3251 possidebit.
3514 3190 3594 3246 Ne

2007 3265 2222 3335 quidam
2256 3268 2398 3321 enim
2432 3267 2585 3332 illud,
2643 3267 2761 3335 Vos,
2809 3270 3113 3335 audientes,
3161 3274 3290 3329 illud
3325 3280 3476 3347 quasi
3523 3283 3592 3338 ad

2004 3357 2296 3428 discipulos
2331 3359 2508 3414 solum
2545 3361 2822 3424 pertinens
2859 3363 3165 3433 acciperent
3205 3366 3225 3439 (
3251 3368 3316 3422 de
3346 3371 3594 3430 maximis

2006 3450 2196 3522 loquor
2235 3460 2290 3506 et
2308 3452 2377 3508 de
2406 3453 2590 3523 primis
2616 3453 2832 3509 sedibus
2861 3453 2880 3524 )
2905 3497 2920 3518 ,
2960 3456 3012 3510 in
3041 3472 3134 3512 eos
3159 3460 3252 3529 qui
3285 3464 3589 3521 mercedem

2003 3546 2268 3613 accepturi
2317 3554 2472 3598 erant
2512 3559 2814 3600 sermonem
2864 3541 3122 3612 e'xteudit,
3175 3559 3229 3607 et
3274 3555 3589 3622 promissio-

2004 3649 2123 3687 nem
2154 3635 2310 3689 latius
2337 3635 2546 3690 dill'udit
2576 3636 2626 3689 in
2660 3645 2826 3690 totum
2852 3637 3056 3701 orbem,
3085 3649 3245 3711 atque
3264 3658 3328 3697 ex
3359 3660 3588 3714 przeseu-

2003 3726 2142 3778 tibus
2176 3725 2350 3780 futura
2395 3726 2693 3780 conﬁrmat.
2734 3727 3014 3798 Diseipulis
3044 3743 3219 3785 autem
3254 3735 3306 3787 in
3334 3736 3584 3805 exordio,

2000 3830 2120 3870 cum
2151 3815 2324 3870 adhuc
2357 3817 2772 3886 imper-rectiores
2798 3830 2996 3884 essent,
3022 3836 3086 3875 ex
3128 3825 3479 3891 praesentibus
3508 3828 3586 3883 lo-

1997 3907 2280 3977 quebatur.
2323 3907 2456 3962 Cum
2510 3909 2654 3962 enim
2699 3909 2921 3964 abduxit
2970 3926 3063 3965 eos
3113 3927 3181 3967 ex
3237 3916 3368 3969 mari
3421 3927 3477 3971 et
3516 3934 3584 3976 ex

1996 4008 2112 4053 arte
2148 4014 2245 4054 sua
2269 4041 2283 4065 ,
2326 4000 2592 4069 jussitque
2618 4001 2914 4054 naviculam
2954 4001 3225 4067 deserere,
3259 4020 3365 4060 non
3394 4009 3579 4077 caelos,

1997 4107 2104 4147 non
2134 4091 2354 4146 thronos
2377 4095 2692 4147 memoravit
2724 4110 2738 4158 ;
2767 4094 2857 4147 sed
2893 4110 2977 4148 res
3008 4108 3321 4164 prwsenles,
3346 4099 3532 4158 dicens
3562 4121 3578 4159 :

1995 4184 2207 4238 Faciam
2236 4202 2321 4239 vos
2350 4186 2621 4254 piscatores
2651 4189 2906 4239 hominum
2935 4187 3145 4252 (.llatth.
3172 4191 3226 4243 4.
3260 4192 3382 4262 19);
3429 4205 3578 4264 post-

1991 4291 2148 4346 quam
2177 4287 2350 4331 autem
2387 4277 2506 4330 illos
2535 4275 2874 4331 sublimiores
2897 4276 3166 4346 ell'ecerat,
3193 4290 3316 4336 tunc
3359 4283 3576 4341 demum

1991 4370 2159 4422 etiam
2180 4367 2247 4422 de
2267 4369 2572 4423 carlestibus
2601 4368 2850 4438 loquitur.

2058 4460 2112 4516 2.
2153 4462 2288 4528 Quid
2316 4462 2414 4514 sibi
2449 4461 2560 4515 vult
2596 4461 2760 4527 illud,
2796 4460 3093 4517 Judicantes
3120 4463 3386 4519 duodecim
3415 4469 3574 4526 tribus

1986 4551 2200 4606 Israel?
2249 4554 2301 4607 Id
2346 4564 2448 4615 est,
2480 4553 2916 4609 condemnantcs.
2959 4554 3142 4626 Neque
3178 4559 3318 4612 enim
3345 4569 3403 4614 ut
3426 4561 3574 4630 judi-

1984 4660 2076 4700 ces
2118 4645 2381 4699 sedebunt
2413 4663 2426 4700 :
2468 4645 2561 4700 sed
2589 4647 2724 4701 sicut
2756 4648 2993 4716 reginam
3023 4650 3199 4703 Austri
3222 4652 3560 4708 condemna-

1985 4746 2155 4791 turam
2196 4747 2408 4807 gentem
2452 4737 2595 4792 illam
2641 4738 2888 4804 dicebat,
2941 4747 2998 4793 et
3041 4739 3302 4795 Ninivitas
3346 4757 3562 4814 quoque

1980 4830 2427 4885 cotulemnaturos
2473 4845 2596 4885 esse
2647 4829 2876 4901 (Matth.
2929 4831 3018 4884 l2.
3068 4832 3160 4885 42.
3203 4833 3266 4887 «il
3296 4832 3313 4901 )
3343 4850 3355 4885 :
3389 4834 3467 4889 sic
3513 4846 3569 4891 et

1978 4922 2200 4993 apostoli
2231 4922 2678 4976 condemnabunt.
2707 4922 2932 4991 Ideoque
2964 4937 3068 4977 non
3095 4923 3256 4989 dixit,
3287 4925 3484 4982 Gentes
3511 4938 3568 4984 ct

1978 5016 2161 5069 orbem
2182 5055 2196 5079 ,
2227 5015 2319 5068 sed
2345 5055 2360 5079 ,
2391 5013 2570 5066 Tribus
2598 5013 2778 5068 Israel.
2808 5014 2940 5080 Quia
2971 5014 3112 5067 enim
3155 5015 3206 5069 in
3244 5016 3433 5071 iisdem
3465 5035 3563 5072 nu-

1979 5107 2086 5161 triti
2129 5116 2283 5162 erunt
2319 5116 2373 5160 et
2420 5106 2622 5176 legibus
2660 5115 2715 5160 et
2761 5107 3005 5160 moribus
3055 5117 3109 5160 et
3147 5107 3399 5163 institutis
3452 5121 3558 5165 tant

1973 5199 2138 5253 Judzei
2175 5214 2331 5266 quatn
2375 5197 2637 5266 apostoli,
2681 5212 2801 5250 cum
2830 5195 2997 5250 Judaei
3033 5197 3304 5261 dicerent,
3336 5213 3396 5253 se
3433 5200 3556 5254 ideo

1975 5292 2185 5346 Christo
2226 5290 2445 5345 credere
2484 5304 2587 5343 non
2617 5291 2881 5358 potuisse,
2914 5290 3034 5358 quia
3065 5290 3145 5344 lex
3185 5290 3431 5345 mandata
3469 5293 3555 5361 ip-

1971 5387 2083 5440 sius
2119 5383 2354 5452 recipere
2389 5381 2732 5450 prohibebat,
2773 5379 2854 5433 his
2883 5379 2934 5433 in
2966 5379 3197 5434 medium
3246 5381 3544 5450 productis,

1969 5478 2060 5546 qui
2087 5477 2328 5531 eamdem
2360 5475 2532 5545 legem
2562 5481 2884 5543 acceperant
2903 5482 2958 5527 et
2976 5473 3333 5537 crediderant,
3363 5490 3551 5530 omnes

1969 5573 2089 5626 illos
2110 5571 2434 5625 condemnat
2466 5587 2480 5623 :
2513 5567 2562 5621 id
2594 5568 2734 5636 quod
2761 5567 2923 5622 etiam
2949 5566 3058 5636 jam
3089 5565 3221 5620 dixit
3253 5583 3272 5620 :
3310 5566 3543 5636 Ideojn-

1967 5666 2102 5719 dices
2149 5664 2298 5718 vestri
2341 5670 2487 5716 erunt
2519 5659 2691 5732 (Ibid.
2720 5676 2770 5716 tt.
2815 5660 2884 5715 27
2912 5661 2952 5731 ).
3005 5659 3071 5714 Et
3116 5659 3242 5730 quid
3297 5676 3545 5728 magnum

1969 5757 2097 5828 ipsis
2140 5753 2420 5828 promisit,
2455 5755 2700 5825 inquies,
2731 5753 2777 5810 si
2808 5751 2896 5822 id,
2943 5750 3084 5824 quod
3127 5750 3325 5807 habent
3367 5751 3550 5824 regina
