4140 6376
559 327 655 382 till

557 437 739 495 Austri
767 444 824 493 et
859 437 1126 499 Ninivitar,
1165 433 1394 488 habituri
1430 432 1602 487 sunt?
1629 430 1788 485 Certe
1822 429 1988 483 multa
2023 426 2126 480 alia

557 533 662 586 illis
705 517 1147 599 antea-promisit,
1176 535 1231 581 et
1275 536 1458 595 postea
1498 524 1656 577 etiam
1697 520 1969 591 promittet
2001 536 2016 574 :
2046 534 2132 573 ne-

556 639 658 693 que
685 622 812 676 illud
855 622 1024 675 solum
1069 628 1151 674 est
1198 618 1497 687 praemium.
1551 615 1791 687 Alioquin
1825 623 2001 667 autem
2046 610 2133 666 hic

561 730 766 784 quoque
822 711 1018 783 aliquid
1082 710 1255 779 majus
1311 708 1679 763 subindicavit.
1730 706 1861 760 Nam
1909 705 1976 760 de
2028 704 2131 758 illis

554 806 865 875 simpliciter
917 804 1049 859 dixit
1098 821 1111 855 :
1160 801 1269 855 Viri
1321 800 1564 854 Ninivita:
1619 807 1856 868 surgent,
1906 805 1952 849 et
1998 812 2135 849 con—

553 898 859 954 demnabunl
919 896 1285 966 generationem
1345 894 1475 946 hanc
1501 906 1521 957 ;
1583 900 1670 958 et,
1716 889 1912 960 Regina
1961 886 2133 940 Austri

555 990 903 1047 condemnabit
934 1006 951 1043 :
976 990 1043 1044 de
1074 990 1154 1043 his
1182 1003 1309 1043 vero
1354 1001 1458 1041 non
1483 986 1793 1054 simpliciter
1826 1000 1838 1035 :
1877 981 1968 1034 sed
1996 995 2131 1050 quo-

553 1083 713 1137 modo
744 1083 766 1135 ‘l
798 1081 923 1136 Cant
960 1082 1141 1134 sederit
1170 1079 1336 1133 Filius
1362 1079 1576 1133 hominis
1604 1077 1658 1129 in
1703 1075 1819 1129 sede
1857 1072 2133 1142 majestatis

552 1194 678 1237 sate,
710 1186 827 1229 tunc
852 1174 1082 1229 stdebitis
1110 1182 1158 1227 et
1182 1188 1266 1226 vos
1293 1188 1443 1241 super
1471 1169 1734 1223 duodecim
1762 1168 1967 1220 thronos
1990 1179 2009 1229 ;
2038 1179 2130 1218 os-

557 1269 784 1322 tendens
813 1266 958 1335 ipsos
1002 1276 1057 1319 et
1096 1272 1509 1332 conregnaturos
1532 1302 1546 1323 ,
1575 1271 1627 1315 et
1652 1260 1834 1329 gloriae
1857 1267 2131 1314 consortes

553 1360 778 1412 futuros.
809 1357 940 1411 Nam
973 1356 1034 1409 Si
1069 1356 1393 1417 sustinemus,
1424 1353 1611 1422 inquit,
1641 1362 1688 1405 et
1717 1349 2130 1420 conregnabimus

557 1450 653 1520 (‘2.
678 1449 811 1503 Tim.
851 1447 905 1501 2.
938 1447 1062 1519 12).
1092 1447 1276 1516 Neque
1298 1445 1438 1499 enim
1482 1442 1656 1496 throni
1691 1440 1874 1495 sedem
1922 1437 2126 1509 signiti-

553 1553 673 1596 caut
704 1559 715 1593 :
747 1542 893 1596 solus
939 1541 1135 1610 quippe
1166 1540 1278 1605 ipse
1301 1550 1545 1591 sessurus
1585 1542 1638 1587 et
1660 1532 1989 1602 judicaturus
2011 1539 2128 1594 est;

560 1636 658 1692 sed
688 1652 784 1705 per
812 1634 1033 1688 thronos
1059 1633 1179 1687 illos
1198 1631 1456 1685 honorem
1482 1639 1537 1683 et
1563 1627 1783 1697 gloriam
1813 1623 2130 1679 inell‘abiletn

554 1727 889 1800 signiﬁcavit.
920 1725 1015 1781 His
1044 1726 1223 1794 itaque
1255 1723 1369 1776 ha:c
1399 1721 1532 1775 dixit
1569 1737 1582 1773 :
1618 1717 1837 1787 reliquis
1864 1731 1989 1769 vero
2016 1729 2130 1769 om-

557 1822 713 1875 nibus
761 1820 923 1873 vitam
965 1826 1272 1881 aeternam,
1301 1822 1355 1868 et
1404 1811 1491 1867 hic
1531 1811 1855 1880 centuplum.
1898 1805 1955 1862 Si
2006 1820 2133 1860 vero

556 1912 799 1976 reliquis,
830 1909 997 1963 multo
1020 1908 1186 1976 magis
1215 1904 1490 1973 apostolis,
1521 1902 1679 1957 etiam
1713 1902 1762 1954 in
1790 1899 1891 1953 hoc
1913 1897 2130 1952 smculo.

557 2005 613 2059 ld
640 2004 780 2075 quod
802 2004 961 2058 etiam
991 2002 1185 2056 evenit.
1228 1999 1446 2054 Calamo
1476 1997 1617 2052 enim
1645 2003 1700 2050 et
1724 1994 1924 2048 retibus
1945 1991 2129 2046 dimis-

558 2101 665 2167 sis,
693 2098 931 2153 omnium
967 2096 1102 2149 bona
1136 2094 1190 2148 in
1217 2109 1311 2148 sua
1345 2100 1603 2161 potestate
1630 2086 1914 2151 habebant,
1942 2084 2132 2137 domo-

558 2204 674 2244 rum
703 2188 874 2260 pretia
902 2197 956 2241 et
989 2200 1261 2257 agrorum,
1296 2184 1514 2252 ipsaque
1534 2193 1758 2248 corpora
1778 2176 2130 2231 credentium.

559 2279 690 2335 Nam
732 2278 894 2333 etiam
922 2277 1058 2331 mori
1090 2290 1186 2346 pro
1214 2275 1341 2344 ipsis
1371 2287 1515 2340 saepe
1537 2270 1849 2332 voluissent,
1890 2277 1945 2319 ut
1972 2266 2131 2320 etiam

560 2374 753 2430 Paulus
800 2372 980 2427 multis
1035 2368 1384 2433 testilicatur,
1415 2370 1534 2419 cum
1568 2363 1704 2416 dixit
1734 2380 1746 2414 :
1782 2360 1843 2415 Si
1885 2359 2093 2428 possetis
2114 2397 2129 2423 ,

561 2469 711 2522 etiam
734 2466 905 2520 oculos
926 2475 1115 2518 vestros
1135 2462 1333 2515 avulsas
1360 2460 1482 2511 mihi
1503 2457 1763 2511 dedissetis
1785 2453 1925 2527 (Gal.
1945 2454 1996 2507 4.
2018 2453 2130 2520 15).

562 2560 693 2616 Cum
734 2569 908 2611 autem
948 2555 1104 2619 dicit,
1140 2553 1451 2621 Quicumque
1478 2548 1735 2619 reliquerit
1765 2562 1995 2611 uxorem,
2028 2559 2132 2597 non

563 2653 676 2707 vult
709 2648 1000 2705 dirimenda
1027 2662 1147 2702 esse
1169 2643 1502 2699 matrimonia
1528 2658 1542 2706 ;
1571 2640 1664 2695 sed
1694 2638 1831 2693 sicut
1854 2636 1921 2691 de
1959 2635 2137 2688 anima

564 2745 800 2811 dicebat,
845 2742 944 2808 Qui
970 2738 1240 2809 perdiderit
1265 2737 1486 2789 animant
1513 2748 1655 2786 suam
1682 2738 1886 2800 prapter
1913 2743 1992 2780 me
2009 2769 2025 2792 ,
2053 2727 2136 2778 in-

566 2838 722 2891 veniet
750 2851 858 2888 eam
897 2834 915 2903 (
950 2831 1135 2885 Matth.
1180 2829 1267 2883 10.
1299 2828 1367 2882 59
1400 2826 1419 2896 )
1451 2839 1596 2881 :non
1638 2823 1739 2877 hoc
1785 2820 1918 2875 dixit
1950 2830 2007 2873 ut
2043 2832 2139 2871 nos

567 2929 869 2985 occidamus
900 2943 913 2991 ;
947 2940 1123 2994 neque
1168 2932 1225 2976 ut
1258 2923 1378 2977 ideo
1423 2931 1733 2989 separemus
1776 2914 1919 2968 illam
1960 2928 1991 2967 a
2015 2927 2138 2968 cor-

568 3039 719 3095 pore,
751 3021 843 3077 setl
874 3031 930 3075 ut
958 3018 1206 3074 omnibus
1234 3018 1485 3086 pietatem
1510 3025 1879 3083 praeponamus
1912 3026 1925 3062 :
1954 3006 2057 3062 hoc
2085 3015 2142 3062 et

570 3116 635 3171 de
664 3129 829 3169 uxore
874 3121 927 3167 et
970 3110 1035 3165 de
1066 3109 1315 3163 fratribus
1343 3106 1489 3161 dicit.
1530 3103 1748 3159 Videtur
1773 3109 1949 3155 autem
1979 3099 2138 3154 etiam

569 3204 1008 3277 persequutiones
1034 3200 1119 3254 hic
1161 3197 1520 3254 subindicare.
1564 3194 1694 3249 Nam
1724 3191 1843 3263 quia
1868 3190 2015 3245 multi
2050 3203 2144 3258 pa—

570 3308 677 3354 tres
701 3296 954 3366 erantqui
984 3295 1120 3349 lilios
1140 3334 1155 3359 ,
1186 3300 1241 3347 et
1266 3304 1461 3345 uxores
1490 3302 1607 3357 qua:
1633 3286 1777 3339 viros
1801 3282 1865 3337 ad
1894 3280 2141 3351 impieta-

572 3401 678 3445 tem
708 3389 987 3443 trahebant
1028 3403 1041 3439 :
1083 3383 1213 3437 Cum
1243 3382 1358 3435 ha-c
1392 3377 1774 3451 praeceperint,
1808 3374 2012 3445 inquit,
2041 3386 2140 3427 nec

571 3496 763 3537 uxores
811 3479 1139 3543 habeantur,
1184 3489 1355 3543 neque
1402 3480 1621 3541 patres,
1654 3465 1795 3538 quod
1848 3475 1903 3520 et
1949 3462 2143 3519 Paulus

571 3574 777 3629 dicebat
827 3589 842 3625 :
893 3568 1125 3636 Inﬁdelis
1160 3582 1274 3620 vero
1304 3565 1346 3617 si
1374 3562 1601 3623 discedit,
1636 3554 1900 3625 discedat(
1920 3556 1973 3610 1.
2020 3551 2141 3608 Cor.

572 3667 625 3721 7.
659 3664 788 3735 15).
835 3663 1036 3717 Eurum
1079 3661 1257 3728 itaque
1285 3656 1495 3711 animos
1529 3654 1773 3721 erigens,
1819 3659 1873 3705 et
1915 3647 2147 3703 suadens

572 3760 677 3813 illis
700 3767 755 3811 ut
785 3767 836 3809 et
865 3757 932 3809 de
959 3770 1016 3808 se
1038 3763 1093 3807 et
1118 3752 1184 3805 de
1211 3759 1319 3805 toto
1346 3749 1475 3802 orbe
1504 3745 1836 3801 conﬁderent
1855 3784 1870 3809 ,
1901 3740 2103 3796 addidit
2127 3754 2143 3795 :

572 3849 663 3905 50.
706 3849 854 3901 Multi
887 3856 1054 3899 autem
1083 3852 1227 3897 erunt
1272 3843 1419 3909 p’tmi
1463 3839 1752 3902 novissimi,
1807 3847 1854 3888 et
1893 3834 2147 3887 novissimi

574 3942 745 4011 primi.
782 3940 890 3992 Iloc
916 3946 1092 3991 autem
1125 3935 1395 3988 indelinite
1417 3942 1469 3985 et
1496 3931 1563 3984 de
1594 3930 1775 3984 multis
1798 3929 1914 3981 aliis
1945 3928 2145 3981 dictum

574 4040 687 4094 est;
734 4030 932 4083 dictum
967 4037 1140 4080 tamen
1184 4025 1280 4079 fuit
1321 4034 1372 4077 et
1405 4022 1471 4077 de
1504 4022 1617 4085 his,
1647 4028 1701 4073 ct
1726 4019 1793 4072 de
1828 4019 2146 4080 Pharisazis,

575 4128 664 4195 qui
694 4143 798 4180 nun
825 4124 1161 4179 crediderunt
1191 4163 1205 4188 ,
1238 4119 1378 4189 quod
1407 4129 1460 4173 et
1501 4117 1551 4170 in
1593 4113 1958 4183 superioribus
1999 4112 2149 4166 dice-

575 4220 702 4275 bat:
737 4215 890 4270 Multi
918 4214 1110 4268 venient
1153 4214 1215 4265 ab
1246 4211 1445 4264 Oriente
1484 4219 1528 4261 et
1571 4206 1857 4268 Occidente,
1891 4214 1935 4257 et
1966 4218 2153 4256 recant-

578 4310 690 4363 bent
733 4324 844 4360 cuni
880 4305 1136 4359 Abraham
1159 4344 1172 4369 ,
1206 4301 1353 4355 Isaac
1389 4310 1433 4353 et
1461 4297 1622 4352 Jacob
1645 4315 1663 4352 :
1694 4298 1787 4365 ﬁlii
1816 4305 1982 4349 autem
2010 4292 2151 4363 regni

580 4399 846 4469 ejicientur
888 4400 1024 4468 foras
1061 4394 1296 4465 (Matth.
1329 4393 1381 4447 8.
1418 4393 1477 4444 11
1510 4390 1550 4459 ).
1596 4388 1796 4441 Deinde
1848 4386 2152 4455 parabolant

579 4489 781 4557 adjicit,
804 4503 903 4557 qua
927 4501 1110 4540 eorum
1137 4485 1222 4552 qui
1242 4481 1389 4536 tarde
1410 4488 1671 4533 venerunt
1687 4476 1859 4531 studia
1883 4475 2157 4529 ﬁduciam-

578 4599 682 4655 que
726 4580 976 4636 incendit.
1022 4579 1108 4633 Ait
1161 4578 1341 4630 enim:
1372 4573 1537 4645 (Cap.
1592 4571 1729 4643 XX)
1759 4571 1810 4626 1.
1862 4569 2043 4623 Simile
2084 4576 2159 4623 est

579 4690 790 4747 regnum
831 4673 1064 4726 cwlorum
1105 4668 1294 4721 homini
1322 4664 1697 4735 patrifamilias,
1723 4662 1809 4731 qui
1846 4660 1964 4714 exiit
1994 4658 2157 4727 primo

581 4784 728 4821 mane
751 4764 1029 4819 conducere
1056 4760 1311 4830 operarios
1339 4758 1389 4809 in
1419 4756 1611 4809 vineam
1647 4768 1810 4807 suam.
1842 4751 1898 4805 2.
1930 4749 2159 4804 Conven-

580 4862 715 4915 tione
758 4868 925 4911 autem
952 4854 1088 4925 facta
1136 4868 1249 4904 cum
1293 4846 1537 4918 operariis
1588 4861 1651 4899 ea:
1688 4844 1895 4897 denario
1937 4842 2158 4908 diurno,

582 4953 715 5005 misit
751 4968 835 5003 eos
857 4951 908 5002 in
951 4949 1145 5000 vineam
1170 4960 1333 4995 suam.
1372 4941 1426 4995 5.
1469 4938 1539 4993 Et
1567 4938 1712 4992 tertia
1737 4937 1863 4990 hora
1888 4937 2009 4989 vidit
2034 4934 2163 4989 alios

585 5056 766 5100 stantes
795 5044 979 5097 otiosos
998 5083 1012 5106 ,
1045 5041 1099 5095 4.
1129 5048 1174 5092 et
1212 5036 1339 5090 dixit
1382 5035 1483 5089 illis
1517 5049 1538 5086 :
1566 5031 1648 5085 Ite
1684 5040 1731 5085 et
1770 5046 1856 5083 vos
1885 5029 1936 5082 in
1968 5029 2162 5081 vineam

587 5154 781 5201 meum,
810 5146 855 5190 et
894 5134 1028 5206 quod
1049 5135 1243 5204 justum
1276 5130 1424 5200 fuerit
1468 5126 1597 5180 dabo
1639 5125 1795 5178 vobis.
1827 5123 1881 5179 5.
1928 5119 1997 5175 Et
2029 5121 2165 5174 circa

586 5240 781 5285 sextam
811 5237 856 5280 et
886 5242 1073 5279 nonam
1106 5225 1280 5277 horum
1316 5222 1431 5290 fecit
1469 5218 1715 5272 similiter.
1748 5216 1797 5269 6.
1835 5215 1979 5268 Circa
2003 5212 2163 5266 unde-

552 5344 555 5349 ·
588 5323 771 5376 citnam
796 5328 960 5369 autem
988 5318 1182 5380 harant,
1223 5313 1342 5367 vidit
1364 5312 1492 5365 alios
1521 5319 1706 5363 stantes
1741 5308 1944 5370 otiosos,
1976 5316 2022 5358 et
2047 5302 2167 5356 dicit

589 5413 693 5467 illis
746 5426 764 5464 :
811 5408 946 5473 Quid
976 5408 1055 5460 hic
1098 5407 1241 5460 statis
1279 5414 1382 5458 tota
1420 5404 1503 5456 die
1546 5401 1691 5454 otiosi
1717 5402 1742 5453 2
1786 5400 1838 5453 7.
1874 5397 1961 5451 Illi
2001 5408 2167 5450 autent

593 5506 763 5559 dicunt
790 5503 833 5555 ei
861 5518 879 5555 :
910 5499 1074 5553 Nemo
1113 5516 1202 5552 nos
1227 5496 1483 5551 conduxit.
1520 5494 1652 5547 Dicit
1683 5493 1753 5546 eis
1776 5508 1794 5546 :
1816 5490 1897 5545 Ite
1922 5501 1967 5544 et
2005 5507 2089 5543 vos
2115 5490 2169 5543 in

593 5598 789 5651 vineam
820 5610 1003 5657 meum,
1033 5605 1077 5645 et
1102 5591 1234 5661 quod
1253 5591 1450 5659 justum
1478 5588 1627 5657 fuerit
1653 5584 1928 5655 accipietis.
1969 5583 2021 5637 8.
2068 5580 2167 5635 Ve-

600 5707 742 5755 spere
764 5697 930 5742 autent
952 5687 1109 5755 facto,
1126 5684 1245 5736 dicit
1272 5682 1503 5735 dominus
1524 5679 1679 5732 vinea:
1704 5675 2017 5747 procuratori
2038 5691 2128 5727 suo
2149 5686 2169 5725 :

609 5780 739 5839 Voca
756 5779 1026 5853 _operarios
1082 5787 1127 5836 et
1156 5774 1222 5831 da
1262 5776 1332 5831 eis
1358 5773 1631 5829 mercedem
1648 5813 1664 5837 ,
1691 5769 1936 5841 incipiens
1964 5767 2026 5822 ab
2052 5766 2172 5821 ulti-

1277 317 1335 375 S.
1373 315 1649 375 JOANNIS
1686 311 2151 373 CHRYSOSTOMI
2191 313 2511 375 ARCIIIEP.
2549 321 3078 382 CONSTANTINOP.

3710 330 3823 387 612

2241 430 2336 481 mis
2356 445 2511 500 usque
2535 433 2603 485 ad
2623 436 2830 504 primos.
2851 437 2902 492 9.
2933 439 3056 492 Cum
3077 441 3320 496 venissent
3341 444 3378 497 ii
3402 446 3488 511 qui
3509 446 3640 501 circa
3655 445 3821 499 unde.

2240 519 2423 573 cimam
2460 522 2638 577 horam
2667 538 2931 593 venerant,
2971 542 3268 600 acceperunt
3296 534 3523 604 singulos
3549 539 3808 593 denarios.

2242 610 2329 664 10.
2374 610 2441 665 Et
2470 614 2714 669 venientes
2742 619 2892 684 primi
2927 621 3329 676 existimaverunt
3358 628 3492 694 quod
3516 629 3631 697 plus
3654 641 3820 686 essent

2241 705 2513 773 accepturi,
2553 716 2597 757 et
2622 719 2921 777 acceperunt
2948 710 3046 779 ipsi
3074 728 3268 782 quoque
3294 716 3520 786 singulos
3556 720 3818 789 denarios,

2245 794 2330 847 11.
2360 803 2407 847 et
2444 796 2742 862 accipientes
2784 802 3163 854 murmurabant
3189 806 3427 858 adversus
3473 813 3819 880 patremfami-

2241 884 2338 938 lias
2361 928 2375 950 ,
2409 886 2494 941 12.
2543 887 2761 944 dicentes
2790 905 2809 942 :
2843 888 2912 943 Hi
2957 893 3214 947 novissimi
3243 911 3343 947 una
3367 896 3493 949 hora
3521 900 3743 969 fecerunt
3775 903 3819 968 ⁸,

2241 987 2287 1031 et
2312 996 2457 1047 pares
2485 980 2601 1033 illos
2634 983 2775 1036 nobis
2804 982 2983 1053 fecisti,
3010 986 3095 1050 qui
3133 988 3440 1056 portavimus
3467 991 3664 1059 pondus
3692 994 3816 1057 diei,

2241 1082 2287 1124 et
2312 1082 2488 1125 testam
2513 1073 2538 1125 2
2569 1075 2654 1129 15.
2681 1073 2710 1127 l
2715 1091 2802 1143 pse
2820 1086 2985 1130 autem
3004 1080 3309 1148 respondens
3330 1082 3418 1133 uni
3445 1098 3616 1135 eorum
3642 1084 3769 1138 dixit
3800 1103 3822 1140 :

2244 1162 2432 1227 Amice,
2468 1181 2568 1217 non
2597 1165 2730 1235 facio
2760 1167 2847 1219 tibi
2866 1168 3107 1236 injuriant
3141 1186 3160 1222 :
3180 1186 3344 1224 nonne
3371 1188 3432 1225 eo;
3459 1172 3663 1227 denario
3693 1192 3821 1228 con-

2240 1256 2415 1309 venisti
2436 1274 2625 1309 mecunt
2658 1259 2682 1311 ?
2707 1260 2794 1313 M.
2835 1259 2975 1313 Tolle
2994 1262 3128 1328 quod
3148 1273 3287 1314 tuum
3307 1274 3399 1325 est,
3435 1275 3479 1318 et
3507 1267 3649 1319 vade.
3691 1267 3821 1322 Volo

2241 1356 2408 1398 autem
2439 1346 2560 1399 dare
2588 1359 2633 1400 et
2657 1350 2833 1402 ultimo
2855 1350 2972 1402 huic
3010 1353 3137 1404 sicut
3162 1363 3208 1405 et
3238 1353 3343 1405 tibi.
3373 1354 3460 1408 15.
3494 1355 3675 1408 Annon
3702 1358 3821 1411 licet

2242 1440 2368 1491 mihi
2394 1440 2529 1510 quod
2553 1442 2662 1495 volo
2702 1445 2866 1513 facere
2896 1444 2947 1495 in
2977 1444 3038 1496 iis
3058 1460 3171 1510 qua:
3198 1461 3307 1498 mea
3333 1456 3453 1499 sunt
3484 1447 3509 1499 2
3536 1448 3613 1500 Αη
3642 1449 3822 1502 oculus

2243 1541 2362 1583 tuus
2399 1548 2615 1601 nequam
2644 1542 2748 1599 est,
2788 1534 2908 1603 quia
2945 1550 3035 1603 ego
3071 1535 3226 1588 bonus
3251 1551 3362 1588 sum
3391 1536 3415 1589 2
3443 1537 3526 1591 16.
3559 1534 3647 1589 Ita
3672 1547 3822 1592 mut

2241 1623 2498 1675 novissimi
2543 1624 2723 1691 primi,
2755 1634 2801 1677 et
2844 1625 2992 1693 primi
3027 1624 3304 1680 novissimi.
3353 1624 3507 1679 Multi
3536 1627 3668 1680 enim
3699 1637 3822 1681 sunt

2239 1719 2433 1778 t'ocatt',
2465 1717 2612 1784 pauci
2639 1731 2753 1769 vero
2777 1716 2938 1769 electi.

2312 1807 2364 1861 5.
2407 1806 2541 1872 Quid
2573 1807 2673 1860 sibi
2704 1808 2814 1859 vult
2842 1810 2953 1860 huic
2976 1806 3222 1874 parabola
3252 1806 3276 1860 2
3303 1806 3483 1878 Neque
3501 1809 3639 1862 enim
3666 1808 3817 1878 prin-

2238 1899 2376 1967 cipio
2402 1898 2666 1952 consentit
2700 1898 2825 1951 illud
2858 1898 2997 1968 quod
3031 1899 3079 1950 in
3113 1899 3217 1952 line
3241 1899 3453 1966 dicitur,
3483 1900 3573 1953 sed
3603 1911 3815 1955 contra-

2243 1989 2379 2042 rium
2411 1990 2627 2042 omnino
2657 1989 2914 2043 enuntiat.
2957 1990 3013 2044 lu
3060 1990 3158 2042 hac
3200 1990 3340 2043 enim
3390 1990 3603 2045 exhibet
3632 2006 3819 2045 omnes

2242 2079 2426 2133 eadem
2460 2080 2673 2147 pranuia
2698 2079 3037 2148 accipientes,
3078 2094 3248 2148 neque
3277 2079 3409 2133 alios
3435 2080 3652 2148 ejectos,
3685 2080 3820 2136 alios

2244 2185 2371 2223 vero
2401 2171 2661 2225 admissos
2689 2186 2703 2234 ;
2753 2170 2865 2239 ipse
2896 2181 3072 2224 autem
3108 2180 3161 2225 et
3189 2179 3314 2225 ante
3354 2181 3407 2225 et
3445 2181 3566 2241 post
3593 2173 3819 2242 parabu-

2246 2261 2347 2315 lam
2380 2264 2704 2316 contrarium
2736 2261 2869 2317 dixit
2901 2280 2912 2314 :
2946 2261 3109 2315 Erunt
3144 2262 3296 2329 primi
3319 2263 3607 2329 novissimi,
3648 2273 3695 2317 et
3721 2279 3819 2317 no-

2242 2355 2432 2408 vissimi
2474 2355 2621 2423 primi
2648 2373 2667 2420 ,-
2700 2354 2749 2408 id
2774 2364 2853 2409 est
2874 2394 2888 2418 ,
2921 2354 3047 2424 ipsis
3085 2354 3271 2423 primis
3301 2355 3538 2423 priores,
3566 2355 3671 2409 illis
3712 2372 3820 2411 non

2247 2447 2429 2516 primis
2461 2445 2814 2511 manentibus,
2841 2444 2933 2499 sed
2965 2453 3085 2514 post
3106 2444 3226 2497 illos
3256 2444 3462 2514 positis.
3494 2444 3645 2512 Quod
3677 2447 3818 2499 enim

2246 2540 2348 2594 huc
2363 2539 2622 2608 signiﬁcet
2641 2537 2876 2592 declarat
2895 2538 3079 2592 dicens
3110 2556 3122 2591 :
3160 2537 3310 2590 Multi
3337 2537 3468 2590 enim
3492 2547 3607 2590 sunt
3635 2537 3819 2601 vocati,

2246 2632 2394 2702 pauci
2429 2646 2540 2683 vero
2585 2629 2725 2682 electi
2754 2644 2772 2682 :
2804 2630 2872 2683 ita
2918 2640 2972 2683 ut
3019 2628 3218 2696 duplici
3250 2628 3412 2683 modo
3442 2636 3497 2683 et
3528 2630 3646 2682 illos
3672 2644 3821 2682 mor-

2247 2725 2410 2788 deat,
2438 2732 2492 2777 ct
2520 2723 2616 2777 hos
2646 2722 2949 2777 consoletur
2974 2731 3026 2776 et
3055 2721 3314 2776 hortetur.
3357 2722 3611 2776 Parabola
3639 2730 3819 2775 autem

2248 2831 2353 2885 non
2384 2814 2437 2868 id
2462 2813 2628 2878 diuit;
2660 2812 2753 2867 sed
2790 2812 2909 2866 illos
2937 2812 3174 2881 probatis
3209 2812 3355 2875 viris,
3379 2813 3469 2880 qui
3488 2812 3711 2865 multum
3743 2811 3823 2864 la—

2248 2906 2555 2961 boraverint
2577 2945 2592 2970 ,
2645 2920 2802 2974 pares
2846 2903 3050 2958 futuros
3086 2921 3099 2956 :
3133 2919 3254 2956 nam
3290 2904 3469 2970 aiunt,
3504 2901 3665 2956 Pares
3707 2901 3824 2955 illos

2247 3000 2390 3054 nobis
2421 2998 2607 3067 fecistis
2629 3039 2644 3060 ,
2683 2997 2767 3064 qui
2801 2998 3110 3066 portavimus
3153 2995 3351 3064 pondus
3394 2996 3511 3058 diei,
3550 3005 3596 3047 et
3624 3004 3821 3048 testam.

2248 3091 2385 3160 Qum
2429 3105 2558 3159 ergo
2610 3089 2710 3142 sibi
2764 3088 2875 3141 vult
2928 3087 3225 3157 parabola?
3270 3086 3637 3140 Necessarium
3681 3086 3825 3140 enim

2248 3193 2332 3241 est
2358 3183 2459 3238 hoc
2488 3184 2658 3253 primo
2683 3182 2957 3236 declarare
2976 3221 2992 3246 ,
3021 3189 3075 3234 et
3097 3192 3220 3233 tunc
3256 3179 3380 3233 illud
3411 3179 3701 3233 solvemus.
3729 3178 3823 3232 Vi-

2252 3293 2404 3333 neam
2426 3278 2580 3346 igitur
2611 3274 2854 3328 mandata
2880 3275 2988 3337 Dei,
3012 3273 3264 3342 operandi
3287 3283 3490 3341 tempus
3512 3280 3825 3341 praisentem

2251 3371 2412 3425 vitam
2439 3368 2673 3437 appellat
2704 3385 2717 3421 :
2760 3366 3033 3436 operarios
3053 3408 3069 3428 ,
3097 3380 3191 3419 eos
3218 3365 3305 3434 qui
3336 3366 3551 3419 diverso
3580 3364 3736 3418 modo
3756 3362 3825 3417 ad

2255 3462 2345 3516 Dei
2374 3468 2634 3531 pra‘ccpta
2658 3458 2826 3513 voeati
2849 3466 2972 3511 sunt
2999 3473 3013 3522 ;
3047 3472 3218 3519 tuane,
3254 3456 3427 3519 tertia,
3459 3464 3626 3518 sexta,
3660 3469 3823 3520 nona,

2252 3551 2531 3607 undecima
2577 3549 2705 3603 hora
2730 3590 2743 3611 ,
2776 3549 2864 3617 qui
2895 3547 3135 3602 diversis
3171 3546 3415 3601 mtatibus
3451 3554 3826 3612 accesserunt,

2252 3653 2307 3699 et
2359 3660 2472 3699 rem
2519 3642 2655 3696 bene
2696 3648 2997 3711 gesserunt.
3028 3638 3132 3693 Sed
3177 3637 3464 3707 quzeritur,
3512 3652 3639 3690 num
3669 3635 3826 3707 primi

2253 3739 2344 3810 qui
2365 3737 2569 3808 probati
2601 3736 2764 3799 luere,
2794 3744 2847 3787 et
2876 3733 2982 3787 Deo
3016 3732 3279 3800 placuere,
3308 3731 3501 3800 quique
3530 3744 3621 3797 per
3658 3740 3825 3784 totum

2252 3830 2503 3884 diurnum
2541 3826 2775 3879 laborem
2803 3821 3060 3893 splendidi
3092 3822 3271 3885 fuere,
3301 3831 3541 3874 extrema
3581 3819 3827 3887 nequitia:

2254 3920 2440 3975 morbo
2481 3916 2853 3977 laboraverint,
2887 3912 3077 3967 invidia
3112 3926 3300 3980 nempe
3326 3922 3376 3964 et
3412 3910 3602 3963 livore.
3632 3909 3829 3963 Viden-

2257 4024 2337 4067 tes
2380 4010 2521 4064 enim
2560 4008 2678 4061 illos
2703 4005 2887 4059 eadem
2919 4002 3166 4057 mercede
3202 4002 3425 4055 donatos
3449 4040 3463 4061 ,
3506 4000 3689 4052 dicunt
3717 4017 3730 4052 :
3763 3997 3831 4052 lli

2256 4101 2510 4157 novissimi
2534 4115 2634 4150 una
2659 4096 2786 4149 hora
2812 4099 3071 4166 fecerunt,
3097 4102 3139 4144 et
3168 4106 3313 4160 pares
3338 4091 3455 4143 illos
3485 4089 3624 4141 nobis
3650 4089 3828 4159 fecisti,

2257 4198 2341 4266 qui
2362 4196 2668 4266 portavimus
2707 4192 2905 4261 pondus
2931 4190 3028 4243 diei
3056 4231 3069 4253 ,
3103 4199 3148 4243 et
3183 4200 3357 4241 aestum
3382 4189 3407 4241 2
3436 4187 3506 4241 Ει
3543 4202 3662 4239 cum
3696 4184 3829 4238 nihil

2259 4287 2436 4342 damni
2478 4284 2778 4353 acciperent
2801 4323 2816 4347 ,
2852 4297 2947 4335 nec
2979 4281 3212 4349 ipsorum
3251 4293 3457 4333 merces
3479 4278 3830 4338 minueretur,

2260 4378 2431 4432 aliena
2460 4378 2595 4432 bona
2617 4390 2757 4444 a-gre
2784 4384 2837 4428 et
2872 4373 3085 4441 indigne
3124 4371 3363 4425 ferebant
3391 4386 3405 4434 ;
3435 4368 3575 4439 quod
3606 4385 3671 4423 ex
3702 4368 3835 4422 invi-

2261 4469 2347 4524 dia
2385 4477 2440 4523 et
2469 4467 2634 4521 livore
2664 4466 2838 4519 liebat.
2881 4463 2961 4517 Ad
3002 4462 3117 4516 hinc
3156 4476 3281 4515 vero
3309 4462 3422 4530 ipse
3456 4458 3835 4529 paterfamilias

2265 4574 2362 4629 pro
2386 4559 2516 4629 ipsis
2545 4556 2892 4625 respondens,
2917 4562 2972 4607 et
3000 4554 3254 4606 adversus
3274 4567 3395 4606 eum
3423 4550 3514 4619 qui
3545 4549 3657 4603 haec
3686 4548 3841 4602 dixe-

2264 4662 2346 4709 rat
2364 4666 2483 4708 sese
2506 4648 2818 4711 defendens,
2850 4646 3095 4715 nequitia:
3123 4660 3242 4699 eum
3268 4656 3598 4712 sunnnmqne
3627 4640 3837 4695 invidia:

2263 4744 2499 4808 damnat,
2532 4741 2612 4794 his
2640 4739 2817 4793 verbis
2845 4755 2858 4791 :
2896 4735 3082 4790 Nonne
3106 4752 3168 4790 ea:
3206 4735 3412 4788 denario
3451 4732 3720 4786 convenisti
3745 4747 3837 4783 me-

2266 4836 2425 4889 cum?
2462 4832 2607 4887 Tolle
2645 4828 2780 4900 quod
2804 4838 2946 4881 tuum
2974 4837 3067 4893 est,
3108 4836 3153 4879 et
3194 4828 3336 4878 vade.
3378 4822 3501 4877 Volo
3533 4833 3699 4875 autem
3722 4821 3839 4874 huic

2267 4924 2447 4980 ultimo
2474 4924 2597 4975 dare
2642 4921 2767 4974 sicut
2818 4929 2863 4972 et
2891 4918 2997 4971 tibi.
3038 4918 3117 4970 An
3141 4916 3318 4970 oculus
3346 4928 3458 4967 tuus
3498 4930 3712 4983 nequam
3745 4921 3839 4980 est,

2267 5019 2387 5089 quia
2413 5032 2502 5087 ego
2529 5015 2686 5067 bonus
2722 5028 2834 5065 sum
2862 5012 2886 5063 2
2926 5009 3061 5078 Quid
3104 5009 3262 5078 igitur
3288 5022 3352 5061 ex
3408 5005 3490 5059 his
3540 5005 3712 5059 verbis
3742 5004 3840 5057 ad-

2270 5106 2535 5164 struitur?
2562 5104 2690 5159 Nam
2722 5113 2775 5157 et
2815 5104 2865 5155 in
2887 5102 3005 5155 aliis
3034 5098 3296 5170 parabolis
3322 5097 3423 5151 hoc
3462 5097 3632 5167 ipsum
3664 5095 3842 5149 videre

2269 5207 2372 5255 est.
2422 5197 2589 5252 Filius
2616 5196 2758 5249 enim
2801 5193 2887 5247 ille
2933 5190 3128 5261 probus
3170 5189 3221 5242 in
3253 5188 3395 5242 hunc
3441 5202 3652 5258 quoque
3681 5184 3845 5239 animi

2273 5290 2519 5347 morbum
2576 5286 2824 5341 incidisse
2865 5282 3175 5353 perhibetur
3201 5322 3215 5347 ,
3262 5278 3474 5349 quando
3517 5277 3649 5330 vidit
3697 5277 3843 5330 illum

2274 5382 2551 5454 prodigum
2600 5379 2848 5440 fratrem,
2904 5374 2989 5442 qui
3022 5372 3191 5426 multo
3222 5368 3496 5424 fruebatur
3526 5370 3727 5420 honore
3748 5405 3761 5427 .
3795 5375 3847 5418 et

2274 5452 2477 5542 majore
2520 5483 2679 5539 quam
2711 5467 2823 5536 ipse
2852 5464 3122 5516 habuisset
3147 5462 3165 5531 (
3192 5459 3319 5514 Luc.
3354 5459 3441 5514 15.
3479 5457 3569 5511 28.
3599 5454 3749 5525 sqq).
3783 5452 3850 5509 Ut

2276 5567 2417 5621 unm
2446 5564 2498 5617 hi
2526 5560 2784 5631 majorem
2819 5556 2941 5611 inde
2970 5552 3274 5609 mercedem
3303 5550 3634 5619 accipiebant
3657 5587 3673 5612 ,
3703 5544 3843 5614 quod

2304 5698 2557 5818 αλιιιοτθι.
2578 5707 2631 5751 et
2654 5694 2849 5762 quidam
2878 5692 2959 5744 alii
2994 5691 3196 5750 habent,
3230 5685 3415 5751 aperati
3436 5691 3564 5746 sunt,
3600 5696 3706 5746 pro,
3729 5681 3854 5743 {ecce

2275 5780 2406 5817 runt.
