4140 6376
950 38 1007 199 ί]

916 202 951 331 ί

870 342 917 457 J
1282 368 1339 422 s.
1384 364 1669 421 JOANNIS
1708 359 2201 419 cunvsosmm
2254 357 2573 415 ARCIIIEP.
2616 354 3161 412 CONSTANTINOP.

836 472 941 549 ἦν,
975 484 1064 537 ὅτι
1101 483 1217 553 ἐγὼ
1252 484 1473 554 ἀγαθός
1497 485 1611 552 ειμι
1639 500 1656 545 ;
1696 483 1761 536 Τί
1788 477 1881 536 οὖν
1926 483 2043 534 ἐστι
2071 477 2134 531 τὸ

830 554 996 631 θμενον
1024 565 1088 615 ἐκ
1114 562 1357 627 τούτων;
1393 564 1502 616 Καὶ
1537 565 1646 634 γὰρ
1682 563 1771 616 καὶ
1806 563 1891 631 ἐφ’
1932 560 2133 628 ἐτέρων

796 630 869 723 βὸ
895 644 1024 723 αὑτδ
1043 643 1201 695 τοῦτο
1224 642 1377 723 ἐστιν
1413 630 1561 696 ίδεῖν.
1614 630 1724 723 Kal
1773 630 1882 723 γὰρ
1908 640 2134 723 δὀἱὸςρ

784 714 901 789 Eia-:6
932 722 1092 775 τοῦτο
1117 722 1400 789 εἰσάγεται
1445 721 1747 785 πεπονθὼς,
1782 721 1869 772 ὅτε
1904 714 2012 771 εἶδε
2041 718 2134 770 τὸν

775 786 910 870 ίλφὸν
934 800 1135 872 πολλῆς
1163 786 1548 855 ἀπολαύσαντα
1565 800 1748 869 τιμῆς,
1773 799 1869 852 καὶ
1890 796 2132 860 πλείονος

754 830 910 893 frug!"
934 830 1132 872 πυΛΛης,
1163 830 1548 855 απυΑυι-υυυιννιυι
1565 830 1748 869 ἐιμιμυ
1776 830 1869 852 awu.
1890 830 2129 860 ἰιΛςιιυγυδ

744 882 947 953 ξΩσπερ
987 881 1095 953 γὰρ
1138 875 1284 935 οῦτοι
1330 880 1570 942 πλείονος
1619 880 1934 933 ἀπέλαυσαν
1970 877 2018 909 ⁷⁸
2054 876 2131 946 τῷ

696 946 1182 1109 ᾼϐεἰνῴὑτωααὶ
1208 962 1415 1024 ἐκεῖνος
1443 960 1705 1029 μειζόνως
1745 960 1811 1028 τῇ
1842 955 2132 1029 περιουσίᾳ.

760 1040 892 1095 ένων
928 1043 1186 1109 ἐτιμᾶτο·
1238 1043 1333 1095 καὶ
1371 1041 1543 1095 ταῦτα
1586 1040 1747 1102 αὐτὸς
1790 1038 2063 1108 μαρτυρεῖ
2102 1034 2131 1086 ὁ

760 1040 892 1095 ένων
928 1043 1186 1112 ἐτιμᾶτο·
1238 1043 1333 1095 καὶ
1371 1041 1543 1095 ταῦτα
1586 1040 1747 1102 αὐτὸς
1790 1038 2063 1108 μαρτυρεῖ
2102 1034 2131 1086 ὁ

676 1114 761 1182 ὣς.
794 1120 858 1173 Τί
873 1116 964 1175 οῦν
988 1123 1134 1175 ἐστιν
1160 1123 1334 1175 εἰπεῖν
1355 1137 1369 1186 ;
1401 1122 1514 1173 Οὐκ
1538 1121 1685 1173 ἐστιν
1710 1119 1884 1181 οὐδεὶς
1903 1118 2131 1173 τοιαῦτα

734 1200 962 1268 ούμενος
993 1202 1024 1272 ἢ
1049 1201 1355 1272 ἐγκαλῶν¹¹⁹
1377 1202 1435 1253 ἐν
1460 1204 1525 1272 τῇ
1559 1200 1804 1270 βασιλεία
1829 1199 1937 1252 τῶν
1967 1199 2130 1269 οὐρα-

734 1217 962 1268 ουμενος
993 1216 1024 1272 η
1049 1216 1296 1272 εγκαλων
1314 1216 1355 1234 ε’
1377 1216 1435 1253 εν
1460 1216 1525 1272 τῃ
1559 1216 1804 1270 βασιλεια
1829 1216 1937 1252 των
1967 1216 2130 1269 ουρα-

656 1216 873 1417 ᾖ
914 1282 1109 1352 φθόνου
1162 1283 1271 1353 γὰρ
1323 1282 1417 1335 καὶ
1460 1280 1759 1351 βασκανίας
1817 1279 1879 1332 τὸ
1932 1278 2130 1350 χωρίον

874 1378 922 1415 ν.
949 1363 1011 1415 ΕΞ
1040 1362 1147 1417 γὰο
1181 1361 1416 1415 ἐνταῦθα
1443 1362 1595 1417 ὄντες
1630 1362 1677 1412 οἱ
1715 1358 1861 1417 ἀγιοι
1895 1360 1991 1413 καὶ
2030 1357 2130 1417 τὰς

874 1378 922 1415 ν.
949 1363 1011 1415 ΕΞ
1040 1362 1147 1434 γάρ
1181 1361 1416 1415 ἐνταῦθα
1443 1362 1595 1423 ὄντες
1630 1362 1677 1412 οἱ
1715 1358 1861 1427 ἀγιοι
1895 1360 1991 1413 καὶ
2030 1357 2130 1421 τὰς

836 1442 901 1497 όν
954 1443 1092 1515 ὑπὲρ
1136 1442 1245 1495 τῶν
1291 1440 1629 1513 ἁμαρτωλῶν
1664 1440 1889 1499 διδόασι.
1949 1437 2129 1508 πολλῷ

872 1540 929 1585 ες
962 1524 1077 1576 ἐκεῖ
1108 1522 1312 1576 τούτων
1348 1523 1394 1554 ⁸⁰
1439 1520 1808 1583 ἀπολαύοντας
1853 1519 2125 1590 χαίρουσι,

872 1540 929 1585 ες
962 1540 1075 1576 εκει
1108 1541 1312 1576 τουτων
1348 1540 1394 1554 ’ν
1439 1540 1808 1583 απολαυοντας
1853 1540 2125 1590 χαιρουσι,

534 1540 1093 1683 Γ,γθᾷιίζουσιν
1128 1602 1263 1657 εἶναι
1303 1603 1483 1672 ἀγαθά
1509 1604 1575 1656 ⁸¹.
1617 1602 1774 1664 Τίνος
1803 1598 1894 1653 οὖν
1944 1600 2128 1654 ἐνεκεν

528 1670 631 1748 τως
674 1670 1006 1757 ἐσχημάτισε
1040 1686 1133 1740 τὸν
1168 1686 1323 1753 λόγον
1337 1670 1361 1751 ;-
1395 1682 1686 1755 Παραϐολὴ
1727 1682 1788 1735 τὸ
1836 1681 2125 1751 λεγόμενον

511 1767 590 1815 λε’
614 1782 627 1795 ·
656 1767 841 1836 διόπερ
869 1766 987 1820 ούδέ
1031 1768 1135 1838 χρὴ
1177 1766 1355 1820 πάντα
1390 1764 1459 1817 τὰ
1510 1768 1568 1819 ἐν
1617 1768 1736 1829 ταῖς
1790 1762 2129 1834 παραϐολαῖς

487 1845 601 1897 ςατά
626 1845 769 1909 λέξιν
796 1846 1271 1917 περιεργάζεσθαι,
1323 1849 1459 1903 ἀλλὰ
1483 1848 1575 1902 τὸν
1610 1846 1809 1900 σκοπὸν
1838 1843 2125 1914 μαθόντας,

416 1922 524 1998 ᾔδε’
562 1925 619 1977 ὂν
643 1924 896 1994 συνετέθη
933 1925 1000 1983 ⁸³.
1034 1926 1223 1981 τοῦτον
1259 1928 1575 1998 δρέπεσθαι,
1615 1928 1711 1980 καὶ⁵
1758 1924 1925 1995 μηδὲν
1969 1922 2130 1975 πολυ-

462 2006 794 2072 πραγμονεῖν
818 2004 1148 2077 περαιτέρω.
1183 2006 1337 2070 Τίνος
1375 2005 1467 2061 οῦν
1497 2006 1683 2060 ἐνεκεν
1700 2004 1843 2057 οὑτω
1872 2002 2129 2073 συνετέθη

460 2082 595 2153 αῦτη
627 2083 981 2155 ήπαραϐολὴ,
1010 2087 1102 2138 καὶ
1134 2086 1189 2139 τί
1217 2087 1624 2140 κατασκευάσαι
1673 2084 1955 2155 βούλεται;
1994 2084 2133 2155 Προ-

460 2163 795 2231 θυμοτέρους
838 2165 1063 2233 ποιῆσαι
1098 2166 1226 2229 τοὺς
1255 2168 1311 2219 ἐν
1344 2167 1556 2235 ἐσχάτῳ
1593 2167 1740 2236 γήρα
1778 2162 1926 2235 [659]
1966 2179 2132 2234 μετα-

458 2240 823 2310 ἣαλλομένους
872 2242 966 2295 καὶ
1008 2243 1325 2314 γινομένους
1372 2244 1664 2314 βελτίονας,
1722 2243 1853 2313 μηδὲ
1917 2244 2131 2308 ἀφεῖναι

461 2320 703 2389 νομίζειν
746 2320 968 2376 ἔλαττον
1013 2322 1059 2354 ⁸⁸
1087 2322 1250 2394 ἔχειν.
1306 2323 1404 2377 Διὰ
1453 2323 1516 2395 δὴ
1569 2322 1727 2376 τοῦτο
1778 2321 1987 2388 εἰσάγει
2040 2320 2133 2373 καὶ

460 2399 910 2469 δυσχεραίνοντας
948 2401 1168 2472 ἐτέρους
1199 2403 1293 2455 ἐπὶ
1334 2404 1443 2466 τοῖς
1493 2402 1698 2456 τούτων
1746 2400 1988 2469 ἀγαθοῖς,
2035 2400 2133 2471 οὑχ

463 2478 549 2530 ἶνα
588 2478 734 2551 δείξῃ
763 2481 1096 2551 τηκομένους
1128 2482 1221 2535 καὶ
1242 2481 1599 2552 δακνομένους
1631 2482 1890 2543 ἐκείνους·
1930 2480 2130 2546 ἄπαγε·

461 2557 577 2610 ἀλλ’
607 2559 694 2610 ἵνα
719 2558 903 2629 διδάξῃ
939 2559 1161 2624 τούτους
1196 2560 1467 2631 τοσαύτης
1495 2560 1910 2623 ἀπολαύσαντας
1940 2560 2130 2629 τιμῆς,

461 2638 497 2706 ἦ
524 2637 571 2669 ⁸⁸
608 2638 701 2691 καὶ
739 2638 929 2706 φθόνον
956 2639 1162 2708 ἐτέροις
1202 2642 1380 2693 τεκεῖν
1429 2639 1677 2711 ἠδύνατο.
1734 2640 1799 2690 ὐ
1840 2636 1932 2689 καὶ
1971 2639 2133 2708 ἡμεῖς

466 2717 727 2780 πολλάκις
755 2718 1017 2788 ποιοῦμεν
1050 2718 1320 2787 λέγοντες,
1360 2722 1440 2774 ὅτι
1493 2722 1549 2775 '0
1578 2720 1724 2773 δεῖνά
1754 2738 1841 2791 μοι
1882 2721 2132 2774 ἐνεκάλε-

467 2813 581 2857 σεν,
607 2799 688 2850 δτι
718 2815 774 2849 σε
795 2798 1065 2867 τοσαύτης
1103 2799 1308 2868 ἠξίωσα
1332 2800 1496 2870 τιμῆς
1519 2816 1533 2830 ·
1592 2798 1716 2852 οὔτε
1758 2800 2130 2869 ἐγκληθέντες,

463 2876 587 2929 οὔτε
619 2878 823 2929 ἐκεῖνον
845 2877 1116 2929 διαϐαλεῖν
1146 2878 1192 2908 ⁸⁸⁸
1223 2876 1481 2943 θέλοντες,
1512 2877 1646 2931 ἀλλὰ
1676 2878 1849 2948 τούτῳ
1879 2877 2046 2942 δεῖξαι
2075 2879 2135 2932 τὸ

469 2956 697 3025 μέγεθος
728 2956 826 3025 τῆς
847 2956 1057 3028 δωρεᾶς
1088 2950 1155 3027 ἧς
1186 2956 1517 3027 άπήλαυσεν.
1561 2956 1723 3009 Ἀλλά
1753 2957 1805 3010 τί
1835 2958 2031 3030 δήποτε
2074 2962 2134 3014 ού

468 3034 675 3097 πάντας
708 3034 913 3098 εὐθέως
946 3034 1329 3106 ἐμισθώσατο;
1363 3035 1435 3087 Τὸ
1470 3036 1551 3099 είς
1589 3037 1751 3091 αὑτὸν
1779 3032 1934 3109 ἧκον,
1962 3040 2137 3093 ᾶπαν-

466 3130 598 3176 τας·
637 3115 685 3168 εί
716 3114 771 3167 δὲ
797 3116 895 3184 οὐχ
928 3113 1062 3184 όμοῦ
1102 3114 1300 3176 πάντες
1346 3115 1685 3185 ὑπήκουσαν,
1738 3117 1836 3189 τὴν
1876 3119 2138 3192 διαφορὰν

468 3196 501 3264 ή
542 3194 649 3245 τῶν
695 3194 1005 3263 κληθέντων
1043 3193 1235 3264 γνώμη
1277 3196 1565 3264 πεποίηκε.
1613 3196 1713 3249 Διά
1759 3198 1914 3252 τοῦτο
1956 3202 2004 3253 οἱ
2041 3201 2138 3271 μέν

469 3273 634 3344 πρωῒ,
669 3274 718 3325 οί
746 3274 803 3326 δὲ
830 3274 1010 3343 τρίτῃ,
1043 3275 1091 3326 οί
1124 3274 1178 3325 δὲ
1218 3274 1371 3344 ἕκτῃ,
1404 3275 1452 3326 οί
1482 3274 1538 3326 δέ
1576 3276 1741 3348 ἐνάτῃ
1769 3277 1886 3349 ῶρᾳ
1916 3279 2142 3331 καλοῦν-

468 3372 578 3415 ται,
605 3356 653 3406 οἱ
681 3354 735 3406 δέ
766 3354 1048 3425 ἑνδεκάτῃ,
1099 3355 1187 3407 ὅτε
1229 3354 1451 3424 ἔμελλον
1488 3357 1915 3414 ὑπακούσεσθαι.
1972 3361 2141 3415 Τοῦτο

471 3434 564 3486 καὶ
593 3435 621 3485 6
650 3432 859 3495 Παῦλος
882 3434 1057 3503 δηλῶν
1102 3432 1289 3502 ἔλεγεν
1312 3452 1326 3467 ·
1365 3436 1494 3489 Ὅτε
1541 3437 1609 3489 δὲ
1650 3437 1987 3504 εὐδόκησεν
2019 3442 2053 3494 ό
2096 3440 2140 3471 δ’

469 3513 767 3582 ἀφορίσας
790 3531 866 3582 με
886 3514 954 3566 ἐκ
977 3516 1210 3580 κοιλίας
1241 3516 1466 3582 μητρός
1481 3534 1620 3585 μου.
1668 3518 1803 3570 Πότε
1833 3519 1888 3572 δὲ
1923 3520 2145 3590 εὐδόκη-

474 3610 602 3659 σεν;
632 3593 762 3645 Ὅτε
794 3592 1018 3663 ἔμελλεν
1046 3592 1470 3647 ὑπακούσεσθαι.
1516 3596 1684 3659 Αὐτὸς
1724 3597 1824 3666 μὲν
1852 3598 1959 3670 γάρ
1986 3600 2142 3653 ἐϐούο

477 3673 613 3733 λετο,
650 3673 745 3725 καὶ
781 3674 844 3725 ἐκ
872 3673 1200 3743 προοιμίων·
1232 3673 1417 3742 ἐπειδὴ
1446 3673 1501 3727 δὲ
1534 3675 1696 3739 αὐτὸς
1725 3677 1770 3707 ³⁸
1796 3677 1895 3730 οὐκ
1919 3676 1985 3731 ἂν
2011 3675 2141 3746 εἶξε,

486 3754 602 3803 τότε
631 3751 941 3822 εὐδόκησεν.
974 3752 1061 3804 ὅτε
1088 3753 1180 3805 καὶ
1212 3754 1374 3816 αὐτὸς
1409 3752 1598 3823 ἔμελλε
1642 3754 1941 3812 πείθεσθαι.
1989 3758 2146 3812 Οὕτω

479 3832 574 3884 καὶ
599 3831 691 3884 τὸν
714 3831 914 3904 λῃστὴν
942 3831 1187 3896 ἐκάλεσε,
1208 3833 1382 3887 καίτοι
1403 3834 1695 3905 δυνάμενος
1717 3837 1811 3890 καὶ
1840 3836 2145 3909 ἔμπροσθεν

474 3911 637 3965 αὑτὸν
660 3910 884 3964 καλέσαι
911 3926 924 3939 ·
958 3911 1073 3965 ἀλλ’
1102 3914 1306 3975 ἐκεῖνος
1341 3915 1440 3966 οὑκ
1476 3912 1541 3967 ἂν
1568 3915 1896 3983 ὑπήκουσεν.
1940 3918 2000 3970 Εἰ
2040 3918 2146 3989 γάρ

475 3994 507 4046 ὸ
534 3991 746 4055 Παῦλος
776 3992 833 4055 ἐξ
864 3992 1036 4067 ἀρχῆς
1070 3991 1169 4043 οὐκ
1202 3991 1267 4044 ἂν
1302 3993 1598 4063 ὑπήκουσε,
1648 3993 1827 4065 πολλῷ
1876 3996 2074 4067 μᾶλλον
2119 4000 2148 4052 6

477 4074 698 4145 λῃττής,
728 4073 789 4124 Εἰ
810 4072 865 4124 δὲ
888 4065 1033 4124 οῦτοι
1055 4071 1324 4139 λέγουσιν,
1350 4072 1555 4138 Οὐδείς
1571 4073 1726 4143 ἡμᾶς
1754 4065 2145 4144 ἐμισθώσατο·

483 4152 719 4222 μάλιστα
743 4153 860 4218 μέν,
896 4151 1032 4220 ὅπερ
1058 4150 1213 4219 ἔφην,
1250 4151 1309 4203 οὐ
1340 4152 1443 4221 χρὴ
1483 4153 1659 4205 πάντα
1694 4155 2150 4226 περιεργάζεσθαι

481 4230 550 4284 τὰ
588 4228 644 4277 ἐν
673 4234 793 4294 ταῖς
821 4229 1153 4302 παραϐολαῖς
1175 4245 1188 4258 ·
1219 4231 1450 4286 ἐνταῦθα
1477 4234 1533 4287 δέ
1558 4232 1677 4286 ούδέ
1707 4235 1735 4286 6
1771 4234 2150 4310 οίκοδεσπότης

483 4311 729 4378 φαίνεται
752 4310 909 4365 τοῦτο
930 4312 1123 4382 λέγων,
1151 4314 1263 4366 ἀλλ’
1296 4315 1524 4368 ἐκεῖνοι·
1558 4316 1721 4383 αὐτὸς
1750 4320 1807 4373 δέ
1829 4321 2025 4387 αὐτοὺς
2048 4325 2147 4378 οὐκ

482 4390 714 4473 ἐλέγχει,
747 4392 832 4473 ἵνα
861 4394 937 4463 μὴ
966 4394 1292 4473 διαπορήσῃ,
1324 4394 1436 4447 ἀλλ’
1460 4397 1851 4469 ἐπισπάσηται.
1885 4401 2007 4454 Ὅτι
2040 4403 2148 4473 γὰρ

484 4470 712 4551 πάντας.
745 4472 805 4523 τό
828 4489 890 4540 γε
923 4474 1000 4535 είς
1028 4474 1189 4525 αὑτὸν
1222 4468 1377 4537 ἧκον,
1419 4474 1483 4527 ἐκ
1526 4475 1748 4546 πρώτης
1780 4480 1984 4542 ἐκάλει,
2026 4468 2149 4551 ἐδήλ-

484 4548 623 4601 λωσε
657 4552 749 4603 καὶ
790 4553 821 4621 ή
861 4552 1144 4622 παραϐολὴ
1189 4552 1449 4621 λέγουσα,
1498 4553 1581 4606 ὃτι
1617 4555 1723 4607 ἀπὸ
1767 4558 1911 4628 πρωῒ
1958 4548 2147 4629 ἐξῆλθε

486 4629 882 4699 μισθώσασθαι.

556 4708 620 4761 δ’.
652 4708 923 4762 Πάντοθεν
941 4704 1033 4763 οὖν
1055 4709 1211 4778 δῆλον
1238 4711 1388 4780 ἡμῖν.
1413 4708 1493 4761 ὅτι
1527 4710 1661 4780 πρὸς
1686 4713 1811 4774 τοὺς
1841 4713 1904 4766 ἐκ
1930 4713 2150 4787 πρώτης

483 4787 721 4854 ἡλικίας,
758 4788 853 4840 καὶ
881 4790 1005 4851 τοὺς
1037 4790 1091 4840 ἐν
1122 4789 1267 4859 γήρᾳ
1303 4789 1397 4841 καὶ
1428 4788 1643 4858 βράδιον
1664 4791 1863 4862 ἀρετῆς
1891 4793 2151 4866 ἐπειλημ-

489 4867 685 4935 μένους
714 4868 757 4897 ⁸⁸
782 4867 993 4938 εἴρηται
1024 4870 1056 4933 ἠ
1092 4868 1401 4938 παραϐολή·
1445 4867 1581 4938 πρὸς
1628 4869 1866 4934 ἐκείνους
1911 4873 2027 4943 μὲν,
2065 4876 2153 4929 ἴνα

491 4948 565 5014 μὴ
608 4948 960 5009 ἀπονοῶνται,
997 4948 1131 5017 μηδέ
1165 4948 1458 5012 ὀνειδίζωσι
1502 4951 1612 5011 τοῖς
1642 4949 1769 5019 περὶ
1808 4952 1905 5019 τὴν
1934 4953 2152 5008 ἑνδεκά-

488 5041 624 5092 την·
683 5027 817 5094 πρὸς
870 5025 1094 5088 τούτους
1144 5026 1222 5089 δέ,
1270 5028 1356 5079 ἴνα
1402 5026 1662 5097 μάθωσιν.
1702 5030 1782 5081 ὅτι
1814 5031 1926 5083 ἐστι
1962 5034 2053 5086 καὶ
2100 5036 2157 5087 ἐν

492 5106 684 5174 βραχεῖ
724 5106 898 5175 χρόνῳ
936 5105 995 5157 τὸ
1030 5108 1135 5160 πᾶν
1166 5106 1597 5174 ἀνακτήσασθαι.
1639 5108 1853 5177 Ἐπειδὴ
1896 5110 2002 5180 γάρ
2033 5116 2159 5183 περὶ

492 5184 848 5252 σφοδρότητος
867 5184 1152 5252 διελέγετο,
1180 5184 1385 5238 καὶτοῦ
1412 5186 1666 5257 χρήματα
1689 5186 1859 5255 ῥῖψαι,
1884 5190 1977 5241 καὶ
2002 5208 2163 5245 κατα-

585 5314 629 5345 "
669 5314 947 5381 ἀπήλαυον
996 5314 1130 5367 Edd.

496 5667 662 5721 ΕυιΙι.
740 5666 786 5697 ⁸⁸
821 5666 981 5727 αὑτός
1005 5664 1212 5735 anL.
1245 5665 1341 5735 Ep.
1382 5667 1514 5719 Mor.

502 5734 620 5767 ’°°”
684 5736 759 5799 ὡς
819 5753 928 5789 om.
979 5735 1043 5790 Ο.
1113 5734 1211 5803 Ep.

499 5806 596 5888 §e_d
626 5816 807 5860 luelur
843 5804 939 5888 Ep.
1017 5806 1061 5888 ’ξ
1105 5808 1242 5887 μετὰ
1265 5804 1507 5888 τούτους]
1541 5808 1876 5888 ιμετίαὑτῶν
1901 5809 1958 5863 ι..

509 5946 973 6016 παρανομοῦντας,
1006 5947 1140 6002 ἀλλὰ
1179 5946 1460 6020 μιμεῖσθαι
1490 5949 1613 6012 τοὺς
1654 5947 2062 6019 κατορθοῦντας.
2095 5946 2161 6008 Β.

1249 5334 1259 5349 ο
1329 5316 1501 5392 ταῦτα
1550 5316 2049 5392 δικαιολογούμενος
2101 5324 2349 5392 ἐγκαλῶν
2387 5324 2584 5377 vitiose
2616 5320 2753 5375 Mor.
2782 5320 2912 5374 Ben.

490 5386 598 5439 τῶν
645 5384 863 5456 ἀγαθῶν
899 5384 995 5456 Ep.
1044 5384 1152 5437 τῶν
1212 5386 1585 5454 ἀποκειμένων
1630 5387 1850 5453 ἀγαθῶν
1893 5384 2092 5456 ἀὐτούς
2141 5384 2214 5450 ile

492 5458 593 5525 Ep.
644 5454 824 5535 ηιξκιετί
867 5455 935 5535 τά
987 5456 1185 5535 ἀγαθάἔ
1211 5456 1289 5535 ,τά
1340 5456 1560 5535 ἐκείνων
1602 5457 1781 5535 ἀγαθά
1821 5459 1979 5535 Βενε-
2019 5454 2176 5535 γείῆν

494 5523 859 5600 σύνετέθησαν
882 5523 981 5600 EB.
1056 5526 1101 5557 ”
1134 5525 1391 5600 ἐλάττονα
1408 5524 1487 5600 ΔΙ..
1513 5525 1732 5600 ἐλαττον
1751 5528 1914 5600 ἐχειν]
1943 5523 2174 5588 ἐλάττονι

2250 5534 2385 5590 Mor.
2403 5533 2533 5587 Ben.
2564 5533 2609 5564 ⁸⁵

498 5635 511 5649 .
548 5637 561 5651 .
598 5638 611 5651 .
640 5594 896 5649 δύνασθαι
921 5594 1017 5663 Ep.
1072 5604 1126 5648 et
1165 5595 1293 5661 Reg.
1330 5596 1453 5649 688.
1512 5595 1625 5651 Hoc
1653 5594 1933 5653 edidérulil
1985 5600 2112 5657 Sav.
2153 5594 2287 5659 Bén.

3806 345 3909 403 614

2236 478 2507 548 φρονῆσαι
2537 474 2646 528 τῶν
2681 473 2852 526 ὄντων
2892 471 3169 535 ἁπάντων,
3220 468 3418 523 πολλοῦ
3454 469 3513 523 δέ
3551 471 3709 524 τοῦτο
3743 468 3910 523 ἐδεῖτο

2233 556 2327 609 τοῦ
2369 556 2526 609 τόνου
2557 554 2653 607 καὶ
2685 551 2941 620 νεανικῆς
2980 548 3308 619 προθυμίας,
3347 549 3601 603 ἀνάπτων
3638 552 3696 603 ἐν
3727 549 3907 611 αὐτοῖς

2234 636 2410 706 φλόγα
2439 635 2682 703 ἀγάπης,
2712 632 2807 686 καὶ
2840 629 3057 683 εὔτονον
3089 629 3258 681 ποιῶν
3291 630 3388 698 τὴν
3418 629 3664 700 γνώμην,
3697 629 3909 706 δείκνυ-

2236 705 2321 767 σιν
2367 716 2450 768 ὅτι
2478 712 2702 767 δυνατὸν
2736 712 2829 763 καὶ
2858 708 3084 779 ὕστερον
3115 706 3364 770 ἐλθόντας
3394 707 3493 777 τῆς
3520 709 3699 778 πάσης
3728 705 3909 758 λαϐεῖν

2233 794 2446 863 ἡμέρας
2474 791 2564 843 τὸν
2610 790 2817 860 μισθόν.
2863 786 3000 840 Ἀλλ’
3027 784 3168 838 οὑτω
3224 785 3319 855 μὲν
3372 786 3432 838 οὑ
3489 785 3654 854 λέγει,
3705 787 3791 839 ἵνα
3833 784 3909 863 μὴ

2238 872 2403 924 πάλιν
2434 869 2630 932 αὐτοὺς
2660 867 2942 939 ἁπονοήσῃ
2965 880 2977 893 ·
3022 864 3260 917 δείκνυσι
3288 864 3345 916 δέ
3376 866 3456 917 ὅτι
3476 865 3575 932 τῆς
3600 864 3765 918 αὑτοῦ
3792 862 3909 930 φιλ-

2236 948 2554 1020 ανθρωπίας
2583 949 2699 1000 ἐστὶ⁸
2728 946 2790 998 τὸ
2833 948 2962 1009 πᾶν,
2996 946 3087 998 καὶ
3120 944 3208 996 διὰ
3239 943 3442 1012 ταύτην
3478 944 3577 995 οὐκ
3611 940 3910 996 ἐκπεσοῦν⁴

2231 1046 2343 1091 ται,
2388 1028 2500 1081 ἀλλ’
2532 1024 2935 1080 ἀπολαύσονται
2968 1024 3062 1077 καὶ
3093 1025 3246 1076 αὐτοὶ
3276 1024 3383 1075 τῶν
3410 1024 3732 1094 ἀπορρήτων
3772 1022 3911 1088 ἀγα-

2232 1109 2363 1161 θῶν.
2397 1107 2504 1160 Kal
2536 1106 2695 1159 τοῦτο
2729 1104 2962 1175 μάλιστά
2992 1105 3138 1155 ἐστιν
3164 1103 3192 1154 ὃ
3219 1102 3461 1172 βούλεται
3489 1101 3575 1155 διὰ
3606 1101 3704 1170 τῆς
3732 1117 3914 1171 παρα-

2231 1189 2396 1257 ϐολῆς
2454 1188 2863 1241 κατασκευάσαι
2907 1184 3128 1255 ταύτης.
3180 1185 3242 1236 Εἰ
3274 1184 3329 1235 δέ
3359 1184 3570 1251 ἐπάγει,
3601 1184 3683 1235 ὅτι
3717 1183 3915 1249 Οὕτως

2229 1267 2473 1321 ἔσονται
2512 1270 2567 1320 οὶ
2611 1267 2859 1336 ἔσχατοι
2901 1264 3138 1333 πρῶτοι,
3175 1261 3273 1314 καὶ
3309 1265 3361 1314 οὶ
3393 1261 3609 1329 πρῶτοι
3638 1262 3913 1330 ἔσχατον

2227 1345 2447 1402 πολλοὶ
2467 1345 2576 1417 γὰρ
2608 1346 2838 1411 κλητοὶ,
2898 1346 3086 1413 ὀλίγοι
3124 1342 3193 1394 δὲ
3238 1340 3528 1403 ἐκλεκτοὶ,
3575 1340 3651 1411 μὴ
3699 1339 3916 1408 θαυμάο

2228 1439 2347 1495 σῃς.
2400 1426 2471 1478 Ού
2490 1427 2599 1496 γὰρ
2620 1423 2693 1487 ὡς
2710 1421 2831 1477 ⁹⁰.⁹¹⁵
2850 1425 2913 1476 ἐκ
2928 1424 3025 1493 τῆς
3046 1419 3669 1493 παραϐολῆςίϐιθῇοῦτο
3684 1435 3918 1485 συναγα.

2229 1505 2340 1573 γών
2385 1522 2571 1574 φησιν,
2605 1504 2738 1558 ἀλλά
2775 1503 2935 1557 τοῦτο
2976 1503 3145 1571 λέγει,
3181 1504 3261 1555 ὅτι
3295 1502 3482 1572 ῶσπερ
3510 1500 3667 1552 τοῦτο
3697 1498 3915 1568 συνέϐη,

2229 1584 2370 1639 οὕτω
2396 1588 2622 1639 κάκεῖνο
2666 1584 3022 1654 συμϐήσεται.
3064 1581 3326 1635 Ἐνταῦθα
3371 1582 3469 1651 μὲν
3510 1581 3619 1650 γάρ
3651 1580 3752 1632 οὐκ
3794 1578 3919 1645 ἐγέ-

2237 1682 2389 1718 νοντο
2418 1667 2465 1717 οἱ
2500 1665 2705 1734 πρῶτοι
2738 1662 2973 1732 ἔσχατοι,
3016 1660 3152 1715 άλλά
3194 1662 3302 1713 τῶν
3342 1660 3517 1713 αὐτῶν
3548 1660 3744 1720 πάντες
3771 1656 3920 1725 ἀπή-

2238 1742 2442 1796 λαυσαν
2494 1743 2623 1812 παρ’
2654 1742 2843 1795 ἐλπίδα
2891 1742 2984 1793 καὶ
3029 1740 3181 1810 παρὰ
3222 1739 3563 1809 προσδοκίαν.
3602 1737 3810 1804 Ὥσπερ
3864 1734 3921 1788 δέ

2233 1822 2394 1875 τοῦτο
2443 1823 2571 1891 παρ’
2616 1821 2805 1872 ἐλπίδα
2859 1820 2953 1872 καὶ
2994 1820 3143 1888 παρὰ
3174 1819 3219 1849 ⁸⁵
3246 1817 3570 1886 προσδοκίαν
3601 1814 3782 1883 ἐξέϐη,
3826 1812 3922 1865 καὶ

2233 1902 2343 1955 τῶν
2383 1900 2691 1972 ἔμπροσθεν
2724 1902 2972 1968 ἐγένοντο
2998 1902 3099 1953 ἴσοι
3130 1899 3177 1951 οἱ
3220 1899 3357 1968 μετά
3393 1896 3596 1951 ταῦτα·
3642 1895 3781 1948 οὓτω
3826 1894 3923 1947 καὶ

2233 1982 2293 2034 τὸ
2325 1982 2515 2034 τούτου
2547 1983 2593 2013 ³⁸
2636 1980 2798 2033 πλέον
2840 1980 3178 2051 συμϐήσεται
3221 1980 3316 2032 καὶ
3354 1978 3803 2049 παραδοξότερον,
3861 1973 3923 2027 τὸ

2236 2062 2328 2114 καὶ
2377 2059 2687 2131 ἔμπροσθεν
2730 2060 2984 2127 γενέσθαι
3022 2058 3133 2111 τῶν
3189 2059 3421 2129 πρώτων
3465 2059 3592 2120 τοὺς
3635 2056 3919 2126 ἐσχάτους,

2235 2141 2326 2195 καὶ
2364 2141 2500 2210 μετά
2527 2140 2748 2203 τούτους
2779 2142 2823 2173 ³⁷
2859 2141 2985 2205 τοὺς
3009 2141 3276 2210 πρώτους.
3318 2140 3479 2192 Ὥστε
3511 2140 3696 2208 ἕτερον
3719 2140 3920 2193 ἐκεῖνον

2235 2220 2327 2273 καὶ⁴
2369 2220 2555 2289 ἓτερον
2592 2219 2767 2273 τοῦτο.
2818 2221 2976 2272 Δοκεῖ
3002 2219 3059 2272 δέ
3090 2237 3177 2290 μοι
3210 2219 3383 2272 ταῦτα
3416 2218 3595 2285 λέγειν
3633 2217 3925 2280 Ἰουδαίους

2236 2300 2620 2369 αἰνιττόμενος,
2658 2300 2751 2351 καὶ
2790 2299 2899 2352 τῶν
2948 2300 3158 2352 πιστῶν
3195 2301 3323 2361 τοὺς
3360 2298 3421 2362 ἐξ
3461 2298 3637 2368 ἀρχῆς
3674 2297 3928 2368 λάμψαν-

2234 2395 2356 2442 τας,
2398 2378 2622 2449 ὔστερον
2654 2378 2711 2431 δέ
2756 2378 3143 2448 ἀμελήσαντας
3186 2378 3409 2449 ἀρετῆς,
3451 2379 3545 2430 καὶ
3573 2379 3653 2440 είς
3682 2376 3929 2430 τούπίσω

2237 2457 2691 2528 κατενεχθέντας·
2748 2457 3035 2520 κάκείνους
3072 2457 3233 2510 πάλιν
3272 2459 3396 2521 τοὺς
3446 2457 3554 2511 ἀπὸ
3590 2458 3790 2519 κακίας
3835 2456 3931 2510 ἀν·

2242 2539 2604 2606 ἐνεγκόντας,
2661 2535 2756 2589 καὶ
2800 2536 3026 2599 πολλοὺς
3072 2536 3619 2608 ὑπερακοντίσαντας.
3680 2534 3930 2607 Ὀρῶμεν

2238 2621 2345 2691 γὰρ
2389 2619 2487 2682 τὰς
2530 2617 2795 2681 τοιαύτας
2830 2617 3154 2691 μεταϐολάς,
3198 2619 3292 2672 καὶ
3324 2620 3417 2672 ἐπὶ
3450 2619 3681 2685 πίστεως
3708 2620 3806 2673 καὶ
3835 2621 3930 2674 ἐπὶ

2242 2689 2358 2769 βίου
2392 2697 2709 2768 γινομένας.
2910 2689 2919 2701 ’

2318 2819 2364 2849 ⁸⁸
2401 2816 2493 2869 Διὸ
2526 2816 2848 2888 παρακαλῶ,
2888 2818 3088 2890 πολλὴν
3138 2817 3493 2891 ποιησώμεθα
3537 2814 3792 2887 σπουδὴν,
3834 2820 3933 2872 καὶ

2243 2899 2333 2953 ἐπὶ
2355 2898 2452 2969 τῆς
2482 2897 2719 2962 πίστεως
2748 2898 2972 2954 ἑστάναι
2998 2902 3097 2972 τῆς
3120 2900 3307 2971 ὀρθῆς,
3353 2901 3445 2953 καὶ
3478 2900 3589 2969 βίον
3624 2900 3933 2972 ἐπιδείκνυ-

2246 2977 2369 3031 σθαι
2402 2966 2642 3048 άριστον.
2686 2980 2783 3030 Ἂν
2825 2979 2935 3051 γάρ
2966 2966 3179 3050 μήκαὶ
3244 2966 3380 3045 βίον
3443 2966 3769 3045 προσθῶμεν
3827 2966 3933 3038 τῆς

2244 3057 2480 3120 πίστεως
2522 3056 2690 3121 ἄξιον,
2724 3059 2822 3129 τὴν
2854 3060 3088 3128 ἐσχάτην
3120 3058 3362 3128 δώσομεν
3390 3056 3567 3126 δίκην.
3621 3058 3728 3108 Kal
3767 3055 3934 3108 τοῦτο

2246 3135 2409 3199 ἔδειξε
2462 3136 2560 3206 μὲν
2608 3137 2701 3189 καὶ
2742 3137 2850 3190 άπὸ
2902 3139 3009 3191 τῶν
3059 3138 3264 3192 ἄνωθεν
3317 3137 3521 3207 χρόνων
3568 3136 3596 3187 6
3658 3134 3935 3205 μακάριος

2246 3217 2481 3279 Παῦλος,
2513 3217 2600 3269 ὅτε
2633 3217 2838 3286 ἔλεγεν,
2866 3218 2947 3270 ὅτι
2982 3221 3208 3285 Πάντες
3237 3218 3303 3271 τὸ
3328 3216 3475 3271 αὐτὸ
3498 3216 3709 3286 ,ϐρῶμα
3740 3232 3934 3269 arav-

2240 3297 2495 3367 ματικὸν
2526 3298 2773 3365 ἔφαγον,
2811 3298 2911 3352 καὶ
2942 3298 3164 3364 πάντες
3202 3299 3269 3352 τὸ
3299 3300 3447 3353 αὐτὸ
3480 3299 3641 3367 πόμα
3671 3310 3936 3365 πνευμα-

2248 3377 2414 3431 τικὸν
2446 3377 2647 3430 ἔπιον·
2692 3379 2787 3432 καὶ
2831 3380 3106 3450 προσθεὶς,
3152 3381 3361 3433 ὅτιούκ
3408 3378 3720 3448 ἐσώθησαν·
3779 3384 3935 3434 Κατ-

2247 3456 2636 3523 εστρώθησαν
2660 3459 2768 3525 γὰρ
2802 3458 2870 3510 ἐν
2902 3458 2974 3526 τῇ
3005 3458 3219 3527 ἐρήμῳ.
3261 3460 3468 3523 Ἔδειξε
3498 3459 3554 3511 δέ
3583 3459 3677 3511 καὶ
3708 3460 3804 3511 ἐπὶ
3824 3461 3937 3512 τῶν

2248 3536 2648 3604 εὑαγγελιστῶν
2669 3532 2714 3563 ¹⁹⁹
2733 3539 2761 3590 6
2790 3537 3040 3607 Χριστὸς.
3082 3540 3169 3591 δτε
3200 3540 3463 3609 είσήγαγέ
3495 3556 3647 3600 τινας
3670 3538 3935 3607 δαίμονας

2251 3614 2580 3679 ἐκϐαλόντας
2620 3618 2714 3668 καί¹
2760 3616 3257 3687 προφητεύσαντας,
3296 3622 3392 3673 καὶ
3438 3621 3517 3682 είς
3561 3619 3785 3671 κόλασιν
3829 3619 3937 3671 ἀπο

2250 3695 2573 3766 αγομένους.
2624 3695 2734 3749 Kal
2774 3698 2944 3749 πᾶσαι
2982 3697 3039 3749 δέ
3076 3698 3239 3751 αὑτοῦ
3284 3701 3341 3752 αἱ
3388 3698 3716 3769 παραϐολαὶ.
3749 3692 3866 3749 οἷον
3901 3696 3936 3765 ή

2250 3774 2359 3826 τῶν
2389 3772 2695 3844 παρθένων,
2732 3776 2766 3844 ἡ
2794 3775 2893 3843 τῆς
2936 3777 3198 3845 σαγήνης,
3246 3779 3280 3847 ή
3315 3777 3422 3830 τῶν
3460 3776 3731 3838 ἀκανθῶν,
3768 3776 3806 3844 ή
3840 3775 3936 3828 τοῦ

2251 3852 2467 3922 δένδρου
2493 3852 2586 3905 τοῦ
2623 3852 2695 3925 μὴ
2725 3854 3006 3917 ποιοῦντος
3050 3857 3280 3927 καρπὸν,
3332 3857 3432 3928 τὴν
3474 3857 3581 3909 ἀπὸ
3612 3855 3720 3909 τῶν
3754 3856 3937 3925 ἔργων

2254 3932 2455 4002 ἀρετὴν
2506 3931 2846 4003 ἐπιζητοῦσι.
2901 3934 3035 4004 Περ)⁸
3082 3935 3181 4005 μὲν
3229 3936 3337 4008 γὰρ
3371 3936 3654 4006 δογμάτων
3685 3935 3937 4003 ὀλιγάκις

2253 4009 2553 4080 διαλέγεται
2576 4027 2590 4040 ·
2634 4012 2755 4066 οὑδέ
2783 4013 2892 4084 γάρ
2930 4012 3098 4066 δεῖται
3139 4016 3301 4067 πόνου
3330 4015 3390 4067 τὸ
3411 4017 3674 4085 πρᾶγμα·
3708 4015 3842 4085 περὶ
3880 4013 3937 4067 δὲ

2257 4087 2373 4159 βίου
2440 4090 2717 4154 πολλάκις,
2781 4092 2979 4161 μᾶλλον
3010 4091 3065 4144 δέ
3107 4094 3412 4163 πανταχοῦ·
3453 4094 3702 4164 διηνεκὴς
3754 4092 3868 4163 γάρ
3908 4092 3936 4147 ό

2256 4169 2395 4241 πρὸς
2423 4170 2579 4223 τοῦτο
2608 4171 2863 4241 πόλεμος,
2896 4170 2977 4223 διὸ
3005 4172 3097 4224 καὶ
3124 4174 3151 4225 6
3174 4173 3356 4235 πόνος.
3385 4174 3493 4225 Kal
3518 4173 3569 4225 τί
3607 4172 3749 4238 λέγω
3784 4174 3933 4225 πολι·

2254 4249 2405 4302 τείαν
2442 4249 2763 4321 ὁλόκληρον;
2800 4251 2908 4303 Kal
2932 4251 3040 4320 γὰρ
3088 4251 3249 4322 μέρος
3292 4252 3465 4321 αὐτῆς
3504 4252 3783 4322 παροφθὲν
3839 4267 3936 4321 με·

2254 4328 2396 4396 γάλα
2437 4329 2631 4397 ἐπάγει
2682 4330 2857 4383 κακά·
2913 4325 3021 4383 οἷον
3070 4330 3405 4399 ἐλεημοσύνη
3460 4330 3805 4401 παροφθεῖσα
3853 4330 3935 4393 είς

2253 4407 2475 4476 γέενναν
2501 4408 2757 4476 ἐμϐάλλει
2810 4410 2936 4472 τοὺς
2986 4410 3354 4480 ὑστερηκὸτας
3381 4426 3395 4440 ·
3458 4410 3632 4462 καίτοι
3680 4408 3778 4477 οὐχ
3824 4407 3936 4461 ὀλό-

2255 4487 2454 4557 κληρος
2507 4487 2665 4540 τοῦτο
2710 4489 2897 4559 ἁρετὴ,
2942 4488 3077 4541 άλλά
3133 4489 3298 4558 μέρος
3353 4489 3541 4557 αὐτῆς.
3607 4486 3744 4540 Ἀλλ’
3780 4488 3935 4557 ὅμως

2256 4566 2350 4619 καὶ
2378 4569 2433 4619 αἱ
2466 4566 2722 4635 παρθένοι
2753 4566 2839 4618 διὰ
2877 4568 2937 4618 τὸ
2982 4568 3055 4637 μὴ
3102 4566 3302 4635 ταύτην
3335 4568 3477 4636 ἐχειν
3519 4566 3934 4637 ἐκολάσθησαν·

2256 4645 2350 4699 καὶ
2377 4648 2405 4698 6
2453 4644 2705 4706 πλούσιος
2756 4644 2841 4697 διὰ
2881 4645 3038 4698 τοῦτο
3065 4646 3526 4715 ἀπετηγανίζετο·
3579 4644 3675 4698 καὶ
3708 4646 3757 4698 οί
3808 4662 3933 4698 πεις

2255 4722 2432 4775 νῶντα
2469 4722 2542 4793 μὴ
2572 4722 2865 4793 θρέψαντες
2889 4722 3137 4776 ἐντεῦθεν
3183 4724 3321 4793 μετά
3350 4723 3443 4776 τοῦ
3481 4723 3726 4777 διαϐόλου
3756 4740 3934 4776 κατο-

2255 4800 2583 4865 δικάζονται.
2629 4800 2795 4855 Πάλιν
2831 4800 2893 4854 τὸ
2938 4801 3011 4871 μὴ
3066 4801 3325 4872 λοιδορεῖν
3365 4802 3524 4873 μέρος
3563 4803 3733 4873 αὑτῆς
3781 4804 3934 4855 ἐστιν

2256 4881 2533 4950 ἐλάχιστον
2559 4896 2573 4910 ·
2616 4879 2731 4933 ἀλλ’
2752 4881 2900 4949 ὅμως
2929 4881 3023 4933 καὶ
3048 4879 3205 4933 τοῦτο
3249 4880 3496 4935 ἐκϐάλλει
3524 4882 3649 4943 τοὺς
3681 4880 3756 4950 μὴ
3796 4897 3934 4933 κατ-

2258 4959 2601 5028 ωρθωκότας.
2643 4959 2704 5011 '0
2725 4958 2833 5029 γάρ
2857 4958 3038 5011 εἰπὼν
3096 4957 3176 5024 τῷ
3235 4959 3473 5027 ἀδελφῷ
3496 4958 3705 5019 αὑτοῦ,
3738 4959 3931 5026 Μωρέ,

2253 5037 2467 5107 ἔνοχος
2495 5040 2665 5091 ἕσται
2709 5040 2797 5103 είς
2844 5037 2958 5104 τὴν
3011 5037 3263 5104 γέενναν
3297 5038 3398 5090 τοῦ
3434 5038 3643 5105 πυρός.
3694 5037 3868 5090 Πάλιν
3896 5039 3930 5106 ή

2258 5117 2581 5186 σωφροσύνη
2620 5117 2713 5168 καὶ
2742 5116 2877 5186 αὐτὴ
2911 5116 3072 5187 μέρος
3099 5116 3266 5168 ἐστίν·
3288 5116 3401 5168 ἀλλ’
3433 5116 3580 5185 ὅμως
3609 5116 3777 5185 χωρὶς
3798 5115 3933 5167 ταύ-

2262 5213 2355 5266 της
2400 5195 2570 5257 οὑδεὶς
2620 5194 2807 5264 ὄψεται
2857 5194 2949 5247 τὸν
3008 5194 3228 5265 Κύριον.
3285 5192 3551 5262 Εἰρήνην
3595 5194 3723 5265 γάρ,
3772 5194 3931 5262 φησὶ,

3020 5322 3066 5393 ξο
3103 5320 3330 5393 τούτων]
3369 5321 3605 5393 καὶτῶν
3631 5320 3813 5393 αὑτων
3844 5320 3928 5393 _L.

2257 5435 2269 5448 .
2320 5394 2424 5449 688
2457 5408 2618 5463 quem
2656 5392 2829 5448 seculi
2858 5401 2983 5445 sum
3017 5391 3141 5445 Sav.
3178 5390 3328 5445 Ben.‘
3383 5393 3425 5422 ⁸¹
3467 5390 3667 5461 ἀγαθά]
3716 5391 3809 5444 Sic
3844 5391 3908 5445 L.

2215 5411 2370 5520 ἔθεσι
2402 5464 2455 5516 in
2509 5461 2641 5515 Edd.
2719 5462 2765 5493 ⁸³
2806 5461 3107 5513 συντίθεται
3157 5459 3221 5514 G.
3258 5460 3322 5513 K.
3364 5461 3698 5515 συντίθενται
3730 5459 3799 5514 ΙΙ.
3854 5460 3901 5514 Μ

2319 5474 2370 5518 sl
2475 5459 2488 5463 ’
2509 5461 2765 5543 liqut“:
2806 5461 3107 5543 συντίθεται
3240 5460 3322 5543 ιΚ.
3344 5459 3698 5543 *συντίθενται
3730 5459 3826 5543 H.‘
3854 5460 3927 5543 ξι.

2403 5533 2533 5587 Ben.
2564 5533 2609 5564 ⁸⁸
2648 5531 2707 5654 ἠὲ
2739 5532 2772 5602 ἦ
2812 5531 2876 5585 G.
2905 5531 2968 5585 Κ.
3006 5531 3137 5585 Mor.
3173 5532 3205 5597 ή
3239 5530 3308 5582 Μ.
3338 5533 3369 5583 ’ὃ
3402 5570 3416 5582 .
3469 5569 3485 5585 .
3525 5572 3538 5586 .
3574 5529 3827 5609 ἠδύνατο]
3852 5531 3929 5611 επ

2399 5604 2445 5635 ⁸⁸
2482 5602 2673 5656 διαϐάλ
2706 5620 2785 5655 ειν
2806 5602 2881 5673 Κ.
2912 5602 2982 5673 ΑΙ..
3072 5600 3221 5673 7‘76]
3255 5604 3293 5673 ό
3333 5582 3465 5663 όεὸς
3493 5604 3525 5673 ό
3549 5600 3612 5654 G.
3648 5599 3711 5652 Η.
3749 5611 3929 5673 ιιινιιο

1626 5668 1675 5698 ⁸⁸
1708 5669 2174 5748 ἐπιμελουμένους-

2254 5714 2268 5728 .
2300 5674 2372 5748 L._
2392 5673 2461 5748 .
2498 5675 2591 5748 εςά
2625 5671 3051 5748 ἐπιλαϐομένους
3070 5668 3230 5748 ὶιξῲρὶ
3258 5670 3351 5748 βυ.
3381 5671 3801 5748 amplectnungar”

1314 5737 1358 5809 9f
1397 5738 1549 5809 παρά
1609 5753 1719 5809 om.
1747 5808 1751 5809 ί
1781 5737 1846 5792 Κ.
1909 5737 2126 5797 ε-[υοιτ.
2149 5743 2212 5798 G.
2245 5741 2373 5809 παρ’
2404 5742 2591 5796 ἐλπίδα
2613 5743 2707 5796 καί
2758 5737 2871 5795 om.
2930 5739 2994 5795 L.

2064 5814 2109 5844 ⁸⁸
2146 5807 2436 5883 ΗΘΙΚΟΝ.
2483 5813 2604 5864 Ὅτι
2654 5811 2751 5883 καὶ
2780 5811 2880 5883 μία
2898 5811 3067 5883 ἀρετὴ
3095 5810 3191 5863 ἐὰν
3217 5810 3380 5883 λείπῃ
3404 5812 3557 5883 ἡμῖν,
3577 5807 3764 5883 Δπολλὰ
3792 5812 3925 5880 ἡμῖν

499 5876 692 5944 ἐψεται
744 5875 908 5954 κακὰ,
970 5875 1203 5954 καὶτῶν
1252 5875 1505 5954 οὐρανῶν
1528 5875 1845 5954 ἀποκλείεις
1885 5880 1983 5954 καὶ
2022 5882 2149 5954 περὶ
2176 5882 2563 5954 ἐλεημοσύνης,
2599 5881 2693 5954 καὶ
2712 5875 2830 5954 ’τοῦ

3104 5741 3150 5772 ’⁸
3186 5740 3372 5793 τούτου
3421 5738 3531 5795 om.
3577 5741 3641 5795 (ἶ.
3674 5739 3736 5792 Η.
3759 5738 3827 5791 Κ.
3852 5740 3923 5793 Μ.

2884 5876 2963 6007 μὲ
2998 5876 3527 5966 κατακρίνεινξμηδέ
3570 5876 3767 5953 ζηλοῦν
3792 5876 3919 5944 τοὺς

2967 5951 3196 6007 dabatur
3222 5949 3573 6007 ευαγγελίων.

2263 5948 2319 5988 ’δ’
2384 5951 2475 6009 Sic
2498 5948 2590 6008 'G.
2615 5950 2679 6009 K.
2712 5950 2777 6007 L.
2808 5948 2896 6009 Μ(
2920 5948 3196 6009 Edebatui'
3222 5948 3573 6021 εὐαγγελίων.
