4140 6376
406 341 510 395 613

404 454 560 524 primi
605 453 929 524 acciperent,
965 454 1041 508 sic
1081 453 1170 508 ille
1193 452 1347 522 copia
1376 453 1639 507 donorum
1680 449 1849 520 magis
1885 448 1980 501 ho-

405 547 692 600 norabatur
723 555 814 601 :et
835 546 948 601 hzec
983 546 1070 600 ille
1094 546 1293 616 probus
1323 546 1460 600 ﬁlius
1490 544 1820 600 testiﬁcatur.
1847 542 1982 610 Quid

407 639 568 707 igitur
592 638 772 693 dicere
822 655 1102 708 possumus
1129 640 1153 692 ?
1179 639 1344 692 Nemo
1374 639 1443 694 de
1486 639 1572 692 tali
1601 637 1720 705 jure
1751 638 1986 707 disputat

402 731 455 786 iu
513 747 676 802 regno
721 732 971 787 calorum
1009 731 1226 796 :absit;
1280 732 1428 788 locus
1455 731 1598 787 enim
1631 731 1720 785 ille
1747 746 1776 784 a
1817 731 1984 786 livore

400 832 456 878 et
485 824 677 877 invidia
708 840 872 893 purus
896 832 1000 879 est.
1024 822 1155 878 Nam
1183 825 1227 878 si
1254 825 1422 879 sancti
1453 825 1503 877 in
1529 823 1628 876 hac
1649 823 1754 877 vita
1780 823 1984 877 animas

399 929 526 970 suas
567 932 662 985 pro
703 916 1072 985 peccatoribus
1112 915 1409 980 dederunt,
1442 916 1610 970 multo
1648 917 1818 986 magis
1854 931 1985 986 gau-

405 1011 548 1077 ‘lent,
575 1025 695 1066 cum
720 1010 836 1065 illos
861 1010 933 1064 ibi
969 1010 1152 1065 vident
1179 1010 1335 1064 bonis
1374 1008 1473 1064 frui
1502 1009 1828 1073 czelestibus,
1863 1024 1984 1078 quae

399 1103 538 1155 bona
565 1101 666 1156 sibi
706 1102 1008 1156 communia
1044 1111 1250 1171 putant.
1283 1100 1397 1169 Qua
1436 1115 1566 1172 ergo
1591 1100 1659 1155 de
1686 1114 1846 1154 causa
1885 1100 1984 1154 hac

403 1193 570 1264 ﬁgura
617 1193 883 1248 sermonis
911 1207 1038 1247 usus
1077 1193 1209 1247 est?
1246 1192 1502 1248 Parabola
1555 1201 1839 1258 narratur,
1883 1205 1983 1245 nec

400 1293 613 1352 oportet
641 1284 692 1336 iu
723 1282 991 1352 parabolis
1019 1284 1195 1338 omnia
1222 1283 1288 1337 ad
1316 1283 1524 1338 literam
1549 1283 1856 1352 explorare,
1887 1281 1981 1335 sed

404 1391 526 1428 cum
563 1389 783 1445 scopum
828 1375 1094 1444 parabolae
1131 1373 1415 1429 didicimus
1439 1413 1454 1433 ,
1483 1373 1626 1428 hunc
1651 1373 1941 1442 decerpere
1964 1413 1978 1436 ,

405 1481 502 1521 uec
529 1476 722 1521 cratera
758 1467 1023 1522 curiosius
1053 1466 1380 1521 examinare.
1416 1465 1524 1520 Cur
1567 1479 1697 1534 ergo
1737 1463 1852 1518 haec
1885 1478 1980 1533 pa-

403 1556 582 1610 rabola
609 1557 687 1612 sic
726 1556 1046 1612 concinnata
1093 1557 1226 1624 fuit,
1271 1566 1326 1611 et
1365 1556 1491 1627 quid
1530 1557 1642 1609 vult
1694 1563 1931 1611 statuere
1957 1555 1982 1606 ἓ

403 1647 530 1703 Vult
552 1663 645 1704 eos
669 1690 684 1714 ,
720 1651 809 1720 qui
851 1651 903 1704 in
945 1659 1190 1706 extrema
1232 1658 1508 1703 senectute
1536 1648 1782 1704 conversi
1814 1657 1976 1712 sunt,

401 1741 750 1796 studiosiores
770 1737 1016 1808 reddere,
1050 1757 1222 1811 neque
1243 1750 1429 1812 putare
1449 1742 1572 1796 sinit
1595 1756 1715 1796 esse
1741 1742 1857 1796 illos
1878 1757 1984 1796 cte-

403 1831 534 1887 teris
563 1831 859 1887 inferiores.
905 1833 1032 1888 Ideo
1060 1832 1258 1887 inducit
1277 1832 1412 1887 alios
1433 1847 1574 1903 mgre
1601 1832 1835 1888 ferentes
1859 1832 1979 1887 illo-

403 1938 521 1977 rum
549 1922 685 1977 bona
704 1964 717 1984 ,
750 1939 857 1977 non
889 1934 944 1976 ut
972 1923 1181 1978 invidia:
1205 1923 1326 1978 tabe
1355 1923 1661 1979 laborantes
1685 1922 1938 1978 ostendat
1961 1939 1974 1975 :

400 2016 540 2070 absit
567 2031 583 2080 ;
611 2015 705 2070 sed
737 2024 794 2068 ut
817 2017 1009 2072 doceat
1041 2017 1158 2071 illos
1193 2025 1341 2070 tanto
1373 2016 1474 2070 frui
1503 2017 1736 2082 honore,
1766 2026 1823 2070 ttt
1853 2032 1978 2086 pos-

400 2108 508 2162 siut
539 2108 698 2161 etiam
735 2108 869 2162 alios
912 2107 977 2163 ad
1009 2108 1262 2163 invidiam
1296 2123 1515 2162 movere
1548 2125 1564 2172 ;
1612 2117 1670 2162 ut
1693 2109 1854 2163 etiam
1883 2123 1980 2163 nos

401 2199 714 2270 plerumque
737 2201 966 2256 dicimus
995 2220 1010 2255 :
1038 2202 1132 2257 Ille
1158 2218 1244 2257 me
1272 2205 1575 2271 accusavit,
1607 2204 1749 2274 quod
1775 2212 1980 2258 tantum

402 2291 494 2345 tibi
533 2291 788 2348 honorem
833 2293 1139 2360 tribuerim;
1185 2309 1288 2348 non
1320 2294 1459 2364 quod
1507 2309 1857 2362 accusemur,
1895 2297 1980 2352 vel

404 2381 546 2451 quod
588 2382 665 2436 illi
693 2384 896 2438 crimen
929 2384 1192 2438 intentare
1220 2385 1445 2438 velimus
1465 2426 1480 2451 ,
1504 2385 1599 2440 sed
1638 2395 1694 2440 ut
1714 2385 1838 2441 doni
1868 2402 1980 2440 ma-

398 2472 727 2542 gnitudinem
775 2473 1109 2531 declaremus
1138 2476 1175 2526 ¹.
1227 2475 1336 2532 Sed
1383 2493 1480 2532 cur
1509 2493 1616 2532 non
1647 2493 1835 2534 omnes
1871 2491 1981 2534 sta-

399 2566 492 2620 tim
536 2567 786 2623 mercede
821 2567 1074 2623 conduxit
1103 2568 1126 2622 ?
1151 2568 1417 2636 Quantum
1449 2570 1500 2624 in
1536 2584 1597 2625 se
1621 2581 1756 2636 erat,
1791 2587 1978 2627 omnes

397 2657 654 2714 conduxit
686 2679 699 2714 :
733 2661 873 2731 quod
901 2662 946 2716 si
975 2677 1078 2715 non
1109 2663 1267 2716 simul
1308 2678 1495 2718 omnes
1523 2664 1805 2735 obsequuti
1827 2675 1972 2732 sunt,

397 2749 752 2806 diﬁ'ereutiam
774 2752 1012 2808 exhibuit
1032 2768 1218 2809 eorum
1239 2756 1327 2825 qui
1353 2756 1524 2810 vocati
1551 2755 1698 2812 fuere
1712 2757 1976 2813 voluntas.

401 2839 525 2894 ldco
553 2841 644 2895 alii
687 2855 878 2908 mane,
903 2843 998 2900 alii
1037 2846 1216 2911 tertia,
1249 2845 1336 2899 alii
1364 2855 1514 2901 sexta
1547 2848 1634 2902 vel
1679 2862 1818 2902 noua
1848 2848 1977 2903 hora

397 2940 691 2992 vocantur,
733 2932 822 2986 alii
866 2933 1142 2989 undecima
1168 2976 1182 3000 ,
1229 2937 1351 3006 quia
1395 2945 1519 2992 tunc
1561 2937 1978 3008 obtemperaturt

394 3033 566 3076 erant.
615 3023 726 3079 Hoc
773 3025 896 3080 item
943 3025 1139 3083 Paulus
1180 3027 1472 3084 declaravit
1514 3048 1528 3084 :
1563 3031 1780 3096 Quando
1809 3043 1979 3088 autem

396 3115 556 3168 risum
583 3127 654 3171 est
683 3115 810 3183 Deo,
853 3120 937 3189 qui
957 3137 1036 3173 me
1062 3123 1342 3192 segregavit
1365 3138 1428 3177 ea:
1460 3133 1602 3178 utero
1640 3127 1816 3180 matris
1855 3141 1979 3182 ntere

403 3207 560 3273 (Gal.
595 3210 646 3262 i.
685 3209 800 3281 15).
831 3210 1178 3278 Quandouam
1211 3213 1261 3268 id
1301 3217 1353 3270 ei
1397 3216 1568 3270 visum
1593 3226 1677 3272 est
1701 3218 1724 3270 ?
1749 3219 1974 3286 Quando

398 3298 487 3354 ille
524 3300 981 3370 obtemperaturus
1006 3313 1140 3359 erat.
1173 3304 1306 3358 Nam
1339 3306 1455 3376 ipse
1485 3322 1515 3362 a
1545 3309 1804 3379 principio
1830 3312 1976 3367 vole-

398 3389 489 3444 bat
519 3407 532 3443 :
562 3390 681 3460 quia
723 3401 899 3447 autem
931 3393 1023 3450 ille
1065 3403 1191 3450 tunc
1239 3412 1346 3450 non
1388 3411 1640 3454 cessurus
1667 3409 1820 3465 erat,
1853 3411 1978 3458 tunc

399 3479 498 3548 ipsi
526 3481 694 3535 visum
724 3481 839 3550 fuit,
870 3497 990 3538 eum
1010 3483 1097 3538 ille
1113 3485 1507 3557 obsequuturus
1536 3499 1668 3544 erat.
1699 3489 1788 3546 Sic
1815 3492 1975 3547 etiam

397 3570 658 3628 latronem
704 3576 935 3638 vocavit,
981 3576 1081 3630 etsi
1127 3578 1388 3646 potuisset
1427 3588 1583 3634 antea
1617 3595 1843 3648 vocare;
1882 3583 1977 3638 sed

398 3663 487 3718 ille
516 3673 639 3719 tunc
665 3681 769 3720 non
798 3666 1236 3736 obtemperasset.
1261 3668 1392 3723 Nam
1423 3672 1468 3724 si
1515 3671 1711 3728 Paulus
1731 3673 1800 3726 ab
1828 3674 1979 3728 initio

399 3771 504 3810 non
527 3757 823 3827 paruisset,
856 3760 1022 3814 multo
1052 3761 1230 3816 minus
1259 3761 1414 3816 latro.
1438 3763 1588 3829 Quod
1617 3765 1661 3818 si
1695 3765 1745 3819 hi
1776 3765 1976 3834 dicant,

401 3846 565 3902 Nemo
595 3867 686 3904 nos
714 3851 956 3905 conduxit
985 3867 1004 3906 :
1031 3852 1117 3906 hic
1147 3869 1250 3907 non
1279 3864 1487 3924 opertet
1509 3897 1522 3920 ,
1562 3865 1620 3909 ut
1643 3855 1773 3923 dixi,
1800 3857 1975 3912 omnia

397 3943 451 3996 in
481 3943 742 4012 parabolis
771 3945 936 4012 posita
965 3947 1227 3999 curiosius
1267 3946 1569 4013 eXplorare.
1600 3947 1696 4002 Hic
1717 3963 1844 4002 vero
1871 3965 1976 4004 non

398 4032 776 4104 paterfamilias
821 4037 920 4089 hoc
953 4035 1116 4101 dicit,
1156 4037 1249 4092 sed
1281 4037 1356 4092 illi
1398 4038 1602 4094 dicunt.
1650 4038 1766 4110 Ipse
1799 4049 1975 4095 autctn

399 4141 505 4180 nou
532 4125 728 4180 refutat
767 4127 908 4192 illos,
943 4137 998 4181 ut
1035 4143 1138 4182 non
1171 4129 1454 4198 perplexas
1483 4130 1768 4196 redderet,
1796 4133 1890 4187 sed
1921 4142 1977 4187 ut

401 4217 715 4273 attraheret.
760 4219 890 4273 Nam
922 4220 1062 4289 quod
1089 4236 1300 4280 omnes,
1330 4231 1584 4290 quantum
1613 4223 1678 4276 ad
1723 4237 1781 4278 se
1811 4225 1976 4292 perti-

401 4310 559 4365 nebat
586 4353 600 4374 ,
636 4313 803 4380 prima
834 4315 1011 4366 statim
1037 4311 1168 4366 hora
1211 4315 1496 4375 vocaverit,
1521 4314 1840 4386 signiﬁcavit
1865 4317 1976 4387 ipsa

401 4404 649 4473 parabola
671 4446 686 4471 ,
731 4420 848 4474 qua:
893 4406 1054 4472 dicit,
1087 4421 1242 4461 mane
1269 4408 1440 4476 ipsum
1469 4407 1534 4462 ad
1574 4407 1976 4463 conducendum

400 4497 644 4552 exivisse.

470 4589 526 4642 4.
570 4587 815 4658 Undique
845 4603 973 4660 ergo
1014 4589 1354 4644 n'ianifestnm
1400 4599 1482 4644 est
1527 4590 1702 4659 nobis,
1744 4593 1811 4646 ad
1832 4593 1974 4656 illos,

400 4679 485 4745 qui
517 4693 580 4732 cx
603 4679 772 4748 prima
801 4687 976 4745 :rtate,
1001 4688 1055 4733 et
1079 4679 1144 4734 ad
1172 4680 1314 4746 illos,
1360 4681 1450 4751 qui
1480 4682 1681 4737 tardius
1719 4691 1878 4754 atque
1923 4687 1974 4739 in

399 4782 669 4824 senectute
701 4772 945 4824 virtutem
973 4773 1387 4841 amplectuntur,
1410 4772 1604 4827 dictam
1630 4774 1798 4830 fuisse
1831 4791 1978 4845 para-

399 4861 575 4915 bolam
611 4879 623 4911 :
655 4863 719 4914 ad
746 4863 884 4922 illos,
934 4878 1000 4916 ne
1029 4863 1386 4932 superbireut,
1435 4879 1568 4919 neve
1593 4866 1980 4936 exprobrarent

400 4955 484 5018 iis,
531 4955 620 5021 qui
647 4953 788 5007 circa
819 4955 1153 5007 undecimam
1201 4953 1384 5008 horam
1428 4965 1719 5019 venerunt;
1771 4957 1834 5009 ad
1883 4959 1978 5010 bos

400 5053 602 5108 autem,
656 5052 712 5096 ut
756 5043 1049 5108 discerent,
1095 5044 1238 5099 brevi
1285 5053 1522 5114 tempore
1569 5055 1735 5099 totum
1775 5047 1981 5116 acquiri

397 5148 579 5206 posse.
631 5133 761 5188 Nam
811 5137 934 5205 quia
978 5135 1046 5189 de
1086 5135 1388 5190 vehementi
1433 5137 1608 5192 studio
1638 5138 1973 5206 loquebatur,

396 5230 464 5285 de
493 5224 802 5292 abjicieudis
821 5227 1079 5295 pecuniis,
1106 5227 1172 5281 de
1192 5238 1497 5298 contemptu
1519 5244 1696 5283 rerum
1714 5232 1971 5296 omnium,

399 5330 700 5386 magnoque
742 5318 807 5370 ad
853 5333 970 5371 eam
1014 5334 1126 5371 rem
1173 5320 1353 5373 animo
1397 5321 1724 5391 jttveuilique
1767 5321 1977 5380 fervore

397 5427 534 5476 opus
579 5421 727 5478 erat,
772 5413 1068 5466 accendens
1117 5413 1169 5466 in
1221 5412 1326 5466 illis
1381 5412 1648 5468 ﬂammam
1702 5417 1975 5481 caritatis,

404 5516 840 5574 constamemque
891 5506 941 5558 iu
991 5506 1119 5574 ipsis
1169 5521 1362 5572 parans
1417 5508 1693 5572 animum,
1746 5509 1980 5564 ostendit

404 5613 562 5669 posse
589 5613 682 5651 eos
711 5598 796 5666 qui
831 5597 1081 5665 postremi
1113 5605 1398 5662 venerunt,
1453 5599 1612 5652 totius
1641 5598 1744 5652 diei
1775 5615 1979 5653 merce-

469 5752 488 5784 ι
515 5749 657 5798 Morel
685 5785 696 5804 ,
718 5767 748 5794 μς.
766 5747 800 5796 d
824 5759 872 5801 ut
891 5750 1003 5799 doni
1028 5753 1153 5815 quod
1177 5745 1403 5812 accepisti
1425 5748 1800 5816 magnitudinem
1825 5753 1981 5804 decia-

409 5824 581 5863 renuis.

724 5906 994 5971 ΡΑτιιοι..
1049 5915 1166 5971 Gn.
1211 5876 1311 5973 .Ll'
1328 5914 1432 5975 lll.

1361 337 1426 394 IN
1464 333 1870 392 ΜΑΤΤΗᾸΞΟΜ
1910 331 2143 388 ιιοδιιι.
2182 336 2370 396 LXIV.
2409 343 2477 395 al.
2523 344 2680 401 LXV.

3567 363 3671 420 6M

2095 447 2216 503 dem
2258 454 2520 522 accipere.
2563 458 2669 513 Sed
2700 459 2799 516 hoc
2831 477 2934 518 non
2965 465 3113 530 dicit,
3144 483 3210 523 ne
3242 471 3360 526 illos
3389 473 3441 526 in
3480 489 3670 548 snper-

2091 542 2229 596 biam
2255 546 2545 614 conjiceret
2572 566 2586 602 :
2614 551 2845 607 ostendit
2874 564 3052 610 autem
3085 566 3252 613 totum
3291 577 3358 617 cx
3382 565 3499 633 ejus
3525 542 3674 623 beni-

2088 635 2293 703 gnitate
2321 653 2460 703 esse,
2503 639 2727 711 ejusque
2755 659 2856 714 ope
2893 646 3039 716 ipsos
3085 665 3192 704 non
3238 653 3483 723 lapsuros
3527 674 3666 726 esse,

2090 726 2184 780 sed
2214 727 2496 784 ineﬁ'abilia
2529 733 2664 788 bona
2691 749 3134 805 consequuturos.
3191 743 3262 799 Et
3304 744 3404 801 hoc
3441 751 3670 808 maxime

2089 820 2339 887 estquod
2369 837 2464 891 per
2491 822 2628 879 hanc
2673 829 2979 896 parabolam
3011 833 3121 886 vult
3146 835 3378 893 efﬁcere.
3425 840 3578 908 Quod
3623 843 3671 898 si

2090 911 2396 984 subjungat,
2446 916 2515 970 Et
2562 931 2710 973 erunt
2751 923 3011 978 novissimi
3039 928 3210 995 primi,
3261 940 3306 982 et
3330 932 3478 998 primi
3505 937 3669 989 novis-

2089 1005 2224 1070 simi,
2263 1015 2351 1072 et,
2393 1007 2549 1063 Multi
2578 1012 2712 1065 enim
2749 1024 2866 1066 sunt
2917 1019 3113 1082 uocati,
3157 1023 3307 1089 pauci
3343 1038 3459 1076 vero
3505 1026 3662 1085 electi.

2088 1111 2156 1151 ne
2186 1098 2416 1155 mireris.
2439 1100 2552 1154 Non
2574 1103 2714 1157 enim
2746 1105 2845 1160 hoc
2869 1109 3018 1177 quasi
3044 1126 3106 1164 ex
3139 1113 3385 1180 parabola
3412 1116 3669 1188 colligens

2086 1187 2236 1254 dicit,
2270 1191 2363 1246 sed
2399 1193 2502 1247 hoc
2543 1194 2806 1264 signiﬁcat
2854 1215 2868 1252 :
2911 1198 3060 1254 Sicut
3096 1204 3198 1257 hoc
3235 1207 3477 1276 contigit,
3507 1187 3584 1264 sic
3615 1220 3667 1266 et

2088 1279 2216 1334 illud
2248 1284 2539 1353 continget.
2568 1285 2664 1340 llic
2690 1289 2831 1341 enim
2864 1305 2970 1344 non
3003 1291 3123 1346 facti
3153 1305 3277 1349 sunt
3306 1298 3462 1366 primi
3492 1301 3668 1355 novis-

2087 1371 2228 1434 simi,
2260 1374 2354 1428 sed
2381 1375 2566 1430 eadem
2593 1381 2865 1448 assequuti
2893 1393 3017 1436 sunt
3055 1399 3245 1442 omnes
3286 1400 3478 1458 prmter
3517 1408 3666 1462 spem

2085 1473 2140 1517 et
2163 1468 2644 1535 exspectationem.
2691 1472 2841 1528 Sicut
2865 1485 3043 1532 autem
3066 1479 3196 1536 illud
3220 1494 3414 1553 praeter
3437 1501 3584 1556 spem
3615 1500 3670 1544 et

2086 1560 2540 1624 exspectationem
2571 1566 2770 1631 evenit,
2799 1575 2853 1620 et
2881 1568 2970 1637 qui
3001 1579 3183 1640 postea
3213 1589 3490 1644 venerunt,
3523 1581 3666 1647 prio-

2087 1648 2234 1704 ribus
2260 1667 2417 1721 pares
2445 1653 2658 1710 fuerunt
2691 1677 2704 1712 :
2734 1659 2804 1712 ita
2826 1670 2881 1714 et
2907 1660 3008 1717 hoc
3033 1665 3176 1733 quod
3205 1668 3374 1736 majus
3402 1679 3486 1724 est
3510 1673 3669 1726 mira-

2086 1739 2242 1796 bilius
2269 1745 2561 1816 coutinget,
2594 1749 2732 1818 quod
2773 1752 2980 1808 scilicet
3006 1757 3284 1814 novissimi
3312 1771 3436 1817 ante
3465 1764 3669 1832 priores

2085 1831 2191 1885 sint
2212 1873 2228 1898 ,
2271 1841 2326 1888 et
2355 1836 2559 1904 priores
2601 1848 2722 1908 pbst
2761 1843 3105 1902 novissimos.
3133 1849 3290 1904 Aliud
3318 1831 3479 1922 igitur
3509 1855 3662 1920 illud,

2085 1925 2227 1980 aliud
2252 1925 2352 1982 hoc
2377 1937 2479 1984 est.
2499 1929 2720 1988 Videtur
2743 1943 2922 1991 autem
2945 1936 3047 1995 hoc
3071 1941 3202 1995 mihi
3227 1941 3426 2010 dicere,
3453 1946 3668 2003 Judmos

2086 2017 2447 2086 subiudicans,
2496 2032 2553 2077 et
2595 2023 2779 2082 ﬁdeles
2809 2028 2926 2084 illos
2950 2032 3041 2100 qui
3067 2047 3099 2088 e
3127 2034 3388 2106 principio
3414 2037 3664 2104 ﬂoruere.

2085 2107 2386 2181 deindeque
2415 2114 2654 2184 neglecta
2679 2118 2877 2175 virtute
2903 2132 3049 2178 retro
3081 2138 3397 2194 cesserunt;
3439 2130 3666 2204 illosque

2082 2213 2291 2269 rursus,
2315 2203 2406 2273 qui
2433 2219 2462 2259 a
2497 2209 2728 2278 nequitia
2754 2225 3108 2282 emergentes,
3140 2219 3334 2276 multus
3357 2203 3663 2282 anteCessc-

2084 2302 2228 2347 runt.
2287 2295 2423 2352 Nam
2470 2303 2793 2360 mutationes
2847 2306 2966 2363 illas
3009 2319 3059 2364 et
3111 2311 3163 2365 iu
3215 2312 3320 2369 ﬁde
3359 2326 3415 2371 et
3463 2317 3517 2374 in
3560 2321 3664 2375 vita

2081 2383 2340 2442 videmus.

2165 2476 2279 2532 Vita
2305 2479 2436 2534 bona
2460 2492 2508 2536 et
2530 2494 2664 2539 recta
2695 2487 2820 2555 fides
2844 2490 2913 2542 ad
2935 2493 3152 2548 salutem
3178 2501 3487 2556 necessaria.
3528 2502 3663 2558 Pars

2082 2569 2278 2625 virtutis
2326 2585 2611 2647 contempta
2656 2579 3031 2638 damnationem
3085 2586 3255 2653 a/Iert.
3317 2589 3665 2666 Eleemosgme

2083 2663 2261 2716 modus
2289 2665 2420 2732 quis.
2449 2697 2521 2707 —
2545 2669 2899 2735 Quamobrem
2919 2715 2934 2740 ,
2987 2677 3242 2748 obsecro,
3298 2686 3422 2740 totis
3460 2663 3662 2746 viribus

2084 2755 2416 2823 Studeamus,
2468 2769 2526 2814 ut
2564 2761 2616 2816 in
2648 2772 2792 2818 recta
2827 2766 2929 2821 ﬁde
2967 2778 3191 2836 stemus,
3236 2785 3288 2830 et
3325 2779 3484 2833 vitam
3527 2786 3666 2852 opti-

2084 2861 2224 2901 mam
2246 2849 2735 2909 cxhibeamus.Nisi
2761 2858 2901 2912 enim
2932 2861 3092 2916 vitam
3121 2863 3223 2920 ﬁde
3249 2879 3429 2925 nostra
3449 2849 3661 2942 dignam

2083 2937 2359 3006 ducamus,
2401 2953 2674 3001 extremas
2700 2947 2943 3005 dabimus
2973 2968 3175 3021 poenas.
3225 2959 3290 3012 Et
3319 2959 3422 3016 hoc
3448 2937 3531 3018 cx.
3548 2967 3656 3034 pri-

2081 3031 2190 3088 scis
2214 3032 2320 3089 illis
2346 3038 2670 3107 temporibus
2705 3039 2998 3100 declaravit
3044 3047 3229 3105 beatus
3276 3051 3493 3122 Paulus,
3537 3031 3657 3112 cum

2079 3123 2216 3180 dixit
2257 3143 2274 3186 ;
2324 3126 2510 3184 Omnes
2552 3133 2778 3187 eamdem
2811 3152 2978 3191 escam
3015 3141 3332 3210 spiritualem
3375 3149 3659 3203 manduca-

2083 3228 2279 3286 verunt,
2327 3231 2372 3276 et
2415 3238 2584 3278 omnes
2623 3228 2851 3282 eumdem
2878 3241 3051 3300 potum
3079 3236 3390 3304 spiritualem
3432 3242 3657 3297 biberunt

2087 3313 2162 3381 (1.
2190 3312 2309 3368 Cor.
2333 3315 2421 3371 10.
2452 3318 2546 3373 5-5
2569 3320 2606 3388 ),
2634 3321 2884 3394 additque
2911 3341 3016 3380 non
3044 3329 3268 3386 salutem
3298 3346 3484 3391 nactos
3514 3352 3654 3400 csw,

2081 3411 2137 3458 et
2169 3403 2225 3458 in
2250 3405 2468 3461 deserto
2496 3419 2796 3478 prostratos
2825 3413 3013 3470 fuisse.
3047 3414 3286 3487 ldipsum
3312 3430 3365 3475 et
3395 3424 3462 3479 de
3493 3441 3660 3482 evan-

2082 3495 2287 3564 gelistis
2313 3497 2530 3568 (Matth.
2563 3501 2618 3555 7.
2640 3503 2730 3556 22.
2761 3504 2853 3576 25)
2877 3507 3134 3562 Christus
3164 3510 3477 3578 declaravit,
3505 3517 3664 3575 indu—

2079 3603 2209 3643 cens
2231 3593 2496 3660 quosdam
2520 3595 2611 3663 qui
2635 3596 2912 3654 daemonas
2933 3599 3205 3670 ejecerant
3223 3612 3276 3658 et
3297 3609 3654 3676 prophetave—

2078 3689 2222 3746 rant,
2244 3691 2298 3737 et
2312 3684 2376 3738 ad
2399 3686 2726 3755 supplicium
2744 3689 2961 3745 abducti
2988 3691 3222 3748 fuerant.
3241 3696 3321 3749 Ad
3341 3697 3454 3754 haec
3468 3715 3657 3760 omnes

2083 3773 2199 3843 ejus
2222 3774 2527 3844 parabolae;
2559 3778 2744 3847 quales
2771 3779 2873 3835 illae
2899 3781 3181 3852 virginum,
3213 3800 3445 3858 sageuaa,
3479 3789 3659 3860 spina-

2082 3879 2222 3932 rum,
2261 3865 2469 3920 arboris
2514 3867 2740 3923 fructum
2785 3887 2891 3926 non
2936 3873 3196 3942 facientis,
3243 3878 3495 3935 virtutem
3531 3896 3653 3936 cum

2081 3956 2332 4024 operibus
2379 3958 2617 4029 exigunt.
2669 3961 2745 4018 De
2769 3963 3108 4034 dogmatibus
3134 3984 3258 4024 raro
3283 3969 3520 4040 disserit,
3565 3974 3654 4028 illa

2082 4049 2280 4118 quippe
2327 4049 2508 4107 labore
2547 4068 2654 4109 non
2684 4065 2872 4125 egent;
2906 4058 2974 4113 de
2999 4059 3104 4114 vita
3132 4073 3308 4118 autem
3337 4079 3503 4134 saepe,
3551 4067 3658 4120 imo

2083 4139 2307 4210 ubique;
2333 4151 2647 4211 perpetuum
2675 4148 2819 4201 enim
2838 4148 3032 4204 bellum
3055 4166 3117 4207 ea
3145 4153 3196 4206 in
3223 4169 3282 4209 re
3305 4156 3499 4224 agitur,
3523 4157 3662 4212 ideo-

2081 4244 2187 4299 que
2229 4231 2378 4285 labor
2406 4233 2475 4288 ibi
2520 4235 2788 4291 assiduus.
2832 4239 3034 4309 Ecquid
3079 4242 3268 4314 loquor
3301 4245 3371 4300 de
3410 4248 3659 4304 universo

2084 4323 2206 4376 vita:
2250 4324 2533 4380 instituto?
2578 4327 2708 4384 Pars
2755 4331 2898 4385 enim
2945 4334 3087 4390 illius
3131 4346 3434 4408 contempta
3468 4356 3657 4411 magna

2084 4415 2242 4470 infert
2277 4417 2451 4484 mala;
2501 4423 2732 4493 exempli
2774 4439 2932 4481 causa
2962 4445 2973 4479 :
3008 4429 3352 4503 eleemosyna
3380 4435 3619 4504 neglecta
3646 4479 3661 4496 .

2083 4509 2338 4564 socordes
2376 4511 2428 4565 in
2467 4514 2768 4583 gehennam
2809 4519 3061 4588 conjicit;
3095 4522 3222 4578 licet
3259 4541 3364 4579 non
3410 4527 3655 4582 universa

2085 4598 2252 4654 virtus
2298 4601 2390 4668 sit,
2437 4603 2532 4658 sed
2583 4621 2705 4674 pars
2743 4617 2946 4667 tantum
2977 4614 3118 4680 ejus.
3150 4615 3399 4672 Attamen
3431 4618 3664 4689 virgines

2086 4693 2226 4761 quod
2270 4694 2369 4748 hac
2411 4697 2610 4754 virtute
2651 4711 2854 4755 ornatae
2900 4719 3004 4758 non
3051 4717 3251 4772 essent,
3285 4723 3472 4777 poenas
3497 4712 3660 4766 dede-

2084 4793 2211 4837 runt
2253 4803 2266 4838 :
2314 4785 2462 4841 dives
2496 4805 2710 4859 quoque
2754 4791 2854 4848 hac
2889 4794 2960 4849 de
2995 4811 3152 4851 causa
3196 4801 3559 4870 torquebatur,
3610 4815 3666 4857 et

2084 4875 2177 4944 qui
2203 4875 2500 4933 famelicum
2532 4897 2638 4935 non
2667 4883 2932 4952 cibarunt,
2972 4902 3034 4940 ea
3071 4887 3141 4942 de
3188 4903 3342 4943 causa
3389 4906 3510 4946 cum
3550 4893 3666 4947 dia-

2085 4967 2211 5021 bolo
2237 4971 2676 5028 coudenmantur.
2703 4974 2912 5032 Rursus
2937 4993 3043 5032 non
3083 4980 3405 5037 maledicere
3431 4997 3555 5052 pars
3582 4995 3661 5039 est

2087 5066 2204 5134 ejus
2232 5066 2446 5120 minima
2479 5085 2492 5119 :
2525 5076 2580 5120 et
2619 5079 2794 5123 tamen
2834 5071 2936 5126 hoc
2973 5073 3132 5126 etiam
3172 5073 3407 5128 excludit
3441 5091 3535 5131 eos
3573 5078 3661 5146 (ιιςί

2087 5173 2193 5211 non
2221 5157 2489 5212 abstinent
2523 5177 2535 5211 :
2563 5161 2638 5212 ait
2666 5162 2828 5226 enim,
2885 5163 2983 5227 Qui
3021 5163 3206 5218 dixerit
3244 5167 3395 5236 fratri
3426 5184 3540 5235 suo,
3566 5168 3665 5222 Fa-

2087 5257 2189 5311 tue,
2237 5236 2353 5302 reus
2401 5251 2491 5302 erit
2536 5250 2776 5320 gehenme
2817 5254 2948 5323 ignis
2994 5255 3202 5325 (Matth.
3229 5257 3282 5311 5.
3307 5256 3425 5328 22).
3459 5258 3662 5315 Rrsus

2085 5341 2410 5395 continentia
2456 5357 2666 5411 quoque
2714 5359 2833 5412 pars
2875 5345 3084 5400 virtutis
3123 5359 3224 5402 est.
3273 5349 3519 5406 Attamen
3547 5354 3666 5406 sine

2088 5431 2175 5483 illa
2205 5447 2361 5486 nemo
2390 5433 2592 5488 videbit
2621 5435 2902 5490 Dominum
2933 5455 2946 5490 :
2983 5436 3170 5492 Pacem
3206 5442 3370 5508 enim,
3421 5443 3514 5507 ait,
3547 5461 3662 5512 per-

2086 5524 2370 5591 sequimini,
2417 5534 2463 5577 et
2490 5527 2896 5590 sanctimoniam,
2922 5532 3029 5583 sine
3055 5547 3154 5598 qua
3182 5548 3325 5586 nemo
3351 5534 3530 5588 videbit
3558 5535 3663 5588 Do-

2087 5618 2276 5668 minum
2301 5613 2484 5686 (Hebr.
2519 5617 2605 5670 12.
2640 5619 2752 5689 14).
2783 5619 3062 5677 Humilitas
3083 5624 3330 5680 similiter
3357 5628 3529 5695 portio
3554 5630 3660 5683 vir-

2088 5708 2217 5764 tutis
2264 5717 2346 5763 est
2400 5725 2414 5761 :
2460 5717 2694 5766 attamen
2742 5713 2787 5767 si
2830 5715 2950 5786 quis
2995 5727 3188 5772 ctetera
3233 5718 3370 5773 bona
3410 5730 3560 5791 agat,
3611 5735 3666 5777 et

2092 5809 2228 5864 hanc
2249 5821 2352 5861 non
2385 5814 2640 5870 sectetur,
2675 5805 2911 5877 impurus
2935 5819 3020 5865 est
3043 5811 3180 5880 apud
3205 5811 3371 5866 Deum
3399 5832 3412 5875 ;
3441 5814 3491 5870 id
3521 5817 3661 5886 quod

3286 5930 3358 5991 10
