4140 6376
487 301 591 356 MS

485 420 655 488 palam
684 428 765 474 est
792 435 856 474 ex
886 418 1179 485 Pharisreo,
1221 419 1308 487 qui
1340 419 1603 474 sexcentis
1632 428 1853 474 ornatus
1879 420 2054 482 bonis,

485 523 608 567 tunc
642 512 818 565 omnia
857 510 1104 581 perdidit.
1138 510 1252 579 Ego
1279 526 1405 565 vero
1434 510 1560 580 quid
1607 512 1835 580 amplius
1873 512 2058 565 dicen-

485 607 611 660 dum
664 606 855 660 habeo.
901 604 1086 675 Neque
1128 604 1271 659 enim
1317 620 1418 659 una
1468 605 1639 659 solum
1692 620 1779 659 res
1823 607 2059 675 neglecta

480 697 676 752 claudit
725 697 878 750 nobis
904 696 1116 761 cadum,
1163 694 1258 750 sed
1288 697 1331 749 si
1363 696 1452 749 fiat
1478 696 1712 765 quidem,
1740 695 1834 749 sed
1863 710 1965 749 non
1996 710 2057 749 ea

477 804 634 856 quam
660 787 816 843 decet
842 788 1111 855 diligentia
1139 803 1200 843 ac
1232 789 1460 853 fervore,
1504 788 1737 859 idipsum
1767 789 1893 845 facit
1930 809 1943 842 :
1985 792 2060 845 ait

480 882 618 934 enim
651 898 663 931 :
700 878 819 933 Nisi
845 879 1169 933 abundaverit
1184 880 1387 950 justitia
1425 892 1586 934 vestra
1613 882 1726 953 plus
1749 898 1902 948 quam
1929 883 2054 936 scri-

482 973 654 1026 barum
681 982 726 1025 et
752 971 1152 1038 Pltarisworum,
1186 989 1285 1025 non
1304 973 1554 1027 intrabitis
1582 973 1635 1026 in
1663 990 1874 1044 regnum
1901 974 2055 1029 carto-

476 1084 589 1120 rum
624 1066 837 1139 (Matth.
878 1067 930 1121 5.
961 1065 1075 1137 20).
1126 1066 1304 1136 Itaque
1329 1067 1373 1120 si
1396 1067 1791 1137 eleemosynam
1821 1067 2051 1131 dederis,

479 1174 576 1213 nec
624 1159 776 1228 copia
829 1158 1046 1228 majore,
1099 1174 1257 1228 quam
1308 1157 1404 1221 illi,
1435 1172 1501 1212 eo
1543 1171 1648 1212 non
1694 1158 1939 1212 intrabis.
1988 1157 2057 1212 Et

476 1261 730 1319 quantum
759 1250 832 1318 illi
863 1249 1174 1319 prrebebant
1209 1248 1611 1320 elecmosynm?
1657 1248 1769 1303 Hoc
1805 1264 1904 1318 ego
1932 1248 2057 1302 volo

477 1359 618 1400 nunc
640 1343 839 1409 dicere,
863 1351 921 1398 ut
944 1343 1031 1413 qui
1059 1359 1163 1397 non
1190 1343 1338 1405 dant,
1370 1342 1435 1396 ad
1469 1342 1701 1396 dandum
1733 1342 2049 1406 excitentur,

474 1437 564 1506 qui
590 1451 716 1492 vero
744 1435 890 1499 dant,
937 1449 1007 1489 ne
1046 1434 1211 1488 altum
1242 1434 1471 1502 sapiant,
1512 1433 1606 1488 sed
1640 1433 1791 1503 plura
1820 1433 2054 1504 largian-

483 1542 586 1585 tur.
614 1528 749 1596 Quid
783 1528 941 1597 igitur
979 1526 1054 1581 illi
1079 1525 1314 1581 dabant?
1342 1525 1608 1581 Decimam
1636 1541 1813 1580 rerum
1837 1541 2052 1579 suarum

482 1624 739 1686 omnium,
790 1635 855 1676 ac
884 1634 1071 1675 rursus
1098 1618 1254 1673 aliam
1283 1617 1545 1674 decimam
1577 1618 1617 1681 ¹,
1643 1628 1720 1673 ct
1749 1627 1933 1686 postea
1960 1618 2054 1672 de-

481 1715 672 1768 cimam
702 1713 857 1767 aliam
884 1728 900 1777 ;
948 1712 1018 1765 ita
1044 1717 1104 1765 ut
1130 1708 1239 1765 fere
1266 1710 1478 1765 tertiam
1509 1718 1713 1780 partem
1744 1710 2053 1765 substantiae

474 1822 584 1861 sua:
630 1805 820 1860 darent
859 1822 873 1858 :
918 1818 1043 1857 nam
1088 1812 1197 1858 tres
1246 1802 1475 1858 decima?
1514 1802 1658 1855 illam
1689 1817 1825 1871 pene
1849 1801 2051 1857 consti-

473 1906 644 1952 tuunt.
697 1896 822 1950 Post
863 1894 978 1950 haec
1023 1905 1200 1949 autem
1244 1894 1525 1963 primitias,
1573 1893 1946 1964 primogenita,
1996 1900 2052 1947 et

477 1989 581 2044 alia
610 1988 858 2059 plurima,
906 1996 965 2041 ut
1010 2001 1107 2057 pro
1156 1986 1405 2056 peccatis,
1437 2000 1533 2055 pro
1572 1984 2048 2055 purificationibus,

470 2096 589 2151 quae
626 2080 678 2134 in
710 2078 880 2145 festis,
912 2093 1031 2148 qua:
1056 2078 1108 2132 in
1132 2077 1369 2148 jubilaeo,
1398 2092 1518 2147 quae
1545 2078 1596 2131 in
1626 2077 1924 2133 debitorum
1957 2078 2049 2133 ab-

472 2172 749 2239 scissione,
802 2179 858 2226 et
901 2185 1178 2226 servorum
1223 2170 1639 2236 dimissionibus,
1685 2182 1739 2226 et
1769 2171 1820 2225 in
1852 2172 2049 2226 mutuis

467 2266 668 2336 absque
705 2264 939 2320 faenore.
989 2263 1045 2319 Si
1087 2273 1265 2319 autem
1309 2262 1518 2318 tertiam
1566 2280 1792 2335 erogans
1816 2274 2043 2335 partem,

468 2359 575 2413 imo
610 2368 664 2414 et
690 2357 966 2412 dimidium
999 2357 1145 2427 (nam
1172 2356 1396 2412 collecta
1423 2355 1539 2411 haec
1562 2358 1740 2412 omnia
1765 2358 2045 2413 dimidium

465 2449 749 2517 etliciunt),
792 2448 837 2502 si
876 2448 967 2518 qui
1007 2447 1284 2502 dimidium
1333 2446 1443 2512 dat,
1495 2446 1626 2501 nihil
1665 2449 1841 2517 magni
1881 2447 2043 2503 facit:

466 2540 555 2607 qui
587 2555 654 2594 ne
682 2539 943 2594 decimam
971 2538 1187 2607 quidem
1225 2546 1431 2607 partem
1458 2546 1663 2609 erogat,
1704 2539 1830 2610 quid
1866 2555 2045 2597 mere-

466 2631 637 2684 bitur?
672 2630 800 2684 .lurc
831 2645 956 2699 ergo
982 2629 1141 2693 dixit,
1177 2627 1343 2681 Pauci
1366 2629 1493 2681 salvi
1520 2629 1667 2691 fiunt.

534 2722 587 2778 5.
633 2721 705 2775 Ne
730 2723 905 2791 itaque
933 2720 1290 2791 despiciamus
1318 2729 1614 2773 accuratam
1647 2720 1854 2774 vivendi
1884 2722 2041 2777 ratio-

466 2833 608 2872 nem.
662 2816 718 2870 Si
768 2816 911 2870 enim
959 2829 1083 2883 pars
1122 2812 1334 2867 virtutis
1377 2814 1614 2882 neglecta
1654 2822 1850 2867 tantam
1887 2813 2043 2869 all‘ert

465 2906 777 2977 perniciem,
824 2920 944 2959 cum
995 2903 1227 2972 undique
1262 2902 1461 2972 judicio
1507 2911 1560 2957 et
1608 2902 2038 2959 condemnationi

464 2998 679 3053 obnoxii
736 2996 972 3061 erimus,
1021 2994 1288 3065 quomodo
1331 2995 1647 3064 supplicium
1687 2994 2039 3065 effugiemus?

462 3106 596 3160 quas
620 3104 749 3145 vero
781 3103 965 3159 poenas
995 3104 1100 3141 non
1127 3086 1372 3141 dabimus
1393 3086 1500 3150 ?et,
1519 3101 1783 3156 quaenam,
1807 3087 2035 3157 inquies,

464 3182 615 3236 nobis
641 3181 744 3235 erit
771 3195 895 3250 spes
919 3179 1126 3244 salutis,
1164 3178 1208 3233 si
1239 3178 1440 3248 singula
1465 3195 1583 3248 quae
1609 3179 2038 3234 enumeravimus

461 3272 757 3344 gehennam
790 3272 944 3327 nobis
967 3271 1396 3326 comminantur?
1426 3272 1550 3326 Hrec
1581 3273 1733 3328 vobis
1757 3272 1878 3328 dico
1909 3292 1921 3327 :
1949 3290 2039 3329 ve-

463 3378 759 3422 rumtamen
797 3367 839 3421 si
880 3365 1243 3429 attendamus,
1288 3364 1514 3419 salutem
1553 3368 1809 3437 consequi
1850 3383 2037 3436 possu-

463 3472 600 3521 mus,
630 3459 675 3512 si
703 3458 1057 3529 eleemosynae
1087 3455 1382 3511 remedium
1410 3456 1778 3520 adhibeamus,
1830 3466 1883 3511 et
1914 3459 2033 3512 vul-

464 3566 589 3607 nera
629 3564 898 3605 curemus.
943 3548 1058 3604 Non
1086 3549 1227 3604 enim
1254 3548 1432 3603 oleum
1460 3550 1530 3603 ita
1560 3564 1753 3619 corpus
1779 3551 1995 3606 roborat
2020 3593 2034 3617 ,

461 3656 519 3699 ut
546 3644 913 3699 misericordia
946 3643 1179 3702 animam
1225 3651 1281 3696 et
1322 3641 1529 3697 ﬁrmam
1559 3652 1613 3698 et
1639 3643 1890 3698 invictam
1921 3659 2036 3698 0m-

462 3735 618 3791 nihus
654 3734 855 3799 reddit,
885 3732 1454 3804 inexpugnabilemque
1497 3732 1710 3789 diabolo
1741 3753 1759 3794 ,ε
1790 3735 2034 3789 ubicum-

460 3846 564 3900 que
604 3833 744 3888 enim
791 3832 1012 3901 ceperit,
1053 3829 1231 3885 statim
1270 3830 1540 3895 dilabitur,
1574 3845 1693 3884 cum
1722 3830 1897 3884 oleum
1928 3845 2035 3885 non

458 3928 597 3981 sinat
621 3942 741 3980 eum
775 3925 1027 3980 humeros
1057 3923 1460 3994 apprehendere
1489 3924 1733 3979 manibus
1754 3933 1806 3978 et
1828 3932 2031 3979 tenere.

465 4020 575 4073 Hoc
599 4018 777 4087 itaque
799 4017 919 4072 oleo
942 4031 1041 4070 nos
1070 4016 1379 4085 frequenter
1411 4032 1692 4086 ungamus.
1739 4016 1871 4070 Nam
1907 4016 2035 4072 illud

457 4119 543 4166 cst
576 4110 819 4165 sanitatis
847 4117 1243 4179 argumentum,
1274 4107 1556 4177 lucemque
1589 4108 1958 4163 subministrat
1982 4118 2036 4163 et

457 4199 815 4270 splendorem.
844 4202 911 4253 At
937 4200 1046 4265 ille,
1082 4199 1311 4269 inquies,
1349 4208 1426 4254 tot
1451 4208 1507 4254 et
1537 4208 1614 4253 tot
1645 4199 1804 4255 habet
1836 4201 2034 4255 talenta

456 4293 593 4359 auri,
620 4300 675 4346 et
697 4290 823 4345 nihil
849 4299 1053 4361 erogat.
1084 4291 1149 4344 Et
1176 4290 1303 4360 quid
1328 4290 1428 4344 hoc
1455 4289 1520 4343 ad
1551 4291 1643 4344 te?
1679 4291 1769 4345 Sic
1796 4302 1845 4345 tu
1875 4293 2033 4347 mira-

460 4387 615 4441 bilior
653 4385 780 4450 eris,
829 4384 872 4438 si
902 4399 968 4438 ex
1007 4391 1317 4454 paupertate
1356 4382 1629 4438 liberalior
1677 4383 1769 4437 illo
1808 4384 1902 4439 sis.
1945 4384 2035 4439 Sic

455 4476 770 4533 Macedonas
817 4474 1012 4529 Paulus
1055 4473 1277 4529 miratus
1318 4483 1401 4528 est
1449 4472 1524 4545 (‘2.
1552 4472 1670 4527 Cor.
1698 4473 1749 4529 9.
1776 4474 1876 4542 2);
1927 4490 2033 4529 non

456 4571 598 4643 quod
623 4569 939 4641 largirentur
960 4609 977 4636 ,
1019 4567 1113 4623 sed
1148 4567 1288 4637 quod
1324 4581 1391 4621 ex
1431 4575 1745 4637 paupertate
1779 4583 1872 4623 sua
1922 4568 2033 4623 lar-

454 4665 711 4736 girentur.

530 4755 608 4809 De
639 4754 755 4809 aliis
785 4770 887 4807 non
912 4750 1270 4823 judicandum.
1300 4779 1370 4790 —
1394 4749 1471 4806 Ne
1514 4750 1673 4820 igitur
1697 4752 1763 4808 ad
1793 4751 1917 4808 illos
1941 4768 2034 4809 re.

457 4846 671 4916 spicias,
699 4844 793 4900 sed
823 4844 889 4899 ad
917 4858 1254 4898 communem
1272 4842 1518 4897 omnium
1543 4845 1824 4901 doctorem
1850 4846 1871 4877 ²
1890 4886 1904 4910 ,
1939 4846 2030 4916 qui

460 4954 568 4994 non
622 4938 852 4993 habebat
895 4936 985 4990 ubi
1026 4944 1190 5005 caput
1231 4951 1386 4991 suum
1427 4935 1729 4991 reclinaret.
1784 4937 1851 4991 Et
1897 4953 2030 5006 cur,

460 5030 689 5101 inquies,
732 5029 817 5084 hic
844 5037 897 5084 et
926 5029 1016 5084 ille
1039 5028 1142 5083 hoc
1170 5043 1275 5083 non
1310 5027 1554 5083 faciunt?
1593 5028 1673 5084 Ne
1711 5030 2035 5086 condemnes

462 5122 644 5181 alium,
672 5120 765 5175 sed
795 5120 1020 5189 teipsum
1047 5120 1369 5174 accusationi
1395 5118 1648 5173 subtrahe
1672 5136 1685 5172 :
1714 5134 1837 5173 nam
1864 5120 2035 5189 majus

461 5212 777 5283 supplicium
831 5212 953 5277 erit,
997 5211 1041 5266 si
1087 5219 1309 5265 caeteros
1357 5212 1720 5273 accusaveris,
1758 5225 1878 5264 cum
1922 5210 2035 5280 ipse

461 5322 566 5363 non
618 5305 818 5370 facias;
863 5320 983 5360 cum
1036 5304 1105 5360 de
1144 5304 1265 5359 aliis
1308 5303 1556 5374 judicans
1601 5302 1774 5359 eidem
1821 5302 2034 5358 crimini

524 5483 542 5514 ι
567 5487 693 5539 Haec,
721 5491 778 5528 ac
812 5491 983 5530 rursus
1003 5476 1151 5528 aliam
1185 5475 1422 5527 decimam
1440 5514 1453 5538 ,
1479 5476 1528 5539 in
1552 5476 1715 5526 Morel.
1750 5476 2035 5527 omittuntur

460 5556 548 5606 per
570 5538 999 5606 homoeoteleuton.
1022 5539 1161 5606 Quod
1179 5544 1344 5606 autem
1368 5539 1446 5588 hic
1466 5538 1818 5606 _dicit,_nempe
1854 5540 2035 5588 scribas

461 5599 515 5654 et
537 5604 798 5653 t‘harisams
836 5601 1080 5652 dimidiam
1121 5599 1327 5713 sigillis
1367 5601 1507 5650 annis
1549 5599 1793 5650 redituuin
1836 5613 2034 5650 suorum

463 5674 649 5713 nartem
670 5668 718 5713 in
735 5664 1092 5713 eleemosvnam
1114 5662 1145 5711 d
1213 5675 1336 5713 isse.
1362 5663 1532 5711 nescio
1565 5675 1625 5710 an
1647 5663 1839 5713 probari
1862 5663 2031 5713 possit.

463 5674 649 5773 partem
667 5668 718 5737 in
735 5664 1092 5737 eleemosynam
1114 5662 1336 5719 dedisse,
1362 5663 1547 5735 nescio.
1565 5675 1625 5710 an
1647 5663 1839 5725 probari
1862 5663 2031 5724 possit.

507 5740 643 5773 erum
664 5741 713 5773 in
737 5735 1052 5773 concionante
1069 5738 1163 5773 non
1188 5731 1320 5773 tanta
1338 5731 1581 5773 accuratio
1603 5724 1885 5773 postulatur.

489 5727 643 5776 Verum
664 5729 713 5775 in
737 5724 1052 5776 oonciona'nte
1069 5738 1163 5773 non
1188 5725 1581 5787 tantaaccuratio
1603 5724 1885 5787 postulatur.

525 5790 547 5822 ⁸
579 5788 689 5844 Abi.
710 5788 796 5840 sed
814 5788 879 5839 ad
896 5799 1189 5839 communem
1206 5785 1418 5838 euntium
1434 5785 1689 5837 Dominum
1709 5794 1753 5837 et
1772 5785 2025 5838 doctorem.
2113 5834 2127 5845 ,

1308 300 1361 357 S.
1404 300 1681 358 JOANNIS
1705 297 2182 357 CIIRYSOSTOMI
2221 299 2535 361 ARCIIIEP.
2579 302 3111 362 CONSTANTINOP.

3647 310 3751 368 6l6

2171 419 2288 486 ipse
2334 419 2598 475 obnoxius
2621 423 2747 477 eris.
2802 423 2856 479 Si
2884 426 3025 480 enim
3058 443 3125 480 ne
3163 428 3357 496 probos
3384 430 3600 499 quidem
3630 449 3747 502 per-

2166 512 2327 565 mittit
2379 513 2445 567 de
2503 514 2621 567 aliis
2675 516 2947 585 judicare,
3002 520 3170 574 multo
3215 523 3389 577 minus
3442 536 3742 593 peccantes.

2165 602 2241 657 Ne
2272 603 2448 673 itaque
2474 605 2541 659 de
2569 606 2688 659 aliis
2710 607 3031 677 judiccmus,
3084 627 3150 666 ue
3178 611 3243 665 ad
3276 628 3467 681 segnes
3498 616 3748 683 respicia-

2166 713 2319 763 mus,
2362 698 2457 752 sed
2506 700 2572 753 ad
2625 700 2908 756 Dominum
2959 703 3141 758 Jesum
3181 706 3476 771 Christum,
3531 717 3585 762 et
3628 709 3748 765 inde

2164 788 2464 857 exemplum
2490 804 2783 846 sumamus.
2814 793 2949 847 Num
2992 810 3090 864 ego
3137 804 3188 850 te
3219 796 3494 851 beneficiis
3518 802 3748 855 ornavi?

2164 897 2287 936 num
2312 898 2412 952 ego
2438 892 2491 939 te
2521 884 2742 950 redemi,
2772 896 2828 939 ιιι
2858 888 2922 940 ad
2950 904 3032 942 me
3058 889 3350 957 reSpicias?
3381 891 3528 945 Alius
3555 901 3637 946 est
3657 896 3747 962 qui

2165 971 2279 1026 haac
2307 972 2398 1025 tibi
2430 975 2605 1027 omnia
2637 975 2856 1045 largitus
2883 988 2984 1031 est.
3034 979 3139 1032 Cur
3169 979 3354 1033 relicto
3394 980 3638 1046 Domino,
3679 983 3744 1037 ad

2161 1078 2479 1118 conservum
2532 1067 2693 1121 vertis
2743 1068 2965 1122 oculos?
3014 1067 3128 1123 Non
3175 1071 3365 1125 audisti
3411 1088 3531 1126 eum
3560 1073 3745 1128 dicen-

2163 1163 2269 1209 tem
2324 1175 2336 1208 :
2386 1155 2574 1210 Discite
2614 1174 2647 1210 a
2693 1175 2773 1214 me
2818 1160 2939 1227 quia
2986 1163 3121 1216 mitis
3153 1178 3263 1215 sum
3292 1174 3337 1216 et
3364 1166 3571 1218 humilis
3596 1166 3744 1219 corde

2160 1246 2373 1316 (Matth.
2398 1249 2484 1302 11.
2510 1248 2643 1319 29)?
2672 1264 2734 1303 ac
2759 1266 2991 1318 rursum,
3025 1252 3125 1320 Qui
3162 1255 3265 1306 vult
3301 1255 3352 1307 in
3390 1256 3526 1309 vobis
3552 1258 3743 1326 primus

2160 1354 2284 1402 esse,
2326 1342 2391 1393 sit
2419 1342 2643 1395 omnium
2685 1343 2961 1397 minister?
3011 1356 3064 1400 et
3102 1361 3335 1409 rursum,
3389 1347 3533 1402 Sicut
3578 1348 3742 1403 Filius

2159 1429 2375 1485 hominis
2416 1448 2517 1485 non
2563 1434 2695 1486 venit
2735 1434 3033 1500 ministrari,
3076 1438 3164 1489 sed
3208 1438 3495 1492 ministrare
3525 1439 3736 1509 (Matth.

2158 1518 2248 1573 ΞΟ.
2276 1518 2366 1586 26.
2398 1520 2531 1592 28)?
2573 1523 2649 1576 Ac
2686 1534 2868 1592 postea
2921 1540 3156 1595 rursum,
3201 1543 3267 1582 ne
3298 1528 3577 1583 offendens
3605 1545 3740 1584 cou-

2160 1624 2346 1666 servos
2391 1614 2689 1693 pigros,_in
2735 1615 3050 1685 negligentia
3092 1619 3258 1683 vivas,
3299 1621 3366 1674 ab
3413 1622 3477 1675 iis
3515 1632 3566 1676 te
3612 1623 3737 1677 abs-

2163 1705 2382 1759 trahens
2425 1706 2497 1760 ait
2526 1723 2541 1762 :
2597 1706 2899 1776 Exemplum
2924 1709 3038 1762 dedi
3064 1710 3199 1765 vobis
3237 1715 3501 1779 nnipsum,
3534 1723 3586 1768 ut
3609 1716 3738 1769 sicut

2156 1811 2248 1866 ego
2275 1796 2395 1866 feci,
2439 1806 2486 1850 et
2507 1812 2592 1851 vos
2615 1799 2814 1865 faciatis
2869 1797 3045 1871 (Joan.
3080 1802 3169 1856 15.
3203 1803 3313 1872 15).
3351 1803 3456 1858 Sed
3505 1822 3608 1859 non
3656 1817 3739 1861 est

2157 1887 2249 1941 tibi
2281 1889 2535 1960 magister
2562 1890 2698 1944 ullus
2728 1890 2867 1945 inter
2892 1892 3168 1957 viventes,
3223 1896 3311 1965 qui
3359 1906 3409 1951 te
3454 1899 3621 1966 possit
3669 1900 3736 1954 ad

2157 1996 2275 2036 eam
2317 1998 2429 2036 rem
2461 1982 2763 2039 deducere?
2804 1984 2969 2055 Major
2992 2001 3121 2057 ergo
3151 1988 3244 2042 tibi
3274 1988 3391 2044 laus
3419 1990 3523 2045 erit
3542 2001 3597 2046 et
3620 1992 3735 2063 glo-

2154 2073 2253 2139 ria,
2299 2074 2439 2142 quod
2489 2075 2605 2129 sine
2645 2075 2867 2131 doctore
2913 2077 3172 2133 mirabilis
3223 2080 3459 2135 evaseris
3500 2099 3513 2134 :
3559 2092 3733 2151 potest

2153 2167 2294 2220 enim
2323 2167 2450 2221 illud
2480 2166 2618 2229 fieri,
2649 2179 2701 2222 et
2728 2168 2940 2239 quidem
2971 2170 3144 2236 facile,
3174 2172 3217 2225 si
3242 2172 3489 2238 velimus,
3526 2183 3582 2228 ut
3610 2190 3735 2243 pro-

2152 2258 2309 2313 batur
2360 2275 2427 2315 ex
2469 2260 2532 2314 iis
2586 2261 2674 2330 qui
2725 2262 2884 2330 primi
2929 2262 2980 2316 id
3031 2264 3389 2332 perfecerunt,
3440 2277 3497 2320 ut
3541 2266 3731 2330 Noe‘,

2150 2348 2455 2415 Abraham,
2512 2351 2895 2419 Melchisedec,
2950 2353 3082 2417 Job,
3137 2355 3332 2426 aliique
3380 2358 3444 2412 iis
3492 2345 3777 2423 similes,'

2155 2456 2290 2511 quos
2319 2457 2498 2512 operae
2526 2445 2757 2512 pretium
2792 2454 2875 2500 est
2899 2446 3135 2515 quotidie
3158 2449 3424 2518 respicere
3448 2467 3462 2514 ;
3504 2451 3596 2505 sed
3626 2468 3731 2506 non

2149 2549 2244 2590 eos
2287 2550 2420 2606 quos
2454 2552 2672 2607 semper
2717 2539 3063 2599 :emulamini.
3110 2550 3164 2595 et
3202 2540 3253 2595 in
3284 2543 3510 2598 cratibus
3543 2544 3733 2598 vestris

2148 2627 2528 2684 circumfertis.
2589 2629 2730 2683 Nihil
2761 2631 2907 2685 enim
2948 2629 3090 2685 aliud
3120 2632 3312 2703 ubique
3352 2634 3530 2701 audio,
3574 2651 3730 2705 quam

2148 2719 2263 2775 hinc
2310 2721 2470 2775 verba
2508 2741 2519 2775 :
2552 2721 2647 2777 Ille
2695 2732 2773 2777 tot
2810 2732 2865 2777 et
2904 2732 2979 2777 tot
3020 2723 3207 2793 jugera
3255 2736 3411 2779 terra:
3455 2727 3728 2795 possidet,

2146 2811 2235 2867 ille
2262 2812 2411 2868 dives
2436 2821 2539 2877 est,
2573 2814 2661 2869 ille
2687 2814 2912 2869 mdilicia
2941 2816 3223 2870 construit.
3270 2814 3380 2871 Cur
3408 2817 3473 2871 ad
3502 2829 3729 2873 externa

2147 2899 2349 2967 inhias,
2375 2916 2407 2954 ο
2433 2901 2621 2954 homo?
2645 2918 2741 2955 cur
2763 2903 2900 2956 alios
2926 2906 3186 2975 respicis?
3210 2906 3266 2961 Si
3289 2908 3370 2963 vis
3395 2910 3531 2966 alios
3555 2913 3725 2982 respi-

2148 3007 2288 3058 cere,
2328 2993 2524 3063 probos
2557 3004 2611 3047 et
2640 2994 2879 3049 illustres
2910 2996 3053 3051 viros
3083 2999 3389 3065 considera,
3424 3002 3515 3071 qui
3557 3013 3720 3059 totam

2145 3084 2315 3156 legem
2339 3095 2591 3140 accurate
2612 3095 2854 3139 servant:
2881 3103 2985 3140 non
3009 3098 3187 3143 autem
3213 3106 3305 3146 eos
3328 3094 3418 3161 qui
3450 3096 3592 3147 illam
3620 3098 3724 3152 vio-

2143 3177 2259 3235 lant
2279 3189 2474 3235 etcum
2496 3180 2759 3234 dedecore
2782 3181 2992 3236 vivunt:
3018 3198 3140 3236 nam
3162 3183 3206 3238 si
3230 3185 3295 3238 ad
3324 3188 3420 3239 IIOs
3443 3190 3720 3258 respicias,

2145 3274 2308 3329 multa
2337 3273 2462 3329 hinc
2488 3273 2701 3329 bauries
2725 3273 2888 3336 mala,
2914 3273 2966 3327 in
2990 3272 3258 3343 ignaviam
3286 3282 3340 3328 et
3367 3274 3722 3343 arrogantiam

2142 3365 2366 3429 incides,
2407 3374 2735 3435 caeterosque
2780 3363 3078 3419 damnabis.
3137 3362 3193 3418 Si
3237 3379 3367 3417 vero
3407 3363 3603 3433 probos
3639 3378 3725 3419 re-

2142 3473 2386 3521 censeas,
2430 3457 2497 3511 ad
2531 3457 2907 3524 humilitatem,
2957 3455 3310 3526 diligentiam,
3354 3456 3721 3525 compunctio:

2141 3565 2261 3603 nem
2291 3557 2343 3602 et
2370 3558 2620 3602 sexcenta
2664 3547 2801 3602 bona
2832 3556 2885 3602 te
2908 3546 3208 3617 apparabis.
3262 3545 3398 3601 Audi
3441 3546 3567 3617 quid
3606 3561 3721 3616 pas-

2139 3658 2233 3698 sus
2275 3642 2344 3695 sit
2389 3641 2709 3705 Pharisaeus,
2740 3639 2881 3711 quod
2909 3639 3088 3694 missis
3114 3638 3296 3709 probis
3327 3639 3473 3703 viris,
3501 3638 3567 3692 ad
3599 3652 3726 3707 pec-

2140 3743 2347 3788 cantem
2379 3732 2710 3802 respexerit;
2756 3731 2958 3786 audiet
2989 3730 3137 3785 time.
3181 3730 3312 3785 Vide
3357 3744 3512 3800 quam
3562 3730 3724 3783 mira-

2141 3826 2261 3881 bilis
2309 3824 2470 3879 fucrit
2522 3824 2706 3891 David,
2758 3822 2900 3893 quod
2956 3822 3188 3891 majores
3231 3837 3358 3877 suos
3401 3823 3488 3891 qui
3532 3822 3725 3876 virtute

2142 3919 2401 3975 fulserunt
2427 3921 2737 3990 respiceret.
2767 3919 2972 3973 Advena
3010 3935 3103 3989 ego
3133 3934 3264 3981 sum,
3316 3917 3505 3985 inquit,
3538 3927 3585 3969 et
3612 3933 3723 3985 per-

2139 4013 2360 4081 egrinus,
2391 4012 2520 4067 sicut
2544 4029 2716 4066 omnes
2756 4020 2926 4083 patres
2967 4010 3066 4063 mei
3113 4007 3282 4079 (Psal.
3317 4008 3402 4063 58.
3437 4008 3550 4077 15).
3589 4007 3720 4062 Nam

2113 4092 2194 4158 (et
2241 4104 2327 4158 ille
2354 4112 2409 4158 et
2432 4112 2688 4173 quotquot
2719 4103 2816 4170 ipsi
2845 4102 3045 4157 similes
3070 4109 3243 4164 erant,
3279 4099 3455 4153 missis
3482 4106 3722 4168 peccato-

2138 4195 2316 4257 ribus,
2376 4195 2575 4249 virtute
2616 4194 2937 4263 conspicuus
2984 4192 3128 4245 viros
3169 4189 3496 4259 cogitabant.
3550 4188 3622 4241 Ita
3669 4197 3723 4242 et

2140 4297 2193 4340 tu
2240 4285 2421 4341 facito.
2464 4284 2580 4340 Non
2612 4286 2755 4341 enim
2795 4295 2849 4339 tu
2872 4284 3031 4355 judex
3070 4282 3229 4338 sedes
3270 4282 3567 4336 alienorum
3596 4281 3723 4334 laci-

2141 4393 2365 4443 norum,
2409 4392 2509 4431 nec
2553 4375 2838 4445 deputatus
2881 4391 2941 4431 es
2984 4375 3050 4429 ad
3102 4373 3453 4428 examinanda
3494 4374 3719 4427 aliorum

2140 4478 2357 4539 peccata
2408 4486 2422 4521 :
2468 4469 2535 4523 de
2572 4468 2736 4523 rebus
2789 4468 2892 4521 tuis
2934 4467 3198 4536 judicare,
3254 4482 3358 4519 nou
3404 4466 3472 4521 de
3507 4466 3716 4528 alienis,

2133 4561 2316 4631 jussus
2344 4575 2423 4615 es.
2454 4558 2594 4613 Nam
2620 4560 2663 4613 si
2688 4576 2779 4612 nos
2807 4560 2944 4627 ipsos
2976 4559 3351 4628 judicaremus,
3379 4559 3454 4613 ait
3483 4558 3591 4622 ille,
3620 4576 3717 4613 non

2138 4654 2308 4723 utique
2337 4652 2687 4724 judicaremur
2713 4667 2732 4704 :
2752 4651 2971 4721 judicati
2997 4661 3167 4704 autem
3210 4667 3243 4703 a
3289 4649 3524 4714 Domino,
3546 4652 3719 4706 erudi-

2138 4761 2251 4798 mur
2277 4743 2353 4816 (1.
2383 4742 2499 4797 Cor.
2531 4743 2617 4796 11.
2642 4743 2730 4797 '51.
2760 4740 2872 4814 52).
2921 4740 2999 4796 Tu
3041 4756 3169 4796 vero
3191 4742 3433 4797 ordinem
3458 4744 3717 4812 perverti-

2139 4835 2242 4900 sti,
2296 4834 2422 4889 dum
2469 4833 2536 4888 de
2595 4833 2827 4902 peccatis
2870 4833 2976 4886 tuis
3022 4833 3317 4902 majoribus
3355 4834 3718 4890 minoribusve

2141 4925 2342 4980 nullam
2385 4941 2417 4980 a
2462 4931 2513 4978 tc
2564 4925 2827 4978 rationem
2859 4924 3048 4993 exigis,
3076 4924 3308 4979 aliorum
3348 4941 3475 4980 vero
3501 4936 3716 4995 peccata

2140 5026 2386 5074 accurate
2418 5017 2684 5086 exploras.
2714 5016 2915 5072 Verum
2960 5016 3013 5072 id
3052 5033 3118 5073 ne
3152 5018 3287 5072 ultra
3321 5017 3598 5085 faciamus,
3622 5019 3715 5074 sed

2139 5110 2300 5164 missa
2349 5108 2450 5163 hac
2493 5108 2696 5162 ordinis
2727 5108 3150 5177 perturbatione,
3186 5109 3417 5163 tribunal
3464 5110 3516 5163 in
3562 5109 3717 5164 nobis

2141 5201 2267 5271 ipsis
2292 5206 2607 5264 statuamus,
2640 5201 2737 5269 ipsi
2763 5200 3079 5255 delictorum
3116 5209 3420 5255 nostrorum
3449 5200 3591 5271 apud
3616 5216 3717 5256 nos

2140 5293 2302 5361 ipsos,
2331 5300 2689 5355 accusatores,
2731 5290 2960 5362 iudices,
2991 5300 3047 5345 et
3075 5291 3297 5348 ultores.
3327 5289 3382 5346 Si
3428 5292 3507 5346 vis
3536 5301 3715 5347 autem

2139 5384 2366 5439 aliorum
2392 5391 2540 5455 gesta
2571 5384 2901 5447 examinare,
2946 5384 3084 5439 bona
3128 5400 3313 5454 opera,
3362 5401 3467 5440 non
3502 5394 3716 5455 peccata

2140 5474 2381 5545 explora,
2414 5482 2472 5528 ut
2494 5482 2549 5529 et
2576 5489 2643 5530 ex
2674 5476 2936 5530 memoria
2980 5474 3242 5530 scelerum
3289 5483 3616 5539 nostrorum,
3661 5485 3717 5531 et

2127 5581 2205 5621 -ex
2233 5564 2572 5622 aemulatione
2602 5564 2913 5634 proborum,
2940 5574 2995 5620 et
3017 5580 3088 5621 ex
3119 5566 3413 5637 incorrupti
3436 5565 3716 5622 tribunalis

2206 5767 2226 5799 ί
2259 5764 2495 5827 Verbum,
2521 5772 2633 5825 Noe,
2658 5762 2803 5813 deest
2824 5763 2873 5813 in
2895 5759 3056 5811 Morel.
