4140 6376
435 336 537 390 61Ἱ

434 448 741 521 prmsentis,
788 445 1026 517 quotidie
1058 445 1209 516 quasi
1252 445 1470 500 stimulo
1509 446 1849 499 conscientia:
1881 459 2011 511 pun-

432 541 523 605 αἱ,
574 550 627 594 et
653 539 720 594 ad
751 539 1005 607 majorem
1048 552 1143 592 nos
1193 535 1543 591 humilitatem
1582 536 2013 602 diligentiamque

432 631 746 693 excitantes,
774 630 950 684 futura
974 643 1362 697 consequamur
1388 628 1546 693 bona,
1584 626 1752 697 gratia
1778 634 1834 681 et
1858 625 2010 679 beni-

1428 328 1492 384 lN
1527 325 1933 385 HATTIIEUM
1975 324 2203 380 HOBIIL.
2248 323 2403 378 LXV.
2447 325 2517 379 al.
2563 324 2745 382 LXVI.

3598 331 3699 387 618

2117 441 2316 509 guitate
2343 441 2551 495 Domini
2585 440 2751 496 nostri
2772 438 2900 497 Jcsu
2928 441 3156 507 Christi,
3179 442 3389 511 quicum
3424 443 3577 498 Patri
3596 461 3698 499 tnta

2116 549 2238 588 cum
2263 534 2461 603 Spiritu
2484 542 2670 588 sancto
2694 533 2886 603 gloria,
2919 533 3225 603 imperium,
3258 534 3450 599 honor,
3482 550 3629 591 nunc
3648 546 3702 590 et

2117 639 2350 694 semper,
2380 634 2435 679 et
2462 625 2514 678 in
2542 624 2734 679 sa-cula
2759 624 3096 681 sznculorum.
3128 624 3321 681 Amen.

1560 835 1906 896 HOMILIA
1947 833 2141 896 LXV.
2186 834 2273 896 al.
2318 835 2541 896 LXVI.

430 967 559 1022 CAP.
590 965 680 1021 20.
712 982 763 1019 ν.
797 965 882 1020 17.
916 962 982 1016 Et
1018 962 1292 1015 ascendens
1328 961 1478 1013 Jesus
1506 957 1896 1027 Jerosolymam,
1924 973 2009 1009 as-

501 1050 713 1119 suntpsit
738 1048 1001 1101 duodecim
1040 1045 1317 1112 discipulos
1343 1053 1528 1096 secreto
1552 1043 1605 1095 in
1645 1042 1761 1104 via,
1802 1051 1849 1094 ct
1883 1041 2012 1093 dixit

506 1145 579 1194 eis
610 1157 627 1194 :
656 1140 743 1195 18.
793 1139 923 1193 Ecce
966 1137 1283 1192 ascendimus
1307 1133 1675 1205 Jerosolymam
1698 1174 1712 1196 ,
1759 1142 1802 1185 et
1848 1131 2010 1184 Filius

502 1233 718 1287 hominis
762 1231 989 1284 tradetur
1026 1229 1235 1282 summis
1264 1228 1585 1299 pontiﬁcibus
1629 1238 1674 1278 et
1714 1224 1920 1284 scribis,
1963 1234 2009 1276 et

499 1322 903 1378 condemnabunt
938 1338 1051 1376 eum
1076 1330 1235 1373 morte
1264 1336 1282 1373 .'
1315 1318 1406 1373 19.
1437 1328 1482 1371 et
1509 1317 1706 1371 tradent
1735 1334 1848 1369 eum
1889 1333 2009 1386 gen-

499 1419 631 1472 tibus
652 1419 717 1471 ad
736 1414 1053 1471 illudendum
1071 1423 1120 1469 et
1135 1411 1497 1483 ﬂagellandum
1513 1420 1558 1466 et
1573 1409 1966 1480 cruci/igendum
1991 1424 2009 1461 :

499 1520 544 1563 et
572 1510 716 1563 tertia
741 1508 822 1561 die
848 1516 1088 1576 resurget.

500 1605 551 1656 1.
571 1600 683 1655 Non
698 1600 873 1653 statim
891 1615 957 1653 ex
982 1598 1201 1653 Galilaaa
1222 1594 1606 1665 Jerosolymam
1629 1591 1889 1655 ascendit,
1913 1590 2006 1644 sed

427 1710 547 1748 cum
595 1695 739 1762 prius
770 1692 1022 1747 miracula
1050 1700 1315 1762 patrasset
1334 1730 1348 1754 ,
1377 1697 1433 1744 et
1472 1687 1769 1742 Pharisazos
1792 1701 2006 1754 repres—

427 1789 615 1849 sisset,
659 1785 1051 1854 discipulosque
1077 1783 1145 1839 de
1173 1789 1483 1853 paupertate
1509 1780 1810 1850 alloquutus
1838 1788 1998 1833 esset.

426 1878 517 1932 Ait
541 1878 704 1939 enim,
738 1875 798 1931 Si
822 1875 895 1929 vis
925 1876 1175 1945 perfectus
1200 1890 1324 1940 esse,
1351 1872 1506 1927 vende
1524 1889 1582 1926 ea
1602 1888 1716 1941 qua:
1741 1872 1925 1925 habes:
1954 1879 2009 1925 et

428 1968 496 2023 de
523 1968 821 2038 virginitate
843 2006 861 2031 ,
908 1966 1005 2031 Qui
1046 1974 1202 2035 potest
1230 1980 1410 2035 capere
1431 2005 1447 2031 ,
1479 1962 1647 2032 capiat
1674 1961 1885 2034 (Matth.
1920 1960 2003 2017 19.

428 2060 516 2116 ΞΙ.
551 2060 659 2133 12),
695 2069 748 2115 et
769 2059 834 2114 de
864 2059 1182 2124 humilitate,
1214 2056 1333 2111 Nisi
1361 2057 1583 2111 conversi
1610 2056 1826 2126 fueritis,
1854 2065 1901 2108 et
1931 2058 2007 2125 ef-

426 2155 670 2224 ]tciamini
688 2155 818 2207 sicut
834 2152 1051 2223 parvuli,
1071 2168 1171 2206 non
1197 2150 1446 2205 intrabitis
1462 2149 1515 2203 in
1538 2165 1748 2221 regnum
1768 2146 2007 2202 ccelorum

427 2250 448 2318 <
466 2248 653 2303 Matth.
676 2248 760 2303 18.
778 2246 831 2316 5)
852 2291 868 2314 ,
891 2246 958 2301 de
984 2246 1330 2301 retributione
1353 2246 1404 2298 in
1442 2243 1541 2298 hac
1582 2244 1688 2297 vita
1721 2260 1733 2295 :
1770 2241 2007 2312 Quisquis

426 2341 668 2395 dimiserit
693 2340 890 2406 domos,
919 2348 1006 2393 aut
1030 2341 1237 2410 fratres.
1262 2347 1347 2391 aut
1372 2353 1588 2401 sorores,
1614 2335 1898 2405 centuplum
1923 2349 2005 2387 re-

424 2434 573 2502 cipiet
596 2434 650 2486 in
675 2433 769 2487 hoc
810 2432 1020 2496 saeculo;
1046 2440 1101 2485 et
1134 2431 1201 2484 de
1233 2429 1406 2484 futura
1434 2427 1682 2483 mercede
1712 2444 1726 2481 :
1756 2424 1823 2479 Et
1853 2425 2007 2479 vitam

424 2534 661 2578 (sternam
688 2522 956 2593 possidebit
984 2519 1195 2587 (Matth.
1224 2520 1311 2575 19.
1343 2519 1457 2589 29).
1489 2518 1637 2573 Tunc
1671 2516 1884 2572 demum
1911 2530 2004 2569 ac-

423 2616 565 2671 cedit
590 2615 655 2670 ad
687 2614 871 2670 urbem
893 2655 908 2680 ,
935 2628 1165 2684 cumque
1193 2626 1511 2667 ascensurus
1532 2618 1718 2675 esset,
1766 2607 1836 2662 de
1880 2620 2005 2678 pas-

425 2708 575 2761 sione
626 2722 834 2760 rursum
896 2705 1144 2775 loquitur.
1188 2702 1320 2771 Quia
1361 2702 1503 2756 euim
1560 2700 1846 2756 verisimile
1889 2706 2006 2753 erat

425 2816 517 2854 eos
540 2842 554 2863 ,
586 2800 675 2870 qui
705 2799 907 2853 nollent
936 2798 1032 2852 ista
1066 2797 1340 2860 accidere,
1395 2794 1583 2848 borum
1622 2791 1816 2848 oblitos
1845 2802 1962 2845 esse
1983 2829 2002 2857 ,

427 2892 728 2962 frequenter
787 2891 903 2944 haec
958 2890 1010 2944 in
1069 2888 1380 2943 memoriam
1432 2892 1693 2948 revocat,
1740 2878 2006 2952 frequenti

426 2985 930 3038 commemoratione
966 2980 1201 3035 animum
1253 2978 1464 3033 illorum
1512 2990 1771 3033 exercens
1810 2988 1873 3029 ac
1909 2972 2007 3027 do-

427 3077 592 3131 lorem
641 3077 902 3129 minuens.
950 3073 1290 3142 Seorsimque
1336 3071 1457 3126 illos
1511 3067 1810 3124 necessario
1863 3066 2000 3120 allo-

426 3171 651 3240 quitur:
693 3183 865 3238 neque
908 3167 1048 3222 enim
1092 3181 1186 3236 par
1229 3174 1344 3221 erat
1380 3163 1494 3218 ha-c
1538 3164 1588 3216 in
1634 3162 1818 3231 vulgus
1856 3158 2005 3213 effer-

426 3263 491 3322 ri,
515 3260 597 3314 vel
627 3260 769 3314 clare
796 3257 1033 3324 narrari;
1070 3257 1197 3311 nihil
1226 3257 1419 3327 quippe
1445 3254 1568 3308 hinc
1594 3254 1716 3309 boui
1747 3253 2001 3308 emersis-

425 3365 526 3409 set.
574 3354 628 3409 Si
674 3354 815 3407 enim
864 3351 1109 3421 discipuli
1152 3352 1265 3404 lucc
1291 3349 1567 3403 audientes
1621 3345 1814 3400 turbati
1843 3352 2000 3408 sunt,

424 3447 590 3499 multo
619 3445 785 3515 magis
813 3444 1000 3514 vulgus
1030 3442 1301 3497 turbatum
1334 3451 1495 3496 esset.
1539 3439 1675 3508 Quid
1698 3436 1894 3508 igitur?
1922 3437 2004 3491 iu-

424 3538 573 3608 quies
597 3580 613 3603 ,
660 3553 834 3591 annon
876 3535 1072 3607 populo
1112 3534 1165 3589 id
1204 3535 1503 3588 nuntiatum
1529 3531 1648 3586 est?
1692 3529 2001 3585 Nuntiatum

425 3630 637 3700 quidem
666 3630 738 3683 illi
768 3638 890 3695 est,
931 3628 1023 3682 sed
1064 3627 1170 3681 iton
1209 3626 1280 3681 ita
1308 3626 1470 3681 clare.
1501 3623 1633 3678 Nam
1661 3622 1736 3676 ait
1766 3640 1779 3675 :
1811 3620 2005 3677 Solvite

426 3721 661 3792 templum
701 3725 794 3774 hoc
813 3762 829 3787 ,
861 3731 906 3774 et
926 3721 979 3772 in
1012 3719 1172 3773 tribus
1199 3718 1373 3773 diebus
1397 3718 1623 3772 excitabo
1659 3714 1792 3769 illud
1821 3713 1999 3786 (Ioan.

425 3811 477 3865 2.
512 3812 622 3881 19);
647 3821 720 3877 et,
741 3810 1008 3866 Generatio
1034 3811 1140 3864 [nec
1158 3810 1356 3881 signum
1380 3809 1578 3876 quierit,
1607 3818 1656 3862 et
1683 3808 1881 3878 signum
1901 3821 2005 3859 non

425 3905 626 3958 dabitur
647 3905 712 3971 ei,
745 3905 841 3958 nisi
861 3905 1060 3974 signum
1084 3902 1233 3957 Iona:
1252 3902 1512 3973 propheta
1537 3899 1748 3975 (Matth.
1773 3899 1861 3955 12.
1885 3898 1999 3969 39);

424 4006 478 4049 et
499 4012 724 4061 rursum,
750 3996 929 4049 Adhuc
956 4002 1107 4065 par‘vo
1136 4004 1357 4064 tempore
1381 3994 1631 4047 vobiscum
1645 4009 1776 4054 sum,
1805 4000 1851 4044 et
1868 4005 2005 4061 quae-

427 4089 546 4143 retis
573 4104 669 4153 me,
703 4098 749 4143 et
773 4104 873 4142 non
902 4088 1159 4141 invenietis
1191 4085 1371 4157 (Joan.
1401 4086 1454 4141 7.
1482 4087 1571 4141 55.
1597 4086 1710 4155 54);
1735 4084 2005 4153 discipulis

428 4194 553 4233 vero
583 4194 690 4234 non
718 4180 815 4245 sic,
845 4178 938 4233 sed
957 4179 1092 4234 sicut
1120 4178 1219 4231 alia
1243 4178 1438 4231 clarius
1463 4176 1690 4241 dixerat,
1722 4177 1797 4229 sic
1825 4183 1882 4231 et
1905 4175 2002 4228 ista

427 4270 678 4325 narravit.
703 4269 808 4324 Sed
829 4285 924 4324 cur
951 4269 1158 4325 dicebat
1179 4312 1194 4336 ,
1236 4270 1279 4324 si
1306 4268 1586 4324 multitudo
1614 4270 1714 4322 vim
1737 4269 2002 4322 dictorum

427 4379 533 4417 non
580 4362 933 4433 iutelligebat?
962 4362 1030 4419 Ut
1076 4372 1255 4432 postea
1282 4362 1580 4426 discerent,
1613 4377 1733 4415 eum
1762 4371 1817 4415 et
1861 4376 2001 4431 prae-

426 4456 681 4510 scientetn
703 4465 756 4509 et
782 4455 1032 4511 libentem
1064 4456 1129 4510 ad
1154 4456 1449 4526 passionem
1475 4456 1700 4518 venisse,
1726 4471 1829 4508 non
1858 4456 2005 4524 igno-

428 4557 630 4601 rantent
666 4548 748 4601 vel
787 4557 1051 4602 coactum.
1086 4547 1365 4616 Discipulis
1389 4561 1518 4601 vero
1551 4562 1656 4600 non
1685 4545 1805 4600 ideo
1830 4546 2001 4600 solum

427 4635 690 4705 praedixit,
714 4636 808 4692 sed
832 4679 847 4703 ,
880 4636 1021 4707 quod
1059 4639 1168 4706 jam
1197 4638 1338 4702 dixi,
1385 4646 1441 4690 ut
1479 4637 1873 4706 exspectatione
1912 4634 2002 4689 illa

424 4728 728 4794 exercitati,
778 4727 982 4782 facilius
1028 4728 1329 4798 passionem
1374 4726 1573 4782 ferrent
1600 4768 1615 4794 ,
1661 4742 1727 4781 ne
1751 4727 1795 4781 si
1848 4726 2001 4781 inex—

425 4828 661 4889 spectata
686 4819 999 4886 accidisset,
1031 4821 1147 4875 illos
1173 4820 1455 4875 admodum
1483 4818 1831 4889 perturbaret.
1863 4819 2005 4887 Qua-

426 4920 645 4982 prapter
691 4912 840 4967 initio
884 4924 1109 4968 mortem
1150 4922 1353 4967 tantum
1395 4912 1672 4982 praedixit;
1725 4921 2001 4981 postquam

429 5013 603 5059 autem
636 5004 738 5060 hoc
762 5004 1001 5060 meditati
1027 5015 1081 5060 et
1106 5005 1159 5059 in
1189 5004 1270 5059 his
1294 5004 1570 5060 exercitati
1592 5004 1817 5067 fuerant,
1845 5012 2005 5060 caete-

429 5112 486 5151 ra
516 5097 693 5151 omnia
722 5097 946 5167 adjecit;
980 5098 1205 5167 exempli
1232 5112 1388 5152 causa
1420 5114 1433 5151 :
1461 5097 1693 5153 Tradeut
1724 5112 1844 5152 eum
1875 5112 2003 5167 gen-

429 5190 587 5254 tibus,
617 5189 869 5255 illudent,
901 5188 1239 5259 flagellabuut
1263 5208 1274 5242 :
1302 5200 1409 5243 tum
1450 5189 1548 5244 hac
1576 5189 1643 5245 de
1665 5204 1821 5244 causa
1843 5231 1857 5250 .
1890 5199 2002 5244 tum

430 5283 587 5339 etiam
611 5324 626 5348 ,
658 5292 718 5337 ut
747 5298 866 5337 cum
900 5283 1012 5337 lucc
1054 5283 1220 5337 tristia
1248 5282 1523 5347 viderent,
1555 5283 2003 5336 resurrectionem

429 5383 822 5443 exspectarent.
851 5372 982 5428 Nam
1008 5374 1094 5442 qui
1120 5371 1311 5436 tristia,
1341 5378 1396 5428 et
1419 5386 1538 5441 quae
1567 5371 1823 5440 probrosa
1854 5370 2003 5426 video

432 5465 622 5521 buntur
645 5509 659 5535 ,
702 5482 809 5521 non
841 5466 1230 5531 occultaverat,
1255 5464 1374 5534 jure
1397 5464 1539 5519 circa
1585 5478 1835 5533 prospera
1887 5479 2004 5519 cre-

432 5556 642 5612 dendus
667 5563 802 5610 erat.
820 5548 1099 5619 Perpende
1121 5555 1317 5610 autem,
1333 5545 1600 5613 quomodo
1625 5543 1882 5613 temporis
1906 5557 2003 5611 0p-

435 5649 815 5717 portunitatem
860 5643 1131 5699 observet.
1177 5638 1290 5693 Non
1332 5638 1478 5693 enim
1526 5638 1594 5692 ab
1633 5637 1787 5691 initio
1818 5635 1869 5691 id
1900 5635 2006 5691 illis

435 5739 572 5795 dixit
622 5754 688 5795 ne
737 5736 1006 5798 turbaret;
1044 5746 1217 5797 neque
1267 5730 1320 5786 in
1371 5730 1487 5797 ipso
1542 5739 1815 5803 tempore,
1842 5743 1911 5786 ue
1943 5729 1997 5783 iu

2116 972 2402 1012 mazrorem
2430 958 2738 1027 conjiceret;
2759 958 2851 1015 sed
2872 968 3148 1030 postquam
3182 961 3427 1019 idoneam
3457 976 3693 1033 potesta-

2116 1049 2184 1103 tis
2218 1048 2382 1117 ipsius
2412 1050 2792 1119 experientiam
2822 1061 3157 1120 acceperant,
3183 1067 3304 1107 cum
3333 1069 3551 1125 magnas
3576 1057 3699 1111 vita:

2115 1152 2329 1197 interna;
2353 1143 2734 1212 promissiones
2749 1142 2920 1208 daret,
2952 1152 3075 1199 tunc
3099 1144 3197 1199 hac
3221 1144 3289 1200 de
3312 1160 3371 1202 re
3396 1162 3702 1203 sermonem

2117 1233 2323 1298 inserit,
2354 1234 2523 1288 semel
2552 1242 2605 1288 et
2635 1234 2715 1288 bis
2740 1244 2794 1288 et
2822 1234 3037 1303 pluries,
3073 1234 3173 1290 hoc
3200 1238 3335 1291 inter
3356 1238 3609 1294 miracula
3645 1250 3700 1294 ct

2113 1324 2406 1379 doctrinam
2458 1326 2719 1379 intexens.
2769 1326 2917 1380 Alius
2954 1337 3133 1380 autem
3176 1328 3496 1398 evangelista
3542 1328 3692 1400 (Luc.

2114 1417 2199 1472 18.
2230 1418 2317 1471 51.
2351 1416 2440 1487 54)
2465 1417 2626 1481 dicit,
2660 1419 2828 1487 ipsum
2852 1418 3141 1490 prophetas
3171 1428 3345 1475 testes
3358 1421 3691 1491 produxisse.

2113 1509 2263 1563 Alius
2283 1508 2476 1578 (Marc.
2502 1510 2588 1566 10.
2613 1510 2701 1575 52)
2727 1526 2854 1567 vero
2874 1513 2979 1578 ait,
3011 1512 3300 1583 discipulos
3326 1515 3462 1569 dicta
3491 1530 3594 1569 non
3620 1517 3695 1569 ina

2114 1601 2401 1663 tellexisse,
2425 1602 2517 1658 sed
2548 1603 2812 1658 occultum
2860 1602 3024 1660 fuisse
3054 1604 3273 1661 verbum
3309 1606 3458 1674 ipsis,
3492 1618 3547 1662 et
3585 1618 3695 1662 stu-

2114 1690 2348 1760 pefactos
2397 1693 2567 1761 ipsum
2621 1708 2740 1748 esse
2763 1704 3039 1764 sequutos.
3090 1694 3229 1766 Ergo
3266 1695 3505 1751 sublatus
3545 1707 3691 1765 erat,

2111 1784 2339 1854 inquies,
2372 1784 2727 1853 praedictionis
2747 1785 2972 1842 fructus.
2998 1787 3055 1841 Si
3080 1788 3224 1842 enim
3253 1789 3581 1855 nesciebant,
3610 1790 3691 1845 in-

2109 1877 2244 1946 quit,
2278 1874 2328 1930 id
2345 1876 2485 1946 quod
2517 1876 2814 1940 audierant,
2838 1893 2936 1933 nec
2963 1886 3277 1948 exspectare
3303 1890 3565 1948 poterant;
3586 1897 3691 1937 non

2110 1975 2482 2038 exspectantes
2524 1984 2687 2030 vero,
2735 1983 2834 2023 nec
2874 1968 2924 2023 in
2965 1984 3060 2039 spe
3098 1978 3349 2040 poterant
3388 1972 3689 2027 exercitari.

2110 2059 2254 2129 Ergo
2275 2074 2405 2115 vero
2439 2059 2581 2113 aliud
2614 2059 2881 2116 difficilius
2910 2060 3076 2116 aﬂ‘ero
3111 2080 3124 2115 :
3152 2062 3196 2116 si
3228 2064 3563 2130 nesciebant,
3596 2080 3694 2120 our

2110 2152 2435 2209 merebant?
2452 2153 2602 2207 Alius
2626 2163 2802 2209 tamen
2830 2153 2979 2219 dicit,
3003 2155 3149 2224 ipsos
3171 2165 3392 2211 mestos
3419 2156 3601 2213 fuisse.
3637 2160 3699 2214 Si

2110 2258 2238 2315 ergo
2276 2245 2621 2311 nesciebant,
2652 2260 2748 2300 cur
2788 2246 3173 2301 tristabantur?
3199 2247 3489 2314 Quomodo
3504 2250 3694 2305 Petrus

2110 2335 2243 2390 dixit
2273 2354 2286 2388 :
2321 2334 2584 2408 Propitius
2609 2336 2700 2393 tibi
2726 2337 2796 2393 sis
2814 2380 2831 2401 ,
2874 2355 2976 2392 non
3004 2340 3097 2392 erit
3124 2340 3213 2393 tibi
3238 2340 3331 2393 hoc
3361 2341 3574 2412 (Matth.
3602 2344 3691 2398 16.

2108 2427 2223 2500 22).
2253 2428 2392 2496 Quid
2431 2444 2559 2501 ergo
2598 2429 2917 2484 dicendum?
2957 2429 3189 2486 Scivisse
3231 2431 3445 2501 quidem
3468 2474 3487 2497 ,
3516 2435 3688 2504 ipsum

2109 2535 2230 2576 esse
2254 2520 2589 2587 moriturum,
2618 2520 2716 2576 etsi
2742 2522 3055 2578 oeconomiae
3085 2523 3394 2593 mysterium
3419 2540 3527 2579 non
3546 2526 3693 2584 clare

2109 2611 2345 2677 scirent,
2377 2625 2551 2682 neque
2574 2611 2733 2667 etiam
2777 2614 3223 2668 resurrectionem
3252 2616 3395 2670 clane
3427 2618 3689 2681 scivisse,

2115 2710 2217 2750 nec
2254 2706 2459 2765 quanta
2504 2696 2652 2751 illam
2680 2711 2861 2753 essent
2896 2714 3169 2756 secutura.
3195 2703 3259 2757 Et
3289 2705 3391 2759 hoc
3417 2719 3536 2761 erat
3562 2708 3690 2765 abs-—

2120 2787 2402 2843 conditum
2431 2789 2533 2843 eis.
2557 2787 2671 2844 Hac
2697 2790 2765 2846 de
2794 2804 2961 2847 causa
3005 2793 3283 2851 dolebant.
3306 2796 3460 2854 Alios
3491 2801 3694 2871 quippe

2109 2883 2351 2940 viderant
2390 2893 2633 2941 mortuos
2676 2884 2745 2940 ab
2790 2885 2910 2941 aliis
2953 2885 3235 2966 suscitari;
3272 2900 3396 2941 eum
3436 2901 3565 2942 vero
3600 2888 3690 2957 qui

2108 2976 2342 3045 seipsum
2375 2976 2675 3038 suscitaret.
2703 2986 2863 3046 atque
2892 2976 2963 3031 ita
2988 2977 3290 3045 suscitaret,
3323 2990 3381 3034 ut
3401 2992 3690 3052 numquam

2108 3075 2293 3138 postea
2322 3074 2641 3133 moreretur,
2671 3068 2905 3121 nondum
2936 3068 3199 3123 viderant.
3228 3068 3341 3124 Hoc
3362 3071 3539 3141 igitur,
3589 3072 3691 3127 etsi

2108 3173 2252 3230 saepe
2272 3158 2494 3227 dictum,
2522 3174 2627 3214 non
2652 3159 3039 3231 iutelligebant:
3056 3176 3229 3232 neque
3248 3151 3431 3232 aperte
3456 3163 3693 3218 sciebant

2107 3251 2247 3322 quod
2277 3266 2446 3321 genus
2475 3251 2662 3305 mortis
2686 3291 2701 3314 ,
2735 3265 2835 3306 nec
2880 3250 3150 3321 quomodo
3191 3261 3475 3308 venturum
3517 3266 3681 3310 esset.

2108 3344 2339 3414 Ideoque
2386 3343 2669 3414 stupefacti
2712 3352 2899 3410 erant,
2942 3344 3115 3413 ipsum
3163 3354 3487 3414 sequentes;
3520 3362 3691 3417 neque

2109 3436 2228 3491 ideo
2253 3445 2476 3503 tantum,
2509 3434 2635 3501 sed,
2661 3444 2719 3490 ιιι
2760 3434 2888 3490 mihi
2915 3434 3147 3501 videtur,
3174 3437 3299 3507 quia
3340 3436 3408 3492 de
3440 3440 3687 3508 passione

2109 3528 2352 3598 loquens,
2382 3526 2851 3597 perterrefaciebat
2875 3542 2991 3583 eos.

2179 3620 2235 3675 2.
2265 3619 2407 3675 Nihil
2434 3628 2611 3677 tamen
2630 3622 2817 3676 horum
2840 3620 3084 3677 fiduciam
3103 3622 3232 3693 ipsis
3253 3622 3486 3689 indebat,
3503 3624 3692 3682 etiam~

2109 3714 2152 3765 si
2183 3727 2325 3782 smpc
2354 3713 2422 3769 de
2468 3714 2857 3769 resurrectione
2881 3715 3146 3771 audirent.
3175 3714 3309 3773 Nam
3331 3724 3525 3787 praeter
3540 3733 3691 3773 mor-

2111 3815 2217 3861 tem
2244 3806 2345 3861 hoc
2370 3806 2493 3861 illos
2516 3806 2746 3863 maxime
2774 3807 3040 3875 turbabat,
3070 3808 3214 3880 quod
3237 3809 3487 3865 audirent
3512 3812 3690 3882 ipsum

2108 3895 2438 3951 illudendum
2475 3908 2529 3952 et
2558 3896 2936 3967 tlagellandum
2964 3912 3084 3953 esse
3103 3939 3116 3961 ,
3156 3908 3212 3955 et
3235 3899 3337 3953 alia
3364 3899 3688 3971 hujusmodi.

2109 3989 2240 4043 Cum
2272 3988 2414 4044 enim
2436 3990 2737 4060 cogitabant
2766 3991 3040 4058 miracula,
3071 3992 3428 4049 dremoniacos
3456 4005 3690 4063 curatos,

2109 4090 2349 4136 mortuos
2373 4082 2673 4149 suscitatos,
2708 4091 2763 4138 et
2790 4083 2892 4137 alia
2923 4084 3243 4141 mirabiliter
3273 4086 3434 4153 facta,
3463 4086 3691 4143 deinde-

2108 4188 2212 4242 que
2241 4171 2357 4227 haec
2399 4173 2713 4241 audiebant,
2746 4174 3229 4245 obstupescebant,
3263 4177 3407 4247 quod
3444 4180 3534 4248 qui
3564 4180 3687 4235 talia

2109 4273 2371 4333 patraret,
2404 4265 2528 4321 talia
2568 4280 2820 4336 passurus
2855 4278 3035 4335 esset;
3066 4269 3294 4340 ideoque
3343 4273 3395 4326 in
3445 4288 3687 4343 magnam

2110 4358 2416 4414 incidebant
2449 4359 2853 4425 dubitationem,
2886 4376 2951 4416 ac
2975 4361 3135 4417 modo
3169 4363 3491 4429 credebant,
3532 4367 3695 4423 modo

2110 4466 2216 4504 non
2238 4450 2546 4517 credebant,
2575 4466 2673 4507 nec
2700 4452 2839 4507 dicta
2865 4452 2951 4507 illa
2976 4453 3272 4525 intelligere
3296 4466 3561 4528 poterant.
3588 4458 3687 4515 Us-

2108 4557 2211 4612 que
2237 4542 2371 4597 adeo
2402 4542 2543 4598 enim
2573 4544 2715 4599 clare
2746 4559 2849 4599 non
2878 4544 3241 4617 intelligebant
3263 4590 3279 4616 ,
3312 4556 3371 4604 ut
3395 4550 3489 4605 lilii
3519 4550 3694 4607 Zebe-

2108 4631 2211 4687 dsei
2249 4634 2425 4688 statim
2456 4634 2805 4698 accederent,
2833 4644 2887 4691 et
2913 4635 2981 4692 de
3004 4637 3180 4707 primo
3202 4653 3459 4696 consessu
3499 4641 3688 4712 loque-

2107 4732 2295 4779 rentur
2323 4741 2337 4777 :
2376 4723 2615 4781 Volumus
2641 4728 2782 4782 enim
2800 4769 2814 4793 ,
2842 4730 3012 4793 aiunt,
3044 4740 3100 4783 ut
3121 4746 3251 4786 unus
3278 4748 3310 4785 a
3335 4733 3527 4788 dextris
3551 4736 3651 4790 tuis
3670 4779 3687 4803 ,

2109 4830 2239 4868 unus
2259 4831 2290 4867 a
2315 4815 2530 4870 sinistris
2554 4816 2725 4872 sedeat
2753 4816 2942 4886 (Marc.
2963 4818 3050 4875 10.
3074 4821 3189 4890 35).
3206 4821 3485 4888 Quomodo
3509 4824 3688 4895 igitur,

2110 4905 2317 4976 inquies
2341 4950 2354 4969 ,
2386 4905 2473 4961 hic
2517 4908 2843 4980 evangelista
2893 4910 3062 4979 dicit,
3099 4914 3392 4971 accessisse
3427 4920 3693 4974 matrem?

2110 4996 2405 5069 Utrumque
2449 4998 2643 5055 factum
2684 5015 2804 5057 esse
2831 5003 3120 5060 verisimile
3156 5015 3258 5060 est.
3300 5006 3519 5064 Matrem
3547 5012 3689 5068 enim

2108 5103 2286 5144 secum
2305 5104 2644 5161 assumpsere
2668 5091 2735 5146 ad
2757 5093 3012 5163 majorem
3034 5095 3475 5166 supplicationem
3498 5099 3691 5158 facien-

2109 5182 2231 5236 dam
2258 5225 2273 5249 ,
2305 5192 2363 5237 ut
2385 5182 2652 5238 Christum
2681 5185 2783 5241 hoc
2812 5185 2971 5242 modo
2997 5186 3295 5244 flecterent.
3326 5190 3481 5258 Quod
3508 5203 3686 5250 autem

2110 5290 2234 5330 vere
2262 5276 2576 5345 supplicatio
2601 5291 2783 5332 eorum
2807 5279 2915 5345 sit,
2953 5287 3009 5334 et
3031 5279 3172 5349 quod
3209 5296 3319 5350 prae
3349 5282 3552 5353 pudore
3573 5300 3690 5342 ma-

2111 5377 2250 5422 trem
2278 5366 2640 5433 adhibuerint,
2668 5368 2941 5439 perpende
2965 5369 3233 5442 quomodo
3257 5371 3326 5429 ad
3346 5374 3468 5431 illos
3482 5390 3685 5434 semo-

2108 5473 2249 5512 mem
2278 5457 2522 5513 Chrisms
2550 5458 2762 5529 dirigat.

2186 5542 2324 5610 Quid
2353 5558 2464 5596 vere
2488 5551 2713 5613 peterent
2742 5543 2845 5613 ﬁlii
2882 5542 3129 5600 Zebedwi.
3156 5575 3227 5588 —
3247 5545 3359 5603 luto
3377 5561 3509 5605 vero
3538 5550 3684 5619 prius

2112 5636 2384 5692 discamus
2407 5635 2534 5705 quid
2563 5643 2779 5705 petant;
2808 5653 2915 5703 quo
2942 5640 3108 5694 animi
3140 5642 3435 5711 proposito,
3457 5653 3513 5699 et
3540 5644 3685 5701 unde

2113 5729 2179 5784 ad
2206 5730 2306 5783 hoc
2334 5724 2551 5792 impulsi
2580 5728 2705 5784 sint.
2736 5728 2889 5786 Unde
2914 5745 3040 5801 ergo
3065 5730 3132 5785 ad
3160 5730 3259 5788 hoc
3283 5732 3496 5802 impulsi
3522 5743 3671 5790 sunt.
