4140 6376
440 317 545 373 619

440 432 701 488 Videbunt
727 446 786 485 se
812 445 922 502 prae
951 430 1070 484 aliis
1099 429 1151 483 in
1182 428 1384 483 honore
1410 444 1550 495 esse,
1577 438 1631 483 et
1661 428 1782 482 hinc
1806 443 1863 481 se
1886 428 2021 497 peti-

440 527 636 580 tionem
668 534 1091 593 consequuturos
1120 537 1239 578 esse
1278 522 1586 591 sperabant.
1628 521 1732 577 Sed
1773 522 1897 588 quid
1932 538 2024 589 pe-

440 617 595 671 tunt?
622 616 756 670 Audi
778 615 939 670 alium
958 614 1341 684 evangelistam
1367 613 1467 667 hoc
1491 612 1636 667 clare
1649 612 2023 681 explicantem.

437 710 587 778 Quod
618 710 783 774 enim,
814 710 1002 780 inquit,
1035 722 1198 777 prope
1218 706 1609 776 Jerosolymam
1641 713 1846 769 essent,
1876 712 2024 772 puta-

437 809 663 870 rentque
702 816 923 871 regnum
973 799 1065 853 Dei
1101 799 1320 868 jamjam
1352 794 1696 851 revelaudum
1722 809 1845 849 esse
1867 835 1882 859 ,
1909 793 2026 848 hmc

440 893 798 963 postulabant.
829 891 1223 945 Existimabam
1249 890 1415 955 enim,
1446 904 1667 958 regnum
1699 887 1826 941 illud
1861 902 2024 956 prope

436 999 553 1038 esse
582 993 636 1037 et
661 983 760 1037 sub
788 999 1003 1037 sensum
1027 983 1238 1047 cadere,
1258 996 1321 1035 ac
1337 996 1396 1035 se
1427 980 1567 1049 quod
1593 980 1839 1049 petebant
1857 978 2023 1033 semel

434 1084 794 1144 consequutus
819 1114 833 1139 ,
868 1073 995 1127 nihil
1028 1074 1180 1127 triste
1212 1086 1461 1141 passuros
1487 1086 1646 1125 esse:
1680 1084 1853 1138 neque
1879 1069 2020 1121 enim

436 1167 565 1221 illud
606 1176 825 1237 propter
872 1167 972 1221 hoc
1018 1166 1189 1233 ipsum
1238 1175 1441 1221 tantum
1483 1166 1771 1234 petebant,
1815 1166 1909 1217 sed
1967 1175 2024 1218 nt

433 1274 703 1312 arrumnas
736 1259 986 1312 vitarent.
1031 1256 1156 1311 Ideo
1190 1257 1435 1313 Christus
1480 1257 1654 1326 primo
1681 1256 1796 1309 illos
1827 1256 1892 1308 ab
1921 1254 2022 1309 hac

437 1351 765 1419 cogitatione
794 1350 1028 1414 abducit,
1056 1349 1247 1417 jnbcns
1269 1349 1463 1414 cardes,
1508 1349 1740 1417 pericula
1767 1357 1822 1402 et
1845 1358 2023 1403 extre-

433 1458 518 1495 ma
566 1456 788 1511 qumque
813 1452 1141 1509 exsneclarc.
1172 1441 1262 1493 9.2.
1308 1439 1568 1506 Potestis,
1610 1440 1813 1509 inquit,
1860 1438 2025 1493 bibere

435 1534 667 1598 calicem,
695 1550 840 1604 quem
860 1550 952 1604 ego
979 1532 1221 1585 bibiturus
1253 1531 1408 1584 sum?
1445 1532 1512 1585 At
1544 1546 1701 1585 nemo
1742 1530 2018 1594 turbetur,

434 1626 708 1694 apostolos
733 1626 807 1679 sic
837 1623 1174 1695 imperfectos
1201 1623 1408 1677 videns.
1444 1623 1687 1677 Nondum
1720 1625 1861 1677 enim
1889 1639 2017 1678 crux

434 1720 748 1783 advenerat,
784 1721 1019 1771 nondum
1046 1716 1276 1787 Spiritus
1299 1715 1466 1786 gratia
1494 1716 1613 1770 data
1645 1728 1778 1773 erat.
1803 1716 1857 1771 Si
1888 1719 2021 1774 velis

434 1824 611 1866 autem
646 1812 878 1881 ipsorum
910 1808 1158 1863 virtutem
1189 1808 1449 1871 ediscere,
1474 1808 1731 1878 posthaec
1758 1809 1874 1864 illos
1896 1825 2022 1864 con-

435 1902 631 1965 sidera,
667 1901 978 1969 videbisque
1012 1901 1154 1970 ipsos
1185 1900 1331 1954 omni
1359 1901 1548 1955 morbo
1581 1900 1744 1954 animi
1774 1901 2019 1969 superio-

437 2006 540 2045 res.
578 1991 804 2060 Ideoque
831 1992 973 2045 enim
1005 1991 1217 2044 illorum
1246 1990 1679 2060 imperfectiones
1697 1992 1921 2057 revelat,
1967 2002 2023 2045 ut

441 2094 623 2153 pOstea
650 2086 787 2138 scias
831 2084 1016 2154 quales
1059 2099 1123 2139 ex
1174 2086 1339 2154 gratia
1380 2084 1498 2139 lacti
1530 2085 1656 2139 sint.
1680 2085 1828 2153 Quod
1863 2086 2020 2154 igitur

439 2175 567 2228 nihil
595 2176 874 2244 spiriIUale
897 2185 1217 2245 qumrercnl,
1247 2193 1418 2245 neque
1449 2178 1606 2230 ullam
1635 2179 1847 2246 superni
1873 2179 2020 2246 regni

438 2271 677 2324 notitiam
724 2271 1003 2337 haberent,
1050 2269 1173 2324 hinc
1228 2269 1399 2340 palam
1448 2281 1551 2325 est.
1603 2272 1706 2325 Sed
1750 2272 2022 2325 videamus

437 2362 707 2431 quomodo
723 2362 999 2423 aecudant,
1025 2372 1073 2415 el
1097 2361 1221 2431 quid
1242 2362 1441 2416 dicant.
1474 2361 1731 2427 Volumus,
1758 2363 2018 2430 inquiunt,

437 2463 489 2504 ut
518 2452 866 2521 quodcumque
892 2453 1183 2522 petierimus
1213 2453 1371 2523 facias
1398 2453 1539 2506 nobis
1589 2452 1775 2521 (Marc.
1809 2456 1896 2508 10.
1926 2454 2015 2508 55.

445 2546 557 2617 ⁸56).
626 2546 933 2615 Respondet
980 2545 1256 2611 Christus,
1308 2544 1444 2612 Quid
1481 2546 1672 2600 vultis?
1721 2545 1836 2600 Non
1879 2546 2020 2615 quod

443 2640 740 2705 ignoraret,
787 2637 878 2691 sed
913 2647 971 2690 ut
1000 2647 1215 2706 cogeret
1247 2637 1366 2691 illos
1404 2636 1750 2706 respondere,
1790 2632 1844 2693 et
1876 2638 2024 2692 ulcus

438 2729 781 2797 patefaceret,
810 2738 867 2782 ut
887 2728 1178 2783 remedium
1211 2729 1287 2782 illi
1315 2728 1613 2783 adhiberet.
1645 2728 1723 2784 Illi
1748 2744 1875 2783 vero
1904 2744 2026 2783 eru-

439 2822 742 2888 bescentes,
790 2823 932 2892 quod
974 2838 1040 2876 ex
1090 2822 1323 2877 humano
1363 2822 1555 2877 affectu
1580 2837 1646 2877 eo
1670 2822 1904 2876 animum
1930 2838 2026 2891 ap-

439 2913 719 2982 pulissent,
751 2913 975 2967 scorsim
1005 2914 1071 2968 ab
1097 2914 1218 2969 aliis
1244 2913 1517 2983 discipulis
1543 2913 1827 2969 abductum
1862 2915 2027 2969 inter-

440 3012 713 3074 rogarunt.
743 3004 1148 3059 Praecesserunt
1176 3006 1341 3070 enim,
1389 3007 1576 3075 inquit,
1619 3022 1686 3061 ne
1722 3005 2025 3075 deprehen-

439 3096 695 3150 derentur
741 3097 809 3151 ab
857 3096 1012 3161 aliis,
1064 3107 1115 3151 et
1161 3098 1239 3151 sic
1282 3114 1401 3164 qua:
1458 3098 1707 3152 volebant
1751 3099 2018 3153 dixerunt.

442 3187 704 3242 Volcbant
752 3197 953 3253 autem,
1005 3197 1061 3242 ut
1106 3204 1206 3259 ego
1259 3189 1510 3254 arbitror,
1556 3190 1679 3259 quia
1714 3190 2019 3257 audierunt,

443 3279 693 3335 Sedebitis
720 3297 871 3349 super
892 3282 1099 3335 thronos
1125 3283 1389 3336 duodecim
1413 3282 1628 3352 (Matth.
1648 3282 1736 3338 19.
1768 3283 1884 3353 28),
1918 3285 2025 3354 pri-

448 3392 593 3430 mum
622 3389 933 3431 consessum
960 3376 1267 3445 impetrare.
1315 3376 1566 3430 Sciebant
1605 3391 1765 3445 porro
1804 3392 1862 3431 se
1891 3377 2027 3432 alios

445 3468 794 3533 antecedere;
840 3468 1099 3522 timebant
1124 3482 1250 3521 vero
1277 3467 1518 3532 Petrum,
1565 3483 1628 3522 ac
1663 3468 1847 3523 dicunt
1880 3487 1892 3521 :
1925 3467 2023 3523 Dic

443 3574 498 3617 ut
540 3563 711 3617 sedeat
750 3579 880 3615 unus
914 3580 947 3615 a
993 3562 1182 3616 dextris
1208 3562 1327 3628 tuis,
1355 3572 1403 3616 et
1432 3579 1563 3615 unus
1588 3579 1619 3616 a
1647 3562 1865 3617 sinistris
1894 3580 1911 3617 :
1943 3564 2024 3630 ip-

443 3670 668 3725 sumque
695 3663 885 3723 urgent
913 3653 1016 3707 hoc
1040 3654 1223 3715 verbo,
1255 3651 1374 3705 Dic.
1402 3652 1539 3720 Quid
1586 3653 1743 3724 igitur
1789 3654 1875 3708 ille
1898 3654 1919 3706 ?
1954 3653 2024 3709 Ut

443 3751 690 3802 ostendat
720 3746 841 3800 illos
873 3761 971 3800 nec
1000 3744 1278 3814 spirituale
1305 3745 1576 3814 quidpiam
1611 3755 1811 3813 petere,
1855 3760 2025 3814 neque

446 3839 494 3892 si
537 3838 737 3892 scirent
780 3836 903 3905 quid
950 3834 1050 3889 hoc
1094 3844 1257 3899 esset,
1302 3851 1554 3903 umquam
1593 3846 1773 3903 petere
1802 3850 2025 3889 ausuros

450 3929 635 3991 fuisse,
664 3927 737 3981 ait
771 3944 785 3984 :
814 3926 903 3979 22.
937 3925 1157 3979 Nescitis
1182 3927 1303 3993 quid
1332 3928 1549 3996 petatis;
1585 3942 1741 3996 quam
1775 3942 2023 3994 magnum

442 4032 640 4088 nempe
678 4018 769 4077 sit,
798 4034 955 4084 quam
991 4016 1253 4080 mirabile,
1297 4032 1454 4085 quam
1499 4028 1713 4086 superet
1746 4017 1886 4087 ipsas
1935 4033 2025 4072 su-

443 4126 637 4179 pernas
680 4118 989 4177 potestates.
1026 4108 1223 4162 Deinde
1252 4108 1521 4177 subjungit
1557 4127 1567 4160 :
1606 4108 1823 4163 Potestis
1861 4110 2024 4163 bibere

440 4202 669 4265 calicem,
696 4217 842 4269 quem
869 4217 959 4270 ego
985 4200 1228 4253 bibiturus
1260 4216 1402 4263 sum,
1438 4210 1480 4252 et
1510 4200 1776 4269 baptismo,
1806 4218 1905 4270 quo
1933 4218 2024 4273 ego

440 4294 687 4365 baptizor,
728 4292 974 4361 baptizari
1017 4291 1206 4361 (Marc.
1235 4291 1321 4346 10.
1365 4292 1501 4359 58)?
1534 4291 1717 4347 Viden‘
1755 4294 2024 4362 quomodo

441 4389 620 4444 statim
661 4388 730 4440 ab
771 4388 869 4440 hac
913 4386 1160 4455 opinione
1214 4385 1335 4439 illos
1373 4385 1619 4450 abducat,
1672 4402 1702 4439 a
1742 4388 2024 4443 eootrariis

443 4484 587 4551 ipsos
616 4479 933 4549 alloquens?
967 4478 1073 4532 Vos
1095 4476 1305 4547 quidem
1335 4478 1402 4531 de
1434 4476 1635 4531 honore
1664 4478 1835 4547 deque
1861 4494 2021 4532 coro-

443 4565 528 4628 nis
572 4587 780 4627 mecum
818 4569 1116 4639 loquimini,
1170 4569 1373 4637 inquit;
1422 4584 1521 4639 ego
1568 4584 1694 4623 vero
1740 4570 1808 4624 de
1846 4579 2021 4625 certa-

444 4667 678 4721 minibus
703 4673 759 4720 et
783 4664 850 4719 de
878 4662 1165 4719 sudoribus
1195 4662 1403 4732 loquor.
1450 4662 1563 4715 Non
1612 4673 1694 4717 est
1732 4664 1876 4717 enim
1922 4663 2024 4716 hoc

443 4757 784 4829 praemiorum
822 4765 1050 4824 tempus.
1086 4770 1259 4821 neque
1302 4769 1442 4807 nunc
1465 4754 1632 4823 gloria
1662 4755 1745 4807 illa
1780 4770 1898 4809 mea
1926 4770 2022 4823 ap-

449 4850 655 4920 parebit
680 4866 696 4915 ;
746 4847 841 4903 sed
872 4863 1109 4919 prmsens
1136 4848 1237 4898 vita
1268 4856 1349 4899 est
1378 4845 1624 4911 caedium,
1644 4844 1768 4900 belli
1789 4860 1853 4900 ac
1878 4847 2021 4915 peri-

441 4940 705 4995 culorum.
753 4940 818 4993 Et
859 4939 977 4993 vide
1026 4954 1133 5007 quo
1184 4948 1337 5004 pacto
1374 4952 1438 4992 ex
1472 4937 1631 4991 modo
1662 4938 2020 5006 interrogandi

439 5043 497 5088 ct
541 5031 782 5086 hortetur
827 5040 882 5086 et
927 5030 1118 5084 trahat.
1165 5028 1346 5098 Neque
1391 5031 1533 5083 enim
1578 5028 1745 5093 dixit,
1792 5029 2022 5083 Potestis

440 5122 642 5178 eaedem
678 5121 889 5176 ferre‘?
914 5121 1136 5191 potestis
1167 5121 1475 5190 sanguinem
1504 5129 1736 5173 vestrum
1770 5118 2025 5175 fundere?

439 5215 537 5271 sed
580 5215 887 5286 quomodo?
938 5213 1152 5267 Potestis
1196 5212 1360 5266 bibere
1400 5211 1606 5265 calicem
1630 5212 1655 5264 .9
1682 5212 1881 5267 Deinde
1909 5213 2024 5265 alli-

438 5310 590 5364 ciens
618 5322 713 5363 eos
739 5307 814 5360 ait
842 5323 856 5360 :
889 5306 1048 5373 Quem
1077 5322 1166 5381 ego
1192 5304 1438 5359 bibiturus
1465 5321 1579 5358 sum
1626 5320 1646 5358 :
1688 5313 1747 5358 ut
1784 5320 1850 5359 ex
1893 5321 2021 5359 con-

442 5402 610 5456 sortio
636 5414 735 5455 suo
759 5399 1114 5470 promptiores
1143 5398 1351 5453 fierent.
1403 5399 1673 5468 Baptisma
1710 5408 1887 5453 autem
1924 5415 2019 5452 vo-

438 5504 525 5549 cat
563 5494 714 5560 illud,
763 5491 1050 5546 ostendens
1096 5506 1341 5562 magnam
1367 5491 1492 5546 inde
1532 5491 1899 5562 purgationem
1927 5494 2020 5545 toti

440 5585 555 5641 orbi
602 5581 735 5641 fore.
780 5584 969 5639 Postea
1008 5583 1194 5638 dicunt
1237 5582 1336 5648 illi,
1378 5582 1678 5638 Possumus.
1731 5582 1812 5639 Ex
1856 5584 2017 5638 animi

501 5764 519 5793 ί
544 5768 672 5821 Haec,
700 5760 894 5813 Potestis
918 5760 1101 5812 caedem
1123 5759 1271 5823 ferre,
1294 5758 1473 5809 desunt
1496 5760 1543 5807 iu
1569 5758 1729 5810 Morel.

1127 315 1185 370 S.
1224 312 1504 369 JOANNlS
1538 311 2005 371 CHRYSDSTOMI
2049 312 2365 368 ARCHIEP.
2407 312 2942 372 CONSTANTINOP.

3607 323 3716 385 620

2133 425 2344 480 fervore
2368 428 2544 480 statim
2574 429 2911 497 promittunt,
2956 430 3256 488 nescientes
3285 432 3408 503 quid
3438 432 3709 502 dicerent,

2132 516 2226 570 sed
2286 526 2691 584 exSpectantes,
2760 534 2819 573 se
2859 520 3001 589 quod
3044 522 3293 589 petebant
3337 526 3714 593 impetraturos

2129 623 2268 661 esse.
2295 608 2431 677 Quid
2462 610 2618 679 igitur
2645 611 2776 665 ille?
2818 611 2908 667 95.
2937 611 3156 668 Calicem
3198 615 3399 682 quidem
3440 633 3608 671 meum
3637 617 3712 672 bi-

2130 700 2282 766 betis,
2329 712 2374 755 et
2412 702 2731 772 baptismate,
2773 721 2871 775 quo
2912 722 3002 776 ego
3045 707 3293 777 baptizor,
3335 708 3710 777 baptizabimini

2133 791 2321 860 (Marc.
2353 793 2442 847 10.
2473 794 2586 864 '59).
2628 794 2812 864 Magna
2860 796 2968 851 illis
3007 798 3343 868 prophetavit
3384 800 3558 867 bona;
3610 802 3711 855 hoc

2128 890 2231 946 est,
2262 883 2517 954 Martyrio
2546 886 2914 956 dignabimini,
2944 898 2997 942 et
3026 890 3139 943 bare
3170 891 3440 960 patiemini
3466 908 3585 962 qua:
3611 908 3712 963 ego

2134 976 2324 1043 patiar,
2355 978 2587 1032 violenta
2618 993 2792 1035 morte
2832 982 2991 1034 vitam
3045 984 3415 1050 terminabitis,
3446 986 3497 1038 in
3524 985 3711 1055 hisque

2135 1069 2262 1123 mibi
2325 1084 2601 1127 consortes
2668 1076 2837 1129 eritis.
2895 1077 3084 1132 Sedere
3124 1089 3291 1133 autem
3330 1081 3399 1133 ad
3456 1082 3711 1134 dexteram

2129 1178 2290 1214 meam
2335 1173 2381 1217 et
2424 1164 2491 1216 ad
2532 1166 2793 1220 sinistram
2837 1184 2936 1222 non
2977 1180 3048 1223 est
3094 1186 3258 1223 meum
3304 1170 3446 1236 dare,
3478 1173 3567 1226 sed
3593 1173 3709 1243 qui-

2126 1250 2216 1305 bus
2267 1265 2500 1322 paratum
2540 1268 2612 1310 est
2647 1274 2679 1311 a
2720 1257 2873 1313 Patre
2917 1277 3046 1316 meo.
3299 1255 3319 1308 ί

2202 1345 2254 1399 5.
2300 1347 2585 1417 Postquam
2619 1351 2828 1405 illorum
2869 1353 3077 1408 animos
3099 1354 3299 1419 erexit,
3345 1353 3707 1409 sublimiores-

2127 1455 2232 1508 que
2270 1439 2414 1504 fecit,
2462 1444 2683 1513 illosque
2708 1461 2943 1501 maerore
2970 1449 3275 1514 superiores
3306 1448 3554 1511 reddidit,
3587 1459 3709 1504 nunc

2124 1533 2333 1588 illorum
2365 1537 2669 1603 petitionem
2695 1540 2932 1609 corrigit.
2980 1541 3083 1595 Sed
3120 1541 3245 1610 quid
3272 1549 3355 1595 est
3393 1540 3532 1611 quod
3570 1557 3707 1595 nunc

2124 1623 2359 1678 dicitur?
2386 1626 2517 1680 Nam
2551 1628 2656 1682 dno
2685 1640 2994 1699 quaeruntur
3023 1649 3053 1686 a
3085 1632 3301 1695 multis;
3350 1634 3543 1701 primo.
3580 1648 3704 1687 num

2128 1725 2368 1786 paratum
2398 1720 2625 1788 cuipiam
2664 1723 2733 1775 sit
2772 1723 2961 1776 sedere
2987 1739 3015 1775 a
3044 1724 3246 1778 dextris
3268 1724 3421 1793 ejus;
3452 1725 3703 1791 secundo,

2127 1823 2251 1860 num
2298 1810 2532 1863 omnium
2567 1811 2818 1866 Dominus
2848 1829 2951 1866 non
2977 1815 3140 1881 possit
3166 1816 3268 1869 illis
3299 1815 3558 1884 praebere,
3594 1817 3713 1886 qui-

2126 1898 2222 1952 bus
2246 1912 2481 1965 paratum
2510 1919 2539 1957 e
2573 1913 2609 1957 t.
2629 1905 2764 1972 Quid
2790 1920 2917 1974 ergo
2939 1917 3021 1961 est
3051 1907 3212 1961 illud?
3238 1907 3290 1963 Si
3315 1910 3540 1980 primam
3567 1925 3695 1978 qua:-

2124 1992 2351 2044 stionem
2398 1994 2734 2062 solverimus,
2781 1997 3011 2051 secunda
3040 2000 3177 2053 clara
3207 1999 3706 2069 eritqnzerentibus.

2125 2084 2262 2146 Quid
2305 2099 2432 2153 ergo
2474 2085 2602 2140 illud
2647 2088 2771 2141 cst?
2814 2087 2982 2143 Nemo
3013 2090 3078 2142 ad
3105 2090 3376 2145 dexteram
3408 2091 3521 2161 ejus
3556 2093 3709 2146 sedo-

2128 2175 2223 2233 bit.
2273 2192 2443 2246 neque
2476 2176 2542 2231 ad
2586 2179 2876 2233 sinistram.
2925 2179 3230 2236 lnaccessus
3256 2182 3395 2237 enim
3423 2194 3505 2239 est
3533 2187 3704 2240 omni-

2127 2267 2228 2321 bus
2280 2268 2502 2323 thronus
2546 2267 2640 2324 ille
2690 2286 2704 2323 :
2755 2285 2862 2325 non
2903 2270 3208 2326 hominibus
3238 2284 3440 2328 tantum
3471 2276 3611 2343 dico,
3656 2288 3711 2331 et

2128 2362 2327 2416 sanctis
2356 2374 2411 2416 et
2439 2362 2713 2431 apostolis,
2759 2363 2853 2417 sed
2894 2366 3053 2418 etiam
3084 2367 3308 2436 angelis,
3351 2367 3706 2439 archangelis,

2128 2464 2183 2507 et
2220 2452 2470 2507 omnibus
2507 2455 2752 2522 supernis
2798 2456 3170 2523 potestatibus.
3198 2458 3350 2525 Quod
3390 2461 3538 2529 quasi
3574 2476 3711 2530 prae-

2126 2544 2417 2613 rogativam
2467 2543 2736 2615 Unigeniti
2774 2548 2922 2615 ponit
2970 2546 3165 2601 Paulus
3203 2550 3390 2603 dicens
3418 2568 3432 2604 :
3461 2551 3543 2605 Ad
3564 2569 3712 2622 quem

2125 2647 2292 2689 autem
2319 2636 2611 2706 angelorum
2651 2638 2780 2690 dixit
2816 2655 3053 2708 umquam
3083 2655 3101 2692 :
3132 2640 3265 2695 Sede
3291 2659 3323 2694 a
3351 2644 3538 2697 dextris
3565 2646 3706 2709 meis,

2128 2727 2286 2782 donec
2328 2744 2513 2796 ponam
2540 2728 2768 2782 inimicos
2804 2739 2915 2783 tuos
2950 2731 3220 2785 scabellum
3261 2733 3441 2800 pedum
3471 2742 3713 2794 tuorum?

2128 2818 2196 2873 Et
2248 2822 2317 2873 ad
2364 2821 2571 2891 angelos
2621 2822 2821 2891 quidem
2869 2824 2983 2877 ait:
3025 2824 3124 2890 Qui
3175 2826 3294 2895 facit
3345 2828 3549 2898 angelos
3594 2845 3711 2884 suos

2125 2916 2371 2985 spiritus;
2421 2916 2488 2967 ad
2534 2914 2727 2968 Filium
2772 2925 2937 2976 autem
2958 2957 2973 2982 ,
3000 2915 3230 2971 Thronus
3264 2929 3411 2981 tuus,
3443 2919 3581 2973 Deus
3601 2962 3615 2982 ,
3655 2922 3708 2973 in

2135 3006 2382 3062 stuculum
2434 3008 2607 3061 seaculi
2652 3006 2838 3075 (Hebr.
2881 3008 2935 3061 1.
2982 3009 3070 3064 15.
3118 3009 3172 3063 7.
3214 3010 3278 3070 8;
3317 3008 3462 3064 Psal.
3506 3012 3704 3079 109.1;

2134 3099 2257 3154 105.
2283 3100 2339 3165 4;
2368 3099 2458 3179 κιᾷ.
2482 3097 2557 3170 7).
2598 3097 2876 3165 Quomodo
2901 3100 3059 3166 igitur
3087 3101 3232 3163 dicit,
3267 3101 3457 3156 Sedere
3483 3114 3648 3156 autem
3677 3123 3707 3158 α

2128 3190 2319 3245 dextris
2361 3201 2408 3244 et
2447 3190 2665 3244 sinistris
2690 3206 2791 3244 non
2832 3200 2906 3244 est
2942 3208 3107 3245 meum
3136 3192 3257 3246 dare
3278 3194 3304 3246 .9
3328 3209 3393 3247 an
3416 3195 3555 3263 quod
3588 3198 3707 3264 qui-

2127 3284 2246 3336 dam
2275 3283 2381 3337 sint
2405 3284 2493 3352 qui
2522 3284 2719 3337 sessuri
2763 3283 2925 3337 sunt?
2960 3284 3194 3351 Minime,
3242 3287 3379 3341 absit
3425 3305 3438 3340 :
3483 3290 3576 3343 sed
3622 3304 3707 3343 re-

2126 3375 2343 3445 spondit
2372 3375 2663 3430 secundum
2691 3375 2997 3444 opinionem
3029 3376 3491 3447 interrogantium,
3521 3396 3706 3434 eorum

2128 3466 2419 3521 infirmitati
2451 3481 2510 3522 se
2551 3476 2931 3536 attemperans.
2960 3466 3142 3537 Neque
3165 3470 3306 3523 enim
3339 3470 3536 3540 aliquid
3566 3471 3708 3526 scie—

2127 3558 2256 3611 bant
2297 3557 2365 3612 de
2403 3558 2619 3612 sublimi
2668 3558 2757 3613 illo
2806 3560 2998 3613 throno
3018 3601 3032 3622 ,
3053 3575 3247 3630 .neque
3275 3560 3340 3615 de
3370 3561 3498 3615 sede
3525 3562 3612 3615 illa
3641 3564 3705 3616 ad

2126 3649 2399 3703 dexteram
2433 3649 2626 3713 Patris,
2677 3650 2889 3720 quando
2918 3651 3077 3705 etiam
3112 3651 3193 3706 bis
3231 3653 3386 3722 longe
3418 3653 3702 3718 inferiora,

2127 3756 2245 3808 qua:
2285 3740 2522 3808 quotidie
2566 3740 2674 3796 illis
2721 3740 3143 3809 inculcabantur,
3190 3744 3504 3814 ignorabant
3551 3764 3564 3799 :
3613 3747 3705 3800 Sed

2128 3846 2289 3884 unum
2320 3839 2523 3885 tantum
2555 3833 2884 3901 quaerebant,
2918 3842 2975 3886 ut
3014 3834 3216 3901 primos
3243 3850 3527 3890 consessus
3556 3846 3705 3891 tene-

2128 3931 2266 3985 rent,
2309 3932 2363 3976 et
2406 3935 2529 3977 ante
2556 3923 2690 3978 alios
2723 3924 2994 3991 sederent,
3022 3935 3181 3995 atque
3205 3927 3343 3995 apud
3378 3927 3525 3980 illum
3553 3944 3580 3980 a
3610 3945 3705 3981 ne-

2128 4016 2270 4068 mine
2319 4016 2785 4084 praecederentur;
2839 4018 2983 4087 quia,
3032 4027 3091 4072 ut
3115 4018 3222 4086 jam
3254 4020 3383 4080 dixi,
3427 4018 3705 4075 Duodecim

2126 4107 2332 4161 thronos
2356 4106 2652 4170 audierant,
2688 4109 2990 4177 ignorantes
3016 4110 3138 4177 quid
3169 4109 3270 4165 hoc
3294 4123 3457 4170 esset,
3480 4112 3703 4180 primum

2126 4213 2437 4252 consessum
2486 4199 2834 4268 quaesierunt.
2894 4199 3005 4254 Hoc
3049 4201 3227 4270 itaque
3261 4201 3390 4255 dicit
3418 4202 3658 4257 Christus
3691 4222 3703 4255 :

2128 4288 2353 4359 PrOpler
2383 4305 2468 4343 me
2499 4290 2713 4358 quidem
2743 4290 3060 4353 moriemini,
3103 4300 3158 4345 et
3193 4306 3290 4360 pro
3329 4292 3707 4361 pra-dicatione

2131 4381 2570 4446 immolabimini,
2624 4391 3011 4449 eonsortesque
3056 4382 3186 4436 mihi
3239 4384 3499 4452 passionis
3536 4386 3701 4438 eritis.

2126 4472 2308 4542 Neque
2353 4484 2529 4528 tamen
2582 4475 2681 4528 boe
2724 4473 2854 4528 satis
2897 4484 3001 4540 est,
3044 4484 3101 4528 ut
3135 4475 3361 4544 primum
3396 4491 3703 4530 consessum

2127 4569 2280 4621 vobis
2313 4568 2583 4633 conciliet,
2618 4576 2778 4638 utque
2828 4568 3055 4637 primum
3087 4568 3330 4623 ordinem
3362 4570 3602 4624 teneatis.
3649 4570 3703 4624 Si

2126 4660 2243 4730 quis
2291 4676 2418 4715 vero
2446 4660 2581 4714 alius
2610 4660 2815 4714 venerit
2853 4661 3166 4732 martyrium
3208 4676 3419 4731 passus,
3456 4662 3705 4717 virtutes-

2125 4770 2227 4821 que
2269 4755 2401 4808 alias
2426 4768 2612 4808 omnes
2641 4754 2881 4808 obtineat
2918 4754 3204 4823 perfectius
3228 4770 3383 4823 quam
3410 4768 3506 4809 vos
3538 4771 3552 4807 :
3581 4755 3699 4809 licet

2125 4863 2220 4901 vos
2241 4862 2340 4917 ego
2363 4846 2603 4917 diligam,
2634 4857 2688 4900 et
2716 4846 2836 4901 aliis
2866 4862 3191 4916 praeponam,
3212 4861 3317 4901 non
3348 4846 3469 4901 ideo
3488 4848 3704 4917 repulso

2128 4940 2240 5006 illo,
2275 4942 2363 5011 qui
2393 4957 2457 4996 ex
2486 4940 2736 5011 operibus
2776 4939 3114 5009 praedicatur,
3144 4939 3295 4994 vobis
3322 4940 3519 5008 primas
3544 4940 3697 4994 dabo.

2126 5032 2322 5086 Verum
2353 5032 2465 5085 hate
2496 5032 2565 5084 ita
2598 5047 2700 5085 non
2733 5030 2886 5094 dixit,
2930 5046 2998 5085 ne
3023 5030 3262 5085 dolorem
3297 5030 3555 5096 inferret;
3608 5030 3701 5085 sed

2126 5124 2456 5193 :rnigmatice
2498 5122 2547 5176 id
2595 5121 2896 5176 subindicat
2936 5123 3120 5177 dicens
3171 5139 3185 5175 :
3232 5121 3452 5178 Calicem
3503 5123 3702 5189 quidem

2126 5232 2289 5268 meum
2315 5215 2507 5279 bibetis,
2540 5224 2586 5267 et
2616 5213 2931 5283 baptismate,
2968 5231 3065 5283 quo
3090 5231 3180 5285 ego
3202 5214 3447 5284 baptizor,
3477 5215 3701 5285 baptiza-

2124 5306 2302 5358 bimini
2330 5322 2347 5358 :
2375 5305 2547 5359 sedere
2573 5316 2740 5359 autem
2777 5306 2845 5358 ad
2873 5306 3102 5359 dextram
3152 5313 3197 5358 et
3242 5306 3498 5359 sinistrum
3542 5322 3701 5358 meum

2125 5413 2226 5449 non
2252 5406 2319 5449 est
2349 5412 2512 5449 meum
2539 5397 2680 5461 dare,
2721 5397 2811 5455 sed
2850 5398 3028 5467 quibus
3071 5406 3309 5463 paratum
3359 5408 3433 5452 est
3470 5416 3503 5450 a
3552 5397 3703 5452 Patre

2127 5504 2257 5541 meo.
2306 5486 2634 5556 Quibusnam
2682 5498 2921 5558 paratum
2968 5491 3089 5543 est?
3134 5488 3200 5543 Iis
3240 5488 3330 5557 qui
3356 5490 3423 5542 ab
3451 5489 3703 5559 operibus

2130 5590 2350 5649 possunt
2392 5580 2663 5649 conspicui
2704 5580 2991 5635 evadere‘.
3047 5578 3171 5636 Ideo
3216 5596 3321 5637 non
3365 5580 3535 5646 dixit,
3587 5580 3703 5635 Non

2192 5764 2206 5789 ‘
2235 5762 2345 5821 Alii,
2372 5767 2564 5825 possunt
2587 5759 2868 5825 insigniores
2889 5760 3109 5810 eradere.
