4140 6376
346 369 448 422 619

347 485 442 554 τῆς
471 484 734 553 αἰτήσεως
770 483 992 553 ταύτης.
1033 482 1194 536 Ἀλλὰ
1222 481 1276 535 τί
1319 481 1449 535 ποτέ
1477 485 1623 536 ἐστίν
1657 481 1687 535 δ
1719 481 1997 546 αἱτοῢσινς

347 567 611 620 Ἀκουσον
672 567 856 639 ἐτέρου
902 565 1286 636 εὐαγγελιστοῦ
1343 565 1504 619 τοῦτο
1551 565 1739 635 σαφῶς
1765 563 2000 618 ἐκκαλύ-

346 665 588 713 πτοντος.
616 651 718 704 Διὰ
751 650 858 722 γὰρ
899 649 967 705 τὸ
1004 649 1184 721 ἐγγὺς
1222 645 1396 708 εἶναι,
1443 649 1596 719 φησὶ,
1631 646 1744 715 τῆς
1781 647 1999 715 Ἰερου-

345 732 551 802 σαλὴμ
573 773 588 794 ,
631 733 731 787 καί
759 733 964 788 δοκεῖν
1005 733 1095 786 ὅτι
1123 734 1164 802 ἡ
1206 731 1496 797 βασιλεία
1528 731 1634 784 τοῦ
1684 729 1833 783 Θεοῦ
1881 727 1999 796 ἤδη

343 815 750 884 ἀναφανεῖται,
777 815 950 870 ταῦτα
981 817 1168 887 ᾔτουν.
1201 815 1482 886 Ἐνόμιζον
1512 813 1642 884 γὰρ,
1675 813 1756 866 ὅτι
1787 813 1880 864 ἐπὶ
1909 811 2000 864 θύ-

346 913 467 966 ραις
500 896 659 967 αὕτη,
701 897 796 951 καὶ
839 897 1093 968 αἰσθητὴ,
1127 899 1221 950 καὶ
1251 895 1656 958 ἀπολαύσαντες
1694 888 1769 948 ὧν
1816 894 1998 965 ᾔτουν,

342 977 491 1030 οὐδὲν
524 979 912 1049 ὐποστήσονται
955 979 1062 1032 τῶν
1099 979 1378 1049 λυπηρῶν.
1424 979 1556 1032 Οὐδέ
1580 979 1688 1048 γὰρ
1724 978 1790 1031 δι’
1831 976 2001 1048 αὐτὴν

346 1063 505 1131 μόνον
531 1065 577 1096 ⁵³
601 1065 768 1136 αὐτὴν
799 1065 1045 1135 ἐζήτουν,
1089 1064 1204 1118 ἀλλ’
1237 1063 1312 1127 ὡς
1353 1063 1449 1117 καὶ
1488 1061 1893 1132 διαφευξόμενοι
1932 1061 2001 1116 τὰ

342 1145 598 1217 δυσχερῆ.
618 1148 708 1200 Διὸ
738 1147 832 1201 καὶ
861 1150 889 1201 ό
910 1147 1142 1218 Χριστὸς
1177 1145 1381 1199 τούτων
1411 1144 1626 1215 πρῶτον
1667 1143 1864 1206 αὐτοὺς
1903 1141 2001 1196 ἀπο
2049 1167 2073 1188 -.

344 1229 468 1295 άγει
495 1230 601 1282 τῶν
623 1230 928 1300 λογισμῶν,
968 1230 1204 1283 κελεύων
1239 1227 1450 1298 σφαγὰς
1481 1228 1575 1282 καὶ
1605 1224 1881 1290 κινδύνους
1907 1227 2001 1281 καὶ

339 1309 409 1362 τὰ
434 1310 633 1380 ἔσχατα
671 1313 957 1381 ἀναμένειν
986 1313 1154 1366 δεινά.
1185 1312 1454 1366 Δύνασθε
1491 1308 1620 1380 γὰρ,
1657 1308 1807 1379 φησὶ,
1839 1308 1999 1360 πιεῖν

340 1390 406 1444 τὸ
455 1392 739 1462 ποτήριον
777 1394 810 1448 δ
837 1395 951 1462 ἐγὼ
997 1394 1182 1459 πίνω;
1232 1393 1392 1447 Ἀλλά
1418 1393 1606 1464 μηδεὶς
1645 1389 1996 1462 θορυϐεῖσθω,

339 1475 444 1529 τῶν
493 1477 805 1530 ἀποστόλων
841 1477 1014 1541 οὕτως
1048 1476 1252 1540 ἀτελῶς
1283 1475 1657 1546 διακειμένων.
1688 1471 1855 1526 Οὐπω
1886 1471 1997 1543 γὰρ

337 1559 366 1610 0
381 1559 427 1588 ”
444 1558 672 1632 σταυρὸς
685 1555 754 1630 ἦν
768 1560 1059 1624 τελεσθεὶς,
1075 1560 1227 1615 οὐπω
1252 1561 1390 1622 Πνεύ
1399 1577 1565 1625 ματος
1579 1559 1736 1631 χάρις
1759 1557 1992 1611 δοθεῖσα.

339 1641 401 1693 El
439 1642 496 1694 δὲ
549 1642 729 1711 βούλει
776 1643 967 1713 μαθεῖν
1013 1645 1191 1698 αὐτῶν
1237 1645 1335 1713 τὴν
1365 1643 1588 1714 ἀρετὴν,
1641 1641 1780 1712 μετά
1823 1640 1995 1695 ταῦτα

337 1725 534 1787 αὐτοὺς
567 1726 872 1797 κατάμαθε,
913 1729 1006 1782 καὶ
1040 1729 1163 1798 ὄψει
1199 1729 1399 1793 παντὸς
1429 1727 1633 1790 πάθους
1668 1725 1990 1796 ἀνωτέρους.

336 1806 436 1858 Διὰ
465 1807 573 1878 γὰρ
604 1809 761 1861 τοῦτο
793 1808 1124 1862 ὲκκαλύπτει
1174 1809 1352 1863 αὐτῶν
1398 1811 1466 1863 τὰ
1501 1807 1877 1878 ἐλαττώματα,
1907 1808 1996 1861 ἵνα

339 1889 477 1956 μετὰ
517 1889 690 1943 ταῦτα
728 1891 870 1960 γνῷς
889 1892 958 1956 ⁸⁸,
995 1893 1140 1956 τίνες
1188 1893 1296 1946 ἀπὸ
1320 1893 1418 1962 τῆς
1463 1893 1685 1963 χάριτος
1725 1889 1990 1959 ἐγένοντο.

339 1973 461 2026 Ὅτι
495 1974 591 2043 μὲν
622 1971 712 2028 οὖν
741 1975 892 2028 οὐδὲν
920 1976 1289 2046 πνευματικὸν
1320 1975 1502 2047 ᾔτουν,
1531 1974 1651 2028 οὺδέ
1671 1973 1876 2028 ἔννοιαν
1895 1975 1995 2046 τῆς

334 2055 447 2110 ἅνω
473 2056 746 2125 βασιλείας
784 2053 952 2129 εἶχον,
984 2059 1143 2128 δῆλον
1189 2058 1455 2113 ἐντεῦθεν.
1491 2057 1636 2128 Πλὴν
1674 2057 1868 2127 ἴδωμεν
1900 2059 1994 2112 καὶ

334 2139 452 2200 πῶς
486 2139 916 2210 προσέρχονται,
953 2143 1046 2194 καὶ
1089 2142 1142 2194 τί
1190 2142 1425 2210 λέγουσι.
1472 2139 1768 2208 Θέλομεν,
1807 2141 1991 2211 φησὶν,

332 2221 434 2276 ἵνα
464 2223 496 2275 0
524 2223 632 2276 ἐὰν
651 2223 990 2292 αἰτήσωμέν
1013 2239 1088 2278 σε
1109 2224 1371 2292 ποιήσῃς
1407 2223 1570 2292 ἡμῖν.
1597 2225 1705 2278 Καὶ
1731 2225 1865 2295 1:90;
1893 2224 1992 2276 αὐ-

330 2306 457 2367 τοὺς
480 2307 510 2359 ό
536 2307 786 2376 Χριστός·
813 2308 872 2361 Τί
903 2307 1137 2371 θέλετε;
1163 2309 1262 2362 οὐκ
1297 2305 1528 2375 ἀγνοῶν,
1557 2306 1670 2360 ἀλλ’
1710 2308 1798 2360 ἵνα
1823 2307 1994 2376 ἀναγ-

331 2388 474 2459 κάσῃ
515 2389 710 2450 αὐτοὺς
748 2390 1173 2460 ἀποκρίνασθαι,
1226 2393 1321 2444 καὶ
1347 2389 1668 2462 ἀνακαλύψῃ
1719 2389 1780 2442 :0
1813 2389 1990 2453 ἐλκος,

330 2469 426 2522 καὶ
464 2469 634 2535 οὕτως
663 2471 824 2543 ἐπιθῇ
860 2473 923 2526 τὸ
969 2473 1278 2543 φάρμακον.
1310 2474 1373 2526 Ut
1409 2473 1467 2528 δὲ
1502 2471 1862 2544 ἐρυθριῶντες
1897 2473 1992 2526 καὶ

331 2553 932 2626 αίσχυνόμενοι,ἐπειδὴ
959 2554 1063 2608 ὑπὸ
1085 2554 1288 2620 πάθους
1317 2554 1654 2625 ἀνθρωπίνου
1682 2552 1816 2625 πρὸς
1833 2552 1991 2606 τοῦτο

329 2633 499 2704 ᾔεσαν
521 2635 591 2698 ⁵⁸,
623 2635 745 2686 κατ’
777 2633 912 2687 ἰδίαν
937 2633 1092 2699 ἐκτὸς
1125 2635 1233 2687 τῶν
1266 2634 1521 2705 μαθητῶν
1544 2634 1800 2697 λαϐόντες
1826 2632 1990 2686 αὐτὸν

329 2713 641 2784 ἠρώτησαν.
669 2717 1155 2792 Προεπορεύθησαν
1185 2717 1312 2788 γὰρ,
1347 2718 1536 2787 φησὶν,
1563 2717 1703 2770 ὥστε
1741 2717 1816 2790 μὴ
1837 2715 1988 2788 [646]

329 2795 583 2863 γενέσθαι
625 2799 806 2861 αὐτοῖς
839 2799 1138 2869 κατάδηλον
1177 2800 1244 2857 ⁵⁷,
1284 2799 1380 2852 καὶ
1430 2799 1604 2863 οὕτως
1648 2795 1800 2853 εἷπον
1844 2800 1989 2870 άπερ

329 2879 630 2934 ἐϐούλοντο.
649 2882 960 2935 Ἐϐούλοντο
978 2882 1054 2946 δέ,
1070 2883 1144 2946 ὡς
1165 2882 1339 2950 ἔγωγε
1363 2878 1538 2952 οἶμαι,
1562 2883 1746 2954 ἐπειδὴ
1767 2884 1985 2954 ἧκουον,

328 2962 411 3020 ὅτι
447 2963 575 3017 Ἐπί
612 2963 840 3018 δώδεκα
869 2965 1121 3031 θρόνους
1159 2964 1521 3027 καθεδεῖσθε,
1556 2965 1654 3036 τὴν
1700 2966 1987 3037 προεδρίαν

329 3044 429 3113 τῆς
461 3044 730 3116 καθέδρας
770 3045 974 3114 ταύτης
1021 3045 1227 3101 λαϐεῖν.
1256 3047 1364 3100 Καὶ
1407 3047 1487 3099 ὅτι
1523 3046 1620 3117 μὲν
1663 3047 1770 3100 τῶν
1815 3048 1988 3103 ἄλλων

333 3125 490 3179 πλέον
519 3122 684 3196 εἶχον,
715 3127 938 3198 ᾔδεσαν⁸
979 3127 1314 3182 ἐδεδοίκεσαν
1342 3129 1398 3182 δὲ
1420 3129 1643 3198 Πέτρον,
1671 3130 1764 3183 καὶ
1796 3130 1985 3200 λέγου-

331 3225 449 3261 σιν’
485 3209 649 3270 Εἰπὲ,
682 3211 783 3263 ἵνα
809 3205 897 3277 εἷς
917 3202 992 3264 ’ἐκ
1026 3210 1240 3274 δεξιῶν
1263 3227 1379 3265 σου
1408 3212 1453 3243 ⁸⁸
1483 3214 1728 3282 καθίσῃ,
1769 3215 1866 3267 καί
1899 3210 1988 3282 εἷς

331 3289 398 3354 ἐξ
439 3292 786 3359 εὐωνύμων·
831 3292 924 3346 καὶ
966 3293 1356 3362 κατεπείγουσι
1401 3293 1674 3362 λέγοντες,
1711 3296 1876 3350 Εἰπέ.
1921 3297 1989 3350 Τί

331 3368 423 3425 οὖν
450 3373 647 3436 αὐτός;
685 3373 890 3444 Δηλῶν,
925 3375 1005 3428 ὅτι
1041 3374 1192 3428 οὐδὲν
1238 3376 1604 3445 πνευματικὸν
1638 3377 1822 3448 ᾔτουν,
1864 3378 1988 3432 οὔτε

330 3457 378 3508 εξ
429 3455 627 3527 ᾔδεσαν
668 3455 829 3509 πάλιν
861 3458 999 3528 ὅπερ
1037 3457 1221 3528 ᾔτουν,
1271 3459 1573 3529 ἐτόλμησαν
1618 3459 1684 3512 ἂν
1737 3461 1988 3515 τοσοῦτον

330 3538 570 3608 αἰτῆσαι,
607 3538 804 3608 φησίν*
846 3541 967 3592 Οὐκ
1011 3538 1210 3593 οΖδατε
1249 3541 1304 3593 τί
1338 3541 1626 3595 αίτεῖσθεο
1661 3541 1778 3607 πῶς
1821 3545 1986 3614 μέγα,

329 3619 448 3698 πῶς
477 3619 807 3692 θαυμαστὸν,
830 3621 947 3684 πῶς
976 3623 1300 3694 ὐπερϐαῖνον
1326 3623 1420 3676 καὶ
1443 3624 1542 3687 τάς
1574 3624 1687 3698 ἄνῳ
1708 3626 1984 3697 δυνάμεις.

330 3695 458 3756 Εἶτα
489 3705 681 3772 ἐπάγει
696 3721 710 3736 ’
738 3706 1005 3760 Δύνασθε
1024 3705 1182 3760 πιεῖν
1202 3707 1268 3760 τὸ
1288 3705 1589 3774 ποτήριον,
1605 3707 1637 3762 0
1783 3695 1990 3778 μέλλω

327 3787 548 3854 πίνειν,
581 3787 778 3840 καὶτὸ
819 3787 1168 3858 βάπτισμα,
1228 3788 1261 3842 0
1303 3788 1418 3858 ἐγὼ
1456 3789 1834 3860 βαπτίζομαι,
1873 3792 1989 3857 βα-

326 3869 688 3938 πτισθῆναι;
717 3867 867 3934 Εἶδες
891 3871 1007 3934 πῶς
1047 3871 1248 3935 εὐθέως
1274 3873 1529 3943 ἀπήγαγε
1577 3875 1676 3944 τῆς
1711 3875 1985 3940 ὑπονοίας,

325 3954 434 4008 ἀπὺ
460 3954 570 4007 τῶν
607 3956 864 4009 ἐναντίων
894 3958 1078 4019 αὐτοῖς
1115 3957 1450 4027 διαλεχθείς;
1508 3958 1696 4027 Ὑμεῖς
1737 3959 1836 4029 μὲν
1879 3960 1990 4031 γάρ

328 4037 458 4108 περὶ
491 4036 658 4107 τιμῆς
689 4039 782 4092 καὶ
826 4038 1104 4108 στεφάνων
1135 4056 1225 4110 μοι
1258 4039 1593 4108 διαλέγεσθε,
1630 4043 1828 4111 φησίνο
1876 4043 1990 4110 ἐγὼ

325 4117 386 4195 δέ
433 4120 563 4191 περὶ
595 4120 819 4189 ἀγώνων
852 4121 981 4193 ὑμῖν
1029 4122 1124 4175 καὶ
1171 4122 1411 4194 ἱδρώτων
1441 4126 1509 4176 ⁵⁸.
1561 4125 1636 4177 Οὐ
1686 4126 1794 4195 γάρ
1840 4126 1987 4180 ἐστιν

326 4192 484 4262 οὗτος
521 4201 549 4253 0
583 4200 692 4253 τῶν
721 4192 968 4257 ἐπάθλων
1006 4192 1232 4274 καιρὸς,
1265 4204 1386 4258 οὐδὲ
1410 4203 1506 4258 νῦν
1544 4207 1578 4276 ὴ
1605 4205 1732 4272 δόξα
1762 4192 1862 4276 μου
1891 4225 1988 4275 φα-

325 4288 498 4339 νεῖται
527 4287 708 4358 ἐκείνη
726 4305 740 4319 ·
770 4288 905 4342 ἀλλά
939 4291 1147 4359 σφαγῆς
1177 4290 1271 4342 καὶ
1313 4290 1565 4362 πολέμων
1605 4292 1698 4346 καὶ
1727 4293 1986 4347 κινδύνων

324 4368 395 4422 τὰ
421 4371 682 4440 παρόντα.
715 4374 826 4426 Καὶ
854 4373 957 4443 δρα
977 4372 1096 4436 πῶς
1119 4371 1196 4443 τῷ
1217 4374 1402 4444 τρόπῳ
1426 4375 1524 4445 τῆς
1551 4376 1872 4446 ἐρωτήσεως
1892 4378 1988 4429 καὶ

325 4452 626 4524 προτρέπει
656 4455 750 4506 καὶ
779 4453 1084 4522 ἐφέλκεται.
1115 4455 1189 4508 Οὐ
1217 4457 1262 4487 ⁵ο
1283 4454 1391 4526 γὰρ
1417 4451 1560 4521 εἷπε,
1587 4455 1826 4510 Δύνασθε
1857 4476 1988 4528 σφα-

325 4535 528 4605 γῆναις
561 4535 786 4589 δύνασθε
812 4537 875 4590 :0
917 4532 1054 4608 αἷμα
1079 4536 1233 4608 ὑμῶν
1275 4539 1490 4608 ἐκχεϊνς
1538 4538 1675 4592 ἀλλά
1708 4539 1858 4604 πῶς;
1889 4543 1990 4596 Δύρ

325 4621 515 4673 νασθε
568 4619 727 4672 πιεῖν
765 4621 829 4674 τό
869 4621 1192 4689 xanimor;
1220 4618 1351 4674 Εἶτα
1398 4623 1754 4692 ἐφελκόμενός
1789 4640 1983 4693 φησιν·

332 4702 402 4754 Ὃ
446 4701 560 4771 ἐγὼ
602 4701 808 4771 μέλλω
841 4704 1068 4756 πίνειν·
1118 4702 1206 4756 ἵνα
1242 4705 1306 4774 τῇ
1350 4704 1486 4774 πρὸς
1520 4704 1682 4757 αὐτὸν
1732 4705 1988 4774 κοινωνίᾳ

327 4784 726 4857 προθυμότεροι
754 4783 1038 4852 γένωνται.
1075 4786 1186 4838 Καὶ
1220 4784 1502 4856 βάπτισμα
1530 4785 1661 4838 αὐτὸ
1692 4786 1854 4841 πάλιν
1885 4804 1988 4839 κα-

325 4866 427 4927 λεῖ.
475 4866 691 4923 δεικνὺς
730 4866 902 4936 μέγαν
937 4866 1046 4920 ἀπὸ
1077 4867 1185 4920 τῶν
1229 4867 1530 4938 γινομένων
1573 4869 1665 4922 τὸν
1702 4866 1989 4941 καθαρμὸν

326 4951 582 5020 ἐσόμενον
612 4953 678 5021 τῇ
708 4951 1017 5023 οἰκουμένῃ.
1038 4951 1334 5021 Λέγουσιν
1352 4951 1513 5018 αὐτῷ
1542 4955 1585 4985 ⁸⁸
1606 4970 1620 4984 ο
1654 4953 1983 5023 Δυνάμεθα.

341 5032 470 5085 Ἀπὸ
501 5032 601 5102 τῆς
641 5031 948 5103 προθυμίας
988 5033 1188 5097 εὐθέως
1213 5034 1624 5104 ἐπηγγείλαντο,
1664 5036 1782 5090 οὐδὲ
1829 5034 1985 5088 τοῦτο

327 5114 528 5178 εἰδότες
558 5116 696 5185 ὅπερ
713 5111 886 5182 εἷπον,
906 5115 1039 5170 ἀλλὰ
1065 5117 1471 5187 προσδοκῶντες
1498 5119 1984 5208 cia-505000110159

397 5225 444 5258 ³³
488 5225 656 5298 μρνην
693 5225 771 5298 _K_.
815 5224 874 5298 ιθ.
924 5225 1167 5298 Sequeng.
1208 5227 1379 5298 αὐτήν
1432 5243 1524 5283 om
1572 5225 1634 5282 (ἶ.
1696 5227 1770 5283 Μ.

1385 363 1450 419 ΙΝ
1492 363 1918 422 ΜΑΤΤΗᾹΞΠΜ
1947 361 2187 420 ΠΟΜΠλ.
2226 359 2387 414 LXV.
2429 361 2501 416 al.
2538 358 2720 414 LXVI.

1845 5228 1893 5261 “
1956 5231 1986 5282 0
2047 5245 2160 5285 om.
2215 5229 2279 5284 G.
2327 5231 2398 5285 M.
2473 5233 2520 5264 ⁸⁸

3650 359 3754 412 6‘20

2105 477 2332 548 ᾔτησαν.
2367 476 2432 529 Τί
2461 471 2552 530 οὖν
2575 477 2770 540 αὐτός;
2809 477 2878 530 Τὸ
2904 478 3020 545 μὲν
3048 477 3335 544 ποτήριόν
3374 495 3492 545 μου
3537 480 3764 546 πίεσθε,

2101 561 2202 614 καί
2227 562 2294 614 τὸ
2311 561 2646 631 βάπτισμα,
2670 560 2701 613 0
2723 558 2838 628 ἐγὼ
2851 558 3227 628 βαπτίζομαι,
3244 560 3764 627 βαπτισθήσεσθε.

2103 643 2330 712 Μεγάλα
2350 645 2532 707 αὐτοῖς
2561 645 2967 716 προεφήτευσεν
2994 642 3182 710 ἀγαθά
3199 659 3215 674 ·
3249 643 3517 709 τουτέστι,
3552 648 3771 716 Μαρτυ-

2104 725 2222 796 ρίου
2259 725 2756 797 καταξιωθήσεσθε,
2808 724 2906 778 καὶ
2938 723 3111 779 ταῦτα
3153 725 3408 778 πείσεσθε
3455 729 3598 794 άπερ
3622 727 3762 796 ἐγώ·

2103 808 2262 879 βιαίῳ
2293 811 2338 841 ⁸⁸
2371 809 2586 878 θανάτῳ
2614 809 2714 879 τὴν
2743 808 2889 877 ζωὴν
2919 807 3274 869 καταλύσετε,
3307 810 3402 862 καὶ
3438 810 3642 864 τούτων
3678 829 3767 882 μοι

2100 893 2476 962 κοινωνήσετε.
2511 891 2582 944 Τὸ
2608 890 2676 944 δὲ
2702 892 2943 945 καθίσαι
2977 892 3046 944 ἐκ
3092 891 3310 955 δεξιῶν
3333 892 3377 923 ⁸³
3411 894 3510 948 καὶ
3544 895 3613 960 ἐξ
3633 897 3749 948 εὺω

2099 973 2304 1042 νύμων
2333 976 2444 1028 οὐκ
2471 973 2644 1026 ἔστιν
2678 973 2825 1042 ἐμὸν
2862 973 3093 1035 δοῦναι,
3124 975 3260 1028 ἀλλ’
3295 971 3384 1041 οἷς
3415 976 3769 1046 ’ἡτοίμασται

2100 1057 2260 1124 παρὰ
2280 1056 2388 1110 τοῦ
2417 1057 2648 1124 Πατρός
2677 1073 2817 1124 μου.

2171 1145 2238 1208 γ’.
2282 1139 2522 1209 Ἐπάρας
2553 1137 2731 1190 αὐτῶν
2764 1139 2861 1201 τὰς
2886 1138 3086 1208 ψυχάς,
3122 1137 3215 1191 καὶ
3247 1138 3583 1210 ὑψηλοτέρας
3607 1144 3767 1213 ποιή-

2102 1239 2222 1285 σας,
2275 1220 2370 1274 καὶ
2417 1219 2554 1290 πρὸς
2587 1218 2763 1288 λύπην
2810 1219 3146 1290 ἀχειρώτους
3203 1222 3598 1290 ἐργασάμενος,
3647 1224 3767 1276 τότε

2099 1303 2409 1374 διορθοῦται
2451 1301 2632 1356 αὐτῶν
2665 1303 2764 1373 τὴν
2797 1305 3032 1368 αἴτησιν.
3078 1303 3238 1358 Ἀλλὰ
3275 1304 3329 1356 τί
3384 1306 3516 1358 ποτέ
3550 1308 3665 1358 ἐστι
3708 1308 3769 1360 :0

2099 1390 2194 1443 νῦν
2220 1389 2540 1460 είρημένονς
2597 1388 2706 1441 Καὶ
2743 1388 2854 1458 γὰρ
2881 1387 2974 1440 δύο
3005 1387 3124 1442 ἐστὶ
3159 1388 3226 1442 τὰ
3259 1387 3569 1459 ζητούμενα
3616 1391 3768 1461 παρά

2099 1471 2332 1525 πολλῶνο
2367 1470 2426 1522 ἓν
2468 1471 2583 1540 μὲν,
2631 1471 2680 1522 εἰ
2721 1471 3038 1540 ἡτοίμασται
3069 1487 3177 1524 τισι
3206 1471 3268 1523 τὸ
3297 1471 3520 1524 καθίσαι
3566 1473 3630 1525 ἐκ
3680 1473 3762 1526 δε-

2099 1555 2227 1620 ξιῶν
2257 1551 2443 1608 αὐτοῦ·
2478 1552 2664 1623 ἕτερον
2695 1551 2774 1615 δέ,
2804 1553 2853 1604 εί
2877 1555 2906 1606 0
2938 1553 3156 1606 πάντων
3179 1553 3382 1625 Κύριος
3403 1554 3655 1617 ἐκείνοις,
3683 1551 3766 1618 οἷς

2095 1638 2448 1708 ἡτοίμασται,
2492 1635 2682 1706 κύριος
2710 1635 2810 1687 οὐκ
2843 1633 2958 1688 ἐστι
2990 1638 3316 1707 παρασχεῖν.
3346 1638 3412 1690 Τί
3443 1633 3534 1692 οὖν
3564 1641 3679 1692 ἐστι
3707 1642 3766 1691 τὸ

2097 1721 2419 1792 εἰρημένον;
2467 1720 2564 1770 Ἂν
2596 1718 2658 1770 :0
2690 1718 2955 1789 πρότερον
2982 1716 3255 1790 λύσωμεν,
3287 1721 3407 1773 τότε
3435 1722 3532 1775 καὶ
3557 1722 3618 1774 τὸ
3645 1721 3767 1776 δεύο

2095 1821 2253 1874 τερον
2295 1805 2407 1866 τοῖς
2439 1801 2694 1870 ζητοῦσιν
2738 1799 2894 1854 ἔσται
2934 1801 3122 1870 σαφές.
3179 1803 3244 1856 Τί
3292 1799 3387 1857 οὖν
3419 1806 3538 1857 ἐστι
3570 1805 3762 1869 τοῦτο;

2097 1887 2287 1951 Οὐδεὶς
2318 1889 2382 1940 ἐκ
2410 1885 2600 1950 δεξιῶν
2637 1884 2802 1938 αὐτοῦ
2851 1885 3178 1948 καθεδεῖται,
3211 1887 3332 1941 οὐδὲ
3363 1888 3422 1952 ἐξ
3447 1887 3762 1959 εὐωνύμων.

2100 1972 2332 2034 Ἀϐατος
2368 1970 2478 2040 γὰρ
2510 1970 2677 2022 πᾶσιν
2717 1969 2746 2021 ὁ
2799 1967 2986 2039 θρόνος
3017 1971 3258 2033 ἐκεῖνος’
3307 1971 3406 2024 οὐκ
3457 1971 3765 2042 ἀνθρώποις

2095 2055 2238 2124 λέγω
2270 2055 2363 2108 καὶ
2393 2053 2570 2122 ἁγίοις
2602 2053 2697 2106 καὶ
2722 2051 3059 2115 ἀποστόλοις,
3089 2053 3225 2106 ἀλλὰ
3260 2056 3353 2107 καὶ
3398 2055 3648 2123 ἀγγέλοις
3673 2055 3765 2108 καὶ

2094 2137 2477 2209 ἁρχαγγέλοις,
2509 2135 2602 2189 καὶ
2640 2135 2846 2198 πάσαις
2870 2138 2990 2199 ταῖς
3022 2135 3134 2189 ἄνω
3170 2137 3482 2206 δυνάμεσιν.
3521 2139 3608 2201 Ὠς
3634 2139 3764 2207 γοῦν

2094 2220 2370 2288 ἐξαίρετον
2399 2219 2491 2272 τοῦ
2517 2218 2856 2286 Μονογενοῦς
2877 2218 3089 2288 τίθησιν
3118 2219 3248 2273 αὐτὸ
3271 2221 3301 2271 0
3326 2221 3538 2285 Παῦλος
3568 2221 3760 2290 λέγων·

2096 2301 2245 2374 [647]
2277 2303 2428 2370 Πρὸς
2479 2301 2616 2355 τίνα
2663 2301 2732 2354 δὲ
2777 2299 2898 2354 τῶν
2934 2301 3208 2371 ἀγγέλων
3250 2302 3453 2371 εῐρηκέ
3499 2304 3545 2335 ⁸⁸
3582 2317 3760 2358 ποτε·

2091 2385 2288 2440 Κάθου
2317 2385 2386 2439 ἐκ
2417 2383 2634 2448 δεξιῶν
2661 2400 2810 2453 μους
2841 2385 2952 2438 Καὶ
2999 2385 3149 2452 πρὸς
3187 2386 3307 2453 μὲν·
3339 2385 3383 2417 ⁸⁸
3411 2384 3554 2450 τοὺς
3593 2386 3764 2456 ἀγγέ-

2090 2471 2242 2532 λους
2274 2466 2486 2536 φησιν’
2529 2466 2582 2517 ’0
2620 2464 2808 2519 ποιῶν
2837 2465 2983 2531 τοὺς
3029 2465 3325 2534 ἀγγέλους
3365 2465 3552 2520 αὐτοῦ
3583 2465 3764 2518 πνεύ-

2087 2565 2264 2618 ματα·
2316 2548 2466 2617 πρὸς
2499 2547 2568 2600 δὲ
2597 2549 2704 2601 τὸν
2737 2547 2894 2609 Υίὸν,
2937 2547 2999 2600 Ὀ
3030 2548 3242 2615 θρόνος
3273 2561 3415 2612 σου,
3452 2551 3485 2602 ὁ
3527 2550 3669 2612 Θεός
3693 2548 3760 2600 ⁵⁸.

2092 2632 2216 2695 Πῶς
2245 2629 2338 2684 οὖν
2369 2649 2522 2702 φησι,
2569 2632 2638 2686 Τὸ
2674 2632 2921 2685 καθίσαι
2957 2631 3027 2684 ἐκ
3070 2629 3289 2696 δεξιῶν
3319 2631 3415 2684 καί
3443 2630 3511 2696 ἐξ
3541 2632 3763 2684 εὐωνύ-

2085 2733 2237 2784 μων,
2264 2717 2375 2768 οὺκ
2399 2717 2573 2768 ἔστιν
2595 2714 2742 2782 ἐμὸν
2761 2713 2992 2776 δοῦναι,
3015 2713 3090 2776 ὡς
3116 2713 3285 2766 ὄντων
3311 2713 3472 2767 τινῶν
3494 2712 3601 2766 τῶν
3631 2713 3734 2765 καθ
3750 2744 3762 2753 -

2091 2797 2428 2867 εδουμένων;
2460 2798 2572 2867 Οὐχ
2603 2797 2678 2860 ὡς
2709 2795 2899 2859 ὄντων,
2941 2797 3142 2863 ἄπαγε’
3170 2795 3307 2850 ἀλλὰ
3334 2796 3469 2868 πρὸς
3496 2795 3594 2867 τὴν
3627 2797 3762 2849 01:0-

2090 2897 2237 2934 νοιαν
2271 2879 2605 2950 ἁπεκρίνατο
2644 2879 2753 2932 τῶν
2791 2879 3140 2951 ἐρωτώντων,
3185 2879 3634 2948 συγκαταϐαίνων
3661 2881 3760 2933 αὐ-

2092 2965 2200 3017 τῶν
2229 2967 2296 3035 τῇ
2329 2963 2536 3034 διανοίᾳ
2575 2963 2638 3015 ".
2676 2962 2810 3018 Οὐδὲ
2841 2962 2951 3034 γὰρ
2986 2963 3188 3034 ᾔδεσαν
3218 2962 3310 3015 τὸν
3338 2960 3542 3031 ὑψηλὸν
3573 2961 3761 3031 θρόνον

2092 3051 2317 3111 ἐκεῖνον,
2347 3047 2442 3100 καὶ
2466 3045 2566 3117 τὴν
2597 3049 2663 3101 ἐκ
2695 3046 2885 3111 δεξιῶν
2929 3047 3024 3099 τοῦ
3064 3045 3278 3118 Πατρὸς
3310 3044 3596 3114 καθέδραν,
3627 3045 3758 3097 ὅπου

2090 3149 2154 3201 γε
2186 3132 2279 3184 καὶ
2307 3129 2376 3182 τὰ
2402 3127 2581 3200 πολλῷ
2599 3129 2804 3183 τούτων
2837 3129 3242 3200 καταδεέστερα
3268 3129 3363 3180 καὶ
3393 3127 3517 3181 καθ’
3545 3126 3759 3197 ἡμέραν

2089 3216 2273 3276 αὐτοῖς
2298 3211 2634 3282 ἐνηχούμενα
2670 3213 2922 3280 ἠγνόουν·
2953 3212 3067 3265 ἀλλ’
3102 3211 3159 3264 ἓν
3185 3213 3412 3283 ἐζήτουν
3445 3210 3626 3281 μόνον,
3650 3209 3758 3262 τῶν

2091 3296 2373 3367 πρωτείων
2406 3295 2735 3357 ἀπολαῦσαι,
2771 3297 2866 3350 καὶ
2897 3296 3005 3366 πρὸ
3045 3297 3154 3348 τῶν
3191 3295 3366 3348 ἄλλων
3413 3294 3624 3364 στῆναι,
3664 3293 3760 3346 καὶ

2093 3377 2298 3448 μηδένα
2321 3372 2460 3430 εἶναι
2487 3377 2592 3446 πρὸ
2615 3377 2794 3430 αὐτῶν
2818 3379 2950 3448 παρ’
2974 3376 3142 3448 αὐτῷ·
3173 3377 3312 3445 ὅπερ
3339 3377 3435 3430 καὶ
3463 3377 3562 3447 ἤδη
3589 3375 3758 3445 ἔφθην

2091 3459 2279 3525 εἰπὼν,
2303 3460 2384 3512 ὅτι
2418 3460 2604 3532 ἐπειδὴ
2635 3459 2863 3514 δώδεκα
2893 3461 3144 3528 θρόνους
3170 3461 3430 3532 ἥκουσαν,
3457 3460 3759 3529 ἀγνοήσαν-

2087 3557 2179 3602 τες
2206 3540 2234 3592 ὅ
2261 3557 2314 3593 τι
2344 3542 2475 3593 ποτέ
2503 3542 2620 3593 ἐστι
2649 3541 2710 3594 τὸ
2739 3542 3051 3613 εἰρημένον,
3091 3544 3192 3611 τὴν
3234 3541 3527 3612 προεδρίαν
3560 3538 3758 3610 ἐπεζή-

2089 3641 2281 3694 τησαν.
2307 3626 2372 3678 Ὃ
2394 3624 2654 3679 ⁶⁷⁶τοίνυν
2677 3626 2844 3696 φησὶν
2867 3629 2894 3678 0
2920 3626 3179 3694 Χριστὸς,
3211 3625 3370 3679 τοῦτό
3397 3627 3565 3678 ἐστιν’
3595 3625 3758 3677 Ἀπο-

2089 3707 2335 3761 θανείσθε
2369 3709 2466 3779 μὲν
2512 3709 2578 3761 δι’
2602 3709 2724 3780 ἐμὲ,
2751 3712 2846 3762 καὶ
2887 3708 3233 3778 σφαγήσεσθε
3275 3708 3368 3761 τοῦ
3403 3708 3753 3779 κηρύγματος

2087 3792 2296 3858 ἕνεκεν,
2341 3791 2437 3844 καὶ
2490 3793 2846 3862 κοινωνήσετέ
2896 3809 2985 3862 μοι
3033 3790 3176 3845 κατὰ
3224 3791 3286 3843 :0
3332 3791 3524 3855 πάθος
3556 3791 3614 3844 οὐ
3650 3791 3755 3860 μὴν

2089 3875 2250 3942 ἀρκεῖ
2279 3873 2439 3927 τοῦτο
2476 3876 2698 3945 ποιῆσαι
2741 3874 2841 3944 τῆς
2888 3873 3181 3944 προεδρίας
3231 3874 3374 3943 ὑμᾶς
3423 3871 3752 3932 ἀπολαῦσαι,

2089 3958 2184 4011 καὶ
2211 3957 2306 4028 τὴν
2334 3957 2560 4028 πρώτην
2605 3958 2758 4024 τάξιν
2801 3960 3112 4028 κατασχεῖν.
3163 3957 3260 4009 Ἂν
3295 3957 3400 4024 γάρ
3442 3971 3528 4019 τις
3569 3955 3754 4026 ἕτερος

2090 4039 2218 4112 ἔλθῃ
2251 4039 2389 4112 μετά
2417 4040 2510 4094 τοῦ
2543 4042 2842 4112 μαρτυρίου
2870 4042 2965 4094 καὶ
2992 4040 3091 4111 τὴν
3119 4039 3284 4110 ἄλλην
3313 4039 3529 4092 ἅπασαν
3554 4038 3755 4109 ἀρετὴν

2089 4123 2425 4194 κεκτημένος
2474 4123 2653 4194 πολλῷ
2683 4123 2905 4176 πλείονα
2941 4123 3118 4193 ὑμῶν,
3144 4123 3244 4175 οὐκ
3277 4121 3463 4191 ἐπειδὴ
3491 4120 3629 4190 φιλῶ
3656 4121 3752 4172 νῦν

2089 4207 2257 4275 ὑμᾶς,
2289 4206 2385 4259 καὶ
2409 4207 2518 4260 τῶν
2540 4207 2713 4260 ἄλλων
2736 4205 3033 4277 προκρίνω,
3057 4205 3146 4258 διὰ
3173 4203 3330 4258 τοῦτο
3361 4204 3753 4274 παρωσάμενος

2088 4290 2297 4343 ἐκεῖνον
2340 4290 2432 4344 τὸν
2477 4289 2586 4343 ἀπὸ
2617 4289 2734 4342 τῶν
2757 4289 2934 4361 ἔργων
2964 4289 3390 4361 κηρυττόμενον,
3439 4289 3566 4357 ὑμῖν
3598 4286 3758 4340 δώσω

2087 4373 2158 4426 τὰ
2192 4375 2455 4445 πρωτεῖα.
2498 4373 2636 4426 Ἀλλ’
2659 4372 2801 4426 οὕτω
2833 4373 2930 4444 μὲν
2957 4374 3054 4426 οὐκ
3094 4370 3268 4436 εἶπεν,
3299 4372 3440 4425 ὥστε
3472 4372 3546 4442 μὴ
3581 4371 3755 4438 λυπῆ-

2091 4470 2201 4506 σαι·
2233 4454 2644 4525 αἰνιγματωδῶς
2681 4456 2740 4509 δὲ
2773 4457 2834 4508 τὸ
2869 4455 3001 4509 αὐτὸ
3041 4457 3199 4509 τοῦτο
3231 4456 3527 4509 αἰνίττεται
3556 4454 3749 4521 λέγων·

2095 4535 2166 4588 Τὸ
2189 4536 2305 4605 μὲν
2347 4537 2634 4606 ποτήριόν
2672 4556 2788 4608 μου
2831 4541 3060 4602 πίεσθε,
3097 4539 3196 4592 καὶ
3232 4540 3298 4592 τὸ
3341 4536 3676 4605 βάπτισμα,
3722 4535 3754 4589 0

2089 4618 2204 4683 ἐγὼ
2228 4620 2606 4690 βαπτίζομαι,
2638 4621 3157 4691 βαπτισθήσεσσε’
3197 4621 3265 4676 τὸ
3301 4620 3371 4674 δὲ
3410 4621 3651 4674 καθίσαι
3684 4619 3753 4670 ἐκ

2087 4701 2301 4766 δεξιῶν
2314 4720 2437 4770 μου
2453 4704 2551 4757 καὶ
2574 4703 2644 4768 ἐξ
2658 4705 3000 4774 εὐωνύμων,
3021 4707 3132 4759 οὐκ
3152 4705 3324 4759 ἔστιν
3345 4703 3493 4772 ἐμὸν
3512 4701 3689 4755 τοῦτο
3709 4700 3756 4730 ⁸³⁸

2087 4780 2320 4842 δοῦναι,
2365 4782 2502 4836 ἀλλ’
2551 4778 2642 4848 οἷς
2679 4782 3053 4852 ἡτοίμασται.
3115 4783 3237 4836 Τίσί
3285 4782 3342 4835 δὲ
3390 4781 3752 4852 ήτοίμασταις

2088 4864 2215 4928 Τοῖς
2249 4865 2358 4918 ἀπὸ
2395 4866 2502 4918 τῶν
2530 4865 3049 4938 ἔργωνιδυναμένοις
3073 4866 3328 4936 γενέσθαι
3365 4866 3641 4936 λαμπροῖς
3681 4864 3751 4918 θ’.

2090 4949 2191 5002 Διὰ
2219 4948 2378 5003 τοῦτο
2409 4950 2510 5004 οὐκ
2556 4948 2729 5014 εἶπεν,
2756 4952 2871 5006 Οὐκ
2909 4953 3058 5006 ἐστιν
3090 4951 3220 5023 ἐμὸν
3247 4950 3450 5014 δοῦναι,
3479 4949 3617 5004 ἀλλά
3659 4949 3757 5002 τοῦ

2091 5033 2305 5104 Πατρός
2352 5051 2452 5104 μου
2484 5036 2550 5096 ⁷⁰,
2596 5035 2682 5088 ἵνα
2721 5035 2800 5106 μὴ
2846 5035 3113 5097 ἀσθενεῖν,
3175 5034 3308 5105 μηδὲ
3354 5033 3563 5086 ἀτονεῖν
3594 5032 3755 5085 αὐτὸν

2091 5117 2222 5184 φαίη
2265 5134 2347 5180 τις
2387 5119 2522 5184 πρὸς
2555 5119 2651 5187 τὴν
2701 5120 3002 5173 ἀντίδοσιν·
3051 5118 3186 5172 ἀλλὰ
3227 5134 3376 5180 πως;
3429 5118 3550 5168 Οὐκ
3585 5114 3755 5168 ἔστιν

2575 5231 2744 5302 γνῶσι
2775 5231 2840 5285 H.
2877 5233 3017 5302 Mor.
3087 5233 3135 5264 ⁵⁸
3177 5231 3326 5284 ἵεσαν
3387 5229 3473 5302 Μ.
3502 5228 3756 5302 Con-regni:

329 5293 568 5388 2,1021%!
595 5294 789 5388 ‘21::0gl
821 5293 1180 5388 Eéam0;h(}..
1213 5296 1284 5350 M.
1312 5293 1573 5388 ligu‘trum
1616 5299 1816 5388 habent
1844 5298 1982 5354 Mor.

2086 5317 2158 5388 11...
2189 5300 2472 5388 μαθητῶν]
2499 5293 2624 5388 adq.
2650 5303 2758 5388 τῶν
2781 5303 2955 5388 άλλων
2984 5301 3334 5388 ΕιΙιίκξηνὶιίε
3367 5296 3754 5388 Ωςοιξιίᾎςιηίξμ.

327 5365 375 5440 '_1_
419 5365 511 5440 S_ic
631 5363 813 5440 μηδι.
848 5365 965 5440 Ep._
985 5367 1166 5422 caeleri
1217 5367 1530 5440 κατάδηλοι.

334 5434 506 5513 νει-[ια
524 5434 1081 5513 ,δύνασθεησφαγῆναα
1103 5452 1224 5513 qqa:
1239 5439 1394 5513 ἐι)αᾴ
1411 5434 1563 5513 Mor.
1577 5438 1876 5513 el_lnlerp._
1901 5455 1991 5513 no_1

2086 5450 2321 5513 Fgumur.
2363 5434 2604 5513 rétineri'
2628 5443 2821 5513 jubem
2845 5442 2908 5513 ﬂ.
2939 5434 3008 5496 ις
3033 5444 3136 5513 Ep.

333 5505 581 5584 μύτῶ-β.
620 5505 684 5561 H.
840 5505 1199 5584 5191310119}.
1339 5508 1503 5584 Κε-Ιλ.
1539 5508 1698 5584 βιαίῳ
1945 5509 1990 5565 G

2088 5505 2141 5584 εξ
2168 5512 2379 5584 δεξιῶν]
2407 5514 2532 5567 add.
2583 5505 2684 5584 μου
2739 5512 2805 5568 H.
2836 5512 2898 5584 ιι.
2933 5505 3118 5584 inviti-8
3158 5511 3385 5584 ,Μοείιίιε
3422 5525 3536 5584 “FP

763 5577 810 5609 “
846 5573 1058 5658 {[91913]
1087 5573 1219 5658 εἷπε·
1368 5579 1491 5658 _M._
1517 5573 1642 5652 μου]
1670 5573 1816 5658 'aﬂ_1_l'.
1865 5580 1970 5658 ἕως
2013 5581 2081 5635 ἂν
2108 5581 2220 5658 θῶ⁸
2428 5573 2655 5658 ἐχθρᾴύς
2708 5600 2828 5658 σηυ-
2950 5581 3015 5658 ῌ.
3068 5582 3170 5658 ειίςί
3214 5573 3425 5658 ἓωςξᾶν
3447 5573 3600 5658 fl.
3623 5579 3670 5630 ἐ.
3698 5594 3752 5658 ρ.

332 5576 396 5629 ι..
428 5577 451 5628 1
481 5575 654 5646 Mosq.

1641 5369 1687 5445 ’ξ
1727 5386 1820 5422 σου
1843 5385 1955 5425 om.
1997 5369 2062 5445 Κἶ
2109 5369 2199 5424 Μ.
2258 5369 2604 5445 ⁸⁹’ίδρώτων]
2631 5373 2754 5445 add.
2777 5373 3091 5445 διαλέγομαι
3126 5371 3259 5425 Edd.

3367 5370 3412 5401 ⁶⁰
3453 5367 3590 5421 Οὐδέ
3618 5366 3752 5421 Edd.

2989 5436 3008 5495 .’
3039 5444 3136 5511 Ep.
3262 5442 3306 5473 ⁶¹
3348 5436 3478 5492 Εἶτα
3505 5437 3565 5492 ἳέ
3604 5455 3756 5489 ουσιν

2994 5512 3118 5567 vilis
3176 5511 3385 5578 Mosqq.
3422 5454 3601 5578 παρὰῖ
3649 5507 3755 5560 ὑπό

333 5646 623 5699 ὑποπόδιον
649 5646 758 5700 τῶν
786 5646 963 5700 ποδῶν
989 5646 1080 5701 σου
1107 5647 1241 5702 Edd.
1273 5649 1442 5703 invito
1471 5646 1671 5719 Ιιὶιθτρ.
1748 5651 1793 5682 ⁸⁵
1816 5651 1936 5775 11μέν
1955 5667 1988 5706 0

333 5715 503 5769 αίῶνα
525 5715 621 5768 τοῦ
655 5717 849 5775 αίῶνος
870 5717 932 5772 G.
964 5715 1026 5770 H.
1063 5717 1160 5773 Ge.
1238 5719 1283 5750 ⁸⁷
1320 5719 1546 5775 διανοία]
1570 5720 1659 5774 Sic
1693 5720 1789 5775 En.
1865 5737 1914 5775 e.
1949 5731 1991 5774 el

2099 5652 2166 5707 G.
2197 5646 2490 5720 ἀγγέλουςῙ
2515 5646 2647 5708 ἑάιίξ
2665 5653 2831 5707 αὐτοῦ
2866 5654 2926 5709 L.
2962 5653 3033 5707 M.
3110 5654 3156 5684 ⁶⁶
3205 5650 3358 5722 Θεός]
3397 5647 3520 5703 add.
3554 5649 3634 5710 είς
3661 5647 3753 5700 τὸν

2090 5723 2179 5775 dd.
2217 5717 2483 5775 ἀσθενείᾰ
2497 5724 2642 5775 (mod
2674 5725 2832 5775 habet
2867 5724 3000 5775 Reg.
3022 5725 3126 5775 688
3158 5723 3444 5775 ediderunt
3468 5719 3593 5772 Sav.
3621 5716 3751 5771 Beu.

332 5715 503 5786 αίῶνα
525 5715 621 5768 τοῦ
655 5717 849 5781 αίῶνος
870 5717 932 5772 G.
964 5715 1026 5770 H.
1063 5717 1160 5773 Ge.
1238 5719 1283 5750 ⁸⁷
1320 5719 1546 5786 διανοίᾳ]
1570 5715 1659 5774 δίο
1693 5720 1789 5782 Ep.

1900 5761 1914 5775 .
1945 5716 2642 5795 plco1jd.ﬁq'0:v_s_£a'quod
2674 5725 2832 5779 habet
2867 5724 3000 5795 Reg.
3022 5725 3126 5779 688
3158 5716 3450 5795 cdiidcr'gnl
3468 5719 3593 5795 Sav.
3621 5716 3751 5771 Ben.

331 5786 398 5867 Ἰ·
427 5784 494 5867 τι)
521 5800 631 5867 2m-
667 5788 736 5867 (ξι
765 5788 921 5867 ῖοδτό
950 5789 1100 5867 έσῖιν
1155 5805 1264 5867 οεπιο
1294 5789 1456 5867 0;.“-
1606 5791 1896 5867 τοέτοριη·
1938 5791 1991 5867 Ι*

2086 5791 2291 5867 [ῧτολτό
2320 5793 2353 5848 1η
2376 5784 2548 5866 Mosi.
2572 5794 2917 5867 ἡτοίμασται]
2941 5784 3063 5852 ιῖόό.
3101 5794 3250 5864 παρὰ
3278 5791 3372 5845 τοῦ
3409 5788 3618 5860 Πατρός
3649 5803 3750 5861 μορ

333 5855 402 5911 ε.
434 5855 497 5911 Η.
521 5855 618 5913 Ge.
693 5859 737 5890 ε’
767 5857 1164 5929 λαμπροτέροις
1187 5859 1246 5913 L.
1327 5862 1372 5892 ⁷⁰
1397 5878 1497 5932 μου
1523 5877 1630 5916 om.
1663 5860 1725 5915 Κ.
1761 5860 1822 5916 L.
1852 5861 1985 5932 φαίη

2086 5855 2271 5934 ἡσῃί.
