4140 6376
387 314 482 378 621

383 442 463 485 est
507 445 684 484 meum
731 430 880 495 dare,
931 429 1024 484 sed
1075 429 1246 484 Patris
1293 433 1417 497 mei,
1458 446 1525 485 ne
1549 431 1668 501 quis
1694 431 1961 485 infirmum

382 521 602 587 diceret,
642 523 790 590 quasi
835 537 940 575 non
987 533 1165 589 posset
1205 523 1292 576 ille
1333 527 1634 576 mercedem
1665 523 1810 576 dare.
1854 522 1961 576 Sed

383 613 693 677 quomodo?
722 611 843 666 Non
871 624 939 665 est
976 629 1162 679 meum,
1196 614 1286 667 sed
1312 615 1375 667 iis
1401 616 1579 683 quibus
1606 623 1840 684 paratum
1867 623 1960 667 est.

385 701 452 755 l'It
479 713 660 755 autem
690 702 740 756 id
773 703 914 772 quod
942 702 1062 758 dico
1087 705 1284 758 clarius
1310 707 1398 768 sit,
1427 706 1674 774 exemplo
1705 704 1832 758 illud
1863 721 1960 760 ex-

383 793 663 863 plicemus,
708 803 763 848 et
807 810 1064 863 ponamus
1102 811 1222 850 esse
1252 796 1531 864 quemdam
1562 795 1958 862 agonothetam,

381 886 573 940 deinde
623 887 818 942 multos
876 887 1102 943 athletas
1160 890 1390 959 Optimos
1443 891 1495 944 in
1540 889 1641 944 hoc
1687 898 1957 945 certamen

379 976 730 1043 descendere,
763 989 818 1032 et
862 983 1174 1034 accedentes
1225 981 1358 1035 duos
1410 981 1638 1036 athletas
1664 985 1958 1050 agonothe-

381 1070 486 1123 thre
517 1071 748 1124 maxime
793 1069 1082 1125 familiores
1125 1072 1334 1135 dicere,
1371 1073 1478 1127 Fac
1526 1083 1582 1127 ut
1637 1089 1959 1128 coronemur

379 1177 434 1220 et
500 1168 927 1236 promulgemur,
991 1167 1105 1236 ejus
1171 1167 1417 1222 amicitiae
1470 1176 1525 1222 et
1572 1168 1957 1222 lieneVolcntite

379 1257 600 1313 fidentes
626 1274 640 1323 ;
674 1258 822 1312 illum
855 1274 981 1312 vero
1011 1260 1338 1329 respondere
1361 1303 1376 1325 ,
1401 1259 1516 1314 Non
1543 1270 1625 1315 est
1651 1277 1826 1316 meum
1856 1261 1957 1316 hoc

375 1351 506 1403 dare
550 1349 726 1410 vobis.
775 1349 867 1404 sed
913 1351 1103 1420 quibus
1129 1351 1198 1405 ob
1227 1352 1435 1406 labores
1460 1363 1512 1406 et
1541 1352 1764 1407 sudores
1798 1368 1955 1423 para-

377 1451 484 1492 tum
505 1450 588 1494 est
616 1457 630 1492 :
663 1456 786 1494 num
815 1456 942 1512 ergo
973 1441 1121 1495 illmn
1163 1442 1363 1496 nullius
1388 1457 1508 1496 esse
1539 1447 1790 1512 potentia:
1810 1443 1953 1511 judi-

372 1533 652 1587 cabimus?
709 1533 1050 1602 Nequaquam
1083 1551 1096 1588 :
1125 1533 1218 1588 sed
1244 1535 1313 1588 ob
1338 1535 1594 1604 justitiam
1621 1535 1952 1604 a-quitatem-

372 1638 478 1692 que
502 1623 856 1679 laudabimus.
891 1623 956 1679 Ut
992 1626 1150 1695 igitur
1179 1625 1327 1679 illum
1361 1642 1464 1678 non
1495 1625 1818 1692 diceremus,
1863 1641 1952 1680 co-

372 1727 557 1767 ronam
603 1715 722 1769 ideo
766 1731 869 1769 non
915 1715 1063 1779 dare,
1116 1716 1254 1786 quod
1298 1731 1399 1770 non
1446 1725 1644 1785 posset,
1689 1717 1781 1771 sed
1812 1716 1952 1786 quod

371 1806 536 1861 nollet
566 1807 734 1878 legem
777 1810 1125 1863 certaminum
1163 1809 1377 1873 violare,
1431 1826 1600 1879 neque
1636 1810 1771 1880 juris
1806 1811 1952 1864 ordi-

373 1914 493 1952 nem
524 1899 774 1955 turbare:
804 1903 881 1955 sic
925 1909 980 1956 et
1017 1899 1286 1955 Christum
1319 1901 1433 1956 hmc
1465 1902 1668 1956 dixisse
1706 1903 1950 1957 credide-

371 1990 494 2053 rim,
526 1991 759 2062 undique
790 1992 910 2046 illos
944 1993 1319 2059 concitantem,
1363 2005 1416 2048 ut
1453 2006 1569 2064 post
1599 1995 1692 2051 Dei
1724 1996 1947 2065 gratiam

373 2081 427 2134 in
479 2081 616 2135 bona
652 2098 811 2152 opera
861 2097 953 2137 sua
1001 2098 1148 2153 Spem
1193 2085 1379 2140 salutis
1403 2095 1459 2140 et
1486 2075 1666 2156 gloriae
1697 2086 1944 2142 referant.

371 2173 494 2228 Ideo
540 2173 688 2240 dicit,
738 2173 930 2240 Quibus
967 2186 1202 2245 paratum
1238 2187 1335 2232 est.
1389 2177 1525 2245 Quid
1555 2178 1720 2244 enim,
1767 2180 1860 2245 ait,
1904 2181 1948 2234 si

369 2267 458 2320 alii
480 2267 630 2321 vobis
652 2269 898 2323 meliores
929 2270 1258 2339 appareant?
1300 2270 1426 2340 quid
1475 2271 1521 2325 si
1567 2272 1787 2326 meliora
1821 2287 1952 2341 ope-

369 2361 596 2415 rentur?
647 2361 783 2416 Num
805 2362 926 2431 quia
953 2363 1196 2432 discipuli
1225 2361 1332 2418 mei
1362 2361 1554 2426 fuistis,
1599 2363 1722 2418 ideo
1750 2365 1950 2432 primos

368 2467 653 2507 consessus
679 2453 1026 2522 occupabitis,
1056 2454 1158 2508 nisi
1188 2454 1450 2509 electione
1487 2454 1630 2526 digni
1655 2455 1945 2526 judicemi-

369 2543 464 2596 ni?
511 2542 660 2611 Quod
694 2544 835 2600 enim
867 2545 980 2614 ipse
1005 2545 1074 2600 sit
1111 2545 1367 2600 Dominus
1415 2548 1668 2612 universi,
1695 2541 1816 2601 hinc
1849 2564 1946 2618 pa-

370 2635 474 2688 lam
521 2644 624 2699 est,
673 2636 813 2705 quod
845 2635 959 2706 ipse
990 2645 1156 2690 totum
1183 2635 1376 2692 habeat
1411 2636 1689 2708 judicium.
1737 2639 1946 2694 Etenim

369 2727 526 2782 Petro
575 2729 653 2782 sic
697 2727 826 2783 dicit
867 2747 881 2782 :
934 2727 1043 2799 Ego
1068 2728 1155 2782 tibi
1193 2728 1323 2783 dabo
1347 2728 1512 2784 claves
1537 2731 1680 2801 regni
1705 2731 1947 2785 cteforum

367 2821 580 2891 (Matth.
613 2821 700 2876 16.
733 2821 842 2891 19).
874 2822 941 2877 Et
981 2822 1178 2877 Paulus
1207 2823 1310 2877 hoc
1336 2822 1640 2893 signiﬁcans
1683 2824 1894 2881 dicebat
1928 2842 1942 2879 :

364 2917 430 2976 In
460 2919 646 2993 reliquo
674 2929 894 2994 reposita
924 2927 996 2978 est
1019 2917 1142 2977 mihi
1171 2934 1358 2976 corona
1374 2918 1614 2992 justitiie,
1646 2935 1797 2986 quam
1827 2921 1947 2974 red-

365 3016 446 3068 det
482 3015 606 3068 mihi
649 3015 892 3069 Dominus
909 3017 1080 3086 justus
1097 3017 1260 3086 judea:
1289 3016 1340 3068 in
1367 3017 1457 3068 illa
1487 3017 1568 3070 die
1598 3027 1616 3070 .'
1646 3029 1745 3066 non
1783 3003 1944 3067 solum

365 3115 534 3159 autem
561 3105 705 3171 mihi,
737 3106 825 3159 sed
851 3115 894 3159 et
923 3105 985 3159 iis
1024 3107 1250 3160 omnibus
1287 3107 1374 3176 qui
1415 3106 1631 3176 diligunt
1677 3105 1944 3163 adventum

362 3195 471 3262 eius
517 3197 593 3264 (2.
624 3194 758 3250 Tim.
789 3199 840 3251 4.
875 3197 951 3268 8).
1001 3198 1276 3252 Adventus
1304 3214 1432 3253 vero
1461 3199 1679 3264 Christi,
1722 3200 1810 3256 ille
1853 3204 1942 3271 qui

360 3287 465 3359 jam
499 3287 596 3342 fni't
628 3289 710 3342 hic
738 3288 951 3342 dicitur.
989 3289 1138 3356 Quod
1167 3300 1343 3344 autem
1373 3290 1595 3344 Paulum
1623 3307 1781 3346 nemo
1809 3308 1944 3363 pra:-

361 3395 612 3434 cessurus
661 3379 768 3445 sit,
811 3380 1058 3435 omnibus
1109 3381 1282 3450 palam
1331 3391 1435 3437 est.
1494 3381 1548 3436 Si
1596 3393 1773 3438 autem
1826 3383 1943 3440 hmc

361 3470 600 3526 Christus
649 3472 926 3526 obswrius
973 3473 1184 3538 dixerit,
1235 3489 1301 3526 ne
1346 3474 1600 3528 mireris:
1634 3475 1754 3528 illos
1797 3476 1938 3530 enim

361 3563 599 3626 dimittit,
630 3579 718 3618 res
749 3564 816 3616 ita
848 3564 1158 3632 disponens,
1194 3574 1248 3618 ut
1276 3581 1341 3618 ne
1375 3581 1432 3619 se
1485 3565 1552 3619 de
1593 3567 1764 3634 primo
1811 3581 1942 3620 con-

361 3669 511 3708 sessu
542 3662 739 3708 temere
781 3655 864 3708 vel
909 3654 1106 3709 fruSIra
1155 3656 1473 3711 turbarent:
1520 3671 1641 3710 nam
1695 3656 1822 3710 illud
1873 3673 1939 3711 ex

363 3746 596 3800 humano
623 3747 813 3801 affectu
843 3748 1081 3817 perpessi
1122 3757 1266 3814 sunt,
1317 3764 1416 3802 nec
1443 3749 1564 3804 illos
1588 3750 1793 3804 tristitin
1822 3749 1940 3803 affi-

359 3853 486 3893 cere
525 3839 730 3903 volcns,
769 3838 1096 3893 obscuritate
1133 3837 1247 3892 haec
1274 3839 1431 3893 ambo
1460 3841 1816 3910 consequitur.
1845 3840 1936 3894 24.

364 3928 504 3982 Tunc
545 3930 797 4000 indignati
835 3940 949 3983 sunt
989 3930 1157 3983 decem
1178 3931 1241 3984 de
1268 3930 1458 3984 duobus
1484 3931 1742 4000 fratribus.
1775 3931 1936 3996 Tunc,

359 4020 693 4087 quandonam
715 4021 738 4073 ?
763 4020 986 4089 Quando
1019 4021 1225 4075 scilicet
1252 4021 1372 4076 illos
1399 4021 1706 4091 increpavit.
1761 4025 1938 4080 Donec

360 4114 502 4166 enim
530 4129 589 4166 ea
631 4110 827 4167 Christi
877 4115 1137 4168 sententia
1166 4124 1302 4177 erat,
1336 4129 1440 4168 non
1488 4115 1934 4185 indignabantur;

361 4203 454 4256 sed
488 4204 726 4258 videntes
757 4205 875 4258 illos
906 4204 1164 4275 praeferri,
1219 4221 1282 4259 ex
1318 4205 1519 4260 honore
1559 4217 1613 4260 et
1641 4209 1937 4262 reverentia

362 4295 597 4364 magistri
651 4298 928 4362 tacebant,
977 4299 1188 4352 etiamsi
1232 4298 1412 4350 animo
1457 4299 1714 4362 dolerent,
1743 4301 1836 4353 sed
1885 4301 1936 4353 in

363 4388 596 4442 medium
651 4388 762 4441 lucc
814 4387 1004 4442 efferre
1061 4403 1164 4441 non
1233 4389 1516 4443 audebant.
1578 4388 1937 4460 Similiterque

359 4495 482 4548 erga
539 4479 749 4533 Petrum
801 4478 1087 4533 humanum
1138 4481 1262 4549 quid
1303 4481 1465 4550 passi,
1511 4480 1723 4550 quando
1762 4482 1937 4536 didra-

358 4569 518 4623 chma
565 4569 731 4633 dedit,
769 4586 873 4623 non
913 4570 1125 4640 indigne
1161 4572 1415 4635 tulerunt,
1471 4572 1564 4625 sed
1607 4581 1809 4625 tantmn
1858 4573 1933 4625 in-

359 4669 786 4731 terrogaverunt,
837 4661 960 4726 Quis
998 4664 1164 4735 major
1209 4671 1281 4716 est
1327 4662 1535 4733 (Matth.
1577 4663 1656 4718 l8.
1702 4663 1800 4735 i)?
1841 4665 1936 4719 llic

357 4764 534 4811 autem
582 4756 674 4811 ubi
715 4755 963 4810 viderunt
1005 4756 1294 4824 discipulos
1329 4756 1378 4809 id
1413 4768 1608 4825 petere,
1653 4757 1934 4827 indignan-

360 4857 464 4901 tnr.
494 4847 676 4917 Neque
703 4848 879 4901 statim
908 4846 1164 4917 indignati
1208 4858 1351 4913 sunt,
1397 4863 1516 4902 cum
1547 4857 1804 4917 peterent,
1836 4849 1933 4904 sed

357 4957 476 4995 cum
527 4940 819 5009 increpavit
862 4955 954 4994 eos
995 4940 1256 5003 Christus,
1295 4939 1531 5008 dixitque
1575 4940 1774 5009 primos
1807 4954 1935 4994 con-

358 5046 540 5086 s:-s~us
571 5046 674 5085 non
705 5040 1060 5100 occupaturos
1087 5031 1203 5085 illos
1224 5046 1364 5095 esse,
1409 5031 1508 5084 nisi
1531 5046 1589 5086 se
1616 5031 1720 5085 illis
1747 5031 1933 5102 dignos

357 5122 686 5176 exhiberem.

435 5214 488 5267 4.
519 5212 631 5268 Sibi
668 5212 791 5282 ipsis
819 5221 1174 5281 comparantur
1203 5211 1438 5281 apostoli,
1483 5221 1600 5266 ante
1621 5223 1666 5265 et
1691 5222 1803 5281 post
1831 5213 1898 5266 ad
1909 5241 1928 5253 -

359 5316 560 5359 ventum
589 5305 815 5374 Spiritus
863 5305 1046 5356 sancti.
1083 5301 1356 5357 Humilitas
1383 5304 1773 5374 magnitudinem
1800 5306 1933 5374 parit

356 5398 668 5467 gloriamque
709 5405 876 5466 auget.
903 5425 974 5435 —
1011 5395 1195 5448 Vidcn'
1219 5406 1472 5464 quantum
1501 5395 1793 5464 imperfecti
1817 5412 1934 5451 om-

360 5505 453 5544 nes
481 5500 680 5552 essent,
711 5499 821 5544 tum
851 5486 904 5541 hi
935 5488 1024 5556 qui
1054 5486 1240 5542 decem
1272 5486 1389 5541 illos
1420 5487 1722 5557 praecedere
1755 5498 1930 5543 tenta-

361 5583 505 5646 lrant,
537 5589 646 5634 tum
677 5577 860 5633 decem
887 5578 961 5632 illi
990 5577 1078 5649 qui
1105 5577 1313 5632 duobus
1343 5577 1686 5634 invidebant?
1711 5579 1839 5645 Sed,
1871 5590 1931 5637 ut

358 5672 487 5734 dixi,
515 5682 632 5740 post
660 5670 776 5724 hrec
799 5669 1020 5725 ostende
1045 5670 1166 5724 illos
1188 5668 1337 5736 mihi,
1368 5679 1423 5726 et
1449 5669 1654 5727 videbis
1682 5670 1928 5726 omnibus

361 5762 504 5818 hisee
528 5761 804 5818 affectibus
829 5777 1042 5818 vacuos.
1069 5760 1204 5818 Audi
1224 5761 1492 5832 quomodo
1519 5763 1607 5820 hic
1631 5767 1745 5836 ipse
1760 5764 1924 5822 Joan-

1392 311 1458 370 ῙΝ
1494 311 1900 372 ΜΑΤἸἪΕΙΙΜ
1937 315 2170 374 HOMIL.
2213 316 2373 372 LXV.
2413 318 2482 372 al.
2526 318 2705 374 ωίγι.

3551 329 3656 383 6‘22

2071 445 2189 494 nes,
2216 434 2306 501 qui
2334 447 2475 487 nunc
2507 433 2604 488 hac
2636 434 2891 489 de'causa
2918 437 3166 502 accessit,
3197 439 3398 508 primae
3437 455 3654 510 semper

2070 521 2230 577 Petro
2245 524 2420 587 cedat,
2443 535 2499 579 et
2517 527 2853 580 concionanIi
2877 537 2930 582 et
2954 531 3204 584 miracula
3227 533 3404 587 edenti
3429 534 3481 588 in
3503 537 3651 589 Acti-

2071 612 2168 666 hus
2191 616 2575 682 apostolorum.
2619 616 2804 686 Neque
2851 619 2968 688 ejus
3017 623 3267 688 praeclara
3311 634 3459 690 gesta
3488 626 3653 691 celat,

2069 704 2160 758 sed
2205 715 2260 759 et
2303 706 2698 763 confessionem
2731 721 2946 776 narrat,
2978 729 3135 782 quam
3178 714 3266 770 ille
3293 718 3539 771 oumibns
3563 729 3648 772 ta-

2067 797 2311 851 eentihus
2350 799 2552 866 emisit,
2595 807 2652 854 et
2679 801 2976 871 ingressum
3025 805 3076 858 in
3106 806 3432 874 sepulcrum,
3466 809 3646 862 illum-

2065 903 2168 955 que
2201 888 2216 918 ¹
2245 887 2344 942 sibi
2379 891 2639 960 praeponit
2669 891 2802 963 (Act.
2831 894 2924 965 5).
2953 893 3085 962 Quia
3113 897 3254 950 enim
3283 897 3441 952 ambo
3463 901 3641 953 cruci-

2067 979 2277 1048 figendo
2325 981 2541 1036 Christo
2594 982 2860 1050 aderant,
2919 986 3128 1041 laudem
3177 1004 3326 1044 suam
3366 990 3644 1046 succidens

2062 1067 2295 1123 Joannes
2321 1071 2395 1124 ait
2428 1089 2443 1125 :
2473 1071 2641 1128 Notus
2661 1084 2765 1127 erat
2782 1074 3060 1146 discipulus
3081 1077 3166 1132 ille
3181 1080 3463 1153 sacerdoti(
3484 1081 3641 1138 Joan.

2066 1160 2150 1215 i8.
2187 1159 2304 1235 16).
2351 1162 2581 1220 Jacobus
2633 1181 2762 1220 vero
2815 1183 2919 1221 non
2965 1170 3130 1224 multo
3176 1182 3359 1240 postea
3406 1183 3646 1244 tempore

2062 1253 2238 1308 vixit:
2288 1254 2357 1308 ab
2407 1256 2556 1310 initio
2601 1259 2742 1312 enim
2791 1275 2984 1331 magno
3034 1264 3298 1319 ferebatur
3330 1265 3546 1332 ardore,
3590 1278 3644 1323 ct

2063 1343 2240 1397 missis
2278 1344 2524 1400 hmnanis
2573 1350 2843 1416 onmibus,
2893 1352 2958 1406 ad
3001 1363 3107 1406 tam
3135 1355 3403 1411 ineffabile
3428 1358 3649 1414 culmen

2060 1437 2320 1501 ascendit,
2364 1449 2421 1491 ut
2463 1440 2640 1493 statim
2675 1442 3030 1498 occideretur.
3077 1444 3166 1500 Sic
3218 1457 3401 1516 postea
3445 1451 3644 1506 summi

2063 1526 2260 1582 virtute
2289 1544 2476 1583 omnes
2507 1530 2677 1586 effecti
2710 1542 2852 1588 sunt.
2883 1534 2988 1590 Sed
3039 1546 3164 1593 tunc
3191 1539 3447 1609 indignati
3489 1551 3637 1598 sunt.

2059 1618 2195 1682 Quid
2225 1635 2352 1690 ergo
2389 1621 2674 1678 Christus?
2699 1626 2786 1679 25.
2823 1625 2950 1680 Cum
2985 1627 3274 1686 advocasset
3299 1648 3416 1696 eos,
3464 1635 3591 1689 dixit
3619 1652 3642 1690 :

2061 1707 2328 1778 Principes
2355 1715 2579 1782 gentium
2606 1715 2932 1771 dominantur
2959 1735 3152 1774 eorum.
3197 1721 3327 1790 Quia
3358 1725 3501 1779 enim
3531 1735 3644 1781 tur-
3727 1739 3730 1742 ’

2059 1800 2164 1854 bati
2214 1814 2386 1866 erant,
2437 1807 2749 1862 advocando
2801 1811 2922 1865 illos
2964 1823 3250 1883 antequam
3309 1817 3634 1887 loqueretur,

2057 1900 2167 1947 tum
2188 1895 2535 1953 advocatione
2561 1900 2668 1966 illa,
2704 1911 2811 1956 tum
2832 1905 2970 1973 quod
2996 1907 3211 1976 propius
3240 1923 3298 1963 se
3321 1909 3639 1976 attraheret,

2058 1988 2177 2044 illos
2207 1989 2483 2059 mitigavit.
2517 1992 2648 2046 Nam
2676 1994 2780 2050 duo
2807 1996 2904 2057 illi.
2935 2013 3003 2052 ex
3031 2009 3171 2055 caatu
3200 2000 3385 2056 decem
3414 2014 3640 2059 caetero-

2057 2095 2173 2164 rmn
2227 2081 2499 2150 disjuncti,
2557 2100 2723 2154 prope
2772 2089 2983 2143 stabant
3035 2092 3277 2161 privatim
3336 2095 3636 2164 loquentes.

2055 2163 2179 2220 ideo
2209 2166 2331 2221 illos
2359 2183 2569 2238 quoque
2597 2186 2762 2240 prope
2794 2173 3020 2229 advocat
3045 2217 3059 2241 ,
3093 2184 3149 2230 et
3184 2178 3284 2232 hoc
3310 2163 3490 2247 modo,
3523 2190 3636 2236 tum

2053 2258 2217 2312 etiam
2245 2267 2302 2313 ut
2325 2260 2465 2330 quod
2491 2262 2578 2315 alii
2600 2263 2846 2318 dixerant
2871 2265 3103 2333 eti‘erret,
3128 2277 3182 2322 et
3205 2271 3415 2325 caneris
3439 2286 3635 2327 renun-

2055 2347 2215 2402 tiaret
2242 2391 2255 2414 ,
2285 2362 2582 2408 commotos
2614 2355 2803 2411 horum
2837 2356 3158 2429 illorumque
3196 2361 3406 2417 animos
3430 2365 3635 2420 solatus

2052 2448 2155 2493 est.
2182 2439 2368 2509 Neque
2393 2459 2530 2497 nunc
2562 2454 2618 2498 ut
2637 2454 2792 2500 antea
2821 2447 2974 2502 sedat
2997 2466 3012 2500 :
3045 2451 3191 2518 prius
3213 2453 3356 2508 enim
3384 2455 3636 2525 parvulos

2051 2531 2268 2586 adduxit
2297 2533 2620 2602 inmedium,
2654 2536 2974 2608 illorumque
2995 2540 3386 2612 simplicitatem
3413 2545 3633 2601 humili-

2052 2631 2320 2694 tatemqne
2348 2627 2541 2682 imitari
2563 2628 2757 2698 jussit;
2784 2629 2872 2686 hic
2897 2642 3074 2688 autem
3097 2635 3275 2690 acrius
3301 2636 3420 2692 illos
3442 2653 3470 2691 a
3498 2653 3630 2694 con-

2053 2717 2218 2769 trario
2252 2719 2422 2786 carpit.
2451 2719 2636 2775 dicens
2669 2739 2683 2776 :
2720 2720 2987 2794 Principes
3034 2727 3254 2796 gentium
3279 2728 3628 2797 dominantur,

2049 2819 2094 2862 et
2119 2809 2205 2880 qui
2232 2811 2402 2882 magni
2422 2822 2562 2879 sunt,
2589 2823 2882 2883 potestatem
2903 2829 3130 2872 exercent
3159 2819 3211 2872 in
3233 2835 3351 2886 eos;
3373 2819 3464 2876 26.
3491 2822 3635 2893 apud

2047 2916 2134 2955 vos
2153 2910 2319 2956 autem
2354 2921 2456 2958 non
2483 2905 2556 2958 ita
2593 2907 2687 2960 erit
2718 2925 2737 2959 :
2770 2909 2860 2960 sed
2885 2909 2972 2979 qui
3010 2911 3114 2964 vult
3146 2929 3357 2982 magnus
3396 2913 3525 2968 inter
3543 2931 3636 2970 vos

2047 3009 2174 3062 esse,
2200 2995 2281 3048 hic
2309 2996 2373 3050 sit
2401 2997 2627 3051 omnium
2651 2999 2876 3054 minister
2905 3017 2925 3054 :
2944 3002 3033 3056 27.
3060 3012 3108 3056 et
3125 3005 3212 3072 qui
3246 3006 3350 3058 vult
3375 3023 3479 3061 esse
3516 3009 3627 3078 pri-

2047 3100 2180 3154 mus,
2208 3085 2272 3144 sit
2297 3087 2520 3144 omnium
2548 3089 2754 3147 ultimus
2780 3107 2799 3144 :
2829 3091 3118 3148 ostendens
3146 3094 3271 3149 illud
3298 3096 3361 3149 ad
3389 3098 3631 3166 gentium

2044 3196 2248 3236 morem
2271 3183 2562 3251 accedere,
2586 3199 2706 3240 cum
2739 3183 2893 3254 primi
2911 3182 3105 3256 gradus
3124 3195 3467 3260 appetuntur.
3495 3187 3630 3246 Nam

2046 3273 2318 3345 tyrannica
2345 3275 2462 3331 hare
2490 3277 2666 3346 passio
2696 3288 2777 3332 est
2803 3318 2819 3344 ,
2847 3294 2948 3346 qua
2979 3279 3285 3349 frequenter
3318 3283 3492 3353 magni
3527 3283 3626 3338 viri

2045 3369 2413 3439 exagitantur;
2444 3370 2670 3441 ideoque
2699 3372 3093 3430 vehementiore
3117 3378 3461 3446 castigatione
3485 3379 3626 3433 indi-

2042 3473 2151 3532 get.
2183 3463 2517 3534 Quapropter
2541 3466 2655 3534 ipse
2701 3468 2909 3522 acriore
2955 3469 3107 3538 plaga
3157 3470 3351 3534 utitur,
3379 3470 3507 3526 dum
3557 3487 3633 3527 ex.

2042 3555 2281 3624 gentium
2323 3557 2721 3624 comparationc
2749 3566 3040 3614 tumentem
3067 3561 3304 3616 animum
3335 3561 3620 3631 pudefacit,

2043 3658 2099 3701 et
2127 3647 2314 3702 horum
2340 3649 2613 3715 invidiam,
2646 3649 2853 3704 illorum
2883 3654 3238 3722 arrogantiam
3266 3653 3527 3720 succidit;
3558 3670 3623 3710 ac

2043 3739 2352 3795 sidiceret:
2384 3739 2460 3795 Ne
2487 3740 2833 3812 indignemini
2876 3745 3026 3812 quasi
3057 3746 3377 3800 contumelia
3422 3746 3618 3800 affecti.

2043 3831 2261 3899 Seipsos
2289 3833 2519 3888 maxime
2551 3833 2746 3888 laedunt
2765 3875 2780 3900 ,
2805 3845 2853 3890 et
2880 3835 3143 3892 dedecore
3171 3837 3406 3891 afficiunt
3452 3838 3507 3900 ii,
3533 3840 3630 3910 qui

2043 3925 2326 3994 primatum
2356 3924 2626 3992 ambiunt;
2668 3942 2790 3981 nam
2834 3929 3076 3983 ultimum
3125 3930 3300 3985 locum
3339 3945 3623 4002 occupant.

2042 4016 2157 4070 Non
2183 4018 2324 4072 enim
2367 4033 2456 4072 res
2481 4018 2622 4088 apud
2674 4035 2774 4075 nos
2817 4035 2877 4075 se
2905 4021 3064 4076 habet
3107 4033 3164 4076 ut
3205 4023 3343 4092 apud
3386 4035 3620 4079 exteros.

2042 4108 2173 4162 Nam
2207 4107 2470 4180 Principes
2503 4111 2725 4181 gentium
2754 4111 3080 4167 dominantur
3114 4129 3328 4176 eorum;
3373 4115 3510 4184 apud
3537 4132 3631 4173 me

2041 4209 2217 4252 autem
2243 4199 2458 4254 ultimus
2480 4203 2681 4270 primus
2700 4211 2800 4256 est.
2823 4202 2900 4257 Ne
2919 4218 3044 4258 vero
3074 4212 3228 4274 putes
3249 4204 3364 4260 haec
3389 4222 3474 4262 me
3503 4208 3621 4262 sine

2041 4305 2198 4344 causa
2225 4290 2433 4352 dicere.
2463 4291 2613 4347 factis
2652 4293 2785 4348 meis
2811 4296 3113 4364 exemplum
3138 4311 3309 4351 sume.
3345 4297 3452 4368 Ego
3474 4300 3616 4352 enim

2040 4385 2159 4454 plus
2183 4382 2450 4452 quidpiam
2467 4383 2585 4437 feci.
2618 4383 2732 4438 Rex
2760 4385 2954 4454 quippe
2985 4401 3334 4456 supernorum
3365 4389 3619 4444 virtutum

2039 4492 2160 4530 cum
2187 4491 2381 4538 essem,
2408 4475 2571 4530 homo
2602 4477 2714 4530 fieri
2747 4475 2921 4542 volui,
2950 4485 3005 4531 et
3025 4479 3204 4548 sperni
3231 4489 3391 4550 atque
3421 4489 3614 4535 conlu-

2039 4568 2214 4622 meliis
2260 4566 2422 4622 affici.
2472 4566 2655 4638 Neque
2709 4567 2792 4622 his
2829 4579 3132 4636 contentus,
3183 4583 3410 4626 mortem
3454 4571 3617 4625 adivi.

2038 4659 2164 4715 Ideo
2183 4662 2257 4714 ait
2285 4679 2297 4714 :
2326 4660 2416 4714 28.
2445 4659 2614 4715 Filius
2640 4660 2856 4714 hominis
2884 4677 2986 4715 non
3022 4663 3155 4716 venit
3198 4673 3252 4716 ut
3279 4664 3608 4730 ministretur,

2037 4752 2126 4807 sed
2157 4761 2210 4805 ut
2237 4753 2502 4818 ministret,
2545 4761 2594 4805 et
2621 4752 2704 4806 det
2730 4753 2951 4806 animam
2975 4769 3122 4807 suam
3145 4753 3199 4808 in
3224 4755 3613 4824 redemptionem

2039 4861 2132 4914 pro
2160 4844 2352 4899 multis.
2377 4844 2558 4915 Neque
2597 4845 2741 4900 enim
2769 4845 2856 4900 hic
2882 4847 3091 4900 substiti
3116 4848 3137 4879 '
3165 4887 3181 4913 ,
3209 4847 3412 4918 inquit;
3440 4847 3534 4903 sed
3564 4859 3618 4905 et

2036 4938 2268 4992 animam
2289 4951 2460 4992 meam
2485 4936 2606 4992 dedi
2628 4937 2682 4990 in
2711 4936 3134 5008 redemptionem
3164 4955 3177 4992 :
3201 4947 3254 4992 et
3275 4953 3373 5008 pro
3389 4939 3616 5009 quibus?

2039 5030 2144 5084 Pro
2172 5029 2422 5084 inimicis.
2455 5029 2534 5083 Tu
2562 5044 2688 5084 vero
2717 5028 2762 5084 si
2789 5028 3097 5083 humiliatus
3118 5028 3300 5093 fueris,
3331 5045 3425 5100 pro
3447 5032 3626 5102 teipse

2037 5124 2152 5194 agis
2183 5141 2197 5177 :
2221 5138 2320 5194 ego
2348 5132 2525 5178 autem
2553 5138 2648 5192 pro
2679 5133 2750 5179 te.
2778 5122 2856 5178 Ne
2883 5123 3059 5193 itaque
3102 5123 3310 5189 timeas,
3338 5125 3489 5194 quasi
3517 5123 3613 5179 ho-

2037 5229 2222 5269 norem
2248 5225 2396 5268 tuum
2426 5214 2695 5268 amittens.
2730 5211 3229 5283 Quantumcumque
3248 5214 3390 5268 enim
3423 5223 3473 5269 te
3503 5215 3606 5270 hu-

2037 5306 2326 5361 miliaveris
2345 5346 2361 5371 ,
2392 5319 2496 5360 non
2521 5314 2676 5376 potes
2713 5313 2918 5359 tantum
2957 5304 3285 5361 descendere
3308 5347 3324 5372 ,
3353 5315 3610 5376 quantum

2069 5443 2086 5474 ι
2099 5447 2465 5502 Juxtagcrarcum
2480 5437 2746 5501 legendum
2759 5445 2852 5494 est,
2864 5436 3238 5502 apostolum/(ue.
3255 5446 3396 5490 Pcrro
3405 5446 3624 5494 Joanne;

2034 5503 2116 5574 hic
2137 5501 2372 5574 intelligit
2394 5509 2790 5574 Ifetrum,_quem
2823 5501 2919 5574 sibi
2939 5501 3224 5574 praeponit,
3250 5516 3348 5552 non
3387 5515 3448 5574 eo
3484 5505 3612 5565 quol

2035 5564 2123 5616 ille
2146 5569 2210 5614 sit
2231 5560 2499 5627 apostolus,
2540 5563 2630 5613 sed
2655 5560 2718 5612 eo
2739 5563 2868 5627 quod
2911 5560 2976 5627 sit
2997 5560 3227 5627 princeps
3264 5560 3607 5627 apostolorum.

2035 5623 2357 5697 Principatum
2379 5626 2507 5676 Petri
2532 5638 2625 5676 vox
2649 5623 2912 5689 apostolum
2934 5623 3197 5688 deSignare
3221 5623 3384 5689 potest
3413 5639 3502 5690 per
3521 5639 3616 5677 an-

2033 5697 2358 5739 tonomasnam.

2095 5773 2117 5804 ³
2132 5768 2401 5834 Alii,quasi
2421 5769 2620 5834 diceret,
2637 5771 2797 5837 Neque
2815 5769 2944 5824 enim
2964 5767 3043 5823 hic
3063 5767 3268 5824 substiti.
