4140 6376
492 334 597 387 015

493 448 750 505 Dominus
774 454 917 499 tuus.
941 442 1190 498 Attamen
1211 440 1298 495 hic
1325 438 1618 493 descensus
1633 435 1869 490 omnium
1890 446 2078 488 ascen-

492 554 586 594 sus
612 538 781 592 factus
819 545 939 601 est,
982 542 1036 588 et
1062 532 1283 603 gloriam
1327 532 1444 600 ejus
1488 527 1864 583 manifestavit.
1909 528 2076 580 Ante—

492 645 652 700 quam
698 627 840 681 enim
889 625 1042 679 fieret
1085 626 1266 687 homo,
1307 621 1374 675 ab
1397 619 1603 690 angelis
1653 626 1855 672 tantum
1883 630 2079 685 cogno-

493 721 740 777 scebatur
785 737 799 773 :
855 726 1129 786 postquam
1174 724 1350 767 autem
1404 712 1562 765 homo
1601 709 1772 764 factus
1813 717 1866 763 et
1907 706 2081 762 cruci-

494 815 632 867 fixus
659 820 759 875 est,
788 825 895 863 non
917 807 1074 861 modo
1117 806 1259 860 illam
1305 821 1410 859 non
1443 803 1633 858 minuit
1671 801 1918 873 gloriam,
1982 797 2075 852 sed

494 917 548 962 et
593 905 750 960 aliam
790 902 995 971 accepit
1045 915 1076 954 a
1131 898 1435 970 cognitione
1481 897 1647 951 orbis.
1701 894 1778 949 Ne
1827 907 1955 962 ergo
2011 891 2076 945 ti-

495 1011 684 1061 meas,
740 1009 802 1049 ac
875 993 919 1046 si
974 991 1145 1046 honor
1217 990 1309 1044 tibi
1371 986 1682 1054 auferatur,
1731 985 1775 1039 si
1847 985 2071 1052 teipsqu

496 1089 748 1144 humilies
798 1105 811 1140 :
868 1085 969 1140 hoc
1047 1084 1188 1140 enim
1243 1082 1402 1137 modo
1471 1079 1638 1150 magis
1692 1084 1914 1147 augetur
1983 1073 2075 1128 tibi

495 1181 660 1251 gloria
710 1179 813 1233 hoc
851 1176 1010 1231 modo
1049 1176 1218 1245 major
1256 1174 1501 1229 efficitur.
1556 1171 1679 1225 llaac
1723 1167 1868 1238 regni
1916 1166 2078 1235 janua

499 1250 599 1319 est.
643 1263 722 1319 Ne
762 1262 1083 1318 contrariam
1132 1262 1374 1313 ineamus
1416 1258 1578 1320 viam,
1636 1271 1702 1309 ne
1750 1254 1902 1307 nobis
1947 1250 2079 1321 ipsis

501 1358 698 1413 bellum
748 1356 1056 1411 inferamus.
1109 1353 1242 1409 Nam
1287 1353 1332 1406 si
1382 1351 1606 1405 velimus
1652 1348 1827 1413 magni
1873 1345 2075 1411 videri,

503 1466 606 1505 non
636 1448 811 1519 magni
849 1450 1049 1503 erimus
1074 1489 1089 1510 ,
1118 1445 1226 1498 imo
1254 1442 1490 1497 omnium
1541 1437 1901 1511 abjectissimi.
1935 1433 2080 1490 Vidi-

497 1543 619 1597 stin’
642 1539 911 1613 quomodo
941 1537 1277 1610 ubiqueillos
1300 1552 1329 1590 a
1352 1534 1636 1591 contrariis
1658 1534 1917 1597 hortetur,
1945 1529 2078 1584 dans

500 1644 677 1689 tamen
721 1633 849 1703 ipsis
905 1631 956 1685 id
1005 1629 1146 1699 quod
1203 1628 1538 1683 desiderant?
1588 1625 1801 1679 Etenim
1840 1622 2080 1694 pluribus

436 1766 444 1773 -
500 1726 552 1781 id
584 1741 742 1795 supra
773 1722 1142 1785 ostendimus;
1190 1728 1245 1774 et
1295 1720 1371 1773 sic
1409 1732 1621 1786 quoque
1668 1714 1813 1779 fecit,
1860 1728 1981 1767 cum
2011 1714 2078 1765 de

499 1816 673 1870 avaris
697 1814 828 1869 etde
851 1828 1001 1866 vanae
1024 1812 1203 1881 gloria:
1229 1808 1436 1877 cupidis
1460 1816 1726 1876 ageretur.
1758 1805 1864 1857 (Zur
1906 1802 2074 1866 enim,

504 1906 693 1977 inquit,
722 1920 903 1959 coram
934 1902 1238 1957 hominibus
1274 1899 1371 1953 das
1397 1893 1836 1967 eleemosynam?
1878 1902 1933 1945 ut
1958 1893 2074 1961 glo-

503 2000 579 2053 ria
610 1997 840 2053 fruaris?
882 1995 959 2050 Ne
985 1996 1054 2048 ita
1101 1992 1285 2056 facias,
1342 2000 1395 2045 et
1438 1989 1659 2059 gloriam
1710 1984 2075 2054 consequeris.

502 2089 608 2145 Cur
638 2088 913 2159 pecuniam
943 2084 1245 2139 accumulas
1262 2082 1285 2135 ?
1304 2090 1364 2135 ut
1399 2078 1671 2135 ditescas?
1696 2076 1773 2132 Ne
1801 2076 2077 2145 pecuniam

502 2195 781 2251 congeras,
809 2187 863 2233 et
887 2178 1135 2231 ditesces.
1165 2174 1253 2228 Sic
1276 2173 1436 2227 etiam
1469 2184 1609 2223 nunc
1641 2185 1653 2221 :
1678 2164 1851 2233 Quare
1880 2165 2078 2235 primas

502 2262 711 2327 ambis?
744 2281 800 2325 ut
838 2269 972 2323 alios
1002 2265 1314 2337 praecedas?
1344 2263 1597 2319 Ultimum
1628 2275 1755 2330 ergo
1785 2259 1955 2312 locum
1981 2256 2078 2310 de-

502 2368 626 2437 lige,
655 2377 708 2421 et
735 2365 932 2434 primas
976 2360 1222 2415 tenebis:
1268 2356 1396 2411 illud
1440 2356 1581 2410 enim
1622 2351 1827 2408 ambire
1874 2348 2079 2404 minimi

502 2468 606 2517 est.
637 2459 819 2529 Itaque
850 2457 891 2511 si
924 2455 1003 2509 vis
1034 2466 1255 2522 magnus
1292 2465 1445 2515 esse,
1476 2463 1543 2502 ne
1573 2459 1781 2516 quaaras
1801 2459 1921 2498 esse
1966 2458 2079 2496 ma-

504 2566 658 2623 gnus,
686 2559 741 2606 et
769 2560 895 2603 tunc
920 2560 1142 2616 magnus
1180 2542 1309 2598 eris.
1342 2538 1472 2594 Illud
1512 2538 1657 2593 enim
1681 2545 1764 2591 est
1801 2534 2078 2589 minimum

502 2658 643 2699 esse.

576 2759 629 2814 5.
657 2755 801 2811 Nihil
814 2752 1095 2807 humilitate
1115 2747 1400 2810 sublimius,
1422 2742 1794 2810 uihilsuperbia
1819 2739 2077 2810 abjectius.

504 2847 829 2919 Comparatio
870 2842 1071 2914 superbi
1099 2857 1213 2894 cum
1244 2837 1441 2890 humili.
1467 2865 1540 2875 --
1584 2832 1765 2887 Viden‘
1789 2847 1897 2902 quo
1927 2841 2080 2899 pacto

503 2943 624 2998 illos
670 2939 738 2994 ab
768 2939 866 2992 hoc
906 2934 1092 2988 morbo
1125 2930 1388 2993 abducat,
1423 2936 1477 2980 ut
1502 2924 1771 2987 ostendat,
1819 2923 1938 2976 illos
1977 2921 2078 2974 huc

505 3033 664 3089 modo
690 3030 957 3091 excidere,
984 3025 1073 3079 illo
1111 3034 1287 3076 autem
1315 3035 1427 3074 rem
1454 3015 1741 3084 consequi;
1781 3023 1837 3066 ut
1864 3014 1964 3066 hoc
1999 3014 2079 3065 l'u-

504 3127 669 3197 giant,
703 3121 829 3176 illud
853 3127 1159 3188 sequantur.
1192 3114 1389 3169 Gentes
1409 3117 1586 3163 autem
1610 3107 1730 3160 ideo
1752 3120 2080 3159 commemo-

505 3218 662 3284 ravit,
692 3225 749 3270 ut
776 3229 886 3268 rem
911 3210 1175 3265 dedecore
1206 3207 1414 3275 plenam
1442 3212 1500 3257 ut
1522 3198 1931 3255 abominabilem
1962 3212 2084 3250 esse

504 3314 914 3368 demonstraret.
946 3303 1077 3357 Nam
1105 3305 1443 3368 arrogantem
1471 3307 1691 3347 necesse
1719 3298 1801 3345 est
1823 3289 2074 3342 humilem

505 3405 677 3468 effici,
703 3410 760 3456 et
798 3397 1027 3452 vicissim
1057 3392 1310 3447 humilem
1351 3388 1633 3442 sublimem
1674 3383 1922 3439 evadere.
1956 3382 2082 3435 llzec

504 3497 646 3552 enim
672 3508 796 3547 vera
822 3502 904 3545 est
929 3499 1285 3559 germanaque
1304 3480 1622 3543 sublimitas,
1647 3492 1765 3547 quae
1792 3491 1890 3530 nec
1919 3477 1969 3528 in
1988 3491 2087 3528 no-

505 3590 667 3653 mine,
692 3600 793 3640 nec
818 3584 868 3637 iu
886 3578 1239 3650 appellatione
1260 3572 1520 3629 consistit.
1544 3570 1613 3624 Et
1635 3578 1851 3623 externa
1869 3567 2081 3636 quidem

502 3678 768 3738 celsitudo
794 3670 1125 3730 necessitatis
1150 3678 1309 3736 atque
1332 3664 1537 3718 timoris
1560 3671 1642 3716 est
1671 3679 1683 3714 :
1711 3661 1824 3714 haec
1838 3675 1966 3713 vero
1988 3658 2082 3712 Dei

504 3770 801 3831 celsitudini
828 3764 1017 3821 similis
1062 3771 1163 3816 est.
1205 3759 1303 3826 Qui
1338 3759 1437 3810 hoc
1478 3754 1637 3809 modo
1678 3751 1919 3806 sublimis
1961 3759 2080 3817 est,

503 3865 711 3920 etiamsi
739 3858 878 3929 apud
908 3855 1177 3910 neminem
1205 3845 1544 3905 admirationi
1575 3845 1662 3907 sit,
1696 3842 1941 3897 excelsus
1964 3856 2080 3895 ma-

506 3965 595 4011 net
623 3973 637 4009 :
669 3960 726 4006 nt
748 3958 931 4005 contra
965 3945 1246 4015 superbus,
1269 3939 1473 3994 etiamsi
1497 3936 1563 3989 ab
1582 3935 1829 3989 omnibus
1851 3934 2081 3996 colatur,

507 4048 740 4106 ninnium
768 4051 850 4099 est
890 4039 1235 4094 humillimus.
1270 4036 1333 4087 lit
1362 4033 1447 4085 ille
1476 4029 1689 4099 quidem
1741 4027 1910 4080 honor
1944 4025 1994 4078 vi
2027 4033 2084 4079 et

510 4137 830 4194 necessitate
874 4139 1018 4192 stat,
1048 4129 1272 4194 ideoque
1306 4122 1455 4176 facile
1495 4118 1715 4182 defluit;
1746 4117 1831 4171 hic
1865 4132 1992 4168 vero
2016 4130 2083 4169 ex

507 4228 780 4301 proposito
802 4221 1106 4283 voluntatis,
1142 4217 1280 4270 unde
1308 4218 1363 4268 fit
1390 4223 1453 4267 ut
1480 4214 1663 4266 firmus
1695 4219 1920 4263 maneat.
1951 4208 2082 4262 Nam

504 4334 557 4377 ct
587 4328 801 4377 sanctos
831 4316 951 4369 ideo
977 4313 1231 4366 miramur
1252 4349 1265 4369 ,
1292 4305 1431 4375 quod
1456 4319 1573 4357 cum
1603 4303 1837 4355 omnimn
1869 4301 2084 4353 maximi

504 4426 721 4476 essent,
772 4426 831 4465 se
864 4407 1099 4461 omnium
1144 4400 1374 4456 maxime
1419 4396 1647 4450 humiles
1706 4394 2086 4454 exhibuerunt,

509 4510 737 4577 Ideoque
758 4504 822 4557 ad
851 4502 986 4554 hanc
1010 4511 1177 4565 usque
1204 4492 1345 4547 diem
1370 4489 1626 4544 sublimes
1654 4470 1889 4550 manent,
1924 4484 2083 4538 nihil-

505 4617 608 4671 qne
634 4610 779 4652 mors
800 4609 863 4647 ex
895 4591 980 4645 illa
1009 4585 1322 4644 celsitudine
1347 4580 1595 4649 dempsit.
1627 4577 1684 4632 Si
1714 4577 1882 4646 placet
1908 4585 2085 4629 autem

507 4666 871 4746 ratiocinando
908 4681 1011 4735 hoc
1054 4680 1226 4749 ipsum
1270 4674 1627 4743 exploremus.
1675 4669 1826 4723 Altus
1870 4666 2081 4737 quidam

508 4786 632 4839 hinc
659 4780 872 4839 dicitur.
907 4791 1026 4829 cum
1056 4768 1375 4842 proceritate
1415 4764 1657 4834 corporis
1692 4763 1810 4815 talis
1849 4770 1953 4823 est,
1998 4760 2083 4815 Vel

510 4891 624 4930 :qu
664 4873 717 4926 in
748 4870 857 4923 alto
885 4868 1003 4921 loco
1044 4872 1170 4928 stat,
1200 4858 1415 4913 humilis
1456 4872 1581 4910 vero
1607 4873 1638 4908 e
1666 4853 1952 4907 contrario.
1988 4850 2079 4904 Vi-

510 4967 727 5021 'Jeamus
754 4961 912 5032 igitur
937 4957 1056 5027 quis
1085 4955 1223 5009 altus
1248 4953 1336 5016 sit,
1365 4948 1645 5019 superbus,
1673 4961 1739 4998 an
1769 4943 2039 4998 modestus
2067 4960 2081 4998 :

506 5066 565 5111 ut
587 5055 762 5109 discas
783 5095 798 5119 ,
841 5049 975 5105 nihil
1005 5062 1124 5102 esse
1154 5042 1453 5098 humilitate
1503 5036 1815 5100 sublimius,
1845 5035 1971 5088 nihil
2003 5051 2084 5089 su—

511 5144 690 5217 perbia
716 5142 991 5212 abjectius.
1022 5137 1154 5193 Nam
1187 5146 1439 5203 arrogans
1463 5140 1517 5185 et
1553 5127 1816 5196 superbus
1845 5126 2080 5180 omnimn

509 5216 620 5290 vult
646 5249 765 5289 esse
801 5233 1092 5295 maximus,
1125 5226 1497 5293 neminemque
1523 5236 1581 5274 se
1613 5220 1829 5288 dignum
1857 5232 1977 5272 esse
2002 5216 2081 5269 di-

506 5332 600 5396 cit,
632 5337 685 5382 et
710 5332 1197 5395 quantumcumque
1242 5314 1459 5370 honoris
1489 5319 1872 5379 consequatur,
1906 5308 2077 5378 majo-

507 5437 623 5477 rem
653 5430 867 5484 semper
892 5412 1114 5483 requirit
1137 5418 1191 5465 et
1235 5407 1418 5468 ambit,
1442 5420 1503 5458 ac
1532 5402 1660 5457 nihil
1692 5416 1752 5456 se
1781 5413 2086 5467 consequu-

509 5523 619 5567 tum
656 5508 976 5569 arbitratur;
1005 5501 1099 5558 sed
1128 5500 1331 5570 spernit
1352 5497 1612 5558 homines,
1638 5493 1956 5560 illorumque
1984 5488 2083 5543 ho-

510 5616 694 5658 norem
717 5596 964 5667 requirit;
997 5608 1101 5663 quo
1128 5589 1253 5660 quid
1278 5584 1690 5643 irrationabilius
1714 5596 1834 5637 esse
1866 5578 2080 5651 possit?

510 5694 717 5750 Etenim
750 5688 876 5745 illud
904 5683 1171 5757 :enigmati
1205 5682 1381 5737 simile
1402 5687 1503 5735 est.
1552 5676 1696 5745 Quos
1737 5674 1878 5730 enim
1907 5671 2088 5740 despi-

508 5787 617 5855 cit,
657 5788 724 5841 ab
753 5784 858 5841 illis
886 5781 1108 5855 gloriam
1133 5775 1342 5850 quaarit.
1374 5773 1555 5830 Viden‘
1582 5785 1688 5843 quo
1719 5780 1871 5839 paeto
1902 5767 1969 5833 is,
1992 5762 2080 5834 qui

1215 327 1272 381 S.
1311 322 1588 380 JOANNIS
1624 314 2100 375 CHRYSOSTOMI
2138 314 2459 372 ARCHIEP.
2496 314 3030 373 CONSTANTINOP.

3658 325 3761 379 62b

2186 445 2246 486 se
2294 431 2451 488 altius
2499 432 2727 497 extollit,
2768 432 2988 498 decidit,
3026 444 3185 504 atque
3232 434 3376 489 humi
3416 435 3602 506 jacet?
3629 440 3760 495 Nam

2182 523 2325 594 quod
2354 535 2575 580 cancros
2602 525 2843 581 homines
2872 527 2970 582 sibi
3011 539 3347 597 comparatos
3370 530 3498 584 nihil
3527 546 3645 584 esse
3669 550 3761 600 pu-

2184 621 2282 679 tet,
2336 630 2403 668 ex
2432 615 2549 682 ipso
2577 615 2896 686 arrogantiae
2940 618 3155 672 nomine
3196 619 3453 686 arguitur.
3495 619 3604 674 Cur
3630 636 3760 692 ergo

2182 705 2354 758 curris
2381 704 2447 758 ad
2487 720 2609 760 eum
2644 707 2732 776 qui
2769 707 2845 761 nil
2870 706 2993 762 est?
3016 723 3112 763 cur
3152 708 3333 763 abillo
3364 710 3560 779 qumris
3586 710 3758 767 hono—

2182 798 2338 851 rem?
2385 813 2481 852 cur
2521 808 2599 853 tot
2637 799 2818 854 turbas
2861 800 3217 871 circumagis?
3272 801 3461 857 Viden’
3501 803 3756 862 humilem

2182 903 2344 959 super
2374 889 2561 944 humili
2598 891 2866 946 stantem?
2916 893 3049 962 Age,
3099 907 3224 946 eum
3269 891 3361 961 qui
3399 892 3641 947 sublimis
3681 908 3763 949 est

2183 981 2567 1035 examinemus.
2595 981 2692 1037 Hic
2713 982 2860 1037 novit
2879 990 3133 1051 quantum
3167 984 3237 1036 sit
3261 981 3421 1038 homo
3446 1001 3459 1036 :
3485 985 3631 1039 novit
3652 1002 3762 1038 ma-

2184 1090 2343 1143 gnum
2371 1089 2489 1128 esse
2518 1073 2788 1128 hominem
2815 1116 2832 1141 ,
2859 1089 3023 1144 seque
3043 1074 3279 1128 omnium
3311 1085 3635 1144 postremum
3668 1092 3763 1145 pu-

2185 1166 2292 1222 tat;
2318 1157 2436 1212 ideo
2453 1160 2937 1229 quantulocumque
2956 1158 3161 1213 fruatur
3186 1160 3406 1222 honore,
3435 1159 3486 1213 id
3508 1175 3759 1229 maguum

2183 1264 2303 1304 esse
2346 1258 2512 1319 putat.
2547 1248 2728 1320 Itaque
2758 1250 2843 1304 hic
2887 1249 2986 1304 sibi
3015 1259 3246 1315 constat,
3275 1259 3461 1320 estque
3495 1251 3757 1311 sublimis,

2184 1357 2247 1397 ac
2273 1342 2592 1397 sententiam
2621 1358 2726 1396 non
2760 1351 2929 1395 mutat
2960 1359 2974 1395 :
3008 1357 3142 1411 quos
3168 1342 3310 1395 enim
3332 1357 3551 1412 magnos
3581 1352 3723 1412 putat
3745 1384 3758 1401 .

2184 1434 2373 1489 horum
2403 1433 2636 1488 honores
2674 1447 2894 1503 magnos
2937 1448 3057 1487 esse
3083 1433 3386 1498 existimat,
3411 1434 3620 1489 etiamsi
3652 1435 3763 1487 exi-

2182 1529 2270 1599 gui
2293 1542 2411 1582 esse
2437 1527 2731 1589 videantur,
2757 1528 2878 1591 quia
2900 1525 3105 1580 scilicet
3144 1540 3365 1595 magnos
3397 1526 3512 1581 illos
3533 1526 3763 1580 arbitra-

2184 1630 2290 1674 tur.
2317 1621 2587 1688 Arrogans
2612 1628 2819 1680 contra,
2842 1631 2935 1672 eos
2958 1616 3048 1687 qui
3077 1631 3138 1672 se
3164 1616 3447 1682 honorant,
3478 1617 3610 1671 nihil
3642 1632 3763 1672 esse

2183 1718 2351 1780 putat,
2383 1708 2475 1763 sed
2504 1708 2734 1762 honores
2762 1706 2829 1761 ab
2851 1707 2955 1761 illis
2984 1707 3251 1762 exhibitos
3281 1722 3501 1777 magnos
3524 1708 3761 1762 arbitra-

2188 1812 2291 1856 tur.
2324 1802 2553 1855 Rursum
2586 1801 2799 1854 humilis
2832 1816 2863 1855 a
2908 1800 3053 1854 nullo
3098 1800 3304 1870 capitur
3327 1801 3490 1855 animi
3522 1802 3711 1856 morbo
3744 1821 3756 1852 :

2186 1910 2291 1948 non
2336 1895 2412 1947 ira
2457 1894 2627 1963 ipsum
2669 1893 2938 1963 exagitare
2970 1894 3184 1963 poterit,
3216 1909 3320 1947 non
3352 1894 3535 1963 gloriae
3582 1910 3755 1957 amur,

2185 2004 2293 2043 non
2324 1988 2520 2042 invidia
2544 2028 2558 2052 ,
2588 2002 2693 2041 non
2729 1986 2898 2052 livor;
2936 1986 3113 2040 anima
3154 2002 3283 2041 vero
3321 1988 3403 2040 his
3432 1987 3633 2042 morbis
3664 1989 3759 2043 imo

2184 2080 2330 2134 muni
2374 2078 2500 2148 quid
2531 2076 2837 2132 excelsius?
2880 2077 3154 2147 Arrogans
3197 2086 3372 2130 autem
3404 2075 3488 2130 his
3516 2078 3761 2132 onmibus

2185 2179 2479 2240 occupatur
2507 2168 2726 2232 morbis,
2755 2166 2905 2238 quasi
2923 2168 3115 2223 vermis
3144 2167 3197 2222 in
3217 2182 3372 2222 emno
3393 2182 3451 2223 se
3474 2169 3716 2224 volutans
3742 2186 3755 2223 :

2184 2278 2304 2317 nam
2337 2262 2491 2326 livor,
2525 2260 2722 2315 invidia
2744 2302 2760 2326 ,
2793 2260 2869 2314 ira
2901 2274 3110 2329 semper
3150 2259 3265 2329 ejus
3292 2261 3527 2314 animum
3576 2264 3758 2331 exagi-

2183 2364 2315 2409 tant.
2350 2354 2481 2422 Quis
2523 2367 2653 2423 ergo
2700 2352 2944 2427 sublimis
2968 2352 3088 2407 est?
3115 2366 3183 2406 an
3214 2351 3304 2421 qui
3352 2352 3551 2406 morbis
3596 2354 3757 2407 animi

2184 2447 2428 2518 superior
2447 2454 2548 2513 est,
2580 2460 2646 2499 an
2674 2445 2760 2515 qui
2789 2460 2973 2499 eorum
3003 2444 3229 2500 servus?
3251 2460 3317 2499 an
3340 2445 3429 2514 qui
3459 2445 3542 2499 illa
3581 2447 3758 2499 tremit

2182 2548 2238 2593 et
2266 2537 2535 2604 formidat,
2563 2552 2631 2590 an
2653 2536 2740 2607 qui
2773 2537 2999 2591 invictus
3019 2544 3125 2604 est,
3151 2548 3204 2592 et
3235 2552 3519 2607 numquam
3561 2538 3628 2590 ah
3656 2538 3760 2592 illis

2182 2629 2428 2698 capitur?
2454 2632 2621 2695 Quam
2652 2644 2803 2683 avem
2830 2628 3122 2683 dixerimus
3138 2629 3297 2682 altius
3320 2630 3515 2690 volare,
3547 2647 3610 2683 an
3638 2646 3756 2700 qua:

2184 2722 2430 2777 manibus
2462 2732 2515 2776 et
2544 2720 2890 2775 arundinibus
2918 2722 3186 2776 venatoris
3215 2721 3370 2775 altior
3410 2731 3516 2786 est,
3542 2739 3604 2774 an
3637 2738 3753 2775 eam

2184 2816 2271 2869 cui
2296 2813 2565 2883 capiendae
2600 2822 2818 2867 venator
2838 2812 3097 2867 arundine
3118 2826 3220 2867 non
3249 2823 3390 2883 eget,
3422 2813 3558 2883 quod
3584 2814 3752 2868 humi-

2188 2908 2289 2962 lius
2310 2906 2474 2970 volet,
2505 2920 2603 2959 nec
2635 2906 2804 2975 possit
2827 2904 2933 2957 alta
2961 2904 3179 2973 petere?
3204 2903 3346 2957 Talis
3368 2914 3451 2959 est
3470 2919 3757 2973 arrogans;

2188 3015 2310 3055 nam
2341 2996 2512 3067 quivis
2543 2997 2763 3066 laqueus
2805 2996 2975 3065 ipsum
3005 2995 3159 3050 facile
3196 2995 3355 3064 capit,
3392 3004 3572 3064 utpote
3615 2994 3757 3048 humi

2184 3100 2456 3161 repentem
2467 3131 2480 3144 .

2255 3184 2308 3238 6.
2339 3180 2395 3237 Si
2426 3182 2503 3235 vis
2543 3191 2718 3234 autem
2746 3221 2761 3245 ,
2789 3194 2854 3233 ex
2883 3178 3112 3249 maligno
3137 3193 3346 3247 quoque
3375 3177 3617 3232 d.emone
3661 3178 3759 3233 hoc

2186 3275 2357 3344 ipsum
2385 3273 2625 3341 eXpIora.
2654 3270 2791 3338 Quid
2820 3269 3033 3323 diabolo
3059 3269 3341 3323 demissius
3367 3279 3466 3335 est,
3490 3269 3609 3337 quia
3642 3284 3760 3324 sese

2185 3365 2409 3420 extulit?
2438 3365 2561 3435 quid
2584 3364 2796 3418 homine
2822 3363 3101 3425 excelsius,
3135 3363 3175 3417 si
3204 3362 3419 3417 humilis
3447 3378 3565 3417 esse
3594 3363 3762 3417 velit?

2188 3457 2282 3512 Ille
2303 3458 2443 3512 enim
2471 3455 2614 3509 humi
2640 3455 2777 3522 repit
2799 3454 2898 3508 sub
2922 3454 3176 3508 calcaneo
3205 3463 3387 3507 nostro
3406 3455 3611 3524 positus
3644 3472 3656 3507 :
3688 3455 3761 3507 ait

2188 3550 2353 3614 enim,
2378 3548 2580 3603 Calcate
2624 3564 2775 3618 super
2809 3558 3062 3617 serpentes
3090 3557 3136 3600 et
3160 3548 3446 3615 scorpiones
3473 3545 3640 3615 (Luc.
3676 3547 3757 3600 l0.

2189 3644 2293 3716 19)
2320 3660 2334 3709 ;
2368 3643 2452 3697 hic
2474 3657 2599 3697 vero
2629 3656 2748 3695 cum
2778 3642 2981 3709 angelis
3008 3656 3239 3709 superne
3287 3649 3410 3692 stat.
3445 3639 3500 3693 Si
3533 3638 3759 3708 idipsum

2190 3756 2255 3795 ex
2276 3739 2519 3808 superbis
2542 3736 2845 3791 hominibus
2864 3735 3071 3789 discere
3089 3735 3219 3788 velis
3239 3776 3252 3799 ,
3279 3735 3454 3802 cogita
3479 3734 3759 3787 barbarum

2191 3835 2375 3897 illum,
2407 3832 2494 3901 qui
2528 3839 2729 3885 tantum
2759 3827 2948 3898 agebat
2972 3827 3260 3882 exercitum
3283 3866 3298 3890 ,
3344 3827 3432 3894 qui
3463 3840 3530 3879 ne
3562 3840 3624 3878 ea
3649 3824 3763 3894 qui-

2190 3925 2310 3980 dem
2361 3924 2523 3977 sciret
2564 3936 2683 3990 quae
2722 3919 2968 3974 omnibus
3018 3919 3226 3987 cognita
3271 3925 3483 3979 essent;
3534 3915 3762 3983 exempli

2192 4031 2351 4073 causa
2374 4014 2513 4084 quod
2544 4014 2677 4081 lapis
2705 4021 2846 4066 esset
2875 4012 3026 4081 lapis,
3049 4011 3185 4080 quod
3210 4010 3345 4063 idola
3375 4018 3555 4062 essent
3580 4007 3716 4062 idola
3746 4024 3759 4059 :

2191 4110 2416 4178 ideoque
2446 4107 2528 4159 his
2554 4104 2773 4159 inferior
2801 4113 2935 4157 erat.
2968 4103 3042 4156 Pii
3074 4118 3200 4155 vero
3226 4111 3279 4155 et
3305 4100 3494 4154 fideles
3523 4099 3657 4152 ultra
3678 4113 3763 4151 so-

2192 4203 2295 4257 lem
2325 4197 2721 4262 conscendunt;
2751 4196 2817 4249 iis
2836 4194 2959 4264 quid
2984 4193 3262 4247 sublimius
3283 4207 3402 4246 esse
3430 4190 3638 4261 possit?
3662 4189 3762 4256 Qui

2191 4296 2334 4366 ipsas
2362 4293 2522 4348 etiam
2552 4291 2665 4345 caeli
2713 4288 2945 4344 fornices
2994 4286 3396 4349 transcendunt,
3451 4294 3505 4338 et
3544 4283 3764 4353 angelos

2191 4383 2598 4457 praetergressi,
2648 4382 2746 4450 ipsi
2796 4381 2930 4434 solio
2984 4379 3130 4448 regio
3183 4378 3414 4431 adstant.
3475 4375 3540 4431 Ut
3586 4384 3760 4427 autem

2190 4476 2402 4531 aliunde
2440 4473 2799 4543 arrogantium
2831 4471 3086 4525 vilitatem
3115 4483 3371 4538 agnoscas
3401 4507 3416 4524 .
3446 4467 3564 4536 quis
3593 4466 3762 4519 Immi-

2191 4567 2408 4623 Iiabitur
2430 4581 2493 4621 ac
2518 4564 2818 4632 dejicietur,
2849 4561 2963 4615 isne
2989 4561 3075 4630 qui
3104 4575 3131 4613 a
3172 4560 3279 4614 Deo
3315 4557 3547 4627 juvatur,
3579 4571 3644 4610 an
3677 4557 3762 4625 qui

2191 4673 2220 4711 a
2249 4658 2358 4712 Deo
2385 4653 2762 4724 impugnatur?
2809 4651 2857 4705 Is
2885 4650 3064 4719 procul
3096 4649 3258 4703 dubio
3285 4649 3373 4718 qui
3398 4648 3760 4718 impugnatur.

2192 4753 2329 4808 Audi
2379 4750 2536 4820 igitur
2575 4747 2699 4818 quid
2744 4745 2812 4800 de
2851 4745 2935 4800 his
2977 4743 3235 4799 ambobus
3281 4742 3422 4797 dicat
3456 4736 3761 4810 Scriptura:

2193 4844 2331 4898 Deus
2374 4842 2601 4913 superbis
2646 4838 2850 4904 resistit,
2902 4835 3171 4889 humilibus
3209 4842 3375 4887 autem
3418 4831 3506 4884 dat
3550 4829 3766 4900 gratiam

2195 4933 2334 5006 (Jac.
2366 4933 2419 4988 4.
2452 4931 2542 5002 6).
2575 4930 2742 4985 Aliam
2771 4929 2962 4983 iterum
2998 4924 3215 4979 afferam
3276 4920 3765 4991 interrogationem.

2191 5025 2319 5094 Quis
2359 5022 2671 5088 sublimior,
2706 5020 2794 5090 qui
2836 5032 2987 5072 sacra
3020 5016 3129 5070 Deo
3158 5013 3302 5076 facit,
3356 5021 3409 5066 et
3446 5009 3764 5065 sacrificium

2192 5118 2367 5183 offert,
2395 5123 2488 5169 aut
2519 5114 2607 5185 qui
2633 5111 2818 5183 procul
2846 5125 2878 5164 a
2907 5109 3016 5163 Deo
3044 5106 3246 5161 nullam
3287 5104 3339 5159 in
3359 5118 3479 5157 eum
3520 5101 3763 5156 fiduciam

2192 5209 2394 5266 habet?
2423 5209 2490 5263 Et
2512 5206 2647 5277 quod
2672 5202 3015 5267 sacrificium,
3036 5199 3261 5268 inquies,
3285 5195 3498 5251 humilis
3526 5194 3613 5249 ille
3640 5191 3765 5246 offe-

2193 5303 2313 5359 ret?
2344 5300 2483 5356 Audi
2534 5296 2784 5352 Davidem
2810 5294 3073 5349 dicentem
3120 5308 3133 5343 :
3163 5288 3487 5356 Sacrificium
3532 5283 3639 5337 Deo
3664 5283 3768 5352 spi-

2192 5395 2317 5449 ritus
2337 5388 2847 5451 contribulalus;cor
2890 5385 3156 5437 contritum
3182 5389 3227 5434 et
3268 5378 3588 5431 humiliatum
3634 5372 3768 5426 Deus

2192 5503 2294 5541 non
2315 5483 2551 5555 despiciet
2578 5479 2747 5547 (Psal.
2773 5479 2859 5535 50.
2892 5477 3003 5549 I9).
3028 5473 3271 5530 Vidistin’
3292 5472 3409 5542 ejus
3436 5467 3761 5540 puritatem?

2194 5578 2339 5633 Illius
2364 5573 2726 5644 impuritatem
2780 5568 2985 5638 reSpice
3029 5584 3042 5620 :
3086 5581 3206 5619 nam
3236 5564 3309 5618 ait
3358 5560 3646 5630 :lmpurus
3697 5564 3769 5610 est

2193 5669 2331 5739 apud
2359 5666 2521 5721 Deum
2545 5662 2706 5718 omnis
2729 5661 2813 5730 qui
2840 5668 2912 5713 est
2939 5659 3041 5713 alto
3079 5657 3229 5711 corde
3251 5655 3437 5725 (Prov.
3469 5652 3555 5707 IG.
3588 5651 3662 5720 5).
3687 5647 3766 5701 Ad

2201 5761 2313 5817 haec
2340 5760 2392 5816 in
2418 5758 2585 5814 altero
2632 5754 2775 5810 Deus
2801 5750 3084 5822 requiescit
3112 5766 3125 5805 :
3159 5746 3329 5819 Super
3356 5762 3499 5815 quem
3525 5742 3655 5797 enim
3683 5755 3763 5793 re-
