4140 6376
265 505 278 518 ⁸
346 489 579 559 spiciam,
603 483 704 538 nisi
724 497 878 553 super
898 489 1213 534 mansuetum
1231 485 1280 534 et
1303 479 1548 550 quietum,
1566 486 1611 531 et
1636 484 1934 531 trementem

347 576 496 632 verba
521 573 794 643 mea(lsai.
817 572 906 627 66.
928 571 1038 642 2)?
1067 571 1216 626 Alter
1236 585 1364 625 vero
1385 585 1504 625 cum
1535 569 1749 624 diabolo
1771 567 1935 622 trahi-

347 681 437 727 tur
471 688 486 725 :
517 668 733 724 inflatus
761 667 904 722 enim
935 665 1134 720 diaboli
1161 664 1421 734 supplicia
1452 663 1606 719 feret.
1637 661 1762 716 Ideo
1791 661 1930 715 Pau-

349 765 435 818 lus
463 761 676 818 dicebat
708 777 723 814 :
750 758 834 814 Ne
863 761 993 830 forte
1019 759 1071 811 in
1087 757 1375 824 superbiam
1403 756 1587 820 elatus,
1608 757 1659 807 in
1675 753 1932 825 judicium

348 855 545 910 incidat
570 853 762 908 diaboli
792 851 869 926 (1.
899 851 1030 906 Tim.
1059 851 1112 906 ὅ.
1153 849 1230 921 6).
1261 850 1339 903 Ac
1363 859 1548 902 contra
1588 861 1801 917 semper
1829 847 1929 915 ipsi

348 949 548 1014 evenit,
567 962 727 1018 quam
755 945 902 1001 velit.
938 943 1064 998 Vult
1089 944 1230 998 enim
1259 943 1370 1011 ipse
1396 941 1706 1011 superbire,
1742 949 1800 993 ut
1827 939 1927 993 ho-

348 1048 606 1104 noretur;
662 1039 881 1108 ipseque
927 1035 1165 1090 omnium
1211 1034 1440 1088 maxime
1492 1031 1804 1102 despicitur.
1863 1031 1928 1086 Hi

348 1146 577 1201 namque
598 1114 723 1184 sunt
749 1129 980 1184 maxime
1007 1128 1246 1181 omnium
1289 1125 1520 1191 ridiculi,
1546 1125 1794 1179 omnibus
1827 1124 1929 1178 ini-

347 1225 495 1290 mici,
547 1225 778 1280 inimicis
812 1233 968 1293 captu
1014 1222 1213 1286 faciles,
1263 1220 1330 1275 ad
1379 1220 1510 1274 iram
1564 1219 1736 1288 proni,
1787 1217 1927 1288 apud

349 1317 517 1373 Deum
548 1316 760 1385 impuri.
811 1313 948 1383 Quid
972 1329 1098 1384 ergo
1142 1312 1243 1366 hoc
1285 1311 1523 1367 deterius
1567 1325 1686 1366 esse
1715 1308 1926 1379 possit?

347 1407 459 1463 Hoc
487 1409 685 1478 quippe
709 1407 920 1462 culmen
947 1415 1029 1461 est
1065 1405 1322 1460 malorum
1350 1403 1609 1459 omnium.
1640 1402 1775 1468 Quid
1799 1415 1927 1457 vero

345 1498 556 1553 dulcius
613 1498 940 1553 humilibus?
977 1497 1102 1568 quid
1133 1497 1380 1552 beatius?
1407 1495 1470 1550 Hi
1493 1495 1748 1550 amabiles
1777 1493 1926 1548 desi-

345 1589 722 1660 derabilesque
771 1589 884 1644 Deo
933 1597 1098 1654 sunt,
1141 1597 1197 1643 et
1243 1587 1383 1658 apud
1420 1586 1664 1642 homines
1715 1601 1926 1656 quoque

346 1681 573 1736 maxima
598 1681 769 1752 gloria
799 1681 1046 1735 fruuntur
1075 1698 1087 1735 :
1117 1695 1304 1736 omnes
1335 1679 1598 1734 honorant
1625 1679 1768 1748 ipsos
1791 1688 1924 1732 tam-

343 1788 504 1844 quam
547 1787 748 1843 patres,
791 1782 850 1828 ut
894 1772 1088 1828 fratres
1141 1773 1555 1842 amplectuntur,
1609 1780 1668 1825 ut
1711 1771 1922 1840 propria

344 1864 584 1919 membra
613 1865 918 1919 admittunt.
952 1865 1130 1920 Simus
1149 1878 1276 1933 ergo
1299 1863 1548 1926 humiles,
1576 1870 1634 1917 ut
1659 1862 1919 1917 sublimes

344 1953 660 2010 efﬁciamur.
694 1956 825 2010 Nam
853 1957 1152 2026 arrogantia
1177 1955 1460 2010 admodum
1501 1955 1774 2025 deprimit.
1801 1955 1926 2011 Haec

346 2045 679 2101 Pharaonem
726 2048 1030 2116 prostravit.
1067 2046 1188 2100 Non
1226 2047 1340 2101 novi
1361 2088 1375 2110 ,
1412 2047 1618 2114 inquit,
1651 2045 1923 2100 Dominum

346 2138 540 2208 (Exod.
570 2140 623 2194 5.
652 2139 758 2209 2),
787 2155 850 2194 ac
890 2141 1122 2204 muscis,
1160 2140 1304 2193 ranis
1330 2147 1386 2193 et
1431 2139 1649 2193 locustis
1691 2138 1925 2193 deterior

345 2229 514 2285 factus
541 2240 659 2285 est:
699 2242 985 2302 posteaque
1004 2246 1123 2286 cum
1158 2233 1320 2284 armis
1348 2241 1402 2286 et
1438 2233 1588 2300 equis
1613 2230 1924 2286 submersus

344 2319 465 2373 fuit.
515 2321 712 2375 Contra
744 2336 872 2376 vero
918 2323 1184 2377 Abraham
1212 2321 1359 2385 dicit,
1397 2319 1510 2392 Ego
1552 2338 1661 2374 sum
1691 2321 1851 2390 puluis
1876 2331 1923 2375 et

341 2409 470 2464 cinis
502 2409 653 2481 (Gen.
683 2412 768 2467 l8.
798 2410 946 2483 27),
973 2420 1029 2468 et
1055 2413 1219 2466 multa
1249 2413 1596 2468 barbarorum
1643 2413 1805 2467 millia
1839 2413 1921 2466 vi-

1302 339 1810 417 ιΝἰιΑτΤιιΑιυιι
1852 355 2079 411 ιιοιιιι..
2121 355 2303 414 vat.
2343 361 2414 414 al.
2455 359 2661 418 van.

3513 360 3619 417 626

2041 473 2136 539 cit,
2165 489 2229 528 ac
2254 492 2375 532 cum
2406 477 2458 532 in
2486 480 2716 535 mediam
2763 477 3049 554 Egyptum
3092 475 3388 544 incidisset,
3437 491 3620 533 rever-

2039 581 2131 624 sus
2174 580 2277 636 est,
2321 571 2653 640 Splendidius
2699 586 2860 642 quam
2903 581 3029 627 ante
3069 582 3326 642 tropazum
3356 569 3616 637 referens,
3705 596 3710 600 α

2039 670 2202 730 atque
2229 660 2354 717 huic
2397 663 2575 718 virtuti
2615 663 2905 728 inhaerens,
2943 677 3157 734 semper
3181 663 3460 719 sublimior
3487 679 3613 718 eva-

2038 755 2129 810 sit.
2157 754 2284 810 ldeo
2337 755 2531 826 ubique
2569 755 2908 821 celebratur,
2940 755 3060 810 ideo
3102 754 3300 826 ubique
3329 765 3618 810 coronatur

2037 855 2093 903 et
2115 845 2436 918 praedicatur
2462 863 2477 912 ;
2508 847 2715 903 Pharao
2739 856 3012 904 autemest
3036 859 3178 904 terra
3196 858 3252 904 et
3273 849 3431 912 cinis,
3459 849 3545 903 vel
3566 853 3610 902 si

2035 939 2164 1010 quid
2191 937 2366 992 vilius.
2397 938 2539 994 Nihil
2563 940 2706 994 enim
2751 940 2820 996 ita
2845 949 3122 995 aversatur
3149 941 3290 997 Deus
3337 951 3395 994 ut
3421 956 3616 1010 super-

2035 1031 2202 1088 biam.
2231 1031 2354 1088 Ideo
2379 1031 2446 1085 ah
2473 1033 2622 1088 initio
2649 1033 2779 1088 nihil
2804 1048 2909 1086 non
2931 1033 3076 1098 fecit,
3111 1043 3170 1088 ut
3199 1035 3339 1089 hunc
3368 1035 3613 1089 morbum

2035 1128 2311 1183 evelleret.
2344 1127 2545 1181 Idcirco
2577 1129 2832 1182 mortales
2862 1126 2986 1182 facti
3021 1142 3238 1192 sumus,
3267 1139 3318 1182 et
3350 1128 3400 1182 iu
3428 1129 3617 1184 dolore

2035 1234 2098 1274 ac
2114 1222 2314 1289 gemitu
2354 1220 2614 1274 vivimus:
2653 1220 2770 1275 ideo
2799 1220 2848 1274 in
2878 1219 3078 1281 labore,
3104 1219 3321 1286 sudore,
3347 1231 3399 1274 et
3423 1223 3608 1290 operi-

2035 1311 2133 1366 bus
2163 1311 2436 1381 perpetuis
2477 1311 2830 1380 miseriiSque.
2863 1312 2933 1364 lix
2976 1311 3277 1380 arrogantia
3322 1313 3464 1365 θιιίιιι
3503 1313 3613 1381 ιιι-ἰ-

2035 1416 2156 1455 mus
2176 1402 2336 1455 homo
2363 1402 2622 1470 peccavit,
2645 1401 2785 1470 quod
2839 1416 2897 1454 se
2923 1410 3165 1470 speraret
3194 1401 3454 1470 aequalem
3503 1403 3616 1456 fore

2035 1493 2166 1548 Deo.
2196 1493 2529 1563 Quapropter
2547 1508 2610 1546 ne
2631 1492 2680 1546 id
2703 1493 2918 1562 quidem
2939 1493 3078 1561 quod
3109 1491 3338 1547 habebat
3365 1495 3601 1557 retinuit,

2032 1585 2126 1641 sed
2157 1585 2224 1640 ab
2248 1586 2496 1641 omnibus
2530 1586 2748 1642 excidit.
2772 1586 3084 1655 Hujustnodi
3117 1603 3202 1641 res
3247 1597 3329 1641 est
3356 1605 3615 1657 arrogan-

2036 1677 2142 1730 tia:
2174 1691 2278 1731 non
2308 1676 2468 1732 modo
2499 1676 2628 1731 nihil
2651 1677 2804 1732 nobis
2826 1677 2948 1731 boui
2971 1677 3179 1732 confert
3205 1677 3269 1732 ad
3305 1679 3486 1744 vitam,
3520 1681 3616 1734 sed

2032 1768 2195 1822 etiam
2247 1784 2367 1837 quae
2414 1767 2671 1823 habemus
2710 1769 2933 1824 succidit
2984 1786 2996 1822 :
3039 1778 3228 1824 contra
3277 1786 3407 1824 vero
3439 1770 3614 1824 Immi-

2030 1858 2152 1912 litas
2199 1859 2332 1912 nihil
2379 1858 2552 1914 aufert
2602 1859 2898 1926 bonorum,
2931 1860 3024 1915 sed
3074 1877 3193 1930 qua:
3241 1877 3346 1917 non
3391 1863 3616 1917 aderant

2030 1950 2230 2019 adjicit.
2287 1950 2434 2006 Hanc
2485 1951 2645 2021 igitur
2694 1953 3039 2015 mmulemur,
3089 1952 3228 2008 hanc
3283 1968 3609 2022 sequamur,

2029 2053 2089 2098 ut
2111 2053 2166 2098 et
2189 2045 2294 2098 vita
2325 2045 2576 2114 praesenti
2614 2043 2874 2110 fruamur,
2901 2054 2956 2098 et
2986 2045 3210 2099 futuram
3232 2045 3454 2115 gloriam
3477 2062 3610 2100 con-

2029 2150 2360 2204 sequamur,
2407 2136 2576 2204 gratia
2635 2145 2689 2190 et
2740 2136 3104 2190 misericordia
3166 2136 3372 2190 Οοιιιίιιί
3445 2138 3614 2190 nostri

2027 2226 2154 2281 Jcsu
2185 2225 2407 2290 Christi,
2440 2226 2763 2296 quicumque
2789 2226 2930 2279 Patri
2954 2235 3008 2280 et
3035 2224 3253 2295 Spiritui
3285 2235 3471 2280 sancto
3499 2227 3618 2296 glo-

2027 2319 2102 2373 ria
2129 2329 2183 2373 ct
2206 2318 2511 2386 imperium,
2546 2332 2688 2372 nunc
2715 2328 2771 2374 et
2795 2334 3010 2389 semper
3034 2361 3050 2386 ,
3072 2329 3127 2374 et
3149 2319 3200 2374 in
3224 2319 3414 2375 sarcula
3443 2334 3616 2375 sa-cu-

2028 2411 2223 2466 lorum.
2256 2414 2448 2466 Amen.

1452 2679 1798 2742 HOMILIA
1839 2679 2062 2741 LXVI.
2109 2677 2195 2738 al.
2241 2676 2496 2737 LXVII.

342 2843 471 2900 CAP.
497 2844 588 2900 20.
633 2861 686 2898 v.
729 2844 821 2899 ‘29.
855 2841 922 2896 Et
973 2843 1334 2914 egredientibus
1362 2844 1463 2896 illis
1508 2861 1538 2896 a
1565 2842 1791 2910 Iericho,
1836 2860 1915 2898 se-

409 2945 572 3005 quuta
611 2944 682 2988 est
722 2951 836 2988 eum
881 2932 1026 2987 turba
1055 2935 1231 2986 multa.
1265 2933 1352 2987 50.
1385 2931 1451 2986 Et
1493 2949 1606 2986 ecce
1647 2933 1748 2988 duo
1799 2933 1917 2988 cruci

411 3025 635 3080 sedentes
659 3041 800 3078 secus
827 3025 977 3085 uiam,
1000 3040 1114 3077 cum
1139 3024 1392 3077 audissent
1416 3025 1552 3093 quod
1576 3023 1726 3078 Iesus
1752 3034 1919 3078 trans-

411 3118 534 3180 iret,
574 3117 918 3170 clamaverunt
967 3115 1186 3170 dicentes
1230 3130 1250 3168 :
1296 3115 1535 3169 Miserere
1585 3117 1763 3180 nostri,
1807 3113 1918 3170 Do-

411 3209 564 3275 mine,
590 3207 667 3278 ﬁii
696 3205 883 3261 David.

418 3367 470 3422 Ι.
502 3365 784 3434 Quintiane
812 3365 875 3418 de
899 3364 1077 3418 itinere
1112 3363 1298 3418 Christi
1336 3365 1388 3418 in
1433 3367 1653 3419 medium
1680 3367 1919 3434 adducta,

345 3457 562 3512 duorum
589 3473 839 3512 caecorum
861 3456 1073 3509 historia
1101 3441 1482 3512 co'mmentatur.
1514 3458 1921 3510 commendatur-

302 3553 310 3561 ”
343 3567 440 3623 que
468 3549 850 3621 perseverantia.
867 3578 938 3587 —
955 3546 1085 3602 Vide
1111 3545 1252 3601 unde
1267 3546 1652 3618 Jerosolymam
1670 3563 1727 3602 se
1741 3547 1924 3603 confe-

346 3650 448 3707 rat,
485 3649 540 3694 et
582 3655 688 3709 quo
718 3640 836 3692 loco
874 3647 1026 3693 antea
1057 3649 1359 3693 versaretur
1394 3655 1408 3689 :
1444 3639 1583 3709 quod
1612 3649 1756 3694 certe
1794 3640 1922 3694 mihi

345 3733 576 3787 maxime
593 3728 964 3800 inquirendum
983 3729 1208 3784 videtur.
1236 3730 1346 3786 Cur
1359 3740 1534 3786 autem
1549 3747 1653 3785 non
1689 3740 1842 3786 antea
1871 3733 1923 3787 in

344 3822 619 3878 Galilaeam
637 3822 748 3886 ivit,
767 3820 861 3875 sed
880 3836 974 3892 per
989 3820 1281 3876 Samariam
1297 3821 1319 3874 ?
1336 3821 1526 3877 Verum
1543 3824 1656 3878 lucc
1672 3823 1924 3878 studiosis

345 3915 730 3986 relinquemus.
762 3915 894 3972 Nam
947 3916 991 3970 si
1043 3915 1162 3986 quis
1197 3913 1500 3970 accuratius
1549 3920 1663 3970 hinc
1699 3917 1922 3970 scrutari

346 4006 593 4072 voluerit,
643 4005 901 4061 Joannem
947 4006 1179 4060 inveniet
1216 4004 1317 4060 hoc
1364 4005 1528 4076 probe
1566 4006 1920 4073 subiudicare,

346 4112 670 4168 causamque
699 4112 900 4168 ponere
926 4097 1105 4168 (Joan.
1133 4097 1390 4167 4.1—5).
1432 4096 1542 4152 Nos
1583 4106 1759 4152 autem
1801 4113 1925 4168 pro-

347 4189 522 4260 posito
547 4201 731 4242 nostro
755 4189 1071 4252 haereamus,
1108 4197 1161 4243 et
1187 4188 1284 4242 hos
1305 4203 1475 4243 ctecos
1502 4188 1797 4252 audiamus,
1835 4189 1923 4259 qui

348 4278 530 4334 multis
563 4278 853 4333 videntium
882 4279 1128 4334 meliores
1156 4290 1327 4333 erant.
1363 4278 1494 4333 Nam
1538 4296 1708 4350 neque
1733 4280 1922 4335 ducem

348 4367 624 4436 habentes,
673 4384 846 4438 neque
890 4368 1038 4424 illum
1079 4368 1449 4424 adventantem
1497 4369 1761 4434 videntes,
1803 4386 1923 4425 cum

347 4463 691 4516 contentione
729 4461 794 4515 ad
825 4461 974 4515 illum
1002 4460 1256 4516 accedere
1296 4460 1590 4527 tentabant,
1633 4476 1926 4532 magnaque

349 4571 480 4609 voce
514 4555 746 4610 clamare
770 4563 1081 4624 coeperunt;
1111 4563 1165 4608 et
1188 4553 1320 4624 jussi
1376 4564 1571 4620 tacere,
1616 4557 1783 4625 magis
1819 4557 1927 4610 cla-

249 4675 254 4678 -
350 4647 585 4702 mabaut.
631 4645 775 4701 Talis
821 4646 1015 4717 quippe
1053 4654 1134 4701 est
1183 4659 1529 4716 perseverans
1582 4645 1798 4702 anima:
1832 4661 1928 4716 per

349 4752 442 4792 eos
470 4739 560 4808 qui
606 4735 861 4806 impedire
889 4746 1133 4806 satagunt
1173 4736 1499 4806 provehitur.
1529 4733 1771 4791 Christus
1799 4753 1926 4792 vero

352 4831 608 4900 permittit
657 4840 714 4885 ut
743 4828 1012 4884 silentium
1062 4829 1189 4899 ipsis
1233 4829 1544 4898 imperetur,
1598 4845 1704 4898 quo
1753 4827 1928 4883 fervor

346 4937 533 4976 eorum
574 4929 845 4991 appareat,
877 4929 931 4974 et
959 4919 1153 4984 discas,
1189 4919 1310 4974 illos
1347 4929 1495 4975 certe
1537 4919 1728 4990 dignos
1769 4920 1929 4974 fuisse

347 5016 436 5086 qui
463 5024 792 5069 curarentur.
824 5013 947 5068 Ideo
982 5029 1154 5083 neque
1192 5014 1478 5083 interrogat
1510 5031 1576 5067 an
1603 5013 1843 5078 credant,
1871 5022 1928 5068 ut

346 5107 589 5162 solebat:
624 5121 743 5158 nam
769 5115 822 5158 et
846 5105 1049 5158 clamor
1075 5112 1128 5158 et
1149 5103 1430 5158 accedendi
1471 5114 1690 5159 conatus
1718 5104 1927 5158 illorum

349 5197 508 5254 fidem
535 5198 664 5252 satis
710 5196 1144 5251 testificabantur.
1185 5196 1317 5250 Ilinc
1353 5197 1517 5260 disce,
1559 5196 1768 5259 dilecte,
1808 5197 1931 5252 licet

346 5288 633 5343 admodum
689 5289 818 5343 viles
847 5297 904 5343 et
942 5287 1132 5357 abjecti
1183 5293 1369 5351 simus,
1394 5287 1438 5341 si
1481 5302 1601 5342 cum
1650 5287 1824 5344 studio
1861 5289 1928 5343 ad

349 5382 513 5436 Deum
541 5380 879 5443 accedamus,
915 5395 1009 5447 per
1035 5392 1133 5432 nos
1169 5378 1311 5448 ipsos
1347 5391 1502 5447 posse
1539 5393 1656 5448 quae
1691 5379 1927 5447 postula-

347 5492 466 5530 mus
495 5477 798 5544 impetrare.
835 5473 964 5528 Vide
985 5473 1123 5526 enim
1156 5471 1421 5542 quomodo
1449 5471 1532 5525 isti
1556 5472 1754 5526 nullum
1795 5487 1928 5541 apo-

346 5568 606 5623 stolorum
637 5566 893 5622 habentes
919 5574 1221 5635 patronum,
1253 5562 1346 5618 sed
1378 5564 1570 5618 multos
1595 5563 1683 5633 qui
1705 5578 1764 5618 se
1779 5577 1931 5618 coer-

347 5670 552 5722 cerent,
579 5667 864 5728 potuerunt
891 5670 1076 5711 omnes
1102 5656 1282 5710 obices
1311 5654 1595 5719 transilire,
1638 5664 1694 5709 et
1726 5653 1794 5709 ad
1831 5653 1926 5709 Je-

346 5763 468 5806 sum
497 5751 665 5818 ipsum
702 5748 956 5806 accedere
990 5765 1003 5802 :
1036 5747 1134 5804 etsi
1175 5761 1278 5802 non
1309 5746 1620 5802 testificetur
1660 5745 1930 5818 evangeli-

2031 2854 2112 2900 sta
2143 2843 2283 2912 ipsos
2309 2843 2534 2912 aliquam
2562 2859 2627 2897 ex
2654 2843 2772 2896 vita:
2801 2860 2995 2911 genere
3034 2844 3276 2898 fiduciam
3320 2846 3566 2900 habuisse
3600 2865 3612 2901 :

2023 2938 2117 2993 sed
2141 2939 2302 2992 animi
2333 2937 2508 2992 fervor
2536 2939 2652 2993 vice
2693 2938 2929 2992 omnium
2972 2939 3099 3008 ipsis
3134 2938 3248 2992 fuit.
3287 2939 3392 2994 llos
3422 2949 3476 2993 et
3517 2957 3614 2994 nos

2025 3030 2184 3084 etiam
2235 3031 2566 3084 temuletnur.
2628 3029 2846 3084 Etiamsi
2914 3029 3052 3083 Deus
3113 3029 3309 3084 douum
3367 3031 3612 3095 differat,

2025 3124 2230 3177 etiamsi
2261 3123 2410 3176 multi
2455 3124 2735 3188 abducant,
2779 3137 2844 3176 ne
2887 3123 3094 3191 petendi
3135 3123 3293 3177 linem
3331 3123 3606 3180 faciamus.

2027 3215 2117 3270 Sic
2141 3215 2284 3270 enim
2320 3215 2550 3268 maxime
2587 3214 2749 3268 Deum
2785 3213 3130 3268 attrahemus.
3166 3212 3262 3268 llic
3304 3215 3462 3284 igitur
3494 3215 3616 3269 vide

2026 3306 2294 3376 quomodo
2321 3305 2530 3360 illorum
2561 3304 2822 3360 fervorem
2862 3320 2961 3360 nec
2989 3317 3290 3376 paupertas,
3322 3322 3418 3362 nec
3457 3310 3614 3363 caici-

2029 3407 2129 3457 tas,
2163 3413 2260 3453 nec
2289 3397 2427 3468 quod
2454 3413 2558 3452 non
2584 3397 2884 3460 audiantur,
2911 3413 3009 3452 uec
3029 3398 3167 3468 quod
3197 3414 3226 3452 a
3255 3401 3421 3454 turhis
3443 3399 3616 3455 incre-

2029 3503 2239 3561 penlur,
2272 3491 2531 3560 impedire
2568 3491 2794 3562 possint.
2827 3490 2970 3546 Talis
3006 3502 3089 3546 est
3113 3492 3286 3546 anima
3315 3491 3528 3548 fervens
3563 3503 3616 3547 et

2029 3583 2080 3637 in
2112 3583 2292 3638 labore
2335 3597 2574 3638 versans.
2613 3582 2749 3651 Quid
2789 3596 2916 3650 ergo
2956 3581 3244 3636 Christus?
3274 3583 3362 3636 52.
3413 3581 3616 3636 Vocavit

2027 3674 2143 3729 illos
2170 3683 2216 3728 et
2243 3673 2373 3728 dixit
2398 3689 2418 3728 :
2449 3673 2582 3740 Quid
2616 3673 2768 3726 vultis
2799 3682 2850 3726 ut
2873 3673 3008 3726 vobis
3037 3673 3221 3744 faciam
3242 3674 3268 3727 .9
3310 3673 3398 3727 55.
3428 3672 3614 3727 Dicunt

2026 3770 2072 3823 ei
2103 3785 2122 3822 :
2153 3767 2385 3834 Domine,
2417 3777 2471 3821 ut
2501 3767 2796 3836 aperiantur
2827 3763 2963 3818 oculi
3015 3766 3190 3819 nostri.
3223 3765 3329 3819 Cur
3369 3766 3489 3820 illos
3532 3767 3614 3820 in-

2029 3857 2300 3928 terrogat?
2328 3857 2404 3913 Ne
2431 3855 2552 3928 quis
2581 3864 2809 3926 putaret,
2839 3855 3012 3925 ipsum
3047 3855 3148 3909 alia
3182 3855 3485 3924 petentibus
3509 3855 3614 3910 alia

2027 3951 2174 4008 dare.
2201 3951 2410 4006 Etenim
2436 3949 2572 4006 solet
2595 3964 2810 4019 semper
2841 3950 3010 4018 primo
3039 3949 3284 4002 virtutem
3314 3963 3498 4003 eorum
3523 3949 3613 4018 qui

2027 4051 2282 4098 curantur
2313 4041 2562 4097 omnibus
2596 4042 2916 4111 patefacere,
2954 4047 3009 4094 et
3048 4049 3172 4094 tunc
3215 4040 3508 4094 remedium
3538 4040 3614 4094 af-

2028 4135 2206 4190 ferre:
2236 4143 2346 4188 tum
2374 4141 2430 4188 ut
2458 4133 2594 4188 alios
2615 4132 2677 4186 ad
2708 4131 2954 4186 eumdem
2981 4133 3151 4186 zelum
3180 4131 3370 4198 ducat;
3419 4142 3527 4188 tum
3559 4141 3617 4187 ut

2028 4225 2276 4282 ostendat
2303 4225 2423 4280 illos
2455 4225 2576 4295 jure
2613 4225 2808 4279 merito
2835 4224 2990 4278 donis
3023 4223 3142 4278 frui.
3174 4225 3284 4278 Hoc
3311 4235 3365 4279 et
3394 4225 3445 4278 in
3473 4224 3614 4280 Cha-

2027 4335 2211 4375 nan:ea
2240 4319 2382 4383 fecit,
2414 4318 2514 4373 hoc
2547 4319 2600 4373 in
2631 4318 2964 4384 centurione,
3007 4318 3109 4371 hoc
3149 4319 3199 4371 in
3239 4319 3459 4374 muliere
3485 4335 3612 4374 san-

2027 4413 2200 4485 guinis
2221 4411 2419 4466 lluxum
2449 4411 2715 4482 patiente;
2747 4410 2852 4464 imo
2875 4425 3000 4464 vero
3025 4409 3282 4464 mirabilis
3309 4410 3392 4463 illa
3422 4411 3617 4464 mulier

2030 4506 2286 4575 praevenit
2312 4503 2776 4572 interrogationem
2803 4500 3008 4556 Domini
3037 4519 3050 4554 :
3078 4511 3308 4555 attamen
3342 4517 3447 4555 non
3472 4501 3614 4557 illam

2029 4597 2398 4667 praetermisit;
2430 4595 2523 4649 sed
2561 4605 2614 4649 et
2655 4603 2772 4662 post
2815 4593 3072 4648 redditam
3112 4593 3418 4658 sanitatem,
3465 4592 3612 4646 illam

2027 4690 2298 4744 celebrem
2322 4688 2513 4743 reddit.
2542 4686 2631 4742 Sic
2656 4701 2784 4756 ergo
2818 4687 3037 4740 curabat
3065 4687 3432 4742 accedentium
3458 4685 3524 4740 ad
3554 4702 3614 4742 se

2027 4789 2167 4844 bona
2207 4801 2370 4854 opera
2417 4783 2712 4855 praedicare
2749 4791 2804 4838 et
2841 4782 3013 4836 multo
3061 4782 3267 4852 majora
3314 4783 3614 4852 praedicare

2028 4894 2191 4951 quam
2235 4887 2391 4932 erant
2416 4879 2430 4908 ¹
2460 4917 2475 4942 ,
2509 4877 2652 4946 quod
2687 4874 2773 4929 hic
2815 4874 2978 4928 etiam
3013 4872 3160 4929 facit.
3209 4872 3429 4938 Deinde,
3460 4885 3611 4944 post-

2028 4986 2192 5043 quam
2227 4986 2348 5039 qme
2388 4969 2641 5022 volebant
2682 4967 2954 5029 dixerunt,
2993 4966 3370 5022 misericordia
3403 4977 3606 5031 motus,

2028 5065 2151 5120 illos
2175 5062 2366 5132 tetigit.
2396 5059 2521 5115 Haec
2543 5059 2742 5130 quippe
2763 5059 2878 5114 sola
2903 5073 3065 5113 causa
3087 5067 3173 5113 est
3197 5057 3514 5120 curationis,
3538 5059 3610 5112 ob

2028 5169 2187 5224 quam
2215 5155 2363 5207 venit
2405 5153 2458 5205 in
2489 5151 2771 5205 mundum.
2801 5149 3072 5214 Attamen,
3100 5150 3198 5203 etsi
3233 5151 3604 5204 misericordia

2028 5253 2083 5299 et
2109 5246 2282 5315 gratia
2305 5252 2470 5307 esset,
2493 5242 2686 5313 dignos
2713 5241 3009 5310 quazrebat.
3037 5241 3195 5306 Quod
3219 5256 3346 5294 vero
3371 5241 3424 5294 hi
3457 5241 3604 5310 digni

2028 5348 2230 5404 essent,
2259 5349 2402 5408 patet
2430 5349 2542 5394 tum
2573 5354 2639 5392 ex
2675 5337 2931 5402 clamore,
2959 5345 3070 5390 tum
3102 5352 3165 5391 ex
3209 5351 3275 5390 eo
3309 5337 3450 5404 quod
3481 5351 3605 5390 cum

2031 5431 2370 5507 accepissent
2391 5445 2495 5484 non
2523 5437 2887 5494 recesserunt,
2911 5427 3052 5499 quod
3074 5427 3226 5482 multi
3258 5427 3484 5493 faciunt,
3508 5427 3604 5497 qui

2091 5619 2106 5648 ³
2131 5615 2249 5663 Haec
2269 5612 2438 5675 verba,
2471 5616 2516 5662 et
2535 5609 2685 5661 multo
2721 5609 3237 5675 majordprmdicare
3279 5618 3602 5675 mutauerant,

2030 5691 2086 5727 se
2112 5670 3213 5737 expunxisse'monueratﬂontefalconius,_ut
3230 5670 3338 5737 po'te
3348 5677 3392 5737 et
3414 5670 3604 5737 Christo

2030 5746 2074 5790 et
2106 5731 2440 5801 Chrysostomo
2464 5731 2683 5800 indigna.
2708 5733 2904 5785 Videsis
2937 5735 3110 5784 Adnot.
3145 5731 3286 5784 Field
3310 5732 3368 5782 ad
3400 5747 3451 5798 p.
3487 5733 3584 5783 65L
