4140 6376
511 373 614 427 6‘27

515 506 632 562 post
662 495 912 551 beneficia
958 508 1082 551 sunt
1125 497 1336 567 ingrati.
1371 499 1440 551 At
1484 497 1559 551 illi
1590 512 1693 550 non
1734 495 1866 552 tales
1906 504 2094 560 erant;

514 585 607 638 sed
657 595 711 639 ct
753 594 877 641 ante
919 586 1119 641 donum
1156 589 1587 658 perseverabant,
1630 598 1685 643 et
1732 599 1851 659 pmt
1901 589 2101 641 donutn

516 678 651 743 grati
688 677 853 733 animi
889 678 1102 734 fuerunt
1135 698 1147 732 :
1180 696 1300 733 nam
1350 680 1559 751 sequuti
1606 690 1731 734 sunt
1772 696 1913 734 cum.
1947 680 2099 748 (Cap.

525 768 668 840 XXI)
700 771 752 825 1.
784 770 847 824 Et
871 788 985 826 cum
1011 775 1440 844 appropinquaret
1468 773 1772 838 Jerusalem,
1796 784 1841 825 et
1867 778 2105 824 venerunt

520 862 587 912 uti
614 858 909 933 Betltpltage
948 865 1015 916 ad
1066 876 1281 917 montem
1313 864 1593 928 Oliuarum,
1626 874 1743 917 tunc
1787 862 1936 917 Iesus
1976 861 2107 914 misit

523 953 649 1007 duos
674 970 739 1008 ea:
762 956 1023 1026 discipulis
1048 958 1172 1022 suis,
1200 958 1252 1011 2.
1274 958 1446 1010 dicens
1466 972 1486 1008 :
1508 954 1587 1009 Ite
1612 957 1662 1009 in
1690 955 1948 1008 castellum
1974 953 2109 1021 quod

523 1056 698 1100 contra
719 1065 802 1100 vos
827 1059 917 1114 est,
950 1060 994 1103 et
1018 1051 1273 1104 invenietis
1300 1053 1496 1103 asinam
1520 1050 1802 1120 alligatam,
1844 1057 1888 1099 et
1916 1047 2110 1116 pullum

524 1156 636 1193 cum
667 1156 725 1193 ea
749 1157 768 1194 :
797 1142 1039 1196 solreutrs
1076 1142 1320 1197 adducite
1358 1142 1501 1194 mihi.
1540 1142 1595 1195 5.
1625 1139 1692 1193 Et
1734 1140 1777 1193 si
1818 1138 1929 1209 quis
1979 1136 2112 1189 vobis

523 1233 707 1285 dixerit
733 1232 946 1303 aliquid,
980 1234 1169 1296 dicetis,
1202 1252 1320 1306 quia
1346 1232 1594 1287 Dominus
1624 1233 1699 1286 Itis
1725 1247 1853 1302 Opus
1876 1228 2040 1293 habet,
2066 1235 2113 1280 et

526 1325 789 1393 confestim
808 1324 1019 1379 dimittet
1040 1342 1141 1379 eos.
1163 1338 1215 1380 4.
1246 1325 1358 1378 lloc
1376 1337 1544 1378 autem
1566 1334 1723 1376 totum
1748 1328 1935 1393 factum
1961 1331 2031 1374 est
2060 1326 2115 1371 ut

527 1414 889 1485 adimpleretur
902 1418 1037 1486 quod
1060 1417 1247 1469 dictum
1269 1426 1338 1470 est
1369 1434 1457 1485 per
1484 1416 1790 1469 Zachariam
1819 1411 2116 1485 prapt'tetam

529 1506 773 1559 dicentem
800 1521 820 1560 :
846 1507 899 1561 5.
931 1505 1096 1561 Dicite
1123 1508 1246 1575 ﬁlia:
1272 1507 1399 1561 Sion
1423 1524 1439 1561 :
1468 1507 1595 1560 Ecce
1619 1524 1705 1560 rex
1739 1516 1852 1558 tuus
1873 1504 2003 1557 venit
2028 1502 2117 1555 tibi

532 1607 836 1663 mansuetus,
867 1601 1045 1653 sedens
1069 1616 1222 1669 super
1250 1600 1446 1654 asinam
1487 1609 1533 1653 et
1581 1600 1777 1666 pullum
1804 1596 1966 1666 ﬁlium
1999 1594 2119 1648 sub-

527 1688 719 1757 iugatis
748 1686 929 1759 (lactt.
972 1691 1028 1745 9.
1056 1690 1136 1759 9).
1182 1692 1343 1761 Atqui
1389 1707 1533 1761 sarpe
1578 1700 1796 1745 venerat
1841 1688 2118 1757 Jerosoly—

536 1796 710 1845 tuam;
743 1781 836 1835 sed
866 1798 1151 1852 numquam
1174 1801 1293 1839 cum
1326 1794 1469 1838 tanto
1490 1794 1763 1853 apparatu.
1791 1782 1921 1850 Qua:
1962 1782 2120 1851 igitur

533 1886 690 1926 causa
717 1870 853 1926 fuit?
878 1873 968 1927 Illa
998 1876 1173 1944 priora
1202 1885 1353 1931 erant
1377 1875 1598 1929 exordia
1639 1874 1988 1937 oeconomite;
2026 1885 2122 1926 ne-

532 1980 638 2035 que
678 1965 789 2034 ipse
812 1965 1099 2021 admodum
1139 1978 1295 2022 notus
1321 1977 1457 2033 erat,
1487 1983 1658 2037 neque
1694 1966 1958 2035 passionis
1987 1974 2122 2019 tem-

539 2071 635 2124 pus
660 2066 774 2109 erat
797 2057 1098 2125 proximum
1131 2075 1142 2110 :
1167 2068 1489 2129 quapropter
1514 2057 1971 2112 indiscriminatim
1998 2070 2121 2109 cum

541 2147 645 2201 illis
695 2158 822 2202 tunc
872 2149 1212 2217 miscebatur,
1261 2152 1367 2203 imo
1409 2164 1529 2205 sese
1573 2149 1914 2204 occultabat:
1950 2162 2124 2216 neque

538 2238 681 2291 enim
718 2238 1053 2292 admirationi
1104 2240 1307 2306 luisset,
1337 2240 1379 2293 si
1414 2239 1484 2294 ita
1527 2254 1649 2294 sese
1690 2238 2035 2300 exhibuisset,
2068 2246 2125 2291 et

540 2329 613 2383 illi
645 2329 695 2382 in
734 2329 991 2398 majorem
1030 2330 1177 2384 iram
1216 2331 1568 2385 exarsisscnt.
1618 2330 1904 2398 Postquam
1946 2339 2122 2381 autem

541 2420 791 2489 potentiue
819 2435 930 2475 suae
967 2420 1155 2475 idonea
1183 2420 1403 2475 dederat
1431 2420 1813 2491 experimenta,
1841 2434 1960 2472 cum
1993 2432 2125 2472 crux

542 2512 788 2581 iujauuis
821 2522 985 2578 esset,
1014 2512 1209 2567 clarius
1245 2514 1477 2582 seipsum
1518 2512 1739 2575 revelat,
1780 2520 1834 2565 et
1865 2527 1985 2565 cuut
2016 2525 2128 2566 11111-

537 2602 641 2671 jori
666 2603 974 2657 celebritate
1002 2601 1129 2656 facit
1154 2603 1355 2668 omnia,
1383 2619 1501 2673 quze
1531 2610 1747 2671 possent
1791 2601 1908 2655 illos
1944 2610 2126 2669 postea

544 2710 717 2748 urere.
746 2694 996 2748 Poterant
1029 2694 1170 2749 enim
1200 2695 1313 2749 11ωο
1354 2694 1407 2747 111
1434 2694 1697 2764 principio
1727 2692 1863 2759 fieri,
1888 2691 1982 2746 sed
2021 2708 2125 2745 non

545 2786 689 2838 utilia
721 2785 961 2840 fuissent.
989 2785 1066 2839 Tu
1099 2801 1226 2841 vero
1252 2784 1380 2839 mihi
1408 2783 1687 2839 considera
1713 2792 1843 2853 quot
1872 2782 2127 2837 miracula

545 2878 672 2931 liant
695 2888 745 2931 et
784 2887 911 2946 quot
951 2876 1242 2946 prophetia:
1282 2875 1617 2945 impleantur.
1663 2874 1823 2939 Dixit,
1860 2871 2128 2927 Invenietis

542 2969 770 3033 asinam;
821 2968 1060 3037 przedicit
1106 2968 1371 3023 neminem
1427 2981 1548 3022 esse
1587 2967 1985 3036 impediturmn,
2031 2966 2126 3020 sed

543 3060 634 3129 qui
664 3059 904 3114 audirent
937 3061 1191 3114 tacituros
1214 3074 1353 3114 esse.
1387 3059 1499 3114 Hoc
1516 3068 1694 3113 autem
1726 3074 1830 3113 non
1856 3073 2014 3129 parva
2036 3056 2131 3112 Ju-

545 3151 781 3206 dazorum
808 3152 1183 3207 condemnatio
1214 3161 1314 3214 est,
1345 3151 1389 3205 si
1430 3151 1734 3205 hominibus
1763 3166 1868 3204 non
1898 3150 1997 3204 sibi
2028 3166 2127 3204 no-

549 3243 633 3303 tis,
663 3258 902 3312 quusque
947 3259 1054 3297 non
1105 3242 1329 3307 viderat,
1380 3240 1620 3304 suadeat,
1676 3250 1735 3295 ttt
1775 3256 1869 3295 sua
1897 3241 2123 3303 tradant,

548 3348 646 3388 nec
671 3333 1058 3388 contradicunt.
1102 3332 1269 3388 Judaei
1321 3347 1470 3398 vero,
1514 3331 1726 3402 quando
1769 3332 1882 3402 ipse
1923 3347 2021 3403 per
2046 3332 2128 3386 di-

547 3424 782 3494 scipulos
833 3439 958 3479 suos
1002 3425 1252 3480 miracula
1293 3424 1505 3491 edebat,
1561 3434 1853 3495 praesentes
1894 3425 2129 3480 11011011-

550 3526 927 3586 temperarunt.

617 3607 669 3661 2.
704 3608 947 3663 Abductio
988 3611 1146 3664 asina:
1182 3622 1227 3665 et
1269 3611 1434 3678 aselli,
1466 3610 1660 3665 nemine
1703 3619 1983 3675 recusante,
2012 3609 2132 3680 quid

551 3702 740 3769 probet.
764 3702 949 3756 Christi
964 3704 1063 3757 vita
1088 3703 1231 3759 nobis
1248 3706 1552 3775 exemplum.
1567 3734 1638 3745 —-
1650 3703 1727 3760 Nc
1747 3713 1898 3775 putes
1923 3703 1973 3758 id
1990 3703 2130 3774 quod

552 3794 741 3849 factum
773 3806 855 3851 est
886 3811 1100 3866 parvum
1123 3797 1249 3868 quid
1276 3813 1415 3853 esse.
1450 3797 1581 3866 Quis
1608 3798 1751 3853 enim
1782 3797 1884 3852 illis
1910 3812 2132 3867 persua-

552 3886 637 3948 sit,
671 3884 795 3939 dum
833 3901 926 3941 sua
970 3887 1328 3954 auferrentur,
1360 3904 1620 3959 pauperes
1669 3903 1790 3944 cum
1838 3899 2037 3954 essent,
2080 3897 2137 3944 et

508 4047 522 4060 ⁸
554 3976 791 4030 fortassis
818 3978 1087 4045 agricolae,
1128 3995 1232 4035 non
1261 3984 1596 4053 repugnare?
1633 3991 1687 4037 01
1722 3982 1849 4052 quid
1878 3982 1998 4037 dico
2028 3998 2133 4037 non

554 4071 885 4137 repugnare?
913 4085 979 4124 ne
1006 4072 1331 4141 respondere
1372 4073 1607 4141 quidem,
1640 4074 1720 4129 vel
1753 4084 1873 4144 post
1914 4089 2137 4144 reSpon-

554 4159 756 4213 sionem
789 4170 965 4216 tacere
990 4177 1054 4217 ae
1099 4163 1384 4220 recedere?
1420 4163 1552 4220 Nam
1594 4175 1876 4236 utrumque
1917 4166 2137 4236 perinde

557 4250 795 4305 mirabile
842 4262 976 4319 erat,
1006 4254 1149 4323 quod
1189 4255 1318 4309 nihil
1366 4255 1618 4324 dixerint,
1662 4256 1789 4312 dum
1833 4258 2137 4327 subjugales

556 4344 967 4410 abducerentur,
991 4354 1047 4402 et
1071 4347 1211 4417 quod
1230 4347 1526 4415 audientes,
1560 4349 1838 4404 Dominum
1857 4351 1985 4419 ipsis
2003 4366 2137 4420 opus

558 4435 773 4504 habere,
797 4441 1136 4506 recesserint,
1161 4456 1258 4497 nec
1283 4442 1720 4510 ctmtradixerint,
1752 4444 1982 4498 maxime
2014 4458 2136 4498 cum

558 4543 665 4583 non
692 4529 863 4598 ipsum
896 4532 1202 4599 Dominum,
1253 4532 1348 4588 sed
1381 4533 1669 4605 discipulos
1714 4538 1830 4605 ejus
1876 4536 2135 4591 viderent.

562 4619 693 4674 llinc
736 4622 894 4676 docet
922 4638 1035 4690 eos,
1065 4638 1125 4680 se
1160 4626 1397 4695 potuisse
1424 4625 1636 4681 Judazos
1674 4626 1757 4681 vel
1797 4627 1990 4681 Invitos
2018 4643 2138 4681 om-

562 4712 686 4766 nino
710 4712 982 4780 cohihere,
1022 4715 1237 4784 quando
1280 4731 1339 4771 se
1376 4717 1609 4771 invasuri
1646 4725 1849 4782 essent,
1891 4717 2142 4787 ipsosque

563 4810 737 4858 mutos
761 4805 1003 4869 reddere,
1036 4807 1128 4861 sed
1160 4808 1415 4864 noluisse.
1445 4808 1580 4863 Hinc
1607 4810 1768 4864 etiam
1795 4809 1953 4866 docet
1983 4810 2142 4865 disci-

563 4894 756 4962 pulos,
800 4895 1055 4966 quidquid
1114 4898 1227 4967 ipse
1288 4908 1496 4969 peteret
1548 4900 1780 4955 dandum
1849 4910 2139 4971 oportere,

563 4985 768 5041 etiamsi
788 4985 1000 5057 juberet
1027 4989 1191 5059 ipsam
1218 4992 1448 5045 animam
1481 4992 1712 5055 tradere,
1736 5007 1835 5047 nec
1868 4992 2141 5048 contradi-

564 5078 789 5133 cendum
819 5095 958 5135 esse.
988 5081 1117 5137 Nam
1162 5084 1206 5138 si
1253 5084 1414 5154 ignoti
1443 5095 1752 5155 paruerunt,
1782 5086 1949 5141 multo
1976 5088 2143 5156 magis

567 5170 708 5236 ipsos
732 5174 908 5225 omnia
952 5174 1252 5244 relinquere
1280 5178 1579 5245 oportebat.
1608 5177 1687 5231 Ad
1720 5177 1832 5231 111110
1858 5177 2013 5231 aliam
2044 5178 2144 5233 du-

570 5264 861 5335 plicemque
913 5268 1244 5338 prophetiam
1291 5270 1571 5339 implebat;
1618 5271 1774 5325 aliam
1827 5287 1921 5340 per
1956 5286 2140 5341 opera,

566 5359 722 5413 aliam
751 5374 845 5429 per
869 5362 1049 5427 verba,
1089 5380 1278 5434 nempe
1304 5364 1574 5419 Zachariae
1617 5364 1907 5435 prophette,
1948 5365 2035 5435 qui
2066 5365 2146 5419 di-

567 5453 664 5513 xit,
693 5466 874 5521 regem
903 5467 1177 5509 sessurum
1203 5472 1322 5511 esse
1350 5473 1509 5527 super
1533 5459 1734 5513 asinam
1765 5457 1950 5528 (Zach.
1976 5458 2029 5514 9.
2052 5459 2141 5527 9);

569 5558 691 5596 nam
714 5542 907 5598 sedens
934 5544 1046 5613 ipse
1084 5549 1412 5617 prophetiam
1441 5550 1695 5618 implevit.
1741 5551 1899 5604 Aliud
1948 5551 2143 5604 iterum

572 5637 865 5708 pr0phetize
898 5638 1100 5693 initium
1127 5640 1304 5705 dabat,
1330 5643 1494 5711 gestis
1531 5641 1644 5696 suis
1670 5642 1839 5697 futura
1872 5642 2146 5713 prazsigui-

572 5732 756 5785 ticans.
802 5732 919 5799 Quo
962 5732 1159 5802 pacto?
1182 5732 1510 5805 hnpurarum
1548 5736 1782 5806 gentium
1814 5736 2145 5790 vocationem

575 5824 963 5894 prmnuntiabat
994 5843 1007 5880 :
1040 5824 1150 5881 fore
1188 5842 1379 5898 nempe
1417 5836 1474 5883 ut
1501 5828 1554 5885 in
1584 5829 1710 5900 ipsis
1738 5832 2054 5901 requiescat,
2091 5843 2146 5886 ut

1304 378 1361 435 S.
1401 376 1680 436 JOANNIS
1714 375 2192 434 CllRYSOSTOMI
2233 376 2548 438 ARCIIIEP.
2577 379 3112 439 CONSTANTINOP.

3679 380 3783 436 628

2211 497 2427 552 veniant
2452 497 2518 552 ad
2547 512 2692 564 eum,
2721 500 2998 568 ipsumque
3040 507 3367 568 sequantur;
3405 496 3482 552 sic
3511 497 3787 567 prophetia
3876 516 3884 525 -

2209 586 2544 658 prephetian:
2570 590 2800 661 excepit.
2833 590 2958 644 Mihi
2981 606 3107 643 vero
3136 606 3239 643 non
3266 605 3327 642 ea
3350 588 3522 643 solum
3542 586 3611 643 de
3631 602 3791 642 eausa

2211 678 2419 735 videtur
2456 694 2619 751 super
2643 683 2845 735 asinam
2876 683 3099 748 sedisse,
3132 681 3225 737 sed
3261 691 3318 735 111
3359 680 3513 736 nobis
3558 681 3794 750 philoso-

2212 772 2350 840 phiae
2389 773 2602 828 modum
2647 774 2898 829 traderet.
2948 774 3062 829 Non
3112 774 3270 828 modo
3311 774 3452 828 enim
3491 772 3796 843 prophetias

2215 863 2488 933 implebat,
2517 880 2691 935 neque
2733 876 2934 920 tantttm
2966 868 3209 937 dogmata
3238 864 3477 920 veritatis
3504 864 3792 920 inserebat.

2214 954 2311 1010 sed
2340 970 2435 1025 per
2464 955 2579 1010 11ωο
2617 958 2771 1011 nobis
2812 967 3014 1012 rectum
3047 958 3166 1011 vita:
3196 958 3494 1011 institutum
3534 955 3793 1015 tradebat.

2217 1049 2411 1119 ubique
2442 1050 2596 1104 nobis
2618 1051 2825 1119 regulas
2851 1052 3128 1121 assignans
3153 1050 3217 1104 ad
3246 1049 3599 1105 necessarium
3617 1064 3791 1113 usum,

2216 1149 2271 1195 et
2320 1141 2385 1195 ad
2430 1141 2590 1196 vitam
2624 1143 2787 1211 probe
2837 1158 3050 1211 semper
3077 1142 3357 1212 agendam.
3399 1140 3628 1210 Ideoque
3674 1155 3795 1195 011111

2219 1233 2515 1287 nasciturus
2561 1245 2721 1298 esset,
2753 1250 2855 1287 non
2899 1232 3229 1302 Splendidam
3277 1233 3491 1286 domum
3533 1231 3790 1301 quatsivit.

2221 1341 2324 1379 non
2352 1338 2573 1380 matrem
2602 1326 2818 1380 divitem
2848 1337 2901 1379 et
2946 1328 3225 1387 illustrem,
3270 1323 3362 1379 sed
3414 1324 3697 1393 pauperem
3742 1332 3797 1378 et

2220 1432 2472 1488 Sponsum
2520 1418 2723 1473 fabrum
2754 1419 3056 1481 habentem,
3104 1426 3262 1486 atque
3293 1416 3344 1470 in
3392 1415 3601 1485 tugurio
3629 1415 3799 1468 nasci-

2222 1518 2308 1564 tur
2327 1520 2379 1563 et
2406 1511 2455 1563 iu
2487 1512 2747 1579 pra-sepio
2786 1510 3087 1564 reclinatur.
3136 1508 3270 1562 Cum
3301 1506 3590 1576 discipulos
3619 1506 3797 1575 elegit,

2222 1617 2327 1654 non
2357 1604 2601 1656 rhetoras
2639 1612 2693 1655 et
2729 1602 2926 1671 50phos
2951 1600 3210 1669 quaesivit,
3243 1614 3414 1667 neque
3438 1598 3722 1667 opulentos
3746 1606 3800 1651 et

2224 1691 2451 1752 nobiles,
2483 1691 2577 1745 sed
2608 1706 2886 1761 pauperes,
2924 1705 3214 1760 pauperum
3242 1690 3398 1752 filios,
3430 1698 3484 1743 et
3523 1687 3798 1757 ignobiles.

2226 1782 2291 1837 Et
2317 1797 2434 1836 cum
2482 1798 2719 1836 mensam
2757 1792 3066 1851 apponeret,
3105 1781 3265 1835 modo
3287 1795 3454 1851 panes
3478 1778 3803 1834 hordeaceos

2226 1873 2444 1934 inducit,
2476 1872 2636 1928 modo
2659 1872 2948 1943 discipulos
2978 1873 3027 1925 in
3056 1872 3171 1925 foro
3190 1870 3343 1940 jubet
3364 1886 3580 1934 emere;
3610 1879 3662 1924 et
3681 1884 3802 1924 011111

2224 1964 2392 2018 lectos
2410 1964 2475 2017 ad
2500 1979 2736 2019 mensam
2757 1972 2931 2034 parat,
2955 1964 3098 2019 fatuo
3125 1962 3191 2015 ad
3218 1962 3269 2016 id
3291 1962 3474 2016 utitur.
3504 1960 3802 2015 Vestimen-

2227 2056 2296 2109 tis
2324 2056 2559 2111 induitur
2595 2056 2785 2111 vilibus
2814 2064 2868 2111 et
2904 2055 2970 2110 ad
3003 2055 3146 2125 vulgi
3187 2071 3339 2109 usum
3369 2054 3801 2124 pertinentibus:

2226 2147 2443 2201 domum
2476 2163 2543 2202 ne
2574 2147 2756 2201 habuit
2785 2146 3021 2217 quidem.
3052 2146 3106 2201 Si
3136 2161 3263 2201 vero
3292 2162 3354 2201 ex
3397 2145 3514 2199 loco
3542 2146 3593 2199 in
3629 2144 3803 2199 locum

2227 2241 2375 2294 abire
2404 2255 2538 2309 opus
2566 2251 2728 2307 esset,
2759 2240 2809 2295 id
2850 2240 3073 2310 pedibus
3104 2239 3248 2305 facit,
3276 2250 3435 2308 atque
3466 2239 3534 2292 ita
3567 2248 3621 2292 ut
3651 2237 3803 2292 defa-

2229 2333 2442 2401 tigctur.
2472 2332 2677 2387 Sedens
2706 2347 2810 2386 non
2841 2333 2978 2386 solio
3017 2346 3149 2401 opus
3196 2331 3372 2394 habet,
3426 2345 3597 2398 neque
3638 2329 3805 2398 pulvi-

2231 2425 2365 2489 nari,
2395 2424 2486 2479 scd
2511 2424 2561 2478 in
2588 2424 2702 2478 solo
2729 2425 2843 2493 ipso
2865 2423 3035 2487 sedet,
3062 2421 3350 2492 aliquando
3387 2421 3442 2475 in
3480 2430 3676 2484 monte,
3710 2418 3806 2472 ali-

2230 2515 2445 2584 quando
2473 2514 2539 2568 ad
2569 2514 2764 2569 fontem
2791 2532 2806 2581 ;
2834 2529 2934 2569 nec
2960 2514 3026 2567 ad
3056 2513 3253 2569 fontem
3283 2508 3504 2575 tantum,
3532 2511 3624 2565 sed
3662 2511 3807 2565 solus

2228 2622 2348 2661 cum
2377 2605 2709 2661 Samaritana
2740 2605 2970 2674 loquitur
2998 2603 3173 2674 (Joan.
3206 2604 3285 2673 4).
3332 2600 3461 2657 Item
3503 2602 3590 2671 qui
3636 2600 3807 2655 dolori

2232 2700 2448 2753 modum
2474 2700 2677 2765 statuit,
2709 2714 2829 2753 cum
2864 2699 3041 2769 lugere
3069 2706 3298 2767 oportet,
3332 2696 3605 2765 paululum
3633 2694 3805 2767 lacry-

2232 2801 2426 2856 matur,
2459 2792 2671 2860 ubique,
2712 2801 2767 2845 ut
2790 2790 2917 2857 dixi,
2950 2791 3156 2859 regulas
3183 2788 3542 2858 terminosque
3580 2800 3804 2858 ponens,

2231 2899 2505 2952 quousque
2536 2883 2747 2953 procedi
2776 2881 2989 2942 debeat,
3042 2891 3096 2935 et
3121 2880 3204 2934 ubi
3251 2881 3439 2934 sistere
3463 2880 3681 2949 gradum
3714 2892 3808 2947 par

2231 2978 2318 3029 sit.
2369 2974 2492 3028 Ideo
2544 2992 2683 3029 1111110
2721 2975 2902 3039 etiam,
2946 2974 3068 3043 quia
3108 2972 3323 3041 contigit
3347 2970 3604 3041 quosdam
3656 2970 3805 3024 111111·-

2233 3069 2426 3121 miores
2452 3082 2586 3136 opus
2610 3065 2803 3119 habere
2829 3064 3207 3134 subjugalibus,
3240 3063 3324 3117 hic
3351 3076 3560 3132 quoque
3594 3062 3806 3117 modum

2236 3160 2427 3230 posuit,
2460 3159 2745 3214 ostendens
2765 3174 2869 3212 non
2891 3160 3060 3228 equis,
3092 3173 3196 3210 non
3227 3156 3489 3210 mulorum
3514 3155 3654 3225 jugis
3674 3170 3808 3224 opus

2233 3268 2385 3316 esse;
2417 3252 2509 3307 sed
2557 3251 2708 3306 asino
2757 3250 3031 3315 utendum,
3086 3264 3186 3304 1100
3225 3249 3365 3303 ultra
3413 3240 3805 3318 procedendum

2232 3359 2373 3408 esse,
2406 3343 2564 3413 idque
2607 3343 2673 3396 ad
2727 3357 2877 3396 usum
2932 3342 3060 3395 satis
3097 3356 3235 3396 esse.
3270 3340 3557 3395 Videamus
3600 3353 3809 3408 quoque

2234 3435 2562 3505 prophetiam
2590 3435 2771 3490 verbis
2795 3445 2849 3489 et
2872 3434 3023 3488 factis
3047 3434 3063 3465 ¹
3085 3448 3413 3502 expressam.
3431 3431 3561 3498 Quae
3580 3439 3661 3485 est
3683 3445 3811 3499 ergo

2234 3527 2321 3582 illa
2350 3526 2668 3598 praphetia?
2694 3525 2824 3581 Ecce
2841 3542 2932 3581 rea:
2958 3538 3074 3580 tuus
3102 3526 3231 3579 venit
3253 3526 3337 3578 tibi
3360 3533 3667 3588 mansuetus,
3690 3539 3811 3577 con-

2232 3620 2471 3674 scendens
2509 3618 2822 3690 subjugalem
2866 3627 2913 3673 et
2951 3617 3146 3686 pullum
3177 3618 3417 3687 juvenem
3442 3633 3463 3671 :
3492 3632 3595 3670 non
3626 3631 3812 3671 currus

2235 3726 2417 3781 agens,
2442 3721 2500 3766 ut
2525 3713 2704 3766 eaateri
2743 3725 2930 3782 reges;
2962 3725 3067 3764 non
3108 3709 3382 3780 vectigalia
3425 3708 3663 3779 exigens,
3704 3723 3810 3763 non

2237 3812 2495 3858 terrorem
2544 3803 2825 3866 incutiens,
2872 3810 2927 3856 et
2954 3800 3214 3856 satellites
3248 3800 3615 3869 circumagens
3660 3816 3675 3853 :
3716 3797 3811 3854 sed

2242 3894 2553 3949 modestiam
2585 3894 2708 3949 hinc
2733 3909 2943 3963 quoque
2962 3908 3207 3963 magnam
3230 3891 3506 3947 exhibens.
3547 3890 3811 3961 Interroga

2238 3986 2415 4056 itaque
2439 3986 2679 4040 Judatmn
2708 4003 2721 4039 :
2749 3986 2876 4052 Quis
2908 4001 2996 4039 rex
3040 3986 3189 4039 asino
3220 3993 3403 4039 vectus
3431 3983 3700 4053 ingressus
3734 3991 3815 4037 est

2237 4077 2659 4147 Jcrosttlymam?
2687 4079 2789 4131 Sed
2820 4093 2925 4131 non
2946 4076 3105 4131 alium
3134 4093 3290 4145 quam
3321 4076 3461 4131 hunc
3484 4076 3663 4132 dicere
3689 4092 3813 4145 pos—

2238 4172 2363 4223 sint.
2396 4168 2482 4221 llla
2506 4184 2665 4237 porro
2691 4168 2935 4234 faciebat,
2975 4178 3028 4221 ut
3064 4167 3193 4233 dixi,
3224 4166 3395 4220 futura
3427 4168 3811 4236 praenuntiam.

2240 4262 2337 4317 llic
2374 4262 2517 4316 enim
2561 4276 2655 4331 per
2700 4262 2898 4331 pullum
2951 4260 3185 4314 Ecclesia
3232 4258 3573 4329 signiﬁcatur,
3609 4274 3813 4314 necnon

2239 4354 2467 4424 populus
2487 4368 2677 4419 novus,
2703 4354 2827 4407 olim
2855 4352 3110 4420 impurus,
3142 4359 3415 4419 postquam
3443 4360 3619 4405 autem
3662 4349 3815 4405 Jesus

2241 4446 2454 4511 insedit,
2480 4460 2641 4514 purus
2667 4442 2905 4499 effectus.
2934 4443 3002 4497 Et
3026 4442 3143 4497 vide
3169 4442 3447 4512 imaginem
3475 4441 3670 4513 ubique
3698 4457 3813 4496 ser-

2241 4547 2437 4590 vatam.
2459 4534 2589 4589 Nam
2611 4533 2857 4604 discipuli
2881 4534 3092 4587 solvunt
3128 4530 3439 4602 subjugalia.
3475 4530 3580 4587 Per
3601 4540 3816 4601 aposto-

2242 4628 2324 4683 los
2349 4628 2489 4685 enim
2520 4635 2574 4681 et
2600 4626 2700 4695 ipsi
2730 4636 2786 4681 et
2826 4639 2925 4679 nos
2952 4624 3123 4679 vocati
3163 4639 3369 4689 sumus,
3417 4637 3512 4693 per
3548 4621 3817 4692 apostolos

2250 4722 2470 4778 adducti
2494 4739 2507 4774 :
2532 4719 2663 4789 quia
2680 4732 2810 4771 vero
2832 4714 3006 4787 gloria
3028 4712 3333 4769 vocationis
3371 4718 3570 4764 nostra
3592 4706 3811 4763 aemula-

2243 4815 2444 4869 tionem
2461 4826 2647 4866 eorum
2664 4809 2929 4872 accendit,
2953 4807 3074 4861 ideo
3093 4807 3301 4859 videtur
3332 4803 3486 4858 asina
3500 4800 3705 4871 pullum
3723 4812 3809 4852 se-

2245 4904 2361 4975 qui.
2384 4905 2680 4972 Postquam
2705 4901 2849 4955 enim
2869 4899 3122 4954 Christus
3140 4896 3402 4951 insederit
3417 4908 3581 4963 super
3596 4899 3803 4962 gentes,

2241 5006 2373 5051 tunc
2390 4994 2608 5049 venient
2621 5003 2675 5047 et
2691 4992 2766 5045 illi
2783 4991 2927 5047 malo
2939 4990 3121 5047 studio
3135 4986 3374 5053 incensi;
3399 4986 3450 5039 id
3469 4984 3611 5055 quod
3628 4982 3811 5037 decla-

2242 5097 2327 5143 rat
2341 5085 2543 5140 Paulus
2556 5084 2641 5139 bis
2658 5082 2867 5138 verbis:
2893 5080 3255 5151 Quia_cwcitas
3273 5094 3335 5131 ea:
3348 5090 3496 5149 parte
3514 5074 3813 5129 111100ιί111·-

2254 5179 2405 5240 cidit,
2423 5177 2584 5230 donec
2616 5174 2888 5242 plenitudo
2913 5175 3140 5244 gentium
3161 5174 3379 5226 intraret
3403 5186 3420 5223 :
3445 5169 3583 5222 etsic
3611 5169 3630 5197 ’
3648 5164 3815 5218 omnis

2246 5272 2413 5327 Israel
2463 5268 2735 5325 salvabitur
2760 5263 2934 5338 (Rom.
2982 5261 3070 5316 11.
3116 5258 3207 5313 25.
3235 5257 3350 5323 ‘26).
3378 5252 3531 5320 Quod
3577 5249 3719 5306 enim
3773 5248 3821 5299 id

2250 5364 2524 5437 prophetia
2553 5369 2713 5422 esset,
2747 5357 2959 5427 planum
2990 5362 3072 5407 est
3104 5366 3167 5404 ex
3188 5364 3297 5419 jam
3326 5345 3516 5407 dictis;
3550 5341 3650 5395 nisi
3679 5338 3822 5393 enim

2250 5433 2321 5513 ita
2347 5466 2506 5517 esset,
2541 5469 2644 5508 non
2672 5456 2915 5506 curasset
2939 5445 3192 5516 pr0pheta
3225 5452 3330 5495 tam
3354 5436 3635 5506 diligenter
3658 5433 3822 5486 asina:

2249 5561 2459 5608 aetatem
2487 5547 2683 5602 dicere.
2718 5542 2834 5598 Non
2872 5544 2983 5594 hare
3011 5546 3213 5593 tantum
3245 5547 3341 5603 per
3376 5544 3534 5599 supra
3576 5524 3717 5581 dicta
3746 5522 3821 5577 si-

2315 5726 2331 5756 ‘
2359 5720 2522 5772 Morel.
2547 5720 2741 5775 omittit,
2766 5721 2812 5767 et
2834 5710 2989 5777 factis.

2315 5812 2337 5842 ³
2362 5806 2520 5857 Morel.
2549 5811 2601 5853 et
2622 5801 2815 5865 quidam
2839 5797 2919 5847 alii
2946 5796 3141 5857 legunt,
3165 5801 3210 5844 et
3233 5800 3362 5843 tunc.
