4140 6376
298 421 402 474 6°39

299 542 639 607 gutta-antur,
662 536 756 592 sed
785 537 946 592 etiam
976 535 1115 606 quod
1143 535 1368 604 apostoli
1395 535 1548 589 facile
1578 535 1695 588 iilos
1716 531 1881 587 addu-

315 627 456 684 cturi
483 629 612 683 sint.
649 627 962 680 Sieutenim
982 626 1071 679 hic
1089 623 1269 677 nullus
1282 623 1637 684 contradixit,
1663 632 1720 676 ut
1749 624 1881 675 reli-

308 720 710 783 ncretasinam,
752 719 834 774 sic
871 717 925 771 in
962 717 1318 772 conversione
1335 718 1578 786 gentium
1596 716 1882 769 nulluseo-

302 827 423 866 rum
443 813 535 882 qui
562 813 682 866 illos
706 820 832 866 ante
853 819 1279 880 occupaverant,
1318 810 1466 879 ipsos
1485 810 1753 879 impedire
1779 826 1872 861 va-

304 905 427 960 luit.
467 903 585 957 Non
635 904 789 958 sedet
831 913 1015 957 autem
1063 917 1228 971 supra
1288 900 1497 954 nudum
1529 901 1759 971 pullum,
1789 901 1881 954 sed

306 1003 466 1058 supra
495 988 810 1043 vestimenta
837 989 1219 1058 apostolorum.
1247 987 1378 1054 Quia
1399 989 1539 1041 enim
1570 987 1768 1056 pullum
1799 1003 1886 1039 ac-

307 1086 579 1148 ceperant,
627 1080 803 1132 omnia
831 1080 938 1148 jam
978 1082 1237 1148 praebent,
1295 1088 1352 1132 ut
1389 1078 1597 1133 dicebat
1646 1077 1882 1132 Paulus:

312 1171 419 1240 Ego
446 1179 613 1223 autem
639 1170 958 1224 libentissime
977 1171 1264 1238 impendam
1294 1179 1337 1222 et
1361 1168 1626 1237 impendar
1654 1185 1746 1239 pro
1770 1169 1883 1219 ani-

310 1264 482 1314 mabus
510 1261 684 1315 vestris
710 1260 784 1332 (2.
817 1259 934 1316 Cor.
965 1263 1049 1315 1'2.
1085 1259 1193 1330 15).
1226 1261 1300 1314 Τιι
1325 1276 1451 1314 vero
1479 1261 1603 1330 pulli
1641 1275 1886 1313 mansue-

311 1353 546 1407 tudinem
593 1353 891 1416 wttsidera,
934 1353 1201 1423 quomodo
1235 1353 1524 1409 indomitus
1567 1369 1687 1407 cum
1726 1365 1887 1416 esset,

309 1455 364 1498 et
415 1444 550 1498 freni
577 1458 789 1512 expers,
839 1461 942 1496 non
994 1445 1200 1508 resiliit,
1252 1444 1344 1499 sed
1391 1446 1568 1514 quiete
1615 1445 1886 1513 agebatur.

312 1536 462 1603 Quod
490 1544 544 1590 et
573 1536 741 1605 ipsum
769 1537 1046 1606 prophetia
1086 1537 1161 1590 rei
1205 1535 1393 1589 futurae
1438 1545 1573 1601 erat,
1602 1537 1893 1606 morigerus

313 1638 498 1695 gentes
528 1627 854 1697 significans,
879 1637 933 1682 et
958 1637 1252 1697 promptam
1283 1627 1486 1682 ordinis
1522 1631 1888 1684 mutationem.

313 1720 444 1774 Nam
469 1721 646 1774 omnia
685 1718 851 1774 efficit
891 1722 1109 1774 verbum
1157 1719 1283 1774 illud
1313 1737 1326 1772 :
1360 1721 1620 1776 Soluentes
1657 1721 1894 1775 adducite

313 1812 470 1876 mihi;
500 1811 569 1865 ita
610 1820 668 1864 ut
711 1810 1012 1864 inordinata
1051 1811 1102 1864 in
1134 1811 1378 1866 ordinem
1418 1813 1803 1881 redigerentur,
1841 1821 1895 1866 et

317 1903 586 1957 immunda
615 1903 827 1956 demum
859 1902 1050 1956 umnda
1086 1902 1294 1958 fierent.

386 1997 438 2051 3.
477 1994 773 2049 Iudaeorum
816 1995 1038 2063 abiectus
1082 1995 1303 2067 animus.
1353 1993 1582 2049 Christus
1635 2012 1782 2062 quam
1835 1998 1884 2048 et

314 2107 518 2145 causam
544 2090 616 2142 sic
640 2089 951 2158 triumphare
975 2089 1202 2142 voluerit.
1230 2086 1558 2159 Elccmosyna
1578 2089 1894 2142 commendm

316 2194 416 2236 tur.
463 2182 879 2234 Antiocltenorum
923 2181 1248 2249 eleemosynae
1292 2180 1523 2248 ipsorum
1571 2179 1897 2248 facultatibus

316 2277 662 2344 confmmtur.
705 2270 905 2327 —-Sed
948 2271 1068 2326 vide
1111 2270 1239 2324 mihi
1280 2269 1587 2326 Judaeorum
1630 2270 1896 2340 abjectum

315 2368 571 2420 aninuuu.
587 2367 685 2421 Tot
706 2366 955 2420 miracula
983 2366 1225 2434 patravit,
1247 2375 1300 2420 et
1315 2381 1602 2435 numquam
1619 2367 1702 2420 sic
1726 2366 1896 2436 ipsum

316 2458 561 2512 admirati
601 2467 725 2512 sunt
755 2457 908 2527 :quia
939 2466 1115 2511 autem
1145 2457 1392 2511 viderunt
1425 2457 1635 2511 turbam
1672 2472 1901 2512 concur-

316 2563 542 2619 rentem,
567 2561 691 2606 tunc
716 2550 890 2605 mirati
922 2561 1063 2604 sunt.
1095 2549 1179 2604 10.
1205 2548 1464 2603 Commota
1482 2550 1668 2619 quippe
1693 2558 1765 2604 est
1788 2552 1900 2602 nni-

317 2662 460 2700 rersa
483 2645 656 2700 civitas
696 2643 867 2698 dicens
889 2659 908 2697 :
932 2643 1057 2708 Quis
1085 2652 1157 2697 est
1187 2642 1310 2697 hic?
1336 2640 1522 2696 Turba:
1548 2653 1714 2696 autem
1758 2642 1898 2695 dice-

319 2738 435 2791 bant
457 2753 477 2791 ,ο
499 2735 599 2790 Hic
623 2745 696 2790 est
735 2735 883 2790 Jews
921 2735 1166 2805 praplteta
1189 2750 1220 2786 a
1249 2732 1510 2788 Nazareth
1555 2733 1798 2788 Catilinae.
1831 2734 1900 2787 Et

318 2845 438 2885 cum
481 2829 582 2884 sibi
633 2827 947 2882 videbantur
982 2827 1181 2896 aliquid
1229 2841 1479 2894 magnum
1524 2825 1742 2890 dicere,
1774 2834 1900 2880 tunc

320 2923 464 2978 humi
495 2936 685 2992 repens
712 2930 767 2976 et
809 2920 1025 2975 humilis
1069 2929 1124 2975 et
1160 2919 1363 2989 abjeeta
1397 2920 1606 2974 illorum
1633 2920 1900 2974 sententia

319 3025 454 3072 erat.
479 3015 604 3070 Hice
623 3021 800 3068 autem
829 3014 918 3067 ille
948 3012 1191 3078 faciebat,
1218 3028 1326 3067 non
1357 3012 1423 3066 ad
1445 3013 1854 3067 ostentationem
1881 3053 1895 3077 ,

318 3109 412 3164 sed
439 3108 632 3173 simul,
659 3106 799 3178 quod
828 3106 942 3161 dixi
970 3148 986 3172 ,
1019 3105 1348 3175 prephetiam
1390 3106 1648 3175 implens,
1683 3115 1736 3159 et
1780 3105 1899 3173 phi-

319 3203 613 3272 losophiam
640 3201 839 3256 docens
858 3238 874 3264 ,
898 3200 1158 3269 simulque
1193 3197 1481 3268 discipulos
1519 3198 1803 3252 consolans
1831 3197 1902 3247 ob

321 3307 546 3352 mortem
574 3310 725 3350 suam
743 3294 1008 3358 dolentes,
1024 3287 1417 3361 Ostendensque
1440 3305 1500 3346 se
1520 3291 1704 3344 istlnec
1724 3289 1900 3342 omnia

322 3390 547 3446 libenter
576 3402 857 3459 passurum
883 3401 1024 3442 esse.
1053 3385 1132 3440 Tu
1161 3399 1290 3440 vero
1315 3384 1446 3438 mihi
1481 3383 1748 3438 admirare
1774 3397 1899 3452 pro-

323 3486 495 3551 phetze
517 3481 914 3536 accurationem
940 3521 955 3545 ,
979 3477 1247 3548 quomodo
1271 3477 1449 3532 omnia
1481 3475 1806 3546 pratdixerit.
1835 3474 1904 3528 Et

320 3577 418 3630 alia
444 3573 656 3644 quidem
683 3573 866 3639 David,
896 3570 999 3626 alia
1020 3569 1301 3627 Zacharias
1324 3570 1716 3640 przenuntiavit.
1751 3570 1822 3623 lta
1850 3579 1903 3623 et

324 3680 422 3720 nos
454 3666 709 3722 faciamus
732 3705 749 3730 ,
776 3673 828 3719 et
857 3663 1066 3734 hymnis
1096 3663 1426 3718 celebremus
1448 3703 1464 3729 ,
1493 3670 1546 3716 et
1587 3661 1902 3716 vestimenta

323 3756 593 3812 tradamus
620 3755 686 3811 iis
712 3755 801 3826 qui
839 3755 1010 3825 ipsum
1036 3753 1283 3808 afferunt.
1312 3753 1426 3820 Qtta
1462 3753 1603 3807 enim
1635 3755 1788 3806 venia
1824 3753 1905 3806 di-

324 3850 411 3921 gni
440 3851 638 3906 erimus
662 3891 680 3916 ,
713 3850 760 3903 si
784 3863 904 3903 cum
933 3849 1022 3902 alii
1063 3847 1268 3901 asinam
1315 3847 1398 3901 cui
1447 3846 1711 3900 insidebat
1741 3846 1904 3898 vesti-

322 3943 518 3999 mentis
543 3942 807 4014 operiunt,
833 3941 922 3995 alii
947 3940 1066 4008 ejus
1091 3939 1314 4008 pedibus
1337 3940 1648 3993 vestimenta
1669 3939 1904 3993 subster—

323 4045 476 4104 nunt,
498 4052 597 4092 nos
626 4035 824 4092 nudum
854 4034 1002 4088 illum
1021 4033 1279 4092 videntes.
1295 4048 1391 4086 nec
1407 4034 1539 4101 jnssi
1569 4047 1665 4086 nos
1686 4049 1900 4097 exuere,

322 4131 416 4186 sed
441 4129 638 4201 aliquid
665 4127 1001 4198 impendere,
1034 4143 1100 4180 ne
1126 4126 1264 4180 hanc
1297 4127 1508 4196 quidem
1537 4127 1902 4180 liberalitatem

323 4220 707 4277 exhibeamus?
735 4221 810 4274 illi
835 4228 1130 4286 sequuntur
1167 4227 1290 4272 ante
1319 4229 1364 4270 et
1402 4227 1540 4287 post,
1573 4233 1669 4270 nos
1700 4234 1825 4272 vero
1851 4229 1903 4270 ul.

324 4313 668 4369 accedentem
722 4310 1071 4381 repellimus,
1121 4320 1174 4365 et
1225 4310 1557 4363 contumeliis
1603 4309 1904 4363 allicimus?

323 4411 533 4474 Quanto
563 4405 676 4458 haec
699 4402 958 4472 supplicio
981 4443 996 4469 ,
1018 4410 1211 4472 quanta
1234 4402 1433 4455 ultione
1459 4401 1614 4470 digna
1640 4401 1799 4454 sunt?
1827 4401 1903 4453 Ad

326 4505 378 4550 te
419 4493 624 4548 accedit
663 4493 920 4547 Dominus
964 4506 1321 4561 egenus;nec
1357 4489 1795 4560 supplicationem
1826 4507 1906 4542 VIS

324 4586 543 4651 audire;
567 4584 660 4640 sed
689 4585 920 4650 incusas,
956 4584 1228 4652 inerepas,
1259 4593 1312 4637 et
1338 4585 1452 4637 hinc
1482 4584 1672 4638 talibus
1710 4584 1905 4638 auditis

324 4678 524 4733 verbis.
557 4676 612 4731 Si
639 4691 767 4731 vero
799 4676 882 4731 vel
915 4691 1104 4745 panem
1134 4676 1350 4729 unicum
1390 4674 1620 4745 largiens
1649 4685 1703 4730 et
1731 4677 1906 4729 tantil-

324 4770 430 4824 lum
477 4769 718 4839 pecuniae
737 4809 752 4834 ,
782 4767 852 4821 ita
903 4777 1059 4821 tenax
1103 4781 1162 4821 es
1186 4808 1203 4834 ,
1233 4781 1425 4840 avarus
1451 4776 1505 4821 et
1541 4767 1718 4838 segnis
1742 4806 1759 4832 ,
1786 4769 1905 4838 quis

323 4860 531 4914 futurus
559 4873 735 4924 esses,
759 4859 802 4914 si
831 4858 1008 4912 omnia
1033 4867 1214 4912 essent
1251 4859 1592 4914 evacuanda?
1611 4859 1726 4914 Non
1753 4859 1903 4914 vides

323 4952 442 5006 illos
468 4951 521 5006 in
553 4950 760 5004 theatro
787 4949 1025 5004 liberales
1051 4948 1292 5003 homines
1319 4959 1512 5019 quanta
1537 4952 1903 5007 meretricibus

321 5040 690 5108 profundunt?
721 5040 799 5094 Tu
841 5053 972 5092 vero
1016 5054 1082 5093 ne
1118 5039 1390 5094 dimidiam
1435 5041 1647 5109 quidem
1691 5042 1902 5096 illorum

328 5141 549 5199 partem,
584 5131 690 5184 imo
719 5143 862 5198 sa'pe
892 5145 960 5184 ne
986 5144 1144 5199 quam
1171 5129 1440 5184 minimam
1466 5140 1666 5199 partem
1692 5146 1900 5201 erogas.

323 5227 393 5278 At
413 5223 655 5280 diabolus
679 5223 1098 5294 quibuscumque
1117 5222 1244 5277 dare
1263 5222 1433 5292 jubet;
1461 5223 1584 5278 dum
1606 5223 1900 5294 gehennam

325 5316 479 5371 nobis
503 5316 750 5372 certeiliat
772 5357 788 5382 ,
815 5325 870 5370 et
899 5325 1073 5370 tamen
1105 5315 1201 5370 das
1229 5334 1241 5369 :
1265 5312 1506 5370 Christus
1551 5333 1684 5370 vero
1719 5322 1901 5388 egenis

326 5412 456 5466 dare
489 5411 662 5480 jubet,
692 5421 746 5465 et
791 5424 1014 5482 regnum
1059 5411 1354 5482 promittit,
1400 5422 1456 5467 et
1486 5425 1540 5465 ιιι
1589 5429 1693 5466 non
1743 5414 1900 5465 modo

324 5517 429 5556 non
476 5504 614 5567 das,
657 5501 752 5558 sed
809 5505 969 5558 etiam
1023 5505 1443 5558 contumeliosus
1489 5520 1583 5570 es;
1628 5507 1902 5575 maviSqne

324 5594 543 5648 obedire
567 5593 800 5658 diabolo,
833 5606 888 5648 ut
912 5595 1166 5650 crueieris
1189 5637 1204 5659 ,
1231 5611 1386 5664 quam
1409 5597 1641 5660 Christo,
1673 5606 1730 5650 ut
1757 5598 1900 5651 salu-

324 5696 432 5740 tem
458 5686 822 5756 consequaris.
844 5687 978 5755 Quid
999 5688 1095 5742 hac
1123 5689 1341 5742 stultitia
1368 5689 1638 5744 deterius?
1667 5690 1758 5744 Ille
1805 5707 1897 5758 ge-

324 5776 554 5832 hennam
584 5777 676 5831 tibi
704 5777 852 5831 affert
870 5817 885 5844 ,
913 5777 996 5831 hic
1022 5794 1239 5848 regnum
1267 5797 1280 5832 :
1304 5789 1357 5835 et
1385 5790 1558 5836 tamen
1586 5779 1688 5835 hoc
1716 5781 1899 5836 reliczo

324 5867 392 5924 ad
423 5866 570 5924 illum
598 5870 892 5924 aceurritis.
922 5870 990 5924 Et
1035 5873 1173 5925 hunc
1218 5871 1555 5928 accedentem
1603 5872 1857 5943 repellitis
1878 5917 1891 5935 ,

648 5986 920 6047 PATROL.
965 5987 1079 6047 (in.
1136 5983 1332 6044 LVIII

1223 419 1284 474 IN
1326 419 1731 477 ΜΑΤΤΙΙΑΞΠΜ
1772 420 2000 477 ΙΙΟΜΙΙι.
2043 418 2229 475 LXVI.
2273 419 2343 470 al.
2385 414 2588 470 LXVII.

3469 413 3570 467 654)

1990 531 2139 584 illum
2186 529 2369 598 procul
2412 530 2642 598 positum
2669 527 2957 582 advocatis.
3000 527 3182 596 Neque
3219 527 3372 583 aliter
3400 541 3489 582 res
3520 542 3578 581 se

1989 618 2342 689 babet,quam
2371 620 2414 672 si
2447 634 2538 674 rex
2568 633 2798 687 purpura
2827 619 3047 673 vestitus
3077 627 3131 671 et
3159 617 3456 671 diademate
3482 633 3575 670 or-

1990 726 2143 766 natus
2191 728 2294 766 non
2343 712 2858 781 persuadeatzlatro
2898 719 3072 765 autem
3112 725 3298 764 ensem
3336 711 3576 774 vibrans,

1989 817 2323 874 mortemque
2349 804 2703 858 conuuinatus
2727 803 2877 857 facile
2899 803 3216 871 persuadeat
3257 802 3380 855 llam
3402 802 3580 871 itaque

1989 899 2278 966 Cogitantcs
2298 940 2312 964 ,
2343 897 2517 952 dilecti
2546 940 2560 961 ,
2591 896 2802 951 tandem
2831 895 3118 964 aliquando
3153 895 3339 948 oculos
3369 909 3573 963 apt-ria.

1991 1007 2128 1052 IIIIIS,
2147 1001 2200 1045 et
2215 992 2512 1061 vigilemus.
2539 990 2668 1044 Nam
2686 999 2828 1045 certe
2852 990 3013 1058 pudet
3039 1004 3123 1043 me
3148 987 3214 1043 de
3239 987 3527 1056 elcemosyi
3553 1000 3580 1038 a

1993 1085 2172 1152 loqui,
2203 1098 2322 1137 eum
2357 1094 2461 1137 tam
2490 1097 2632 1153 swpe
2678 1082 2780 1137 hoc
2821 1092 3196 1152 argumentum
3244 1080 3578 1134 tractaverim

1994 1175 2109 1227 sine
2132 1191 2321 1244 magno
2341 1175 2756 1229 admonitiooum
2780 1174 2970 1230 fructu.
2997 1174 3122 1228 Plus
3146 1183 3293 1229 certe
3310 1172 3578 1242 quidpiam

1995 1269 2259 1335 przestatis
2282 1307 2296 1327 .
2325 1267 2420 1321 scd
2449 1283 2552 1320 non
2590 1276 2844 1336 quantum
2872 1267 3087 1321 vellem.
3119 1265 3228 1320 Vos
3254 1264 3581 1320 seminantcs

1994 1361 2189 1425 video,
2221 1360 2314 1415 sed
2359 1377 2464 1414 non
2514 1362 2656 1430 larga
2695 1375 2878 1415 manu.
2905 1359 3264 1428 Quamobrem
3310 1360 3471 1414 timeo
3516 1373 3582 1410 ne

1996 1466 2153 1520 parce
2183 1452 2412 1507 metatis.
2439 1451 2590 1519 Quod
2635 1451 2775 1505 enim
2807 1465 2964 1521 parce
3003 1449 3363 1512 seminenms,
3396 1448 3441 1502 si
3475 1447 3583 1516 pla-

1996 1553 2115 1597 ceat
2134 1583 2148 1606 ,
2177 1544 2515 1612 exploremus
2539 1586 2551 1610 ,
2584 1553 2758 1598 utrum
2793 1543 2971 1613 plures
2998 1542 3104 1595 sint
3130 1541 3181 1595 in
3209 1542 3427 1595 civitate
3457 1555 3582 1608 pau-

1999 1649 2154 1704 peres
2183 1651 2342 1703 quam
2369 1635 2561 1689 divites
2581 1675 2596 1697 ,
2628 1645 2682 1689 et
2707 1635 2918 1704 quinam
2961 1648 3058 1688 nec
3091 1646 3350 1702 pauperes
3376 1647 3476 1686 nec
3507 1631 3583 1684 di.

1999 1727 2133 1780 vites
2158 1728 2263 1780 sint
2287 1767 2300 1788 ,
2329 1727 2420 1782 sed
2453 1728 2684 1780 medium
2713 1727 2885 1780 locum
2919 1734 3182 1780 tenentes.
3219 1725 3430 1779 Decima
3463 1739 3584 1792 pars

1999 1818 2192 1872 civium
2223 1818 2414 1872 divites
2439 1859 2452 1878 ,
2480 1818 2685 1872 decima
2721 1831 2842 1886 pars
2882 1830 3140 1886 pauperes
3179 1815 3269 1886 qui
3315 1815 3442 1868 nihil
3488 1814 3572 1866 ha-

2001 1908 2163 1964 bent:
2188 1909 2374 1980 reliqui
2409 1924 2535 1964 vero
2575 1918 2693 1963 sunt
2733 1910 2784 1962 in
2817 1909 2991 1963 medio
3019 1908 3135 1963 loco
3163 1907 3341 1975 positi.
3377 1906 3584 1959 Divida-

2003 2018 2121 2056 mus
2151 2002 2325 2071 itaque
2350 2017 2444 2072 per
2468 2016 2756 2072 egenorum
2785 2015 3061 2054 numerum
3086 2009 3248 2053 totam
3277 1997 3424 2052 urbis
3450 1999 3584 2052 mul-

2003 2096 2393 2160 titudinem,et
2433 2105 2688 2160 quantum
2739 2094 2810 2148 sit
2856 2094 3090 2149 dedecus
3138 2092 3406 2146 videbitis.
3451 2089 3584 2144 Nam

2001 2188 2284 2243 admodum
2311 2189 2500 2243 divites
2526 2188 2672 2257 pauci
2696 2196 2850 2251 sunt;
2880 2187 2969 2256 qui
3009 2186 3106 2240 hos
3130 2192 3427 2254 sequuntur
3459 2182 3547 2252 plu
3566 2211 3580 2220 -

2001 2281 2158 2346 rimi;
2187 2296 2398 2334 rursum
2431 2295 2689 2350 pauperes
2721 2280 2878 2347 longe
2905 2277 2988 2331 his
3013 2278 3289 2345 pauciores
3314 2285 3455 2330 sunt.
3489 2278 3586 2326 At.

2005 2385 2181 2429 tamen
2203 2389 2323 2428 eum
2346 2380 2425 2426 tot
2443 2373 2545 2427 sint
2576 2373 2666 2442 qui
2690 2371 2987 2426 esurientes
3014 2369 3161 2423 alere
3187 2367 3414 2437 possint,
3435 2365 3588 2418 multi

2003 2476 2124 2522 sunt
2138 2465 2531 2536 quiesurientes
2546 2465 2740 2519 lectum
2760 2473 2960 2532 petant,
2977 2476 3080 2515 non
3098 2459 3236 2530 quod
3254 2475 3360 2514 non
3375 2458 3584 2513 valeant

2003 2559 2239 2630 opulenti
2271 2559 2372 2614 illis
2395 2557 2551 2612 facile
2577 2557 2875 2612 necessaria
2897 2555 3320 2620 subministrare,
3345 2552 3436 2607 sed
3466 2553 3586 2622 quia

2003 2649 2289 2705 admodum
2319 2649 2436 2704 duri
2466 2647 2846 2716 inbumanique
2884 2655 3026 2700 sunt.
3057 2645 3188 2700 Nam
3219 2645 3262 2698 si
3309 2643 3498 2698 divites
3535 2653 3591 2696 et

2004 2743 2038 2797 ii
2061 2741 2147 2812 qui
2173 2741 2506 2797 facultatibus
2526 2739 2867 2794 mediocriter
2889 2737 3089 2807 pollent
3110 2737 3246 2792 inter
3271 2751 3330 2791 se
3352 2734 3592 2790 dividant

2004 2850 2097 2891 eos
2124 2836 2211 2906 qui
2245 2849 2378 2904 pane
2407 2843 2462 2888 et
2487 2833 2718 2888 vestibus
2747 2843 2925 2902 egent,
2955 2831 3040 2884 vix
3069 2830 3468 2900 quinquaginta,
3499 2828 3585 2882 vel

2004 2928 2139 2981 forte
2183 2935 2395 2982 centum
2429 2927 2552 2979 viris
2593 2940 2790 2994 pauper
2817 2938 2955 2978 unus
3000 2923 3220 2977 alendus
3266 2922 3582 2989 reperietur.

2006 3022 2252 3074 Attamen
2282 3017 2337 3071 in
2367 3027 2510 3071 tanta
2540 3019 2691 3086 copia
2721 3030 2904 3069 eorum
2931 3015 3019 3084 qui
3050 3013 3349 3068 necessaria
3383 3011 3590 3066 submi-

2005 3113 2232 3166 nistrare
2261 3121 2482 3181 possunt
2504 3152 2517 3171 ,
2547 3109 2784 3179 quotidie
2821 3121 3081 3178 pauperes
3106 3114 3397 3176 egestatem
3440 3121 3588 3159 suam

2004 3203 2302 3273 deplorant.
2322 3203 2388 3256 Et
2417 3214 2470 3256 ιιι
2491 3203 2664 3256 discas
2687 3202 2893 3254 illorum
2918 3200 3322 3263 humanitatem,
3353 3197 3590 3251 Ecclesia

2005 3297 2162 3350 unius
2206 3295 2494 3348 admodum
2533 3293 2710 3348 divitis
2748 3302 2804 3346 et
2843 3293 2997 3345 unius
3042 3291 3324 3345 mediocris
3369 3290 3591 3345 fortuna:

2008 3389 2230 3442 reditum
2273 3388 2466 3453 habet,
2495 3395 2550 3441 et
2599 3386 2800 3455 cogites
2837 3385 2996 3438 velim
3037 3392 3168 3452 quot
3210 3381 3432 3446 viduas,
3463 3393 3591 3451 quot

2006 3483 2237 3551 virgines
2265 3481 2370 3535 alat
2405 3479 2640 3550 quotidie
2667 3497 2680 3533 :
2704 3493 2884 3533 carum
2929 3486 3074 3532 certe
3118 3476 3388 3544 catalogus
3417 3475 3480 3527 ad
3514 3485 3593 3528 ter

2009 3575 2152 3628 mille
2198 3573 2468 3643 pertingit.
2500 3572 2580 3626 Ad
2611 3571 2725 3625 luec
2754 3571 2912 3625 etiam
2943 3570 2993 3622 itt
3025 3583 3240 3628 carcere
3269 3568 3472 3620 vinctos
3493 3609 3509 3633 ε
3542 3568 3591 3619 itt

2008 3665 2338 3720 xenodochio
2365 3679 2536 3730 aegros
2561 3704 2574 3724 ,
2600 3663 2733 3716 alios
2779 3661 2912 3714 bene
2944 3660 3178 3713 valentes
3199 3701 3212 3722 ,
3241 3659 3550 3727 peregrinos
3575 3697 3592 3721 ,

2009 3758 2261 3812 membris
2285 3756 2516 3817 mutilos,
2540 3753 2691 3807 altari
2720 3752 3036 3815 assidentes,
3061 3751 3298 3805 alimenti
3325 3749 3593 3817 vestisque

2009 3866 2190 3914 causa,
2213 3850 2451 3918 aliosque
2471 3861 2596 3900 casu
2619 3844 2934 3899 accedentes
2958 3844 3100 3897 fovet
3119 3841 3356 3910 quotidie
3381 3859 3394 3893 :
3423 3856 3594 3908 neque

2011 3953 2184 3997 tamen
2214 3943 2330 4007 ejus
2352 3940 2624 3994 facultates
2648 3937 2940 3990 imminutae
2965 3944 3107 3988 sunt.
3135 3934 3315 4002 Itaque
3338 3933 3378 3987 si
3408 3931 3592 3986 αξιοι-ιιι

2012 4036 2110 4089 viri
2138 4045 2340 4088 tantmn
2376 4032 2517 4100 paria
2543 4030 2950 4084 subministrare
2979 4027 3210 4092 vellent,
3245 4025 3420 4080 nullus
3456 4023 3594 4076 foret

2011 4144 2229 4196 pauper.

2082 4223 2134 4275 4.
2170 4218 2366 4289 Ecquid
2393 4259 2408 4282 ,
2439 4216 2644 4285 inquies
2663 4257 2677 4277 ,
2713 4214 2892 4269 liberis
2921 4213 3116 4267 nostris
3141 4210 3436 4280 supererit?
3464 4209 3594 4262 Suis

2010 4330 2222 4384 semper
2250 4323 2459 4377 manet,
2491 4321 2542 4365 et
2571 4309 2770 4363 reditus
2796 4315 3020 4376 augetur
3043 4347 3058 4372 ,
3087 4306 3130 4360 si
3165 4305 3216 4359 in
3246 4304 3392 4358 earlis
3420 4303 3590 4356 facul-

2013 4416 2147 4460 tates
2175 4419 2360 4459 eorum
2380 4412 2724 4471 reponantur.
2744 4399 2895 4467 Quod
2913 4399 2956 4454 si
2978 4400 3046 4452 ita
3071 4413 3176 4451 non
3199 4397 3377 4460 vultis,
3405 4396 3592 4449 saltem

2009 4496 2321 4562 dimidiam,
2353 4493 2434 4548 vel
2484 4491 2691 4547 tertiam
2717 4532 2732 4554 ,
2766 4491 2845 4544 vel
2889 4499 3128 4559 quartam
3155 4530 3171 4554 ,
3198 4491 3436 4557 quintam
3460 4528 3474 4550 ,
3503 4496 3596 4538 aut.

2009 4589 2270 4644 decimam
2299 4595 2592 4642 numerate.
2618 4585 2718 4638 I’er
2747 4583 2837 4637 Dei
2865 4582 3089 4652 gratiam
3111 4580 3253 4636 enim
3281 4588 3460 4648 posset
3483 4579 3597 4632 haec

2009 4682 2194 4735 civitas
2237 4689 2414 4733 nostra
2442 4678 2625 4732 decem
2656 4676 2926 4752 civitatum
2955 4688 3214 4744 pauperes
3253 4673 3416 4726 alere.
3448 4671 3512 4724 Et
3550 4671 3594 4724 si

2010 4777 2207 4846 placet,
2238 4773 2354 4828 lucc
2378 4780 2779 4841 computemus;
2809 4770 2915 4822 imo
2953 4768 3095 4822 nulla
3124 4764 3464 4834 computandi
3498 4781 3595 4817 ne-

2009 4867 2230 4922 cessitas
2262 4883 2274 4918 :
2305 4864 2643 4918 manifestum
2674 4861 2870 4931 quippe
2899 4869 3162 4924 estquam
3193 4857 3364 4911 facilis
3395 4871 3480 4908 res
3507 4855 3596 4910 illa

2009 4961 2097 5014 sit.
2131 4958 2317 5012 Videte
2361 4957 2520 5025 igitur
2562 4964 2690 5024 quot
2730 4963 3029 5023 quantaque
3059 4967 3159 5004 una
3191 4948 3382 5004 domus
3409 4949 3474 5001 ad
3504 4965 3596 5002 ur-

2011 5051 2143 5104 bana
2173 5064 2335 5104 onera
2358 5063 2500 5117 saape
2521 5046 2924 5102 subministrare
2953 5059 3058 5096 non
3085 5050 3333 5112 gravetur
3354 5085 3370 5108 ,
3401 5046 3596 5110 vixque

2009 5153 2184 5196 tamen
2215 5143 2354 5195 hunc
2380 5151 2649 5208 sumptum
2676 5138 2870 5193 sentiat
2893 5154 2904 5188 :
2928 5136 2971 5189 si
3000 5135 3098 5189 hoc
3119 5135 3343 5205 quisque
3369 5134 3592 5188 divitum

2009 5235 2355 5288 ministerium
2379 5232 2431 5286 in
2459 5245 2718 5302 pauperes
2737 5242 2989 5284 exercere
3009 5227 3187 5291 vellet,
3209 5241 3317 5279 uno
3338 5227 3597 5296 temporis

2009 5337 2278 5382 momento
2316 5326 2504 5379 czelum
2549 5323 2835 5392 abriperet.
2868 5322 2996 5387 Quae
3042 5323 3193 5374 venia
3238 5319 3400 5389 igitur
3426 5359 3444 5385 ,
3475 5336 3594 5388 qua:

2007 5415 2362 5471 excusationis
2390 5414 2574 5468 umbra
2598 5455 2614 5480 ,
2645 5411 2859 5483 quando
2888 5427 2956 5466 ne
2979 5425 3041 5466 ea
3079 5409 3330 5480 quidem,
3360 5425 3480 5479 quae
3510 5410 3596 5462 hic

2008 5511 2294 5578 migrantes
2319 5506 2553 5561 relicturi
2583 5520 2787 5568 sumus,
2822 5513 2927 5558 tam
2957 5503 3173 5574 largiter
3198 5502 3380 5572 egenis
3401 5517 3594 5570 ευιψιι-

2007 5601 2253 5664 ditamus,
2272 5613 2430 5669 quam
2460 5597 2546 5652 alii
2571 5597 2796 5652 scenicis
2821 5603 3061 5666 erogant,
3085 5609 3207 5648 cum
3237 5603 3439 5648 tantum
3471 5592 3594 5645 inde

2008 5693 2231 5745 fructum
2260 5704 2480 5760 carpere
2507 5687 2831 5744 debeamus?
2852 5687 3070 5742 Etiamsi
3101 5688 3240 5742 enim
3268 5684 3354 5739 hic
3381 5698 3596 5752 semper

2008 5785 2244 5838 mansuri
2267 5797 2528 5848 essemus,
2553 5781 2639 5835 hic
2662 5779 2896 5850 pulchris
2916 5778 3215 5848 sumptibus
3240 5790 3459 5847 parcere
3485 5789 3591 5828 non

2007 5886 2462 5947 oporteret;cum
2495 5885 2670 5928 autem
2701 5880 2822 5944 post
2863 5871 3124 5927 tantillum
3169 5869 3422 5936 temporis
3468 5868 3590 5921 hinc

3200 5978 3269 6036 11
