4140 6376
541 404 633 458 w
1284 399 1340 458 s.
1374 398 1650 457 JOANNIS
1685 396 2160 457 cnnvsosroau
2199 402 2519 459 ancuuap.
2551 405 3082 466 CONSTANTINOP.

539 525 836 594 migraturi,
865 522 1097 592 nudique
1121 520 1359 590 rapiendi
1382 521 1568 584 simus,
1589 534 1744 588 quam
1765 518 2128 575 defensionem

537 617 872 679 habebimus,
898 615 986 685 qui
1016 630 1083 668 ex
1113 612 1458 682 proventibus
1495 611 1752 666 famelicis
1781 621 1835 664 et
1861 612 2132 681 oppressis

540 723 644 760 non
678 705 968 778 largiatur?
996 705 1112 759 Non
1153 713 1206 759 te
1234 719 1368 772 cogo
1395 714 1450 757 ut
1482 704 1850 772 possessiones
1877 703 2087 758 minuas
2113 745 2124 765 ,

539 817 642 852 non
669 799 811 870 quod
856 798 1018 852 nolim
1037 837 1054 862 ,
1081 794 1175 850 sed
1203 795 1342 865 quod
1395 805 1444 848 te
1487 793 1771 848 admodum
1809 810 2026 864 segnem
2055 795 2125 849 vi-

535 895 712 948 deam.
741 893 855 947 Non
885 892 986 946 hoc
1014 906 1142 961 ergo
1171 890 1325 944 dico:
1351 888 1444 942 sed
1473 904 1534 942 ex
1569 888 1825 942 fructibus
1850 889 2090 956 expende
2113 931 2128 954 ,

537 999 710 1055 neque
742 983 828 1038 hic
849 982 1107 1054 pecunias
1131 981 1341 1050 collige.
1371 977 1511 1033 Satis
1541 989 1620 1033 est
1648 979 1771 1040 tibi,
1801 980 1844 1033 si
1874 981 2133 1046 pecunia.-

534 1093 655 1132 rum
684 1086 998 1148 proventum
1030 1075 1182 1145 quasi
1221 1089 1286 1129 ex
1325 1073 1470 1128 fonte
1497 1072 1746 1126 fluentem
1779 1071 1975 1128 habeas
2003 1091 2016 1126 :
2048 1073 2129 1129 fac

535 1185 719 1224 earum
740 1177 1027 1225 consortes
1064 1180 1327 1237 pauperes
1347 1205 1362 1230 ,
1395 1174 1450 1219 et
1479 1173 1596 1218 esto
1622 1163 1792 1218 bonus
1820 1178 2131 1218 (economns

535 1280 719 1317 eorum
749 1279 868 1332 qua:
897 1262 988 1317 tibi
1016 1277 1043 1314 a
1077 1262 1186 1317 Deo
1215 1259 1335 1314 data
1362 1267 1505 1312 sunt.
1537 1256 1664 1320 Sed,
1693 1257 1931 1326 inquies,
1961 1260 2127 1310 vecti-

533 1355 670 1422 galia
704 1354 899 1424 pendo.
931 1353 1122 1406 ldeone
1148 1351 1233 1404 hic
1253 1349 1572 1412 contemnis,
1596 1348 1716 1416 quia
1743 1362 1900 1401 nemo
1928 1347 2129 1417 exigit?

538 1448 600 1500 Et
632 1445 948 1516 illirquidem
979 1444 1090 1514 qui,
1124 1444 1236 1496 sive
1269 1450 1407 1496 terra
1440 1448 1754 1509 proventum
1788 1439 1984 1500 tulerit,
2017 1438 2130 1492 sive

535 1545 811 1598 secus,-te
857 1537 999 1607 cogit.
1040 1543 1094 1590 et
1118 1542 1306 1597 vexat,
1332 1547 1630 1602 repugnare
1671 1547 1776 1584 non
1819 1530 1982 1592 audes
2013 1547 2025 1582 :
2053 1530 2128 1584 illi

533 1645 682 1696 vero,
705 1629 792 1698 qui
826 1630 894 1682 ita
922 1634 1228 1680 mansuetus
1249 1632 1350 1688 est,
1379 1632 1431 1677 et
1453 1633 1577 1676 tunc
1601 1623 1772 1677 solum
1795 1622 1976 1690 exigit,
2005 1636 2126 1675 cum

536 1731 674 1774 terra
699 1719 996 1789 protulerit,
1021 1733 1088 1772 ne
1104 1716 1324 1772 verbum
1345 1714 1556 1784 quidem
1580 1713 1907 1782 respondes?
1935 1712 2128 1780 Ecquis

535 1819 591 1864 te
627 1809 876 1864 liberabit
903 1810 971 1864 ab
1002 1806 1423 1864 intolerabilibus
1467 1805 1575 1860 illis
1604 1803 1918 1874 suppliciis?
1943 1803 2127 1858 Nullus

536 1901 709 1969 plane.
733 1900 787 1955 Si
814 1899 954 1955 enim
984 1899 1069 1953 hic
1094 1897 1213 1952 ideo
1235 1895 1472 1950 studiose
1497 1895 1682 1960 solvis,
1706 1893 1827 1963 quia
1854 1909 1959 1947 non
1981 1893 2126 1948 danti

531 1993 864 2063 gravissimae
891 2007 1064 2062 poma:
1096 1999 1290 2060 parata:
1319 1998 1462 2054 sunt,
1491 1986 1692 2057 cogites
1714 1986 1869 2040 velim
1899 1986 1983 2040 hic
2005 2002 2126 2055 gra-

535 2090 708 2140 viores
740 2085 914 2155 parari
940 2124 954 2148 ,
982 2099 1091 2137 non
1134 2080 1274 2152 quod
1305 2080 1534 2134 vinculis
1579 2079 1960 2148 constringaris
1981 2120 1994 2142 ,
2021 2094 2125 2133 non

534 2178 675 2248 quod
729 2179 782 2232 in
839 2191 1110 2232 carcerem
1158 2172 1504 2242 conjiciaris,
1534 2170 1626 2225 sed
1673 2169 1818 2240 quod
1866 2173 1919 2222 in
1951 2170 2124 2238 ignem

533 2273 693 2326 abeas
737 2280 1014 2326 aeternum.
1059 2267 1418 2336 Quamobrem
1467 2265 1583 2318 haec
1637 2264 1806 2332 prima
1853 2262 2125 2332 vectigalia

532 2365 822 2420 solvamus.
854 2362 1036 2431 Magna
1069 2359 1266 2428 quippe
1293 2357 1538 2420 facilitas,
1569 2355 1738 2424 major
1767 2368 1974 2409 merces
1995 2394 2008 2418 ,
2035 2369 2126 2408 co-

535 2456 733 2524 piosior
779 2453 1108 2522 negotiatio,
1141 2449 1356 2520 gravior
1401 2448 1555 2502 nobis
1602 2447 1765 2511 ultio,
1794 2447 1838 2498 si
1886 2446 2128 2516 improbe

533 2562 772 2616 agamus.
805 2544 940 2599 Nam
981 2541 1300 2610 supplicium
1345 2555 1441 2593 nos
1467 2537 1696 2606 excipiet
1727 2536 1930 2590 nullum
1965 2536 2124 2589 finem

536 2637 860 2692 habiturum.
895 2635 1045 2701 Quod
1075 2635 1118 2687 si
1162 2631 1291 2685 tnihi
1335 2631 1530 2684 milites
1572 2629 1768 2697 alleges
1790 2669 1804 2691 ,
1831 2627 1918 2697 qui
1951 2641 2045 2695 pro
2075 2635 2126 2680 te

534 2739 718 2783 contra
748 2727 1004 2781 barbaros
1033 2731 1302 2794 pugnant,
1327 2731 1407 2775 est
1447 2734 1658 2790 quoque
1703 2719 1786 2772 hic
1833 2732 2126 2788 pauperum

534 2821 822 2886 exercitus,
850 2817 937 2888 qui
970 2831 1066 2887 pro
1099 2823 1148 2870 te
1175 2813 1371 2868 bellum
1399 2821 1588 2882 gerunt
1619 2818 1673 2864 et
1704 2819 1957 2879 pugnant.
1989 2807 2122 2864 Cum

533 2913 675 2968 cnim
729 2910 1037 2979 accipiunt,
1067 2906 1312 2978 precibus
1367 2905 1534 2959 Deum
1580 2903 1671 2957 tibi
1732 2900 2124 2972 placantzpla-

533 3014 717 3060 cantes
743 3012 921 3057 autem
944 3042 956 3065 ,
989 3016 1093 3053 non
1124 2999 1376 3054 barbaros
1400 3038 1416 3062 ,
1450 2995 1544 3051 sed
1574 2995 1876 3049 daemonum
1907 2993 2126 3048 insidias

533 3097 797 3167 repellunt
825 3112 838 3146 :
875 3109 978 3147 non
1011 3091 1325 3162 permittunt
1349 3097 1404 3143 ut
1432 3097 1482 3142 te
1513 3087 1776 3156 malignus
1806 3085 1892 3140 ille
1923 3083 2128 3139 fortiter

535 3190 767 3252 invadat,
797 3202 895 3243 nec
920 3195 978 3241 ut
999 3186 1306 3256 frequenter
1334 3182 1590 3252 insurgat,
1620 3179 1714 3236 sed
1739 3179 1852 3249 ejus
1878 3178 2016 3232 vires
2042 3192 2128 3232 re-

535 3284 769 3339 solvunt.

605 3420 658 3474 5.
687 3418 821 3473 Cum
867 3430 995 3486 ergo
1044 3415 1142 3470 hos
1185 3412 1382 3467 milites
1429 3409 1614 3464 videas
1654 3405 1893 3478 quotidie
1943 3413 2125 3459 contra

534 3512 800 3565 diabolum
841 3516 1059 3578 pr0pter
1088 3515 1139 3560 te
1173 3511 1466 3575 pugnantes
1504 3498 1750 3570 precibus
1775 3494 2130 3551 orationibus-

534 3616 659 3673 que,
686 3616 715 3654 a
745 3600 913 3669 teipse
935 3597 1038 3652 hoc
1064 3594 1480 3667 pulcherrimum
1510 3591 1766 3644 tributum
1798 3597 1999 3658 repete,
2025 3585 2124 3638 ali-

536 3704 713 3751 menta
737 3708 927 3764 nempe
953 3693 1208 3762 ipsormn.
1235 3688 1367 3744 Cum
1397 3686 1540 3742 enim
1567 3689 1871 3738 mansuetus
1901 3679 1988 3734 hic
2014 3678 2126 3732 Rex

535 3788 624 3852 sit,
661 3802 766 3840 non
797 3783 1050 3854 imposuit
1080 3781 1173 3836 tibi
1219 3787 1498 3834 exactores
1519 3815 1537 3843 ,
1569 3774 1663 3830 sed
1690 3773 1802 3827 vult
1845 3779 1896 3826 te
1935 3779 2127 3839 sponte

535 3880 810 3947 deponere
836 3895 847 3929 :
876 3874 1082 3930 etiamsi
1114 3887 1299 3944 parum
1326 3870 1562 3940 deponas
1581 3908 1596 3935 ,
1619 3865 1811 3934 accipit
1839 3874 2052 3928 tamen;
2079 3863 2126 3917 si

539 3986 644 4024 non
677 3971 746 4022 ita
788 3966 1022 4036 locuples
1053 3973 1174 4034 post
1214 3962 1438 4016 multum
1485 3957 1740 4027 temporis
1783 3953 2124 4024 reposueris,

537 4076 644 4115 non
671 4058 813 4129 cogit
836 4073 940 4112 non
971 4055 1277 4110 habentem.
1295 4051 1373 4107 Ne
1395 4051 1553 4122 igitur
1574 4047 1827 4121 patientia
1855 4045 1970 4115 ejus
1997 4045 2130 4098 abu-

538 4164 712 4206 tamur
735 4191 750 4217 ,
783 4149 876 4206 sed
902 4148 1321 4204 thesaurizemus
1347 4146 1502 4200 nobis
1527 4159 1631 4198 non
1661 4142 1794 4196 iram
1815 4181 1829 4206 ,
1857 4139 1951 4194 sed
1979 4138 2126 4192 salu-

539 4253 667 4309 tem;
696 4257 800 4297 non
827 4249 1076 4305 mortem,
1103 4237 1196 4294 sed
1221 4238 1403 4302 vitam;
1428 4251 1533 4290 non
1561 4232 1875 4303 supplicium
1897 4237 1951 4284 et
1969 4228 2128 4283 ultio-

538 4352 682 4403 nem,
715 4335 809 4392 sed
832 4335 1068 4390 honores
1097 4343 1151 4388 et
1176 4346 1424 4389 coronas.
1463 4329 1580 4385 Non
1609 4336 1696 4384 est
1723 4327 1810 4382 hic
1837 4325 1962 4396 quid
1992 4339 2125 4394 pen-

538 4429 770 4487 dendum
795 4428 864 4484 ad
892 4436 1162 4484 vecturam
1189 4426 1528 4488 oblatorum;
1557 4437 1662 4477 non
1687 4416 2034 4476 laborandum
2060 4415 2124 4469 ad

538 4529 818 4594 argentum
843 4519 1253 4577 cor-radendum.
1280 4517 1338 4575 Si
1367 4517 1604 4587 deponas
1643 4514 1732 4569 illa
1757 4555 1773 4580 ,
1805 4512 1920 4581 ipse
1946 4507 2130 4564 Domi-

540 4633 642 4672 nus
665 4617 716 4670 in
742 4614 931 4671 caelum
956 4611 1234 4668 transfert'
1265 4610 1377 4666 inse
1407 4609 1500 4665 tibi
1535 4604 1947 4675 negotiationem
1975 4605 2124 4669 parat

3719 417 3822 472 632

2239 522 2460 576 multum
2479 522 2609 577 lucri
2631 524 2961 580 afferentem.
2980 526 3094 580 Non
3116 537 3197 582 est
3220 528 3304 584 hic
3324 529 3642 600 qumrendus
3663 531 3825 587 boum

2235 620 2324 690 qui
2352 619 2590 689 deposita
2622 625 2941 679 transferat:
2970 634 3172 679 tantum
3202 625 3427 692 depone,
3457 626 3632 680 statim
3661 626 3827 695 depo-

2235 711 2396 764 situm
2425 712 2686 777 ascendit;
2714 731 2817 768 non
2847 725 2902 768 ut
2928 716 3013 768 alii
3045 717 3242 770 milites
3271 717 3501 783 alantur,
3530 717 3623 771 sed
3652 725 3710 770 ut
3731 719 3824 770 tibi

2237 813 2483 858 maneant
2505 821 2623 859 cum
2653 823 2843 876 magno
2875 811 3095 865 faenore.
3131 810 3224 865 llic
3253 811 3394 865 enim
3421 825 3541 866 cum
3563 811 3679 877 das,
3703 811 3825 866 data

2238 904 2481 962 repetere
2511 912 2616 951 non
2643 899 2766 952 licet
2797 918 2808 951 :
2843 901 2951 954 illic
2981 917 3108 956 vero
3137 916 3329 972 magno
3359 916 3480 956 cum
3509 904 3713 958 honore
3739 904 3825 958 illa

2235 999 2444 1038 rursum
2478 988 2703 1058 recipies
2725 1033 2737 1054 ,
2763 991 3070 1062 majoraquc
3116 1007 3179 1046 ac
3216 993 3509 1062 spiritualia
3547 993 3691 1048 lucra
3733 1010 3817 1050 re-

2237 1078 2396 1132 feres.
2423 1080 2520 1135 Hic
2535 1097 2653 1151 quae
2675 1083 2868 1138 dantur
2888 1096 3010 1138 sunt
3029 1086 3257 1153 exactio,
3287 1086 3395 1140 illic
3419 1103 3600 1153 usura,
3627 1087 3816 1153 fmnus,

2234 1169 2492 1225 debitum.
2519 1171 2649 1227 Nam
2681 1175 3032 1246 chirographa
3066 1178 3158 1230 tibi
3193 1178 3334 1232 Deus
3360 1178 3481 1232 fecit
3501 1196 3514 1233 :
3536 1179 3609 1232 ait
3639 1182 3781 1233 enim
3807 1197 3819 1232 :

2237 1263 2336 1328 Qui
2371 1265 2633 1320 miseretur
2657 1269 2913 1340 pauperis,
2939 1268 3050 1322 Deo
3075 1269 3350 1338 fwueratur
3379 1269 3560 1343 (Prov.
3593 1272 3678 1327 19.
3712 1273 3824 1344 17).

2235 1357 2386 1412 Dedit
2413 1357 2505 1412 tibi
2535 1356 2749 1411 arrham
2771 1365 2825 1411 et
2849 1358 3032 1426 vades,
3061 1361 3159 1414 etsi
3191 1360 3331 1415 Deus
3357 1361 3444 1416 sit.
3476 1361 3606 1431 Quae
3637 1364 3818 1427 arrha,

2233 1451 2320 1519 qui
2343 1448 2542 1504 vades?
2558 1448 2686 1515 Quae
2707 1459 2831 1504 sunt
2853 1450 2904 1504 in
2925 1452 3172 1528 prtesenti
3198 1453 3323 1518 vita,
3346 1454 3638 1517 sensibilia,
3662 1456 3822 1523 spiri-

2235 1541 2414 1606 tualia,
2429 1541 2647 1595 exordia
2662 1539 2983 1597 futurorum.
3000 1542 3135 1609 Quid
3155 1544 3310 1613 igitur
3329 1544 3506 1598 tardas
3525 1546 3820 1613 etdubitas,

2231 1649 2351 1688 cum
2391 1641 2466 1686 tot
2496 1641 2747 1704 tantaque
2779 1635 2888 1704 jam
2920 1635 3220 1705 receperis,
3245 1644 3322 1690 tot
3355 1638 3664 1706 exspectes?
3691 1638 3821 1694 Nam

2231 1741 2350 1796 quae
2365 1725 2612 1796 recepisti
2629 1726 2741 1782 haec
2758 1735 2882 1782 sunt
2903 1746 2914 1780 :
2931 1742 3124 1798 corpus
3141 1727 3232 1783 tibi
3251 1728 3568 1794 e'ormavit,
3591 1732 3821 1786 animam

2233 1818 2325 1873 tibi
2355 1819 2575 1885 indidit;
2608 1829 2657 1874 te
2687 1820 2856 1874 solum
2889 1820 2941 1874 in
2973 1830 3111 1875 terra
3134 1821 3339 1875 ratione
3365 1823 3602 1883 ornavit;
3635 1838 3820 1879 eorum

2230 1929 2348 1983 quae
2365 1913 2464 1967 sub
2479 1921 2748 1981 aspectum
2764 1913 2955 1968 cadunt
2971 1913 3205 1967 omnium
3226 1930 3376 1968 nsum
3393 1913 3559 1980 dedit;
3575 1918 3823 1986 cognitio-

2233 2021 2352 2060 nem
2379 2007 2460 2060 sui
2488 2005 2578 2060 tibi
2597 2005 2815 2075 largitus
2836 2015 2915 2060 est
2940 2021 2954 2070 ;
2981 2005 3174 2060 Filium
3203 2019 3354 2060 suum
3375 2021 3471 2075 pro
3494 2016 3543 2061 te
3572 2007 3818 2072 tradidit;

2231 2098 2490 2168 baptisma
2523 2107 2600 2153 tot
2624 2098 2876 2153 refertum
2893 2097 3050 2152 donis
3068 2098 3354 2163 concessit,
3378 2113 3583 2152 necnon
3615 2113 3822 2154 sacram

2230 2206 2504 2255 mensam;
2546 2191 2791 2262 promisit
2836 2204 3056 2261 regnum
3106 2200 3160 2245 et
3205 2189 3488 2245 ineffabilia
3536 2192 3693 2246 bona.
3721 2191 3822 2246 Tot

2230 2299 2358 2354 ergo
2373 2284 2604 2352 acceptis
2623 2293 2676 2338 et
2696 2294 2769 2337 tot
2787 2293 3099 2352 accepturus
3116 2282 3188 2352 (id
3211 2283 3351 2338 enim
3372 2298 3580 2337 rursum
3600 2282 3818 2356 dicam),

2230 2379 2367 2433 circa
2399 2379 2660 2447 perituras
2697 2378 2946 2447 pecunias
2974 2393 3166 2446 parcus
3212 2377 3312 2433 es?
3339 2394 3560 2448 ecquam
3602 2377 3823 2434 habebis

2230 2469 2483 2522 veniam?
2511 2468 2614 2523 Sed
2647 2468 2841 2523 liberos
2870 2467 3096 2537 respicis
3123 2509 3137 2532 ,
3169 2476 3221 2522 et
3250 2468 3462 2522 illorum
3489 2483 3648 2523 causa
3694 2467 3824 2523 dare

2230 2559 2464 2628 refugis?
2487 2558 2554 2613 Et
2575 2560 2672 2614 hos
2699 2573 2910 2630 quoque
2948 2559 3165 2613 institue
3202 2558 3266 2613 ad
3297 2558 3595 2627 hujusmodi
3627 2551 3823 2613 facien-

2232 2651 2297 2704 da
2331 2651 2497 2705 lucra.
2529 2652 2656 2704 Nam
2686 2652 2730 2704 si
2757 2660 3033 2721 argentum
3081 2649 3304 2705 haberes
3347 2651 3446 2705 sub
3477 2650 3680 2705 faenore
3707 2650 3821 2705 col

2233 2742 2481 2807 locatum,
2507 2753 2558 2796 et
2589 2742 2796 2796 debitor
2817 2742 3013 2811 probus
3034 2750 3195 2805 esset,
3222 2741 3408 2796 malles
3433 2750 3582 2796 certe
3601 2757 3821 2812 syngra-

2232 2833 2390 2902 pham
2420 2849 2575 2904 quam
2607 2850 2793 2888 aurum
2823 2833 2934 2888 filio
2955 2833 3275 2902 relinquere,
3299 2841 3357 2887 ut
3385 2833 3506 2888 inde
3535 2843 3822 2904 proventus

2232 2925 2332 2995 ipsi
2376 2933 2521 2980 esset
2563 2940 2786 2995 magnus
2806 2967 2820 2990 ,
2845 2939 2946 2979 nec
2982 2934 3265 2994 cogeretur
3292 2925 3426 2979 alios
3457 2941 3698 2995 quarrere
3725 2926 3816 2980 ubi

2234 3029 2417 3090 posset
2443 3019 2726 3074 collocare.
2755 3017 2906 3073 Nunc
2925 3017 3334 3088 chirographum
3369 3017 3668 3087 hnjusmodi
3700 3018 3822 3073 filiis

2232 3110 2362 3164 dato
2383 3151 2398 3176 ,
2428 3119 2482 3165 et
2526 3110 2691 3164 Deum
2720 3110 2848 3179 ipsis
2887 3110 3125 3180 relinque
3149 3109 3464 3164 debitorem.
3498 3113 3666 3182 Agros
3713 3125 3819 3165 non

2236 3203 2426 3258 vendis
2449 3245 2464 3269 _,
2489 3202 2580 3257 sed
2612 3202 2734 3255 filiis
2760 3202 3018 3272 relinquis
3039 3242 3055 3268 ,
3082 3211 3139 3256 ut
3171 3211 3457 3270 proventus
3490 3211 3734 3264 maneat,
3766 3211 3823 3257 nt

2231 3295 2469 3351 accessio
2512 3294 2616 3350 illis
2647 3295 2989 3364 pecuniarum
3030 3296 3122 3348 fiat
3149 3313 3162 3348 :
3193 3295 3295 3349 hoc
3337 3309 3498 3364 porro
3547 3296 3820 3364 chirogra-

2237 3386 2418 3456 phum,
2442 3385 2630 3455 quovis
2649 3399 2800 3456 agro,
2824 3385 3097 3455 quibusvis
3116 3385 3458 3454 proventibus
3479 3384 3820 3449 fructuosius.

2233 3487 2288 3532 et
2318 3486 2396 3532 tot
2420 3477 2595 3531 ferens
2626 3476 2827 3530 fructus
2851 3519 2864 3539 ,
2897 3477 3201 3545 relinquere
3231 3477 3427 3531 times?
3455 3491 3620 3546 ecqua
3644 3477 3821 3531 stulti-

2236 3571 2342 3637 tia,
2382 3585 2500 3641 quae
2543 3569 2746 3624 insania
2797 3569 2911 3623 haec
2958 3569 3170 3624 est?Et
3216 3568 3317 3624 hoc
3372 3584 3492 3624 cum
3546 3569 3684 3624 scias
3732 3578 3820 3635 te,

2233 3663 2441 3717 etiamsi
2471 3662 2601 3717 illud
2640 3662 2765 3717 filiis
2808 3661 3114 3731 relinquas,
3140 3661 3268 3716 illud
3311 3670 3487 3717 tamen
3535 3661 3820 3716 abeuntem

2236 3765 2407 3810 tecum
2438 3770 2556 3811 esse
2588 3763 2937 3824 portaturum.
2972 3754 3118 3809 Talia
3139 3754 3334 3824 quippe
3357 3763 3480 3809 sunt
3505 3754 3815 3824 spiritualia,

2235 3863 2532 3918 magnaque
2569 3848 2811 3918 largitate
2838 3846 3105 3901 fruuntur.
3137 3844 3215 3900 Ne
3242 3846 3419 3916 itaque
3448 3845 3521 3899 ita
3561 3861 3820 3914 pauperes

2234 3943 2414 3996 animo
2441 3941 2638 4006 simus,
2665 3955 2839 4010 neque
2869 3954 2994 4009 erga
3023 3954 3122 3994 nos
3148 3940 3291 4009 ipsos
3319 3938 3591 3993 inhumani
3627 3939 3820 3993 evada-

2236 4048 2375 4098 mus,
2395 4032 2489 4087 sed
2518 4032 2653 4090 hanc
2679 4042 3034 4102 quaastuosam
3065 4038 3416 4086 mercaturam
3445 4030 3818 4100 suscipiamus,

2237 4133 2296 4179 nt
2319 4135 2373 4179 et
2403 4124 2500 4194 ipsi
2531 4123 2657 4178 hinc
2683 4123 2971 4193 migrantes
3003 4121 3146 4175 illam
3183 4119 3521 4188 auferamus,
3545 4131 3600 4175 ct
3641 4130 3818 4176 tamen

2237 4215 2360 4270 filiis
2412 4214 2806 4282 relinquamus,
2855 4211 3138 4281 futuraque
3190 4225 3583 4282 consequamur
3643 4211 3818 4278 bona,

2235 4310 2402 4380 gratia
2454 4318 2510 4362 ct
2550 4305 2915 4362 misericordia
2959 4304 3163 4359 Domini
3209 4305 3373 4359 nostri
3418 4304 3544 4360 Jesu
3584 4303 3819 4370 Christi,

2235 4404 2447 4473 quicum
2499 4399 2638 4454 Patri
2682 4406 2739 4452 et
2777 4397 2977 4466 Spiritu
3021 4404 3206 4452 sancto
3250 4395 3456 4465 gloria,
3499 4395 3777 4465 imperium
3803 4436 3820 4459 ,

2237 4493 2445 4559 honor,
2481 4505 2621 4546 nunc
2669 4497 2725 4544 ct
2769 4502 3018 4558 semper,
3043 4497 3098 4543 et
3135 4487 3190 4542 in
3231 4487 3426 4543 saecula
3480 4488 3817 4543 saeculorum.

2237 4589 2430 4642 Amen.

541 4971 670 5028 Car.
692 4971 783 5025 21.
810 4985 862 5024 v.
899 4967 988 5023 12.
1019 4965 1085 5021 Et
1111 4967 1366 5038 ingressus
1389 4962 1542 5018 Iesus
1578 4961 1633 5014 in
1677 4957 1951 5026 templum,
1985 4948 2129 5023 ejecit

614 5077 786 5116 omnes
804 5059 1073 5114 uendentes
1099 5066 1144 5111 et
1171 5064 1403 5120 ementes,
1429 5065 1475 5107 et
1503 5067 1702 5107 mensas
1725 5046 2128 5104 numulariorum

619 5151 813 5215 evertit,
839 5160 886 5204 et
913 5148 1180 5204 cathedra:
1199 5145 1518 5201 vendentium
1542 5142 1820 5206 columbas,
1849 5140 1936 5194 l5.
1969 5147 2014 5191 et
2045 5136 2127 5189 di-

617 5243 684 5296 cit
711 5241 782 5295 eis
809 5256 826 5293 :
857 5239 1117 5308 Scriptum
1143 5247 1215 5292 est
1237 5237 1277 5304 ,
1311 5235 1504 5290 Domus
1530 5250 1640 5287 mea
1673 5233 1852 5287 domus
1888 5228 2130 5284 orationis

617 5331 874 5387 vocabitur
903 5328 1053 5400 (Isai.
1083 5328 1172 5384 56.
1199 5326 1256 5400 7)
1282 5346 1295 5383 :
1326 5344 1412 5381 vos
1439 5335 1606 5381 autem
1631 5323 1819 5395 fecistis
1849 5322 1990 5377 illam
2018 5336 2132 5391 spe-

619 5429 819 5478 tuncam
849 5423 1120 5476 latronum.

621 5558 674 5612 1.
705 5557 817 5612 Hoc
854 5565 908 5612 et
945 5554 1180 5611 Joannes
1209 5554 1374 5628 (Cap.
1403 5553 1461 5635 2.
1491 5552 1695 5626 )
1734 5553 1892 5620 dicit;
1923 5551 2016 5607 sed
2047 5551 2136 5606 ille

550 5650 763 5721 quidem
812 5649 866 5702 in
913 5648 1170 5718 principio
1216 5646 1512 5718 Evangelii,
1556 5646 1644 5701 hic
1680 5654 1858 5702 autem
1904 5646 1957 5701 in
2007 5645 2134 5700 fine.

553 5741 710 5797 [inde
737 5740 1028 5796 verisimile
1054 5751 1137 5794 est
1167 5741 1268 5795 hoc
1294 5739 1374 5793 bis
1401 5741 1594 5794 factum
1623 5737 1811 5807 fuisse,
1833 5747 1887 5795 et
1909 5737 2136 5794 diversis

747 5877 910 5930 lorel.
935 5892 1033 5930 non
1057 5878 1260 5944 legitur,
1285 5876 1516 5942 scriptum
1537 5882 1626 5930 est.
1666 5929 1670 5932 .

2234 4937 2564 5010 temporibus
2593 4954 2606 4990 :
2635 4933 2776 5006 quod
2807 4933 2980 5004 palam
3002 4948 3123 4989 esse
3144 4933 3353 4990 videtur
3375 4943 3483 4988 tum
3506 4949 3534 4988 a
3558 4943 3823 5004 tempore,

2237 5040 2347 5087 tum
2378 5029 2538 5085 etiam
2565 5043 2595 5082 a
2622 5026 2991 5096 responsione.
3043 5025 3158 5080 Illic
3199 5026 3342 5082 enim
3385 5026 3502 5095 ipso
3546 5025 3822 5082 Paschatis

2246 5132 2487 5191 tempore
2507 5119 2721 5174 advenit
2743 5137 2755 5171 :
2776 5116 2864 5173 hic
2885 5131 3012 5172 vero
3031 5117 3122 5172 diu
3143 5125 3266 5172 ante
3293 5117 3515 5172 Pascha.
3539 5116 3614 5172 lbi
3640 5117 3826 5173 dicunt

2239 5215 2430 5280 Judtei,
2463 5213 2614 5279 Quod
2643 5215 2842 5284 signant
2865 5211 3085 5267 ostendis
3113 5211 3256 5265 nobis
3285 5210 3456 5283 (Ibid.
3483 5227 3533 5265 .
3562 5211 3630 5265 18
3650 5208 3710 5283 )?
3739 5210 3826 5266 hic

2237 5324 2368 5366 vero
2413 5317 2632 5376 tacent,
2673 5307 2881 5363 etiamsi
2919 5307 3262 5376 increpentur
3289 5323 3303 5360 :
3330 5320 3396 5360 eo
3435 5304 3576 5375 quod
3621 5305 3827 5362 scilicet

2239 5403 2380 5475 apud
2407 5417 2594 5456 omnes
2625 5402 2678 5455 in
2705 5399 3057 5455 admiratione
3093 5409 3256 5454 esset.
3301 5397 3425 5452 Haec
3457 5406 3633 5452 autem
3663 5411 3824 5452 accu-

2245 5498 2381 5552 satio
2407 5497 2620 5566 gravior
2645 5503 2830 5549 contra
2851 5491 3065 5548 Judreos
3093 5500 3232 5556 erat,
3259 5489 3421 5561 quod,
3448 5489 3551 5544 etsi
3581 5489 3748 5545 semel
3773 5498 3828 5544 et

2245 5590 2328 5645 bis
2369 5588 2422 5643 id
2465 5588 2696 5650 fecisset,
2738 5588 2793 5642 in
2836 5584 3138 5656 hujusmodi
3168 5582 3490 5639 commercio
3515 5596 3828 5653 persevera-

2243 5690 2400 5738 rent:
2423 5683 2704 5752 ipsumque
2725 5679 2838 5736 Deo
2859 5677 3222 5736 adversarium
3242 5676 3508 5741 dicebant,
3528 5691 3649 5730 cum
3670 5689 3827 5746 opor-

2247 5774 2438 5830 tuisset
2457 5773 2699 5830 ediscere
2719 5773 2890 5843 ipsum
2913 5771 3168 5827 honorem
3192 5769 3333 5826 Patri
3354 5769 3589 5824 debitum
3614 5783 3825 5832 curare,

2248 5878 2303 5950 et
2325 5881 2570 5941 magnam
2599 5867 2888 5939 potentiam
2919 5863 3136 5924 habere.
3183 5863 3394 5920 Etenim
3431 5863 3540 5935 jam
3561 5862 3722 5934 signa
3752 5859 3827 5917 fe-
