4140 6376
371 402 466 459 (ιὸι

372 541 524 578 τουσι
547 523 640 579 καὶ
668 523 1028 595 ἀγχομένοιςς
1065 523 1206 580 Οὐδὲ
1234 524 1342 598 γάρ
1377 525 1672 593 ἀναγκάζω
1701 541 1761 578 σε
1805 527 1874 579 τά
1917 524 2045 578 ὄντα

376 602 628 673 μειῶσαι·
663 604 763 658 οὐκ
783 604 972 675 ἐπειδὴ
1008 604 1083 675 μὴ
1115 605 1398 676 βούλομαι,
1424 605 1538 660 ἀλλ’
1569 605 1756 676 ἐπειδὴ
1781 603 2045 676 σφόδρα⁷⁶

371 681 634 735 ὀκνοῦντα
665 682 796 754 δρῶ.
817 684 892 736 Οὐ
923 683 1102 737 τοίνυν
1127 683 1284 737 τοῦτό
1317 701 1479 755 φημιο
1497 685 1611 739 ἀλλ’
1643 685 1751 740 ἀπὸ
1777 684 1885 738 τῶν
1909 700 2046 754 καρ-

373 761 493 815 πῶν
519 762 814 828 ἀνάλωσον,
838 763 934 817 καὶ
962 763 1129 833 μηδὲν
1175 762 1513 837 θησαυρίσῃς
1547 763 1816 819 ἐντεῦθεν.
1861 765 2049 832 Ἀρκεῖ

375 856 458 894 σοι
479 840 667 912 ὥσπερ
695 842 760 895 ἐκ
786 840 974 912 πηγῆς
999 837 1044 874 ⁷⁷
1069 841 1212 913 ἔχειν
1228 842 1550 914 ἐπιρρέοντα
1565 843 1634 896 τὰ
1661 843 1918 914 χρήματα
1940 843 2047 894 τῶν

373 919 672 991 προσόδωνο
708 920 856 994 [659]
877 922 1102 993 ποίησον
1131 923 1424 984 κοινωνοὺς
1466 922 1593 984 τοὺς
1639 923 1900 991 πένητας,
1952 922 2046 975 καὶ

373 999 534 1067 γενοῦ
561 999 726 1064 καλὸς
755 1001 1037 1070 οἰκονόμος
1057 999 1168 1053 τῶν
1189 999 1341 1070 παρά
1374 998 1467 1053 τοῦ
1493 998 1630 1052 Θεοῦ
1659 1016 1740 1053 σοι
1763 1000 2044 1055 δοθέντων.

386 1076 549 1130 Ἀλλά
574 1077 883 1148 τελέσματα
898 1079 1114 1149 δίδωμι,
1149 1079 1302 1150 φησί.
1335 1072 1435 1132 Διά
1453 1078 1611 1132 τοῦτο
1644 1075 1736 1132 οὖν
1769 1096 2046 1150 καταφρο-

374 1158 508 1221 νεῖς,
540 1157 622 1210 ὄτι
651 1156 886 1210 ἐνταῦθα.
923 1159 1097 1222 οὐδεὶς
1160 1159 1414 1223 ἀπαιτεῖ;
1471 1157 1711 1229 κάκείνῳ
1754 1158 1853 1229 μὲν
1878 1158 1955 1230 τῷ
1979 1159 2044 1222 ⁷⁸,

374 1234 478 1289 κᾶν
532 1235 753 1308 ἐνέγκῃ,
809 1236 910 1290 κᾶν
947 1237 1021 1308 μὴ
1071 1238 1270 1309 ἐνέγκῃ
1319 1239 1352 1307 ἡ
1398 1237 1489 1307 γῆ,
1542 1237 1871 1309 λαμϐάνοντι
1912 1244 2048 1309 μετά

374 1315 622 1386 ἀνάγκης
665 1317 761 1370 καὶ
807 1318 1154 1389 στρεϐλοῦντι
1189 1317 1250 1371 οὐ
1310 1318 1512 1389 τολμᾷς
1551 1317 1842 1372 ἀντειπεῖν·
1874 1318 1953 1390 τῷ
1992 1321 2049 1373 δὲ

374 1394 549 1458 οὕτως
576 1394 790 1467 ἡμέρῳ,
829 1397 926 1450 καὶ
953 1397 1074 1450 τότε
1103 1397 1442 1456 ἀπαιτοῦντι,
1483 1398 1612 1450 ὅταν
1663 1397 1912 1471 ἐνέγκῃή
1950 1401 2046 1470 γῆ,

374 1474 495 1526 οὐδὲ
528 1473 688 1544 μέχρι
721 1474 880 1542 λόγου
905 1475 1204 1549 ἀποκρίνῃ;
1237 1477 1347 1529 Καὶ
1369 1477 1453 1540 τίς
1489 1493 1548 1529 σε
1579 1476 1925 1549 ἐξαιρήσεται
1942 1481 2050 1533 τῶν

374 1555 772 1624 ἁκαρτερήτων
800 1555 1022 1610 ἐκείνων
1051 1555 1359 1621 κολάσεων;
1394 1557 1507 1609 Οὐκ
1563 1557 1708 1609 ἐστιν
1741 1558 1932 1622 οὐδείς.
1986 1559 2048 1612 Εἰ

375 1633 480 1704 γάρ
514 1632 701 1703 ἐπειδὴ
724 1634 840 1685 ἐκεῖ
872 1633 1092 1696 πάντως
1110 1633 1301 1702 ἕψεται
1325 1633 1568 1705 τιμωρία
1583 1634 1940 1708 χαλεπωτάτη
1973 1638 2048 1709 μὴ

375 1712 540 1775 δόντι,
577 1713 666 1767 διά
718 1713 876 1768 τοῦτο
906 1715 1031 1786 γίνῃ
1073 1714 1358 1778 σπουδαῖος
1387 1715 1516 1786 περὶ
1545 1715 1642 1786 τὴν
1698 1716 1926 1782 ἔκτισιν,
1963 1722 2050 1772 ἐνο

379 1792 571 1861 νόησον
613 1793 696 1845 ὅτι
724 1793 818 1846 καὶ
847 1793 1081 1847 ἐνταῦθα
1131 1794 1508 1866 χαλεπωτέρα’
1536 1795 1598 1847 οὐ
1627 1794 1687 1848 τὸ
1713 1797 1757 1828 ⁷⁸
1807 1798 2049 1870 δεθῆναι,

376 1871 499 1925 οὐδὲ
523 1872 586 1924 τὸ
617 1873 697 1935 είς
733 1872 1106 1945 δεσμωτήριον
1137 1876 1420 1943 ἐμπεσεῖν,
1443 1873 1580 1927 ἀλλὰ
1605 1874 1667 1927 τὸ
1695 1876 1950 1931 ἀπελθεῖν
1974 1880 2052 1942 είς

375 1951 438 2003 τὸ
476 1950 588 2020 πῦρ
623 1951 688 2004 τὺ
713 1951 954 2007 αἰώνιον.
983 1954 1208 2008 Πάντων
1243 1949 1336 2006 οῦν
1365 1953 1551 2008 ἕνεκεν
1583 1952 1758 2008 ταῦτα
1777 1955 1994 2026 πρῶτον
2007 1959 2054 1990 ⁸ο

376 2029 708 2100 καταθῶμεν
743 2032 787 2063 ⁸¹
826 2032 895 2085 τά
923 2032 1251 2103 τελέσματα.
1291 2032 1403 2087 Καὶ
1425 2034 1533 2104 γάρ
1558 2032 1725 2104 πολλὴ
1755 2037 1786 2104 ἠ
1814 2035 2053 2100 εὐκολία,

377 2110 472 2162 καὶ
503 2109 704 2180 μείζων
739 2113 767 2164 6
793 2112 1003 2182 μισθὸς,
1039 2114 1134 2167 καὶ
1164 2113 1365 2165 πλείων
1393 2115 1425 2183 ἡ
1459 2113 1720 2184 ἐμπορία,
1743 2115 1838 2166 κα)⁵
1859 2115 2056 2186 χείρων

378 2191 412 2260 ή
441 2189 664 2253 κόλασις
683 2192 1091 2262 ἀγνωμονοῦσιν
1113 2193 1266 2263 ἡμῖν.
1290 2191 1527 2256 Κόλασις
1549 2194 1659 2264 γάρ
1686 2193 1988 2265 διαδέχεται
2009 2196 2054 2227 ⁸⁸

375 2267 530 2331 τέλος
559 2270 660 2322 οὐκ
720 2269 938 2340 ἔχουσα.
975 2271 1037 2324 Εἰ
1070 2271 1128 2324 δέ
1160 2270 1291 2333 τοὺς
1345 2272 1684 2342 στρατιώτας
1733 2288 1822 2342 μοι
1878 2273 2056 2342 λέγεις

378 2349 503 2411 τοὺς
531 2348 673 2420 ὑπὲρ
715 2349 809 2402 σοῦ
835 2349 1206 2422 πολεμοῦντας
1232 2349 1277 2382 ⁸³
1302 2349 1624 2424 βαρϐάροις,
1674 2350 1791 2404 ἐστι
1840 2353 1934 2405 καὶ
1968 2354 2057 2405 ἐν·

376 2425 553 2479 ταῦθα
591 2429 972 2498 στρατόπεδον,
1022 2430 1084 2482 τὸ
1113 2428 1221 2482 τῶν
1273 2428 1530 2501 πτωχῶν,
1562 2431 1658 2485 καὶ
1693 2429 1955 2502 πόλεμος,
1999 2432 2058 2485 ὃν

379 2505 520 2577 ὑπὲρ
553 2505 647 2559 σοῦ
666 2507 995 2579 πολεμοῦσιν
1017 2509 1068 2562 οί
1102 2510 1353 2582 πένητες.
1395 2510 1564 2563 Ὅταν
1595 2510 1703 2582 γάρ
1726 2511 1965 2566 λάϐωσιν
1990 2513 2056 2576 ⁸⁵,

379 2585 663 2656 εὐχόμενοι
689 2586 782 2640 τὸν
805 2587 939 2642 Θεὸν
983 2589 1112 2643 ῖλεω
1172 2589 1440 2643 ποιοῦσιν·
1469 2590 1598 2643 ἵλεω
1639 2591 1696 2644 δὲ
1755 2591 2056 2659 ποιοῦντες,

378 2665 916 2736 ἀποκρούονταιάντὶ
941 2667 1231 2740 βαρϐάρων
1269 2670 1369 2734 τὰς
1395 2669 1502 2723 τῶν
1536 2670 1806 2741 δαιμόνων
1838 2672 2060 2724 ἐπιϐου-

378 2743 496 2808 λάς⁸
531 2746 633 2798 οὐκ
678 2747 870 2816 ἀφιᾶσι
911 2749 1142 2820 σφοδρὸν
1175 2746 1314 2802 εἶναι
1346 2749 1438 2802 τὸν
1486 2750 1742 2820 πονηρὸν,
1789 2750 1910 2804 οὐδὲ
1939 2753 2060 2805 ἐπι-

378 2822 622 2879 τίθεσθαι
650 2825 912 2897 συνεχῶς,
943 2827 1056 2880 ἀλλ’
1092 2828 1376 2882 ἐκλύουσιν
1401 2827 1567 2882 αὐτοῦ
1593 2830 1693 2900 τὴν
1731 2829 1901 2900 ἰσχύν.

451 2903 514 2957 ε’.
563 2904 735 2976 Ὁρῶν
762 2905 940 2962 τοίνυν
973 2910 1101 2967 τοὺς
1151 2907 1490 2979 στρατιώτας
1525 2909 1750 2971 τούτους
1778 2909 1902 2962 καθ’
1939 2908 2064 2963 ἐκά-

383 2998 514 3053 στην
547 2985 760 3056 ἡμέραν
790 2987 1159 3052 πυκτεύοντας
1193 2989 1332 3056 ὑπὲρ
1361 2987 1455 3040 σοῦ
1482 2987 1562 3059 τῷ
1591 2986 1823 3058 διαϐόλῳ
1847 2987 1934 3042 διὰ
1950 2990 2061 3043 τῶν

381 3063 618 3134 δεήσεων
647 3067 882 3120 καὶτῶν
925 3067 1122 3136 εὐχῶν,
1169 3067 1474 3138 ἀπαίτησον
1523 3066 1720 3120 σαυτὸν
1745 3069 1845 3139 τὴν
1888 3068 2061 3140 καλὴν

380 3141 586 3213 ταύτην
617 3146 896 3217 εἰσφορὰν,
922 3147 1023 3209 τὰς
1057 3147 1104 3179 ⁸⁵
1150 3147 1375 3200 ἐκείνων
1408 3146 1635 3219 τροφάς.
1659 3147 1899 3220 Καὶγάρ
1921 3149 2066 3220 ἥμε-

387 3239 478 3295 ρος
502 3221 579 3276 ὢν
614 3225 643 3277 ό
667 3225 928 3291 Βασιλεὺς
957 3220 1134 3291 οὗτος,
1167 3228 1270 3281 οὐκ
1298 3226 1467 3280 ἔδωκέ
1495 3242 1578 3280 σοι
1608 3227 1735 3290 τοὺς
1766 3229 2063 3285 ἀπαιτοῦν-

383 3319 503 3368 τας,
524 3302 640 3357 άλλ’
674 3305 871 3360 ἑκόντα
904 3306 1155 3376 βούλεται
1183 3304 1523 3360 καταθεῖναι·
1555 3304 1660 3359 κᾶν
1693 3306 1834 3358 κατά
1868 3308 2066 3380 μικρὸν

384 3384 719 3457 καταϐάλῃς,
749 3385 983 3455 δέχεταιο
1008 3384 1110 3440 κᾶν
1131 3384 1354 3455 ἀπορῶν
1375 3383 1466 3438 διὰ
1494 3384 1694 3438 πολλοῦ
1737 3386 1931 3456 χρόνου
1962 3404 2066 3440 κα-

382 3463 573 3534 ταθῇς,
626 3465 687 3517 οὐ
719 3465 1037 3534 κατεπείγει
1095 3465 1187 3520 τὸν
1222 3466 1324 3519 οὐκ
1363 3464 1576 3536 ἔχοντα.
1603 3465 1695 3534 Μὴ
1722 3464 1786 3536 δὴ
1822 3468 1923 3537 τῆς
1963 3482 2069 3537 μα-

386 3544 698 3614 κροθυμίας
742 3546 909 3600 αὐτοῦ
942 3546 1400 3618 καταφρονῶμεν,
1466 3545 1604 3598 ἀλλά
1647 3545 2066 3616 θησαυρίςωμεν

386 3623 596 3688 ἑαυτοῖς
624 3625 699 3696 μὴ
741 3626 932 3698 ὀργὴν,
968 3625 1104 3679 ἀλλά
1153 3626 1450 3698 σωτηρίαν·
1507 3623 1582 3696 μὴ
1640 3624 1892 3688 θάνατον,
1929 3625 2066 3679 ἀλλά

389 3701 554 3773 ζωήν·
590 3705 665 3775 μὴ
692 3705 913 3759 κόλασιν
941 3705 1038 3758 καὶ
1091 3706 1386 3776 τιμωρίαν,
1416 3704 1555 3758 ἀλλὰ
1587 3706 1755 3774 τιμὰς
1796 3705 1892 3758 καὶ
1940 3721 2063 3759 στε-

387 3781 610 3849 φάνους.
641 3785 756 3837 Οὐκ
801 3783 949 3838 ἐστιν
979 3783 1214 3837 ἐνταῦθα
1248 3783 1432 3838 δοῦναι
1465 3783 1656 3855 μισθὸν
1688 3785 1789 3855 τῆς
1827 3800 2062 3854 μετακο·

390 3859 550 3931 μιδῆς
569 3861 677 3915 τῶν
693 3864 1119 3936 εἰσφερομένων,
1143 3864 1244 3918 οὐκ
1263 3864 1408 3920 ἔστιν
1431 3863 1664 3918 ἐνταῦθα
1685 3867 1885 3934 καμεῖν
1903 3864 2064 3936 ἐξαρ-

387 3940 732 4011 γυρίζοντας.
767 3944 869 3998 “Av
900 3943 1215 4016 καταϐάλῃς
1254 3944 1415 4010 αὐτὰ,
1466 3945 1630 4010 αὐτὸς
1661 3945 1802 4000 αὐτά
1843 3944 2058 4015 μετατί-

389 4018 547 4090 θησιν
605 4022 685 4086 είς
747 4022 838 4078 τὸν
890 4024 1122 4096 οὐρανὸν
1166 4025 1195 4077 ό
1244 4025 1542 4096 Δεσπότης
1607 4025 1769 4090 αὐτός
1826 4041 1909 4078 σοι
1961 4023 2062 4096 τὴν

389 4103 780 4180 πραγματείαν
809 4103 1206 4170 κατασκευάζει
1233 4105 1280 4136 ³⁸
1305 4105 1765 4180 κερδαλεωτέραν.
1780 4105 1895 4159 Οὐκ
1917 4104 2062 4159 ἔστιν

388 4179 624 4233 ἐνταῦθα
689 4183 1064 4255 παράπομπον
1107 4185 1290 4253 εὑρεῖν
1323 4184 1368 4216 ⁸⁷
1428 4183 1540 4240 τῶν
1586 4179 2059 4255 καταϐληθέντων·

432 4273 531 4353 ...⁷³
564 4273 791 4353 ἳφάδρίὲ]
821 4293 880 4329 σε
910 4276 1117 4353 9596590-
1245 4275 1449 4353 σφόδρα
1489 4294 1550 4332 σε
1587 4277 1720 4353 Mor.
1755 4276 1889 4333 Ben.

389 4340 493 4412 τῷ]
532 4340 713 4412 μέντοὶ
745 4340 807 4400 Ιῖ.

390 4483 437 4554 'f’
475 4483 596 4554 τάςξ
628 4483 720 4540 καὶ
745 4492 841 4551 τάς
873 4489 936 4543 Κ.
976 4489 1036 4543 L.
1114 4483 1175 4522 ⁸⁸⁷
1202 4490 1605 4544 κατασκευάσει
1646 4483 1708 4544 Κ.
1755 4489 1818 4544 L.
1897 4491 1918 4522 ⁸

1423 401 1488 457 IN
1529 400 1867 460 MATIIEUM
1905 400 2136 456 IIOMIL.
2174 399 2376 457 LXVII.
2415 400 2487 456 al.
2531 394 2756 455 LXVIII.

1994 4277 2040 4349 ῖτ
2067 4277 2130 4330 ὲκ
2171 4273 2380 4349 πηγῆς]
2420 4276 2484 4329 ἐκ
2527 4274 2720 4349 πηγῶν
2748 4274 2812 4331 L.
2841 4275 2936 4349 ἐπὶ
2963 4277 3066 4349 γῆς
3097 4275 3161 4349 G-

613 4358 713 4398 ντΟι
745 4345 807 4400 II.
911 4345 967 4379 ’θ’
992 4345 1074 4419 τὸ]
1101 4347 1177 4415 τῷ
1203 4345 1450 4404 ιετΕιὶιί.
1483 4359 1540 4404 el
1567 4351 1648 4404 sic
1685 4365 1752 4403 ex
1789 4365 1934 4404 corr.
1965 4347 2028 4403 (ἓ.
2057 4382 2058 4392 η

613 4415 748 4472 ὦμεν
782 4417 850 4470 Μ.
927 4419 972 4450 ⁸⁸
999 4419 1299 4472 διαδέξεται
1333 4418 1395 4472 L.
1471 4420 1518 4450 ⁸³
1549 4417 1946 4472 πολεμοῦντας]
1974 4418 2058 4472 εάι

2169 4345 2629 4472 λθεῖνῖἐμπεσείν
2663 4345 2723 4399 L.

2165 4417 2302 4472 τολλά
2378 4459 2390 4471 .
2423 4417 2556 4471 Mor.
2662 4416 2708 4449 ⁸⁵

390 4415 748 4514 ἰξατορθῶμεν
782 4417 850 4470 Μ.
927 4419 972 4450 ⁸⁸
999 4415 1299 4485 διαδέξεται
1333 4418 1395 4473 L.
1471 4420 1518 4450 ⁸³
1549 4417 1946 4522 πολεμοῦντας]
1974 4418 2105 4476 add.
2129 4417 2302 4472 πολλά
2323 4415 2390 4472 L.

475 4485 715 4522 EAM-1...:
745 4492 841 4522 ..ηιμ
873 4489 911 4522 ιι
976 4489 995 4522 ι
1114 4491 1162 4522 δε
1202 4490 1600 4522 ..-ηρυρηριρυ
1646 4490 1681 4522 ιι
1756 4489 1777 4522 ι
1897 4491 1918 4522 ε
1987 4489 2186 4522 ..ταωνι
2218 4489 2390 4522 ξων...

1984 4489 2186 4568 εὑρεῖν]
2218 4489 2504 4568 ἐπιζητεῖν.
2623 4486 2709 4568 II_._
2729 4487 2792 4542 L.
2819 4484 2914 4568 II.-
2933 4484 3849 4568 καταϐληθέντων]Ἰκατατεθέντων

3709 391 3812 448 632

2152 522 2314 591 μόνον
2346 519 2643 586 κατάϐαλε,
2670 519 2765 573 καλ⁵
2788 515 2992 579 εὐθέως
3019 513 3242 570 ἄνεισιν·
3267 513 3364 584 οὐχ
3379 513 3466 567 ἵνα
3487 516 3781 585 στρατιῶτς
3801 535 3819 571 ι

2148 603 2326 674 ἕτεροι
2362 600 2669 673 τραφῶσιν,
2713 597 2828 652 ἀλλ’
2851 597 2936 649 ἵνα
2961 595 3046 648 σοὶ
3081 595 3216 674 μένῃ
3249 595 3367 674 μετ’
3382 595 3665 674 ἐμπορίας
3692 596 3792 674 πολ

2147 672 2264 750 λῆς.
2298 672 2562 734 Ἐνταῦθα
2583 679 2681 749 μὲν
2702 677 2810 748 γὰρ
2833 675 2976 744 ἅπερ
3009 674 3076 727 ἂν
3104 672 3232 744 δῷς,
3277 672 3566 727 ἀναλαϐεῖν
3597 674 3697 727 οὐκ
3717 673 3815 726 ινι-

2148 765 2265 816 ἐκεῖ
2291 763 2347 816 δέ
2371 762 2508 832 μετὰ
2539 760 2739 833 πολλῆς
2763 756 3018 827 ἀπολήψῃ
3049 755 3211 833 πάλιν
3229 751 3494 833 αὐτάᾐτῇς
3518 756 3705 833 τιμῆς,
3725 755 3822 833 καὶ

2150 831 2429 910 κερδανεῖς
2458 839 2626 911 μείζω
2676 831 2772 892 καὶ
2820 831 3313 904 πνευματικώτε-ρα
3333 831 3521 904 κέρδη.
3557 831 3823 886 Ἐνταῦθα

2149 921 2214 972 τὰ
2232 919 2486 990 διδόμενα
2506 918 2804 988 ἀπαίτησις
2837 918 3007 970 ἐστιν’
3041 915 3157 965 ἐκεῖ
3182 913 3228 944 ⁸⁸
3261 913 3458 984 χρῆσις
3488 913 3583 965 καὶ
3613 911 3821 966 δάνειον

2150 999 2244 1051 καλ¹
2270 997 2510 1070 ὄφλημα.
2530 998 2640 1052 Καὶ
2671 997 2778 1069 γὰρ
2793 996 2838 1029 ⁸³
2869 992 3209 1065 χειρόγραφά
3230 1009 3312 1045 σοι
3344 991 3600 1062 ἐποίησεν
3628 991 3821 1054 ὁΘεός·

2160 1078 2348 1149 Ὀγάρ
2380 1077 2588 1141 ἐλεῶν,
2624 1077 2779 1145 φησὶ,
2832 1072 3090 1142 πτωχὸν,
3139 1071 3390 1132 δανείζει
3435 1071 3576 1136 Θεῷ.
3615 1070 3824 1124 Ἔδωκέ

2152 1175 2236 1212 σοι
2263 1159 2358 1212 καὶ
2386 1157 2684 1230 ἀρραϐῶνα
2728 1155 2822 1208 καὶ
2869 1152 3161 1222 ἐγγυητὰς,
3207 1153 3300 1204 καὶ
3337 1151 3512 1206 ταῦτα
3556 1150 3688 1230 Θεδς
3729 1149 3822 1203 ὧν.

2152 1239 2310 1290 Ποῖον
2341 1229 2640 1309 ἀρραϐῶνα
2686 1236 2760 1301 9";
2807 1234 2962 1306 [660]
2995 1234 3075 1286 Τὰ
3122 1233 3180 1284 ἐν
3224 1233 3300 1302 τῷ
3340 1232 3569 1302 παρόντι
3604 1229 3728 1302 βίῳ,
3760 1232 3827 1282 τά

2151 1315 2406 1387 αἰσθητὰ,
2433 1316 2502 1369 τὰ
2521 1314 2869 1385 πνευματικὰ
2891 1353 2905 1376 ,
2961 1312 3032 1366 τά
3063 1311 3326 1382 προοίμια
3359 1311 3468 1365 τῶν
3501 1309 3823 1381 μελλόντων.

2151 1395 2216 1447 Τί
2253 1397 2431 1450 τοίνυν
2477 1395 2752 1466 ἀναϐάλλῃ
2808 1394 2905 1446 καὶ
2959 1393 3160 1454 ὀκνεῖς,
3205 1390 3442 1444 τοσαῦτα
3487 1390 3587 1461 ἤδη
3623 1389 3824 1448 λαϐὼν.

2150 1476 2387 1530 τοσαῦτα
2427 1475 2774 1546 προσδοκῶν;
2817 1475 2884 1525 Ἃ
2929 1472 3025 1542 μὲν
3058 1471 3165 1542 γὰρ
3213 1469 3424 1533 ἔλαϐες,
3471 1469 3587 1524 ἔστι
3636 1471 3828 1522 ταῦτα’

2153 1555 2315 1626 σῶμα
2335 1556 2498 1619 αὐτός
2528 1572 2612 1609 σοι
2644 1554 2924 1608 διέπλασε·
2954 1551 3133 1623 ψυχὴν
3178 1550 3341 1613 αὐτός
3371 1568 3453 1604 σοι
3478 1549 3736 1622 ἐνέθηκεν
3760 1551 3826 1582 ⁹¹’

2151 1636 2380 1706 ἐτίμησέ
2417 1654 2475 1688 σε
2498 1635 2641 1705 λόγῳ
2673 1634 2835 1704 μόνον
2861 1632 2970 1686 τῶν
2991 1632 3084 1684 ἐπὶ
3122 1633 3246 1700 γῆς·
3276 1629 3386 1682 τῶν
3417 1631 3708 1700 ὁρωμένων
3748 1647 3831 1682 σοι

2154 1716 2407 1768 ἁπάντων
2436 1714 2534 1785 τὴν
2555 1715 2753 1785 χρῆσιν
2784 1713 3005 1766 ἔδωκεν·
3031 1709 3322 1781 ἐχαρίσατό
3345 1726 3428 1762 σοι
3455 1710 3553 1780 τὴν
3571 1708 3764 1763 ἑαυτοῦ
3786 1710 3831 1741 ⁹²

2155 1793 2357 1862 γνῶσιν
2389 1809 2402 1822 ·
2437 1795 2528 1848 τὸν
2556 1794 2686 1848 Υἱδν
2714 1792 2986 1846 ἐπέδωκεν
3016 1790 3158 1860 ὑπὲρ
3193 1789 3308 1842 σοῦ·
3343 1789 3626 1860 βάπτ.σμα
3646 1789 3834 1842 τοσού-

2155 1889 2262 1926 των
2291 1875 2460 1944 γέμον
2489 1871 2712 1942 ἀγαθῶν
2742 1871 3074 1942 ἐδωρήσατο·
3108 1869 3277 1922 ἔδωκέ
3324 1885 3406 1921 σοι
3439 1868 3717 1938 τράπεζαν
3761 1871 3836 1922 ἱε-

2161 1955 2278 2022 ράν·
2313 1952 2678 2024 ἐπηγγείλατο
2733 1951 3014 2022 βασιλείαν
3060 1949 3157 2002 καὶ
3204 1951 3274 2002 τὰ
3308 1948 3596 2021 ἀπόρρητα
3632 1950 3831 2018 ἀγαθά.

2158 2032 2408 2086 ’Τοσαῦτα
2436 2035 2618 2086 τοίνυν
2637 2031 2836 2096 λαϐὼν,
2876 2029 3116 2085 τοσαῦτα
3135 2030 3344 2099 μέλλων
3374 2029 3674 2099 λαμϐάνειν
3705 2031 3834 2100 (πᾶα

2158 2112 2240 2165 λιν
2272 2113 2376 2186 γὰρ
2398 2113 2460 2167 τὸ
2489 2114 2621 2168 αὐτὸ
2647 2113 2801 2184 ἐρῶ),
2833 2111 2963 2182 περὶ
2988 2112 3244 2181 χρήματα
3264 2108 3616 2180 ἀπολλύμενα
3645 2127 3839 2178 μικρο-

2158 2192 2290 2266 λογῇ
2314 2195 2362 2226 ⁸³
2387 2211 2400 2260 ;
2429 2196 2523 2247 καὶ
2548 2193 2706 2247 ποίαν
2736 2192 2879 2256 ’έξεις
2903 2189 3268 2260 συγγνώμην;
3311 2188 3472 2242 Ἀλλά
3500 2190 3627 2254 τοὺς
3642 2191 3838 2253 παῖδας

2161 2275 2377 2338 πάντως
2405 2274 2558 2345 δρᾷς,
2577 2273 2671 2327 καὶ
2699 2271 2788 2326 διὰ
2806 2270 3031 2332 τούτους
3047 2271 3093 2303 ⁸⁵
3111 2268 3350 2341 ἀναδύῃ;
3387 2269 3497 2322 Καὶ
3522 2269 3628 2341 μὴν
3657 2271 3840 2324 κάκεί-

2160 2369 2284 2418 νους
2314 2354 2600 2408 παίδευσον
2645 2351 2870 2405 τοιαῦτα
2919 2349 3226 2420 κερδαίνειν
3260 2348 3449 2418 κέρδη.
3501 2350 3611 2402 Καὶ
3643 2351 3750 2421 γὰρ
3787 2351 3838 2403 εί

2161 2432 2425 2503 ἀργύριον
2459 2428 2528 2503 ἦν
2575 2447 2657 2484 σοι
2686 2429 3095 2500 δεδανεισμένον
3147 2429 3240 2481 καὶ
3273 2427 3467 2488 τόκους
3505 2428 3687 2500 φέρον,
3721 2426 3839 2483 εἶτα

2161 2512 2444 2582 ὀφειλέτης
2465 2510 2764 2582 εὐγνώμων
2791 2506 2880 2580 ἦν,
2903 2508 3165 2579 μυριάκις
3184 2508 3250 2562 ἂν
3280 2507 3426 2560 εἵλου
3455 2508 3576 2562 ὀιντλ⁸
3599 2507 3689 2562 τοῦ
3710 2526 3841 2580 χρυ-

2164 2592 2281 2644 σίου
2312 2590 2371 2644 τὸ
2403 2592 2784 2662 γραμματεῖον
2811 2589 3136 2643 καταλιπεῖν
3175 2587 3254 2658 τῷ
3307 2586 3480 2652 παιδὶ,
3516 2585 3658 2640 ὥστε
3691 2589 3841 2659 αὐτῳ

2161 2671 2262 2734 τὰς
2301 2670 2596 2739 προσόδους
2621 2668 2878 2738 γενέσθαι
2914 2667 3137 2731 πολλάς,
3184 2668 3280 2721 καὶ
3312 2667 3386 2737 μὴ
3431 2667 3841 2735 ἀναγκάζεσθαι

2165 2749 2436 2818 περιϊέναι
2461 2750 2553 2802 καὶ
2579 2748 2763 2819 ζητεῖν
2791 2747 3012 2818 ἐτέρους
3027 2748 3154 2811 τοὺς
3177 2747 3596 2816 δανεισομένους
3627 2748 3694 2802 ⁸⁵.
3733 2750 3843 2802 Καὶ

2163 2829 2258 2881 νῦν
2282 2828 2440 2883 τοῦτο
2454 2829 2538 2892 δὸς
2562 2829 2623 2882 τὸ
2645 2829 3007 2899 χειρόγραφον
3050 2830 3162 2891 τοῖς
3193 2826 3447 2891 παιδίοις,
3473 2827 3568 2878 καὶ
3601 2826 3647 2857 ⁹⁶
3670 2828 3837 2881 κατά-

2163 2907 2287 2961 λιπε
2341 2909 2432 2962 τὸν
2457 2908 2587 2961 Θεὸν
2614 2909 2796 2972 αὐτοῖς
2829 2907 3133 2977 ὀφειλέτην.
3164 2906 3238 2961 Σὺ
3269 2907 3329 2959 δὲ
3362 2908 3489 2970 τοὺς
3514 2905 3613 2975 μὲν
3639 2907 3844 2979 ἀγροὺς

2167 2989 2228 3042 οὐ
2260 2987 2462 3052 πωλεῖς
2485 2987 2582 3042 καὶ
2636 2987 2792 3051 δίδως
2831 2990 2942 3051 τοῖς
2985 2987 3253 3052 παιδίοις,
3309 2985 3425 3039 ἀλλ’
3467 2989 3582 3057 ἐᾷς,
3615 2987 3764 3050 ὅπως
3808 2989 3842 3058 ἡ

2167 3068 2428 3140 πρόσοδος
2450 3067 2586 3140 μένῃ
2601 3067 2667 3129 ⁸⁷,
2687 3068 2780 3119 καὶ
2795 3069 2822 3120 ό
2843 3067 2950 3120 τῶν
2972 3083 3076 3137 χρη
3087 3067 3272 3136 μάτων
3295 3064 3634 3135 πλεονασμὸς
3662 3065 3844 3129 αὐτοῖς

2163 3147 2391 3217 γένηται
2421 3147 2623 3199 πλείων
2645 3145 2916 3199 ἐντεῦθεν·
2945 3146 3008 3198 τδ
3038 3145 3096 3198 δέ
3120 3145 3485 3216 χειρόγραφον
3505 3144 3682 3207 τοῦτο,
3708 3162 3846 3198 πανο

2163 3228 2254 3292 τὸς
2279 3226 2450 3297 ἀγροῦ
2495 3231 2590 3280 καὶ
2638 3225 2916 3296 προσόδων
2969 3226 3370 3296 εὐπορώτερον,
3429 3225 3524 3277 καὶ
3558 3224 3844 3288 τοσούτους

2165 3306 2331 3378 φέρον
2363 3307 2632 3376 καρποὺς,
2657 3304 2816 3358 τοῦτο
2849 3305 3092 3368 δέδοικας
3121 3305 3485 3369 καταλιπεῖν;
3544 3307 3638 3357 καὶ
3670 3304 3845 3374 πόσης

2165 3385 2232 3439 ἂν
2264 3386 2349 3457 εἴη
2371 3385 2532 3438 τοῦτο
2562 3383 2815 3455 εὐηθείας
2839 3401 2900 3436 τε
2939 3386 3034 3438 καὶ
3064 3383 3488 3456 παραπληξίαςς
3531 3383 3638 3437 Καὶ
3671 3383 3844 3437 ταῦτα

2168 3464 2323 3530 εἰδὼς
2352 3467 2434 3519 ὃτι
2465 3465 2568 3518 κᾶν
2591 3465 2773 3527 αὐτοῖς
2806 3465 2938 3518 αὐτὸ
2964 3465 3009 3499 ⁸⁸
3034 3464 3361 3537 καταλίπῃς,
3395 3465 3488 3518 καὶ
3521 3463 3683 3528 αὐτὸς
3713 3464 3846 3518 αὐτὸ

2165 3544 2346 3599 λαϐὼν
2370 3543 2646 3618 ἀπελεύσῃ
2665 3543 2848 3599 πάλιν.
2865 3544 3103 3598 Τοιαῦτα
3122 3544 3194 3613 γά
3203 3559 3233 3615 ρ
3248 3544 3318 3596 τὰ
3336 3543 3704 3615 πνευματικάο
3723 3543 3850 3597 πολ-

2163 3625 2262 3697 λὴν
2285 3625 2512 3696 ἔχειτὴν
2535 3625 2867 3694 φιλοτιμίαν.
2888 3625 2979 3696 Μὴ
3004 3625 3068 3696 δὴ
3096 3623 3488 3694 πτωχεύωμεν,
3518 3623 3652 3695 μηδέ
3670 3625 3848 3679 ἀπάνο

2165 3705 2373 3776 θρωποι
2404 3704 2498 3756 καὶ
2522 3703 2663 3773 ὠμοὶ
2681 3703 2808 3774 περὶ
2838 3705 2985 3774 ἡμᾶς
3011 3703 3208 3766 αὐτοὺς
3231 3702 3531 3773 γινώμεθα,
3549 3703 3664 3756 ἀλλ’
3681 3705 3850 3773 ἐμποο

2164 3782 2489 3854 ρευσώμεθα
2509 3783 2608 3853 τὴν
2633 3782 2805 3854 καλὴν
2822 3783 3026 3852 ταύτην
3045 3777 3449 3854 πραγματείαν·
3471 3783 3558 3836 ἵνα
3577 3783 3670 3834 καὶ
3691 3783 3848 3835 αὐτοὶ

2167 3863 2428 3926 λαϐόντες
2469 3862 2639 3933 αὐτὴν
2666 3861 3014 3934 ἀπέλθωμεν,
3040 3864 3134 3916 καὶ
3169 3866 3283 3927 τοῖς
3319 3865 3458 3925 υἱοῖς
3491 3865 3603 3927 τοῖς
3636 3862 3850 3916 ἑαυτῶν

2170 3942 2607 4012 καταλείψωμεν,
2639 3941 2734 3996 καὶ
2758 3943 2869 3996 τῶν
2901 3942 3203 4012 μελλόντων
3227 3943 3573 4014 ἐπιτύχωμεν
3600 3942 3843 4010 ἀγαθῶν,

2169 4022 2352 4094 χάριτι
2375 4022 2470 4076 καὶ
2488 4021 2868 4094 φιλανθρωπίᾳ
2885 4021 2979 4076 τοῦ
2997 4021 3202 4092 Κυρίου
3219 4022 3377 4093 ἡμῶν
3393 4023 3569 4092 Ἰησοῦ
3585 4022 3844 4094 Χριστοῦ,

2174 4101 2294 4176 μεθ’
2319 4098 2380 4156 οῦ
2403 4102 2482 4174 τῷ
2504 4104 2680 4174 Πατρὶ
2703 4103 2820 4174 ἅμα
2851 4103 2929 4174 τῷ
2964 4103 3103 4174 ἁγίῳ
3130 4102 3409 4174 Πνεύματι
3435 4103 3583 4170 δόξα,
3619 4103 3843 4172 κράτος,

2170 4183 2325 4255 τιμὴ,
2344 4181 2441 4235 νῦν
2462 4183 2558 4236 καὶ
2578 4183 2664 4235 ἀεὶ
2689 4185 2783 4235 καὶ
2799 4183 2878 4247 εἰς
2896 4183 3025 4246 τοὺς
3046 4180 3246 4245 αἰῶνας
3267 4182 3376 4236 τῶν
3397 4181 3628 4236 αἰώνων.
3649 4182 3841 4252 Ἀμήν.

3263 4277 3309 4308 ’⁷⁸
3334 4274 3413 4346 τῷ
3458 4291 3587 4346 οηι.
3629 4274 3696 4328 Μ.
3749 4273 3849 4346 μῂέν

2827 4347 2885 4417 "7
2903 4343 3096 4416 πρῶτα
3125 4348 3192 4417 _L.
3267 4346 3311 4377 ⁸³
3347 4343 3846 4417 καταμάθωμεν-Κ.

2423 4417 2556 4487 Mor,
2647 4416 2708 4487 7“
2742 4414 3097 4487 λαμϐάνωσιν
3125 4415 3184 4470 L.
3221 4431 3277 4487 p.
3302 4432 3358 4486 ι).
3383 4414 3676 4487 δαιμονίων
3695 4414 3846 4487 ΕιίιΙ.

391 4552 559 4645 911';
586 4552 694 4645 δὲ.
719 4559 1242 4645 ,Ἔθιεέλεέςικδὲ
1264 4560 1400 4645 Emi:
1433 4560 1680 4645 δφλῖιμα]
1724 4559 1999 4645 δεείέιῃιιει
2043 4552 2334 4645 “LK-.51:
2359 4552 2733 4645 Ριίιρλείέξι-
2767 4559 2860 4645 ’ξεί
2895 4558 2957 4611 ιλο
3113 4552 3434 4645 ἀὲραέὦιέι]
3469 4557 3847 4645 edi-312.0:

388 4627 597 4694 γυητάς
620 4627 756 4684 Edd.
782 4630 862 4683 Τά
902 4625 983 4703 ἐν]
1014 4631 1118 4685 Τόν
1142 4633 1199 4687 ἐν
1223 4631 1285 4684 L.
1360 4633 1404 4663 ⁹¹
1435 4625 1730 4702 συνέθηκεν
1758 4625 1823 4686 G.
1851 4625 2016 4684 ΗΪΜ.

388 4693 587 4751 αὐτούς
627 4697 689 4751 L.
732 4699 820 4751 διὰ
861 4701 1020 4751 τοῦτο
1045 4701 1144 4751 En-
1221 4702 1268 4734 ⁵⁸
1307 4701 1718 4751 δανειζομένους
1757 4701 1819 4751 11.
1857 4700 1920 4751 L.
2001 4700 2048 4733 "

2165 4629 2324 4684 αὐτοῦ
2355 4629 2422 4686 G.
2455 4625 2614 4683 HJK.
2652 4629 2722 4683 M.
2790 4631 2833 4662 ’³
2855 4625 3201 4751 μικρολοῖῗῖς
3248 4627 3316 4686 G.
3353 4625 3434 4680 KC
3468 4626 3530 4680 L.
3567 4625 3634 4680 M.

2165 4702 2178 4751 ί
2220 4717 2332 4751 om.
2367 4701 2427 4751 L.
2461 4700 2758 4751 κατάλειπε
2787 4699 2852 4751 G.
2885 4698 2949 4751 Κ.
2983 4697 3048 4751 L.
3143 4741 3155 4751 .
3181 4697 3278 4751 Eu.
3357 4698 3402 4730 ⁸⁷
3445 4696 3603 4751 μένηῖ

1594 4697 1718 4766 νόυς
1757 4701 1819 4756 II.
1856 4700 1920 4755 L.
2001 4700 2048 4733 "
2083 4702 2178 4754 καί
2220 4717 2332 4755 om.
2367 4701 2427 4754 L.
2461 4700 2758 4754 κατάλειπε
2787 4697 3048 4755 (ἶζΚξΙλ.

387 4693 587 4772 αὐτούς
732 4699 835 4772 διὰᾲ
861 4693 1020 4755 τοῦτο
1045 4701 1144 4771 Ep.
1221 4702 1268 4734 ⁵⁸
1307 4701 1592 4772 δανειζομέ

3705 4625 3752 4657 οδ
3780 4625 3848 4677 δι’

3143 4697 3278 4770 .Ep.
3357 4698 3402 4730 ετ
3444 4696 3604 4769 μένῃ]
3652 4695 3744 4753 Sic
3784 4695 3846 4750 L.

388 4770 571 4822 caeteri
605 4769 778 4839 μένοι.
810 4770 915 4826 Sed
945 4788 995 4842 p.
1031 4769 1103 4842 ρ(
1121 4773 1272 4828 solus
1297 4773 1359 4828 L.
1391 4769 1602 4842 γένοιτο
1631 4773 1816 4827 habet.
1855 4772 2009 4844 μένοι
2035 4788 2058 4827 e

2165 4772 2332 4825 ένοιτο
2360 4771 2495 4826 de.
2574 4771 2621 4803 ⁸³
2654 4769 2786 4824 αὐτό
2824 4786 2934 4824 om.
2969 4769 3032 4824 L.

1958 4941 2202 4995 OMIAIA

389 5009 499 5064 Καὶ
535 5009 826 5079 εἰσελθὼν
847 5011 878 5063 ό
906 5009 1146 5076 Ἰησοῦς
1164 5015 1246 5077 είς
1281 5009 1348 5063 τὸ
1375 5010 1536 5079 ἱερὸν
1555 5012 1620 5075 ⁹⁹,
1657 5010 1905 5077 ἐξέϐαλε
1930 5009 2072 5064 πάν-

459 5077 911 5152 ταςΑΙϐϋητοὺς
941 5081 1293 5152 πωλοῦντας
1318 5077 1432 5152 κειὶὴ
1449 5082 1844 5152 ἀγοράζοντας
1889 5082 1960 5135 ὲν
1990 5079 2072 5146 τῷ

460 5147 610 5217 ἱερῷ,
667 5147 767 5204 aed!
816 5151 922 5217 τὰς
959 5150 1246 5218 τραπέζας
1295 5148 1414 5204 τῶν
1470 5147 1882 5206 κολλυϐιστῶν
1929 5168 2070 5205 κατ-

459 5220 736 5290 έστρεψε,
753 5289 765 5310 9
783 5221 884 5275 καὶ
920 5223 1026 5310 τὰς
1080 5221 1370 5310 κᾳθέδρας
1397 5223 1516 5303 τῶν
1565 5223 1928 5310 πίωἶιούντων
1963 5222 2072 5310 τᾲς

460 5289 813 5359 περιστερὰς
837 5333 852 5357 ,
916 5293 1014 5344 καί
1070 5291 1230 5361 λέγει
1259 5289 1530 5372 ίειὺτοῖς·
1586 5293 1954 5362 Γέγραπταιο
2005 5293 2069 5346 Ὀ

460 5358 626 5442 06x65-
666 5379 784 5442 μου
825 5356 987 5442 οἶκος
1006 5375 1354 5442 προσευχαις
1372 5363 1772 5442 κληθῄσεταισ
1803 5362 1974 5434 ὑμεῖς
2000 5361 2069 5415 δὲ

457 5431 646 5486 αὑτὸν
673 5431 996 5496 ἐποιήσατε
1025 5431 1331 5498 σπήλαιον
1352 5431 1616 5500 λῃστῶν.

459 5509 533 5564 α’.
550 5508 718 5564 Τοῦτο
747 5511 1107 5580 καὶΊωάννης
1125 5509 1288 5581 φησίν
1306 5527 1320 5541 ο
1343 5511 1458 5564 ἀλλ’
1481 5513 1690 5578 ἐκεῖνος
1720 5512 1819 5584 μὲν
1839 5513 1897 5567 ἐν
1926 5512 2070 5584 ἀρχῇ

383 5584 484 5644 τοῦ
524 5589 877 5657 Εὐαγγελίου,
922 5583 1076 5652 οὗτος
1123 5588 1180 5642 δὲ
1219 5587 1356 5660 πρὸς
1403 5590 1481 5660 τῷ
1517 5591 1682 5661 τέλει.
1720 5583 1883 5646 Ὅθεν
1925 5583 2073 5656 εἰκὸς

387 5665 642 5738 δεύτερον
663 5668 991 5740 γεγενῆσθαι
1013 5667 1192 5732 τοῦτο,
1222 5669 1318 5722 καὶ
1348 5669 1488 5722 κατά
1511 5667 1799 5744 διαφόρους
1821 5671 2066 5744 καιρούς.

392 5745 504 5799 Καὶ
532 5747 690 5816 δῆλον
735 5749 832 5802 καὶ
862 5749 971 5802 ἀπὸ
998 5748 1110 5803 τῶν
1148 5749 1376 5821 χρόνων,
1411 5751 1506 5804 καὶ
1547 5745 1673 5804 ἀπὸ.
1701 5752 1803 5822 τῆς
1841 5752 2072 5823 ἀποκρί-

393 5839 551 5903 σεως.
600 5826 748 5879 Ἐκεῖ
797 5828 895 5899 μὲν
923 5828 1032 5900 γάρ
1062 5829 1120 5882 ἐν
1151 5827 1300 5899 αὐτῷ
1336 5829 1415 5899 τῷ
1468 5827 1659 5900 Πάσχα
1705 5830 2038 5903 παρεγένετο
2061 5847 2074 5860 ·

394 5901 625 5959 ἐνταῦθα
652 5905 708 5959 δὲ
733 5907 840 5978 πρὸ
873 5908 1088 5962 πολλοῦ.
1120 5909 1299 5963 Κάκεῖ
1325 5907 1424 5979 μὲν
1461 5905 1709 5978 λέγουσιν
1748 5901 1988 5964 Ἰουδαῖοι
2013 5910 2028 5940 ⁸
2056 5923 2070 5937 ⁶

462 5993 509 6083 ξ’
544 5997 602 6083 ἐγ
631 5996 711 6083 Ξῷ
740 5997 961 6083 ἱερῷ-111.
989 5996 1221 6083 L._Mor.
1251 6015 1306 6072 p.
1356 6001 1523 6083 μέν
1550 5999 1808 6083 τῷ]εῴ
1835 6017 1949 6058 om.
1997 6001 2181 6058 iidem,

392 6062 587 6140 λέγων]
634 6062 724 6126 Sic
757 6062 818 6124 Ε.
840 6062 956 6141 Ἑν.
982 6072 1142 6144 vulgo
1165 6062 1489 6144 κατηγορῶν
1522 6062 1617 6126 καί
1648 6062 1846 6141 λέγων.

2180 5010 2240 5065 Τί
2267 5009 2520 5080 σημεῖον·
2548 5007 2845 5076 δεικνύεις
2876 5008 3054 5078 ἡμῖν;
3081 5007 3313 5064 ἐνταῦθα
3342 5009 3398 5063 δὲ
3429 5010 3643 5080 σιγῶσι,
3674 5013 3853 5069 καίτοι

2175 5081 2625 5163 ἐπιτιμηθέντες,
2675 5091 2763 5148 διὰ
2811 5093 2872 5147 τὸ
2919 5094 3020 5165 ήδη
3065 5093 3439 5164 θαυμάζεσθαι
3493 5095 3656 5150 αὐτὸν
3701 5100 3856 5171 παρά

2174 5177 2331 5230 πᾶσι.
2388 5175 2559 5230 Τοῦτο
2607 5177 2666 5230 δὲ
2714 5177 3018 5248 κατηγορία
3070 5177 3272 5248 μείζων
3312 5177 3595 5246 Ἰουδαίων,
3643 5181 3725 5235 ὃτι
3760 5185 3856 5238 κα)⁸

2174 5258 2322 5325 ἅπαξ
2369 5260 2464 5312 καὶ
2490 5259 2570 5323 δὶς
2601 5259 2760 5314 τοῦτο
2802 5260 2966 5314 αὐτοῦ
3004 5262 3351 5333 ποιήσαντος,
3390 5263 3642 5334 ἐνέμενον
3670 5265 3754 5318 ἔτι
3787 5270 3856 5339 τῇ

2175 5343 2471 5414 καπηλεία,
2508 5343 2604 5397 καὶ
2639 5343 2884 5398 ἀντίθεον
2920 5345 3081 5398 αὐτὸν
3112 5340 3253 5400 εἶναι
3296 5346 3505 5416 ἔλεγον,
3554 5347 3674 5402 δέον
3726 5351 3857 5404 κάν-

2177 5425 2366 5479 τεῦθεν
2391 5425 2582 5497 μαθεῖν
2619 5427 2783 5480 αὐτοῦ
2811 5427 2909 5499 τὴν
2938 5429 3074 5500 πρὸς
3112 5428 3204 5483 τὸν
3251 5431 3473 5500 Πατέρα
3519 5431 3706 5504 τιμὴν,
3763 5436 3856 5488 καί

2179 5510 2276 5580 τὴν
2309 5507 2516 5562 οἰκείαν
2558 5509 2730 5580 ἰσχύν.
2770 5511 2881 5563 Καὶ
2926 5511 3034 5582 γάρ
3077 5513 3170 5565 καὶ¹
3217 5513 3721 5586 ἐθαυματούργησε,
3763 5519 3858 5570 καὶ

2181 5589 2365 5660 ἑώρων
2391 5589 2516 5652 τοὺς
2535 5587 2727 5657 λόγους
2757 5592 2868 5653 τοῖς
2903 5592 3192 5662 πράγμασι
3226 5593 3672 5663 συμφωνοῦντας.
3717 5596 3856 5649 Ἀλλ’

2177 5668 2298 5720 οὐδέ
2323 5667 2492 5732 οὕτως
2517 5668 2814 5736 ἐπείθοντο,
2841 5669 2955 5724 ἀλλ’
2987 5673 3328 5742 ἠγανάκτουν
3348 5690 3363 5704 ο
3420 5674 3516 5727 καὶ
3550 5674 3723 5730 ταῦτα
3762 5677 3860 5730 τοῦ

2179 5748 2460 5829 προφήτου
2503 5747 2733 5818 βοῶντος
2767 5750 3077 5816 ἀκούοντες,
3132 5753 3226 5806 καὶ
3276 5753 3384 5808 τῶν
3433 5757 3660 5812 παιδίων
3709 5759 3856 5829 παρά

2181 5828 2371 5908 καιρὸν
2394 5829 2610 5900 ἡλικίας
2636 5831 3116 5904 ἀνακηρυττόντων
3146 5835 3327 5890 αὐτόν.
3359 5836 3557 5908 Διόπερ
3583 5839 3676 5896 καὶ
3697 5828 3856 5902 αὐτὸς

2179 5907 2272 5962 τὸν
2303 5909 2530 5962 Ἡσαΐαν
2559 5911 2740 5975 αὐτοῖς
2790 5913 3108 5982 ἐπιτειχίζει
3153 5915 3479 5987 κατήγορον,
3518 5916 3755 5985 λέγων¹’
3805 5917 3857 5970 Ὀ

2291 6001 2308 6034 ¹
2338 6001 2576 6060 Ἰουδαῖοι
2608 6018 2720 6060 om.
2745 6001 2806 6060 L.
2832 6006 2882 6058 οί
2933 6005 3173 6061 Ἰουδαῖοι
3202 6007 3266 6063 G.
3300 6008 3365 6064 Κ.
3471 6011 3492 6040 ²
3531 6009 3855 6081 κατήγορον,
