4140 6376
503 359 606 414 (135

499 485 644 531 cei-at
665 515 679 541 ,
710 482 764 530 et
792 473 1041 527 videbant
1066 486 1228 540 opera
1261 483 1382 525 cum
1413 467 1588 522 verbis
1615 476 1910 520 consonare
1942 478 1955 514 :
1983 460 2076 513 sed

503 582 677 639 neque
702 567 779 623 sic
805 567 1258 634 obtemperarunt,
1283 563 1390 616 imo
1416 557 1846 629 indignabantur,
1869 549 2079 608 etiamsi

505 664 617 715 hinc
662 660 895 715 clamare
937 657 1250 728 prophetam
1290 653 1572 715 audirent,
1616 663 1680 704 ac
1722 661 1917 717 pueros
1962 644 2079 711 plus

505 764 667 820 quam
684 756 815 802 aetas
837 749 999 799 ferret
1026 742 1387 814 praedicantes
1407 754 1552 808 cupi.
1567 737 1909 804 Quapropter
1926 732 2085 786 incu-

505 849 714 896 cautem
734 839 858 892 illos
875 836 1068 889 Isaiam
1092 831 1301 888 inducit
1321 831 1509 886 dicens
1524 828 1746 881 :Domus
1765 841 1879 878 mea
1897 823 2084 875 domus

500 927 742 981 orationis
754 925 1029 980 vocabitur.
1046 925 1226 994 Neque
1244 926 1344 978 hoc
1359 921 1723 978 tantummodo
1738 935 1885 973 suam
1901 929 2081 988 poten-

501 1020 625 1074 tiam
646 1018 896 1084 ostendit,
922 1019 1014 1073 sed
1041 1018 1183 1089 quod
1203 1027 1351 1073 curet
1372 1017 1543 1071 varias
1563 1015 1896 1070 inﬁrmitates
1923 1031 1934 1067 :
1957 1029 2077 1067 nam

501 1109 589 1164 M.
621 1109 946 1162 Accesserant
981 1109 1051 1162 ad
1087 1125 1200 1162 eum
1237 1109 1409 1162 claudi
1433 1118 1476 1161 et
1505 1107 1645 1173 cruci,
1670 1115 1715 1158 et
1741 1105 1934 1159 curavit
1958 1118 2078 1166 eos;

497 1215 549 1256 et
573 1201 650 1255 sic
665 1203 911 1255 virtutem
933 1210 1355 1271 potestatemque
1374 1214 1524 1254 suam
1548 1207 1827 1254 monstrat.
1854 1197 1930 1251 llli
1952 1212 2079 1251 vero

503 1309 674 1362 neque
699 1294 777 1346 sie
801 1293 1254 1362 obtemperaruut,
1278 1291 1372 1346 sed
1393 1307 1511 1346 cum
1539 1290 1793 1345 miracula
1817 1289 2074 1353 viderent,

507 1397 807 1454 puerosque
826 1383 1071 1438 audirent
1095 1386 1267 1453 ipsum
1292 1383 1664 1459 praedicantes,
1685 1381 2079 1437 suﬂ'ocabantur

505 1483 559 1529 et
586 1473 834 1528 dicebant
865 1491 879 1528 :
914 1473 999 1528 16.
1035 1472 1157 1526 Νοη
1185 1473 1328 1527 audis
1349 1474 1470 1543 quid
1494 1473 1578 1527 isti
1604 1473 1814 1526 dicunt?
1839 1474 1994 1540 Atqui
2025 1472 2075 1525 id

496 1562 738 1619 Christus
756 1565 883 1634 ipsis
900 1565 1078 1622 dicere
1095 1566 1349 1635 potuisset
1366 1583 1378 1617 :
1394 1565 1505 1620 Non
1522 1565 1714 1618 auditis
1742 1564 1866 1634 quid
1897 1564 1980 1619 isti
1998 1565 2076 1617 di-

498 1656 665 1710 cunt?
705 1655 838 1710 Nam
865 1655 938 1710 illi
964 1656 1114 1726 quasi
1151 1657 1259 1710 Deo
1285 1657 1565 1711 canebant.
1598 1655 1734 1722 Quid
1766 1657 1924 1726 igitur
1947 1655 2076 1711 ille?

498 1748 631 1815 Quia
678 1750 839 1804 rebus
881 1749 1177 1804 manifestis
1219 1750 1686 1816 contradicebant,
1737 1753 1913 1803 acrius
1956 1749 2075 1804 illos

495 1841 668 1912 carpit
688 1841 871 1896 dicens
899 1859 912 1894 :
944 1840 1238 1910 Numquam
1267 1841 1457 1910 legistis
1478 1857 1502 1887 .’
1527 1840 1609 1895 Ea:
1627 1857 1712 1894 ore
1736 1841 2076 1910 infantiumet

496 1933 787 1986 lactentium
833 1934 1084 2004 perfecisti
1131 1934 1333 1986 laudem
1376 1932 1566 2001 (Psal.
1589 1934 1641 1988 8.
1677 1935 1711 1988 5
1732 1935 1788 2002 )?
1826 1933 1893 1988 Et
1927 1945 2076 1989 recte

495 2022 665 2089 dixit,
698 2022 778 2077 Ea:
805 2041 909 2078 ore.
940 2023 1054 2078 Non
1084 2024 1226 2080 enim
1254 2025 1544 2080 secundum
1574 2037 1804 2081 mentem
1838 2028 2072 2095 ipsorum

495 2115 582 2169 illa
611 2117 770 2171 verba
801 2127 972 2181 erant,
995 2117 1087 2172 sed
1119 2119 1310 2172 virtute
1341 2119 1505 2187 ipsius
1531 2119 1807 2173 immatura
1838 2119 2072 2188 ipsorum

495 2206 670 2276 lingua
705 2208 1046 2277 dirigebatur.
1077 2209 1190 2263 Hoc
1219 2225 1346 2264 vero
1372 2208 1538 2279 ﬁgura
1566 2217 1681 2264 erat
1699 2210 1932 2278 gentium
1955 2211 2074 2264 bal-

492 2299 830 2363 butientinm,
858 2317 975 2369 qtae
996 2301 1276 2356 confestim
1299 2316 1488 2371 magna
1511 2302 1856 2356 insonuerunt
1881 2310 1934 2356 et
1961 2303 2073 2356 ani-

492 2408 582 2444 mo
621 2401 675 2446 et
719 2392 842 2457 fide,
868 2402 922 2447 et
957 2394 1212 2464 apostolis
1257 2394 1380 2448 hinc
1418 2410 1524 2448 non
1565 2409 1726 2463 parva
1754 2395 2068 2452 consolatio.

490 2483 567 2538 Ne
593 2485 733 2538 enim
759 2484 1108 2555 ambigerem,
1129 2484 1398 2555 quomodo
1424 2484 1584 2540 rudes
1611 2485 1855 2540 homines
1881 2486 2073 2555 praedi-

491 2578 753 2632 cntionem
788 2579 1105 2632 annuntiare
1134 2586 1415 2648 poterunt,
1446 2588 1880 2648 praeoccupantes
1921 2578 2071 2648 pueri

492 2669 632 2723 illam
663 2670 824 2723 animi
853 2671 1152 2740 angustiam
1188 2670 1478 2739 ejecerunt,
1511 2678 1567 2726 et
1603 2685 1752 2740 spem
1794 2670 2068 2737 fecerunt,

491 2761 792 2814 facultatem
820 2759 1028 2814 dicendi
1054 2759 1300 2814 daturum
1331 2760 1432 2815 sibi
1459 2774 1578 2815 esse
1607 2775 1727 2815 eum
1757 2761 1844 2830 qui
1876 2776 2070 2830 pueros

490 2851 747 2922 hymnum
793 2861 1010 2906 cantare
1060 2851 1274 2917 docuit;
1323 2867 1499 2922 neque
1546 2851 1648 2906 hoc
1689 2861 1930 2917 tantum,
1972 2853 2068 2907 sed

485 2946 646 2999 etiam
688 2959 806 3000 esse
843 2945 991 2999 illum
1034 2953 1236 2999 naturae
1280 2945 1631 3010 conditorem,
1663 2945 1765 3000 hoc
1811 2947 2068 3003 miraculo

485 3048 758 3092 ostensum
788 3047 889 3092 est.
915 3037 1069 3092 Pueri
1098 3038 1255 3107 igitur
1280 3038 1378 3092 etsi
1409 3039 1707 3092 immatura:
1734 3039 1925 3106 aetatis,
1949 3039 2066 3094 fau-

485 3141 566 3185 sta
597 3141 650 3184 et
676 3132 920 3200 supernis
948 3145 1182 3186 consona
1221 3130 1573 3200 loquebantur
1603 3149 1616 3184 :
1649 3132 1750 3186 viri
1778 3143 1954 3188 autem
1983 3134 2064 3187 in-

483 3222 633 3276 sania
677 3231 731 3276 et
769 3223 952 3277 furore
999 3223 1176 3291 plena.
1222 3222 1366 3277 Talis
1403 3238 1493 3277 res
1529 3231 1612 3277 est
1640 3224 1897 3293 nequitia.
1929 3223 2062 3291 Quia

484 3315 644 3383 igitur
673 3315 836 3368 multa
861 3323 1014 3370 erant
1039 3331 1157 3383 quae
1188 3315 1304 3370 illos
1330 3323 1730 3369 commoverent
1748 3357 1762 3380 ,
1791 3315 1959 3370 turbae
1986 3316 2064 3370 vi-

482 3407 692 3470 delicet,
718 3407 907 3476 ejectio
930 3406 1291 3470 vendentium,
1317 3406 1592 3472 miracula,
1614 3406 1762 3474 pueri
1785 3415 2058 3473 canentes,

482 3515 667 3555 rursus
702 3515 796 3555 eos
833 3500 1100 3570 relinquit,
1151 3511 1206 3554 ut
1249 3501 1460 3555 illorum
1507 3501 1660 3555 sedet
1706 3509 1966 3554 tumorem
2007 3508 2062 3554 et

481 3591 638 3656 iram,
667 3591 939 3661 noluitque
959 3591 1173 3657 docere,
1195 3607 1260 3647 ne
1291 3593 1485 3647 invidia
1510 3592 1778 3648 ferventes
1807 3593 1942 3647 dicta
1963 3607 2059 3648 sua

481 3699 622 3753 tcgre
649 3683 867 3738 ferrent.

554 3774 783 3830 Historia
804 3777 931 3845 ﬁcus
957 3793 990 3829 a
1014 3777 1212 3830 Christo
1235 3776 1517 3831 maledich
1543 3787 1924 3832 commentatur.
1956 3776 2061 3833 Cur

479 3865 709 3920 Christus
739 3867 858 3934 [icui
883 3867 1163 3921 maledixit.
1185 3898 1256 3908 —
1273 3868 1358 3923 l8.
1387 3869 1440 3921 Μ
1447 3885 1540 3922 ane
1559 3880 1722 3922 autem
1743 3879 1988 3925 revertens
2006 3872 2060 3924 in

479 3957 669 4023 urbem,
716 3959 910 4013 esuriit.
950 3959 1229 4025 Quomodo
1274 3975 1432 4014 mane
1471 3960 1691 4015 esuriit?
1733 3961 1957 4029 Quando
2005 3961 2057 4016 id

479 4054 626 4107 carni
655 4053 940 4119 concessit,
972 4063 1098 4108 tunc
1133 4054 1274 4109 illius
1306 4070 1496 4110 sensus
1519 4054 1840 4109 ostenditur.
1869 4056 1957 4110 l9.
1993 4055 2061 4110 Et

480 4147 652 4198 uidens
678 4145 830 4213 ﬁcum
857 4147 911 4199 in
937 4146 1039 4211 uia,
1067 4147 1198 4199 venit
1223 4145 1291 4198 ad
1319 4163 1459 4211 eam,
1493 4155 1541 4200 et
1581 4146 1710 4200 nihil
1745 4147 1930 4200 invenit
1962 4149 2059 4202 nisi

482 4239 626 4309 folia.
657 4237 808 4292 Alius
834 4238 1154 4309 evangelista
1177 4238 1367 4308 (Marc.
1399 4240 1484 4294 11.
1514 4240 1604 4310 15)
1631 4240 1794 4306 dicit,
1825 4241 2058 4295 nondum

481 4341 688 4400 tempus
716 4331 910 4397 fuisse;
939 4331 1031 4386 sed
1061 4332 1106 4387 si
1133 4332 1366 4387 nondum
1393 4343 1601 4401 tempus
1625 4341 1762 4399 erat,
1789 4335 2059 4404 quomodo

477 4424 614 4478 alter
640 4424 961 4494 evangelista
985 4426 1001 4456 ³
1030 4424 1138 4492 ait,
1171 4424 1348 4489 Venit,
1379 4436 1432 4479 ut
1459 4427 1503 4480 si
1527 4430 1658 4496 forte
1685 4430 1901 4496 fructum
1922 4427 2059 4480 inve-

479 4515 604 4566 niret
632 4515 683 4567 in
709 4517 807 4569 ea?
848 4513 1000 4570 Unde
1028 4515 1368 4571 manifestum
1399 4525 1502 4581 est,
1536 4517 1662 4571 illud
1699 4533 1766 4572 ex
1804 4518 2057 4588 opinione

477 4605 857 4672 discipulorum
897 4604 1080 4671 fuisse,
1113 4608 1201 4676 qui
1233 4607 1408 4662 adhuc
1438 4609 1855 4678 imperfectiores
1882 4621 2054 4664 erant.

476 4695 607 4750 Nam
630 4698 908 4765 Opiniones
935 4698 1316 4767 discipulorum
1337 4715 1479 4770 saepe
1496 4701 1809 4773 describunt
1831 4716 2057 4772 evange-

477 4793 634 4846 listaz.
673 4790 820 4844 Sicut
854 4791 1014 4860 igitur
1039 4791 1166 4847 illud
1195 4794 1486 4848 secundum
1515 4794 1722 4850 illorum
1749 4797 2053 4866 opinionem

475 4892 611 4949 erat,
643 4883 720 4938 sic
744 4898 955 4954 quoque
981 4898 1101 4938 cum
1130 4885 1403 4954 putabant,
1432 4885 1602 4955 ipsum
1630 4887 1966 4941 maledixisse
1991 4887 2054 4939 li-

475 4977 580 5038 cui,
615 4977 755 5046 quod
789 4977 1016 5034 fructum
1045 4992 1150 5032 non
1180 4977 1419 5034 haberet.
1462 4979 1569 5034 Cur
1609 4996 1736 5050 ergo
1777 4981 2053 5035 maledicta

474 5065 609 5119 fuit?
659 5067 883 5139 Propter
919 5069 1230 5138 discipulos,
1263 5079 1320 5123 ut
1359 5086 1552 5140 nempe
1591 5071 1662 5125 illi
1701 5073 2052 5128 confiderent.

473 5159 608 5223 Quia
631 5163 774 5213 enim
797 5159 990 5230 ubique
1009 5159 1264 5215 beneﬁcia
1288 5162 1590 5230 praestabat,
1619 5162 1929 5233 nullumque
1956 5180 2054 5233 pu-

475 5249 657 5304 niebat
699 5270 712 5306 :
753 5259 808 5306 et
847 5260 1024 5307 tamen
1065 5252 1346 5322 oportebat
1382 5252 1587 5309 ultricis
1625 5269 1736 5310 sua:
1778 5259 2054 5325 potestatis

475 5341 774 5410 exemplum
797 5341 1055 5410 praebere,
1075 5352 1132 5396 ut
1152 5342 1489 5399 discerentet
1509 5343 1751 5414 discipuli
1781 5353 1837 5401 et
1862 5346 2052 5416 Judaei,

444 5469 456 5512 ._
475 5432 644 5500 ipsum
664 5448 783 5487 cum
806 5443 987 5503 posset
1006 5449 1098 5490 eos
1118 5435 1205 5504 qui
1228 5450 1286 5491 se
1303 5435 1678 5492 cruciﬁxerunt
1692 5443 2049 5508 exstinguere,

475 5523 702 5580 libenter
728 5535 902 5582 tamen
934 5527 985 5583 id
1009 5528 1356 5597 concessisse,
1380 5545 1552 5600 neque
1581 5530 1920 5588 exstinxisse.
1948 5533 2054 5589 No-

476 5617 571 5672 luit
605 5633 768 5688 porro
813 5619 863 5673 id
909 5619 962 5674 in
1007 5620 1308 5676 hominibus
1337 5617 1534 5680 factum
1563 5623 1844 5691 exhibere,
1873 5625 1967 5680 scd
1998 5626 2050 5679 in

539 5758 554 5787 ¹
583 5756 741 5826 Alius,
764 5759 997 5826 quomodo
1034 5758 1161 5826 idem
1203 5759 1530 5826 Ecangclisla;
1554 5758 1722 5815 recte:
1748 5767 1892 5814 verba
1921 5779 2048 5815 enim

475 5827 586 5869 sunt
611 5821 764 5882 Marci,
790 5834 892 5884 cap.
915 5821 988 5871 ll.
1019 5837 1064 5872 v.
1095 5822 1168 5870 15.

1426 352 1489 406 ΙΝ
1530 345 1935 404 λιλττινιιεωι
1980 343 2206 398 1101111..
2250 341 2455 398 LXVII.
2499 343 2570 399 al.
2616 343 2844 398 LXVIII.

3670 351 3770 404 (534

2192 458 2382 512 arbore
2420 458 2626 513 ultricis
2654 474 2766 514 suae
2799 461 3074 529 potestatis
3104 464 3404 531 exemplum
3435 462 3596 519 dedit.
3637 467 3770 522 Cum

2189 560 2364 605 autem
2393 551 2444 604 in
2472 551 2587 605 loca
2612 592 2626 614 ,
2657 551 2741 606 vel
2769 553 2820 606 in
2847 553 3084 618 arbores,
3108 555 3190 609 vel
3225 555 3275 608 in
3304 557 3455 610 bruta
3484 558 3769 614 animantia

2187 645 2293 698 tale
2335 643 2605 714 quidpiam
2647 645 2972 714 immittitur,
3006 663 3074 702 ne
3117 648 3325 704 curiose
3369 649 3624 718 inquiras,
3670 667 3768 705 nec

2187 736 2333 791 dicas
2363 755 2376 790 :
2409 737 2686 805 Quomodo
2715 737 2858 808 juste
2886 739 3151 794 exsiccata
3179 740 3309 794 ﬁcus
3333 751 3451 804 est,
3483 743 3525 796 si
3560 751 3769 812 tempus

2188 830 2452 886 fructuum
2471 846 2576 885 non
2599 839 2708 885 erat
2725 831 2750 884 ‘l
2770 831 2855 886 illa
2876 833 3018 886 enim
3042 833 3266 903 quaestio
3281 834 3632 902 nugacissima
3650 846 3731 889 est
3752 855 3764 890 :

2187 922 2281 976 sed
2307 923 2620 977 miraculum
2640 923 2864 992 respice,
2887 924 3103 989 mirare,
3123 933 3176 979 et
3197 925 3570 978 miraculorum
3595 935 3768 994 patra-

2188 1013 2288 1067 tori
2324 1015 2543 1082 gloriam
2587 1013 2750 1069 refer.
2795 1013 2928 1069 Nam
2969 1023 3024 1069 et
3057 1014 3124 1070 de
3163 1015 3452 1070 submersis
3484 1017 3660 1084 porcis
3691 1017 3770 1070 id-

2187 1107 2358 1174 ipsum
2387 1107 2534 1160 multi
2558 1105 2840 1172 dixerunt,
2867 1106 3092 1176 justitize
3117 1107 3374 1160 rationem
3401 1107 3766 1177 inquirentes;

2185 1199 2276 1252 sed
2301 1197 2405 1252 illis
2421 1214 2524 1251 non
2542 1197 2818 1252 attendere
2834 1207 3042 1266 oportet
3064 1216 3076 1252 :
3096 1213 3217 1251 nam
3241 1197 3355 1252 haec
3385 1197 3766 1252 irrationabilia

2185 1298 2338 1344 erant
2356 1331 2372 1356 ,
2406 1298 2462 1342 ut
2489 1290 2650 1344 arbor
2677 1289 2851 1342 anima
2879 1289 3112 1344 carebat.
3145 1289 3254 1343 Cur
3279 1304 3406 1359 ergo
3434 1289 3532 1343 hac
3559 1290 3770 1345 ratione

2185 1396 2270 1434 res
2303 1389 2419 1433 acta
2447 1391 2527 1434 est
2549 1421 2565 1442 .
2602 1391 2654 1436 et
2689 1397 2785 1436 cur
2813 1381 2926 1436 haec
2954 1392 3036 1436 est
3062 1382 3446 1437 maledictiouis
3475 1383 3672 1438 causa?
3703 1383 3770 1439 Ut

2179 1472 2289 1539 jam
2331 1471 2459 1537 dixi,
2489 1472 2592 1526 hoc
2633 1473 2697 1526 ad
2744 1473 3122 1542 discipulorum
3166 1475 3470 1544 opinionem
3512 1477 3762 1545 pertinet.

2182 1566 2333 1632 Quod
2359 1566 2403 1619 si
2432 1565 2663 1620 nondum
2701 1576 2906 1634 tempus
2931 1576 3044 1620 erat
3063 1608 3077 1631 ,
3107 1576 3308 1622 temere
3337 1566 3550 1636 quidam
3577 1568 3663 1623 hic
3691 1569 3765 1624 le-

2182 1675 2301 1728 gem
2334 1657 2618 1727 signiﬁcari
2653 1657 2854 1712 dicunt.
2882 1659 3013 1713 Nam
3046 1660 3200 1728 hujus
3227 1659 3431 1716 fructus
3456 1661 3586 1716 lides
3611 1673 3758 1726 erat,

2182 1749 2411 1819 ﬁdeique
2454 1757 2662 1818 tempus
2705 1757 2829 1803 tunc
2869 1749 3195 1815 advenerant,
3227 1766 3384 1820 quem
3413 1751 3640 1806 fructum
3673 1752 3760 1808 ille

2181 1841 2374 1894 attulit.
2403 1839 2524 1892 Jam
2549 1841 2679 1893 enim
2701 1841 2926 1910 regiones
2953 1841 3081 1895 alba?
3097 1851 3215 1895 sunt
3235 1843 3302 1896 ad
3322 1859 3549 1905 messem,
3571 1845 3753 1913 inquit,

2179 1943 2252 1995 et,
2276 1932 2395 1984 Misi
2414 1947 2501 1984 vos
2517 1941 2696 1985 metere
2711 1948 2936 2001 qua-non
2953 1933 3217 1986 laborastis
3249 1933 3426 2006 (Joan.
3455 1936 3506 1989 4.
3531 1936 3618 1990 '55.
3647 1934 3750 2007 58).

2249 2022 2304 2076 2.
2337 2021 2474 2076 Nihil
2504 2037 2631 2091 ergo
2660 2021 2961 2091 hujusmodi
2992 2023 3078 2077 hic
3106 2023 3502 2094 subindicatur,
3544 2027 3636 2082 scd
3659 2069 3672 2094 ,
3708 2038 3765 2083 ut

2179 2112 2309 2178 dixi,
2343 2122 2660 2182 potestatem
2686 2113 2930 2166 ultricem
2958 2112 3193 2180 indicat,
3222 2123 3277 2168 et
3304 2115 3404 2169 hoc
3425 2116 3657 2170 ostendit
3682 2117 3763 2171 di-

2179 2221 2341 2271 cens,
2377 2204 2623 2259 Nondum
2656 2205 2790 2259 enim
2826 2215 2933 2258 erat
2972 2217 3188 2276 tempus,
3219 2205 3524 2276 signiﬁcans
3552 2224 3610 2263 se
3642 2209 3762 2264 ideo

2178 2297 2446 2366 praecipue
2481 2297 2712 2361 venisse,
2739 2312 2847 2350 nam
2885 2296 3024 2366 quod
3053 2298 3301 2363 esuriret,
3325 2298 3418 2352 sed
3446 2310 3660 2371 propter
3680 2301 3761 2355 di~

2177 2388 2429 2458 scipulos,
2451 2389 2539 2458 qui
2566 2388 2851 2441 admodum
2875 2389 3046 2441 mirati
3075 2399 3218 2453 sunt,
3238 2390 3335 2444 etsi
3363 2391 3530 2446 multa
3557 2393 3760 2464 majora

2176 2484 2327 2552 signa
2358 2481 2467 2551 jam
2501 2481 2631 2536 facta
2664 2481 2898 2547 fuerant;
2931 2481 3022 2535 scd
3048 2522 3062 2546 ,
3093 2491 3148 2536 ut
3175 2482 3323 2548 dixi,
3358 2485 3458 2538 hoc
3486 2483 3758 2539 insolitum

2175 2586 2313 2640 erat,
2345 2590 2483 2628 nunc
2510 2576 2650 2629 enim
2683 2576 2854 2644 primo
2886 2585 3200 2645 potestatem
3232 2577 3473 2632 ultricem
3502 2578 3756 2634 ostendit.

2176 2667 2377 2721 Idcirco
2403 2683 2508 2720 non
2537 2667 2587 2720 in
2619 2667 2719 2719 alia
2749 2667 2980 2732 arbore,
3011 2667 3102 2721 sed
3137 2668 3186 2720 in
3218 2669 3454 2722 omnium
3499 2669 3758 2725 humidis-

2175 2759 2308 2812 sima
2348 2759 2557 2829 signum
2601 2757 2727 2813 fecit
2748 2797 2765 2824 ,
2799 2759 2866 2811 ita
2897 2767 2952 2811 ut
2983 2757 3104 2811 inde
3131 2758 3303 2827 majus
3331 2759 3599 2815 videretur
3635 2776 3759 2817 esse

2173 2851 2507 2906 miraculum.
2555 2850 2625 2904 Et
2668 2859 2724 2904 ut
2760 2850 2956 2918 discas,
2993 2849 3093 2905 hoc
3138 2861 3353 2920 propter
3398 2853 3516 2907 illos
3561 2854 3755 2909 factum

2172 2957 2312 3007 esse,
2338 2951 2396 2996 ut
2418 2942 2521 2996 illis
2550 2941 2797 2997 fiduciam
2830 2942 3057 3004 inderet,
3080 2942 3202 2996 audi
3234 2959 3295 2998 ea
3323 2959 3441 3015 quae
3470 2955 3649 3014 postea
3678 2946 3756 3000 di-

2170 3035 2261 3090 cit.
2307 3034 2443 3102 Quid
2468 3035 2627 3104 igitur
2654 3034 2820 3089 dicit?
2862 3025 3051 3088 Et‘vos
3081 3035 3281 3103 majora
3315 3037 3535 3100 facietis,
3561 3038 3606 3091 si
3634 3054 3753 3092 cre-

2167 3126 2297 3181 dere
2324 3127 2617 3192 volueritis,
2642 3135 2696 3182 et
2717 3128 2768 3182 in
2790 3127 3032 3182 oratione
3058 3127 3344 3182 conlidere.
3375 3129 3560 3184 Vidcn’
3586 3139 3752 3185 totum

2168 3227 2384 3288 propter
2423 3218 2543 3274 illos
2580 3219 2956 3284 factumesse,
2996 3235 3064 3274 ne
3103 3219 3322 3275 insidias
3363 3221 3754 3278 formidarent?

2167 3313 2291 3367 Ideo
2322 3312 2450 3366 illud
2475 3313 2664 3368 iterum
2701 3313 2916 3382 repetit,
2947 3323 3001 3366 ut
3026 3314 3276 3382 precibus
3303 3323 3356 3368 et
3379 3315 3500 3370 ﬁdei
3531 3315 3752 3370 firmiter

2167 3403 2370 3459 haerere
2391 3404 2632 3459 suadeat.
2655 3403 2772 3459 Non
2797 3405 2939 3460 enim
2961 3405 3062 3459 hoc
3087 3413 3290 3460 tantum
3312 3405 3536 3469 facietis,
3559 3409 3752 3476 inquit,

2165 3495 2258 3550 sed
2287 3497 2450 3550 etiam
2480 3506 2690 3552 montes
2715 3495 3064 3563 transferetis,
3093 3507 3147 3552 et
3174 3498 3400 3566 plurima
3428 3500 3526 3553 alia
3557 3515 3750 3570 opera-

2164 3587 2348 3642 bimini
2373 3629 2389 3652 ,
2416 3589 2461 3642 si
2491 3588 2613 3642 ﬁdei
2644 3597 2698 3643 et
2725 3590 2952 3644 orationi
2979 3606 3098 3643 cum
3128 3590 3319 3647 liducia
3352 3591 3616 3646 hz‘ercatis.
3649 3593 3750 3647 Ve-

2163 3694 2281 3733 rum
2309 3678 2478 3733 Judmi
2504 3689 2812 3749 arrogantes
2833 3689 2887 3735 et
2907 3680 3094 3747 inflati,
3122 3689 3178 3734 ut
3201 3681 3501 3736 doctrinam
3528 3683 3641 3752 ejus
3665 3685 3750 3737 in-

2164 3771 2512 3841 terpellarent
2535 3814 2550 3839 ,
2595 3773 2912 3827 accedentes
2952 3773 3360 3828 sciscitabantur
3392 3793 3406 3830 :
3433 3775 3523 3830 25.
3555 3773 3623 3828 In
3651 3793 3752 3845 qua

2164 3873 2406 3934 potestate
2430 3864 2537 3918 haec
2575 3864 2745 3932 facis?
2786 3864 2918 3932 Quia
2958 3865 3100 3920 enim
3147 3865 3421 3922 miraculis
3464 3866 3749 3923 detrahere

2165 3973 2268 4011 non
2294 3964 2538 4026 poterant
2562 3957 2868 4011 venditores
2890 3972 2953 4011 ex
2983 3956 3180 4027 templo
3208 3957 3390 4026 pulsos
3420 3967 3476 4013 et
3496 3959 3751 4014 emenda-

2164 4057 2248 4103 tos
2275 4049 2347 4103 illi
2374 4048 2649 4117 objiciunt.
2678 4048 2878 4104 Eadem
2903 4050 3110 4104 ratione
3134 4050 3274 4120 apud
3296 4050 3555 4108 Joannem
3584 4053 3749 4109 inter-

2164 4151 2372 4211 rogant,
2393 4141 2516 4196 lieet
2542 4155 2646 4195 non
2670 4141 2857 4196 iisdem
2887 4141 3082 4207 verbis,
3106 4157 3290 4196 verum
3312 4143 3502 4200 eadem
3531 4155 3750 4202 senten-

2164 4237 2264 4300 tia;
2311 4250 2431 4288 nam
2474 4235 2702 4289 dicunt:
2735 4235 2883 4300 Quod
2921 4237 3122 4306 signum
3167 4239 3390 4292 ostendis
3433 4241 3596 4307 nobis,
3628 4244 3749 4312 quia

2163 4329 2269 4383 lucc
2292 4330 2416 4399 facis
2438 4327 2629 4398 (Joan.
2656 4328 2712 4382 2.
2745 4329 2830 4383 18.
2865 4328 3010 4398 I9)?
3039 4329 3143 4384 Sed
3175 4330 3245 4384 ibi
3276 4332 3567 4400 respondet
3595 4335 3698 4389 illis
3729 4353 3743 4388 :

2163 4419 2356 4474 Solvite
2385 4419 2623 4487 templum
2648 4421 2764 4486 hoc,
2792 4429 2837 4472 et
2865 4421 2918 4474 in
2945 4421 3101 4474 tribus
3131 4420 3306 4475 diebus
3330 4423 3557 4477 excitabo
3584 4425 3745 4492 illud;

2162 4513 2248 4566 hic
2274 4522 2452 4567 autem
2480 4512 2531 4566 in
2559 4512 2946 4576 dubitationem
2974 4513 3094 4568 illos
3122 4513 3361 4583 conjicit.
3392 4514 3546 4571 Unde
3575 4519 3746 4572 mani-

2160 4601 2352 4659 festum
2395 4614 2511 4669 est,
2553 4603 2682 4658 illud
2721 4603 2934 4674 quidem
2975 4605 3027 4659 in
3067 4606 3330 4677 principio
3367 4607 3564 4664 factum
3602 4623 3749 4670 esse,

2159 4697 2374 4766 quando
2425 4695 2683 4752 miracula
2731 4699 2893 4752 edere
2941 4697 3270 4768 incipiebat,
3320 4700 3424 4756 hoc
3465 4711 3644 4756 autem
3689 4702 3740 4755 in

2161 4791 2266 4846 line
2289 4787 2389 4860 (a).
2422 4788 2574 4856 Quod
2599 4796 2777 4844 autem
2805 4788 3013 4856 dicunt,
3042 4790 3349 4860 hujusmodi
3376 4801 3460 4846 est
3489 4810 3502 4846 :
3532 4794 3614 4847 An
3641 4793 3745 4846 do-

2160 4886 2346 4940 ctrinae
2384 4884 2568 4940 sedem
2607 4885 2874 4953 occupas?
2918 4900 3044 4938 num
3074 4885 3326 4940 sacerdos
3355 4886 3632 4942 ordinatus
3661 4903 3743 4954 es,

2160 4978 2281 5047 quia
2313 4984 2514 5032 tantam
2539 4984 2856 5046 potestatem
2887 4977 3210 5031 eshibuisti?
3239 4978 3402 5047 Atqui
3433 4978 3560 5032 nihil
3591 4995 3744 5034 arro-

2159 5080 2346 5140 ganter
2369 5071 2498 5140 egit,
2526 5069 2620 5125 sed
2657 5069 2838 5141 templi
2879 5069 3070 5126 honori
3111 5084 3174 5124 ac
3210 5070 3395 5126 decori
3420 5074 3694 5142 prospexit
3729 5090 3745 5128 :

2159 5171 2393 5218 attamen
2417 5175 2540 5217 cum
2569 5159 2702 5216 nihil
2741 5159 2885 5215 aliud
2923 5161 3102 5216 dicere
3140 5170 3381 5231 possent,
3424 5161 3565 5219 hanc
3591 5177 3745 5219 accu-

2158 5255 2312 5310 sandi
2353 5270 2538 5310 ansam
2580 5255 2863 5326 arripiunt.
2894 5257 2972 5311 Ac
3001 5270 3123 5311 cum
3152 5256 3448 5312 vendentes
3485 5257 3706 5327 ejiceret
3729 5299 3743 5322 ,

2159 5347 2289 5402 nihil
2333 5349 2450 5402 ausi
2493 5357 2618 5402 sunt
2656 5348 2858 5414 dicere,
2885 5349 3007 5418 quia
3048 5347 3138 5402 ille
3177 5349 3433 5404 miracula
3463 5349 3740 5404 ediderat:

2159 5450 2340 5510 postea
2369 5441 2456 5494 ubi
2483 5439 2735 5496 viderunt
2759 5457 2879 5495 eum
2899 5482 2915 5507 ,
2944 5443 3226 5508 increpare
3251 5448 3548 5509 coeperunt.
3606 5443 3744 5508 Quid

2157 5547 2285 5602 ergo
2315 5532 2436 5586 ille?
2476 5531 2590 5586 Non
2627 5531 2693 5586 ad
2736 5533 3018 5602 quaesitum
3059 5530 3261 5586 directe
3308 5531 3616 5603 respondet,
3646 5548 3743 5586 nec

2157 5625 2410 5692 ostendit,
2455 5639 2612 5694 posse
2658 5625 2799 5692 illos,
2827 5624 2870 5678 si
2901 5624 3097 5680 vellent
3131 5639 3284 5678 suam
3318 5633 3634 5695 potestatem
3669 5625 3736 5678 vi-

2220 5761 2311 5870 (utt
2337 5767 2416 5812 Itis
2458 5762 2673 5812 inuuitur
2719 5760 2962 5812 Christum
3011 5765 3087 5810 bis
3121 5761 3408 5810 vendentes
3457 5762 3661 5822 eiecisse
3707 5773 3732 5808 e

2220 5840 2289 5870 ιιιλι
2310 5839 2355 5870 1).

2159 5833 2355 5884 tempto.
