4140 6376
386 385 489 438 633

384 500 544 558 dere;
575 497 666 553 sed
697 498 854 552 aliam
886 496 1106 566 opponit
1137 497 1610 565 interrogationem
1632 513 1644 547 :
1664 494 1755 548 25.
1790 492 1969 563 Bapti-

387 606 494 642 sma
518 588 736 642 Joannis
767 588 900 643 unde
924 588 1071 642 erat?
1100 604 1163 640 ea:
1191 587 1336 651 caelo,
1366 604 1431 640 an
1461 603 1522 641 ea:
1550 585 1878 640 hominibus?
1907 583 1976 639 Et

388 679 512 748 quid
548 678 681 747 hinc,
712 680 939 749 inquies,
974 678 1039 732 ad
1070 693 1179 733 rem
1208 678 1567 747 przesentem?
1591 676 1717 731 Ha-c
1744 676 1975 730 maxime

387 777 650 845 quadrant
673 794 686 828 :
713 791 836 830 nam
857 775 900 830 si
923 774 1203 840 dixissent,
1228 773 1270 828 Ε
1291 774 1443 839 cado,
1467 772 1833 842 respondisset
1856 770 1934 825 eis
1958 787 1972 825 :

387 872 564 932 Quare
593 882 721 938 ergo
748 881 851 921 non
884 867 1186 922 credidistis
1213 866 1298 921 ei?
1322 867 1376 922 Si
1408 866 1549 922 enim
1580 865 1971 931 credidissent,

387 974 493 1012 non
524 958 592 1012 ita
625 958 1063 1029 interrogassent.
1092 957 1222 1012 Nam
1246 957 1314 1013 de
1336 958 1450 1027 ipso
1469 957 1703 1013 Joannes
1723 957 1971 1011 dixerat:

392 1052 510 1105 Non
554 1069 665 1107 sum
716 1052 899 1123 dignus
944 1052 1134 1106 solvere
1177 1052 1445 1121 corrigiam
1495 1049 1819 1105 calceamenti
1864 1050 1973 1120 ejus

394 1145 411 1211 (
436 1141 560 1197 Luc.
591 1143 643 1197 5.
679 1142 745 1196 16
773 1148 822 1211 );
865 1152 954 1209 et,
982 1140 1116 1195 Ecce
1144 1159 1305 1213 agnus
1330 1140 1428 1195 Dei
1451 1142 1535 1211 qui
1562 1140 1691 1195 tollit
1718 1150 1977 1209 peccatum

392 1233 599 1295 mundi;
627 1242 680 1286 et
704 1275 719 1298 ,
752 1231 873 1302 Ipse
896 1244 965 1288 est
988 1232 1155 1287 Filius
1186 1233 1309 1297 Dei;
1337 1242 1410 1296 et,
1433 1232 1534 1297 Qui
1559 1232 1620 1286 de
1653 1249 1852 1286 sursum
1888 1247 1976 1286 ve-

388 1328 481 1391 nit,
506 1342 659 1396 supra
682 1343 850 1379 omnes
875 1336 947 1381 est
970 1325 1154 1396 (Joan-
1180 1325 1334 1380 1.29.
1357 1327 1445 1381 54.
1473 1336 1517 1379 et
1542 1324 1711 1392 5.51);
1743 1334 1816 1390 et,
1854 1322 1982 1378 Ven-

388 1418 623 1471 tilabrum
652 1419 701 1470 in
728 1434 879 1470 manu
906 1420 1032 1485 ejus,
1059 1429 1105 1472 et
1135 1419 1366 1489 purgabit
1391 1435 1565 1471 aream
1592 1433 1736 1472 suam
1762 1417 1972 1487 (Matth.

389 1512 440 1564 3.
474 1508 583 1580 12).
612 1508 791 1577 Quare
831 1509 877 1563 si
904 1508 1096 1565 Joanni
1134 1510 1507 1574 credidissent,
1545 1508 1677 1563 nihil
1717 1507 1976 1579 impedire

392 1610 597 1670 poterat
622 1602 907 1671 quominus
936 1600 1180 1657 viderent
1209 1602 1260 1655 in
1287 1617 1386 1672 qua
1416 1608 1677 1671 potestate
1699 1600 1811 1655 haec
1837 1598 1980 1653 face-

390 1700 492 1746 ret.
524 1691 723 1747 Deinde
743 1692 865 1762 quia
893 1694 1125 1762 maligne
1144 1692 1215 1745 illi
1234 1693 1646 1763 responderunt,
1670 1690 1761 1746 27.
1786 1689 1975 1745 Nesci-

388 1800 524 1851 mus,
554 1799 661 1838 non
688 1784 820 1839 dixit
846 1785 955 1851 ille,
986 1785 1169 1856 Neque
1196 1800 1295 1855 ego
1314 1786 1463 1841 scio:
1493 1786 1583 1839 sed
1611 1783 1772 1855 quid?
1802 1783 1979 1853 Neque

391 1892 482 1945 ego
507 1877 622 1932 dico
645 1877 802 1934 vobis.
836 1877 966 1933 Nam
998 1879 1044 1934 si
1072 1880 1387 1951 ignorabant
1412 1920 1427 1945 ,
1458 1878 1638 1933 doceri
1666 1878 1786 1932 illos
1815 1892 1976 1947 opor-

392 1971 555 2025 lcbul.
586 1971 717 2037 Quia
753 1987 882 2027 vero
912 1972 1140 2043 maligne
1164 1972 1410 2043 agebant,
1432 1972 1556 2041 jure
1588 1971 1717 2025 nihil
1746 1970 1873 2041 ipsis
1894 1986 1979 2024 re-

391 2062 637 2130 spondet.
665 2062 771 2117 Cur
795 2072 973 2119 autem
1006 2080 1111 2119 non
1140 2064 1424 2127 dixerunt,
1456 2063 1537 2116 Ex
1565 2062 1867 2115 hominibus
1896 2070 1979 2116 est

392 2154 696 2226 baptisma?
740 2154 1022 2211 Timebant
1064 2157 1267 2223 turbas,
1297 2156 1487 2225 inquit.
1524 2155 1707 2209 Viden’
1733 2168 1827 2208 cor
1860 2168 1981 2223 per-

391 2243 646 2299 versum?
680 2244 884 2315 Ubique
914 2245 1079 2301 Deum
1108 2246 1429 2316 despiciunt,
1460 2257 1514 2301 et
1542 2253 1731 2299 cuncta
1764 2253 1979 2313 pr0pter

394 2335 637 2391 homines
659 2334 885 2403 faciunt;
914 2352 1035 2392 nam
1062 2347 1117 2394 et
1141 2337 1405 2393 Joannem
1426 2345 1647 2408 propter
1673 2336 1792 2391 illos
1822 2338 1978 2390 time-

392 2430 555 2494 bant;
586 2443 690 2485 non
716 2429 888 2483 virum
919 2430 1091 2500 ipsum
1124 2430 1359 2497 reveriti,
1386 2430 1488 2485 nisi
1517 2430 1791 2485 hominum
1820 2444 1981 2483 causa

392 2532 630 2581 tantum;
673 2518 885 2575 Christo
923 2520 1085 2576 etiam
1125 2520 1347 2577 credere
1385 2520 1659 2575 hominum
1696 2534 1853 2574 causa
1885 2536 1981 2573 no-

392 2610 571 2663 lebant
604 2628 615 2662 :
646 2619 700 2664 et
750 2611 866 2665 hsce
914 2626 1074 2665 causa
1125 2610 1231 2666 illis
1272 2612 1533 2666 malorum
1573 2612 1831 2665 omnium.
1875 2611 1979 2664 De-

395 2698 519 2754 inde
542 2700 669 2753 dicit
694 2717 705 2753 :
728 2698 821 2754 28.
865 2699 1001 2769 Quid
1036 2700 1171 2755 vobis
1198 2701 1432 2756 videtur?
1459 2701 1627 2755 Homo
1652 2702 1859 2772 quidam
1885 2702 1980 2753 Ita-

396 2788 533 2842 aebat
576 2790 704 2843 duos
748 2791 903 2858 ﬁlios,
937 2800 982 2845 et
1006 2790 1135 2845 dixit
1172 2794 1333 2861 primo
1368 2808 1387 2847 .'
1421 2791 1578 2859 Vade,
1603 2792 1751 2847 hodie
1773 2809 1982 2861 operare

396 2882 449 2934 in
468 2882 629 2936 vinea.
658 2880 748 2936 29.
776 2881 878 2936 Ille
903 2893 1070 2937 autent
1091 2884 1398 2953 respondens
1422 2885 1549 2938 dixit
1573 2901 1590 2938 :
1614 2884 1770 2938 Nolo.
1799 2883 1983 2937 Postea

396 2982 559 3026 autem
592 2975 883 3041 paenitentia
908 2984 1073 3029 motus
1098 2976 1237 3029 abiit.
1262 2976 1348 3031 '50.
1376 2974 1442 3029 Et
1460 2977 1700 3030 accedens
1720 2977 1789 3030 ad
1808 2992 1983 3030 secun-

395 3069 535 3132 dum,
557 3068 683 3121 dixit
704 3069 951 3123 similiter.
977 3067 1077 3123 Ille
1100 3079 1267 3122 autem
1288 3070 1567 3140 respondit,
1592 3070 1725 3125 Abeo
1748 3071 1788 3137 ¹,
1815 3080 1984 3123 etnon

395 3158 537 3212 abiit.
576 3158 664 3213 51.
706 3158 831 3225 Quis
861 3175 980 3230 ergo
1009 3176 1071 3213 ex
1097 3159 1289 3214 duobus
1315 3161 1429 3229 fecit
1458 3162 1764 3215 voluntatem
1790 3161 1986 3231 patris?

396 3248 587 3303 Dicunt
613 3251 679 3313 ei,
709 3248 935 3304 Primus.
965 3251 1169 3307 Rursus
1192 3268 1284 3323 per
1305 3253 1584 3323 parabolas
1606 3254 1750 3323 ipsos
1778 3253 1983 3323 arguit;

398 3350 508 3395 tum
527 3340 735 3396 illorum
754 3341 1166 3411 improbitatem,
1194 3354 1302 3397 tum
1327 3344 1727 3413 reprobatarum
1751 3344 1985 3414 gentium

398 3432 804 3511 obsequentiam
834 3433 1195 3490 subindicaus.
1241 3434 1373 3491 Nam
1411 3435 1497 3489 hic
1522 3436 1629 3489 duo
1660 3436 1753 3489 lilii
1784 3436 1984 3506 signiti-

400 3534 523 3576 cant
545 3523 594 3577 id
617 3522 756 3593 quod
778 3524 918 3593 apud
948 3536 1133 3595 gentes
1158 3535 1211 3581 et
1235 3525 1375 3596 quod
1397 3526 1534 3594 apud
1556 3526 1769 3581 Judaeos
1789 3526 1985 3581 factum

401 3624 505 3671 est.
537 3614 738 3671 Gentes
757 3619 899 3671 enim
928 3633 1050 3673 cum
1084 3634 1190 3673 non
1218 3620 1985 3688 promisissentobedientiam,

404 3724 503 3764 nec
542 3708 818 3765 audissent
866 3709 1033 3779 legem
1056 3754 1071 3777 ,
1114 3712 1367 3781 operibus
1400 3713 1801 3782 obsequentiam
1834 3713 1990 3768 exhi-

404 3800 632 3853 buerunt
664 3817 676 3853 :
710 3801 763 3854 bi
790 3810 974 3856 contra
1021 3816 1297 3872 postquam
1341 3804 1608 3873 dixerant,
1641 3804 1826 3858 Omnia
1850 3820 1990 3875 qure-

403 3908 615 3961 cumque
643 3891 825 3945 dixerit
865 3891 999 3947 Deus
1039 3895 1279 3965 faciemus
1305 3905 1351 3949 et
1376 3896 1637 3951 audiemus
1660 3895 1679 3968 (
1703 3895 1870 3951 Exod.
1901 3898 1988 3951 19.

404 3982 481 4049 8),
513 3984 763 4050 operibus
808 4000 911 4039 non
950 3984 1229 4057 obseqnuti
1275 3996 1418 4043 sunt.
1465 3988 1587 4044 Ideo
1630 4005 1698 4044 ne
1746 4000 1994 4060 putarent

408 4074 575 4142 legem
603 4075 745 4144 ipsos
761 4075 968 4144 juvare,
990 4079 1227 4134 ostendit
1246 4079 1348 4135 hoc
1365 4082 1535 4150 ipsum
1564 4081 1685 4136 illos
1704 4081 1989 4147 damnare;

404 4164 458 4217 id
488 4164 628 4233 quod
659 4165 817 4219 etiam
845 4167 973 4221 dicit
1004 4168 1196 4225 Paulus
1226 4188 1239 4223 :
1273 4169 1392 4225 Non
1423 4172 1680 4227 auditores
1719 4174 1842 4243 legis
1865 4174 1994 4243 justi

404 4267 519 4309 sunt
576 4259 715 4327 apud
771 4258 975 4325 Deum,
1024 4263 1111 4315 sed
1160 4264 1371 4332 [actores
1420 4266 1544 4335 legis
1578 4267 1995 4335 justiﬁcabuntar

406 4347 581 4414 illum.
610 4348 664 4401 ‘2.
696 4350 804 4418 15).
838 4350 1076 4405 ldeircu'
1105 4364 1161 4406 ut
1188 4369 1285 4407 suo
1313 4355 1412 4424 ipsi
1440 4355 1641 4424 judicio
1667 4356 1992 4411 damnaren-

409 4450 512 4502 tur,
550 4455 658 4493 rem
688 4442 765 4494 sic
791 4442 1007 4512 dirigit,
1043 4453 1099 4498 ut
1127 4445 1226 4515 ipsi
1253 4448 1573 4501 sententiam
1598 4445 1773 4503 ferant
1805 4469 1818 4503 :
1851 4448 1993 4519 quod

410 4533 566 4583 etiam
593 4532 641 4584 in
671 4534 916 4602 sequenti
942 4536 1191 4604 parabola
1222 4538 1391 4592 vinea:
1420 4538 1564 4593 facit.

479 4625 531 4677 5.
578 4622 749 4693 thue
783 4638 871 4679 res
904 4627 977 4681 ita
1017 4628 1366 4696 succederet,
1396 4630 1552 4684 aliam
1580 4646 1863 4700 personam
1908 4632 1994 4687 in-

406 4716 551 4769 ducit
590 4730 709 4785 qua:
738 4718 1133 4774 accusationem
1156 4719 1343 4776 ferret.
1377 4722 1509 4789 Quia
1544 4726 1688 4779 enim
1738 4727 1995 4784 nolebant

406 4806 606 4861 directe
649 4805 824 4873 fateri,
857 4824 952 4878 per
976 4811 1285 4880 parabolam
1325 4828 1419 4868 eos
1445 4830 1552 4884 quo
1580 4817 1795 4872 volebat
1820 4819 1991 4874 addu-

407 4900 495 4951 cit.
541 4899 764 4966 Quando
815 4912 995 4958 autem
1045 4904 1311 4961 dictorum
1352 4921 1579 4978 sc0pum
1632 4926 1737 4965 non
1799 4912 1993 4968 intelli-

407 5002 589 5061 gentes
611 4996 930 5050 sententiam
957 4998 1213 5064 tulerunt,
1252 5008 1378 5056 tunc
1414 5002 1531 5071 ipse
1551 5005 1723 5072 aperit
1763 5005 1813 5059 id
1849 5006 1991 5077 quod

409 5086 617 5140 occulte
658 5088 954 5157 agebatur,
1008 5102 1064 5147 et
1104 5092 1269 5147 dicit:
1302 5092 1576 5148 Pttblicani
1622 5106 1669 5150 et
1712 5100 1992 5154 meretrices

409 5176 691 5245 prwcedent
727 5193 815 5234 vos
864 5182 918 5233 in
966 5198 1122 5253 regno
1142 5182 1258 5237 Dei.
1282 5183 1369 5238 δί.
1413 5183 1559 5239 Venit
1597 5187 1731 5241 enim
1768 5188 1991 5244 Joannes

408 5268 476 5319 ad
504 5285 587 5321 vos
632 5269 687 5322 in
726 5271 807 5324 via
826 5272 1044 5340 justitire
1070 5314 1085 5340 ,
1118 5285 1165 5329 et
1194 5292 1294 5330 non
1330 5278 1614 5333 credidistis
1633 5281 1714 5333 ei:
1737 5281 1993 5350 publicani

407 5375 521 5412 vero
566 5360 891 5415 crediderunt
916 5364 982 5417 ei.
1021 5364 1121 5419 Vos
1149 5376 1316 5420 autem
1342 5368 1581 5433 videntes,
1608 5386 1709 5424 non
1739 5374 1987 5442 panitet:—

407 5452 529 5505 tiam
554 5454 727 5522 egistis
748 5466 943 5525 postea,
976 5468 1030 5510 ut
1060 5460 1328 5515 crederetis
1350 5463 1414 5516 ei.
1444 5462 1576 5518 Nam
1606 5465 1651 5519 si
1679 5466 1986 5534 simpliciter

405 5543 646 5608 dixisset,
680 5545 985 5602 Meretrices
1024 5553 1335 5618 praecedunt
1363 5570 1478 5623 vos,
1510 5572 1691 5613 sermo
1720 5560 1824 5615 illis
1861 5576 1991 5616 oue-

470 5677 485 5707 ¹
510 5676 603 5727 Alii
639 5679 840 5740 habent,
869 5691 979 5747 Ego,
1010 5693 1221 5737 Domine.

458 5763 493 5830 ιι
519 5768 662 5835 Unus.
688 5774 809 5835 post
836 5770 983 5817 verba
1022 5777 1064 5819 s.
1094 5772 1249 5831 Pauli,
1274 5776 1342 5823 sic
1370 5774 1519 5828 habet
1548 5794 1559 5828 :
1586 5779 1752 5834 Melius
1774 5789 1842 5833 est
1864 5781 1989 5835 enim

409 5822 593 5885 dicere,
607 5822 739 5888 Non,
766 5834 810 5878 et
835 5841 995 5893 postea
1018 5822 1460 5897 obsequtftdeifco.

1126 382 1182 437 S.
1214 381 1492 437 JOANNIS
1530 375 2004 435 CllllYSUSTUMl
2041 374 2360 432 ARCHIEP.
2399 373 2912 432 CONSTANTINOP

3556 373 3658 430 656

2083 503 2236 544 rosus
2258 492 2402 545 visus
2435 488 2623 546 fuisset
2653 511 2665 547 :
2700 505 2841 545 nunc
2878 498 3055 545 autem
3102 499 3221 558 post
3248 490 3569 547 sementium
3591 492 3660 549 ab

2082 578 2210 647 ipsis
2240 581 2399 636 latam
2436 582 2617 636 mitior
2636 582 2866 637 videtur.
2895 581 3018 636 Ideo
3039 596 3253 637 causam
3277 581 3475 653 adjicit.
3506 582 3661 651 Qua:-

2082 687 2203 725 nam
2222 672 2311 726 illa
2337 682 2419 727 est
2442 672 2466 725 ἲ
2506 670 2650 727 Venit
2690 673 2917 729 Joannes
2936 714 2953 740 ,
2982 674 3172 744 inquit,
3196 675 3264 729 ad
3288 692 3374 730 vos
3397 717 3412 741 ,
3459 691 3565 730 non
3593 677 3660 731 ad

2081 763 2221 817 illos.
2246 764 2431 834 Neque
2467 764 2569 820 hoc
2594 766 2791 831 solum,
2815 767 2911 822 sed
2953 776 3007 822 et
3033 767 3099 821 In
3120 769 3200 821 tria
3219 769 3450 837 justitiw.
3477 768 3661 839 Neque

2082 858 2304 925 potestis
2351 872 2474 913 eum
2518 859 2809 925 criminari,
2855 860 2997 930 quod
3052 862 3328 933 negligens
3355 863 3663 933 inutilisque
3742 920 3749 925 _

2082 948 2249 1002 fuerit
2278 966 2292 1002 :
2322 948 2415 1004 sed
2446 958 2499 1005 et
2526 951 2635 1005 vita
2668 950 2783 1021 ejus
2813 951 2960 1006 omni
2984 953 3137 1022 culpa
3170 954 3336 1008 libera
3366 994 3382 1019 ,
3413 964 3467 1009 et
3488 956 3663 1025 provi-

2082 1039 2263 1095 dentia
2293 1041 2578 1112 singularis
2597 1084 2613 1110 ,
2645 1052 2699 1099 et
2725 1052 2902 1099 tamen
2958 1060 3062 1100 non
3108 1045 3410 1102 attendistis
3436 1047 3507 1101 ei.
3536 1048 3663 1103 Post

2084 1132 2185 1187 hoc
2212 1133 2373 1187 etiam
2396 1133 2541 1189 aliud
2583 1135 2787 1189 crimen
2814 1147 2894 1189 est
2912 1176 2927 1201 ,
2954 1135 3096 1206 quod
3126 1136 3393 1204 publicani
3423 1138 3665 1194 attende-

2083 1225 2209 1291 rint;
2244 1225 2366 1282 hinc
2394 1226 2539 1281 aliud
2569 1228 2707 1298 quod
2739 1243 2833 1283 vos
2864 1244 2931 1284 ne
2967 1230 3180 1298 quidem
3209 1238 3329 1300 post
3349 1230 3470 1286 illos
3493 1231 3664 1287 credi-

2082 1317 2288 1372 deritis.
2333 1316 2582 1387 Oportuit
2620 1319 2765 1373 enim
2803 1334 2897 1374 vos
2926 1330 3051 1375 ante
3081 1321 3198 1375 illos
3223 1321 3447 1377 credere
3473 1364 3487 1387 ,
3521 1324 3662 1393 quod

2082 1425 2211 1464 νε·Ρο
2233 1426 2405 1481 neque
2429 1420 2549 1481 post
2585 1411 2725 1477 illos,
2758 1412 2902 1466 omni
2928 1412 3080 1467 venia
3110 1413 3381 1483 indignum
3403 1422 3522 1469 est:
3553 1415 3664 1468 laus

2082 1501 2292 1556 illorum
2321 1503 2537 1567 eximia,
2575 1504 2777 1558 crimen
2799 1513 3036 1559 vestrum
3063 1514 3240 1574 auget.
3264 1505 3342 1559 Ad
3374 1520 3468 1559 vos
3498 1505 3661 1572 venit,

2082 1609 2182 1649 nec
2202 1594 2493 1651 admisistis
2530 1596 2712 1660 illum;
2737 1611 2841 1651 non
2868 1598 3014 1651 venit
3040 1597 3106 1652 ad
3157 1599 3295 1665 illos,
3325 1607 3380 1653 et
3410 1612 3663 1667 suscepe-

2081 1696 2205 1740 runt
2223 1703 2342 1741 eum
2375 1705 2389 1753 ;
2418 1704 2590 1759 neque
2614 1690 2733 1744 illos
2758 1689 3007 1745 doctores
3033 1690 3334 1746 admittitis.
3362 1690 3495 1746 Vide
3534 1700 3665 1761 quot

2081 1780 2409 1847 argumentis
2431 1780 2545 1834 laus
2566 1780 2797 1848 illorum,
2826 1792 2879 1836 et
2900 1781 3088 1836 horum
3116 1783 3318 1837 crimen
3340 1782 3660 1837 ostenditur.

2084 1873 2162 1924 Ad
2195 1887 2289 1924 vos
2340 1876 2517 1939 venit,
2551 1889 2655 1928 non
2681 1874 2748 1928 ad
2782 1874 2919 1928 illos.
2949 1874 3053 1928 Vos
3077 1890 3181 1928 non
3210 1875 3533 1939 credidistis;
3563 1876 3665 1931 hoc

2083 1962 2188 2016 illis
2217 1962 2534 2018 olfendiculo
2583 1981 2690 2019 non
2741 1965 2859 2019 fuit.
2905 1966 2980 2019 Illi
3028 1966 3403 2031 crediderunt,
3436 1965 3487 2020 id
3514 1966 3665 2021 vobis

2083 2070 2189 2109 non
2216 2056 2434 2124 profuit.
2464 2056 2595 2111 Illud
2627 2059 2791 2123 enim,
2814 2056 3138 2125 Prtecedent,
3170 2074 3275 2113 non
3300 2058 3510 2124 dicitur,
3537 2074 3665 2128 qua-

2083 2147 2125 2200 si
2156 2145 2208 2199 bi
2234 2157 2562 2217 sequantur;
2605 2148 2698 2203 sed
2734 2149 2875 2220 quod
2919 2165 3067 2218 spem
3095 2149 3324 2204 habeant
3351 2191 3367 2216 ,
3409 2150 3454 2205 si
3479 2150 3660 2206 velint.

2083 2238 2225 2293 Nihil
2254 2242 2395 2295 enim
2442 2242 2611 2312 magis
2637 2258 2795 2313 quam
2827 2243 3096 2297 aemulatio
3124 2243 3369 2298 rudiores
3411 2245 3661 2299 concitat.

2084 2328 2370 2399 Propterea
2416 2347 2629 2403 semper
2673 2331 2802 2388 dicit
2841 2350 2855 2386 :
2898 2332 3178 2389 Novissimi
3209 2335 3360 2404 primi
3393 2377 3409 2403 ,
3439 2345 3484 2388 et
3516 2337 3665 2405 primi

2083 2424 2359 2477 novissimi.
2391 2424 2619 2495 Ideoque
2660 2426 2970 2481 meretrices
3012 2436 3066 2482 et
3094 2427 3402 2497 publicanos
3432 2428 3661 2493 induxit,

2084 2524 2142 2568 ut
2170 2515 2290 2570 illos
2317 2517 2434 2571 zelo
2464 2516 2836 2572 inﬂammaret.
2873 2518 2997 2572 Haec
3024 2519 3165 2573 enim
3195 2520 3300 2573 duo
3328 2529 3541 2590 peccata
3568 2538 3663 2575 ex-

2085 2620 2257 2665 trema
2280 2623 2423 2677 sunt,
2450 2629 2515 2667 ex
2546 2612 2767 2668 ferventi
2792 2630 2975 2669 amore
3010 2625 3156 2684 parta
3184 2657 3198 2681 ,
3224 2616 3328 2669 alio
3357 2630 3662 2685 corporum,

2084 2703 2190 2757 alio
2212 2705 2573 2773 pecuniarum.
2615 2704 2856 2760 Ostendit
2882 2716 3060 2761 autem
3083 2748 3097 2771 ,
3126 2706 3254 2760 illud
3275 2722 3400 2761 vere
3425 2721 3545 2761 esse
3573 2722 3665 2760 auo

2086 2797 2203 2851 dire
2242 2797 2413 2866 legem
2446 2797 2560 2861 Dei,
2590 2800 2632 2851 si
2663 2797 2852 2852 Joanni
2882 2798 3150 2853 credatur.
3191 2798 3300 2854 Nec
3326 2814 3456 2853 vero
3482 2800 3667 2869 gratia:

2085 2889 2257 2943 solum
2309 2899 2392 2944 est
2439 2889 2579 2959 quod
2622 2892 2931 2946 meretrices
2978 2892 3265 2955 introeant,
3293 2907 3477 2945 verum
3506 2896 3665 2946 etiam

2082 2981 2322 3050 justitice.
2352 2982 2465 3036 Non
2494 2983 2634 3037 enim
2659 2992 2937 3038 manentes
2966 2986 3278 3040 meretrices
3308 2984 3623 3039 introierunt
3648 3026 3664 3049 ,

2086 3072 2180 3128 sed
2203 3073 2513 3129 obedientes
2558 3084 2608 3129 et
2632 3075 2932 3138 credentes,
2968 3086 3022 3130 et
3048 3076 3314 3130 mundata;
3343 3084 3398 3129 et
3428 3084 3663 3129 mutatas.

2088 3166 2167 3221 sic
2192 3166 2531 3221 introierunt.
2581 3167 2768 3223 Viden’
2792 3169 3059 3238 quomodo
3094 3169 3269 3224 minus
3304 3185 3583 3224 onerosam
3615 3178 3666 3224 et

2086 3258 2385 3313 breviorem
2432 3259 2731 3313 orationem
2764 3258 2889 3313 fecit
2914 3269 3023 3313 tum
3050 3275 3146 3330 per
3182 3260 3520 3328 parabolam,
3558 3269 3666 3313 tum

2090 3366 2183 3419 per
2246 3351 2585 3406 meretricum
2636 3354 3251 3407 commemorationem?
3300 3353 3482 3424 Neque
3528 3355 3667 3408 enim

2089 3444 2268 3497 statim
2296 3444 2460 3508 dixit,
2490 3443 2597 3499 Cur
2626 3461 2731 3499 non
2777 3447 3079 3501 credidistis
3116 3446 3307 3501 Joanni
3334 3449 3357 3501 ?
3387 3446 3482 3502 sed
3529 3448 3668 3516 quod

2091 3537 2247 3605 longe
2270 3537 2448 3591 acrius
2476 3547 2611 3604 erat,
2644 3539 2937 3606 publicanis
2968 3539 3445 3609 meretricibusque
3474 3556 3667 3609 prapo-

2093 3626 2207 3680 sitis
2230 3668 2244 3692 ,
2278 3638 2402 3682 tunc
2442 3628 2572 3682 illud
2604 3629 2831 3688 induxit.
2871 3646 2935 3684 ex
2967 3646 3144 3683 rerum
3176 3631 3316 3685 serie
3360 3631 3478 3685 illos
3519 3632 3672 3684 venia

2094 3720 2333 3788 indignos
2383 3736 2630 3791 arguens,
2690 3722 3105 3792 ostendensque,
3152 3723 3296 3791 ipsos
3354 3722 3425 3777 ob
3473 3731 3670 3775 metum

2096 3810 2364 3863 hominum
2410 3821 2465 3865 et
2514 3827 2707 3865 vanam
2765 3812 2987 3882 gloriam
3056 3814 3236 3867 omnia
3289 3812 3484 3867 facere.
3540 3813 3671 3867 Nam

2094 3900 2363 3954 Christum
2397 3918 2500 3955 non
2530 3902 2920 3957 confitebantur
2950 3919 3059 3973 prie
3103 3904 3293 3959 timore
3317 3945 3331 3965 ,
3365 3920 3430 3958 ne
3452 3920 3480 3957 a
3511 3920 3711 3975 syna-g,

2094 4007 2225 4062 goga
2250 3993 2606 4061 pellerentur;
2646 4005 2699 4047 et
2719 3994 2977 4049 JOannem
3010 4010 3114 4049 non
3141 3996 3407 4049 audebant
3431 4011 3668 4066 carpere,

2098 4100 2201 4137 non
2228 4086 2295 4137 ob
2324 4085 2592 4152 pietatem,
2617 4087 2709 4142 sed
2741 4098 2956 4157 propter
2981 4098 3201 4144 metum.
3230 4088 3359 4158 Quae
3376 4090 3554 4143 omnia
3587 4090 3677 4163 ille

2095 4176 2337 4245 probavit
2365 4191 2431 4231 ex
2474 4178 2791 4247 supradictis
2821 4221 2836 4243 ,
2888 4188 2942 4234 et
2989 4181 3203 4250 gravius
3254 4190 3437 4249 postea
3483 4183 3673 4236 vulnus

2100 4265 2290 4320 inﬂixit
2318 4267 2499 4322 dicens
2528 4284 2542 4320 :
2610 4270 2706 4323 Vos
2735 4283 2901 4324 autem
2930 4272 3149 4326 videntes
3193 4289 3293 4326 non
3334 4273 3675 4342 paenitentiam

2095 4360 2283 4429 egistis,
2323 4370 2376 4413 ut
2414 4364 2671 4418 crederitis
2693 4365 2757 4417 ei.
2792 4364 3097 4433 Improbum
3143 4365 3285 4419 enim
3323 4374 3406 4421 est
3430 4366 3498 4421 ab
3524 4366 3674 4421 initio

2097 4450 2292 4506 bonum
2325 4468 2430 4509 non
2457 4455 2672 4525 eligere;
2706 4456 2876 4525 majus
2896 4473 3025 4512 vero
3053 4459 3253 4514 crimen
3278 4500 3294 4524 ,
3320 4476 3422 4513 non
3454 4460 3671 4514 mutari.

2097 4546 2228 4600 Nam
2282 4547 2384 4602 hoc
2422 4550 2653 4605 maxime
2696 4551 2892 4604 multos
2923 4552 3193 4622 improbos
3222 4552 3385 4608 efficit
3412 4593 3428 4619 ,
3457 4554 3509 4608 id
3532 4554 3674 4623 quod

2094 4638 2199 4707 jam
2231 4639 2283 4693 in
2317 4641 2496 4695 multis
2516 4641 2672 4695 video
2696 4684 2710 4709 ,
2736 4642 2804 4698 ob
2830 4650 3123 4697 extremam
3150 4644 3517 4699 stoliditatem.
3565 4645 3673 4699 Sed

2097 4747 2253 4787 nemo
2280 4733 2397 4787 talis
2427 4736 2515 4798 sit,
2547 4750 2643 4787 oro
2676 4753 2689 4789 :
2722 4750 2906 4789 verum
2934 4736 3141 4789 etiamsi
3169 4737 3219 4789 in
3251 4745 3546 4791 extremum
3575 4752 3672 4789 ne-

2096 4826 2276 4894 quitia:
2304 4826 2481 4895 lapsus
2507 4828 2608 4890 sit,
2638 4842 2704 4881 ne
2729 4827 2975 4896 desperet
3001 4827 3068 4882 de
3099 4829 3487 4897 resipiscentia;
3520 4828 3674 4883 facile

2095 4916 2289 4986 quippe
2312 4926 2393 4970 est
2427 4932 2490 4971 ex
2522 4918 2781 4985 profundo
2810 4917 3163 4986 improbitatis
3190 4933 3483 4988 emergere.

2169 5007 2396 5061 Historia
2434 5022 2705 5063 meretricis
2752 5009 3020 5079 cujusdam
3072 5026 3183 5079 quae
3258 5021 3451 5064 mutata
3504 5020 3675 5081 postea

2094 5110 2321 5154 sanctam
2351 5100 2504 5152 vitam
2527 5100 2766 5153 duxit.-—
2783 5102 2973 5155 Annon
2996 5101 3219 5156 audistis
3246 5102 3514 5171 quomodo
3561 5116 3675 5155 me-

2096 5192 2260 5246 retrix
2315 5191 2403 5245 illa
2435 5232 2450 5254 ,
2479 5207 2597 5260 qua:
2641 5192 2854 5245 lascivia
2900 5206 3086 5247 omnes
3129 5192 3415 5263 superabat
3446 5234 3460 5255 ,
3486 5206 3675 5247 omnes

2096 5293 2276 5351 postea
2300 5284 2493 5354 pietate
2523 5284 2686 5338 vicit?
2708 5282 2821 5337 Non
2849 5283 2915 5339 de
2936 5286 3023 5339 illa
3045 5286 3234 5354 loquor
3252 5302 3371 5355 qua:
3416 5286 3469 5339 in
3502 5302 3669 5340 evan-

2091 5374 2243 5436 geliis
2273 5374 2467 5439 fertur;
2515 5375 2607 5429 sed
2635 5375 2701 5429 de
2729 5376 2815 5429 illa
2857 5392 2976 5445 quae
3019 5387 3200 5431 nostro
3245 5393 3361 5431 aevo
3406 5393 3473 5431 ex
3508 5377 3667 5431 Plue-

2093 5471 2245 5522 inciaa
2297 5470 2511 5524 civitate
2554 5470 2791 5523 omnium
2820 5471 3138 5539 nequissima
3162 5470 3278 5523 fuit.
3327 5470 3450 5523 llrec
3473 5471 3669 5538 quippe

2095 5563 2345 5617 meretrix
2385 5561 2527 5631 apud
2554 5577 2653 5616 nos
2676 5572 2791 5617 erat
2816 5604 2831 5628 ,
2861 5563 3165 5631 primasque
3218 5561 3268 5614 in
3314 5575 3472 5615 scena
3518 5570 3669 5614 tene-

2094 5656 2181 5708 bat
2210 5695 2223 5717 ,
2260 5655 2411 5721 cujus
2449 5670 2642 5708 nomen
2672 5655 2864 5722 ubique
2893 5653 3261 5707 celebrabatur
3292 5691 3308 5715 ,
3339 5666 3435 5705 nec
3479 5652 3528 5704 in
3571 5666 3666 5705 no-

2094 5758 2202 5801 stra
2248 5748 2377 5799 urbe
2423 5756 2658 5811 tantum,
2694 5744 2788 5799 sed
2820 5759 2985 5813 usque
3026 5742 3091 5796 ad
3135 5742 3328 5796 Cilicas
3359 5751 3414 5795 et
3455 5743 3662 5811 Cappa-

2099 5841 2273 5895 docas.
2320 5839 2706 5909 Mallorumque
2737 5854 2864 5908 opes
2893 5837 3135 5894 exhausit
3164 5878 3177 5902 ,
3209 5835 3435 5907 pupillos
3474 5835 3670 5890 inultus
