4140 6376
454 349 519 404 57
1337 335 1402 391 IN
1439 328 1842 388 MATTIIJEU.“
1886 328 2022 382 Iitilil

2155 331 2358 387 LXVII.
2401 335 2471 388 al.
2512 335 2742 392 LXVIII.

418 465 560 535 cepit
590 464 604 494 ¹
638 481 651 516 :
695 457 905 530 plurimi
945 470 1074 513 vero
1108 468 1226 509 eam
1275 451 1528 506 maleIicis
1557 450 1632 504 uti
1675 447 1878 502 artibus
1922 445 2005 500 di-

419 558 629 617 cebant,
663 569 763 608 nec
795 551 1039 622 corporis
1071 547 1239 602 forma
1274 554 1498 608 tantum,
1524 543 1616 598 sed
1644 557 1710 598 ex
1734 540 2007 596 veneficiis

421 649 556 703 retia
582 644 922 716 expandisse.
971 642 1095 696 Haec
1136 638 1491 710 imperatrieis
1533 650 1745 706 quoque
1783 632 2005 687 fratrem

424 737 668 793 irrctivit.
714 735 846 788 Nam
887 733 1050 786 multa
1094 731 1143 784 vi
1174 727 1471 801 tyrannidis
1499 726 1748 796 pollebat.
1783 723 1888 778 Sed
1916 737 2003 776 re-

423 839 583 902 pente
632 827 813 883 nescio
863 823 1171 895 quomodo,
1213 822 1321 875 imo
1359 820 1522 889 probe
1584 818 1699 873 scio
1735 814 2005 885 quomodo

422 929 616 992 sponte
647 927 868 982 mutata,
897 915 1124 986 gratiam
1169 913 1264 967 Dei
1313 911 1415 965 sibi
1464 908 1757 963 concilians
1783 948 1797 971 ,
1827 906 2006 959 omnia

427 1015 515 1070 illa
544 1013 766 1083 sprevit,
791 1025 854 1065 ac
879 1007 1128 1079 projectis
1149 1003 1424 1060 diabolicis
1467 999 1730 1056 illecebris
1759 1040 1774 1063 ,
1807 997 1871 1051 ad
1898 1012 2008 1052 cm-

425 1109 532 1162 lum
563 1105 814 1161 accurrit.
839 1103 1169 1170 Quamquam
1199 1097 1331 1152 nihil
1363 1096 1447 1150 illa
1476 1095 1684 1164 turpius
1701 1101 1813 1147 erat
1840 1133 1855 1154 ,
1885 1104 2005 1143 cum

426 1201 477 1254 in
502 1213 660 1254 scena
701 1201 1074 1264 compareret:
1121 1200 1354 1244 attamen
1399 1187 1592 1240 multas
1621 1193 1801 1254 postea
1843 1183 2008 1236 casti-

427 1303 534 1346 tate
563 1289 875 1359 superavit,
926 1286 1204 1354 cilicioque
1249 1282 1432 1336 induta
1477 1295 1636 1332 omne
1683 1277 2010 1359 transigebat

426 1397 654 1452 tempus.
688 1381 856 1448 Ilujus
883 1375 1196 1433 revocanda:
1220 1387 1380 1428 causa
1411 1371 1694 1440 pnefectus
1720 1384 1750 1422 a
1785 1367 2008 1437 quibus-

425 1475 546 1530 dam
577 1474 872 1530 concitatus
897 1478 978 1526 est
1000 1509 1016 1536 ,
1059 1467 1257 1522 milites
1285 1463 1472 1519 armati
1505 1461 1571 1515 ad
1615 1474 1828 1514 scenam
1864 1459 2007 1512 illam

427 1568 717 1624 transferre
747 1581 851 1620 non
887 1569 1196 1634 potuerunt,
1237 1572 1410 1627 neque
1435 1571 1499 1610 ex
1528 1564 1670 1609 cmtu
1699 1552 1958 1622 virginum
1990 1594 2006 1619 ,

422 1676 546 1731 qua:
589 1659 733 1712 illam
779 1661 1091 1723 receperant
1120 1693 1134 1715 ,
1164 1650 1415 1703 educere.
1444 1646 1569 1700 Haec
1595 1645 1765 1699 sacris
1793 1643 2008 1713 dignata

429 1753 730 1824 mysteriis,
760 1765 880 1803 cum
919 1754 1138 1815 aCCt‘pIa
1176 1742 1345 1814 gratia
1393 1741 1610 1810 dignmn
1653 1739 1860 1792 virtutis
1898 1749 2012 1792 stu-

427 1847 574 1902 dium
616 1843 964 1904 adhibuisset,
995 1840 1155 1894 vitam
1187 1835 1411 1898 clausit,
1441 1850 1561 1888 cum
1591 1844 1804 1902 peccata
1832 1832 2008 1885 omnia

431 1953 522 2007 per
549 1937 773 2006 gratiam
803 1933 1024 1986 cluisset
1055 1972 1070 1994 ,
1127 1937 1182 1984 et
1229 1936 1350 1998 post
1402 1925 1722 1994 baptismum
1765 1938 2009 1993 magnam

429 2029 759 2084 exhibuisset
812 2022 1223 2095 philosophiam.
1283 2020 1392 2074 Nec
1449 2033 1704 2087 umquam
1746 2025 2013 2070 amatores

430 2121 557 2175 olim
606 2134 730 2173 suos
768 2117 1084 2171 accedentes
1135 2113 1377 2182 aspicere
1408 2110 1594 2172 voluit,
1641 2123 1805 2178 seque
1841 2107 2010 2176 ipsam

433 2215 664 2277 inclusit,
697 2212 998 2279 multosque
1027 2223 1195 2261 annos
1236 2205 1384 2275 quasi
1411 2205 1461 2258 in
1493 2200 2010 2269 carceretransegit.

434 2308 524 2362 Sic
552 2315 697 2360 erunt
743 2303 999 2358 novissimi
1024 2301 1172 2370 primi
1205 2341 1220 2363 ,
1253 2309 1297 2352 et
1326 2297 1474 2368 primi
1504 2294 1758 2348 novissimi
1783 2293 1800 2364 (
1825 2292 2010 2344 Matth.

431 2403 522 2458 20.
555 2402 620 2457 16
647 2401 664 2471 )
697 2417 709 2452 :
739 2399 818 2454 sic
867 2397 1023 2452 nobis
1050 2395 1243 2464 ubique
1270 2391 1492 2446 ferventi
1519 2391 1700 2443 animo
1737 2403 1872 2457 opus
1907 2395 2009 2440 est.

432 2495 570 2550 Nihil
599 2491 1117 2562 impeditquominus
1135 2485 1306 2556 magni
1328 2482 1667 2540 etmirabiles
1693 2481 2000 2536 evadamus.

503 2590 558 2644 4.
599 2585 896 2655 Desperatio
976 2592 1024 2636 et
1099 2579 1424 2652 praesumptio
1497 2574 2016 2631 vitandaz.—Nemo

435 2681 594 2751 igitur
623 2679 676 2732 in
719 2676 952 2746 nequitia
994 2673 1194 2744 degens
1234 2671 1518 2738 desperet:
1552 2681 1712 2722 nemo
1753 2667 2008 2720 virtutem

435 2784 696 2826 exercens
721 2767 993 2832 dormitet,
1028 2778 1202 2834 neque
1235 2758 1330 2814 ille
1345 2760 1581 2816 confidat
1605 2761 1649 2812 '.
1685 2759 1841 2827 Smpe
1863 2774 2016 2811 nam-

435 2879 538 2932 que
563 2861 773 2915 eveniet
811 2868 869 2913 ut
910 2856 1162 2911 meretrix
1203 2854 1361 2908 illum
1404 2861 1722 2908 antevertat.
1757 2851 1854 2905 Ille
1892 2866 1990 2903 ver.

437 2973 504 3012 ne
529 2955 819 3025 desperet;
853 2950 1048 3021 poterit
1074 2949 1214 3002 enim
1243 2947 1403 3002 etiam
1442 2945 1644 3016 primos
1694 2943 2015 3012 prmcederc.

437 3049 575 3105 Audi
624 3045 748 3116 quid
793 3044 935 3099 dicat
991 3043 1126 3096 Deus
1155 3040 1524 3110 Jerosolymae.
1583 3036 1703 3091 Dixi
1755 3035 2038 3108 postquam‘

440 3143 694 3214 fornicata
721 3147 794 3193 est
836 3139 890 3192 in
919 3137 996 3190 his
1034 3135 1264 3190 omnibus
1287 3174 1303 3198 ,
1341 3132 1656 3197 Convertere,
1688 3140 1734 3184 et
1783 3146 2022 3183 conversa

441 3251 540 3291 non
569 3241 641 3287 est
669 3231 800 3302 (Jer.
834 3231 888 3286 '5.
917 3229 1010 3299 7).
1039 3227 1177 3282 Cum
1215 3225 1376 3295 igitur
1411 3223 1706 3278 ferventem
1744 3221 1838 3274 Dei
1868 3235 2020 3272 amo-

441 3341 553 3380 rem
580 3325 805 3386 adimus,
840 3336 949 3375 non
1000 3318 1315 3374 recordatur
1340 3316 1430 3370 ille
1460 3315 1718 3384 priorum.
1767 3312 1884 3367 Non
1941 3321 2024 3367 est

443 3417 578 3472 sicut
604 3415 765 3469 homo
806 3415 948 3468 Deus
974 3429 989 3476 ;
1022 3425 1195 3480 neque
1223 3410 1363 3464 enim
1389 3412 1661 3478 prmterita
1690 3405 1888 3474 probro
1911 3404 2021 3468 dat,

445 3524 617 3578 neque
640 3508 771 3562 dicit
799 3524 812 3560 :
844 3506 1020 3575 Quare
1043 3512 1189 3558 tanto
1215 3511 1454 3571 tempore
1498 3499 1749 3554 abfuisti?
1779 3498 1824 3552 si
1847 3507 2023 3552 tamen

445 3600 812 3671 pmnitentiam
855 3599 1162 3668 egerimus;
1213 3595 1307 3650 sed
1349 3593 1520 3664 diligit
1549 3607 1667 3658 nos,
1697 3607 1817 3646 cum
1854 3591 2024 3659 ipsum

447 3691 655 3745 adimus
688 3731 702 3754 ,
747 3689 875 3743 dum
909 3696 968 3742 ut
1020 3695 1233 3756 oportet
1261 3685 1595 3739 accedamus.
1629 3684 1733 3752 Ipsi
1759 3699 1886 3752 ergo
1930 3682 2026 3736 ad-

448 3783 661 3838 modum
693 3782 992 3837 baareamus
1020 3822 1035 3846 ,
1062 3790 1115 3833 et
1139 3778 1466 3848 eonfigamus
1497 3777 1690 3830 timore
1727 3776 1843 3844 ejus
1868 3775 2027 3828 corda

451 3872 886 3943 nostra'(Psal.
919 3871 1041 3926 118.
1091 3869 1196 3924 120
1216 3869 1258 3936 ).
1308 3869 1417 3922 Res
1465 3867 1772 3937 huiusmodi
1824 3881 1930 3920 non
1978 3867 2030 3919 in

452 3981 589 4020 nova
645 3965 818 4018 solum
866 3964 1022 4033 lege,
1072 3961 1165 4016 scd
1219 3971 1271 4016 et
1324 3961 1375 4014 iu
1431 3960 1600 4014 veteri
1658 3959 2030 4014 observantur.

452 4061 589 4130 Quid
617 4061 756 4116 enim
800 4059 1042 4113 Manasse
1066 4057 1302 4111 deterius
1327 4056 1350 4110 ?
1379 4055 1483 4110 Sed
1517 4055 1688 4125 potuit
1726 4055 1891 4110 Deum
1919 4053 2034 4124 pla-

454 4169 577 4209 care
608 4153 694 4225 (4.
719 4152 840 4223 Reg.
865 4150 1006 4221 2|)?
1035 4150 1168 4218 Quid
1194 4148 1475 4202 Salomone
1502 4146 1748 4200 beatius?
1777 4145 1884 4201 Sed
1911 4145 2038 4199 dor-

457 4248 651 4302 mitans
697 4245 889 4300 cecidit
917 4243 1004 4316 (5.
1040 4242 1165 4313 Reg.
1195 4243 1282 4295 ll.
1316 4239 1405 4314 4).
1439 4239 1550 4292 1ιιιο
1580 4239 1698 4293 haec
1725 4237 1882 4293 ambo
1910 4253 2035 4307 pos-

456 4355 573 4394 sum
605 4339 658 4393 in
688 4353 796 4392 uno
838 4335 1122 4392 ostendere
1148 4377 1162 4399 ,
1199 4336 1250 4388 in
1280 4335 1398 4402 ejus
1431 4334 1633 4387 scilicet
1679 4341 1866 4403 patre:
1914 4347 2036 4386 nam

460 4431 549 4484 ille
569 4438 624 4484 et
651 4428 848 4498 probus
882 4437 938 4482 et
977 4426 1249 4494 improbus
1278 4423 1396 4478 fuit.
1433 4424 1569 4490 Quid
1601 4424 1735 4479 Inda
1770 4425 1986 4480 beatius
2013 4425 2036 4478 ?

459 4523 566 4578 Sed
598 4522 695 4576 fuit
734 4521 994 4592 proditor.
1039 4519 1176 4588 Quid
1219 4519 1382 4574 Paulo
1441 4519 1737 4573 miserius?
1788 4517 1896 4573 Sed
1943 4517 2041 4572 fuit

459 4614 756 4687 apostolus.
803 4612 938 4681 Quid
984 4612 1234 4666 Matthazo
1281 4610 1481 4681 pejus?
1515 4611 1620 4666 Sed
1666 4610 1766 4665 fuit
1815 4625 2042 4680 evange-

459 4709 604 4762 lista.
655 4705 792 4774 Quid
827 4706 1046 4760 Simone
1100 4704 1455 4758 laudabilius?
1499 4704 1606 4759 Sed
1659 4703 1754 4758 fttit
1805 4705 2042 4758 omnium

463 4800 816 4854 miserrimus.
876 4798 1017 4864 Quot
1069 4796 1269 4851 similes
1310 4797 1668 4860 mutationes,
1713 4807 1766 4850 et
1811 4797 1937 4851 olim
1991 4810 2046 4852 et

465 4909 607 4950 nunc
662 4892 903 4968 quotidie
972 4890 1139 4944 factas
1172 4931 1186 4954 ,
1235 4890 1420 4945 videre
1456 4892 1648 4960 potes?
1687 4891 2044 4958 Quamobrem

464 4987 606 5047 dico,
639 5001 739 5039 nec
769 4984 954 5038 histrio
976 4983 1246 5052 deSperet,
1278 4997 1377 5036 nec
1411 4983 1455 5036 is
1480 4983 1570 5052 qui
1605 4983 1654 5036 in
1687 4983 1911 5038 ecclesia
1957 4993 2049 5038 est

468 5079 720 5134 confidat.
765 5078 898 5132 Huic
932 5092 1161 5147 namque
1204 5076 1353 5131 dicit.
1385 5077 1484 5143 Qui
1529 5077 1723 5130 videtur
1769 5087 1923 5141 stare,
1969 5078 2048 5130 vi-

470 5174 582 5230 deat
603 5189 664 5227 ne
687 5172 837 5226 cadat
868 5169 945 5244 (I.
979 5170 1095 5224 Cor.
1122 5170 1209 5224 IO.
1243 5168 1325 5239 I2)
1354 5186 1368 5235 ;
1409 5169 1484 5223 illi
1532 5177 1710 5225 autem
1735 5211 1752 5236 ,
1786 5168 2051 5240 Numquid

431 5358 441 5383 '
530 5359 547 5390 ι
577 5356 730 5410 Alius.
757 5352 924 5405 Multos
950 5351 1167 5403 reddidit
1183 5349 1438 5414 ονρέαηοδ⁸

436 5475 444 5493 .
529 5439 760 5514 ’,μοι-ειη
777 5451 916 5488 nemo
940 5435 1159 5487 virtutem
1180 5447 1410 5485 exercens
1431 5431 1661 5499 conﬁdat,
1687 5433 1882 5484 omissis
1904 5435 2054 5484 inter-

436 5561 442 5567 _
470 5512 655 5566 ptsllts.

534 5589 554 5619 ³
576 5587 653 5635 sic
694 5584 822 5635 Editi
869 5591 921 5635 et
955 5583 1376 5642 atannscrijtornm
1412 5592 1525 5642 pars
1561 5580 1768 5628 maxima
1785 5593 1803 5642 7:
1830 5579 1910 5628 alii
1939 5592 2051 5642 pro,

474 5651 622 5699 corda
643 5655 823 5705 nostra,
846 5647 1034 5704 legunt,
1059 5639 1227 5694 carnes
1249 5639 1451 5705 nostras,
1471 5651 1526 5691 ut
1546 5643 1755 5691 habetur
1768 5641 1828 5705 fin
1852 5639 2052 5704 Psal‘mo,

476 5725 534 5758 «ιτ
549 5724 647 5772 quo
663 5704 864 5759 fortasSe
883 5708 1062 5759 librarii
1084 5706 1405 5777 Chrysostomi
1421 5704 1580 5754 locum
1604 5704 1870 5755 emendare
1887 5717 1946 5754 se
1969 5717 2055 5767 pu-

476 5779 652 5822 larunt.

3597 344 3706 401 (333

2115 452 2198 515 qui
2236 447 2372 501 cadit
2412 465 2512 502 non
2552 461 2776 521 resurget
2796 451 2926 522 (Jer.
2959 453 3012 508 8.
3040 452 3113 525 4)
3137 453 3449 518 iet,Manus
3469 461 3704 515 remissus

2115 552 2160 595 et
2195 559 2356 612 genua
2385 544 2571 597 debilia
2597 545 2828 600 roborate
2852 546 2870 616 (
2891 545 3019 600 lsui.
3039 549 3127 604 55.
3157 550 3248 619 '5).
3282 551 3358 604 Ac
3383 566 3569 605 rursus
3595 553 3700 617 his,

2124 631 2365 704 Vigilate;
2389 635 2495 690 illis
2522 652 2649 691 vero
2675 679 2689 698 ,
2720 638 2886 708 Surge
2918 681 2933 701 ,
2976 641 3060 710 qui
3083 639 3274 695 dormis
3301 683 3318 707 ,
3369 653 3414 696 et
3439 661 3648 714 rcsurge
3673 662 3706 698 α

2115 729 2327 782 mortuis
2349 729 2367 801 (
2388 728 2578 798 Ephes.
2611 731 2664 786 5.
2696 732 2823 801 14).
2847 732 2978 785 Nam
3010 732 3060 785 bi
3098 733 3150 787 id
3181 735 3322 803 quod
3352 734 3550 790 habent
3593 752 3711 791 ser-

2113 837 2240 876 vare
2269 821 2488 888 debent,
2520 823 2594 877 illi
2646 839 2777 878 vero
2821 824 2871 878 id
2925 827 3039 880 tieri
3091 827 3236 895 quod
3288 843 3394 882 non
3442 840 3568 883 sunt
3600 848 3614 893 ;
3651 815 3706 883 lii

2119 913 2404 967 sanitatem
2439 914 2741 979 custodire,
2767 917 2838 969 illi
2869 916 2937 970 ab
2958 917 3266 974 infirmitate
3292 920 3529 975 liberari.
3574 921 3710 976 Mul-

2120 1015 2230 1057 tum
2289 1004 2534 1060 laborant
2560 1009 2895 1076 :rgritutline,
2930 1009 3023 1063 sed
3071 1011 3221 1063 multi
3263 1013 3388 1080 mgri
3440 1013 3705 1068 valetudi-

2124 1112 2244 1148 nem
2288 1107 2608 1165 recuperarit
2631 1141 2645 1160 ,
2686 1110 2732 1152 et
2769 1100 2903 1153 bene
2945 1101 3209 1166 valentes,
3235 1104 3277 1156 si
3310 1105 3575 1174 negligant
3603 1147 3617 1167 ,
3651 1107 3704 1159 in

2121 1188 2364 1241 morbum
2405 1189 2663 1244 incidunt.
2705 1191 2811 1245 Illis
2846 1192 3022 1262 itaque
3064 1193 3234 1248 dicit:
3268 1193 3403 1248 Ecce
3444 1214 3597 1250 sanus
3629 1203 3709 1268 fa-

2115 1291 2225 1335 ctus
2253 1297 2304 1334 es
2324 1297 2343 1336 :
2372 1283 2479 1335 noli
2499 1283 2721 1352 amplius
2747 1300 2973 1353 peccare,
2997 1302 3058 1339 ne
3081 1286 3168 1340 tibi
3193 1289 3316 1357 quid
3341 1290 3561 1344 deterius
3581 1309 3705 1344 con-

2116 1373 2274 1441 tingat
2296 1373 2476 1444 (Joan.
2509 1374 2561 1430 5.
2587 1375 2699 1444 14);
2731 1377 2814 1430 his
2862 1393 3008 1440 vero,
3057 1378 3140 1434 Vis
3168 1397 3324 1434 sanus
3367 1383 3520 1450 ﬁeri?
3562 1383 3710 1439 Tolle

2116 1463 2383 1535 grabatum
2410 1476 2568 1529 tuum,
2587 1478 2635 1521 et
2664 1468 2790 1522 vade
2807 1470 2858 1523 in
2871 1469 3078 1523 domum
3109 1483 3247 1526 tuam
3274 1473 3293 1541 (
3303 1471 3438 1527 Ibid.
3469 1489 3517 1527 υ.
3549 1475 3601 1530 6.
3624 1477 3706 1536 8).

2117 1558 2307 1613 Gravis
2337 1561 2501 1625 enim,
2529 1561 2707 1630 gravis
2750 1573 2896 1618 certe
2942 1565 3202 1636 paralysis
3252 1577 3334 1621 est
3385 1577 3705 1636 peccatum;

2117 1655 2225 1706 imo
2254 1668 2358 1706 non
2390 1653 2653 1724 paralysis
2673 1664 2895 1721 tantum,
2927 1657 3018 1710 sed
3041 1658 3238 1727 aliquid
3269 1661 3504 1728 gravius.
3525 1660 3708 1728 Neque

2117 1746 2262 1800 enim
2293 1745 2380 1801 hic
2409 1747 2564 1801 bonis
2607 1749 2810 1802 tantum
2839 1750 3089 1818 'privatur
3121 1792 3135 1815 ,
3182 1753 3277 1806 sed
3335 1755 3390 1806 in
3442 1754 3706 1808 malorum

2116 1840 2372 1894 exercitio
2397 1850 2500 1895 est.
2532 1841 2778 1897 Attamen
2827 1843 2951 1897 licet
2979 1844 3047 1897 ita
3075 1843 3298 1899 affectus
3323 1847 3416 1909 sis,
3447 1846 3491 1900 si
3521 1847 3707 1900 volne-

2118 1931 2192 1984 ris
2240 1933 2510 2000 paululum
2571 1948 2911 2003 exsurgere,
2971 1937 3148 1990 omnia
3207 1937 3346 1992 mala
3405 1939 3704 1993 solvuntur.

2075 2063 2079 2066 ~
2118 2024 2337 2079 Etiamsi
2380 2027 2591 2096 triginta
2621 2038 2744 2082 octo
2768 2044 2937 2082 annos
2965 2028 3164 2085 habeas
3186 2072 3202 2095 ,
3231 2031 3275 2085 si
3305 2032 3588 2087 sanitatem
3618 2049 3705 2088 re-

2117 2130 2375 2184 cuperare
2414 2116 2631 2171 studeas
2663 2160 2678 2183 ,
2717 2119 2849 2172 nihil
2911 2121 3086 2173 obest.
3147 2120 3317 2175 Adest
3362 2122 3523 2176 etiam
3566 2139 3707 2178 nunc

2116 2207 2360 2263 Christus
2387 2219 2442 2265 et
2487 2210 2647 2275 dicit,
2691 2209 2836 2264 Tolle
2862 2212 3043 2265 lectum
3096 2221 3278 2266 tuum:
3329 2215 3490 2269 modo
3535 2215 3705 2274 velis;

2118 2317 2298 2372 surge,
2329 2317 2395 2381 ne
2437 2301 2726 2372 desperes:
2767 2303 3037 2359 hominem
3062 2319 3166 2358 non
3190 2305 3354 2360 babes
3374 2348 3388 2369 ,
3420 2307 3512 2360 sed
3545 2308 3709 2362 babes

2122 2394 2310 2449 Deum.
2335 2394 2451 2448 Non
2495 2393 2660 2450 babes
2688 2396 2858 2450 virum
2889 2397 2978 2466 qui
3007 2405 3057 2451 te
3086 2396 3137 2450 in
3169 2397 3426 2466 piscinam
3456 2399 3652 2468 injiciat
3690 2417 3706 2467 ;

2120 2486 2214 2540 sed
2246 2486 2409 2541 habes
2433 2502 2556 2541 eum
2586 2488 2674 2556 qui
2707 2503 2812 2541 non
2841 2487 2982 2542 sinat
3017 2498 3069 2543 te
3095 2504 3230 2559 opus
3261 2489 3460 2546 habere
3483 2492 3707 2560 piscina.

2121 2577 2234 2632 Non
2265 2577 2430 2633 habes
2449 2577 2536 2647 qui
2571 2588 2622 2633 te
2653 2579 2746 2633 illo
2779 2579 3058 2649 conjiciat,
3083 2580 3176 2634 sed
3210 2581 3375 2635 babes
3405 2583 3493 2650 qui
3520 2583 3706 2652 jubeat

2124 2671 2309 2725 tollere
2339 2671 2534 2724 lectum
2561 2680 2731 2724 tuum.
2772 2670 2888 2724 Non
2924 2672 3048 2725 licet
3073 2672 3277 2728 diceret
3307 2715 3324 2740 ,
3354 2672 3489 2726 Dum
3509 2691 3599 2746 ego
3629 2692 3712 2728 ve-

2123 2765 2228 2823 nio,
2256 2764 2388 2817 alius
2419 2774 2536 2818 ante
2573 2781 2653 2818 me
2683 2764 2938 2820 descendit
2964 2762 3124 2838 (Ibid.
3158 2782 3206 2819 υ.
3241 2767 3318 2835 '7).
3351 2767 3406 2822 Si
3450 2767 3591 2822 enim
3622 2785 3713 2822 ve-

2124 2857 2188 2910 lis
2216 2857 2267 2911 in
2297 2857 2494 2911 fontem
2524 2857 2872 2926 descendere,
2901 2873 3059 2913 nemo
3091 2859 3364 2929 impediet.
3393 2861 3572 2916 Gratia
3605 2878 3710 2916 non

2125 2951 2479 3015 consumitur,
2527 2967 2632 3004 non
2665 2950 2989 3019 impenditur
3019 2970 3031 3005 :
3077 2951 3196 3004 fons
3226 2953 3440 3023 quidam
3468 2965 3549 3008 est
3575 2970 3717 3009 sem-

2129 3059 2221 3108 per
2243 3044 2573 3107 scaturiens,
2604 3061 2668 3098 ex
2700 3045 3034 3115 plenitudine
3063 3045 3181 3113 ejus
3216 3062 3404 3102 omnes
3440 3063 3712 3112 sanamur,

2127 3144 2180 3187 ct
2209 3135 2501 3189 secundum
2531 3136 2762 3189 animam
2810 3145 2864 3190 et
2908 3137 3203 3190 secundum
3233 3151 3451 3206 corpus.
3481 3138 3718 3192 Acceda-

2129 3243 2246 3280 mus
2273 3227 2432 3295 igitur
2458 3229 2616 3282 etiam
2647 3243 2808 3282 nunc.
2841 3227 2972 3282 Nam
2997 3228 3144 3284 Raab
3179 3231 3434 3285 meretrix
3459 3241 3595 3295 erat,
3621 3233 3717 3286 sed

2129 3329 2337 3374 servata
2365 3331 2479 3387 est;
2509 3322 2647 3376 latro
2689 3321 2957 3376 homicida
3001 3331 3137 3390 erat,
3186 3323 3278 3376 sed
3320 3323 3550 3392 paradisi
3585 3324 3721 3379 civis

2130 3412 2352 3468 effectus
2373 3423 2455 3468 est
2481 3431 2494 3467 :
2519 3424 2572 3469 et
2600 3413 2784 3480 Judas,
2815 3414 2904 3484 qui
2930 3429 3051 3468 cum
3074 3415 3330 3485 magistro
3357 3425 3496 3481 erat,
3525 3416 3678 3484 periit
3703 3433 3718 3479 ;

2134 3504 2268 3558 latro
2295 3513 2474 3559 autem
2504 3546 2519 3568 ,
2557 3506 2609 3558 in
2640 3521 2798 3561 cruce
2831 3522 2951 3560 cum
2984 3516 3167 3570 esset,
3215 3506 3511 3576 discipulus
3550 3505 3724 3560 factus

2131 3605 2232 3649 est.
2282 3595 2408 3651 lbec
2435 3597 2528 3652 Dei
2575 3597 2840 3651 mirabilia
2863 3607 3007 3652 sunt.
3053 3596 3142 3652 Sic
3191 3598 3329 3667 magi
3367 3598 3722 3668 acceptabiles

2137 3688 2388 3753 fuerunt;
2435 3690 2514 3744 sic
2557 3690 2874 3762 publicanus
2913 3690 3238 3761 evangelista
3286 3690 3456 3745 factus
3494 3701 3617 3757 est;
3646 3691 3727 3746 sic

2134 3781 2480 3848 blasphemus
2503 3780 2604 3836 fuit
2631 3782 2925 3853 apostolus.

2207 3908 2262 3963 5.
2309 3908 2527 3963 Moralis
2555 3910 2843 3964 exhortatio
2867 3910 2935 3964 ad
2974 3909 3168 3965 labores
3194 3910 3310 3965 vita?
3337 3909 3581 3980 patienter
3610 3911 3728 3964 tole-

2136 4002 2344 4057 randos.
2374 4033 2446 4042 --
2466 4003 2592 4060 Haec
2617 4005 2899 4072 eonspice,
2926 4012 2983 4059 et
3010 4019 3298 4073 numquam
3326 4004 3602 4072 desperes,
3631 4005 3725 4058 sed

2139 4110 2352 4164 semper
2370 4094 2602 4161 confide,
2634 4104 2691 4152 et
2712 4097 2890 4151 excita
2916 4097 3168 4166 teipsum.
3193 4097 3346 4152 Viam
3373 4097 3547 4152 solum
3574 4097 3729 4164 inito,

2141 4204 2261 4257 quae
2290 4187 2380 4241 illo
2400 4187 2565 4254 ducit,
2589 4196 2645 4243 et
2663 4188 2914 4243 celeriter
2942 4188 3157 4244 incede.
3183 4189 3261 4244 Ne
3275 4188 3494 4243 claudas
3514 4187 3727 4259 jannas,

2144 4297 2210 4337 ne
2236 4283 2534 4352 ingressum
2581 4281 2846 4352 obsepias.
2876 4283 3046 4338 Breve
3067 4291 3150 4338 est
3196 4297 3434 4352 praesens
3482 4290 3728 4351 tempus,

2146 4391 2340 4446 parvus
2361 4376 2530 4431 labor.
2572 4376 2794 4430 Etiamsi
2831 4391 3055 4447 magnus
3079 4385 3226 4432 esset
3256 4420 3272 4443 ,
3302 4392 3372 4431 ne
3395 4378 3474 4431 sic
3502 4375 3728 4445 quidem

2146 4466 2436 4538 desperare
2491 4475 2787 4536 oporteret.
2833 4467 3056 4522 Etiamsi
3095 4469 3237 4524 enim
3269 4484 3411 4523 nunc
3438 4466 3734 4538 pulcherri-

2151 4578 2294 4615 mum
2319 4561 2576 4627 laborem,
2623 4576 2782 4630 quem
2813 4561 3125 4629 pcenitentia
3171 4570 3226 4616 et
3265 4562 3436 4616 virtus
3480 4559 3728 4621 afferunt,

2148 4669 2256 4709 non
2284 4653 2564 4722 suscipias,
2597 4653 2648 4706 in
2678 4652 2878 4706 mundo
2905 4662 3052 4707 certe
3073 4651 3342 4706 laborabis
3367 4661 3422 4706 et
3444 4651 3551 4706 alio
3576 4650 3738 4705 modo

2149 4746 2386 4801 sudabis.
2409 4745 2560 4812 Quod
2587 4744 2632 4798 si
2665 4755 2720 4799 et
2746 4743 2833 4798 hic
2877 4752 2932 4799 et
2964 4743 3076 4798 illic
3114 4743 3264 4798 labor
3311 4755 3394 4798 est
3417 4784 3434 4809 ,
3480 4759 3577 4798 cur
3626 4760 3735 4797 non

2152 4839 2296 4894 hunc
2335 4837 2574 4892 laborem
2609 4837 2931 4906 suscipimus
2962 4875 2978 4900 ,
3026 4836 3115 4905 qui
3162 4837 3388 4890 multum
3431 4835 3587 4890 affert
3629 4835 3740 4889 fru-

2151 4938 2294 4984 ctum
2324 4936 2381 4982 et
2416 4941 2664 4998 magnam
2711 4925 3015 4981 mercedem
3041 4927 3064 4980 ?
3092 4924 3427 4995 Quamquam
3460 4941 3565 4980 non
3597 4926 3738 4980 idem

2155 5019 2241 5074 hic
2293 5018 2445 5075 labor
2481 5020 2572 5088 qui
2606 5017 2738 5073 illic.
2768 5017 2826 5071 In
2867 5017 3212 5072 smcularibns
3256 5017 3398 5071 enim
3435 5015 3735 5085 frequentia

2153 5113 2412 5183 pericula,
2440 5112 2632 5168 damna
2679 5111 2781 5166 sibi
2821 5120 3006 5166 mutuo
3048 5110 3391 5165 succedentia
3422 5151 3438 5178 ,
3485 5124 3610 5179 spes
3664 5112 3746 5163 ir-

2154 5218 2322 5270 certa,
2347 5206 2576 5261 servitus
2629 5205 2819 5271 multa,
2855 5205 3200 5274 pecuniarum
3234 5245 3250 5270 ,
3300 5218 3585 5273 corporum
3619 5243 3636 5270 ,
3691 5213 3744 5256 et

2155 5298 2349 5353 anima:
2375 5297 2674 5368 dispendia,
2702 5306 2758 5352 et
2795 5297 3063 5352 fructuum
3115 5306 3407 5367 proventus
3457 5311 3552 5366 spe
3586 5285 3747 5366 uage

2158 5393 2415 5457 minores,
2449 5392 2494 5446 si
2521 5399 2697 5446 tamen
2726 5391 2943 5446 veniant
2979 5409 2994 5446 :
3027 5405 3198 5461 neque
3222 5393 3365 5445 enim
3406 5390 3742 5444 saecularium

2157 5498 2336 5539 rerum
2365 5483 2590 5538 sudores
2634 5482 2864 5538 fructum
2913 5498 3127 5553 semper
3152 5483 3403 5538 afferunt.
3454 5482 3732 5538 Verumta-

2160 5593 2282 5632 men
2310 5578 2410 5632 etsi
2441 5592 2547 5632 non
2583 5577 2832 5632 excidant
2857 5619 2872 5643 ,
2907 5578 3114 5633 etiamsi
3147 5579 3370 5632 multum
3425 5587 3742 5647 proventum

2161 5669 2420 5737 afferant,
2472 5670 2683 5726 modico
2714 5680 2956 5740 tempore
3002 5680 3241 5725 manent.
3275 5670 3409 5726 Cum
3463 5671 3606 5724 enim
3653 5685 3740 5724 se-

2167 5762 2369 5830 nueris,
2392 5776 2491 5818 nec
2518 5763 2690 5834 possis
2713 5761 2779 5818 iis
2824 5777 2922 5833 pro
2961 5771 3085 5818 voto
3114 5761 3237 5830 frui,
3269 5772 3393 5820 tunc
3439 5762 3743 5819 mercedem
