  <div class='ocr_page' id='page_1' title='image "/cluster/home/n/w/nwhite01/storage/ocr_20150623/58/nnc1.0046979956/179.png"; bbox 0 0 4140 6376; ppageno 0'>
   <div class='ocr_carea' id='block_1_1' title="bbox 470 322 3746 433">
    <p class='ocr_par' dir='ltr' id='par_1_1' title="bbox 470 322 3746 433">
     <span class='ocr_line' id='line_1_1' title="bbox 470 322 3746 433; baseline 0.017 -58"><span class='ocrx_word' id='word_1_1' title='bbox 470 322 573 376; x_wconf 79' lang='lat'><strong>639</strong></span> <span class='ocrx_word' id='word_1_2' title='bbox 1213 328 1271 388; x_wconf 82' lang='lat'><strong>8.</strong></span> <span class='ocrx_word' id='word_1_3' title='bbox 1309 332 1587 393; x_wconf 75' lang='lat' dir='ltr'><strong>JOANNIS</strong></span> <span class='ocrx_word' id='word_1_4' title='bbox 1625 336 2096 398; x_wconf 77' lang='lat' dir='ltr'><strong>CIIRYSOSTOMI</strong></span> <span class='ocrx_word' id='word_1_5' title='bbox 2138 346 2449 407; x_wconf 83' lang='lat' dir='ltr'><strong>ARClIlEP.</strong></span> <span class='ocrx_word' id='word_1_6' title='bbox 2494 353 3018 422; x_wconf 55' lang='lat' dir='ltr'><strong>CONSTAN&#39;I‘INOP.</strong></span> <span class='ocrx_word' id='word_1_7' title='bbox 3644 381 3746 433; x_wconf 75' lang='lat' dir='ltr'><strong>(illi</strong></span> 
     </span>
    </p>
   </div>
   <div class='ocr_carea' id='block_1_2' title="bbox 470 434 2061 520">
    <p class='ocr_par' dir='ltr' id='par_1_2' title="bbox 470 434 2061 520">
     <span class='ocr_line' id='line_1_2' title="bbox 470 434 2061 520; baseline 0.018 -39"><span class='ocrx_word' id='word_1_8' title='bbox 470 436 707 486; x_wconf 65' lang='lat' dir='ltr'><strong>Iuliorum</strong></span> <span class='ocrx_word' id='word_1_9' title='bbox 750 434 978 504; x_wconf 83' lang='lat' dir='ltr'><strong>recipies</strong></span> <span class='ocrx_word' id='word_1_10' title='bbox 1009 438 1048 495; x_wconf 76' lang='grc'>⁸.</span> <span class='ocrx_word' id='word_1_11' title='bbox 1101 437 1189 494; x_wconf 86' lang='lat' dir='ltr'><strong>Sic</strong></span> <span class='ocrx_word' id='word_1_12' title='bbox 1218 442 1370 497; x_wconf 83' lang='lat' dir='ltr'><strong>labor</strong></span> <span class='ocrx_word' id='word_1_13' title='bbox 1425 446 1633 515; x_wconf 86' lang='lat' dir='ltr'><strong>vigente</strong></span> <span class='ocrx_word' id='word_1_14' title='bbox 1676 465 1901 520; x_wconf 87' lang='lat' dir='ltr'><strong>corpore</strong></span> <span class='ocrx_word' id='word_1_15' title='bbox 1943 467 2061 509; x_wconf 88' lang='lat' dir='ltr'><strong>sus-</strong></span> 
     </span>
    </p>
   </div>
   <div class='ocr_carea' id='block_1_3' title="bbox 466 527 2050 618">
    <p class='ocr_par' dir='ltr' id='par_1_3' title="bbox 466 527 2050 618">
     <span class='ocr_line' id='line_1_3' title="bbox 466 527 2050 618; baseline 0.016 -42"><span class='ocrx_word' id='word_1_16' title='bbox 466 527 703 592; x_wconf 84' lang='lat' dir='ltr'><strong>cipitur:</strong></span> <span class='ocrx_word' id='word_1_17' title='bbox 755 528 961 585; x_wconf 81' lang='lat' dir='ltr'><strong>fructus</strong></span> <span class='ocrx_word' id='word_1_18' title='bbox 1010 540 1187 587; x_wconf 85' lang='lat' dir='ltr'><strong>autem</strong></span> <span class='ocrx_word' id='word_1_19' title='bbox 1235 545 1290 591; x_wconf 89' lang='lat' dir='ltr'><strong>et</strong></span> <span class='ocrx_word' id='word_1_20' title='bbox 1340 540 1623 609; x_wconf 74' lang='lat' dir='ltr'><strong>voluptas,</strong></span> <span class='ocrx_word' id='word_1_21' title='bbox 1663 558 1889 614; x_wconf 88' lang='lat' dir='ltr'><strong>corpore</strong></span> <span class='ocrx_word' id='word_1_22' title='bbox 1940 546 2050 618; x_wconf 87' lang='lat' dir='ltr'><strong>jam</strong></span> 
     </span>
    </p>
   </div>
   <div class='ocr_carea' id='block_1_4' title="bbox 465 620 2052 702">
    <p class='ocr_par' dir='ltr' id='par_1_4' title="bbox 465 620 2052 702">
     <span class='ocr_line' id='line_1_4' title="bbox 465 620 2052 702; baseline 0.018 -34"><span class='ocrx_word' id='word_1_23' title='bbox 465 630 594 671; x_wconf 88' lang='lat' dir='ltr'><strong>sene</strong></span> <span class='ocrx_word' id='word_1_24' title='bbox 623 627 677 673; x_wconf 91' lang='lat' dir='ltr'><strong>et</strong></span> <span class='ocrx_word' id='word_1_25' title='bbox 702 620 878 675; x_wconf 91' lang='lat' dir='ltr'><strong>soluto</strong></span> <span class='ocrx_word' id='word_1_26' title='bbox 906 663 922 687; x_wconf 93' lang='lat'><strong>,</strong></span> <span class='ocrx_word' id='word_1_27' title='bbox 954 637 1075 678; x_wconf 93' lang='lat' dir='ltr'><strong>cum</strong></span> <span class='ocrx_word' id='word_1_28' title='bbox 1115 639 1333 683; x_wconf 89' lang='lat' dir='ltr'><strong>sensum</strong></span> <span class='ocrx_word' id='word_1_29' title='bbox 1380 641 1585 702; x_wconf 92' lang='lat' dir='ltr'><strong>tempus</strong></span> <span class='ocrx_word' id='word_1_30' title='bbox 1612 636 1864 691; x_wconf 82' lang='lat' dir='ltr'><strong>exstinxit</strong></span> <span class='ocrx_word' id='word_1_31' title='bbox 1890 679 1905 701; x_wconf 89' lang='lat'><strong>,</strong></span> <span class='ocrx_word' id='word_1_32' title='bbox 1950 644 2052 696; x_wconf 88' lang='lat' dir='ltr'><strong>etsi</strong></span> 
     </span>
    </p>
   </div>
   <div class='ocr_carea' id='block_1_5' title="bbox 464 714 2052 791">
    <p class='ocr_par' dir='ltr' id='par_1_5' title="bbox 464 714 2052 791">
     <span class='ocr_line' id='line_1_5' title="bbox 464 714 2052 791; baseline 0.016 -32"><span class='ocrx_word' id='word_1_33' title='bbox 464 722 568 761; x_wconf 93' lang='lat' dir='ltr'><strong>non</strong></span> <span class='ocrx_word' id='word_1_34' title='bbox 590 723 809 777; x_wconf 90' lang='lat' dir='ltr'><strong>prorsus</strong></span> <span class='ocrx_word' id='word_1_35' title='bbox 832 714 1179 783; x_wconf 89' lang='lat' dir='ltr'><strong>exstinxerit,</strong></span> <span class='ocrx_word' id='word_1_36' title='bbox 1210 722 1396 775; x_wconf 90' lang='lat' dir='ltr'><strong>mortis</strong></span> <span class='ocrx_word' id='word_1_37' title='bbox 1421 737 1544 791; x_wconf 82' lang='lat' dir='ltr'><strong>spes</strong></span> <span class='ocrx_word' id='word_1_38' title='bbox 1565 741 1669 780; x_wconf 93' lang='lat' dir='ltr'><strong>non</strong></span> <span class='ocrx_word' id='word_1_39' title='bbox 1700 728 1825 781; x_wconf 87' lang='lat' dir='ltr'><strong>sinit</strong></span> <span class='ocrx_word' id='word_1_40' title='bbox 1848 729 2052 785; x_wconf 86' lang='lat' dir='ltr'><strong>deliciis</strong></span> 
     </span>
    </p>
   </div>
   <div class='ocr_carea' id='block_1_6' title="bbox 464 800 2047 883">
    <p class='ocr_par' dir='ltr' id='par_1_6' title="bbox 464 800 2047 883">
     <span class='ocr_line' id='line_1_6' title="bbox 464 800 2047 883; baseline 0.019 -32"><span class='ocrx_word' id='word_1_41' title='bbox 464 800 587 855; x_wconf 80' lang='lat' dir='ltr'><strong>frui.</strong></span> <span class='ocrx_word' id='word_1_42' title='bbox 615 802 726 858; x_wconf 92' lang='lat' dir='ltr'><strong>Illic</strong></span> <span class='ocrx_word' id='word_1_43' title='bbox 753 820 881 861; x_wconf 88' lang='lat' dir='ltr'><strong>vero</strong></span> <span class='ocrx_word' id='word_1_44' title='bbox 907 823 994 862; x_wconf 92' lang='lat' dir='ltr'><strong>res</strong></span> <span class='ocrx_word' id='word_1_45' title='bbox 1024 824 1131 865; x_wconf 92' lang='lat' dir='ltr'><strong>non</strong></span> <span class='ocrx_word' id='word_1_46' title='bbox 1163 812 1235 867; x_wconf 90' lang='lat' dir='ltr'><strong>ita</strong></span> <span class='ocrx_word' id='word_1_47' title='bbox 1270 829 1329 869; x_wconf 91' lang='lat' dir='ltr'><strong>se</strong></span> <span class='ocrx_word' id='word_1_48' title='bbox 1358 815 1552 883; x_wconf 90' lang='lat' dir='ltr'><strong>habet,</strong></span> <span class='ocrx_word' id='word_1_49' title='bbox 1586 820 1682 876; x_wconf 91' lang='lat' dir='ltr'><strong>sed</strong></span> <span class='ocrx_word' id='word_1_50' title='bbox 1711 821 1863 878; x_wconf 90' lang='lat' dir='ltr'><strong>labor</strong></span> <span class='ocrx_word' id='word_1_51' title='bbox 1888 835 1971 880; x_wconf 89' lang='lat' dir='ltr'><strong>est</strong></span> <span class='ocrx_word' id='word_1_52' title='bbox 1997 827 2047 880; x_wconf 92' lang='lat' dir='ltr'><strong>in</strong></span> 
     </span>
    </p>
   </div>
   <div class='ocr_carea' id='block_1_7' title="bbox 459 896 2047 976">
    <p class='ocr_par' dir='ltr' id='par_1_7' title="bbox 459 896 2047 976">
     <span class='ocr_line' id='line_1_7' title="bbox 459 896 2047 976; baseline 0.018 -33"><span class='ocrx_word' id='word_1_53' title='bbox 459 896 806 963; x_wconf 88' lang='lat' dir='ltr'><strong>corruptione</strong></span> <span class='ocrx_word' id='word_1_54' title='bbox 851 908 906 953; x_wconf 90' lang='lat' dir='ltr'><strong>et</strong></span> <span class='ocrx_word' id='word_1_55' title='bbox 932 899 984 954; x_wconf 94' lang='lat' dir='ltr'><strong>in</strong></span> <span class='ocrx_word' id='word_1_56' title='bbox 1020 904 1231 957; x_wconf 82' lang='lat' dir='ltr'><strong>mortali</strong></span> <span class='ocrx_word' id='word_1_57' title='bbox 1264 920 1531 976; x_wconf 88' lang='lat' dir='ltr'><strong>corpore;</strong></span> <span class='ocrx_word' id='word_1_58' title='bbox 1574 925 1772 968; x_wconf 87' lang='lat' dir='ltr'><strong>corona</strong></span> <span class='ocrx_word' id='word_1_59' title='bbox 1815 931 1944 971; x_wconf 87' lang='lat' dir='ltr'><strong>vero</strong></span> <span class='ocrx_word' id='word_1_60' title='bbox 1994 918 2047 972; x_wconf 92' lang='lat' dir='ltr'><strong>in</strong></span> 
     </span>
    </p>
   </div>
   <div class='ocr_carea' id='block_1_8' title="bbox 456 983 2031 1071">
    <p class='ocr_par' dir='ltr' id='par_1_8' title="bbox 456 983 2031 1071">
     <span class='ocr_line' id='line_1_8' title="bbox 456 983 2031 1071; baseline 0.023 -36"><span class='ocrx_word' id='word_1_61' title='bbox 456 983 707 1054; x_wconf 87' lang='lat' dir='ltr'><strong>integro,</strong></span> <span class='ocrx_word' id='word_1_62' title='bbox 765 990 1059 1048; x_wconf 91' lang='lat' dir='ltr'><strong>immortali</strong></span> <span class='ocrx_word' id='word_1_63' title='bbox 1110 1000 1171 1060; x_wconf 77' lang='lat'><strong>’,</strong></span> <span class='ocrx_word' id='word_1_64' title='bbox 1227 998 1387 1053; x_wconf 81' lang='lat' dir='ltr'><strong>liuent</strong></span> <span class='ocrx_word' id='word_1_65' title='bbox 1450 1019 1554 1057; x_wconf 88' lang='lat' dir='ltr'><strong>non</strong></span> <span class='ocrx_word' id='word_1_66' title='bbox 1614 1007 1865 1068; x_wconf 83' lang='lat' dir='ltr'><strong>habente.</strong></span> <span class='ocrx_word' id='word_1_67' title='bbox 1921 1013 2031 1071; x_wconf 88' lang='lat' dir='ltr'><strong>La-</strong></span> 
     </span>
    </p>
   </div>
   <div class='ocr_carea' id='block_1_9' title="bbox 453 1074 2031 1176">
    <p class='ocr_par' dir='ltr' id='par_1_9' title="bbox 453 1074 2031 1176">
     <span class='ocr_line' id='line_1_9' title="bbox 453 1074 2031 1176; baseline 0.023 -47"><span class='ocrx_word' id='word_1_68' title='bbox 453 1074 553 1130; x_wconf 84' lang='lat' dir='ltr'><strong>bor</strong></span> <span class='ocrx_word' id='word_1_69' title='bbox 580 1082 832 1147; x_wconf 59' lang='lat' dir='ltr'><strong>pra‘cedit</strong></span> <span class='ocrx_word' id='word_1_70' title='bbox 864 1096 916 1138; x_wconf 90' lang='lat' dir='ltr'><strong>et</strong></span> <span class='ocrx_word' id='word_1_71' title='bbox 944 1085 1122 1142; x_wconf 84' lang='lat' dir='ltr'><strong>brevis</strong></span> <span class='ocrx_word' id='word_1_72' title='bbox 1160 1100 1242 1145; x_wconf 92' lang='lat' dir='ltr'><strong>est</strong></span> <span class='ocrx_word' id='word_1_73' title='bbox 1269 1109 1282 1156; x_wconf 92' lang='lat'>;</span> <span class='ocrx_word' id='word_1_74' title='bbox 1323 1109 1529 1151; x_wconf 83' lang='lat' dir='ltr'><strong>merces</strong></span> <span class='ocrx_word' id='word_1_75' title='bbox 1573 1111 1751 1156; x_wconf 87' lang='lat' dir='ltr'><strong>autem</strong></span> <span class='ocrx_word' id='word_1_76' title='bbox 1784 1109 2031 1176; x_wconf 86' lang='lat' dir='ltr'><strong>sequitur</strong></span> 
     </span>
    </p>
   </div>
   <div class='ocr_carea' id='block_1_10' title="bbox 452 1167 2038 1261">
    <p class='ocr_par' dir='ltr' id='par_1_10' title="bbox 452 1167 2038 1261">
     <span class='ocr_line' id='line_1_10' title="bbox 452 1167 2038 1261; baseline 0.021 -46"><span class='ocrx_word' id='word_1_77' title='bbox 452 1174 506 1215; x_wconf 90' lang='lat' dir='ltr'><strong>et</strong></span> <span class='ocrx_word' id='word_1_78' title='bbox 532 1177 614 1217; x_wconf 87' lang='lat' dir='ltr'><strong>est</strong></span> <span class='ocrx_word' id='word_1_79' title='bbox 637 1167 917 1234; x_wconf 86' lang='lat' dir='ltr'><strong>immensa,</strong></span> <span class='ocrx_word' id='word_1_80' title='bbox 951 1181 1007 1226; x_wconf 94' lang='lat' dir='ltr'><strong>ut</strong></span> <span class='ocrx_word' id='word_1_81' title='bbox 1041 1188 1162 1228; x_wconf 89' lang='lat' dir='ltr'><strong>cum</strong></span> <span class='ocrx_word' id='word_1_82' title='bbox 1196 1177 1443 1236; x_wconf 90' lang='lat' dir='ltr'><strong>libertate</strong></span> <span class='ocrx_word' id='word_1_83' title='bbox 1490 1182 1706 1240; x_wconf 92' lang='lat' dir='ltr'><strong>demum</strong></span> <span class='ocrx_word' id='word_1_84' title='bbox 1759 1192 2038 1261; x_wconf 87' lang='lat' dir='ltr'><strong>quiescas,</strong></span> 
     </span>
    </p>
   </div>
   <div class='ocr_carea' id='block_1_11' title="bbox 453 1254 2040 1342">
    <p class='ocr_par' dir='ltr' id='par_1_11' title="bbox 453 1254 2040 1342">
     <span class='ocr_line' id='line_1_11' title="bbox 453 1254 2040 1342; baseline 0.021 -35"><span class='ocrx_word' id='word_1_85' title='bbox 453 1254 579 1308; x_wconf 86' lang='lat' dir='ltr'><strong>nihil</strong></span> <span class='ocrx_word' id='word_1_86' title='bbox 605 1269 926 1328; x_wconf 63' lang='lat' dir='ltr'><strong>exstiectans</strong></span> <span class='ocrx_word' id='word_1_87' title='bbox 954 1263 1323 1333; x_wconf 88' lang='lat' dir='ltr'><strong>injucundum.</strong></span> <span class='ocrx_word' id='word_1_88' title='bbox 1347 1272 1500 1328; x_wconf 90' lang='lat' dir='ltr'><strong>Nulla</strong></span> <span class='ocrx_word' id='word_1_89' title='bbox 1545 1278 1687 1332; x_wconf 91' lang='lat' dir='ltr'><strong>enim</strong></span> <span class='ocrx_word' id='word_1_90' title='bbox 1718 1280 1785 1334; x_wconf 90' lang='lat' dir='ltr'><strong>ibi</strong></span> <span class='ocrx_word' id='word_1_91' title='bbox 1816 1287 2040 1342; x_wconf 87' lang='lat' dir='ltr'><strong>mutatio</strong></span> 
     </span>
    </p>
   </div>
   <div class='ocr_carea' id='block_1_12' title="bbox 451 1350 2035 1440">
    <p class='ocr_par' dir='ltr' id='par_1_12' title="bbox 451 1350 2035 1440">
     <span class='ocr_line' id='line_1_12' title="bbox 451 1350 2035 1440; baseline 0.02 -39"><span class='ocrx_word' id='word_1_92' title='bbox 451 1350 684 1403; x_wconf 88' lang='lat' dir='ltr'><strong>timenda</strong></span> <span class='ocrx_word' id='word_1_93' title='bbox 706 1393 721 1416; x_wconf 92' lang='lat'><strong>,</strong></span> <span class='ocrx_word' id='word_1_94' title='bbox 751 1354 928 1409; x_wconf 92' lang='lat' dir='ltr'><strong>nullus</strong></span> <span class='ocrx_word' id='word_1_95' title='bbox 957 1372 1135 1425; x_wconf 91' lang='lat' dir='ltr'><strong>casus,</strong></span> <span class='ocrx_word' id='word_1_96' title='bbox 1162 1370 1218 1416; x_wconf 93' lang='lat' dir='ltr'><strong>ut</strong></span> <span class='ocrx_word' id='word_1_97' title='bbox 1246 1363 1297 1416; x_wconf 91' lang='lat' dir='ltr'><strong>in</strong></span> <span class='ocrx_word' id='word_1_98' title='bbox 1326 1364 1429 1420; x_wconf 89' lang='lat' dir='ltr'><strong>hoc</strong></span> <span class='ocrx_word' id='word_1_99' title='bbox 1457 1370 1676 1424; x_wconf 92' lang='lat' dir='ltr'><strong>mundo.</strong></span> <span class='ocrx_word' id='word_1_100' title='bbox 1706 1372 1889 1440; x_wconf 85' lang='lat' dir='ltr'><strong>Qualia</strong></span> <span class='ocrx_word' id='word_1_101' title='bbox 1936 1394 2035 1433; x_wconf 90' lang='lat' dir='ltr'><strong>au-</strong></span> 
     </span>
    </p>
   </div>
   <div class='ocr_carea' id='block_1_13' title="bbox 447 1444 2034 1540">
    <p class='ocr_par' dir='ltr' id='par_1_13' title="bbox 447 1444 2034 1540">
     <span class='ocr_line' id='line_1_13' title="bbox 447 1444 2034 1540; baseline 0.021 -47"><span class='ocrx_word' id='word_1_102' title='bbox 447 1446 551 1493; x_wconf 83' lang='lat' dir='ltr'><strong>tem</strong></span> <span class='ocrx_word' id='word_1_103' title='bbox 582 1452 708 1497; x_wconf 88' lang='lat' dir='ltr'><strong>sunt</strong></span> <span class='ocrx_word' id='word_1_104' title='bbox 738 1444 853 1500; x_wconf 70' lang='lat' dir='ltr'><strong>haec</strong></span> <span class='ocrx_word' id='word_1_105' title='bbox 874 1446 1035 1517; x_wconf 88' lang='lat' dir='ltr'><strong>bona,</strong></span> <span class='ocrx_word' id='word_1_106' title='bbox 1062 1466 1167 1506; x_wconf 93' lang='lat' dir='ltr'><strong>non</strong></span> <span class='ocrx_word' id='word_1_107' title='bbox 1198 1463 1305 1509; x_wconf 89' lang='lat' dir='ltr'><strong>tuta</strong></span> <span class='ocrx_word' id='word_1_108' title='bbox 1331 1498 1345 1521; x_wconf 93' lang='lat'><strong>,</strong></span> <span class='ocrx_word' id='word_1_109' title='bbox 1373 1458 1467 1513; x_wconf 89' lang='lat' dir='ltr'><strong>sed</strong></span> <span class='ocrx_word' id='word_1_110' title='bbox 1496 1460 1697 1531; x_wconf 86' lang='lat' dir='ltr'><strong>brevia,</strong></span> <span class='ocrx_word' id='word_1_111' title='bbox 1725 1466 1882 1534; x_wconf 91' lang='lat' dir='ltr'><strong>lutea,</strong></span> <span class='ocrx_word' id='word_1_112' title='bbox 1915 1487 2034 1540; x_wconf 49' lang='lat' dir='ltr'><strong>qua).</strong></span> 
     </span>
    </p>
   </div>
   <div class='ocr_carea' id='block_1_14' title="bbox 509 1576 2032 1664">
    <p class='ocr_par' dir='ltr' id='par_1_14' title="bbox 509 1576 2032 1664">
     <span class='ocr_line' id='line_1_14' title="bbox 509 1576 2032 1664; baseline 0.019 -42"><span class='ocrx_word' id='word_1_113' title='bbox 509 1576 523 1605; x_wconf 84' lang='grc'>¹</span> <span class='ocrx_word' id='word_1_114' title='bbox 552 1581 744 1627; x_wconf 72' lang='lat' dir='ltr'><strong>(Ii-meus</strong></span> <span class='ocrx_word' id='word_1_115' title='bbox 784 1586 952 1664; x_wconf 40' lang='lat' dir='ltr'><strong>textus</strong></span> <span class='ocrx_word' id='word_1_116' title='bbox 976 1586 1247 1635; x_wconf 86' lang='lat' dir='ltr'><strong>accuratius</strong></span> <span class='ocrx_word' id='word_1_117' title='bbox 1270 1589 1563 1642; x_wconf 86' lang='lat' dir='ltr'><strong>redderetur</strong></span> <span class='ocrx_word' id='word_1_118' title='bbox 1586 1595 1841 1664; x_wconf 86' lang='lat' dir='ltr'><strong>hoc_m_odo</strong></span> <span class='ocrx_word' id='word_1_119' title='bbox 1883 1617 1894 1651; x_wconf 96' lang='lat'>:</span> <span class='ocrx_word' id='word_1_120' title='bbox 1934 1612 2032 1664; x_wconf 81' lang='lat' dir='ltr'><strong>ouo</strong></span> 
     </span>
     <span class='ocr_line' id='line_1_15' title="bbox 509 1635 1447 1664; baseline 0 0"><span class='ocrx_word' id='word_1_121' title='bbox 509 1635 565 1664; x_wconf 73' lang='lat' dir='ltr'><strong>im</strong></span> <span class='ocrx_word' id='word_1_122' title='bbox 593 1644 798 1664; x_wconf 65' lang='grc' dir='ltr'><strong>ΙΔιὶιυιΛαοη</strong></span> <span class='ocrx_word' id='word_1_123' title='bbox 843 1641 874 1664; x_wconf 75' lang='grc' dir='ltr'><strong>ιι</strong></span> <span class='ocrx_word' id='word_1_124' title='bbox 905 1644 923 1664; x_wconf 79' lang='lat'><em>:</em></span> <span class='ocrx_word' id='word_1_125' title='bbox 945 1648 1200 1664; x_wconf 31' lang='lat' dir='ltr'><strong>-..u---l_.s</strong></span> <span class='ocrx_word' id='word_1_126' title='bbox 1226 1662 1232 1664; x_wconf 64' lang='grc'><strong>-</strong></span> <span class='ocrx_word' id='word_1_127' title='bbox 1260 1651 1293 1664; x_wconf 66' lang='grc' dir='ltr'><strong>-ι</strong></span> <span class='ocrx_word' id='word_1_128' title='bbox 1368 1661 1376 1664; x_wconf 86' lang='grc'><strong>-</strong></span> <span class='ocrx_word' id='word_1_129' title='bbox 1417 1653 1447 1664; x_wconf 90' lang='grc'>.-</span> 
     </span>
    </p>
   </div>
   <div class='ocr_carea' id='block_1_15' title="bbox 440 1635 2025 1729">
    <p class='ocr_par' dir='ltr' id='par_1_15' title="bbox 440 1635 2025 1729">
     <span class='ocr_line' id='line_1_16' title="bbox 1308 1635 1984 1654; baseline 0.028 -20"><span class='ocrx_word' id='word_1_130' title='bbox 1308 1635 1320 1637; x_wconf 49' lang='grc'><strong>-</strong></span> <span class='ocrx_word' id='word_1_131' title='bbox 1351 1635 1438 1639; x_wconf 65' lang='grc'><strong>--,--</strong></span> <span class='ocrx_word' id='word_1_132' title='bbox 1457 1635 1553 1642; x_wconf 61' lang='grc' dir='ltr'>ν-...</span> <span class='ocrx_word' id='word_1_133' title='bbox 1588 1635 1677 1646; x_wconf 81' lang='grc' dir='ltr'>..νυ</span> <span class='ocrx_word' id='word_1_134' title='bbox 1701 1635 1841 1649; x_wconf 79' lang='grc' dir='ltr'>ιυυυυ</span> <span class='ocrx_word' id='word_1_135' title='bbox 1883 1641 1893 1651; x_wconf 77' lang='grc' dir='ltr'>ι</span> <span class='ocrx_word' id='word_1_136' title='bbox 1954 1635 1984 1654; x_wconf 81' lang='lat' dir='ltr'><strong>ll</strong></span> 
     </span>
     <span class='ocr_line' id='line_1_17' title="bbox 440 1635 2025 1729; baseline 0.022 -47"><span class='ocrx_word' id='word_1_137' title='bbox 440 1635 566 1685; x_wconf 85' lang='lat' dir='ltr'><strong>enim</strong></span> <span class='ocrx_word' id='word_1_138' title='bbox 590 1644 816 1729; x_wconf 60' lang='lat'><strong>(80111058,</strong></span> <span class='ocrx_word' id='word_1_139' title='bbox 838 1641 931 1729; x_wconf 51' lang='lat' dir='ltr'><strong>ti&#39;bi‘</strong></span> <span class='ocrx_word' id='word_1_140' title='bbox 939 1648 1205 1718; x_wconf 79' lang='lat' dir='ltr'><strong>senescenti</strong></span> <span class='ocrx_word' id='word_1_141' title='bbox 1220 1651 1471 1726; x_wconf 73' lang='lat' dir='ltr'><strong>vpluptatis</strong></span> <span class='ocrx_word' id='word_1_142' title='bbox 1484 1669 1649 1710; x_wconf 80' lang='lat' dir='ltr'><strong>sensus</strong></span> <span class='ocrx_word' id='word_1_143' title='bbox 1671 1658 1914 1729; x_wconf 73' lang='lat' dir='ltr'><strong>hebetatus</strong></span> 
     </span>
     <span class='ocr_line' id='line_1_18' title="bbox 442 1701 1601 1729; baseline 0.022 -5"><span class='ocrx_word' id='word_1_144' title='bbox 442 1701 553 1729; x_wconf 63' lang='lat' dir='ltr'><strong>[unl-</strong></span> <span class='ocrx_word' id='word_1_145' title='bbox 577 1712 732 1729; x_wconf 62' lang='lat' dir='ltr'><strong>snnrrn</strong></span> <span class='ocrx_word' id='word_1_146' title='bbox 773 1716 844 1729; x_wconf 75' lang='lat' dir='ltr'><strong>nn-</strong></span> <span class='ocrx_word' id='word_1_147' title='bbox 887 1718 911 1729; x_wconf 73' lang='grc' dir='ltr'><strong>ι’·</strong></span> <span class='ocrx_word' id='word_1_148' title='bbox 932 1718 1081 1729; x_wconf 54' lang='grc' dir='ltr'><strong>ἰιι-ηαυ-</strong></span> <span class='ocrx_word' id='word_1_149' title='bbox 1108 1722 1281 1729; x_wconf 55' lang='grc' dir='ltr'><strong>··⁴“⁴-“⁴Α</strong></span> <span class='ocrx_word' id='word_1_150' title='bbox 1302 1726 1313 1729; x_wconf 50' lang='grc' dir='ltr'><strong>Α</strong></span> <span class='ocrx_word' id='word_1_151' title='bbox 1358 1720 1383 1729; x_wconf 80' lang='lat'><em>&quot;</em></span> <span class='ocrx_word' id='word_1_152' title='bbox 1519 1725 1526 1729; x_wconf 84' lang='grc'><strong><em>“</em></strong></span> <span class='ocrx_word' id='word_1_153' title='bbox 1598 1728 1601 1729; x_wconf 64' lang='grc'><strong><em>⁷</em></strong></span> 
     </span>
    </p>
   </div>
   <div class='ocr_carea' id='block_1_16' title="bbox 441 1701 2029 1787">
    <p class='ocr_par' dir='ltr' id='par_1_16' title="bbox 441 1701 2029 1787">
     <span class='ocr_line' id='line_1_19' title="bbox 441 1701 2029 1787; baseline 0.02 -43"><span class='ocrx_word' id='word_1_154' title='bbox 441 1701 553 1766; x_wconf 75' lang='lat' dir='ltr'><strong>tunc</strong></span> <span class='ocrx_word' id='word_1_155' title='bbox 576 1701 845 1787; x_wconf 53' lang='lat' dir='ltr'><strong>ttwrceqeitt</strong></span> <span class='ocrx_word' id='word_1_156' title='bbox 866 1702 1083 1776; x_wconf 67' lang='lat' dir='ltr'><strong>laborant</strong></span> <span class='ocrx_word' id='word_1_157' title='bbox 1107 1701 1391 1787; x_wconf 57' lang='lat' dir='ltr'><strong>refipis;_&#39;et</strong></span> <span class='ocrx_word' id='word_1_158' title='bbox 1422 1701 1576 1787; x_wconf 38' lang='lat' dir='ltr'><strong>juxta-</strong></span> <span class='ocrx_word' id='word_1_159' title='bbox 1598 1701 1758 1787; x_wconf 58' lang='lat' dir='ltr'><strong>aiore].</strong></span> <span class='ocrx_word' id='word_1_160' title='bbox 1790 1738 1803 1772; x_wconf 91' lang='lat'><em>:</em></span> <span class='ocrx_word' id='word_1_161' title='bbox 1834 1707 2029 1787; x_wconf 58' lang='lat' dir='ltr'><strong>Tempus</strong></span> 
     </span>
     <span class='ocr_line' id='line_1_20' title="bbox 446 1770 1302 1787; baseline 0.019 -7"><span class='ocrx_word' id='word_1_162' title='bbox 596 1772 686 1787; x_wconf 73' lang='lat'><strong>,..,,,</strong></span> <span class='ocrx_word' id='word_1_163' title='bbox 727 1776 741 1787; x_wconf 86' lang='lat'><strong>.</strong></span> <span class='ocrx_word' id='word_1_164' title='bbox 778 1778 790 1787; x_wconf 92' lang='lat'><strong>.</strong></span> <span class='ocrx_word' id='word_1_165' title='bbox 816 1775 1073 1787; x_wconf 37' lang='lat' dir='ltr'><strong>“una-.-</strong></span> <span class='ocrx_word' id='word_1_166' title='bbox 1176 1785 1184 1787; x_wconf 44' lang='grc' dir='ltr'>μ</span> <span class='ocrx_word' id='word_1_167' title='bbox 1226 1780 1252 1787; x_wconf 41' lang='grc' dir='ltr'>ν.</span> <span class='ocrx_word' id='word_1_168' title='bbox 1292 1782 1302 1787; x_wconf 90' lang='grc'><strong>-</strong></span> 
     </span>
    </p>
   </div>
   <div class='ocr_carea' id='block_1_17' title="bbox 444 1757 2027 1847">
    <p class='ocr_par' dir='ltr' id='par_1_17' title="bbox 444 1757 2027 1847">
     <span class='ocr_line' id='line_1_21' title="bbox 1190 1757 1986 1777; baseline 0.024 -19"><span class='ocrx_word' id='word_1_169' title='bbox 1190 1757 1199 1758; x_wconf 59' lang='grc'><strong>-</strong></span> <span class='ocrx_word' id='word_1_170' title='bbox 1221 1757 1276 1760; x_wconf 53' lang='grc'><strong>.--</strong></span> <span class='ocrx_word' id='word_1_171' title='bbox 1296 1757 1308 1769; x_wconf 78' lang='lat'>,</span> <span class='ocrx_word' id='word_1_172' title='bbox 1345 1757 1390 1763; x_wconf 76' lang='grc'><strong>--</strong></span> <span class='ocrx_word' id='word_1_173' title='bbox 1449 1757 1561 1766; x_wconf 72' lang='grc' dir='ltr'><strong>---ν-.</strong></span> <span class='ocrx_word' id='word_1_174' title='bbox 1598 1757 1679 1769; x_wconf 81' lang='grc' dir='ltr'>ι--νι</span> <span class='ocrx_word' id='word_1_175' title='bbox 1694 1757 1758 1772; x_wconf 69' lang='grc' dir='ltr'><strong>νιν</strong></span> <span class='ocrx_word' id='word_1_176' title='bbox 1790 1762 1801 1772; x_wconf 76' lang='lat'><strong>-</strong></span> <span class='ocrx_word' id='word_1_177' title='bbox 1838 1757 1935 1775; x_wconf 71' lang='lat' dir='ltr'><strong>(CUI</strong></span> <span class='ocrx_word' id='word_1_178' title='bbox 1974 1757 1986 1777; x_wconf 78' lang='grc' dir='ltr'><strong><em>Ι</em></strong></span> 
     </span>
     <span class='ocr_line' id='line_1_22' title="bbox 444 1757 2027 1847; baseline 0.023 -43"><span class='ocrx_word' id='word_1_179' title='bbox 444 1757 570 1807; x_wconf 86' lang='lat' dir='ltr'><strong>enim</strong></span> <span class='ocrx_word' id='word_1_180' title='bbox 594 1762 790 1847; x_wconf 43' lang='lat' dir='ltr'><strong>quqéibi</strong></span> <span class='ocrx_word' id='word_1_181' title='bbox 812 1768 1076 1817; x_wconf 80' lang='lat' dir='ltr'><strong>senescenti</strong></span> <span class='ocrx_word' id='word_1_182' title='bbox 1096 1757 1347 1834; x_wconf 73' lang='lat' dir='ltr'><strong>voluptatis</strong></span> <span class='ocrx_word' id='word_1_183' title='bbox 1368 1757 1535 1828; x_wconf 74' lang='lat' dir='ltr'><strong>seitsus</strong></span> <span class='ocrx_word' id='word_1_184' title='bbox 1556 1780 1799 1835; x_wconf 82' lang='lat' dir='ltr'><strong>hebetatus</strong></span> <span class='ocrx_word' id='word_1_185' title='bbox 1822 1794 1909 1847; x_wconf 85' lang='lat' dir='ltr'><strong>est,</strong></span> <span class='ocrx_word' id='word_1_186' title='bbox 1937 1757 2027 1843; x_wconf 54' lang='lat' dir='ltr'><strong>lio:</strong></span> 
     </span>
     <span class='ocr_line' id='line_1_23' title="bbox 444 1825 1189 1847; baseline 0.011 0"><span class='ocrx_word' id='word_1_187' title='bbox 444 1825 625 1847; x_wconf 69' lang='grc' dir='ltr'><strong>Ιηιιιηιιο</strong></span> <span class='ocrx_word' id='word_1_188' title='bbox 651 1828 682 1847; x_wconf 69' lang='lat' dir='ltr'><strong>lc</strong></span> <span class='ocrx_word' id='word_1_189' title='bbox 753 1838 915 1847; x_wconf 59' lang='grc' dir='ltr'><strong>ΜΛΔ-ΑΔ</strong></span> <span class='ocrx_word' id='word_1_190' title='bbox 932 1830 1025 1847; x_wconf 71' lang='lat' dir='ltr'><strong>J--—-</strong></span> <span class='ocrx_word' id='word_1_191' title='bbox 1060 1833 1137 1847; x_wconf 43' lang='grc' dir='ltr'><strong>μην</strong></span> <span class='ocrx_word' id='word_1_192' title='bbox 1175 1839 1189 1847; x_wconf 73' lang='grc'><strong><em>⁸</em></strong></span> 
     </span>
    </p>
   </div>
   <div class='ocr_carea' id='block_1_18' title="bbox 441 1822 1207 1904">
    <p class='ocr_par' dir='ltr' id='par_1_18' title="bbox 441 1822 1207 1904">
     <span class='ocr_line' id='line_1_24' title="bbox 441 1822 1207 1904; baseline 0.02 -39"><span class='ocrx_word' id='word_1_193' title='bbox 441 1825 625 1904; x_wconf 45' lang='lat' dir='ltr'><strong>temp-us</strong></span> <span class='ocrx_word' id='word_1_194' title='bbox 648 1822 730 1904; x_wconf 67' lang='lat' dir='ltr'><strong>tibi</strong></span> <span class='ocrx_word' id='word_1_195' title='bbox 753 1830 1027 1904; x_wconf 75' lang='lat' dir='ltr'><strong>mercedem</strong></span> <span class='ocrx_word' id='word_1_196' title='bbox 1050 1822 1207 1904; x_wconf 51' lang='lat' dir='ltr'><strong>q/fertl</strong></span> 
     </span>
    </p>
   </div>
   <div class='ocr_carea' id='block_1_19' title="bbox 445 1883 2024 1994">
    <p class='ocr_par' dir='ltr' id='par_1_19' title="bbox 445 1883 2024 1994">
     <span class='ocr_line' id='line_1_25' title="bbox 445 1883 2024 1994; baseline 0.023 -67"><span class='ocrx_word' id='word_1_197' title='bbox 445 1938 454 1947; x_wconf 87' lang='lat'><strong>_</strong></span> <span class='ocrx_word' id='word_1_198' title='bbox 499 1883 518 1912; x_wconf 75' lang='grc'>⁸</span> <span class='ocrx_word' id='word_1_199' title='bbox 545 1883 717 1994; x_wconf 42' lang='lat' dir='ltr'><strong>ator-#1..</strong></span> <span class='ocrx_word' id='word_1_200' title='bbox 733 1894 784 1936; x_wconf 90' lang='lat' dir='ltr'><strong>et</strong></span> <span class='ocrx_word' id='word_1_201' title='bbox 805 1890 1001 1951; x_wconf 84' lang='lat' dir='ltr'><strong>quidam</strong></span> <span class='ocrx_word' id='word_1_202' title='bbox 1023 1883 1132 1953; x_wconf 82' lang='lat' dir='ltr'><strong>alii,</strong></span> <span class='ocrx_word' id='word_1_203' title='bbox 1159 1909 1336 1947; x_wconf 87' lang='lat' dir='ltr'><strong>corona</strong></span> <span class='ocrx_word' id='word_1_204' title='bbox 1373 1911 1485 1950; x_wconf 84' lang='lat' dir='ltr'><strong>vero</strong></span> <span class='ocrx_word' id='word_1_205' title='bbox 1513 1900 1565 1952; x_wconf 87' lang='lat' dir='ltr'><strong>in</strong></span> <span class='ocrx_word' id='word_1_206' title='bbox 1600 1903 1956 1973; x_wconf 81' lang='lat' dir='ltr'><strong>incorruptibilt&#39;</strong></span> <span class='ocrx_word' id='word_1_207' title='bbox 1977 1922 2024 1964; x_wconf 89' lang='lat' dir='ltr'><strong>et</strong></span> 
     </span>
     <span class='ocr_line' id='line_1_26' title="bbox 445 1956 731 1994; baseline 0.017 -5"><span class='ocrx_word' id='word_1_208' title='bbox 445 1956 628 1994; x_wconf 74' lang='lat' dir='ltr'><strong>:mnassz</strong></span> <span class='ocrx_word' id='word_1_209' title='bbox 660 1959 731 1994; x_wconf 77' lang='lat' dir='ltr'><strong>ti.</strong></span> 
     </span>
    </p>
   </div>
   <div class='ocr_carea' id='block_1_20' title="bbox 437 1954 731 2005">
    <p class='ocr_par' dir='ltr' id='par_1_20' title="bbox 437 1954 731 2005">
     <span class='ocr_line' id='line_1_27' title="bbox 437 1954 731 2005; baseline 0.017 -16"><span class='ocrx_word' id='word_1_210' title='bbox 437 1954 731 2005; x_wconf 79' lang='lat' dir='ltr'><strong>tntpasswtti.</strong></span> 
     </span>
    </p>
   </div>
   <div class='ocr_carea' id='block_1_21' title="bbox 2168 460 3745 554">
    <p class='ocr_par' dir='ltr' id='par_1_21' title="bbox 2168 460 3745 554">
     <span class='ocr_line' id='line_1_28' title="bbox 2168 460 3745 554; baseline 0.025 -41"><span class='ocrx_word' id='word_1_211' title='bbox 2168 460 2254 514; x_wconf 89' lang='lat' dir='ltr'><strong>vix</strong></span> <span class='ocrx_word' id='word_1_212' title='bbox 2285 477 2542 535; x_wconf 81' lang='lat' dir='ltr'><strong>apparent</strong></span> <span class='ocrx_word' id='word_1_213' title='bbox 2569 482 2622 525; x_wconf 90' lang='lat' dir='ltr'><strong>et</strong></span> <span class='ocrx_word' id='word_1_214' title='bbox 2645 488 2987 546; x_wconf 90' lang='lat' dir='ltr'><strong>evanescunt,</strong></span> <span class='ocrx_word' id='word_1_215' title='bbox 3014 498 3076 539; x_wconf 88' lang='lat' dir='ltr'><strong>ac</strong></span> <span class='ocrx_word' id='word_1_216' title='bbox 3100 499 3219 540; x_wconf 87' lang='lat' dir='ltr'><strong>cum</strong></span> <span class='ocrx_word' id='word_1_217' title='bbox 3249 489 3429 546; x_wconf 87' lang='lat' dir='ltr'><strong>multis</strong></span> <span class='ocrx_word' id='word_1_218' title='bbox 3471 492 3745 554; x_wconf 87' lang='lat' dir='ltr'><strong>laboribus</strong></span> 
     </span>
    </p>
   </div>
   <div class='ocr_carea' id='block_1_22' title="bbox 2164 555 3743 657">
    <p class='ocr_par' dir='ltr' id='par_1_22' title="bbox 2164 555 3743 657">
     <span class='ocr_line' id='line_1_29' title="bbox 2164 555 3743 657; baseline 0.025 -52"><span class='ocrx_word' id='word_1_219' title='bbox 2164 555 2543 623; x_wconf 83' lang='lat' dir='ltr'><strong>possidentur?</strong></span> <span class='ocrx_word' id='word_1_220' title='bbox 2578 564 2707 633; x_wconf 67' lang='lat' dir='ltr'><strong>Quae</strong></span> <span class='ocrx_word' id='word_1_221' title='bbox 2747 569 2883 626; x_wconf 90' lang='lat' dir='ltr'><strong>bona</strong></span> <span class='ocrx_word' id='word_1_222' title='bbox 2912 585 3037 630; x_wconf 89' lang='lat' dir='ltr'><strong>sunt</strong></span> <span class='ocrx_word' id='word_1_223' title='bbox 3063 577 3162 633; x_wconf 88' lang='lat' dir='ltr'><strong>illis</strong></span> <span class='ocrx_word' id='word_1_224' title='bbox 3184 584 3406 651; x_wconf 80' lang='lat' dir='ltr'><strong>:equalia</strong></span> <span class='ocrx_word' id='word_1_225' title='bbox 3428 627 3441 651; x_wconf 93' lang='lat'><strong>,</strong></span> <span class='ocrx_word' id='word_1_226' title='bbox 3470 601 3589 657; x_wconf 76' lang='lat' dir='ltr'><strong>qua:</strong></span> <span class='ocrx_word' id='word_1_227' title='bbox 3619 602 3743 645; x_wconf 88' lang='lat' dir='ltr'><strong>sunt</strong></span> 
     </span>
    </p>
   </div>
   <div class='ocr_carea' id='block_1_23' title="bbox 2159 644 3740 749">
    <p class='ocr_par' dir='ltr' id='par_1_23' title="bbox 2159 644 3740 749">
     <span class='ocr_line' id='line_1_30' title="bbox 2159 644 3740 749; baseline 0.027 -53"><span class='ocrx_word' id='word_1_228' title='bbox 2159 644 2473 719; x_wconf 87' lang='lat' dir='ltr'><strong>immobilia,</strong></span> <span class='ocrx_word' id='word_1_229' title='bbox 2523 671 2643 727; x_wconf 65' lang='lat' dir='ltr'><strong>qua:</strong></span> <span class='ocrx_word' id='word_1_230' title='bbox 2691 677 2976 735; x_wconf 88' lang='lat' dir='ltr'><strong>numquam</strong></span> <span class='ocrx_word' id='word_1_231' title='bbox 3018 683 3346 745; x_wconf 85' lang='lat' dir='ltr'><strong>senescunt,</strong></span> <span class='ocrx_word' id='word_1_232' title='bbox 3389 695 3510 749; x_wconf 71' lang='lat' dir='ltr'><strong>quin</strong></span> <span class='ocrx_word' id='word_1_233' title='bbox 3542 683 3740 739; x_wconf 91' lang='lat' dir='ltr'><strong>nullius</strong></span> 
     </span>
    </p>
   </div>
   <div class='ocr_carea' id='block_1_24' title="bbox 2156 742 3735 835">
    <p class='ocr_par' dir='ltr' id='par_1_24' title="bbox 2156 742 3735 835">
     <span class='ocr_line' id='line_1_31' title="bbox 2156 742 3735 835; baseline 0.028 -47"><span class='ocrx_word' id='word_1_234' title='bbox 2156 748 2281 793; x_wconf 88' lang='lat' dir='ltr'><strong>sunt</strong></span> <span class='ocrx_word' id='word_1_235' title='bbox 2309 742 2505 800; x_wconf 84' lang='lat' dir='ltr'><strong>laboris</strong></span> <span class='ocrx_word' id='word_1_236' title='bbox 2524 788 2540 815; x_wconf 93' lang='lat'><strong>,</strong></span> <span class='ocrx_word' id='word_1_237' title='bbox 2570 765 2689 821; x_wconf 71' lang='lat' dir='ltr'><strong>quae</strong></span> <span class='ocrx_word' id='word_1_238' title='bbox 2714 760 3063 815; x_wconf 89' lang='lat' dir='ltr'><strong>certaminum</strong></span> <span class='ocrx_word' id='word_1_239' title='bbox 3103 774 3342 835; x_wconf 89' lang='lat' dir='ltr'><strong>tempore</strong></span> <span class='ocrx_word' id='word_1_240' title='bbox 3385 786 3612 830; x_wconf 88' lang='lat' dir='ltr'><strong>coronas</strong></span> <span class='ocrx_word' id='word_1_241' title='bbox 3644 778 3735 833; x_wconf 87' lang='lat' dir='ltr'><strong>tibi</strong></span> 
     </span>
    </p>
   </div>
   <div class='ocr_carea' id='block_1_25' title="bbox 2153 831 3737 930">
    <p class='ocr_par' dir='ltr' id='par_1_25' title="bbox 2153 831 3737 930">
     <span class='ocr_line' id='line_1_32' title="bbox 2153 831 3737 930; baseline 0.025 -45"><span class='ocrx_word' id='word_1_242' title='bbox 2153 831 2428 891; x_wconf 78' lang='lat' dir='ltr'><strong>aﬂ‘erunt?</strong></span> <span class='ocrx_word' id='word_1_243' title='bbox 2458 840 2587 896; x_wconf 90' lang='lat' dir='ltr'><strong>Nam</strong></span> <span class='ocrx_word' id='word_1_244' title='bbox 2610 846 2698 914; x_wconf 92' lang='lat' dir='ltr'><strong>qui</strong></span> <span class='ocrx_word' id='word_1_245' title='bbox 2730 852 2984 916; x_wconf 89' lang='lat' dir='ltr'><strong>pecunias</strong></span> <span class='ocrx_word' id='word_1_246' title='bbox 3018 854 3273 926; x_wconf 85' lang='lat' dir='ltr'><strong>despicit,</strong></span> <span class='ocrx_word' id='word_1_247' title='bbox 3299 863 3408 930; x_wconf 89' lang='lat' dir='ltr'><strong>jam</strong></span> <span class='ocrx_word' id='word_1_248' title='bbox 3446 864 3573 921; x_wconf 84' lang='lat' dir='ltr'><strong>hinc</strong></span> <span class='ocrx_word' id='word_1_249' title='bbox 3596 884 3737 923; x_wconf 87' lang='lat' dir='ltr'><strong>mer-</strong></span> 
     </span>
    </p>
   </div>
   <div class='ocr_carea' id='block_1_26' title="bbox 2152 927 3735 1029">
    <p class='ocr_par' dir='ltr' id='par_1_26' title="bbox 2152 927 3735 1029">
     <span class='ocr_line' id='line_1_33' title="bbox 2152 927 3735 1029; baseline 0.022 -49"><span class='ocrx_word' id='word_1_250' title='bbox 2152 927 2339 984; x_wconf 90' lang='lat' dir='ltr'><strong>cedem</strong></span> <span class='ocrx_word' id='word_1_251' title='bbox 2385 934 2570 1004; x_wconf 84' lang='lat' dir='ltr'><strong>recipit</strong></span> <span class='ocrx_word' id='word_1_252' title='bbox 2603 976 2618 1000; x_wconf 92' lang='lat'><strong>,</strong></span> <span class='ocrx_word' id='word_1_253' title='bbox 2651 939 3010 1000; x_wconf 89' lang='lat' dir='ltr'><strong>sollicitudine</strong></span> <span class='ocrx_word' id='word_1_254' title='bbox 3036 963 3254 1018; x_wconf 83' lang='lat' dir='ltr'><strong>vacuus,</strong></span> <span class='ocrx_word' id='word_1_255' title='bbox 3305 953 3473 1011; x_wconf 89' lang='lat' dir='ltr'><strong>livore</strong></span> <span class='ocrx_word' id='word_1_256' title='bbox 3496 999 3511 1023; x_wconf 95' lang='lat'><strong>,</strong></span> <span class='ocrx_word' id='word_1_257' title='bbox 3580 974 3735 1029; x_wconf 76' lang='lat' dir='ltr'><strong>syco—</strong></span> 
     </span>
    </p>
   </div>
   <div class='ocr_carea' id='block_1_27' title="bbox 2150 1019 3733 1109">
    <p class='ocr_par' dir='ltr' id='par_1_27' title="bbox 2150 1019 3733 1109">
     <span class='ocr_line' id='line_1_34' title="bbox 2150 1019 3733 1109; baseline 0.022 -37"><span class='ocrx_word' id='word_1_258' title='bbox 2150 1019 2365 1089; x_wconf 91' lang='lat' dir='ltr'><strong>pbautia</strong></span> <span class='ocrx_word' id='word_1_259' title='bbox 2392 1052 2411 1090; x_wconf 57' lang='grc' dir='ltr'><strong>η,</strong></span> <span class='ocrx_word' id='word_1_260' title='bbox 2440 1027 2667 1095; x_wconf 90' lang='lat' dir='ltr'><strong>insidiis,</strong></span> <span class='ocrx_word' id='word_1_261' title='bbox 2698 1032 2913 1089; x_wconf 87' lang='lat' dir='ltr'><strong>invidia.</strong></span> <span class='ocrx_word' id='word_1_262' title='bbox 2962 1038 3058 1106; x_wconf 90' lang='lat' dir='ltr'><strong>Qui</strong></span> <span class='ocrx_word' id='word_1_263' title='bbox 3088 1053 3267 1098; x_wconf 86' lang='lat' dir='ltr'><strong>castus</strong></span> <span class='ocrx_word' id='word_1_264' title='bbox 3312 1057 3394 1101; x_wconf 87' lang='lat' dir='ltr'><strong>est</strong></span> <span class='ocrx_word' id='word_1_265' title='bbox 3445 1059 3501 1104; x_wconf 93' lang='lat' dir='ltr'><strong>et</strong></span> <span class='ocrx_word' id='word_1_266' title='bbox 3545 1064 3733 1109; x_wconf 89' lang='lat' dir='ltr'><strong>ornate</strong></span> 
     </span>
    </p>
   </div>
   <div class='ocr_carea' id='block_1_28' title="bbox 2149 1114 3725 1200">
    <p class='ocr_par' dir='ltr' id='par_1_28' title="bbox 2149 1114 3725 1200">
     <span class='ocr_line' id='line_1_35' title="bbox 2149 1114 3725 1200; baseline 0.022 -33"><span class='ocrx_word' id='word_1_267' title='bbox 2149 1114 2297 1183; x_wconf 87' lang='lat' dir='ltr'><strong>vivit,</strong></span> <span class='ocrx_word' id='word_1_268' title='bbox 2325 1119 2484 1173; x_wconf 91' lang='lat' dir='ltr'><strong>etiam</strong></span> <span class='ocrx_word' id='word_1_269' title='bbox 2518 1133 2802 1196; x_wconf 89' lang='lat' dir='ltr'><strong>antequam</strong></span> <span class='ocrx_word' id='word_1_270' title='bbox 2828 1128 3072 1198; x_wconf 87' lang='lat' dir='ltr'><strong>decedat,</strong></span> <span class='ocrx_word' id='word_1_271' title='bbox 3116 1148 3404 1194; x_wconf 88' lang='lat' dir='ltr'><strong>coronatur</strong></span> <span class='ocrx_word' id='word_1_272' title='bbox 3433 1151 3485 1196; x_wconf 91' lang='lat' dir='ltr'><strong>et</strong></span> <span class='ocrx_word' id='word_1_273' title='bbox 3514 1144 3563 1197; x_wconf 93' lang='lat' dir='ltr'><strong>in</strong></span> <span class='ocrx_word' id='word_1_274' title='bbox 3593 1147 3725 1200; x_wconf 81' lang='lat' dir='ltr'><strong>deli—</strong></span> 
     </span>
    </p>
   </div>
   <div class='ocr_carea' id='block_1_29' title="bbox 2146 1206 3726 1299">
    <p class='ocr_par' dir='ltr' id='par_1_29' title="bbox 2146 1206 3726 1299">
     <span class='ocr_line' id='line_1_36' title="bbox 2146 1206 3726 1299; baseline 0.021 -40"><span class='ocrx_word' id='word_1_275' title='bbox 2146 1206 2248 1261; x_wconf 92' lang='lat' dir='ltr'><strong>ciis</strong></span> <span class='ocrx_word' id='word_1_276' title='bbox 2277 1207 2439 1280; x_wconf 84' lang='lat' dir='ltr'><strong>degit,</strong></span> <span class='ocrx_word' id='word_1_277' title='bbox 2467 1212 2749 1284; x_wconf 83' lang='lat' dir='ltr'><strong>dedecore,</strong></span> <span class='ocrx_word' id='word_1_278' title='bbox 2783 1220 3136 1290; x_wconf 91' lang='lat' dir='ltr'><strong>irrisionibus,</strong></span> <span class='ocrx_word' id='word_1_279' title='bbox 3170 1231 3419 1296; x_wconf 90' lang='lat' dir='ltr'><strong>periculis</strong></span> <span class='ocrx_word' id='word_1_280' title='bbox 3446 1276 3462 1299; x_wconf 91' lang='lat'><strong>,</strong></span> <span class='ocrx_word' id='word_1_281' title='bbox 3509 1251 3726 1291; x_wconf 79' lang='lat' dir='ltr'><strong>accusa-</strong></span> 
     </span>
    </p>
   </div>
   <div class='ocr_carea' id='block_1_30' title="bbox 2147 1298 3721 1397">
    <p class='ocr_par' dir='ltr' id='par_1_30' title="bbox 2147 1298 3721 1397">
     <span class='ocr_line' id='line_1_37' title="bbox 2147 1298 3721 1397; baseline 0.021 -46"><span class='ocrx_word' id='word_1_282' title='bbox 2147 1298 2377 1356; x_wconf 89' lang='lat' dir='ltr'><strong>tionibus</strong></span> <span class='ocrx_word' id='word_1_283' title='bbox 2403 1304 2625 1376; x_wconf 91' lang='lat' dir='ltr'><strong>aliisque</strong></span> <span class='ocrx_word' id='word_1_284' title='bbox 2652 1312 2898 1368; x_wconf 88' lang='lat' dir='ltr'><strong>omnibus</strong></span> <span class='ocrx_word' id='word_1_285' title='bbox 2927 1318 3077 1371; x_wconf 88' lang='lat' dir='ltr'><strong>malis</strong></span> <span class='ocrx_word' id='word_1_286' title='bbox 3102 1319 3378 1379; x_wconf 89' lang='lat' dir='ltr'><strong>liberatus.</strong></span> <span class='ocrx_word' id='word_1_287' title='bbox 3417 1328 3549 1381; x_wconf 76' lang='lat' dir='ltr'><strong>Alia:</strong></span> <span class='ocrx_word' id='word_1_288' title='bbox 3588 1347 3721 1397; x_wconf 92' lang='lat' dir='ltr'><strong>quo-</strong></span> 
     </span>
    </p>
   </div>
   <div class='ocr_carea' id='block_1_31' title="bbox 2142 1395 3721 1478">
    <p class='ocr_par' dir='ltr' id='par_1_31' title="bbox 2142 1395 3721 1478">
     <span class='ocr_line' id='line_1_38' title="bbox 2142 1395 3721 1478; baseline 0.022 -34"><span class='ocrx_word' id='word_1_289' title='bbox 2142 1407 2244 1461; x_wconf 90' lang='lat' dir='ltr'><strong>que</strong></span> <span class='ocrx_word' id='word_1_290' title='bbox 2266 1395 2475 1451; x_wconf 90' lang='lat' dir='ltr'><strong>virtutis</strong></span> <span class='ocrx_word' id='word_1_291' title='bbox 2510 1409 2688 1469; x_wconf 89' lang='lat' dir='ltr'><strong>partes</strong></span> <span class='ocrx_word' id='word_1_292' title='bbox 2721 1405 2965 1461; x_wconf 90' lang='lat' dir='ltr'><strong>similiter</strong></span> <span class='ocrx_word' id='word_1_293' title='bbox 2985 1410 3095 1477; x_wconf 86' lang='lat' dir='ltr'><strong>jatn</strong></span> <span class='ocrx_word' id='word_1_294' title='bbox 3129 1413 3212 1468; x_wconf 91' lang='lat' dir='ltr'><strong>hic</strong></span> <span class='ocrx_word' id='word_1_295' title='bbox 3240 1416 3391 1470; x_wconf 91' lang='lat' dir='ltr'><strong>nobis</strong></span> <span class='ocrx_word' id='word_1_296' title='bbox 3420 1422 3721 1478; x_wconf 85' lang='lat' dir='ltr'><strong>mercedem</strong></span> 
     </span>
    </p>
   </div>
   <div class='ocr_carea' id='block_1_32' title="bbox 2138 1484 3721 1587">
    <p class='ocr_par' dir='ltr' id='par_1_32' title="bbox 2138 1484 3721 1587">
     <span class='ocr_line' id='line_1_39' title="bbox 2138 1484 3721 1587; baseline 0.023 -50"><span class='ocrx_word' id='word_1_297' title='bbox 2138 1484 2387 1542; x_wconf 76' lang='lat' dir='ltr'><strong>afferunt.</strong></span> <span class='ocrx_word' id='word_1_298' title='bbox 2423 1491 2490 1546; x_wconf 90' lang='lat' dir='ltr'><strong>Ut</strong></span> <span class='ocrx_word' id='word_1_299' title='bbox 2528 1493 2688 1564; x_wconf 81' lang='lat' dir='ltr'><strong>igitur</strong></span> <span class='ocrx_word' id='word_1_300' title='bbox 2721 1508 2775 1552; x_wconf 89' lang='lat' dir='ltr'><strong>et</strong></span> <span class='ocrx_word' id='word_1_301' title='bbox 2813 1506 3097 1568; x_wconf 58' lang='lat' dir='ltr'><strong>presentia</strong></span> <span class='ocrx_word' id='word_1_302' title='bbox 3124 1518 3178 1562; x_wconf 92' lang='lat' dir='ltr'><strong>et</strong></span> <span class='ocrx_word' id='word_1_303' title='bbox 3208 1508 3381 1566; x_wconf 82' lang='lat' dir='ltr'><strong>futura</strong></span> <span class='ocrx_word' id='word_1_304' title='bbox 3427 1529 3721 1587; x_wconf 86' lang='lat' dir='ltr'><strong>consequa-</strong></span> 
     </span>
    </p>
   </div>
   <div class='ocr_carea' id='block_1_33' title="bbox 2137 1580 3717 1678">
    <p class='ocr_par' dir='ltr' id='par_1_33' title="bbox 2137 1580 3717 1678">
     <span class='ocr_line' id='line_1_40' title="bbox 2137 1580 3717 1678; baseline 0.021 -47"><span class='ocrx_word' id='word_1_305' title='bbox 2137 1594 2258 1633; x_wconf 92' lang='lat' dir='ltr'><strong>mur</strong></span> <span class='ocrx_word' id='word_1_306' title='bbox 2286 1580 2419 1637; x_wconf 91' lang='lat' dir='ltr'><strong>bona</strong></span> <span class='ocrx_word' id='word_1_307' title='bbox 2446 1626 2460 1649; x_wconf 94' lang='lat'><strong>,</strong></span> <span class='ocrx_word' id='word_1_308' title='bbox 2495 1585 2755 1656; x_wconf 85' lang='lat' dir='ltr'><strong>fugiamus</strong></span> <span class='ocrx_word' id='word_1_309' title='bbox 2799 1596 3087 1664; x_wconf 89' lang='lat' dir='ltr'><strong>nequitiam</strong></span> <span class='ocrx_word' id='word_1_310' title='bbox 3126 1610 3182 1654; x_wconf 90' lang='lat' dir='ltr'><strong>et</strong></span> <span class='ocrx_word' id='word_1_311' title='bbox 3222 1604 3470 1660; x_wconf 86' lang='lat' dir='ltr'><strong>virtutem</strong></span> <span class='ocrx_word' id='word_1_312' title='bbox 3513 1612 3717 1678; x_wconf 89' lang='lat' dir='ltr'><strong>amplc-</strong></span> 
     </span>
    </p>
   </div>
   <div class='ocr_carea' id='block_1_34' title="bbox 2135 1673 3714 1755">
    <p class='ocr_par' dir='ltr' id='par_1_34' title="bbox 2135 1673 3714 1755">
     <span class='ocr_line' id='line_1_41' title="bbox 2135 1673 3714 1755; baseline 0.02 -31"><span class='ocrx_word' id='word_1_313' title='bbox 2135 1679 2361 1725; x_wconf 86' lang='lat' dir='ltr'><strong>ctamur.</strong></span> <span class='ocrx_word' id='word_1_314' title='bbox 2396 1673 2485 1729; x_wconf 92' lang='lat' dir='ltr'><strong>Sic</strong></span> <span class='ocrx_word' id='word_1_315' title='bbox 2508 1678 2649 1732; x_wconf 91' lang='lat' dir='ltr'><strong>enim</strong></span> <span class='ocrx_word' id='word_1_316' title='bbox 2688 1692 2739 1735; x_wconf 88' lang='lat' dir='ltr'><strong>et</strong></span> <span class='ocrx_word' id='word_1_317' title='bbox 2778 1681 2865 1737; x_wconf 91' lang='lat' dir='ltr'><strong>hic</strong></span> <span class='ocrx_word' id='word_1_318' title='bbox 2892 1684 2944 1739; x_wconf 91' lang='lat' dir='ltr'><strong>in</strong></span> <span class='ocrx_word' id='word_1_319' title='bbox 2972 1686 3178 1743; x_wconf 89' lang='lat' dir='ltr'><strong>deliciis</strong></span> <span class='ocrx_word' id='word_1_320' title='bbox 3214 1693 3431 1755; x_wconf 85' lang='lat' dir='ltr'><strong>erimus.</strong></span> <span class='ocrx_word' id='word_1_321' title='bbox 3464 1707 3517 1750; x_wconf 89' lang='lat' dir='ltr'><strong>et</strong></span> <span class='ocrx_word' id='word_1_322' title='bbox 3543 1698 3714 1755; x_wconf 81' lang='lat' dir='ltr'><strong>futura</strong></span> 
     </span>
    </p>
   </div>
   <div class='ocr_carea' id='block_1_35' title="bbox 2133 1770 3714 1858">
    <p class='ocr_par' dir='ltr' id='par_1_35' title="bbox 2133 1770 3714 1858">
     <span class='ocr_line' id='line_1_42' title="bbox 2133 1770 3714 1858; baseline 0.018 -40"><span class='ocrx_word' id='word_1_323' title='bbox 2133 1778 2524 1837; x_wconf 90' lang='lat' dir='ltr'><strong>consequemur</strong></span> <span class='ocrx_word' id='word_1_324' title='bbox 2549 1770 2688 1827; x_wconf 90' lang='lat' dir='ltr'><strong>bona</strong></span> <span class='ocrx_word' id='word_1_325' title='bbox 2726 1792 2737 1827; x_wconf 95' lang='lat'>:</span> <span class='ocrx_word' id='word_1_326' title='bbox 2764 1791 2881 1845; x_wconf 72' lang='lat' dir='ltr'><strong>qua:</strong></span> <span class='ocrx_word' id='word_1_327' title='bbox 2913 1780 3113 1835; x_wconf 87' lang='lat' dir='ltr'><strong>utinam</strong></span> <span class='ocrx_word' id='word_1_328' title='bbox 3145 1798 3334 1841; x_wconf 90' lang='lat' dir='ltr'><strong>omnes</strong></span> <span class='ocrx_word' id='word_1_329' title='bbox 3362 1788 3714 1858; x_wconf 83' lang='lat' dir='ltr'><strong>adipiscamur</strong></span> 
     </span>
    </p>
   </div>
   <div class='ocr_carea' id='block_1_36' title="bbox 2131 1860 3712 1950">
    <p class='ocr_par' dir='ltr' id='par_1_36' title="bbox 2131 1860 3712 1950">
     <span class='ocr_line' id='line_1_43' title="bbox 2131 1860 3712 1950; baseline 0.02 -40"><span class='ocrx_word' id='word_1_330' title='bbox 2131 1860 2298 1928; x_wconf 88' lang='lat' dir='ltr'><strong>gratia</strong></span> <span class='ocrx_word' id='word_1_331' title='bbox 2332 1870 2385 1915; x_wconf 92' lang='lat' dir='ltr'><strong>et</strong></span> <span class='ocrx_word' id='word_1_332' title='bbox 2428 1861 2754 1934; x_wconf 83' lang='lat' dir='ltr'><strong>benignitate</strong></span> <span class='ocrx_word' id='word_1_333' title='bbox 2782 1869 2991 1925; x_wconf 90' lang='lat' dir='ltr'><strong>Domini</strong></span> <span class='ocrx_word' id='word_1_334' title='bbox 3021 1877 3187 1930; x_wconf 90' lang='lat' dir='ltr'><strong>nostri</strong></span> <span class='ocrx_word' id='word_1_335' title='bbox 3214 1879 3341 1934; x_wconf 83' lang='lat' dir='ltr'><strong>Jesu</strong></span> <span class='ocrx_word' id='word_1_336' title='bbox 3362 1881 3557 1939; x_wconf 76' lang='lat' dir='ltr'><strong>Christi</strong></span> <span class='ocrx_word' id='word_1_337' title='bbox 3584 1929 3597 1950; x_wconf 92' lang='lat'><strong>,</strong></span> <span class='ocrx_word' id='word_1_338' title='bbox 3628 1890 3712 1943; x_wconf 89' lang='lat' dir='ltr'><strong>eui</strong></span> 
     </span>
    </p>
   </div>
   <div class='ocr_carea' id='block_1_37' title="bbox 2129 1950 3565 2033">
    <p class='ocr_par' dir='ltr' id='par_1_37' title="bbox 2129 1950 3565 2033">
     <span class='ocr_line' id='line_1_44' title="bbox 2129 1950 3565 2033; baseline 0.022 -32"><span class='ocrx_word' id='word_1_339' title='bbox 2129 1950 2297 2019; x_wconf 77' lang='lat' dir='ltr'><strong>gloria</strong></span> <span class='ocrx_word' id='word_1_340' title='bbox 2323 1962 2377 2007; x_wconf 91' lang='lat' dir='ltr'><strong>et</strong></span> <span class='ocrx_word' id='word_1_341' title='bbox 2397 1954 2676 2026; x_wconf 88' lang='lat' dir='ltr'><strong>imperium</strong></span> <span class='ocrx_word' id='word_1_342' title='bbox 2704 1962 2755 2015; x_wconf 92' lang='lat' dir='ltr'><strong>in</strong></span> <span class='ocrx_word' id='word_1_343' title='bbox 2784 1965 2976 2019; x_wconf 75' lang='lat' dir='ltr'><strong>szecula</strong></span> <span class='ocrx_word' id='word_1_344' title='bbox 3001 1970 3341 2027; x_wconf 65' lang='lat' dir='ltr'><strong>saeculorum.</strong></span> <span class='ocrx_word' id='word_1_345' title='bbox 3374 1977 3565 2033; x_wconf 78' lang='lat' dir='ltr'><strong>Amen.</strong></span> 
     </span>
    </p>
   </div>
   <div class='ocr_carea' id='block_1_38' title="bbox 440 2062 3696 2151">
    <p class='ocr_par' dir='ltr' id='par_1_38' title="bbox 440 2062 3696 2151">
     <span class='ocr_line' id='line_1_45' title="bbox 440 2062 3696 2151; baseline 0.025 -78"><span class='ocrx_word' id='word_1_346' title='bbox 440 2062 3696 2151; x_wconf 27' lang='lat' dir='ltr'><strong>“MN</strong></span> 
     </span>
    </p>
   </div>
   <div class='ocr_carea' id='block_1_39' title="bbox 1545 2166 2622 2256">
    <p class='ocr_par' dir='ltr' id='par_1_39' title="bbox 1545 2166 2622 2256">
     <span class='ocr_line' id='line_1_46' title="bbox 1545 2166 2622 2256; baseline 0.028 -30"><span class='ocrx_word' id='word_1_347' title='bbox 1545 2166 1893 2237; x_wconf 79' lang='lat' dir='ltr'><strong>HOMlLlA</strong></span> <span class='ocrx_word' id='word_1_348' title='bbox 1934 2178 2218 2246; x_wconf 83' lang='lat' dir='ltr'><strong>LXVIII.</strong></span> <span class='ocrx_word' id='word_1_349' title='bbox 2264 2187 2350 2250; x_wconf 89' lang='lat' dir='ltr'><strong>al.</strong></span> <span class='ocrx_word' id='word_1_350' title='bbox 2396 2190 2622 2256; x_wconf 83' lang='lat' dir='ltr'><strong>LXIX.</strong></span> 
     </span>
    </p>
   </div>
   <div class='ocr_carea' id='block_1_40' title="bbox 427 2308 2016 2411">
    <p class='ocr_par' dir='ltr' id='par_1_40' title="bbox 427 2308 2016 2411">
     <span class='ocr_line' id='line_1_47' title="bbox 427 2308 2016 2411; baseline 0.021 -48"><span class='ocrx_word' id='word_1_351' title='bbox 427 2312 551 2363; x_wconf 71' lang='lat' dir='ltr'><strong>(lar.</strong></span> <span class='ocrx_word' id='word_1_352' title='bbox 586 2308 677 2365; x_wconf 74' lang='lat'><strong>2|.</strong></span> <span class='ocrx_word' id='word_1_353' title='bbox 710 2329 759 2364; x_wconf 93' lang='lat' dir='ltr'><strong>v.</strong></span> <span class='ocrx_word' id='word_1_354' title='bbox 788 2316 877 2369; x_wconf 69' lang='grc' dir='ltr'>οὗ.</span> <span class='ocrx_word' id='word_1_355' title='bbox 919 2316 1087 2371; x_wconf 78' lang='lat' dir='ltr'><strong>Atiam</strong></span> <span class='ocrx_word' id='word_1_356' title='bbox 1131 2323 1424 2389; x_wconf 89' lang='lat' dir='ltr'><strong>parabolam</strong></span> <span class='ocrx_word' id='word_1_357' title='bbox 1465 2330 1651 2386; x_wconf 78' lang='lat' dir='ltr'><strong>audite.</strong></span> <span class='ocrx_word' id='word_1_358' title='bbox 1709 2334 1877 2392; x_wconf 83' lang='lat' dir='ltr'><strong>Homo</strong></span> <span class='ocrx_word' id='word_1_359' title='bbox 1900 2342 2016 2411; x_wconf 84' lang='lat' dir='ltr'><strong>qui-</strong></span> 
     </span>
    </p>
   </div>
   <div class='ocr_carea' id='block_1_41' title="bbox 496 2400 2016 2494">
    <p class='ocr_par' dir='ltr' id='par_1_41' title="bbox 496 2400 2016 2494">
     <span class='ocr_line' id='line_1_48' title="bbox 496 2400 2016 2494; baseline 0.024 -43"><span class='ocrx_word' id='word_1_360' title='bbox 496 2400 615 2454; x_wconf 79' lang='lat' dir='ltr'><strong>dam</strong></span> <span class='ocrx_word' id='word_1_361' title='bbox 653 2414 760 2456; x_wconf 87' lang='lat' dir='ltr'><strong>erat</strong></span> <span class='ocrx_word' id='word_1_362' title='bbox 785 2408 1172 2477; x_wconf 80' lang='lat' dir='ltr'><strong>paterfamilias,</strong></span> <span class='ocrx_word' id='word_1_363' title='bbox 1221 2417 1311 2484; x_wconf 86' lang='lat' dir='ltr'><strong>qui</strong></span> <span class='ocrx_word' id='word_1_364' title='bbox 1336 2418 1577 2486; x_wconf 79' lang='lat' dir='ltr'><strong>plantavit</strong></span> <span class='ocrx_word' id='word_1_365' title='bbox 1603 2425 1815 2494; x_wconf 82' lang='lat' dir='ltr'><strong>vincant,</strong></span> <span class='ocrx_word' id='word_1_366' title='bbox 1857 2442 1902 2484; x_wconf 90' lang='lat' dir='ltr'><strong>et</strong></span> <span class='ocrx_word' id='word_1_367' title='bbox 1940 2450 2016 2487; x_wconf 82' lang='lat' dir='ltr'><strong>se-</strong></span> 
     </span>
    </p>
   </div>
   <div class='ocr_carea' id='block_1_42' title="bbox 496 2497 2015 2594">
    <p class='ocr_par' dir='ltr' id='par_1_42' title="bbox 496 2497 2015 2594">
     <span class='ocr_line' id='line_1_49' title="bbox 496 2497 2015 2594; baseline 0.024 -51"><span class='ocrx_word' id='word_1_368' title='bbox 496 2510 607 2562; x_wconf 84' lang='lat' dir='ltr'><strong>pem</strong></span> <span class='ocrx_word' id='word_1_369' title='bbox 638 2497 997 2568; x_wconf 79' lang='lat' dir='ltr'><strong>circumposuit</strong></span> <span class='ocrx_word' id='word_1_370' title='bbox 1024 2503 1069 2556; x_wconf 88' lang='lat' dir='ltr'><strong>ei</strong></span> <span class='ocrx_word' id='word_1_371' title='bbox 1096 2519 1115 2556; x_wconf 89' lang='lat'><strong><em>:</em></strong></span> <span class='ocrx_word' id='word_1_372' title='bbox 1140 2516 1187 2558; x_wconf 87' lang='lat' dir='ltr'><strong>et</strong></span> <span class='ocrx_word' id='word_1_373' title='bbox 1215 2507 1344 2574; x_wconf 78' lang='lat' dir='ltr'><strong>[odit</strong></span> <span class='ocrx_word' id='word_1_374' title='bbox 1364 2510 1415 2562; x_wconf 88' lang='lat' dir='ltr'><strong>in</strong></span> <span class='ocrx_word' id='word_1_375' title='bbox 1433 2529 1491 2564; x_wconf 91' lang='lat' dir='ltr'><strong>ea</strong></span> <span class='ocrx_word' id='word_1_376' title='bbox 1518 2518 1759 2582; x_wconf 83' lang='lat' dir='ltr'><strong>torcular,</strong></span> <span class='ocrx_word' id='word_1_377' title='bbox 1784 2531 1831 2574; x_wconf 89' lang='lat' dir='ltr'><strong>et</strong></span> <span class='ocrx_word' id='word_1_378' title='bbox 1858 2526 2015 2594; x_wconf 75' lang='lat' dir='ltr'><strong>wtli/i-</strong></span> 
     </span>
    </p>
   </div>
   <div class='ocr_carea' id='block_1_43' title="bbox 495 2586 2014 2687">
    <p class='ocr_par' dir='ltr' id='par_1_43' title="bbox 495 2586 2014 2687">
     <span class='ocr_line' id='line_1_50' title="bbox 495 2586 2014 2687; baseline 0.024 -51"><span class='ocrx_word' id='word_1_379' title='bbox 495 2586 624 2639; x_wconf 80' lang='lat' dir='ltr'><strong>cavit</strong></span> <span class='ocrx_word' id='word_1_380' title='bbox 653 2590 830 2642; x_wconf 87' lang='lat' dir='ltr'><strong>turrim</strong></span> <span class='ocrx_word' id='word_1_381' title='bbox 852 2610 871 2645; x_wconf 87' lang='lat'><strong><em>:</em></strong></span> <span class='ocrx_word' id='word_1_382' title='bbox 898 2603 945 2646; x_wconf 89' lang='lat' dir='ltr'><strong>et</strong></span> <span class='ocrx_word' id='word_1_383' title='bbox 970 2594 1149 2649; x_wconf 84' lang='lat' dir='ltr'><strong>locavit</strong></span> <span class='ocrx_word' id='word_1_384' title='bbox 1176 2614 1285 2652; x_wconf 90' lang='lat' dir='ltr'><strong>eam</strong></span> <span class='ocrx_word' id='word_1_385' title='bbox 1311 2604 1568 2673; x_wconf 84' lang='lat' dir='ltr'><strong>agricolis,</strong></span> <span class='ocrx_word' id='word_1_386' title='bbox 1593 2620 1638 2662; x_wconf 89' lang='lat' dir='ltr'><strong>et</strong></span> <span class='ocrx_word' id='word_1_387' title='bbox 1664 2629 1868 2683; x_wconf 82' lang='lat' dir='ltr'><strong>peregre</strong></span> <span class='ocrx_word' id='word_1_388' title='bbox 1896 2636 2014 2687; x_wconf 89' lang='lat' dir='ltr'><strong>pro-</strong></span> 
     </span>
    </p>
   </div>
   <div class='ocr_carea' id='block_1_44' title="bbox 498 2683 2013 2781">
    <p class='ocr_par' dir='ltr' id='par_1_44' title="bbox 498 2683 2013 2781">
     <span class='ocr_line' id='line_1_51' title="bbox 498 2683 2013 2781; baseline 0.022 -49"><span class='ocrx_word' id='word_1_389' title='bbox 498 2683 655 2747; x_wconf 77' lang='lat' dir='ltr'><strong>fectus</strong></span> <span class='ocrx_word' id='word_1_390' title='bbox 685 2693 776 2736; x_wconf 90' lang='lat' dir='ltr'><strong>est.</strong></span> <span class='ocrx_word' id='word_1_391' title='bbox 810 2686 898 2740; x_wconf 67' lang='lat'><strong>54.</strong></span> <span class='ocrx_word' id='word_1_392' title='bbox 938 2687 1154 2755; x_wconf 82' lang='lat' dir='ltr'><strong>Quando</strong></span> <span class='ocrx_word' id='word_1_393' title='bbox 1176 2704 1344 2748; x_wconf 89' lang='lat' dir='ltr'><strong>autem</strong></span> <span class='ocrx_word' id='word_1_394' title='bbox 1371 2703 1794 2772; x_wconf 78' lang='lat' dir='ltr'><strong>appropinquavit</strong></span> <span class='ocrx_word' id='word_1_395' title='bbox 1817 2718 2013 2781; x_wconf 83' lang='lat' dir='ltr'><strong>tempus</strong></span> 
     </span>
    </p>
   </div>
   <div class='ocr_carea' id='block_1_45' title="bbox 499 2770 2011 2869">
    <p class='ocr_par' dir='ltr' id='par_1_45' title="bbox 499 2770 2011 2869">
     <span class='ocr_line' id='line_1_52' title="bbox 499 2770 2011 2869; baseline 0.025 -49"><span class='ocrx_word' id='word_1_396' title='bbox 499 2770 775 2839; x_wconf 75' lang='lat' dir='ltr'><strong>fructuum,</strong></span> <span class='ocrx_word' id='word_1_397' title='bbox 806 2777 942 2830; x_wconf 84' lang='lat' dir='ltr'><strong>misit</strong></span> <span class='ocrx_word' id='word_1_398' title='bbox 970 2796 1136 2837; x_wconf 86' lang='lat' dir='ltr'><strong>servos</strong></span> <span class='ocrx_word' id='word_1_399' title='bbox 1177 2801 1294 2839; x_wconf 89' lang='lat' dir='ltr'><strong>suos</strong></span> <span class='ocrx_word' id='word_1_400' title='bbox 1332 2788 1400 2841; x_wconf 86' lang='lat' dir='ltr'><strong>ad</strong></span> <span class='ocrx_word' id='word_1_401' title='bbox 1424 2792 1696 2862; x_wconf 87' lang='lat' dir='ltr'><strong>agricolas,</strong></span> <span class='ocrx_word' id='word_1_402' title='bbox 1736 2809 1787 2851; x_wconf 90' lang='lat' dir='ltr'><strong>ut</strong></span> <span class='ocrx_word' id='word_1_403' title='bbox 1816 2804 1941 2869; x_wconf 74' lang='lat' dir='ltr'><strong>acci;</strong></span> <span class='ocrx_word' id='word_1_404' title='bbox 1960 2821 2011 2857; x_wconf 86' lang='lat' dir='ltr'><strong>e-</strong></span> 
     </span>
    </p>
   </div>
   <div class='ocr_carea' id='block_1_46' title="bbox 490 2868 2011 2955">
    <p class='ocr_par' dir='ltr' id='par_1_46' title="bbox 490 2868 2011 2955">
     <span class='ocr_line' id='line_1_53' title="bbox 490 2868 2011 2955; baseline 0.024 -40"><span class='ocrx_word' id='word_1_405' title='bbox 490 2875 600 2917; x_wconf 87' lang='lat' dir='ltr'><strong>rent</strong></span> <span class='ocrx_word' id='word_1_406' title='bbox 622 2868 815 2935; x_wconf 78' lang='lat' dir='ltr'><strong>fructus</strong></span> <span class='ocrx_word' id='word_1_407' title='bbox 836 2871 965 2940; x_wconf 82' lang='lat' dir='ltr'><strong>ejus.</strong></span> <span class='ocrx_word' id='word_1_408' title='bbox 995 2874 1082 2927; x_wconf 82' lang='grc'><strong>55.</strong></span> <span class='ocrx_word' id='word_1_409' title='bbox 1116 2874 1183 2929; x_wconf 85' lang='grc' dir='ltr'><strong>Ει</strong></span> <span class='ocrx_word' id='word_1_410' title='bbox 1209 2880 1466 2949; x_wconf 80' lang='lat' dir='ltr'><strong>agricolce,</strong></span> <span class='ocrx_word' id='word_1_411' title='bbox 1509 2890 1834 2955; x_wconf 80' lang='lat' dir='ltr'><strong>apprehensis</strong></span> <span class='ocrx_word' id='word_1_412' title='bbox 1858 2901 2011 2951; x_wconf 88' lang='lat' dir='ltr'><strong>servis</strong></span> 
     </span>
    </p>
   </div>
   <div class='ocr_carea' id='block_1_47' title="bbox 491 2956 2009 3049">
    <p class='ocr_par' dir='ltr' id='par_1_47' title="bbox 491 2956 2009 3049">
     <span class='ocr_line' id='line_1_54' title="bbox 491 2956 2009 3049; baseline 0.024 -43"><span class='ocrx_word' id='word_1_413' title='bbox 491 2956 619 3023; x_wconf 85' lang='lat' dir='ltr'><strong>ejus,</strong></span> <span class='ocrx_word' id='word_1_414' title='bbox 668 2959 827 3012; x_wconf 86' lang='lat' dir='ltr'><strong>alium</strong></span> <span class='ocrx_word' id='word_1_415' title='bbox 869 2964 1176 3031; x_wconf 86' lang='lat' dir='ltr'><strong>ceciderunt,</strong></span> <span class='ocrx_word' id='word_1_416' title='bbox 1222 2972 1379 3027; x_wconf 87' lang='lat' dir='ltr'><strong>alium</strong></span> <span class='ocrx_word' id='word_1_417' title='bbox 1419 2975 1794 3049; x_wconf 78' lang='lat' dir='ltr'><strong>interfecerunt,</strong></span> <span class='ocrx_word' id='word_1_418' title='bbox 1848 2988 2009 3042; x_wconf 88' lang='lat' dir='ltr'><strong>alium</strong></span> 
     </span>
    </p>
   </div>
   <div class='ocr_carea' id='block_1_48' title="bbox 490 3050 2009 3134">
    <p class='ocr_par' dir='ltr' id='par_1_48' title="bbox 490 3050 2009 3134">
     <span class='ocr_line' id='line_1_55' title="bbox 490 3050 2009 3134; baseline 0.024 -37"><span class='ocrx_word' id='word_1_419' title='bbox 490 3057 659 3101; x_wconf 90' lang='lat' dir='ltr'><strong>autem</strong></span> <span class='ocrx_word' id='word_1_420' title='bbox 704 3050 1072 3120; x_wconf 84' lang='lat' dir='ltr'><strong>lapidaverunt.</strong></span> <span class='ocrx_word' id='word_1_421' title='bbox 1115 3060 1202 3115; x_wconf 82' lang='grc'>56.</span> <span class='ocrx_word' id='word_1_422' title='bbox 1242 3062 1469 3119; x_wconf 82' lang='lat' dir='ltr'><strong>Rursum</strong></span> <span class='ocrx_word' id='word_1_423' title='bbox 1510 3071 1643 3123; x_wconf 85' lang='lat' dir='ltr'><strong>misit</strong></span> <span class='ocrx_word' id='word_1_424' title='bbox 1678 3076 1805 3128; x_wconf 89' lang='lat' dir='ltr'><strong>alios</strong></span> <span class='ocrx_word' id='word_1_425' title='bbox 1843 3095 2009 3134; x_wconf 88' lang='lat' dir='ltr'><strong>servos</strong></span> 
     </span>
    </p>
   </div>
   <div class='ocr_carea' id='block_1_49' title="bbox 491 3143 2008 3224">
    <p class='ocr_par' dir='ltr' id='par_1_49' title="bbox 491 3143 2008 3224">
     <span class='ocr_line' id='line_1_56' title="bbox 491 3143 2008 3224; baseline 0.024 -36"><span class='ocrx_word' id='word_1_426' title='bbox 491 3154 698 3193; x_wconf 85' lang='lat' dir='ltr'><strong>numero</strong></span> <span class='ocrx_word' id='word_1_427' title='bbox 725 3143 915 3211; x_wconf 86' lang='lat' dir='ltr'><strong>plures,</strong></span> <span class='ocrx_word' id='word_1_428' title='bbox 953 3157 999 3200; x_wconf 90' lang='lat' dir='ltr'><strong>et</strong></span> <span class='ocrx_word' id='word_1_429' title='bbox 1026 3151 1247 3219; x_wconf 80' lang='lat' dir='ltr'><strong>fecerunt</strong></span> <span class='ocrx_word' id='word_1_430' title='bbox 1276 3154 1381 3209; x_wconf 85' lang='lat' dir='ltr'><strong>illis</strong></span> <span class='ocrx_word' id='word_1_431' title='bbox 1416 3159 1663 3217; x_wconf 86' lang='lat' dir='ltr'><strong>similiter.</strong></span> <span class='ocrx_word' id='word_1_432' title='bbox 1698 3166 1785 3219; x_wconf 76' lang='lat'><strong>37.</strong></span> <span class='ocrx_word' id='word_1_433' title='bbox 1820 3167 2008 3224; x_wconf 83' lang='lat' dir='ltr'><strong>Novis-</strong></span> 
     </span>
    </p>
   </div>
   <div class='ocr_carea' id='block_1_50' title="bbox 491 3229 2004 3316">
    <p class='ocr_par' dir='ltr' id='par_1_50' title="bbox 491 3229 2004 3316">
     <span class='ocr_line' id='line_1_57' title="bbox 491 3229 2004 3316; baseline 0.023 -34"><span class='ocrx_word' id='word_1_434' title='bbox 491 3229 618 3283; x_wconf 83' lang='lat' dir='ltr'><strong>sime</strong></span> <span class='ocrx_word' id='word_1_435' title='bbox 644 3242 811 3286; x_wconf 88' lang='lat' dir='ltr'><strong>autem</strong></span> <span class='ocrx_word' id='word_1_436' title='bbox 847 3238 981 3290; x_wconf 89' lang='lat' dir='ltr'><strong>misit</strong></span> <span class='ocrx_word' id='word_1_437' title='bbox 1002 3240 1071 3292; x_wconf 90' lang='lat' dir='ltr'><strong>ad</strong></span> <span class='ocrx_word' id='word_1_438' title='bbox 1088 3257 1171 3295; x_wconf 90' lang='lat' dir='ltr'><strong>eos</strong></span> <span class='ocrx_word' id='word_1_439' title='bbox 1199 3245 1362 3312; x_wconf 85' lang='lat' dir='ltr'><strong>ﬁlium</strong></span> <span class='ocrx_word' id='word_1_440' title='bbox 1382 3266 1527 3304; x_wconf 89' lang='lat' dir='ltr'><strong>suum</strong></span> <span class='ocrx_word' id='word_1_441' title='bbox 1550 3254 1721 3311; x_wconf 79' lang='lat' dir='ltr'><strong>(licens</strong></span> <span class='ocrx_word' id='word_1_442' title='bbox 1745 3273 1763 3310; x_wconf 93' lang='lat'><strong><em>:</em></strong></span> <span class='ocrx_word' id='word_1_443' title='bbox 1795 3260 2004 3316; x_wconf 81' lang='lat' dir='ltr'><strong>Revere—</strong></span> 
     </span>
    </p>
   </div>
   <div class='ocr_carea' id='block_1_51' title="bbox 486 3321 2005 3411">
    <p class='ocr_par' dir='ltr' id='par_1_51' title="bbox 486 3321 2005 3411">
     <span class='ocr_line' id='line_1_58' title="bbox 486 3321 2005 3411; baseline 0.024 -39"><span class='ocrx_word' id='word_1_444' title='bbox 486 3321 671 3376; x_wconf 75' lang='lat' dir='ltr'><strong>ltuntur</strong></span> <span class='ocrx_word' id='word_1_445' title='bbox 691 3324 819 3393; x_wconf 77' lang='lat' dir='ltr'><strong>forte</strong></span> <span class='ocrx_word' id='word_1_446' title='bbox 836 3328 1000 3394; x_wconf 85' lang='lat' dir='ltr'><strong>ﬁlium</strong></span> <span class='ocrx_word' id='word_1_447' title='bbox 1021 3348 1203 3385; x_wconf 85' lang='lat' dir='ltr'><strong>meum.</strong></span> <span class='ocrx_word' id='word_1_448' title='bbox 1239 3338 1326 3391; x_wconf 82' lang='lat'><strong>58.</strong></span> <span class='ocrx_word' id='word_1_449' title='bbox 1355 3339 1606 3411; x_wconf 73' lang='lat' dir='ltr'><strong>Agricola:</strong></span> <span class='ocrx_word' id='word_1_450' title='bbox 1635 3360 1803 3402; x_wconf 85' lang='lat' dir='ltr'><strong>autem</strong></span> <span class='ocrx_word' id='word_1_451' title='bbox 1832 3353 2005 3409; x_wconf 83' lang='lat' dir='ltr'><strong>viden-</strong></span> 
     </span>
    </p>
   </div>
   <div class='ocr_carea' id='block_1_52' title="bbox 491 3414 1998 3509">
    <p class='ocr_par' dir='ltr' id='par_1_52' title="bbox 491 3414 1998 3509">
     <span class='ocr_line' id='line_1_59' title="bbox 491 3414 1998 3509; baseline 0.023 -46"><span class='ocrx_word' id='word_1_452' title='bbox 491 3422 563 3466; x_wconf 88' lang='lat' dir='ltr'><strong>tes</strong></span> <span class='ocrx_word' id='word_1_453' title='bbox 587 3414 770 3482; x_wconf 84' lang='lat' dir='ltr'><strong>filiunt,</strong></span> <span class='ocrx_word' id='word_1_454' title='bbox 803 3417 1038 3474; x_wconf 72' lang='lat' dir='ltr'><strong>dixerunt</strong></span> <span class='ocrx_word' id='word_1_455' title='bbox 1067 3425 1117 3476; x_wconf 85' lang='lat' dir='ltr'><strong>in</strong></span> <span class='ocrx_word' id='word_1_456' title='bbox 1145 3427 1323 3494; x_wconf 82' lang='lat' dir='ltr'><strong>seipsis</strong></span> <span class='ocrx_word' id='word_1_457' title='bbox 1346 3445 1364 3483; x_wconf 91' lang='lat'><em>:</em></span> <span class='ocrx_word' id='word_1_458' title='bbox 1387 3430 1435 3483; x_wconf 89' lang='grc' dir='ltr'><em>Η</em></span> <span class='ocrx_word' id='word_1_459' title='bbox 1443 3433 1487 3485; x_wconf 88' lang='lat' dir='ltr'><strong>ic</strong></span> <span class='ocrx_word' id='word_1_460' title='bbox 1525 3446 1598 3488; x_wconf 86' lang='lat' dir='ltr'><strong>est</strong></span> <span class='ocrx_word' id='word_1_461' title='bbox 1629 3438 1793 3503; x_wconf 74' lang='lat' dir='ltr'><strong>lieres,</strong></span> <span class='ocrx_word' id='word_1_462' title='bbox 1817 3444 1998 3509; x_wconf 85' lang='lat' dir='ltr'><strong>venite,</strong></span> 
     </span>
    </p>
   </div>
   <div class='ocr_carea' id='block_1_53' title="bbox 485 3505 1998 3604">
    <p class='ocr_par' dir='ltr' id='par_1_53' title="bbox 485 3505 1998 3604">
     <span class='ocr_line' id='line_1_60' title="bbox 485 3505 1998 3604; baseline 0.024 -50"><span class='ocrx_word' id='word_1_463' title='bbox 485 3505 847 3573; x_wconf 80' lang='lat' dir='ltr'><strong>interﬁciamus</strong></span> <span class='ocrx_word' id='word_1_464' title='bbox 874 3526 1006 3578; x_wconf 88' lang='lat' dir='ltr'><strong>eum,</strong></span> <span class='ocrx_word' id='word_1_465' title='bbox 1048 3524 1094 3567; x_wconf 85' lang='lat' dir='ltr'><strong>et</strong></span> <span class='ocrx_word' id='word_1_466' title='bbox 1123 3519 1468 3583; x_wconf 86' lang='lat' dir='ltr'><strong>possideamus</strong></span> <span class='ocrx_word' id='word_1_467' title='bbox 1504 3526 1828 3585; x_wconf 82' lang='lat' dir='ltr'><strong>hereditatem</strong></span> <span class='ocrx_word' id='word_1_468' title='bbox 1867 3537 1998 3604; x_wconf 87' lang='lat' dir='ltr'><strong>ejus.</strong></span> 
     </span>
    </p>
   </div>
   <div class='ocr_carea' id='block_1_54' title="bbox 487 3593 2001 3679">
    <p class='ocr_par' dir='ltr' id='par_1_54' title="bbox 487 3593 2001 3679">
     <span class='ocr_line' id='line_1_61' title="bbox 487 3593 2001 3679; baseline 0.022 -34"><span class='ocrx_word' id='word_1_469' title='bbox 487 3593 573 3647; x_wconf 80' lang='lat'><strong>59.</strong></span> <span class='ocrx_word' id='word_1_470' title='bbox 608 3594 671 3647; x_wconf 88' lang='lat' dir='ltr'><strong>Et</strong></span> <span class='ocrx_word' id='word_1_471' title='bbox 700 3600 1073 3667; x_wconf 80' lang='lat' dir='ltr'><strong>apprehensum</strong></span> <span class='ocrx_word' id='word_1_472' title='bbox 1117 3622 1232 3659; x_wconf 85' lang='lat' dir='ltr'><strong>eum</strong></span> <span class='ocrx_word' id='word_1_473' title='bbox 1275 3611 1524 3679; x_wconf 87' lang='lat' dir='ltr'><strong>ejecerunt</strong></span> <span class='ocrx_word' id='word_1_474' title='bbox 1553 3628 1693 3671; x_wconf 72' lang='lat' dir='ltr'><strong>extra</strong></span> <span class='ocrx_word' id='word_1_475' title='bbox 1730 3622 1924 3677; x_wconf 88' lang='lat' dir='ltr'><strong>vineam</strong></span> <span class='ocrx_word' id='word_1_476' title='bbox 1956 3636 2001 3679; x_wconf 85' lang='lat' dir='ltr'><strong>et</strong></span> 
     </span>
    </p>
   </div>
   <div class='ocr_carea' id='block_1_55' title="bbox 480 3684 1994 3783">
    <p class='ocr_par' dir='ltr' id='par_1_55' title="bbox 480 3684 1994 3783">
     <span class='ocr_line' id='line_1_62' title="bbox 480 3684 1994 3783; baseline 0.024 -48"><span class='ocrx_word' id='word_1_477' title='bbox 480 3684 855 3753; x_wconf 78' lang='lat' dir='ltr'><strong>interfecerunt.</strong></span> <span class='ocrx_word' id='word_1_478' title='bbox 893 3691 981 3745; x_wconf 72' lang='grc'>40.</span> <span class='ocrx_word' id='word_1_479' title='bbox 1012 3693 1138 3747; x_wconf 85' lang='lat' dir='ltr'><strong>Cant</strong></span> <span class='ocrx_word' id='word_1_480' title='bbox 1174 3714 1293 3769; x_wconf 89' lang='lat' dir='ltr'><strong>ergo</strong></span> <span class='ocrx_word' id='word_1_481' title='bbox 1335 3706 1519 3757; x_wconf 83' lang='lat' dir='ltr'><strong>venerit</strong></span> <span class='ocrx_word' id='word_1_482' title='bbox 1553 3709 1789 3765; x_wconf 87' lang='lat' dir='ltr'><strong>dominus</strong></span> <span class='ocrx_word' id='word_1_483' title='bbox 1818 3715 1994 3783; x_wconf 74' lang='lat' dir='ltr'><strong>vinem,</strong></span> 
     </span>
    </p>
   </div>
   <div class='ocr_carea' id='block_1_56' title="bbox 478 3777 1997 3863">
    <p class='ocr_par' dir='ltr' id='par_1_56' title="bbox 478 3777 1997 3863">
     <span class='ocr_line' id='line_1_63' title="bbox 478 3777 1997 3863; baseline 0.024 -37"><span class='ocrx_word' id='word_1_484' title='bbox 478 3777 600 3845; x_wconf 86' lang='lat' dir='ltr'><strong>quid</strong></span> <span class='ocrx_word' id='word_1_485' title='bbox 625 3778 775 3847; x_wconf 78' lang='lat' dir='ltr'><strong>faciet</strong></span> <span class='ocrx_word' id='word_1_486' title='bbox 798 3783 1036 3851; x_wconf 78' lang='lat' dir='ltr'><strong>agricolis</strong></span> <span class='ocrx_word' id='word_1_487' title='bbox 1065 3788 1207 3842; x_wconf 85' lang='lat' dir='ltr'><strong>illis?</strong></span> <span class='ocrx_word' id='word_1_488' title='bbox 1226 3792 1315 3846; x_wconf 74' lang='grc'><strong>41.</strong></span> <span class='ocrx_word' id='word_1_489' title='bbox 1345 3792 1531 3850; x_wconf 87' lang='lat' dir='ltr'><strong>Dicunt</strong></span> <span class='ocrx_word' id='word_1_490' title='bbox 1557 3801 1601 3853; x_wconf 87' lang='lat' dir='ltr'><strong>ei</strong></span> <span class='ocrx_word' id='word_1_491' title='bbox 1625 3816 1644 3855; x_wconf 88' lang='lat'><strong><em>:</em></strong></span> <span class='ocrx_word' id='word_1_492' title='bbox 1673 3803 1840 3859; x_wconf 83' lang='lat' dir='ltr'><strong>Malos</strong></span> <span class='ocrx_word' id='word_1_493' title='bbox 1864 3777 1997 3863; x_wconf 77' lang='lat' dir='ltr'><strong>male</strong></span> 
     </span>
    </p>
   </div>
   <div class='ocr_carea' id='block_1_57' title="bbox 479 3866 1996 3969">
    <p class='ocr_par' dir='ltr' id='par_1_57' title="bbox 479 3866 1996 3969">
     <span class='ocr_line' id='line_1_64' title="bbox 479 3866 1996 3969; baseline 0.026 -54"><span class='ocrx_word' id='word_1_494' title='bbox 479 3866 672 3933; x_wconf 83' lang='lat' dir='ltr'><strong>perdet,</strong></span> <span class='ocrx_word' id='word_1_495' title='bbox 723 3882 768 3921; x_wconf 90' lang='lat' dir='ltr'><strong>et</strong></span> <span class='ocrx_word' id='word_1_496' title='bbox 814 3874 1009 3926; x_wconf 85' lang='lat' dir='ltr'><strong>vineam</strong></span> <span class='ocrx_word' id='word_1_497' title='bbox 1050 3894 1193 3931; x_wconf 88' lang='lat' dir='ltr'><strong>suam</strong></span> <span class='ocrx_word' id='word_1_498' title='bbox 1225 3881 1405 3937; x_wconf 84' lang='lat' dir='ltr'><strong>locabit</strong></span> <span class='ocrx_word' id='word_1_499' title='bbox 1450 3888 1564 3942; x_wconf 89' lang='lat' dir='ltr'><strong>aliis</strong></span> <span class='ocrx_word' id='word_1_500' title='bbox 1601 3895 1858 3962; x_wconf 88' lang='lat' dir='ltr'><strong>agricolis,</strong></span> <span class='ocrx_word' id='word_1_501' title='bbox 1909 3902 1996 3969; x_wconf 85' lang='lat' dir='ltr'><strong>qui</strong></span> 
     </span>
    </p>
   </div>
   <div class='ocr_carea' id='block_1_58' title="bbox 478 3960 1994 4047">
    <p class='ocr_par' dir='ltr' id='par_1_58' title="bbox 478 3960 1994 4047">
     <span class='ocr_line' id='line_1_65' title="bbox 478 3960 1994 4047; baseline 0.026 -39"><span class='ocrx_word' id='word_1_502' title='bbox 478 3960 685 4013; x_wconf 82' lang='lat' dir='ltr'><strong>reddent</strong></span> <span class='ocrx_word' id='word_1_503' title='bbox 724 3963 769 4014; x_wconf 89' lang='lat' dir='ltr'><strong>ei</strong></span> <span class='ocrx_word' id='word_1_504' title='bbox 810 3968 1005 4033; x_wconf 77' lang='lat' dir='ltr'><strong>fructus</strong></span> <span class='ocrx_word' id='word_1_505' title='bbox 1054 3976 1360 4040; x_wconf 86' lang='lat' dir='ltr'><strong>temporibus</strong></span> <span class='ocrx_word' id='word_1_506' title='bbox 1405 3980 1530 4035; x_wconf 88' lang='lat' dir='ltr'><strong>suis.</strong></span> <span class='ocrx_word' id='word_1_507' title='bbox 1580 3983 1669 4038; x_wconf 70' lang='grc'><strong>42.</strong></span> <span class='ocrx_word' id='word_1_508' title='bbox 1712 3986 1848 4041; x_wconf 86' lang='lat' dir='ltr'><strong>Dicit</strong></span> <span class='ocrx_word' id='word_1_509' title='bbox 1892 3993 1994 4047; x_wconf 85' lang='lat' dir='ltr'><strong>illis</strong></span> 
     </span>
    </p>
   </div>
   <div class='ocr_carea' id='block_1_59' title="bbox 476 4050 1991 4153">
    <p class='ocr_par' dir='ltr' id='par_1_59' title="bbox 476 4050 1991 4153">
     <span class='ocr_line' id='line_1_66' title="bbox 476 4050 1991 4153; baseline 0.026 -52"><span class='ocrx_word' id='word_1_510' title='bbox 476 4050 628 4106; x_wconf 87' lang='lat' dir='ltr'><strong>Jesus</strong></span> <span class='ocrx_word' id='word_1_511' title='bbox 654 4069 675 4106; x_wconf 89' lang='lat'><strong><em>:</em></strong></span> <span class='ocrx_word' id='word_1_512' title='bbox 709 4055 1007 4128; x_wconf 73' lang='lat' dir='ltr'><strong>Numquam</strong></span> <span class='ocrx_word' id='word_1_513' title='bbox 1054 4064 1242 4135; x_wconf 87' lang='lat' dir='ltr'><strong>legistis</strong></span> <span class='ocrx_word' id='word_1_514' title='bbox 1287 4069 1340 4122; x_wconf 87' lang='lat' dir='ltr'><strong>in</strong></span> <span class='ocrx_word' id='word_1_515' title='bbox 1386 4070 1702 4145; x_wconf 86' lang='lat' dir='ltr'><strong>Scripturis,</strong></span> <span class='ocrx_word' id='word_1_516' title='bbox 1746 4081 1991 4153; x_wconf 86' lang='lat' dir='ltr'><strong>Lapidem</strong></span> 
     </span>
    </p>
   </div>
   <div class='ocr_carea' id='block_1_60' title="bbox 475 4151 1991 4243">
    <p class='ocr_par' dir='ltr' id='par_1_60' title="bbox 475 4151 1991 4243">
     <span class='ocr_line' id='line_1_67' title="bbox 475 4151 1991 4243; baseline 0.026 -48"><span class='ocrx_word' id='word_1_517' title='bbox 475 4161 620 4211; x_wconf 79' lang='lat' dir='ltr'><strong>quem</strong></span> <span class='ocrx_word' id='word_1_518' title='bbox 665 4151 1057 4215; x_wconf 81' lang='lat' dir='ltr'><strong>reprobaverunt</strong></span> <span class='ocrx_word' id='word_1_519' title='bbox 1101 4159 1430 4231; x_wconf 68' lang='lat' dir='ltr'><strong>aediﬁcantes,</strong></span> <span class='ocrx_word' id='word_1_520' title='bbox 1483 4170 1564 4224; x_wconf 82' lang='lat' dir='ltr'><strong>hic</strong></span> <span class='ocrx_word' id='word_1_521' title='bbox 1620 4177 1783 4243; x_wconf 82' lang='lat' dir='ltr'><strong>factus</strong></span> <span class='ocrx_word' id='word_1_522' title='bbox 1828 4191 1901 4233; x_wconf 86' lang='lat' dir='ltr'><strong>est</strong></span> <span class='ocrx_word' id='word_1_523' title='bbox 1938 4182 1991 4234; x_wconf 87' lang='lat' dir='ltr'><strong>in</strong></span> 
     </span>
    </p>
   </div>
   <div class='ocr_carea' id='block_1_61' title="bbox 477 4240 1351 4323">
    <p class='ocr_par' dir='ltr' id='par_1_61' title="bbox 477 4240 1351 4323">
     <span class='ocr_line' id='line_1_68' title="bbox 477 4240 1351 4323; baseline 0.026 -37"><span class='ocrx_word' id='word_1_524' title='bbox 477 4245 630 4298; x_wconf 85' lang='lat' dir='ltr'><strong>caput</strong></span> <span class='ocrx_word' id='word_1_525' title='bbox 667 4242 844 4310; x_wconf 89' lang='lat' dir='ltr'><strong>anguli</strong></span> <span class='ocrx_word' id='word_1_526' title='bbox 869 4240 1040 4313; x_wconf 89' lang='lat' dir='ltr'><strong>(Psal.</strong></span> <span class='ocrx_word' id='word_1_527' title='bbox 1077 4250 1197 4304; x_wconf 82' lang='grc'>117.</span> <span class='ocrx_word' id='word_1_528' title='bbox 1221 4252 1351 4323; x_wconf 70' lang='lat'><strong>29.)?</strong></span> 
     </span>
    </p>
   </div>
   <div class='ocr_carea' id='block_1_62' title="bbox 477 4327 1989 4432">
    <p class='ocr_par' dir='ltr' id='par_1_62' title="bbox 477 4327 1989 4432">
     <span class='ocr_line' id='line_1_69' title="bbox 477 4327 1989 4432; baseline 0.028 -54"><span class='ocrx_word' id='word_1_529' title='bbox 477 4327 527 4380; x_wconf 81' lang='lat' dir='ltr'><strong>l.</strong></span> <span class='ocrx_word' id='word_1_530' title='bbox 573 4327 731 4384; x_wconf 81' lang='lat' dir='ltr'><strong>Multa</strong></span> <span class='ocrx_word' id='word_1_531' title='bbox 756 4347 849 4400; x_wconf 89' lang='lat' dir='ltr'><strong>per</strong></span> <span class='ocrx_word' id='word_1_532' title='bbox 876 4334 1014 4392; x_wconf 90' lang='lat' dir='ltr'><strong>hanc</strong></span> <span class='ocrx_word' id='word_1_533' title='bbox 1042 4344 1347 4409; x_wconf 87' lang='lat' dir='ltr'><strong>parabolam</strong></span> <span class='ocrx_word' id='word_1_534' title='bbox 1370 4351 1672 4410; x_wconf 89' lang='lat' dir='ltr'><strong>subindicat</strong></span> <span class='ocrx_word' id='word_1_535' title='bbox 1696 4375 1707 4411; x_wconf 95' lang='lat'>:</span> <span class='ocrx_word' id='word_1_536' title='bbox 1741 4360 1835 4415; x_wconf 89' lang='lat' dir='ltr'><strong>Dei</strong></span> <span class='ocrx_word' id='word_1_537' title='bbox 1863 4377 1989 4432; x_wconf 92' lang='lat' dir='ltr'><strong>pro-</strong></span> 
     </span>
    </p>
   </div>
   <div class='ocr_carea' id='block_1_63' title="bbox 402 4419 1988 4517">
    <p class='ocr_par' dir='ltr' id='par_1_63' title="bbox 402 4419 1988 4517">
     <span class='ocr_line' id='line_1_70' title="bbox 402 4419 1988 4517; baseline 0.027 -47"><span class='ocrx_word' id='word_1_538' title='bbox 402 4419 712 4488; x_wconf 82' lang='lat' dir='ltr'><strong>videntiam,</strong></span> <span class='ocrx_word' id='word_1_539' title='bbox 743 4440 845 4495; x_wconf 87' lang='lat' dir='ltr'><strong>qua</strong></span> <span class='ocrx_word' id='word_1_540' title='bbox 876 4440 1090 4500; x_wconf 90' lang='lat' dir='ltr'><strong>semper</strong></span> <span class='ocrx_word' id='word_1_541' title='bbox 1119 4435 1222 4491; x_wconf 90' lang='lat' dir='ltr'><strong>illis</strong></span> <span class='ocrx_word' id='word_1_542' title='bbox 1251 4439 1438 4508; x_wconf 82' lang='lat' dir='ltr'><strong>adfuit,</strong></span> <span class='ocrx_word' id='word_1_543' title='bbox 1472 4451 1870 4517; x_wconf 86' lang='lat' dir='ltr'><strong>sanguinarium</strong></span> <span class='ocrx_word' id='word_1_544' title='bbox 1897 4475 1988 4512; x_wconf 93' lang='lat' dir='ltr'><strong>eo-</strong></span> 
     </span>
    </p>
   </div>
   <div class='ocr_carea' id='block_1_64' title="bbox 401 4515 1985 4607">
    <p class='ocr_par' dir='ltr' id='par_1_64' title="bbox 401 4515 1985 4607">
     <span class='ocr_line' id='line_1_71' title="bbox 401 4515 1985 4607; baseline 0.027 -44"><span class='ocrx_word' id='word_1_545' title='bbox 401 4527 518 4564; x_wconf 82' lang='lat' dir='ltr'><strong>rum</strong></span> <span class='ocrx_word' id='word_1_546' title='bbox 533 4527 561 4565; x_wconf 88' lang='lat' dir='ltr'><strong>a</strong></span> <span class='ocrx_word' id='word_1_547' title='bbox 585 4515 842 4585; x_wconf 90' lang='lat' dir='ltr'><strong>principio</strong></span> <span class='ocrx_word' id='word_1_548' title='bbox 858 4521 1113 4591; x_wconf 91' lang='lat' dir='ltr'><strong>animum,</strong></span> <span class='ocrx_word' id='word_1_549' title='bbox 1136 4528 1371 4601; x_wconf 89' lang='lat' dir='ltr'><strong>nihilque</strong></span> <span class='ocrx_word' id='word_1_550' title='bbox 1390 4543 1803 4603; x_wconf 85' lang='lat' dir='ltr'><strong>praetermissum</strong></span> <span class='ocrx_word' id='word_1_551' title='bbox 1824 4547 1985 4607; x_wconf 83' lang='lat' dir='ltr'><strong>luisse</strong></span> 
     </span>
    </p>
   </div>
   <div class='ocr_carea' id='block_1_65' title="bbox 400 4603 1981 4708">
    <p class='ocr_par' dir='ltr' id='par_1_65' title="bbox 400 4603 1981 4708">
     <span class='ocr_line' id='line_1_72' title="bbox 400 4603 1981 4708; baseline 0.028 -56"><span class='ocrx_word' id='word_1_552' title='bbox 400 4603 543 4669; x_wconf 78' lang='lat' dir='ltr'><strong>quod</strong></span> <span class='ocrx_word' id='word_1_553' title='bbox 591 4604 657 4659; x_wconf 91' lang='lat' dir='ltr'><strong>ad</strong></span> <span class='ocrx_word' id='word_1_554' title='bbox 700 4622 882 4662; x_wconf 91' lang='lat' dir='ltr'><strong>curam</strong></span> <span class='ocrx_word' id='word_1_555' title='bbox 927 4628 1112 4669; x_wconf 89' lang='lat' dir='ltr'><strong>eorum</strong></span> <span class='ocrx_word' id='word_1_556' title='bbox 1152 4624 1442 4687; x_wconf 89' lang='lat' dir='ltr'><strong>gerendam</strong></span> <span class='ocrx_word' id='word_1_557' title='bbox 1484 4633 1795 4703; x_wconf 89' lang='lat' dir='ltr'><strong>pertineret,</strong></span> <span class='ocrx_word' id='word_1_558' title='bbox 1839 4643 1981 4708; x_wconf 90' lang='lat' dir='ltr'><strong>quod</strong></span> 
     </span>
    </p>
   </div>
   <div class='ocr_carea' id='block_1_66' title="bbox 400 4692 1978 4798">
    <p class='ocr_par' dir='ltr' id='par_1_66' title="bbox 400 4692 1978 4798">
     <span class='ocr_line' id='line_1_73' title="bbox 400 4692 1978 4798; baseline 0.026 -54"><span class='ocrx_word' id='word_1_559' title='bbox 400 4692 676 4761; x_wconf 86' lang='lat' dir='ltr'><strong>prophetis</strong></span> <span class='ocrx_word' id='word_1_560' title='bbox 720 4698 912 4755; x_wconf 90' lang='lat' dir='ltr'><strong>occisis</strong></span> <span class='ocrx_word' id='word_1_561' title='bbox 951 4718 1056 4758; x_wconf 90' lang='lat' dir='ltr'><strong>non</strong></span> <span class='ocrx_word' id='word_1_562' title='bbox 1104 4721 1325 4766; x_wconf 86' lang='lat' dir='ltr'><strong>aversus</strong></span> <span class='ocrx_word' id='word_1_563' title='bbox 1370 4714 1438 4769; x_wconf 91' lang='lat' dir='ltr'><strong>ab</strong></span> <span class='ocrx_word' id='word_1_564' title='bbox 1482 4718 1586 4775; x_wconf 88' lang='lat' dir='ltr'><strong>illis</strong></span> <span class='ocrx_word' id='word_1_565' title='bbox 1613 4720 1775 4779; x_wconf 80' lang='lat' dir='ltr'><strong>fuerit</strong></span> <span class='ocrx_word' id='word_1_566' title='bbox 1822 4728 1978 4798; x_wconf 91' lang='lat' dir='ltr'><strong>Deus,</strong></span> 
     </span>
    </p>
   </div>
   <div class='ocr_carea' id='block_1_67' title="bbox 396 4785 1980 4879">
    <p class='ocr_par' dir='ltr' id='par_1_67' title="bbox 396 4785 1980 4879">
     <span class='ocr_line' id='line_1_74' title="bbox 396 4785 1980 4879; baseline 0.027 -43"><span class='ocrx_word' id='word_1_567' title='bbox 396 4785 490 4837; x_wconf 86' lang='lat' dir='ltr'><strong>sed</strong></span> <span class='ocrx_word' id='word_1_568' title='bbox 528 4796 582 4840; x_wconf 91' lang='lat' dir='ltr'><strong>et</strong></span> <span class='ocrx_word' id='word_1_569' title='bbox 627 4788 819 4845; x_wconf 86' lang='lat' dir='ltr'><strong>Filium</strong></span> <span class='ocrx_word' id='word_1_570' title='bbox 850 4809 1004 4849; x_wconf 91' lang='lat' dir='ltr'><strong>suum</strong></span> <span class='ocrx_word' id='word_1_571' title='bbox 1037 4800 1279 4869; x_wconf 89' lang='lat' dir='ltr'><strong>miserit;</strong></span> <span class='ocrx_word' id='word_1_572' title='bbox 1311 4807 1451 4874; x_wconf 89' lang='lat' dir='ltr'><strong>quod</strong></span> <span class='ocrx_word' id='word_1_573' title='bbox 1492 4809 1627 4866; x_wconf 90' lang='lat' dir='ltr'><strong>Novi</strong></span> <span class='ocrx_word' id='word_1_574' title='bbox 1671 4825 1726 4869; x_wconf 91' lang='lat' dir='ltr'><strong>et</strong></span> <span class='ocrx_word' id='word_1_575' title='bbox 1769 4785 1980 4879; x_wconf 79' lang='lat' dir='ltr'><strong>Veteris</strong></span> 
     </span>
    </p>
   </div>
   <div class='ocr_carea' id='block_1_68' title="bbox 397 4872 1975 4981">
    <p class='ocr_par' dir='ltr' id='par_1_68' title="bbox 397 4872 1975 4981">
     <span class='ocr_line' id='line_1_75' title="bbox 397 4872 1975 4981; baseline 0.025 -51"><span class='ocrx_word' id='word_1_576' title='bbox 397 4872 725 4936; x_wconf 87' lang='lat' dir='ltr'><strong>&#39;l&#39;estamenti</strong></span> <span class='ocrx_word' id='word_1_577' title='bbox 756 4900 891 4940; x_wconf 90' lang='lat' dir='ltr'><strong>unus</strong></span> <span class='ocrx_word' id='word_1_578' title='bbox 929 4898 986 4943; x_wconf 90' lang='lat' dir='ltr'><strong>et</strong></span> <span class='ocrx_word' id='word_1_579' title='bbox 1015 4890 1153 4946; x_wconf 93' lang='lat' dir='ltr'><strong>idem</strong></span> <span class='ocrx_word' id='word_1_580' title='bbox 1197 4895 1266 4949; x_wconf 91' lang='lat' dir='ltr'><strong>sit</strong></span> <span class='ocrx_word' id='word_1_581' title='bbox 1294 4872 1434 4953; x_wconf 82' lang='lat' dir='ltr'><strong>Deus</strong></span> <span class='ocrx_word' id='word_1_582' title='bbox 1460 4918 1474 4965; x_wconf 92' lang='lat'><strong>;</strong></span> <span class='ocrx_word' id='word_1_583' title='bbox 1504 4904 1647 4972; x_wconf 90' lang='lat' dir='ltr'><strong>quod</strong></span> <span class='ocrx_word' id='word_1_584' title='bbox 1688 4924 1833 4965; x_wconf 92' lang='lat' dir='ltr'><strong>mors</strong></span> <span class='ocrx_word' id='word_1_585' title='bbox 1859 4914 1975 4981; x_wconf 89' lang='lat' dir='ltr'><strong>ejus</strong></span> 
     </span>
    </p>
   </div>
   <div class='ocr_carea' id='block_1_69' title="bbox 397 4980 1973 5063">
    <p class='ocr_par' dir='ltr' id='par_1_69' title="bbox 397 4980 1973 5063">
     <span class='ocr_line' id='line_1_76' title="bbox 397 4980 1973 5063; baseline 0.025 -42"><span class='ocrx_word' id='word_1_586' title='bbox 397 4984 587 5041; x_wconf 88' lang='lat' dir='ltr'><strong>magna</strong></span> <span class='ocrx_word' id='word_1_587' title='bbox 636 4987 854 5043; x_wconf 81' lang='lat' dir='ltr'><strong>Operata</strong></span> <span class='ocrx_word' id='word_1_588' title='bbox 900 4980 998 5047; x_wconf 87' lang='lat' dir='ltr'><strong>sit;</strong></span> <span class='ocrx_word' id='word_1_589' title='bbox 1045 4985 1186 5052; x_wconf 92' lang='lat' dir='ltr'><strong>quod</strong></span> <span class='ocrx_word' id='word_1_590' title='bbox 1228 4998 1492 5047; x_wconf 80' lang='lat' dir='ltr'><strong>extremas</strong></span> <span class='ocrx_word' id='word_1_591' title='bbox 1520 5010 1705 5063; x_wconf 67' lang='lat' dir='ltr'><strong>pinnas</strong></span> <span class='ocrx_word' id='word_1_592' title='bbox 1749 4980 1973 5061; x_wconf 12' lang='lat' dir='ltr'><strong>dentiob</strong></span> 
     </span>
    </p>
   </div>
   <div class='ocr_carea' id='block_1_70' title="bbox 394 5066 1975 5162">
    <p class='ocr_par' dir='ltr' id='par_1_70' title="bbox 394 5066 1975 5162">
     <span class='ocr_line' id='line_1_77' title="bbox 394 5066 1975 5162; baseline 0.025 -48"><span class='ocrx_word' id='word_1_593' title='bbox 394 5075 609 5118; x_wconf 90' lang='lat' dir='ltr'><strong>crucem</strong></span> <span class='ocrx_word' id='word_1_594' title='bbox 637 5076 692 5119; x_wconf 91' lang='lat' dir='ltr'><strong>et</strong></span> <span class='ocrx_word' id='word_1_595' title='bbox 732 5066 935 5125; x_wconf 83' lang='lat' dir='ltr'><strong>facinus</strong></span> <span class='ocrx_word' id='word_1_596' title='bbox 964 5088 1119 5129; x_wconf 91' lang='lat' dir='ltr'><strong>suum</strong></span> <span class='ocrx_word' id='word_1_597' title='bbox 1147 5081 1420 5148; x_wconf 88' lang='lat' dir='ltr'><strong>:gentium</strong></span> <span class='ocrx_word' id='word_1_598' title='bbox 1461 5092 1887 5162; x_wconf 87' lang='lat' dir='ltr'><strong>conversionem,</strong></span> <span class='ocrx_word' id='word_1_599' title='bbox 1920 5107 1975 5153; x_wconf 90' lang='lat' dir='ltr'><strong>et</strong></span> 
     </span>
    </p>
   </div>
   <div class='ocr_carea' id='block_1_71' title="bbox 391 5152 1973 5257">
    <p class='ocr_par' dir='ltr' id='par_1_71' title="bbox 391 5152 1973 5257">
     <span class='ocr_line' id='line_1_78' title="bbox 391 5152 1973 5257; baseline 0.023 -49"><span class='ocrx_word' id='word_1_600' title='bbox 391 5152 696 5211; x_wconf 71' lang='lat' dir='ltr'><strong>Judzeorum</strong></span> <span class='ocrx_word' id='word_1_601' title='bbox 727 5160 955 5230; x_wconf 90' lang='lat' dir='ltr'><strong>lapsum.</strong></span> <span class='ocrx_word' id='word_1_602' title='bbox 994 5163 1119 5221; x_wconf 90' lang='lat' dir='ltr'><strong>Ideo</strong></span> <span class='ocrx_word' id='word_1_603' title='bbox 1156 5169 1316 5239; x_wconf 86' lang='lat' dir='ltr'><strong>igitur</strong></span> <span class='ocrx_word' id='word_1_604' title='bbox 1342 5174 1478 5232; x_wconf 90' lang='lat' dir='ltr'><strong>hanc</strong></span> <span class='ocrx_word' id='word_1_605' title='bbox 1515 5182 1823 5248; x_wconf 88' lang='lat' dir='ltr'><strong>parabolam</strong></span> <span class='ocrx_word' id='word_1_606' title='bbox 1856 5202 1973 5257; x_wconf 92' lang='lat' dir='ltr'><strong>post</strong></span> 
     </span>
    </p>
   </div>
   <div class='ocr_carea' id='block_1_72' title="bbox 394 5247 1966 5347">
    <p class='ocr_par' dir='ltr' id='par_1_72' title="bbox 394 5247 1966 5347">
     <span class='ocr_line' id='line_1_79' title="bbox 394 5247 1966 5347; baseline 0.027 -51"><span class='ocrx_word' id='word_1_607' title='bbox 394 5247 781 5314; x_wconf 63' lang='lat' dir='ltr'><strong>prstcedentem</strong></span> <span class='ocrx_word' id='word_1_608' title='bbox 813 5256 1009 5322; x_wconf 88' lang='lat' dir='ltr'><strong>posuit,</strong></span> <span class='ocrx_word' id='word_1_609' title='bbox 1044 5267 1101 5314; x_wconf 92' lang='lat' dir='ltr'><strong>ut</strong></span> <span class='ocrx_word' id='word_1_610' title='bbox 1129 5272 1183 5316; x_wconf 90' lang='lat' dir='ltr'><strong>et</strong></span> <span class='ocrx_word' id='word_1_611' title='bbox 1208 5265 1379 5335; x_wconf 80' lang='lat' dir='ltr'><strong>majus</strong></span> <span class='ocrx_word' id='word_1_612' title='bbox 1408 5247 1609 5328; x_wconf 87' lang='lat' dir='ltr'><strong>crimen</strong></span> <span class='ocrx_word' id='word_1_613' title='bbox 1638 5281 1966 5347; x_wconf 89' lang='lat' dir='ltr'><strong>ostenderet,</strong></span> 
     </span>
    </p>
   </div>
   <div class='ocr_carea' id='block_1_73' title="bbox 391 5338 1968 5443">
    <p class='ocr_par' dir='ltr' id='par_1_73' title="bbox 391 5338 1968 5443">
     <span class='ocr_line' id='line_1_80' title="bbox 391 5338 1968 5443; baseline 0.024 -52"><span class='ocrx_word' id='word_1_614' title='bbox 391 5338 533 5407; x_wconf 86' lang='lat' dir='ltr'><strong>quod</strong></span> <span class='ocrx_word' id='word_1_615' title='bbox 577 5340 775 5396; x_wconf 89' lang='lat' dir='ltr'><strong>nullam</strong></span> <span class='ocrx_word' id='word_1_616' title='bbox 807 5348 1017 5403; x_wconf 90' lang='lat' dir='ltr'><strong>veniam</strong></span> <span class='ocrx_word' id='word_1_617' title='bbox 1062 5366 1381 5414; x_wconf 89' lang='lat' dir='ltr'><strong>mereretur.</strong></span> <span class='ocrx_word' id='word_1_618' title='bbox 1430 5361 1545 5429; x_wconf 92' lang='lat' dir='ltr'><strong>Quo</strong></span> <span class='ocrx_word' id='word_1_619' title='bbox 1574 5368 1733 5423; x_wconf 93' lang='lat' dir='ltr'><strong>modo</strong></span> <span class='ocrx_word' id='word_1_620' title='bbox 1773 5382 1824 5425; x_wconf 92' lang='lat' dir='ltr'><strong>et</strong></span> <span class='ocrx_word' id='word_1_621' title='bbox 1865 5390 1968 5443; x_wconf 84' lang='lat' dir='ltr'><strong>qua</strong></span> 
     </span>
    </p>
   </div>
   <div class='ocr_carea' id='block_1_74' title="bbox 390 5431 1965 5527">
    <p class='ocr_par' dir='ltr' id='par_1_74' title="bbox 390 5431 1965 5527">
     <span class='ocr_line' id='line_1_81' title="bbox 390 5431 1965 5527; baseline 0.023 -44"><span class='ocrx_word' id='word_1_622' title='bbox 390 5431 634 5485; x_wconf 88' lang='lat' dir='ltr'><strong>ratione?</strong></span> <span class='ocrx_word' id='word_1_623' title='bbox 660 5432 793 5499; x_wconf 86' lang='lat' dir='ltr'><strong>Quia</strong></span> <span class='ocrx_word' id='word_1_624' title='bbox 828 5445 1024 5495; x_wconf 88' lang='lat' dir='ltr'><strong>tantam</strong></span> <span class='ocrx_word' id='word_1_625' title='bbox 1063 5446 1201 5499; x_wconf 91' lang='lat' dir='ltr'><strong>nacti</strong></span> <span class='ocrx_word' id='word_1_626' title='bbox 1230 5448 1320 5502; x_wconf 92' lang='lat' dir='ltr'><strong>Dei</strong></span> <span class='ocrx_word' id='word_1_627' title='bbox 1351 5453 1756 5527; x_wconf 87' lang='lat' dir='ltr'><strong>providentiam,</strong></span> <span class='ocrx_word' id='word_1_628' title='bbox 1790 5479 1817 5516; x_wconf 93' lang='lat' dir='ltr'><strong>a</strong></span> <span class='ocrx_word' id='word_1_629' title='bbox 1856 5481 1965 5521; x_wconf 90' lang='lat' dir='ltr'><strong>me-</strong></span> 
     </span>
    </p>
   </div>
   <div class='ocr_carea' id='block_1_75' title="bbox 389 5521 1961 5612">
    <p class='ocr_par' dir='ltr' id='par_1_75' title="bbox 389 5521 1961 5612">
     <span class='ocr_line' id='line_1_82' title="bbox 389 5521 1961 5612; baseline 0.025 -40"><span class='ocrx_word' id='word_1_630' title='bbox 389 5521 666 5579; x_wconf 85' lang='lat' dir='ltr'><strong>retricibus</strong></span> <span class='ocrx_word' id='word_1_631' title='bbox 692 5532 746 5577; x_wconf 93' lang='lat' dir='ltr'><strong>et</strong></span> <span class='ocrx_word' id='word_1_632' title='bbox 773 5526 1068 5595; x_wconf 88' lang='lat' dir='ltr'><strong>publicanis</strong></span> <span class='ocrx_word' id='word_1_633' title='bbox 1091 5536 1236 5603; x_wconf 89' lang='lat' dir='ltr'><strong>victi,</strong></span> <span class='ocrx_word' id='word_1_634' title='bbox 1264 5539 1417 5611; x_wconf 90' lang='lat' dir='ltr'><strong>longe</strong></span> <span class='ocrx_word' id='word_1_635' title='bbox 1443 5558 1588 5600; x_wconf 91' lang='lat' dir='ltr'><strong>retro</strong></span> <span class='ocrx_word' id='word_1_636' title='bbox 1622 5551 1787 5607; x_wconf 88' lang='lat' dir='ltr'><strong>relicti</strong></span> <span class='ocrx_word' id='word_1_637' title='bbox 1819 5567 1961 5612; x_wconf 86' lang='lat' dir='ltr'><strong>sunt.</strong></span> 
     </span>
    </p>
   </div>
   <div class='ocr_carea' id='block_1_76' title="bbox 390 5607 1966 5710">
    <p class='ocr_par' dir='ltr' id='par_1_76' title="bbox 390 5607 1966 5710">
     <span class='ocr_line' id='line_1_83' title="bbox 390 5607 1966 5710; baseline 0.025 -47"><span class='ocrx_word' id='word_1_638' title='bbox 390 5607 665 5677; x_wconf 83' lang='lat' dir='ltr'><strong>Perpende</strong></span> <span class='ocrx_word' id='word_1_639' title='bbox 703 5625 880 5672; x_wconf 86' lang='lat' dir='ltr'><strong>autem</strong></span> <span class='ocrx_word' id='word_1_640' title='bbox 925 5628 980 5675; x_wconf 89' lang='lat' dir='ltr'><strong>et</strong></span> <span class='ocrx_word' id='word_1_641' title='bbox 1021 5621 1136 5692; x_wconf 87' lang='lat' dir='ltr'><strong>ejus</strong></span> <span class='ocrx_word' id='word_1_642' title='bbox 1170 5607 1410 5698; x_wconf 76' lang='lat' dir='ltr'><strong>magnoin</strong></span> <span class='ocrx_word' id='word_1_643' title='bbox 1456 5638 1861 5710; x_wconf 82' lang='lat' dir='ltr'><strong>providentiam,</strong></span> <span class='ocrx_word' id='word_1_644' title='bbox 1912 5659 1966 5703; x_wconf 90' lang='lat' dir='ltr'><strong>et</strong></span> 
     </span>
    </p>
   </div>
   <div class='ocr_carea' id='block_1_77' title="bbox 390 5698 1961 5807">
    <p class='ocr_par' dir='ltr' id='par_1_77' title="bbox 390 5698 1961 5807">
     <span class='ocr_line' id='line_1_84' title="bbox 390 5698 1961 5807; baseline 0.028 -53"><span class='ocrx_word' id='word_1_645' title='bbox 390 5698 594 5759; x_wconf 90' lang='lat' dir='ltr'><strong>illorum</strong></span> <span class='ocrx_word' id='word_1_646' title='bbox 630 5706 992 5783; x_wconf 85' lang='lat' dir='ltr'><strong>incredibilem</strong></span> <span class='ocrx_word' id='word_1_647' title='bbox 1024 5716 1384 5787; x_wconf 88' lang='lat' dir='ltr'><strong>supinitatem.</strong></span> <span class='ocrx_word' id='word_1_648' title='bbox 1430 5725 1560 5783; x_wconf 74' lang='lat' dir='ltr'><strong>Nam</strong></span> <span class='ocrx_word' id='word_1_649' title='bbox 1593 5747 1712 5802; x_wconf 73' lang='lat' dir='ltr'><strong>qua:</strong></span> <span class='ocrx_word' id='word_1_650' title='bbox 1754 5740 1961 5807; x_wconf 88' lang='lat' dir='ltr'><strong>agrico-</strong></span> 
     </span>
    </p>
   </div>
   <div class='ocr_carea' id='block_1_78' title="bbox 2120 2346 3699 2447">
    <p class='ocr_par' dir='ltr' id='par_1_78' title="bbox 2120 2346 3699 2447">
     <span class='ocr_line' id='line_1_85' title="bbox 2120 2346 3699 2447; baseline 0.025 -46"><span class='ocrx_word' id='word_1_651' title='bbox 2120 2346 2291 2404; x_wconf 91' lang='lat' dir='ltr'><strong>larum</strong></span> <span class='ocrx_word' id='word_1_652' title='bbox 2320 2366 2499 2422; x_wconf 89' lang='lat' dir='ltr'><strong>erant,</strong></span> <span class='ocrx_word' id='word_1_653' title='bbox 2528 2359 2639 2427; x_wconf 89' lang='lat' dir='ltr'><strong>ipse</strong></span> <span class='ocrx_word' id='word_1_654' title='bbox 2670 2360 2789 2417; x_wconf 81' lang='lat' dir='ltr'><strong>fecit</strong></span> <span class='ocrx_word' id='word_1_655' title='bbox 2823 2384 2834 2417; x_wconf 94' lang='lat'>:</span> <span class='ocrx_word' id='word_1_656' title='bbox 2874 2371 3158 2426; x_wconf 87' lang='lat' dir='ltr'><strong>maceriam</strong></span> <span class='ocrx_word' id='word_1_657' title='bbox 3190 2376 3592 2447; x_wconf 87' lang='lat' dir='ltr'><strong>circumposuit,</strong></span> <span class='ocrx_word' id='word_1_658' title='bbox 3628 2387 3699 2438; x_wconf 82' lang='lat' dir='ltr'><strong>vi-</strong></span> 
     </span>
    </p>
   </div>
   <div class='ocr_carea' id='block_1_79' title="bbox 2118 2446 3700 2543">
    <p class='ocr_par' dir='ltr' id='par_1_79' title="bbox 2118 2446 3700 2543">
     <span class='ocr_line' id='line_1_86' title="bbox 2118 2446 3700 2543; baseline 0.024 -50"><span class='ocrx_word' id='word_1_659' title='bbox 2118 2458 2270 2497; x_wconf 87' lang='lat' dir='ltr'><strong>neam</strong></span> <span class='ocrx_word' id='word_1_660' title='bbox 2300 2446 2576 2517; x_wconf 88' lang='lat' dir='ltr'><strong>plantavit,</strong></span> <span class='ocrx_word' id='word_1_661' title='bbox 2619 2454 2818 2524; x_wconf 83' lang='lat' dir='ltr'><strong>reliqua</strong></span> <span class='ocrx_word' id='word_1_662' title='bbox 2850 2462 3024 2514; x_wconf 87' lang='lat' dir='ltr'><strong>oumia</strong></span> <span class='ocrx_word' id='word_1_663' title='bbox 3070 2468 3350 2534; x_wconf 69' lang='lat' dir='ltr'><strong>praestitit;</strong></span> <span class='ocrx_word' id='word_1_664' title='bbox 3398 2446 3452 2526; x_wconf 84' lang='lat' dir='ltr'><strong>et</strong></span> <span class='ocrx_word' id='word_1_665' title='bbox 3480 2491 3700 2543; x_wconf 76' lang='lat' dir='ltr'><strong>parvum</strong></span> 
     </span>
    </p>
   </div>
   <div class='ocr_carea' id='block_1_80' title="bbox 2118 2535 3695 2635">
    <p class='ocr_par' dir='ltr' id='par_1_80' title="bbox 2118 2535 3695 2635">
     <span class='ocr_line' id='line_1_87' title="bbox 2118 2535 3695 2635; baseline 0.025 -49"><span class='ocrx_word' id='word_1_666' title='bbox 2118 2535 2241 2602; x_wconf 90' lang='lat' dir='ltr'><strong>quid</strong></span> <span class='ocrx_word' id='word_1_667' title='bbox 2275 2539 2405 2607; x_wconf 90' lang='lat' dir='ltr'><strong>ipsis</strong></span> <span class='ocrx_word' id='word_1_668' title='bbox 2434 2542 2669 2613; x_wconf 90' lang='lat' dir='ltr'><strong>reliquit,</strong></span> <span class='ocrx_word' id='word_1_669' title='bbox 2698 2558 2753 2601; x_wconf 92' lang='lat' dir='ltr'><strong>ut</strong></span> <span class='ocrx_word' id='word_1_670' title='bbox 2780 2566 2865 2604; x_wconf 91' lang='lat' dir='ltr'><strong>res</strong></span> <span class='ocrx_word' id='word_1_671' title='bbox 2893 2553 3012 2608; x_wconf 81' lang='lat' dir='ltr'><strong>illas</strong></span> <span class='ocrx_word' id='word_1_672' title='bbox 3041 2572 3312 2627; x_wconf 89' lang='lat' dir='ltr'><strong>curarent,</strong></span> <span class='ocrx_word' id='word_1_673' title='bbox 3345 2573 3399 2618; x_wconf 92' lang='lat' dir='ltr'><strong>et</strong></span> <span class='ocrx_word' id='word_1_674' title='bbox 3425 2582 3541 2635; x_wconf 65' lang='lat' dir='ltr'><strong>quae</strong></span> <span class='ocrx_word' id='word_1_675' title='bbox 3574 2570 3695 2626; x_wconf 89' lang='lat' dir='ltr'><strong>data</strong></span> 
     </span>
    </p>
   </div>
   <div class='ocr_carea' id='block_1_81' title="bbox 2115 2622 3697 2723">
    <p class='ocr_par' dir='ltr' id='par_1_81' title="bbox 2115 2622 3697 2723">
     <span class='ocr_line' id='line_1_88' title="bbox 2115 2622 3697 2723; baseline 0.025 -48"><span class='ocrx_word' id='word_1_676' title='bbox 2115 2622 2321 2681; x_wconf 77' lang='lat' dir='ltr'><strong>fuerant</strong></span> <span class='ocrx_word' id='word_1_677' title='bbox 2345 2644 2744 2691; x_wconf 85' lang='lat' dir='ltr'><strong>conservarent.</strong></span> <span class='ocrx_word' id='word_1_678' title='bbox 2768 2639 2905 2694; x_wconf 88' lang='lat' dir='ltr'><strong>Nihil</strong></span> <span class='ocrx_word' id='word_1_679' title='bbox 2927 2646 3070 2700; x_wconf 89' lang='lat' dir='ltr'><strong>enim</strong></span> <span class='ocrx_word' id='word_1_680' title='bbox 3093 2650 3347 2707; x_wconf 89' lang='lat' dir='ltr'><strong>omissum</strong></span> <span class='ocrx_word' id='word_1_681' title='bbox 3373 2654 3578 2723; x_wconf 81' lang='lat' dir='ltr'><strong>fuerat;</strong></span> <span class='ocrx_word' id='word_1_682' title='bbox 3604 2662 3697 2715; x_wconf 88' lang='lat' dir='ltr'><strong>sed</strong></span> 
     </span>
    </p>
   </div>
   <div class='ocr_carea' id='block_1_82' title="bbox 2116 2720 3692 2820">
    <p class='ocr_par' dir='ltr' id='par_1_82' title="bbox 2116 2720 3692 2820">
     <span class='ocr_line' id='line_1_89' title="bbox 2116 2720 3692 2820; baseline 0.025 -53"><span class='ocrx_word' id='word_1_683' title='bbox 2116 2720 2292 2772; x_wconf 88' lang='lat' dir='ltr'><strong>omnia</strong></span> <span class='ocrx_word' id='word_1_684' title='bbox 2332 2723 2567 2791; x_wconf 83' lang='lat' dir='ltr'><strong>perfecta</strong></span> <span class='ocrx_word' id='word_1_685' title='bbox 2612 2743 2807 2786; x_wconf 86' lang='lat' dir='ltr'><strong>erant:</strong></span> <span class='ocrx_word' id='word_1_686' title='bbox 2846 2734 2972 2789; x_wconf 91' lang='lat' dir='ltr'><strong>nihil</strong></span> <span class='ocrx_word' id='word_1_687' title='bbox 3015 2748 3187 2795; x_wconf 88' lang='lat' dir='ltr'><strong>tamen</strong></span> <span class='ocrx_word' id='word_1_688' title='bbox 3233 2744 3335 2799; x_wconf 91' lang='lat' dir='ltr'><strong>illis</strong></span> <span class='ocrx_word' id='word_1_689' title='bbox 3375 2748 3497 2803; x_wconf 88' lang='lat' dir='ltr'><strong>inde</strong></span> <span class='ocrx_word' id='word_1_690' title='bbox 3541 2752 3692 2820; x_wconf 87' lang='lat' dir='ltr'><strong>lucri,</strong></span> 
     </span>
    </p>
   </div>
   <div class='ocr_carea' id='block_1_83' title="bbox 2114 2808 3694 2910">
    <p class='ocr_par' dir='ltr' id='par_1_83' title="bbox 2114 2808 3694 2910">
     <span class='ocr_line' id='line_1_90' title="bbox 2114 2808 3694 2910; baseline 0.023 -49"><span class='ocrx_word' id='word_1_691' title='bbox 2114 2808 2238 2864; x_wconf 87' lang='lat' dir='ltr'><strong>licet</strong></span> <span class='ocrx_word' id='word_1_692' title='bbox 2266 2812 2391 2881; x_wconf 92' lang='lat' dir='ltr'><strong>ipsis</strong></span> <span class='ocrx_word' id='word_1_693' title='bbox 2420 2824 2562 2871; x_wconf 89' lang='lat' dir='ltr'><strong>tanta</strong></span> <span class='ocrx_word' id='word_1_694' title='bbox 2591 2825 2905 2879; x_wconf 90' lang='lat' dir='ltr'><strong>contulisset</strong></span> <span class='ocrx_word' id='word_1_695' title='bbox 2930 2828 3085 2884; x_wconf 87' lang='lat' dir='ltr'><strong>bona.</strong></span> <span class='ocrx_word' id='word_1_696' title='bbox 3109 2832 3239 2887; x_wconf 88' lang='lat' dir='ltr'><strong>Nam</strong></span> <span class='ocrx_word' id='word_1_697' title='bbox 3271 2847 3390 2905; x_wconf 87' lang='lat' dir='ltr'><strong>post</strong></span> <span class='ocrx_word' id='word_1_698' title='bbox 3420 2856 3694 2910; x_wconf 87' lang='lat' dir='ltr'><strong>egressmn</strong></span> 
     </span>
    </p>
   </div>
   <div class='ocr_carea' id='block_1_84' title="bbox 2114 2902 3691 3003">
    <p class='ocr_par' dir='ltr' id='par_1_84' title="bbox 2114 2902 3691 3003">
     <span class='ocr_line' id='line_1_91' title="bbox 2114 2902 3691 3003; baseline 0.023 -50"><span class='ocrx_word' id='word_1_699' title='bbox 2114 2915 2178 2954; x_wconf 82' lang='lat' dir='ltr'><strong>ex</strong></span> <span class='ocrx_word' id='word_1_700' title='bbox 2211 2902 2442 2975; x_wconf 58' lang='lat' dir='ltr'><strong>[Egypto</strong></span> <span class='ocrx_word' id='word_1_701' title='bbox 2482 2909 2651 2981; x_wconf 83' lang='lat' dir='ltr'><strong>legem</strong></span> <span class='ocrx_word' id='word_1_702' title='bbox 2699 2914 2865 2982; x_wconf 86' lang='lat' dir='ltr'><strong>dedit,</strong></span> <span class='ocrx_word' id='word_1_703' title='bbox 2909 2920 3092 2975; x_wconf 87' lang='lat' dir='ltr'><strong>urbem</strong></span> <span class='ocrx_word' id='word_1_704' title='bbox 3132 2902 3390 2993; x_wconf 84' lang='lat' dir='ltr'><strong>condidit,</strong></span> <span class='ocrx_word' id='word_1_705' title='bbox 3440 2902 3691 3003; x_wconf 70' lang='lat' dir='ltr'><strong>templum</strong></span> 
     </span>
    </p>
   </div>
   <div class='ocr_carea' id='block_1_85' title="bbox 2110 3000 3691 3089">
    <p class='ocr_par' dir='ltr' id='par_1_85' title="bbox 2110 3000 3691 3089">
     <span class='ocr_line' id='line_1_92' title="bbox 2110 3000 3691 3089; baseline 0.023 -44"><span class='ocrx_word' id='word_1_706' title='bbox 2110 3000 2425 3065; x_wconf 81' lang='lat' dir='ltr'><strong>construxit,</strong></span> <span class='ocrx_word' id='word_1_707' title='bbox 2455 3017 2600 3056; x_wconf 89' lang='lat' dir='ltr'><strong>aram</strong></span> <span class='ocrx_word' id='word_1_708' title='bbox 2637 3008 2824 3061; x_wconf 82' lang='lat' dir='ltr'><strong>erexit.</strong></span> <span class='ocrx_word' id='word_1_709' title='bbox 2857 3009 2925 3063; x_wconf 85' lang='lat' dir='ltr'><strong>Et</strong></span> <span class='ocrx_word' id='word_1_710' title='bbox 2956 3030 3162 3085; x_wconf 88' lang='lat' dir='ltr'><strong>peregre</strong></span> <span class='ocrx_word' id='word_1_711' title='bbox 3198 3022 3451 3089; x_wconf 79' lang='lat' dir='ltr'><strong>profectus</strong></span> <span class='ocrx_word' id='word_1_712' title='bbox 3497 3039 3566 3080; x_wconf 87' lang='lat' dir='ltr'><strong>est</strong></span> <span class='ocrx_word' id='word_1_713' title='bbox 3592 3046 3608 3089; x_wconf 86' lang='lat'><strong><em>;</em></strong></span> <span class='ocrx_word' id='word_1_714' title='bbox 3641 3030 3691 3082; x_wconf 91' lang='lat' dir='ltr'><strong>id</strong></span> 
     </span>
    </p>
   </div>
   <div class='ocr_carea' id='block_1_86' title="bbox 2111 3089 3689 3188">
    <p class='ocr_par' dir='ltr' id='par_1_86' title="bbox 2111 3089 3689 3188">
     <span class='ocr_line' id='line_1_93' title="bbox 2111 3089 3689 3188; baseline 0.022 -51"><span class='ocrx_word' id='word_1_715' title='bbox 2111 3095 2212 3148; x_wconf 84' lang='lat' dir='ltr'><strong>est,</strong></span> <span class='ocrx_word' id='word_1_716' title='bbox 2242 3089 2395 3159; x_wconf 87' lang='lat' dir='ltr'><strong>longa</strong></span> <span class='ocrx_word' id='word_1_717' title='bbox 2430 3108 2556 3148; x_wconf 85' lang='lat' dir='ltr'><strong>usus</strong></span> <span class='ocrx_word' id='word_1_718' title='bbox 2595 3106 2676 3151; x_wconf 91' lang='lat' dir='ltr'><strong>est</strong></span> <span class='ocrx_word' id='word_1_719' title='bbox 2704 3101 2976 3169; x_wconf 85' lang='lat' dir='ltr'><strong>patientia,</strong></span> <span class='ocrx_word' id='word_1_720' title='bbox 3004 3121 3123 3162; x_wconf 91' lang='lat' dir='ltr'><strong>eum</strong></span> <span class='ocrx_word' id='word_1_721' title='bbox 3164 3125 3271 3165; x_wconf 92' lang='lat' dir='ltr'><strong>non</strong></span> <span class='ocrx_word' id='word_1_722' title='bbox 3314 3130 3528 3186; x_wconf 84' lang='lat' dir='ltr'><strong>semper</strong></span> <span class='ocrx_word' id='word_1_723' title='bbox 3570 3136 3689 3188; x_wconf 60' lang='lat' dir='ltr'><strong>pel--</strong></span> 
     </span>
    </p>
   </div>
   <div class='ocr_carea' id='block_1_87' title="bbox 2110 3179 3686 3277">
    <p class='ocr_par' dir='ltr' id='par_1_87' title="bbox 2110 3179 3686 3277">
     <span class='ocr_line' id='line_1_94' title="bbox 2110 3179 3686 3277; baseline 0.025 -48"><span class='ocrx_word' id='word_1_724' title='bbox 2110 3179 2353 3234; x_wconf 87' lang='lat' dir='ltr'><strong>cantibus</strong></span> <span class='ocrx_word' id='word_1_725' title='bbox 2402 3187 2581 3240; x_wconf 88' lang='lat' dir='ltr'><strong>statim</strong></span> <span class='ocrx_word' id='word_1_726' title='bbox 2628 3193 2884 3260; x_wconf 89' lang='lat' dir='ltr'><strong>supplicia</strong></span> <span class='ocrx_word' id='word_1_727' title='bbox 2934 3199 3167 3255; x_wconf 81' lang='lat' dir='ltr'><strong>inferat:</strong></span> <span class='ocrx_word' id='word_1_728' title='bbox 3209 3211 3686 3277; x_wconf 85' lang='lat' dir='ltr'><strong>peregrinationem</strong></span> 
     </span>
    </p>
   </div>
   <div class='ocr_carea' id='block_1_88' title="bbox 2107 3271 3685 3359">
    <p class='ocr_par' dir='ltr' id='par_1_88' title="bbox 2107 3271 3685 3359">
     <span class='ocr_line' id='line_1_95' title="bbox 2107 3271 3685 3359; baseline 0.026 -41"><span class='ocrx_word' id='word_1_729' title='bbox 2107 3271 2301 3339; x_wconf 90' lang='lat' dir='ltr'><strong>quippe</strong></span> <span class='ocrx_word' id='word_1_730' title='bbox 2353 3273 2561 3345; x_wconf 85' lang='lat' dir='ltr'><strong>longam</strong></span> <span class='ocrx_word' id='word_1_731' title='bbox 2606 3282 2942 3340; x_wconf 86' lang='lat' dir='ltr'><strong>tolerantiam</strong></span> <span class='ocrx_word' id='word_1_732' title='bbox 2998 3303 3167 3347; x_wconf 90' lang='lat' dir='ltr'><strong>vocat.</strong></span> <span class='ocrx_word' id='word_1_733' title='bbox 3229 3297 3296 3350; x_wconf 80' lang='lat' dir='ltr'><strong>Et</strong></span> <span class='ocrx_word' id='word_1_734' title='bbox 3343 3302 3477 3354; x_wconf 83' lang='lat' dir='ltr'><strong>misit</strong></span> <span class='ocrx_word' id='word_1_735' title='bbox 3523 3321 3685 3359; x_wconf 83' lang='lat' dir='ltr'><strong>servos</strong></span> 
     </span>
    </p>
   </div>
   <div class='ocr_carea' id='block_1_89' title="bbox 2108 3364 3681 3463">
    <p class='ocr_par' dir='ltr' id='par_1_89' title="bbox 2108 3364 3681 3463">
     <span class='ocr_line' id='line_1_96' title="bbox 2108 3364 3681 3463; baseline 0.025 -52"><span class='ocrx_word' id='word_1_736' title='bbox 2108 3376 2252 3427; x_wconf 88' lang='lat' dir='ltr'><strong>suos,</strong></span> <span class='ocrx_word' id='word_1_737' title='bbox 2292 3364 2393 3418; x_wconf 88' lang='lat' dir='ltr'><strong>hoc</strong></span> <span class='ocrx_word' id='word_1_738' title='bbox 2431 3376 2551 3430; x_wconf 80' lang='lat' dir='ltr'><strong>est,</strong></span> <span class='ocrx_word' id='word_1_739' title='bbox 2598 3375 2919 3443; x_wconf 87' lang='lat' dir='ltr'><strong>prophetas;</strong></span> <span class='ocrx_word' id='word_1_740' title='bbox 2967 3392 3024 3435; x_wconf 91' lang='lat' dir='ltr'><strong>ut</strong></span> <span class='ocrx_word' id='word_1_741' title='bbox 3066 3383 3293 3442; x_wconf 84' lang='lat' dir='ltr'><strong>fructum</strong></span> <span class='ocrx_word' id='word_1_742' title='bbox 3344 3396 3681 3463; x_wconf 83' lang='lat' dir='ltr'><strong>acciperent,</strong></span> 
     </span>
    </p>
   </div>
   <div class='ocr_carea' id='block_1_90' title="bbox 2110 3452 3684 3545">
    <p class='ocr_par' dir='ltr' id='par_1_90' title="bbox 2110 3452 3684 3545">
     <span class='ocr_line' id='line_1_97' title="bbox 2110 3452 3684 3545; baseline 0.026 -41"><span class='ocrx_word' id='word_1_743' title='bbox 2110 3452 2161 3506; x_wconf 91' lang='lat' dir='ltr'><strong>id</strong></span> <span class='ocrx_word' id='word_1_744' title='bbox 2206 3465 2307 3518; x_wconf 89' lang='lat' dir='ltr'><strong>est,</strong></span> <span class='ocrx_word' id='word_1_745' title='bbox 2358 3459 2716 3519; x_wconf 86' lang='lat' dir='ltr'><strong>obedientiam</strong></span> <span class='ocrx_word' id='word_1_746' title='bbox 2763 3484 2858 3536; x_wconf 89' lang='lat' dir='ltr'><strong>per</strong></span> <span class='ocrx_word' id='word_1_747' title='bbox 2912 3489 3072 3542; x_wconf 89' lang='lat' dir='ltr'><strong>opera</strong></span> <span class='ocrx_word' id='word_1_748' title='bbox 3119 3477 3559 3543; x_wconf 84' lang='lat' dir='ltr'><strong>demonstratam.</strong></span> <span class='ocrx_word' id='word_1_749' title='bbox 3609 3489 3684 3545; x_wconf 90' lang='lat' dir='ltr'><strong>llli</strong></span> 
     </span>
    </p>
   </div>
   <div class='ocr_carea' id='block_1_91' title="bbox 2107 3548 3681 3645">
    <p class='ocr_par' dir='ltr' id='par_1_91' title="bbox 2107 3548 3681 3645">
     <span class='ocr_line' id='line_1_98' title="bbox 2107 3548 3681 3645; baseline 0.027 -50"><span class='ocrx_word' id='word_1_750' title='bbox 2107 3561 2234 3599; x_wconf 90' lang='lat' dir='ltr'><strong>vero</strong></span> <span class='ocrx_word' id='word_1_751' title='bbox 2280 3548 2364 3604; x_wconf 91' lang='lat' dir='ltr'><strong>hic</strong></span> <span class='ocrx_word' id='word_1_752' title='bbox 2405 3554 2565 3608; x_wconf 92' lang='lat' dir='ltr'><strong>etiam</strong></span> <span class='ocrx_word' id='word_1_753' title='bbox 2609 3561 2898 3628; x_wconf 89' lang='lat' dir='ltr'><strong>nequitiam</strong></span> <span class='ocrx_word' id='word_1_754' title='bbox 2947 3582 3097 3622; x_wconf 91' lang='lat' dir='ltr'><strong>suam</strong></span> <span class='ocrx_word' id='word_1_755' title='bbox 3155 3573 3530 3645; x_wconf 86' lang='lat' dir='ltr'><strong>exhibuerunt,</strong></span> <span class='ocrx_word' id='word_1_756' title='bbox 3576 3599 3681 3637; x_wconf 79' lang='lat' dir='ltr'><strong>non</strong></span> 
     </span>
    </p>
   </div>
   <div class='ocr_carea' id='block_1_92' title="bbox 2105 3637 3679 3741">
    <p class='ocr_par' dir='ltr' id='par_1_92' title="bbox 2105 3637 3679 3741">
     <span class='ocr_line' id='line_1_99' title="bbox 2105 3637 3679 3741; baseline 0.028 -54"><span class='ocrx_word' id='word_1_757' title='bbox 2105 3637 2264 3692; x_wconf 88' lang='lat' dir='ltr'><strong>modo</strong></span> <span class='ocrx_word' id='word_1_758' title='bbox 2301 3643 2439 3708; x_wconf 87' lang='lat' dir='ltr'><strong>quod</strong></span> <span class='ocrx_word' id='word_1_759' title='bbox 2468 3656 2585 3713; x_wconf 90' lang='lat' dir='ltr'><strong>post</strong></span> <span class='ocrx_word' id='word_1_760' title='bbox 2608 3656 2807 3706; x_wconf 87' lang='lat' dir='ltr'><strong>tantam</strong></span> <span class='ocrx_word' id='word_1_761' title='bbox 2846 3671 3027 3712; x_wconf 91' lang='lat' dir='ltr'><strong>curam</strong></span> <span class='ocrx_word' id='word_1_762' title='bbox 3069 3661 3297 3720; x_wconf 82' lang='lat' dir='ltr'><strong>fructum</strong></span> <span class='ocrx_word' id='word_1_763' title='bbox 3336 3686 3439 3723; x_wconf 91' lang='lat' dir='ltr'><strong>non</strong></span> <span class='ocrx_word' id='word_1_764' title='bbox 3471 3677 3679 3741; x_wconf 79' lang='lat' dir='ltr'><strong>darent,</strong></span> 
     </span>
    </p>
   </div>
   <div class='ocr_carea' id='block_1_93' title="bbox 2100 3729 3678 3835">
    <p class='ocr_par' dir='ltr' id='par_1_93' title="bbox 2100 3729 3678 3835">
     <span class='ocr_line' id='line_1_100' title="bbox 2100 3729 3678 3835; baseline 0.027 -55"><span class='ocrx_word' id='word_1_765' title='bbox 2100 3729 2243 3795; x_wconf 78' lang='grc' dir='ltr'><strong>(μιυά</strong></span> <span class='ocrx_word' id='word_1_766' title='bbox 2285 3734 2657 3805; x_wconf 86' lang='lat' dir='ltr'><strong>negligentiam</strong></span> <span class='ocrx_word' id='word_1_767' title='bbox 2689 3758 2796 3811; x_wconf 69' lang='lat' dir='ltr'><strong>prae</strong></span> <span class='ocrx_word' id='word_1_768' title='bbox 2832 3761 2891 3802; x_wconf 89' lang='lat' dir='ltr'><strong>se</strong></span> <span class='ocrx_word' id='word_1_769' title='bbox 2934 3750 3195 3821; x_wconf 86' lang='lat' dir='ltr'><strong>ferebant,</strong></span> <span class='ocrx_word' id='word_1_770' title='bbox 3227 3759 3321 3813; x_wconf 92' lang='lat' dir='ltr'><strong>sed</strong></span> <span class='ocrx_word' id='word_1_771' title='bbox 3350 3763 3509 3818; x_wconf 88' lang='lat' dir='ltr'><strong>etiam</strong></span> <span class='ocrx_word' id='word_1_772' title='bbox 3540 3770 3678 3835; x_wconf 84' lang='lat' dir='ltr'><strong>quod</strong></span> 
     </span>
    </p>
   </div>
   <div class='ocr_carea' id='block_1_94' title="bbox 2103 3819 3674 3926">
    <p class='ocr_par' dir='ltr' id='par_1_94' title="bbox 2103 3819 3674 3926">
     <span class='ocr_line' id='line_1_101' title="bbox 2103 3819 3674 3926; baseline 0.029 -54"><span class='ocrx_word' id='word_1_773' title='bbox 2103 3819 2221 3875; x_wconf 93' lang='lat' dir='ltr'><strong>illos</strong></span> <span class='ocrx_word' id='word_1_774' title='bbox 2259 3828 2536 3883; x_wconf 88' lang='lat' dir='ltr'><strong>venientes</strong></span> <span class='ocrx_word' id='word_1_775' title='bbox 2566 3832 2780 3904; x_wconf 87' lang='lat' dir='ltr'><strong>indigne</strong></span> <span class='ocrx_word' id='word_1_776' title='bbox 2821 3839 3046 3899; x_wconf 83' lang='lat' dir='ltr'><strong>ferrent.</strong></span> <span class='ocrx_word' id='word_1_777' title='bbox 3094 3847 3226 3903; x_wconf 83' lang='lat' dir='ltr'><strong>Nam</strong></span> <span class='ocrx_word' id='word_1_778' title='bbox 3271 3854 3360 3922; x_wconf 93' lang='lat' dir='ltr'><strong>qui</strong></span> <span class='ocrx_word' id='word_1_779' title='bbox 3391 3856 3674 3926; x_wconf 87' lang='lat' dir='ltr'><strong>debebant,</strong></span> 
     </span>
    </p>
   </div>
   <div class='ocr_carea' id='block_1_95' title="bbox 2098 3915 3678 4023">
    <p class='ocr_par' dir='ltr' id='par_1_95' title="bbox 2098 3915 3678 4023">
     <span class='ocr_line' id='line_1_102' title="bbox 2098 3915 3678 4023; baseline 0.031 -60"><span class='ocrx_word' id='word_1_780' title='bbox 2098 3926 2196 3965; x_wconf 90' lang='lat' dir='ltr'><strong>nec</strong></span> <span class='ocrx_word' id='word_1_781' title='bbox 2246 3915 2468 3973; x_wconf 89' lang='lat' dir='ltr'><strong>reddere</strong></span> <span class='ocrx_word' id='word_1_782' title='bbox 2519 3932 2782 3992; x_wconf 90' lang='lat' dir='ltr'><strong>poterant,</strong></span> <span class='ocrx_word' id='word_1_783' title='bbox 2838 3947 2941 3987; x_wconf 94' lang='lat' dir='ltr'><strong>non</strong></span> <span class='ocrx_word' id='word_1_784' title='bbox 2998 3937 3264 4008; x_wconf 88' lang='lat' dir='ltr'><strong>indignari</strong></span> <span class='ocrx_word' id='word_1_785' title='bbox 3315 3962 3484 4017; x_wconf 87' lang='lat' dir='ltr'><strong>neque</strong></span> <span class='ocrx_word' id='word_1_786' title='bbox 3537 3968 3678 4023; x_wconf 64' lang='lat' dir='ltr'><strong>{egre</strong></span> 
     </span>
     <span class='ocr_line' id='line_1_103' title="bbox 2098 4000 2682 4023; baseline 0.029 0"><span class='ocrx_word' id='word_1_787' title='bbox 2098 4000 2231 4023; x_wconf 54' lang='grc' dir='ltr'><strong>ει-.-.μΑ</strong></span> <span class='ocrx_word' id='word_1_788' title='bbox 2274 4021 2289 4023; x_wconf 79' lang='grc'><strong><em>-</em></strong></span> <span class='ocrx_word' id='word_1_789' title='bbox 2402 4016 2413 4023; x_wconf 73' lang='grc' dir='ltr'><strong><em>ι</em></strong></span> <span class='ocrx_word' id='word_1_790' title='bbox 2459 4011 2470 4023; x_wconf 92' lang='grc'><strong>¹</strong></span> <span class='ocrx_word' id='word_1_791' title='bbox 2531 4021 2539 4023; x_wconf 38' lang='grc' dir='ltr'><em>Α</em></span> <span class='ocrx_word' id='word_1_792' title='bbox 2670 4017 2682 4023; x_wconf 94' lang='grc'><strong><em>“</em></strong></span> 
     </span>
    </p>
   </div>
   <div class='ocr_carea' id='block_1_96' title="bbox 2096 4000 3678 4113">
    <p class='ocr_par' dir='ltr' id='par_1_96' title="bbox 2096 4000 3678 4113">
     <span class='ocr_line' id='line_1_104' title="bbox 3109 4000 3675 4023; baseline 0.032 -15"><span class='ocrx_word' id='word_1_793' title='bbox 3109 4000 3136 4008; x_wconf 79' lang='grc' dir='ltr'>ν</span> <span class='ocrx_word' id='word_1_794' title='bbox 3403 4000 3414 4017; x_wconf 92' lang='lat' dir='ltr'><strong>I</strong></span> <span class='ocrx_word' id='word_1_795' title='bbox 3442 4000 3447 4001; x_wconf 66' lang='lat'>’</span> <span class='ocrx_word' id='word_1_796' title='bbox 3472 4000 3477 4001; x_wconf 64' lang='grc'><strong><em>⁷</em></strong></span> <span class='ocrx_word' id='word_1_797' title='bbox 3538 4000 3631 4023; x_wconf 75' lang='grc' dir='ltr'><strong>““’ῠ’</strong></span> <span class='ocrx_word' id='word_1_798' title='bbox 3648 4000 3675 4013; x_wconf 83' lang='lat'><strong>&quot;‘</strong></span> 
     </span>
     <span class='ocr_line' id='line_1_105' title="bbox 2096 4000 3678 4113; baseline 0.032 -60"><span class='ocrx_word' id='word_1_799' title='bbox 2096 4000 2235 4058; x_wconf 77' lang='lat' dir='ltr'><strong>ferre</strong></span> <span class='ocrx_word' id='word_1_800' title='bbox 2265 4011 2566 4078; x_wconf 86' lang='lat' dir='ltr'><strong>Oportebat,</strong></span> <span class='ocrx_word' id='word_1_801' title='bbox 2591 4017 2683 4071; x_wconf 91' lang='lat' dir='ltr'><strong>sed</strong></span> <span class='ocrx_word' id='word_1_802' title='bbox 2707 4034 2915 4090; x_wconf 90' lang='lat' dir='ltr'><strong>rogare.</strong></span> <span class='ocrx_word' id='word_1_803' title='bbox 2947 4025 3021 4081; x_wconf 93' lang='lat' dir='ltr'><strong>llli</strong></span> <span class='ocrx_word' id='word_1_804' title='bbox 3051 4045 3177 4085; x_wconf 88' lang='lat' dir='ltr'><strong>vero</strong></span> <span class='ocrx_word' id='word_1_805' title='bbox 3199 4051 3303 4091; x_wconf 92' lang='lat' dir='ltr'><strong>non</strong></span> <span class='ocrx_word' id='word_1_806' title='bbox 3332 4040 3678 4113; x_wconf 84' lang='lat' dir='ltr'><strong>indignaban—</strong></span> 
     </span>
    </p>
   </div>
   <div class='ocr_carea' id='block_1_97' title="bbox 2097 4098 3674 4210">
    <p class='ocr_par' dir='ltr' id='par_1_97' title="bbox 2097 4098 3674 4210">
     <span class='ocr_line' id='line_1_106' title="bbox 2097 4098 3674 4210; baseline 0.034 -66"><span class='ocrx_word' id='word_1_807' title='bbox 2097 4103 2182 4147; x_wconf 89' lang='lat' dir='ltr'><strong>tur</strong></span> <span class='ocrx_word' id='word_1_808' title='bbox 2227 4098 2407 4167; x_wconf 90' lang='lat' dir='ltr'><strong>modo,</strong></span> <span class='ocrx_word' id='word_1_809' title='bbox 2458 4104 2553 4158; x_wconf 91' lang='lat' dir='ltr'><strong>sed</strong></span> <span class='ocrx_word' id='word_1_810' title='bbox 2606 4124 2793 4167; x_wconf 87' lang='lat' dir='ltr'><strong>manus</strong></span> <span class='ocrx_word' id='word_1_811' title='bbox 2836 4121 3094 4187; x_wconf 88' lang='lat' dir='ltr'><strong>sanguine</strong></span> <span class='ocrx_word' id='word_1_812' title='bbox 3133 4128 3442 4198; x_wconf 84' lang='lat' dir='ltr'><strong>replebant,</strong></span> <span class='ocrx_word' id='word_1_813' title='bbox 3489 4148 3543 4192; x_wconf 91' lang='lat' dir='ltr'><strong>ct</strong></span> <span class='ocrx_word' id='word_1_814' title='bbox 3586 4145 3674 4210; x_wconf 89' lang='lat' dir='ltr'><strong>qui</strong></span> 
     </span>
     <span class='ocr_line' id='line_1_107' title="bbox 2097 4191 2606 4210; baseline 0.029 -13"><span class='ocrx_word' id='word_1_815' title='bbox 2097 4200 2275 4210; x_wconf 44' lang='grc' dir='ltr'><strong>Μυη-</strong></span> <span class='ocrx_word' id='word_1_816' title='bbox 2316 4191 2329 4210; x_wconf 81' lang='lat'><strong>.</strong></span> <span class='ocrx_word' id='word_1_817' title='bbox 2472 4195 2485 4210; x_wconf 86' lang='lat'><strong>.</strong></span> <span class='ocrx_word' id='word_1_818' title='bbox 2527 4197 2539 4210; x_wconf 92' lang='lat'><strong>.</strong></span> <span class='ocrx_word' id='word_1_819' title='bbox 2595 4199 2606 4210; x_wconf 89' lang='lat'><strong>.</strong></span> 
     </span>
    </p>
   </div>
   <div class='ocr_carea' id='block_1_98' title="bbox 2095 4191 3676 4299">
    <p class='ocr_par' dir='ltr' id='par_1_98' title="bbox 2095 4191 3676 4299">
     <span class='ocr_line' id='line_1_108' title="bbox 2095 4191 3676 4299; baseline 0.032 -60"><span class='ocrx_word' id='word_1_820' title='bbox 2095 4200 2278 4253; x_wconf 75' lang='lat' dir='ltr'><strong>ptenas</strong></span> <span class='ocrx_word' id='word_1_821' title='bbox 2299 4191 2426 4247; x_wconf 90' lang='lat' dir='ltr'><strong>dare</strong></span> <span class='ocrx_word' id='word_1_822' title='bbox 2454 4195 2738 4268; x_wconf 87' lang='lat' dir='ltr'><strong>debebant,</strong></span> <span class='ocrx_word' id='word_1_823' title='bbox 2772 4221 2957 4274; x_wconf 68' lang='lat' dir='ltr'><strong>pinnas</strong></span> <span class='ocrx_word' id='word_1_824' title='bbox 2986 4191 3329 4284; x_wconf 86' lang='lat' dir='ltr'><strong>expetebant.</strong></span> <span class='ocrx_word' id='word_1_825' title='bbox 3367 4191 3676 4299; x_wconf 56' lang='lat' dir='ltr'><strong>ldeoquelet</strong></span> 
     </span>
    </p>
   </div>
   <div class='ocr_carea' id='block_1_99' title="bbox 2092 4283 3671 4380">
    <p class='ocr_par' dir='ltr' id='par_1_99' title="bbox 2092 4283 3671 4380">
     <span class='ocr_line' id='line_1_109' title="bbox 2092 4283 3671 4380; baseline 0.031 -49"><span class='ocrx_word' id='word_1_826' title='bbox 2092 4283 2357 4339; x_wconf 83' lang='lat' dir='ltr'><strong>secundos</strong></span> <span class='ocrx_word' id='word_1_827' title='bbox 2395 4297 2450 4342; x_wconf 90' lang='lat' dir='ltr'><strong>et</strong></span> <span class='ocrx_word' id='word_1_828' title='bbox 2482 4292 2667 4349; x_wconf 90' lang='lat' dir='ltr'><strong>tertios</strong></span> <span class='ocrx_word' id='word_1_829' title='bbox 2705 4297 2869 4364; x_wconf 88' lang='lat' dir='ltr'><strong>misit,</strong></span> <span class='ocrx_word' id='word_1_830' title='bbox 2902 4311 2960 4357; x_wconf 90' lang='lat' dir='ltr'><strong>ut</strong></span> <span class='ocrx_word' id='word_1_831' title='bbox 2988 4309 3357 4369; x_wconf 88' lang='lat' dir='ltr'><strong>ostenderetur</strong></span> <span class='ocrx_word' id='word_1_832' title='bbox 3383 4329 3436 4374; x_wconf 92' lang='lat' dir='ltr'><strong>et</strong></span> <span class='ocrx_word' id='word_1_833' title='bbox 3462 4322 3671 4380; x_wconf 89' lang='lat' dir='ltr'><strong>illorum</strong></span> 
     </span>
    </p>
   </div>
   <div class='ocr_carea' id='block_1_100' title="bbox 2091 4377 3671 4475">
    <p class='ocr_par' dir='ltr' id='par_1_100' title="bbox 2091 4377 3671 4475">
     <span class='ocr_line' id='line_1_110' title="bbox 2091 4377 3671 4475; baseline 0.033 -52"><span class='ocrx_word' id='word_1_834' title='bbox 2091 4377 2324 4442; x_wconf 90' lang='lat' dir='ltr'><strong>nequitia</strong></span> <span class='ocrx_word' id='word_1_835' title='bbox 2365 4388 2418 4434; x_wconf 93' lang='lat' dir='ltr'><strong>et</strong></span> <span class='ocrx_word' id='word_1_836' title='bbox 2459 4384 2717 4444; x_wconf 89' lang='lat' dir='ltr'><strong>mittentis</strong></span> <span class='ocrx_word' id='word_1_837' title='bbox 2754 4390 3074 4465; x_wconf 85' lang='lat' dir='ltr'><strong>benignitas.</strong></span> <span class='ocrx_word' id='word_1_838' title='bbox 3118 4403 3184 4457; x_wconf 90' lang='lat' dir='ltr'><strong>Et</strong></span> <span class='ocrx_word' id='word_1_839' title='bbox 3226 4422 3321 4462; x_wconf 93' lang='lat' dir='ltr'><strong>cur</strong></span> <span class='ocrx_word' id='word_1_840' title='bbox 3361 4427 3466 4467; x_wconf 94' lang='lat' dir='ltr'><strong>non</strong></span> <span class='ocrx_word' id='word_1_841' title='bbox 3507 4416 3671 4475; x_wconf 89' lang='lat' dir='ltr'><strong>lilium</strong></span> 
     </span>
    </p>
   </div>
   <div class='ocr_carea' id='block_1_101' title="bbox 2090 4466 3666 4574">
    <p class='ocr_par' dir='ltr' id='par_1_101' title="bbox 2090 4466 3666 4574">
     <span class='ocr_line' id='line_1_111' title="bbox 2090 4466 3666 4574; baseline 0.032 -60"><span class='ocrx_word' id='word_1_842' title='bbox 2090 4466 2269 4519; x_wconf 86' lang='lat' dir='ltr'><strong>statim</strong></span> <span class='ocrx_word' id='word_1_843' title='bbox 2301 4469 2491 4525; x_wconf 86' lang='lat' dir='ltr'><strong>misit?</strong></span> <span class='ocrx_word' id='word_1_844' title='bbox 2533 4474 2603 4530; x_wconf 92' lang='lat' dir='ltr'><strong>Ut</strong></span> <span class='ocrx_word' id='word_1_845' title='bbox 2644 4493 2708 4533; x_wconf 85' lang='lat' dir='ltr'><strong>ex</strong></span> <span class='ocrx_word' id='word_1_846' title='bbox 2753 4484 2908 4540; x_wconf 88' lang='lat' dir='ltr'><strong>malis</strong></span> <span class='ocrx_word' id='word_1_847' title='bbox 2941 4504 3061 4555; x_wconf 61' lang='lat' dir='ltr'><strong>quae</strong></span> <span class='ocrx_word' id='word_1_848' title='bbox 3106 4493 3157 4548; x_wconf 94' lang='lat' dir='ltr'><strong>in</strong></span> <span class='ocrx_word' id='word_1_849' title='bbox 3200 4496 3319 4554; x_wconf 92' lang='lat' dir='ltr'><strong>illos</strong></span> <span class='ocrx_word' id='word_1_850' title='bbox 3360 4502 3666 4574; x_wconf 88' lang='lat' dir='ltr'><strong>intulerunt,</strong></span> 
     </span>
    </p>
   </div>
   <div class='ocr_carea' id='block_1_102' title="bbox 2087 4556 3669 4654">
    <p class='ocr_par' dir='ltr' id='par_1_102' title="bbox 2087 4556 3669 4654">
     <span class='ocr_line' id='line_1_112' title="bbox 2087 4556 3669 4654; baseline 0.032 -49"><span class='ocrx_word' id='word_1_851' title='bbox 2087 4566 2205 4608; x_wconf 82' lang='lat' dir='ltr'><strong>sese</strong></span> <span class='ocrx_word' id='word_1_852' title='bbox 2231 4556 2548 4619; x_wconf 89' lang='lat' dir='ltr'><strong>damnantes</strong></span> <span class='ocrx_word' id='word_1_853' title='bbox 2596 4566 2836 4641; x_wconf 89' lang='lat' dir='ltr'><strong>iramque</strong></span> <span class='ocrx_word' id='word_1_854' title='bbox 2874 4584 3226 4652; x_wconf 88' lang='lat' dir='ltr'><strong>remittentes,</strong></span> <span class='ocrx_word' id='word_1_855' title='bbox 3258 4589 3408 4647; x_wconf 92' lang='lat' dir='ltr'><strong>illum</strong></span> <span class='ocrx_word' id='word_1_856' title='bbox 3447 4600 3669 4654; x_wconf 87' lang='lat' dir='ltr'><strong>venien-</strong></span> 
     </span>
    </p>
   </div>
   <div class='ocr_carea' id='block_1_103' title="bbox 2089 4656 3666 4756">
    <p class='ocr_par' dir='ltr' id='par_1_103' title="bbox 2089 4656 3666 4756">
     <span class='ocr_line' id='line_1_113' title="bbox 2089 4656 3666 4756; baseline 0.033 -60"><span class='ocrx_word' id='word_1_857' title='bbox 2089 4656 2192 4699; x_wconf 87' lang='lat' dir='ltr'><strong>tem</strong></span> <span class='ocrx_word' id='word_1_858' title='bbox 2219 4662 2548 4709; x_wconf 87' lang='lat' dir='ltr'><strong>vererentur.</strong></span> <span class='ocrx_word' id='word_1_859' title='bbox 2576 4658 2863 4720; x_wconf 86' lang='lat' dir='ltr'><strong>Possemus</strong></span> <span class='ocrx_word' id='word_1_860' title='bbox 2885 4670 3014 4726; x_wconf 90' lang='lat' dir='ltr'><strong>alias</strong></span> <span class='ocrx_word' id='word_1_861' title='bbox 3044 4677 3425 4746; x_wconf 82' lang='lat' dir='ltr'><strong>explicationes</strong></span> <span class='ocrx_word' id='word_1_862' title='bbox 3448 4690 3666 4756; x_wconf 86' lang='lat' dir='ltr'><strong>addere,</strong></span> 
     </span>
     <span class='ocr_line' id='line_1_114' title="bbox 2089 4736 2543 4756; baseline 0.031 0"><span class='ocrx_word' id='word_1_863' title='bbox 2089 4749 2137 4756; x_wconf 46' lang='grc' dir='ltr'>..Α</span> <span class='ocrx_word' id='word_1_864' title='bbox 2160 4736 2177 4756; x_wconf 76' lang='lat' dir='ltr'><strong>l</strong></span> <span class='ocrx_word' id='word_1_865' title='bbox 2213 4752 2230 4756; x_wconf 58' lang='grc' dir='ltr'><strong>Α</strong></span> <span class='ocrx_word' id='word_1_866' title='bbox 2257 4740 2273 4756; x_wconf 80' lang='lat' dir='ltr'>l</span> <span class='ocrx_word' id='word_1_867' title='bbox 2310 4755 2318 4756; x_wconf 45' lang='grc' dir='ltr'><em>κ</em></span> <span class='ocrx_word' id='word_1_868' title='bbox 2531 4747 2543 4756; x_wconf 88' lang='lat'>&#39;</span> 
     </span>
    </p>
   </div>
   <div class='ocr_carea' id='block_1_104' title="bbox 2084 4736 3669 4844">
    <p class='ocr_par' dir='ltr' id='par_1_104' title="bbox 2084 4736 3669 4844">
     <span class='ocr_line' id='line_1_115' title="bbox 2084 4736 3669 4844; baseline 0.032 -57"><span class='ocrx_word' id='word_1_869' title='bbox 2084 4736 2178 4790; x_wconf 86' lang='lat' dir='ltr'><strong>sed</strong></span> <span class='ocrx_word' id='word_1_870' title='bbox 2206 4740 2274 4793; x_wconf 88' lang='lat' dir='ltr'><strong>ad</strong></span> <span class='ocrx_word' id='word_1_871' title='bbox 2300 4747 2579 4811; x_wconf 84' lang='lat' dir='ltr'><strong>sequentia</strong></span> <span class='ocrx_word' id='word_1_872' title='bbox 2610 4766 2908 4821; x_wconf 88' lang='lat' dir='ltr'><strong>pergamus.</strong></span> <span class='ocrx_word' id='word_1_873' title='bbox 2932 4760 3068 4827; x_wconf 91' lang='lat' dir='ltr'><strong>Quid</strong></span> <span class='ocrx_word' id='word_1_874' title='bbox 3088 4736 3189 4822; x_wconf 79' lang='lat' dir='ltr'><strong>sibi</strong></span> <span class='ocrx_word' id='word_1_875' title='bbox 3211 4736 3669 4844; x_wconf 89' lang='lat' dir='ltr'><strong>vult</strong></span> 
     </span>
    </p>
   </div>
   <div class='ocr_carea' id='block_1_105' title="bbox 2084 4830 3666 4931">
    <p class='ocr_par' dir='ltr' id='par_1_105' title="bbox 2084 4830 3666 4931">
     <span class='ocr_line' id='line_1_116' title="bbox 2084 4830 3666 4931; baseline 0.035 -54"><span class='ocrx_word' id='word_1_876' title='bbox 2084 4830 2482 4889; x_wconf 76' lang='lat' dir='ltr'><strong>reverebantur?</strong></span> <span class='ocrx_word' id='word_1_877' title='bbox 2512 4837 2628 4895; x_wconf 92' lang='lat' dir='ltr'><strong>Non</strong></span> <span class='ocrx_word' id='word_1_878' title='bbox 2653 4842 2946 4914; x_wconf 85' lang='lat' dir='ltr'><strong>ignorantis</strong></span> <span class='ocrx_word' id='word_1_879' title='bbox 2981 4865 3083 4921; x_wconf 89' lang='lat' dir='ltr'><strong>est,</strong></span> <span class='ocrx_word' id='word_1_880' title='bbox 3113 4860 3270 4928; x_wconf 87' lang='lat' dir='ltr'><strong>absit,</strong></span> <span class='ocrx_word' id='word_1_881' title='bbox 3313 4869 3407 4923; x_wconf 91' lang='lat' dir='ltr'><strong>sed</strong></span> <span class='ocrx_word' id='word_1_882' title='bbox 3439 4873 3666 4931; x_wconf 86' lang='lat' dir='ltr'><strong>volentis</strong></span> 
     </span>
    </p>
   </div>
   <div class='ocr_carea' id='block_1_106' title="bbox 2081 4920 3662 5021">
    <p class='ocr_par' dir='ltr' id='par_1_106' title="bbox 2081 4920 3662 5021">
     <span class='ocr_line' id='line_1_117' title="bbox 2081 4920 3662 5021; baseline 0.032 -52"><span class='ocrx_word' id='word_1_883' title='bbox 2081 4920 2366 5014; x_wconf 73' lang='lat' dir='ltr'><strong>ostendere</strong></span> <span class='ocrx_word' id='word_1_884' title='bbox 2401 4939 2655 4996; x_wconf 90' lang='lat' dir='ltr'><strong>quantum</strong></span> <span class='ocrx_word' id='word_1_885' title='bbox 2687 4950 2959 5005; x_wconf 84' lang='lat' dir='ltr'><strong>peccatum</strong></span> <span class='ocrx_word' id='word_1_886' title='bbox 2991 4960 3153 5017; x_wconf 88' lang='lat' dir='ltr'><strong>esset,</strong></span> <span class='ocrx_word' id='word_1_887' title='bbox 3182 4962 3237 5008; x_wconf 93' lang='lat' dir='ltr'><strong>et</strong></span> <span class='ocrx_word' id='word_1_888' title='bbox 3261 4962 3404 5015; x_wconf 92' lang='lat' dir='ltr'><strong>omni</strong></span> <span class='ocrx_word' id='word_1_889' title='bbox 3435 4979 3662 5021; x_wconf 68' lang='lat' dir='ltr'><strong>excusi:-</strong></span> 
     </span>
    </p>
   </div>
   <div class='ocr_carea' id='block_1_107' title="bbox 2080 4999 3657 5127">
    <p class='ocr_par' dir='ltr' id='par_1_107' title="bbox 2080 4999 3657 5127">
     <span class='ocr_line' id='line_1_118' title="bbox 2687 4999 3657 5021; baseline 0.03 -27"><span class='ocrx_word' id='word_1_890' title='bbox 2687 4999 2703 5005; x_wconf 91' lang='lat'>_</span> <span class='ocrx_word' id='word_1_891' title='bbox 3001 4999 3153 5017; x_wconf 62' lang='lat'><strong>--_--,</strong></span> <span class='ocrx_word' id='word_1_892' title='bbox 3183 4999 3237 5008; x_wconf 76' lang='grc' dir='ltr'><strong>ν-</strong></span> <span class='ocrx_word' id='word_1_893' title='bbox 3262 4999 3404 5015; x_wconf 78' lang='grc' dir='ltr'>νιιιιιι</span> <span class='ocrx_word' id='word_1_894' title='bbox 3435 4999 3657 5021; x_wconf 59' lang='lat' dir='ltr'><strong>nauma-</strong></span> 
     </span>
     <span class='ocr_line' id='line_1_119' title="bbox 2080 4999 3657 5127; baseline 0.036 -67"><span class='ocrx_word' id='word_1_895' title='bbox 2080 4999 2225 5066; x_wconf 75' lang='lat' dir='ltr'><strong>tione</strong></span> <span class='ocrx_word' id='word_1_896' title='bbox 2268 5028 2514 5074; x_wconf 89' lang='lat' dir='ltr'><strong>vacuum.</strong></span> <span class='ocrx_word' id='word_1_897' title='bbox 2555 5022 2687 5079; x_wconf 90' lang='lat' dir='ltr'><strong>Cum</strong></span> <span class='ocrx_word' id='word_1_898' title='bbox 2732 5031 2895 5088; x_wconf 89' lang='lat' dir='ltr'><strong>sciret</strong></span> <span class='ocrx_word' id='word_1_899' title='bbox 2936 5038 3079 5095; x_wconf 90' lang='lat' dir='ltr'><strong>enim</strong></span> <span class='ocrx_word' id='word_1_900' title='bbox 3130 5047 3475 5108; x_wconf 90' lang='lat' dir='ltr'><strong>occidendum</strong></span> <span class='ocrx_word' id='word_1_901' title='bbox 3525 5058 3657 5127; x_wconf 77' lang='lat' dir='ltr'><strong>fore,</strong></span> 
     </span>
    </p>
   </div>
   <div class='ocr_carea' id='block_1_108' title="bbox 2078 5102 3656 5222">
    <p class='ocr_par' dir='ltr' id='par_1_108' title="bbox 2078 5102 3656 5222">
     <span class='ocr_line' id='line_1_120' title="bbox 3292 5102 3656 5127; baseline 0 -24"><span class='ocrx_word' id='word_1_902' title='bbox 3292 5102 3475 5108; x_wconf 64' lang='grc'><strong>--------</strong></span> <span class='ocrx_word' id='word_1_903' title='bbox 3525 5102 3656 5127; x_wconf 48' lang='grc' dir='ltr'><strong>,ψη</strong></span> 
     </span>
     <span class='ocr_line' id='line_1_121' title="bbox 2078 5102 3656 5222; baseline 0.034 -69"><span class='ocrx_word' id='word_1_904' title='bbox 2078 5102 2222 5157; x_wconf 91' lang='lat' dir='ltr'><strong>misit</strong></span> <span class='ocrx_word' id='word_1_905' title='bbox 2246 5112 2445 5166; x_wconf 83' lang='lat' dir='ltr'><strong>tamen.</strong></span> <span class='ocrx_word' id='word_1_906' title='bbox 2474 5112 2604 5171; x_wconf 88' lang='lat' dir='ltr'><strong>Illud</strong></span> <span class='ocrx_word' id='word_1_907' title='bbox 2633 5130 2833 5191; x_wconf 89' lang='lat' dir='ltr'><strong>autem,</strong></span> <span class='ocrx_word' id='word_1_908' title='bbox 2865 5126 3240 5193; x_wconf 83' lang='lat' dir='ltr'><strong>Reverebuntur</strong></span> <span class='ocrx_word' id='word_1_909' title='bbox 3262 5143 3427 5209; x_wconf 82' lang='lat' dir='ltr'><strong>ﬁlium</strong></span> <span class='ocrx_word' id='word_1_910' title='bbox 3470 5167 3656 5222; x_wconf 85' lang='lat' dir='ltr'><strong>meum,</strong></span> 
     </span>
     <span class='ocr_line' id='line_1_122' title="bbox 2078 5195 2703 5222; baseline 0 0"><span class='ocrx_word' id='word_1_911' title='bbox 2078 5195 2216 5222; x_wconf 63' lang='lat' dir='ltr'><strong>nun-ul</strong></span> <span class='ocrx_word' id='word_1_912' title='bbox 2247 5196 2414 5222; x_wconf 41' lang='lat' dir='ltr'><strong>In“---</strong></span> <span class='ocrx_word' id='word_1_913' title='bbox 2454 5203 2537 5222; x_wconf 64' lang='lat' dir='ltr'><strong>J_I,</strong></span> <span class='ocrx_word' id='word_1_914' title='bbox 2583 5208 2597 5222; x_wconf 79' lang='grc' dir='ltr'>ι</span> <span class='ocrx_word' id='word_1_915' title='bbox 2700 5221 2703 5222; x_wconf 66' lang='grc'><strong>-</strong></span> 
     </span>
    </p>
   </div>
   <div class='ocr_carea' id='block_1_109' title="bbox 2077 5195 3656 5305">
    <p class='ocr_par' dir='ltr' id='par_1_109' title="bbox 2077 5195 3656 5305">
     <span class='ocr_line' id='line_1_123' title="bbox 2077 5195 3656 5305; baseline 0.037 -61"><span class='ocrx_word' id='word_1_916' title='bbox 2077 5195 2217 5262; x_wconf 91' lang='lat' dir='ltr'><strong>quod</strong></span> <span class='ocrx_word' id='word_1_917' title='bbox 2245 5196 2418 5257; x_wconf 76' lang='lat' dir='ltr'><strong>facere</strong></span> <span class='ocrx_word' id='word_1_918' title='bbox 2444 5203 2711 5266; x_wconf 91' lang='lat' dir='ltr'><strong>debebant</strong></span> <span class='ocrx_word' id='word_1_919' title='bbox 2749 5222 2987 5276; x_wconf 91' lang='lat' dir='ltr'><strong>enuntiat</strong></span> <span class='ocrx_word' id='word_1_920' title='bbox 3012 5243 3026 5278; x_wconf 89' lang='lat'><strong>:</strong></span> <span class='ocrx_word' id='word_1_921' title='bbox 3057 5228 3175 5297; x_wconf 89' lang='lat' dir='ltr'><strong>quia</strong></span> <span class='ocrx_word' id='word_1_922' title='bbox 3204 5195 3480 5302; x_wconf 76' lang='lat' dir='ltr'><strong>oportebat</strong></span> <span class='ocrx_word' id='word_1_923' title='bbox 3511 5198 3656 5305; x_wconf 64' lang='lat' dir='ltr'><strong>certe</strong></span> 
     </span>
     <span class='ocr_line' id='line_1_124' title="bbox 2077 5281 2684 5305; baseline 0.036 0"><span class='ocrx_word' id='word_1_924' title='bbox 2077 5281 2192 5305; x_wconf 83' lang='lat' dir='ltr'><strong>:n-_</strong></span> <span class='ocrx_word' id='word_1_925' title='bbox 2222 5301 2289 5305; x_wconf 39' lang='grc' dir='ltr'><strong>---γ</strong></span> <span class='ocrx_word' id='word_1_926' title='bbox 2330 5304 2333 5305; x_wconf 51' lang='grc' dir='ltr'><em>ν</em></span> <span class='ocrx_word' id='word_1_927' title='bbox 2437 5294 2450 5305; x_wconf 85' lang='grc'><strong>·</strong></span> <span class='ocrx_word' id='word_1_928' title='bbox 2505 5295 2556 5305; x_wconf 70' lang='grc' dir='ltr'><strong>ι·-</strong></span> <span class='ocrx_word' id='word_1_929' title='bbox 2639 5302 2684 5305; x_wconf 53' lang='lat'><strong>‘-</strong></span> 
     </span>
    </p>
   </div>
   <div class='ocr_carea' id='block_1_110' title="bbox 2076 5281 3656 5398">
    <p class='ocr_par' dir='ltr' id='par_1_110' title="bbox 2076 5281 3656 5398">
     <span class='ocr_line' id='line_1_125' title="bbox 3073 5281 3653 5305; baseline 0.045 -25"><span class='ocrx_word' id='word_1_930' title='bbox 3073 5281 3087 5297; x_wconf 61' lang='grc' dir='ltr'>ι</span> <span class='ocrx_word' id='word_1_931' title='bbox 3131 5281 3143 5282; x_wconf 54' lang='lat'><strong><em>,</em></strong></span> <span class='ocrx_word' id='word_1_932' title='bbox 3167 5281 3174 5282; x_wconf 36' lang='grc' dir='ltr'>κ</span> <span class='ocrx_word' id='word_1_933' title='bbox 3210 5281 3227 5285; x_wconf 44' lang='grc' dir='ltr'><strong><em>ν</em></strong></span> <span class='ocrx_word' id='word_1_934' title='bbox 3279 5281 3480 5296; x_wconf 68' lang='grc' dir='ltr'><strong>ν--νυιιι</strong></span> <span class='ocrx_word' id='word_1_935' title='bbox 3511 5281 3588 5300; x_wconf 56' lang='grc' dir='ltr'><strong>υκαι</strong></span> <span class='ocrx_word' id='word_1_936' title='bbox 3606 5281 3653 5305; x_wconf 72' lang='grc' dir='ltr'><strong>ις</strong></span> 
     </span>
     <span class='ocr_line' id='line_1_126' title="bbox 2076 5281 3656 5398; baseline 0.036 -62"><span class='ocrx_word' id='word_1_937' title='bbox 2076 5281 2195 5340; x_wconf 94' lang='lat' dir='ltr'><strong>illos</strong></span> <span class='ocrx_word' id='word_1_938' title='bbox 2222 5294 2473 5348; x_wconf 89' lang='lat' dir='ltr'><strong>revereri.</strong></span> <span class='ocrx_word' id='word_1_939' title='bbox 2502 5295 2775 5370; x_wconf 88' lang='lat' dir='ltr'><strong>Siquidem</strong></span> <span class='ocrx_word' id='word_1_940' title='bbox 2803 5319 2857 5362; x_wconf 92' lang='lat' dir='ltr'><strong>et</strong></span> <span class='ocrx_word' id='word_1_941' title='bbox 2877 5314 2999 5369; x_wconf 86' lang='lat' dir='ltr'><strong>alibi</strong></span> <span class='ocrx_word' id='word_1_942' title='bbox 3029 5317 3158 5375; x_wconf 89' lang='lat' dir='ltr'><strong>dicit</strong></span> <span class='ocrx_word' id='word_1_943' title='bbox 3185 5341 3198 5377; x_wconf 93' lang='lat'><strong>:</strong></span> <span class='ocrx_word' id='word_1_944' title='bbox 3229 5281 3291 5380; x_wconf 66' lang='grc' dir='ltr'><em>ἓὶ</em></span> <span class='ocrx_word' id='word_1_945' title='bbox 3314 5332 3446 5398; x_wconf 81' lang='lat' dir='ltr'><strong>forte</strong></span> <span class='ocrx_word' id='word_1_946' title='bbox 3479 5340 3656 5392; x_wconf 82' lang='lat' dir='ltr'><strong>audie-</strong></span> 
     </span>
    </p>
   </div>
   <div class='ocr_carea' id='block_1_111' title="bbox 2074 5377 3653 5485">
    <p class='ocr_par' dir='ltr' id='par_1_111' title="bbox 2074 5377 3653 5485">
     <span class='ocr_line' id='line_1_127' title="bbox 2074 5377 3653 5485; baseline 0.039 -58"><span class='ocrx_word' id='word_1_947' title='bbox 2074 5377 2175 5430; x_wconf 89' lang='lat' dir='ltr'><strong>rint</strong></span> <span class='ocrx_word' id='word_1_948' title='bbox 2196 5378 2407 5449; x_wconf 80' lang='lat' dir='ltr'><strong>(Ezeclt.</strong></span> <span class='ocrx_word' id='word_1_949' title='bbox 2441 5386 2493 5440; x_wconf 81' lang='grc'>2.</span> <span class='ocrx_word' id='word_1_950' title='bbox 2516 5390 2573 5459; x_wconf 84' lang='grc'>5)</span> <span class='ocrx_word' id='word_1_951' title='bbox 2598 5410 2613 5447; x_wconf 89' lang='lat'><strong>:</strong></span> <span class='ocrx_word' id='word_1_952' title='bbox 2645 5410 2817 5467; x_wconf 89' lang='lat' dir='ltr'><strong>neque</strong></span> <span class='ocrx_word' id='word_1_953' title='bbox 2843 5402 2947 5461; x_wconf 91' lang='lat' dir='ltr'><strong>illic</strong></span> <span class='ocrx_word' id='word_1_954' title='bbox 2975 5377 3392 5483; x_wconf 60' lang='lat' dir='ltr'><strong>ignorabat,s&#39;ed</strong></span> <span class='ocrx_word' id='word_1_955' title='bbox 3415 5377 3653 5485; x_wconf 31' lang='lat' dir='ltr'><strong>Leuit}:-</strong></span> 
     </span>
    </p>
   </div>
   <div class='ocr_carea' id='block_1_112' title="bbox 2072 5654 3647 5765">
    <p class='ocr_par' dir='ltr' id='par_1_112' title="bbox 2072 5654 3647 5765">
     <span class='ocr_line' id='line_1_128' title="bbox 3144 5654 3646 5685; baseline 0.038 -29"><span class='ocrx_word' id='word_1_956' title='bbox 3144 5654 3157 5656; x_wconf 73' lang='grc'><strong>-</strong></span> <span class='ocrx_word' id='word_1_957' title='bbox 3204 5654 3337 5663; x_wconf 75' lang='grc'><strong>----..</strong></span> <span class='ocrx_word' id='word_1_958' title='bbox 3368 5654 3646 5685; x_wconf 45' lang='lat' dir='ltr'><strong>“napum,</strong></span> 
     </span>
     <span class='ocr_line' id='line_1_129' title="bbox 2072 5654 3647 5765; baseline 0.039 -58"><span class='ocrx_word' id='word_1_959' title='bbox 2072 5654 2135 5710; x_wconf 82' lang='lat' dir='ltr'><strong>Si</strong></span> <span class='ocrx_word' id='word_1_960' title='bbox 2164 5661 2294 5726; x_wconf 82' lang='lat' dir='ltr'><strong>forte</strong></span> <span class='ocrx_word' id='word_1_961' title='bbox 2321 5663 2527 5736; x_wconf 88' lang='lat' dir='ltr'><strong>dicens,</strong></span> <span class='ocrx_word' id='word_1_962' title='bbox 2571 5682 2624 5726; x_wconf 92' lang='lat' dir='ltr'><strong>et</strong></span> <span class='ocrx_word' id='word_1_963' title='bbox 2650 5674 2905 5736; x_wconf 78' lang='lat' dir='ltr'><strong>Fortasse.</strong></span> <span class='ocrx_word' id='word_1_964' title='bbox 2936 5685 3065 5743; x_wconf 83' lang='lat' dir='ltr'><strong>Nam</strong></span> <span class='ocrx_word' id='word_1_965' title='bbox 3092 5694 3134 5747; x_wconf 93' lang='lat' dir='ltr'><strong>si</strong></span> <span class='ocrx_word' id='word_1_966' title='bbox 3168 5698 3307 5754; x_wconf 87' lang='lat' dir='ltr'><strong>circa</strong></span> <span class='ocrx_word' id='word_1_967' title='bbox 3338 5720 3522 5764; x_wconf 85' lang='lat' dir='ltr'><strong>servos</strong></span> <span class='ocrx_word' id='word_1_968' title='bbox 3554 5712 3647 5765; x_wconf 81' lang='lat' dir='ltr'><strong>int-</strong></span> 
     </span>
    </p>
   </div>
   <div class='ocr_carea' id='block_1_113' title="bbox 2074 5752 3642 5872">
    <p class='ocr_par' dir='ltr' id='par_1_113' title="bbox 2074 5752 3642 5872">
     <span class='ocr_line' id='line_1_130' title="bbox 2074 5752 3642 5872; baseline 0.038 -69"><span class='ocrx_word' id='word_1_969' title='bbox 2074 5752 2221 5819; x_wconf 90' lang='lat' dir='ltr'><strong>probi</strong></span> <span class='ocrx_word' id='word_1_970' title='bbox 2246 5754 2478 5825; x_wconf 81' lang='lat' dir='ltr'><strong>luerunt,</strong></span> <span class='ocrx_word' id='word_1_971' title='bbox 2512 5763 2601 5819; x_wconf 83' lang='lat' dir='ltr'><strong>lilii</strong></span> <span class='ocrx_word' id='word_1_972' title='bbox 2634 5767 2940 5836; x_wconf 81' lang='lat' dir='ltr'><strong>dignitatem</strong></span> <span class='ocrx_word' id='word_1_973' title='bbox 2971 5790 3203 5841; x_wconf 85' lang='lat' dir='ltr'><strong>revereri</strong></span> <span class='ocrx_word' id='word_1_974' title='bbox 3227 5799 3477 5863; x_wconf 76' lang='lat' dir='ltr'><strong>oportuit.</strong></span> <span class='ocrx_word' id='word_1_975' title='bbox 3508 5806 3642 5872; x_wconf 82' lang='lat' dir='ltr'><strong>Quid</strong></span> 
     </span>
    </p>
   </div>
  </div>
