4140 6376
426 280 520 327 Ιὶὶί

430 392 650 461 αἰτῆσαι
694 395 1027 465 συγγνώμην
1075 398 1166 449 ἐπὶ
1205 401 1316 461 τοῖς
1346 400 1925 474 πεπλημμελημένοις,
1976 408 2111 463 καὶ⁵

427 477 859 543 ἐπαγωνίζονται
900 482 1013 543 τοῖς
1048 482 1355 552 προτέροις,
1400 484 1796 541 ἐπαποδύονται
1840 495 1951 554 τοῖς
1986 494 2112 562 μιά-

429 576 652 628 σμασιν,
680 562 767 614 ἀεὶ
800 561 867 614 τά
898 563 1138 634 πρότερα
1180 567 1292 627 τοῖς
1322 565 1596 636 δευτέροις
1630 561 2107 642 ἀποκρύπτοντες·

426 644 454 694 ὃ
482 644 576 696 καὶ
615 645 775 709 αὐτὸς
804 647 979 716 δηλῶν
1020 647 1175 717 ἔλεγε
1194 666 1207 680 ·
1239 651 1605 716 Πληρώσατε
1631 652 1698 706 τὸ
1738 657 1960 724 μέτρον
1992 658 2115 714 τῶν

428 728 697 795 πατέρων
723 730 909 799 ὑμῶν.
944 731 1187 785 Ἀνωθεν
1229 733 1337 804 γάρ
1379 734 1563 798 αὐτοῖς
1599 737 1773 791 ταῦτα
1816 741 2108 798 ἐνεκάλουν

427 813 477 863 οἰ
514 814 789 882 προφῆται
830 814 1114 882 λέγοντες·
1145 819 1215 870 Al
1246 816 1442 885 χεῖρες
1472 820 1640 887 ὑμῶν
1678 822 1926 892 αἵματος
1958 827 2115 894 πλή-

423 914 580 963 ρεις·
611 898 723 958 καὶ,
754 899 982 965 Αἵματα
1019 900 1111 967 ἐφ’
1149 902 1361 968 αἵμασι
1400 904 1694 972 μίστγουσι
1717 924 1730 936 ·
1783 909 1899 973 καὶ,
1948 913 2117 966 Οἰκο-

426 979 753 1048 δομοῡντες
782 981 936 1034 Σιὼν
960 981 1029 1034 ἐν
1055 983 1327 1051 αἵμασιν.
1366 986 1504 1038 Ἀλλ’
1524 988 1624 1039 ούκ
1652 990 2112 1060 ἐσωφρονίζοντο·

429 1061 605 1147 καίτοι
627 1062 831 1132 ταύτην
856 1062 1113 1128 λαϐόντες
1144 1064 1367 1137 πρώτην
1385 1066 1483 1138 τὴν
1508 1070 1750 1141 ἐντολὴν,
1783 1074 1864 1139 τὸ,
1893 1078 1975 1131 Οὐ
2004 1095 2114 1147 φο-

430 1146 700 1211 νεύσεις,
751 1147 845 1199 καὶ
880 1147 1090 1218 μυρίων
1124 1148 1326 1220 ἐτέρων
1348 1173 1357 1183 ·
1383 1152 1767 1219 κελευσθέντες
1811 1158 2116 1228 ἀπέχεσθαι

430 1228 521 1281 διὰ
556 1229 713 1283 τοῦτο
742 1231 783 1292 ⁸,
834 1231 928 1283 καὶ
980 1231 1067 1285 διὰ
1106 1233 1314 1288 πολλῶν
1348 1238 1441 1289 καὶ
1495 1239 1849 1294 παντοδαπῶν
1894 1244 1974 1305 εἰς
2017 1243 2118 1313 τήν

431 1313 679 1384 φυλακὴν
732 1313 833 1383 τῆς
887 1315 1108 1386 ἐντολῆς
1161 1318 1368 1387 ταύτης
1406 1321 1742 1391 ἐναγόμενοι.
1786 1324 1926 1377 Ἀλλ’
1968 1326 2118 1396 ὅμως

430 1397 531 1466 τὴν
572 1396 814 1467 πονηρὰν
840 1399 1055 1469 ἐκείνην
1086 1400 1187 1453 οὐκ
1221 1402 1488 1456 ἀπέθεντο
1524 1407 1846 1471 συνήθειαν·
1884 1410 2022 1462 ἀλλὰ
2061 1409 2116 1463 τί

430 1478 681 1547 λέγουσιν
724 1480 922 1543 ἰδόντες
974 1482 1171 1547 αὑτόνς
1219 1484 1433 1551 Δεῦτε,
1475 1485 1622 1559 [671]
1669 1490 2121 1559 ἀποκτείνωμεν

436 1564 644 1616 αὐτόν.
670 1563 826 1626 Τίνος
867 1563 1074 1629 ἕνεκεν,
1107 1568 1201 1619 καὶ
1228 1567 1407 1632 διατί;
1439 1570 1492 1621 τί
1529 1588 1658 1624 ποτε
1700 1572 1915 1643 ἔχοντες
1952 1576 2121 1644 ἐγκα-

435 1643 568 1705 λεῖν,
609 1644 642 1715 ἢ
680 1645 898 1715 μικρὸν,
930 1646 963 1715 ἢ
1006 1647 1185 1716 μέγα;
1216 1649 1340 1702 Ὅτι
1371 1651 1632 1722 ἐτίμησεν
1663 1656 1827 1726 ὑμᾶς,
1861 1659 1957 1710 καὶ
1990 1643 2122 1723 Θεὸς

434 1726 531 1795 ὢν,
564 1728 849 1799 ἄνθρωπος
896 1729 1113 1797 ἐγένετο
1154 1732 1220 1784 δι’
1258 1734 1434 1803 ὑμᾶς,
1483 1738 1580 1789 καὶ
1614 1738 1683 1792 τά
1728 1742 1898 1810 μυρία
1938 1743 2125 1797 ἐκεῖνα

435 1813 731 1881 εἰργάσατο
773 1812 1059 1882 θαύματα;
1093 1814 1209 1868 ἀλλ’
1238 1817 1320 1870 ὅτι
1357 1817 1426 1870 τὰ
1476 1819 1849 1891 ἁμαρτήματα
1890 1823 2125 1895 συνεχώ-

437 1910 554 1964 ρεις
599 1897 714 1951 ἀλλ’
741 1898 824 1950 ὅτι
870 1900 963 1951 ἐπὶ
999 1898 1278 1968 βασιλείαν
1324 1902 1551 1971 ἐκάλεις
1579 1905 1719 1975 Ὅρα
1753 1906 1808 1959 δὲ
1842 1908 1981 1976 μετὰ
2025 1910 2127 1977 τῆς

436 1980 693 2044 ἀσεϐείας
718 1984 810 2036 καὶ
824 1985 924 2053 τὴν
940 1984 1127 2038 ἄνοιαν
1145 1985 1346 2054 πολλὴν
1365 1980 1553 2049 οὖσαν,
1587 1989 1679 2041 καὶ
1701 1990 1799 2059 τὴν
1823 1991 2000 2043 αἰτίαν
2026 1994 2127 2062 τῆς

438 2067 652 2136 σφαγῆς
681 2068 881 2140 πολλῆς
917 2069 1193 2139 γέμουσαν
1222 2070 1626 2140 παραπληξίας.
1667 2074 2127 2144 Ἀποκτεὲνωμεν

436 2147 545 2218 γὰρ
578 2149 802 2213 αὐτὸν,
843 2153 1014 2222 φησὶ,
1059 2153 1157 2206 καὶ
1208 2153 1382 2221 ἡμῶν
1431 2155 1603 2208 ἐσται
1644 2156 1683 2225 ἠ
1730 2160 2121 2228 κληρονομία.

437 2233 548 2285 Καὶ
576 2232 679 2285 ποῦ
705 2236 1024 2288 ἀποκτεῖναι
1057 2235 1438 2306 βουλεύονται;
1467 2237 1613 2303 Ἕξω
1643 2240 1738 2292 τοῦ
1772 2242 2117 2310 ἀμπελῶνος.

511 2314 577 2385 β’.
617 2313 770 2380 Εἶδες
796 2318 915 2381 πῶς
945 2319 1282 2390 προφητεύει
1314 2323 1409 2375 καὶ
1440 2320 1531 2376 τὸν
1559 2322 1740 2389 τόπον,
1772 2324 1901 2377 ἔνθα
1930 2325 2121 2394 ἔμελλε

440 2399 809 2467 σφάττεσθαι;
842 2402 954 2455 Καὶ
992 2403 1356 2470 ἐκϐαλόντες
1397 2406 1776 2459 ἀπέκτειναν.
1810 2409 1920 2460 Καὶ
1953 2409 1981 2459 ὁ
2022 2410 2121 2479 μὲν

442 2489 660 2551 Λουκᾶς
691 2506 879 2558 φησιν,
906 2490 989 2542 ὅτι
1018 2490 1182 2553 αὐτὸς
1213 2492 1533 2561 ἀπεφήνατο
1560 2491 1587 2544 ὃ
1627 2492 1819 2544 παθεῖν
1862 2492 1971 2546 ἔδει
2005 2491 2125 2545 τού-

440 2587 587 2635 τους,
621 2573 863 2626 κάκεῖνοι
895 2569 1049 2627 εἷπον
1072 2614 1087 2639 ,
1125 2574 1221 2642 Μὴ
1263 2575 1494 2646 γένοιτο
1514 2592 1527 2605 ·
1560 2576 1652 2628 καὶ
1685 2577 1786 2647 τὴν
1821 2578 2126 2649 μαρτυρίαν

441 2655 741 2726 ἐπήγαγεν.
805 2656 1139 2725 Ἑμϐλέψας
1204 2657 1313 2729 γὰρ
1371 2658 1578 2725 αὐτοῖς
1639 2655 1809 2712 εἴπεο
1884 2661 1946 2714 Τί
2013 2658 2128 2715 οὖν

440 2743 574 2794 ἐστι
605 2742 673 2795 τὸ
721 2742 1149 2812 γεγραμμένον,
1198 2744 1383 2797 Λίθον
1439 2743 1511 2797 ὃν
1553 2744 2011 2813 ἀπεδοκίμασαν
2075 2748 2127 2798 οἱ

444 2826 922 2895 οἰκοδομοῦντες,
950 2823 1130 2893 οὗτος
1158 2828 1412 2896 ἐγενήθη
1448 2834 1537 2893 εἰς
1569 2828 1847 2897 κεφαλὴν
1877 2830 2123 2898 γωνίας·

444 2911 545 2964 καί
582 2908 701 2975 πᾶς
730 2915 762 2965 ό
794 2912 1001 2965 πεσὼν
1028 2913 1119 2965 ἐπ’
1146 2912 1335 2966 αὑτὸν
1365 2911 1936 2977 συνθλασθήσεται;
1976 2912 2035 2965 '0
2069 2911 2126 2963 δὲ

445 2994 740 3063 δίατθαῖος,
786 2998 867 3049 ὅτι
913 2997 1068 3050 αὐτοὶ
1126 2996 1224 3066 τὴν
1272 2995 1450 3065 ψῆφον
1494 2995 1815 3066 ἐξήνεγκαν.
1858 2995 1997 3048 Ἀλλ’
2028 2997 2127 3048 οὐκ

445 3077 561 3130 ἐστι
595 3078 752 3132 τοῦτο
787 3079 1209 3148 ἐναντιολογίας.
1234 3080 1344 3132 Καὶ
1377 3079 1485 3149 γὰρ
1518 3079 1804 3150 ἀμφότερα
1846 3078 2038 3146 γέγονε
2065 3081 2084 3111 "
2109 3096 2122 3110 ·

448 3162 542 3213 καὶ
575 3162 674 3234 τὴν
702 3163 880 3233 ψῆφον
912 3164 1063 3217 αὐτοὶ
1096 3164 1397 3234 ἐξήνεγκαν
1430 3162 1551 3215 καθ’
1580 3162 1809 3224 ἑαυτῶν,
1842 3163 1936 3215 καὶ
1966 3163 2126 3216 πάλιν

449 3246 761 3315 αἰσθόμενοι
795 3247 902 3299 τῶν
936 3246 1243 3318 εἰρημένων
1270 3242 1445 3309 εἷπον,
1469 3249 1527 3299 Μ
1534 3245 1565 3312 ὴ
1607 3245 1869 3314 γένοιτο·
1905 3246 1998 3297 καὶ
2035 3245 2126 3300 τὸν

450 3330 734 3400 προφήτην
765 3331 947 3393 αὐτοῖς
977 3330 1302 3400 ἐπετείχισε,
1328 3330 1530 3383 πείθων
1551 3331 1767 3394 αὐτοὺς,
1800 3331 1879 3383 ὄτι
1911 3331 2127 3393 πάντως

449 3414 601 3466 ἔσται
624 3413 799 3467 τοῦτο.
834 3414 976 3466 Ἀλλ’
992 3415 1141 3483 ὅμως
1163 3413 1285 3465 οὐδὲ
1308 3413 1448 3466 οὕτω
1472 3414 1539 3465 τὰ
1563 3413 1690 3482 ἔθνη
1718 3414 1905 3483 σαφῶς
1927 3414 2130 3467 ἀπεκά-

449 3496 636 3565 λυψεν,
680 3494 823 3548 ὥστε
872 3496 1142 3567 μηδεμίαν
1187 3498 1372 3560 αὐτοῖς
1411 3498 1715 3567 παρασχεῖν
1768 3496 1961 3568 λαϐὴν,
2012 3497 2127 3550 ἀλλ’

451 3579 668 3649 ᾐνίξατο
716 3579 906 3645 εἰπὼν,
953 3580 1137 3635 Δώσει
1192 3581 1301 3634 τὸν
1361 3580 1691 3649 ἀμπελῶνα
1747 3579 1979 3646 ἄλλοις.
2029 3582 2128 3634 Διά

450 3661 607 3716 τοῦτο
648 3662 712 3733 δὴ
757 3664 851 3715 καὶ
892 3662 981 3716 διὰ
1026 3663 1340 3734 παραϐολῆς
1380 3660 1600 3734 εἴρηκεν
1623 3661 1667 3725 ⁸,
1704 3663 1790 3715 ἵνα
1828 3663 1982 3715 αὐτοὶ
2029 3663 2127 3733 τὴν

449 3744 630 3815 ψῆφον
671 3748 1060 3815 ἐξενέγκωσιν·
1097 3748 1235 3818 ὅπερ
1266 3747 1360 3799 καὶ
1410 3747 1504 3799 ἐπὶ
1536 3746 1629 3799 τοῦ
1669 3745 1833 3800 Δαυῒδ
1882 3746 2130 3815 γέγονεν,

453 3830 541 3883 ὅτε
568 3829 751 3899 ἔκρινε
780 3831 879 3901 τὴν
908 3828 1222 3901 παραϐολὴν
1254 3827 1350 3881 τοῦ
1384 3827 1597 3882 Νάθαν.
1622 3830 1694 3881 Σὺ
1724 3828 1780 3881 δέ
1817 3846 1906 3898 μοι
1940 3828 2130 3881 σκόπει

454 3912 748 3966 κάντεῦθεν
783 3914 899 3977 πῶς
929 3913 1113 3967 δικαία
1137 3914 1171 3982 ή
1202 3913 1401 3983 ψῆφος,
1427 3912 1554 3965 ὅταν
1580 3912 1732 3965 αὐτοὶ
1759 3912 1808 3964 οἰ
1848 3911 2131 3982 μέλλοντες

454 3993 779 4058 κολάζεσθαι
808 3997 1034 4060 ἑαυτοὺς
1072 3995 1528 4059 καταδικάζωσιν.
1558 3993 1690 4048 Εἶτα
1721 3995 1807 4048 ἵνα
1859 3995 2128 4066 μάθωσιν,

455 4078 536 4130 ὅτι
568 4079 629 4131 ού
667 4078 827 4147 μόνον
858 4081 890 4150 ή
918 4080 1013 4132 τοῦ
1048 4078 1257 4133 δικαίου
1293 4077 1455 4146 φύσις
1477 4078 1497 4108 ⁹
1526 4077 1696 4131 ταῦτα
1738 4077 1961 4148 ἀπῄτει,
1993 4076 2129 4131 ἀλλά

456 4162 551 4215 καὶ
595 4161 801 4215 ἀνωθεν
839 4162 873 4233 ή
922 4162 1015 4215 τοῦ
1060 4161 1376 4232 Πνεύματος
1422 4160 1583 4233 χάρις
1622 4159 1889 4231 προῦλεγε
1920 4158 2127 4222 ταῦτα,

457 4244 554 4296 καὶ
578 4246 606 4297 ὁ
639 4243 772 4308 Θεὸς
802 4243 973 4307 οὕτως
1005 4245 1321 4315 ἐψηφίζετο,
1355 4246 1450 4299 καὶ
1486 4244 1822 4314 προφητείαν
1853 4243 2125 4312 ἐπήγαγε,

460 4329 555 4382 καὶ
592 4328 959 4400 ἐντρεπτικῶς
1002 4330 1185 4392 αὐτοῖς
1229 4330 1459 4399 ἐπιτιμᾷ
1486 4329 1528 4359 ⁸⁰
1575 4326 1775 4395 λέγων·
1826 4326 2130 4380 Οὐδέποτε

458 4411 783 4482 ἀνέγνωτε,
830 4411 918 4465 ὅτι
970 4413 1153 4467 Λίθον
1201 4413 1274 4467 ὂν
1316 4412 1773 4482 ἀπεδοκίμασαν
1810 4411 2128 4466 0101x060-

456 4495 739 4565 μοῦντες,
772 4491 951 4561 οὗτος
977 4495 1232 4565 ἐγενήθη
1262 4498 1349 4562 εὶς
1380 4496 1656 4565 κεφαλὴν
1672 4496 1926 4565 run-lac;
1972 4493 2132 4565 παρά

460 4580 680 4648 Κυρίου
738 4578 976 4649 ἐγένετο
1055 4579 1241 4647 αὕτη,
1303 4580 1402 4634 καὶ
1467 4581 1599 4634 ἐστι
1679 4578 1997 4649 θαυμαστὴ
2064 4578 2132 4632 ἐν

462 4663 791 4733 ὀφθαλμοῖς
830 4662 1017 4733 ἡμῶν·
1062 4662 1151 4716 διὰ
1185 4664 1401 4718 πάντων
1430 4663 1663 4728 δεικνὺς,
1706 4664 1786 4716 ὅτι
1831 4664 1877 4714 οἱ
1916 4661 2015 4732 μὲν
2043 4663 2134 4714 ἐκ-

462 4747 753 4801 ϐάλλεσθαι
791 4747 1015 4818 ἔμελλον
1044 4748 1423 4811 ἀπιστοῦντες,
1454 4747 1522 4799 τά
1547 4747 1602 4798 δὲ
1634 4746 1760 4816 ἔθνη
1792 4746 2131 4814 εἰσάγεσθαι.

462 4830 633 4883 Τοῦτο
662 4832 756 4884 καὶ
785 4830 873 4883 διὰ
903 4830 1005 4900 τῆς
1029 4832 1357 4896 Χαναναίας,
1378 4831 1536 4884 τοῦτο
1563 4835 1655 4883 καὶ
1678 4830 1767 4883 διὰ
1788 4828 1881 4882 τοῦ
1910 4829 2034 4883 ὄνου
2066 4828 2133 4894 ⁸³,

463 4916 560 4968 καὶ
587 4913 675 4967 διὰ
716 4913 812 4967 τοῦ
848 4916 1265 4987 ἑκατοντάρχου,
1296 4918 1390 4969 καὶ
1417 4915 1484 4967 δι’
1511 4915 1685 4969 ἄλλων
1720 4913 1929 4967 πολλῶν
1953 4931 2133 4986 παρα-

466 4998 638 5050 ϐολῶν
664 4998 903 5068 ᾐνίξατο·
953 4999 1109 5052 τοῦτο
1155 5001 1250 5053 καὶ
1276 5000 1389 5054 νῦν.
1428 5000 1520 5052 Διὸ
1550 5001 1644 5053 καὶ
1673 5000 1940 5069 ἐπήγαγε·
1970 4999 2137 5066 Παρὰ

464 5082 689 5147 Κυρίου
716 5081 951 5149 ἐγένετο
984 5084 1157 5150 αὕτη,
1182 5084 1278 5137 καί
1314 5083 1447 5138 ἐστι
1478 5082 1790 5152 θαυμαστὴ
1821 5082 1891 5134 ἐν
1918 5082 2139 5150 ὀφθαλ-

461 5163 601 5234 μοῖς
648 5164 838 5233 ἡμῶν·
887 5166 1191 5237 προδηλῶν,
1238 5168 1321 5220 ὅτι
1373 5166 1444 5220 τὰ
1489 5167 1616 5237 ἔθνη
1653 5165 1996 5228 πιστεύοντα,
2044 5165 2140 5217 καὶ

481 5245 749 5300 Ἰουδαίων
781 5248 895 5301 ὅσοι
926 5248 992 5303 ἂν
1023 5251 1119 5303 καὶ
1160 5251 1316 5305 αὐτοὶ
1366 5250 1755 5315 πιστεύσωσιν,
1805 5248 2018 5302 ἔσονται
2056 5248 2135 5311 ἓν,

468 5328 646 5381 καίτοι
681 5321 936 5383 τοσούτου
966 5331 1060 5384 τοῦ
1092 5332 1258 5403 μέσου
1289 5332 1441 5397 ὄντος
1490 5333 1819 5403 ἔμπροσθεν.
1866 5328 2020 5397 Εἶτα,
2053 5332 2139 5385 ἵνα

1230 285 1285 337 5.
1327 284 1609 341 ,ΙΟᾹᾸΝΙΒ
1642 288 2131 348 CHRYSJSTOMI
2173 295 2491 352 ARCIHEP.
2541 295 3087 353 CONSTANTINOP.

3787 300 3896 354 6.52

2218 413 2463 485 μάθωσιν
2489 415 2571 467 ὅτι
2598 414 2751 467 οὐδὲν
2776 414 2853 484 τῷ
2884 414 3003 485 Θεῷ
3033 414 3273 469 ἐναντίον
3302 414 3411 467 τῶν
3456 414 3754 485 γινομένων
3799 412 3896 485 ἦν,

2214 498 2350 551 ἀλλὰ
2405 500 2498 552 καὶ
2550 499 2757 567 σφόδρα
2816 499 3175 552 εὑαπόδεκτον
3224 500 3266 529 ¹²
3314 499 3375 551 τὸ
3430 499 3745 569 συμϐαῖνον,
3798 501 3897 551 καὶ

2216 582 2539 653 παράδοξον,
2577 584 2671 635 καὶ
2703 583 2812 635 τῶν
2852 580 3104 654 ὁρώντων
3137 583 3370 636 ἕκαστον
3403 582 3724 652 ἐκπλῆττον·
3775 582 3898 651 (καὶ

2214 667 2323 737 γὰρ
2355 661 2422 736 ἦν
2457 664 2641 736 θαῦμα
2673 666 2877 736 σφόδρα
2906 667 3157 735 ἄφατον·)
3199 668 3449 736 ἐπήγαγε
3479 664 3674 734 λέγων·
3729 665 3899 731 Παρὰ

2216 750 2440 817 Κυρίου
2498 749 2733 818 ἐγένετο
2773 748 2947 807 αὕτη.
3001 747 3163 800 Λίθον
3210 748 3266 800 δὲ
3324 748 3517 799 ἐαυτὸν
3564 746 3737 810 καλεῖ,
3800 747 3899 800 καὶ

2215 833 2531 903 οἰκοδόμους
2557 831 2683 893 τοὺς
2710 822 3063 893 διδασκάλους
3088 830 3195 883 τῶν
3227 830 3519 882 Ἰουδαίων·
3551 829 3580 881 ὃ
3606 828 3700 881 καὶ
3735 828 3898 893 ’ῐεζεη-

2217 914 2342 984 κιήλ
2383 930 2567 984 φησιν·
2605 917 2669 966 Οἱ
2706 912 3169 982 οἰκοδομοῦντες
3209 913 3316 965 τὸν
3343 912 3567 981 τοῖχον,
3604 911 3699 963 καὶ
3732 912 3899 965 ἀλεί-

2215 1015 2437 1066 φοντες
2485 999 2827 1066 ἀναρτύτως
2863 998 2927 1051 ¹³.
2982 996 3108 1060 Πῶς
3140 994 3291 1067 [672]
3337 994 3394 1047 δὲ
3441 994 3897 1064 ὰπεδοκίμασαν;

2216 1083 2500 1151 Λέγοντες,
2534 1079 2723 1147 Οὗτος
2757 1083 2868 1135 οὐκ
2893 1082 3064 1135 ἐστιν
3088 1080 3207 1134 ἀπὸ
3262 1079 3308 1110 ¹¹⁶
3353 1078 3460 1131 τοῦ
3497 1077 3663 1131 Θεοῦ·
3706 1070 3901 1140 Οὗτος

2218 1164 2423 1231 πλανᾷ
2456 1167 2562 1219 τὸν
2592 1167 2805 1235 ὄχλον·
2830 1166 2925 1218 καὶ
2952 1164 3137 1227 πάλιν,
3163 1162 3529 1231 Σαμαρείτης
3565 1156 3625 1213 εἴ
3650 1159 3753 1223 σὺ,
3796 1156 3902 1210 καὶ

2219 1248 2531 1317 δαιμόνιον
2577 1249 2758 1317 ἔχεις.
2805 1243 2961 1311 Εἶτα,
3004 1247 3090 1300 ἵνα
3127 1246 3330 1314 γνῶσιν
3368 1245 3450 1298 ὅτι
3489 1245 3548 1297 οὐ
3604 1243 3767 1312 μέχρι
3799 1240 3898 1293 τοῦ

2220 1332 2555 1402 ἐκϐληθῆναι
2583 1332 2780 1394 αὐτοὺς
2809 1333 2842 1401 ή
2874 1328 3068 1399 ζημία,
3109 1329 3358 1398 ἐπήγαγε
3392 1328 3435 1358 ¹⁵
3472 1326 3566 1379 καὶ
3601 1325 3699 1387 τὰς
3730 1323 3896 1375 κολά-

2222 1434 2356 1480 σεις,
2397 1416 2592 1483 λέγων·
2646 1414 2773 1481 Πᾶς
2812 1417 2844 1467 ό
2879 1414 3114 1466 πίπτων
3161 1411 3258 1465 ἐπὶ
3308 1411 3414 1464 τὸν
3452 1410 3626 1464 λίθον
3654 1408 3897 1466 τοῦτον,

2221 1498 2780 1565 συνθλασθήσεται·
2828 1497 2919 1566 ἐφ’
2960 1495 3033 1549 ὃν
3058 1494 3109 1548 δ’
3139 1495 3215 1549 ἂν
3251 1494 3435 1561 πέσῃ,
3466 1491 3749 1560 λικμήσει
3789 1490 3899 1542 αὑ-

2221 1584 2351 1637 τόν.
2377 1581 2479 1634 Δύο
2510 1580 2674 1651 φησὶν
2724 1578 3001 1641 ἀπωλείας
3042 1575 3293 1629 ἐνταῦθα·
3328 1578 3457 1648 μίαν
3494 1576 3611 1645 μὲν,
3654 1573 3754 1643 τὴν
3789 1570 3901 1625 ἀπὸ

2224 1665 2317 1719 τοῦ
2358 1664 2665 1736 προσκόψαι
2712 1663 2808 1717 καὶ
2846 1660 3323 1732 σκανδαλισθῆναι·
3365 1659 3523 1713 τοῦτο
3570 1656 3678 1729 γάρ
3726 1658 3899 1718 ἐστιν,

2236 1751 2291 1802 Ὁ
2322 1749 2555 1802 πίπτων
2592 1747 2690 1800 ἐπὶ
2724 1746 2832 1800 τὸν
2860 1746 3036 1802 λίθον
3067 1744 3301 1798 τοῦτον·
3334 1743 3526 1813 ἑτέραν
3565 1740 3643 1804 δὲ,
3669 1739 3765 1809 τὴν
3789 1737 3899 1791 ἀπὸ

2226 1831 2325 1901 τῆς
2348 1830 2602 1893 ἁλώσεως
2625 1830 2822 1894 αὐτῶν,
2849 1828 3062 1897 καὶτῆς
3085 1828 3371 1897 συμφορᾶς
3385 1826 3481 1878 καὶ
3497 1821 3896 1891 πανωλεθρίας,

2226 1914 2292 1985 ἥν
2324 1916 2419 1967 καὶ
2468 1912 2655 1981 σαφῶς
2693 1912 3070 1983 προεδήλωσεν
3117 1909 3306 1971 εἰπὼν,
3354 1907 3645 1978 Λικμήσει
3686 1906 3895 1959 αὐτόν.

2229 1996 2327 2049 Διά
2359 1995 2565 2049 τούτων
2598 1996 2692 2048 καὶ
2734 1994 2832 2065 τὴν
2867 1995 3165 2048 ἀνάστασιν
3197 1993 3418 2064 ᾐνίξατο
3455 1990 3554 2060 τὴν
3586 1987 3799 2043 ἐαυτοῦ.
3836 1987 3899 2038 '0

2231 2084 2331 2157 μὲν
2377 2080 2470 2135 οὖν
2516 2081 2804 2151 προφήτης
2844 2078 3070 2141 Ἡσαΐας
3120 2078 3213 2130 τὸν
3263 2074 3563 2146 ἀμπελῶνα
3617 2068 3899 2157 αἰτιᾶσθαί

2231 2153 2397 2235 φησιν
2443 2164 2634 2217 αὐτόν·
2687 2161 2920 2217 ἐνταῦθα
2950 2162 3008 2216 δέ
3039 2162 3135 2216 καὶ
3166 2161 3293 2223 τοὺς
3328 2160 3596 2228 ἄρχοντας
3640 2154 3735 2207 τοῦ
3764 2153 3897 2207 λαοῦ

2229 2249 2524 2303 διαϐάλλει.
2556 2248 2665 2301 Καὶ
2692 2249 2810 2300 ἐκεῖ
2841 2245 2940 2317 μέν
2975 2263 3129 2316 φησι·
3162 2245 3223 2298 Τί
3263 2243 3382 2296 ἔδει
3412 2258 3487 2311 με
3520 2237 3769 2305 ποιῆσαι
3815 2236 3900 2302 τῷ

2228 2332 2539 2403 ἀμπελῶνί
2571 2348 2713 2400 μου,
2748 2329 2847 2383 καί
2874 2331 2986 2383 οὐκ
3013 2329 3307 2394 ἐποίησα;
3337 2327 3431 2378 καὶ
3451 2322 3681 2393 ἀλλαχοῦ
3710 2321 3893 2375 πάλιν·

2233 2418 2294 2470 Τί
2330 2418 2374 2447 ¹⁶
2406 2411 2588 2485 εὗρον
2618 2417 2672 2467 οὶ
2719 2412 2973 2482 πατέρες
3011 2412 3180 2481 ὑμῶν
3204 2414 3274 2465 ἐν
3298 2410 3425 2480 ἐμοὶ
3452 2406 3899 2478 πλημμέλημα;

2227 2501 2322 2554 καὶ
2353 2499 2537 2566 πάλιν,
2570 2498 2729 2565 Λαός
2756 2515 2897 2566 μου,
2932 2498 2992 2549 τί
3036 2494 3296 2563 ἐποίησά
3337 2508 3468 2558 σοι;
3500 2493 3537 2560 ἣ
3578 2492 3635 2544 τί
3664 2491 3896 2554 ἐλύπη-

2227 2582 2310 2637 σά
2336 2597 2444 2644 ονε;
2473 2581 2688 2644 δεικνὺς
2737 2579 2916 2633 αὐτῶν
2948 2580 3047 2650 τήν
3091 2580 3389 2648 ἀχάριστον
3417 2575 3662 2646 γνώμην,
3698 2574 3791 2625 καὶ
3815 2572 3897 2623 ὅτι

2228 2665 2447 2718 πάντων
2478 2662 2864 2724 ἀπολαύοντες,
2890 2664 3005 2725 τοῖς
3034 2661 3297 2724 ἐναντίοις
3327 2653 3899 2730 ήμείϐοντο·.ἐνταῦθα

2226 2750 2283 2802 δὲ
2314 2750 2453 2820 μετά
2479 2749 2725 2811 πλείονος
2756 2747 2973 2818 τίθησιν
3017 2746 3148 2799 αὐτὸ
3183 2744 3514 2815 ὑπερϐολῆς.
3550 2743 3624 2797 Οὐ
3659 2742 3767 2812 γὰρ
3798 2741 3899 2794 αύ-

2225 2828 2316 2897 τὸς
2345 2834 2705 2901 ἀποφαίνεται
2746 2831 2941 2898 λέγων·
2979 2830 3039 2885 Τί
3068 2829 3284 2897 ἔδειμε
3321 2827 3591 2895 ποιῆσαι,
3635 2825 3732 2879 καὶ
3787 2826 3899 2878 οὐκ

2226 2917 2522 2983 ἐποίησα;
2550 2914 2666 2968 ἀλλ’
2705 2915 2904 2977 αὐτοὺς
2949 2914 3191 2975 ἐκείνους
3234 2912 3446 2981 εἰσάγει
3471 2908 3897 2981 ψηφιζομένους,

2227 3000 2308 3054 ὅτι
2338 2998 2490 3051 οὐδὲν
2519 2997 2732 3051 ἐνέλιπε
2758 2998 2822 3062 ¹⁷,
2853 2997 2946 3049 καὶ
2973 2995 3434 3058 καταδικάζοντας
3457 2992 3702 3055 ἐαυτούς.
3728 2992 3899 3045 Ὅταν

2228 3079 2337 3151 γὰρ
2376 3081 2622 3144 εἴπωσιν,
2658 3079 2741 3131 ὅτι
2794 3078 3032 3144 Κακοὺς
3085 3077 3282 3143 κακῶς
3325 3075 3615 3131 ἀπολέσει
3654 3074 3897 3140 αὐτοὺς,

2227 3163 2464 3217 καὶτὸν
2499 3162 2825 3232 ἀμπελῶνα
2872 3162 3198 3216 ἐκδώσεται
3249 3161 3471 3229 ἑτέροις
3510 3161 3553 3193 ³⁸
3600 3158 3896 3230 γεωργοῖς,

2228 3247 2379 3300 οὐδὲν
2405 3248 2592 3317 ἕτερον
2626 3246 2658 3316 ἢ
2688 3247 2847 3300 τοῦτο
2884 3247 3124 3315 λέγουσι,
3181 3245 3319 3315 μετά
3353 3244 3554 3314 πολλῆς
3598 3245 3694 3314 τῆς
3735 3260 3898 3314 περι-

2227 3329 2417 3392 ουσίας
2450 3330 2546 3399 τὴν
2576 3329 2758 3398 ψῆφον
2789 3330 3134 3399 ἐκφέροντες.
3172 3327 3344 3380 Τοῦτο
3372 3328 3468 3380 καὶ
3498 3327 3769 3395 Στέφανος
3800 3327 3899 3380 αὐ-

2227 3416 2339 3476 τοῖς
2366 3413 2634 3479 ὀνειδίζει,
2664 3413 2691 3466 ὃ
2718 3412 2813 3467 καὶ
2839 3412 3074 3482 μάλιστα
3104 3412 3301 3475 αὐτοὺς
3327 3410 3567 3474 ἔδακνεν,
3591 3411 3673 3464 ὅτι
3695 3410 3898 3479 πολλῆς

2228 3497 2634 3561 ἀπολαύσαντες
2683 3497 2771 3550 ἀεὶ
2811 3496 3093 3566 προνοίας,
3136 3497 3246 3557 τοῖς
3291 3494 3553 3557 ἐναντίοις
3608 3492 3898 3564 ἠμείϐοντο

2228 3582 2320 3635 τὸν
2350 3580 2667 3649 εὐεργέτην·
2700 3580 2837 3651 ὅπερ
2867 3581 2960 3635 καὶ⁵
2997 3580 3126 3632 αὐτὸ
3155 3579 3411 3650 μέγιστον
3438 3574 3505 3649 ἦν
3533 3581 3758 3648 σημεῖον
3802 3576 3894 3630 τοῦ

2232 3662 2307 3735 μὴ
2365 3664 2460 3717 τὸν
2507 3662 2828 3729 κολάζοντα,
2880 3662 3017 3717 ἀλλὰ
3056 3663 3182 3725 τοὺς
3237 3662 3634 3732 κολαζομένους
3689 3663 3897 3725 αἰτίους

2229 3741 2367 3797 εἶναι
2396 3744 2494 3814 τῆς
2524 3742 2796 3813 τιμωρίας
2845 3744 2946 3814 τῆς
2983 3744 3331 3814 ἐπαγομένης
3360 3742 3565 3805 αὐτοῖς.
3619 3743 3792 3795 Τοῦτο
3830 3743 3895 3813 δὴ

2228 3828 2324 3880 καὶ
2353 3825 2587 3880 ἐνταῦθα
2608 3826 2880 3880 δείκνυται
2907 3827 2995 3881 διὰ
3016 3828 3117 3898 τῆς
3148 3827 3485 3899 παραϐολῆς,
3511 3827 3600 3881 διὰ
3630 3828 3727 3897 τῆς
3764 3843 3896 3896 προ-

2228 3911 2475 3981 φητείας.
2522 3910 2656 3964 Οὐδὲ
2700 3911 2809 3983 γὰρ
2856 3911 3097 3983 ἠρκέσθη
3131 3914 3197 3983 τῇ
3229 3911 3510 3982 παραϐολῇ
3550 3911 3728 3982 μόνον,
3761 3909 3897 3963 ἀλλά

2228 3996 2320 4048 καὶ
2354 3998 2689 4067 προφητείαν
2726 3996 2921 4067 διπλῆν
2960 3997 3228 4067 ἐπήγαγε,
3277 3996 3377 4066 τήν
3424 3996 3522 4065 μὲν
3569 3993 3664 4047 τοῦ
3708 3993 3892 4060 Δαυῒδ,

2228 4074 2327 4147 τὴν
2376 4077 2432 4130 δέ
2477 4080 2608 4149 παρ’
2636 4077 2853 4134 ἐαυτοῦ.
2887 4078 2952 4131 Τί
2994 4073 3087 4132 οὖν
3126 4077 3295 4149 ἐχρῆν
3338 4078 3514 4132 ταῦτα
3552 4076 3894 4139 ἀκούσαντας

2230 4162 2439 4225 ποιεῖν;
2469 4162 2588 4232 οὐχὶ
2624 4162 3036 4231 προσκυνῆσαι;
3077 4162 3199 4232 οὐχί
3232 4162 3510 4233 θαυμάσαι
3535 4162 3635 4231 τὴν
3665 4160 3895 4230 κηδεμο-

2228 4241 2366 4307 νίαν,
2413 4244 2513 4314 τὴν
2565 4242 2895 4314 ἔμπροσθεν,
2934 4244 3034 4316 τὴν
3084 4245 3221 4315 μετά
3260 4245 3468 4311 ταῦτας
3522 4246 3585 4297 Εἰ
3616 4245 3673 4298 δὲ
3707 4244 3895 4315 μηδενὶ

2228 4326 2432 4380 τούτων
2462 4328 2711 4397 ἐγένοντο
2744 4328 3010 4398 βελτίους,
3038 4328 3117 4398 τῷ
3145 4329 3275 4398 γοῦν
3315 4329 3465 4399 φόϐῳ
3495 4329 3594 4400 τῆς
3624 4329 3896 4391 κολάσεως

2228 4410 2328 4461 οὐκ
2361 4409 2468 4463 ἔδει
2490 4409 2745 4477 γενέσθαι
2773 4411 3243 4481 σωφρονεστέρους
3267 4430 3282 4478 ;
3327 4410 3466 4463 Ἀλλ’
3495 4410 3595 4463 οὐκ
3629 4409 3892 4477 ἐγένοντο·

2229 4491 2367 4545 ἀλλὰ
2394 4490 2446 4545 τί
2479 4491 2617 4561 μετά
2640 4490 2837 4557 ταῦτα;
2875 4493 3281 4558 Ἀκούσαντες,
3304 4493 3485 4563 φησὶν,
3512 4492 3785 4561 ἔγνωσαν
3808 4489 3896 4543 ὅτι

2231 4574 2367 4643 περί
2394 4574 2593 4628 αὐτῶν
2631 4573 2814 4643 λέγει.
2870 4575 2979 4628 Καὶ
3022 4572 3336 4642 ζητοῦντες
3368 4575 3554 4628 αὐτὸν
3582 4571 3893 4641 κρατῆσαι,

2231 4658 2621 4728 ἐφοϐήθησαν
2663 4658 2761 4711 διὰ
2810 4658 2852 4689 ¹⁹
2899 4657 3043 4723 τοὺς
3085 4657 3326 4726 ὄχλους,
3355 4657 3444 4711 ὅτι
3470 4657 3549 4723 ὡς
3584 4654 3897 4725 προφήτην

2231 4742 2423 4797 αὑτὸν
2470 4739 2658 4811 εἶχον.
2712 4741 3038 4813 ᾘσθάνοντο
3083 4743 3194 4813 γὰρ
3234 4742 3441 4806 λοιπὸν,
3479 4740 3561 4794 ὅτι
3615 4740 3814 4803 αὐτοὺς
3850 4739 3895 4771 ¹⁰

2234 4828 2500 4898 ᾐνίττετο.
2542 4826 2682 4878 Ποτέ
2727 4826 2823 4895 μὲν
2857 4821 2951 4879 οὖν
2984 4827 3368 4895 κατεχόμενος,
3394 4825 3482 4877 διά
3527 4823 3692 4895 μέσου
3721 4821 3896 4876 αὐτῶν

2235 4911 2531 4981 ἀναχωρεῖ,
2558 4909 2654 4961 καὶ
2677 4908 2775 4977 οὐχ
2816 4909 3027 4978 ὁρᾶται·
3074 4908 3203 4961 ποτέ
3235 4907 3293 4960 δὲ
3328 4907 3647 4977 φαινόμενος
3679 4904 3895 4959 ὠδίνου-

2239 5009 2339 5047 σαν
2365 4989 2545 5046 αὑτῶν
2580 4990 2681 5063 τήν
2722 4991 3018 5062 ἐπιθυμίαν
3055 4992 3261 5062 ἐπέχει.
3301 4993 3365 5043 Ὃ
3398 4992 3493 5043 καὶ
3535 4988 3898 5061 θαυμάζοντες

2238 5076 2443 5143 ἔλεγον·
2496 5076 2619 5144 Οὐχ
2684 5070 2862 5140 οὗτός
2918 5076 3087 5129 ἐστιν
3127 5073 3395 5143 Ἰησοῦς-ί
3453 5074 3542 5128 τδε
3598 5076 3896 5143 παρρησία

2236 5160 2435 5222 λαλεῖ,
2467 5160 2568 5214 καὶ
2596 5160 2780 5214 οὐδὲν
2806 5159 2967 5227 αὐτῷ
2987 5159 3295 5230 λέγουσιν.
3314 5160 3581 5214 Ἐνταῦοα
3607 5160 3681 5221 δὲ,
3710 5160 3896 5229 ἐπειδὴ

2237 5244 2316 5316 τῷ
2346 5244 2497 5315 φόϐῳ
2541 5244 2636 5297 τοῦ
2667 5246 2907 5317 πλήθους
2942 5247 3272 5316 κατείχοντο,
3296 5248 3543 5317 ἀρκεῖται
3572 5245 3767 5315 τούτῳ,
3804 5246 3898 5297 καὶ

2240 5330 2300 5384 οὐ
2336 5330 2775 5400 παραδοξοποιεῖ,
2806 5330 2993 5402 ὥσπερ
3022 5330 3170 5403 [675]
3198 5331 3523 5402 ἔμπροσθεν,
3552 5329 3640 5383 διὰ
3670 5330 3834 5399 μέσου
3854 5330 3895 5361 ³⁸

538 5439 561 5470 ⁵
581 5436 697 5514 καὶ]
729 5439 779 5514 οἰ
805 5439 863 5514 δέ
890 5440 983 5493 καί
1005 5440 1068 5514 (ξ.
1105 5443 1198 5496 καί
1220 5458 1335 5514 _om.
1365 5442 1427 5514 _L.
1464 5442 1666 5514 Deinde
1700 5443 1814 5514 haec
1842 5446 1954 5507 τοῖς
1984 5461 2117 5514 προκτ

2226 5458 2268 5505 ις
2297 5441 2690 5514 ἐπαποδύονται
2717 5457 2829 5514 om.
2852 5439 2998 5514 (ἢκ.
3024 5440 3113 5514 Μ.Δ
3163 5441 3292 5514 νδδιὰ
3315 5439 3595 5514 τοῦτο]δή
3619 5439 3806 5514 τούτου
3832 5438 3895 5514 Η..

468 5506 650 5599 ἔκκαὶ
665 5506 754 5599 διὰ
773 5509 979 5599 τούτων
1090 5583 1107 5599 ἱ
1128 5514 1153 5599 ,⁷
1171 5511 1391 5599 γέγονε-λ
1409 5513 1587 5599 ταῦτα
1604 5514 1725 5599 γέγ.
1751 5513 1819 5599 ἐξ.
1845 5506 1972 5599 γέγ.
1991 5506 2124 5599 ταπῢτ

2226 5525 2255 5557 ι.
2305 5513 2458 5599 Αίδίε
2558 5513 2653 5599 EE).
2693 5511 3067 5599 Tyﬁrctﬁéfa}
3099 5512 3313 5599 6u‘zn'cﬁg
3346 5531 3405 5564 π.
3432 5506 3538 5599 είρὶ.
3571 5511 3781 5599 (ξηειπίἱ
3797 5511 3899 5593 ..Διὰ

468 5578 629 5631 τοῦτο
661 5579 725 5650 δὴ
754 5581 848 5633 καὶ
871 5598 947 5635 πα
988 5578 1191 5652 αϐολὴν
1213 5583 1318 5655 εῖρ.
1352 5578 1487 5638 Edd.
1566 5585 1587 5614 ⁹
1618 5578 1801 5657 φύσις]
1866 5578 1895 5595 ⁷”
1910 5578 2007 5652 φος
2037 5584 2100 5639 G.
2137 5583 2202 5638 ll.
2281 5587 2327 5619 ¹⁰
2353 5578 2668 5653 ἐπετίμαῖλ.
2706 5583 2775 5636 Μ.
2854 5583 3010 5650 ¹²τῆς
3040 5584 3160 5635 ὄνου
3186 5582 3249 5638 G.

474 5648 752 5724 ἐτέρων-π.
792 5598 1265 5724 Ιιηκαξ-διξ-ἆλλων
1289 5653 1498 5707 πολλῶν
1525 5654 1726 5724 ἐτέρων
1934 5655 2004 5707 Μ.
2082 5657 2125 5685 ¹¹
2143 5656 2435 5711 ἀπόδεκτον
2465 5652 2525 5706 ι..
2548 5655 2645 5721 Ep.
2677 5651 3001 5724 παράδοξον]
3031 5653 3154 5724 add.
3183 5654 3240 5705 δν
3266 5652 3328 5705 G.

474 5648 752 5724 ἐτέρων-π.
792 5648 1498 5724 Ι..-καλ-διξ-ἆλλωνπολλῶν
1525 5648 1726 5724 ἐτέρων
1759 5648 1817 5709 π.

473 5717 635 5793 αύτὸν
663 5720 939 5793 ἀφροσύνῃ
964 5720 1110 5776 H.K.
1142 5722 1202 5777 L.
1228 5723 1350 5777 Mox
1382 5726 1503 5789 Πῶς
1526 5726 1582 5777 δέ
1600 5717 1691 5778 καὶ
1718 5727 1815 5783 ἀπ.
1845 5726 1979 5778 ΕιΙιΙ.

2062 5725 2247 5797 κάπὸ]
2274 5730 2338 5797 ἐκ
2368 5725 2427 5797 L,
2453 5725 2551 5797 Ep.
2583 5725 2745 5797 Eulh‘.

2854 5583 3010 5650 ¹²τῆς
3040 5584 3160 5635 ὄνου
3186 5582 3249 5638 G.
3272 5599 3323 5650 ι).
3358 5598 3409 5650 p.
3446 5584 3541 5635 καὶ
3578 5580 3667 5633 διὰ
3692 5580 3899 5650 πολλῶν

3401 5623 3409 5632 .
3446 5599 3541 5635 και
3578 5598 3667 5633 οια
3692 5598 3899 5633 πολλῶν

3356 5598 3426 5730 Fi-
3502 5649 3899 5730 1³ἀγ9ιρτύῖε·ις]

2825 5724 2867 5754 ¹⁵
2882 5720 3074 5790 ἐπάγει
3094 5723 3153 5777 ι..
3233 5725 3275 5755 ¹⁶
3296 5720 3729 5793 ἀλλαχοῦίπάλ-ιν·
3749 5720 3882 5793 τί]δι

475 5787 635 5841 ἄλλου
655 5787 855 5867 πάλιν·
882 5787 939 5867 τί
969 5794 1199 5867 ἐποίησά
1224 5811 1323 5867 σοι,
1350 5795 1444 5867 καὶ
1548 5794 1834 5867 Εᾱόίρυιη
1861 5814 1969 5849 uno
1995 5798 2114 5849 cod.

2236 5787 2421 5867 εὗρον]
2454 5787 2682 5867 εὖροσαν
2714 5794 2774 5848 L.
2855 5795 2897 5867 "_
2938 5787 3179 5867 ἐνέλειπε
3217 5794 3280 5846 Κ.
3314 5787 3464 5867 ἔλιπε
3619 5787 3895 5867 gemui”.

479 5873 617 5952 [Ἀρί
639 5860 1056 5952 Δέμυτῶνιςῖλῆί.
1218 5866 1448 5952 ἑτέροις)
1480 5866 1658 5952 ἀλλοις

1921 5868 1961 5897 ¹⁹
2002 5867 2089 5918 διά
2116 5883 2226 5919 nm.
2266 5864 2325 5921 L2
2354 5864 2537 5921 ill—Vilis
2569 5864 2781 5934 Mosqq.

2858 5865 2903 5895 ¹⁰
2932 5863 3147 5935 αὐτοὺς]
3175 5866 3363 5919 ἑαυτόν
3392 5863 3453 5919 G.
3488 5861 3564 5919 Μ.
3618 5861 3739 5917 Mox
3795 5863 3896 5917 Καὶ

483 5925 611 5980 ποτὲ
638 5929 735 5997 μὲν
756 5925 846 5984 οὖν
873 5935 934 5989 G.
967 5933 1037 5987 Μ.
1082 5934 1189 5988 Καὶ
1223 5925 1348 5988 ποτέ
1377 5925 1477 6003 μέν
1502 5925 1778 6001 (οιηίοῦνὶ
1810 5936 1872 5988 ll.
1952 5939 1993 5968 ²¹
2039 5936 2229 6004 μέοουῙ
2264 5939 2441 6004 μέσων
2477 5937 2539 5991 Κ.
2580 5925 2758 6003 μέσου
2781 5935 2959 5990 αὐτῶν
3004 5934 3068 5989 ll.
3105 5925 3163 5990 [³.
