4140 6376
284 387 376 442 611

283 515 416 569 ergo
447 497 577 553 isti?
602 496 738 551 Cum
765 507 1050 549 accurrere
1076 492 1428 562 oportuisset,
1451 490 1772 560 veniamque
1795 489 1862 542 de

283 592 521 663 peccatis
543 599 742 660 petere.
764 587 944 658 priora
971 600 1233 655 superare
1253 591 1590 646 concertant,
1619 591 1673 636 et
1691 579 1862 637 scele-

281 701 344 740 ra
377 683 678 742 sceleribus
709 682 930 735 vincere
952 719 968 746 ,
1000 677 1183 748 priora
1221 690 1438 745 semper
1468 673 1863 745 posterioribus

273 783 602 846 obruentes;
637 777 781 851 quod
804 785 857 830 et
885 776 1004 846 ipse
1019 774 1305 829 declarans
1327 771 1437 825 ait:
1459 768 1680 838 lmplete
1704 781 1849 820 men-

279 890 461 928 suram
491 882 701 940 patrum
730 878 1022 923 uestrorum
1051 863 1266 935 (Matth.
1297 863 1387 916 23.
1419 858 1530 931 52).
1565 858 1684 914 Jam
1719 857 1850 912 olim

277 966 423 1020 enim
464 962 741 1033 prepheta:
781 960 848 1014 de
893 960 981 1014 bis
1027 958 1148 1012 illos
1193 954 1524 1010 accusabant
1555 951 1800 1005 dicentes
1837 962 1852 999 :

285 1056 480 1109 Manus
521 1063 705 1106 restrte
738 1052 903 1120 plena:
931 1059 1052 1104 sunt
1083 1049 1338 1118 sanguine
1375 1044 1531 1116 (Isai.
1566 1044 1618 1098 1.
1651 1042 1772 1109 15);
1804 1045 1861 1093 et

285 1143 608 1214 Sanguinem
647 1141 892 1210 sanguini
927 1141 1142 1193 miscent
1168 1137 1325 1209 (Osee
1354 1137 1408 1190 4.
1439 1134 1519 1207 2);
1548 1141 1622 1198 et,
1657 1131 1861 1200 JEdiﬁ-

270 1243 416 1286 caute
445 1232 572 1286 Sion
601 1232 655 1284 in
685 1230 1010 1300 sanguinibus
1038 1229 1115 1299 (Μ
1123 1229 1224 1281 ich.
1257 1229 1310 1282 5.
1344 1225 1454 1297 10),
1498 1223 1604 1279 Sed
1633 1239 1738 1277 non
1767 1238 1849 1275 re-

270 1324 617 1394 sipiseebaut,
662 1323 762 1376 etsi
809 1321 910 1375 hoc
958 1320 1262 1377 mandatum
1310 1318 1673 1387 accepissent,
1728 1313 1848 1366 Non

271 1415 486 1479 occides,
516 1423 571 1468 et
612 1429 641 1466 a
671 1413 938 1467 sexcentis
963 1411 1080 1464 aliis
1104 1409 1424 1479 juberentur
1468 1407 1757 1472 abstinere,
1787 1419 1850 1459 ae

275 1519 370 1573 per
394 1503 514 1563 hoc.
558 1518 754 1573 perque
778 1501 882 1556 alia
917 1501 1078 1555 multa
1119 1500 1184 1554 ad
1224 1499 1652 1554 observationem
1695 1496 1852 1564 hujus

276 1596 528 1664 prmcepti
559 1595 955 1650 inducerentur.
997 1595 1244 1658 Attamen
1289 1590 1426 1644 hanc
1467 1604 1681 1658 pravam
1725 1603 1853 1641 con-

275 1688 608 1742 suetudinem
638 1703 741 1741 non
768 1686 1150 1756 deposuerunt.
1179 1683 1284 1738 Sed
1315 1683 1437 1753 quid
1460 1683 1643 1736 dicunt
1672 1681 1854 1734 viden-

277 1790 357 1834 tes
385 1771 542 1834 eum?
578 1778 750 1833 Venite
776 1778 1063 1832 occidamus
1088 1792 1222 1829 eum.
1247 1775 1361 1844 Qua
1400 1774 1468 1829 de
1505 1772 1700 1828 causa?
1729 1771 1852 1840 quid

277 1880 368 1926 aut
393 1886 611 1942 parvum
635 1878 726 1923 aut
752 1883 1003 1939 magnum
1031 1867 1298 1922 criminari
1329 1865 1591 1936 potestis?
1618 1879 1686 1917 an
1714 1862 1853 1933 quod

278 1978 374 2018 vos
407 1944 766 2028 honor‘averit,
809 1975 870 2016 ac
914 1962 1052 2015 Deus
1079 1975 1199 2014 cum
1247 1967 1408 2023 esset,
1438 1958 1600 2012 homo
1640 1965 1857 2024 propter

280 2070 376 2110 vos
415 2055 584 2109 factus
625 2054 715 2119 sit,
746 2053 1132 2122 innumeraque
1163 2052 1249 2104 illa
1295 2050 1524 2105 ediderit
1565 2047 1857 2102 miracula?

281 2160 349 2199 an
375 2146 515 2216 quod
549 2153 763 2214 peccata
808 2143 1092 2208 dimiserit,
1125 2142 1208 2196 vel
1251 2141 1318 2195 ad
1358 2156 1581 2211 regnum
1617 2139 1858 2193 vocarit?

281 2237 416 2293 Vide
440 2253 560 2292 cum
593 2237 865 2307 impietate
888 2235 1230 2306 conjunctam
1257 2233 1583 2288 dementiam
1615 2233 1855 2295 multam,

281 2342 331 2384 et
361 2328 506 2383 necis
525 2342 738 2383 causam
771 2326 975 2382 insania
1003 2327 1232 2394 plenam.
1265 2323 1567 2378 Occidamus
1605 2340 1738 2387 eum,
1779 2323 1854 2376 in-

281 2421 489 2491 quiunt,
535 2431 580 2474 et
609 2428 781 2473 nostra
812 2419 905 2472 erit
944 2417 1195 2471 hereditas
1225 2415 1373 2487 (Luc.
1402 2413 1492 2470 20.
1525 2415 1636 2484 14).
1677 2413 1744 2467 Ει
1773 2413 1858 2466 ubi

283 2514 526 2568 occidere
555 2511 885 2567 deliberant?
915 2511 1074 2564 Extra
1108 2511 1336 2564 vineam.

351 2606 406 2659 2.
454 2605 694 2659 Vidistin‘
736 2602 1002 2674 quomodo
1029 2603 1190 2657 etiam
1227 2601 1404 2655 locum
1446 2598 1726 2669 prophetet
1771 2597 1857 2652 ubi

285 2698 592 2752 mactandos
631 2705 766 2753 erat.
810 2694 877 2749 Et
904 2695 1154 2764 ejicientes
1181 2693 1466 2747 occiderunt
1492 2691 1650 2764 (Ibid.
1679 2709 1726 2745 υ.
1754 2691 1862 2745 16-

285 2791 396 2860 18).
425 2791 593 2845 Lucas
622 2789 834 2860 quidem
869 2789 943 2842 ait
967 2789 1137 2857 ipsum
1166 2787 1552 2842 determinasse
1578 2786 1705 2856 quid
1741 2786 1862 2839 illos

283 2884 392 2953 pati
435 2891 722 2952 oporteret,
767 2882 1016 2950 ipsosque
1055 2879 1276 2944 dixisse,
1306 2881 1483 2944 Absit;
1530 2889 1584 2934 et
1624 2877 1863 2933 testimo-

286 2976 429 3027 nium
470 2973 758 3027 induxisse.
788 2971 919 3025 ]llos
956 2971 1099 3026 enim
1123 2972 1332 3024 intuitus
1371 2971 1542 3024 dixit:
1572 2971 1707 3038 Quid
1743 2986 1862 3041 ergo

284 3077 356 3120 est
402 3065 536 3135 quod
572 3066 816 3134 scriptum
852 3074 946 3129 est,
988 3061 1237 3133 Lapidem
1277 3079 1424 3134 quem
1471 3065 1862 3132 reprqbaverunt

285 3161 612 3227 trdiﬁcantes,
656 3159 736 3212 hic
767 3162 927 3229 factus
957 3165 1029 3211 est
1052 3157 1107 3210 in
1141 3167 1291 3227 caput
1325 3157 1502 3227 anguli
1537 3155 1706 3227 (Psal.
1735 3157 1859 3211 117.

285 3250 418 3318 22)?
459 3251 539 3316 Et,
571 3250 879 3319 Quicumque
905 3249 1136 3303 ceciderit
1163 3264 1315 3317 super
1333 3265 1464 3313 eum,
1494 3249 1858 3320 confringetur.

287 3341 564 3396 blatlhaeus
589 3356 716 3395 vero
731 3338 870 3394 dicit
903 3339 1024 3394 illos
1068 3339 1353 3409 protulisse
1389 3341 1729 3394 sententiam.
1761 3339 1864 3394 Ve-

286 3451 405 3488 rum
442 3451 546 3487 non
573 3443 830 3503 repugnat
873 3448 993 3487 cum
1036 3433 1162 3486 alio.
1197 3433 1320 3486 llaec
1359 3433 1501 3486 enim
1541 3433 1697 3487 ambo
1725 3432 1862 3487 facta

285 3535 429 3591 sunt,
463 3527 667 3595 ipsique
701 3525 1016 3579 sententiam
1055 3523 1292 3578 tulerunt
1315 3534 1499 3577 contra
1543 3523 1766 3593 seipsos.
1800 3538 1865 3577 ac

287 3634 472 3672 rursus
501 3634 620 3672 cum
651 3617 910 3671 dictorum
936 3615 1042 3669 vim
1072 3615 1386 3681 sensissent,
1415 3615 1684 3679 dixerunt,
1701 3614 1860 3668 Absit.

287 3710 605 3780 Prophetam
644 3720 819 3764 autem
865 3710 993 3778 ipsis
1031 3710 1299 3778 Opposuit,
1347 3717 1402 3762 ut
1439 3708 1706 3776 suaderet,
1749 3725 1861 3762 rem

287 3817 506 3872 prorsus
533 3817 656 3858 esse
685 3803 932 3856 futuram.
964 3803 1213 3855 Attamen
1254 3801 1588 3856 vocationem
1626 3803 1861 3872 gentium

287 3911 354 3949 ne
382 3894 632 3964 carpendi
673 3909 885 3948 causam
919 3893 1193 3955 traherent,
1229 3908 1333 3947 non
1375 3902 1558 3962 aperte
1586 3893 1738 3957 dixit,
1768 3895 1860 3948 Sed

285 3987 636 4040 subindicavit
651 3995 852 4039 lantum
871 3984 1076 4050 dicens,
1093 3984 1244 4038 Dabit
1267 3985 1381 4038 aliis
1397 3988 1589 4038 vineam
1606 3985 1753 4056 (Luc.
1768 3984 1860 4041 ΞΟ.

287 4081 398 4149 16).
433 4079 554 4133 Ideo
582 4088 728 4133 certe
759 4078 855 4132 hac
879 4078 1125 4147 parabola
1153 4093 1280 4131 usus
1304 4087 1406 4142 est,
1436 4085 1493 4131 ut
1521 4077 1618 4147 ipsi
1648 4087 1866 4133 senten-

288 4172 412 4225 tiam
455 4170 675 4226 ferrent.
721 4169 871 4238 Quod
926 4172 978 4224 in
1029 4170 1224 4225 Davide
1265 4185 1475 4240 quoque
1521 4170 1713 4226 factum
1758 4181 1860 4235 est,

289 4262 502 4332 quando
546 4262 613 4317 de
663 4261 915 4331 parabola
963 4261 1188 4316 Nathaui
1239 4263 1556 4316 sententiam
1602 4263 1740 4317 tulit.
1783 4262 1862 4317 Tu

288 4337 416 4410 Vero
459 4354 587 4407 mihi
627 4353 750 4407 hinc
785 4352 1060 4406 considera
1087 4368 1245 4422 quam
1280 4352 1421 4421 justa
1465 4353 1535 4408 sit
1577 4355 1860 4417 sententia,

287 4445 498 4515 quando
541 4445 595 4500 ii.
625 4444 714 4513 qui
745 4442 993 4513 puniendi
1021 4451 1165 4511 sunt,
1197 4444 1293 4512 ipsi
1322 4457 1440 4499 sese
1483 4444 1859 4501 condemnant.

291 4537 489 4592 l)e'.nde
520 4545 576 4589 ut
594 4535 858 4590 discerent
879 4550 981 4589 non
1004 4535 1173 4588 solum
1206 4534 1256 4589 id
1284 4535 1542 4604 justitiam
1562 4537 1860 4606 requirere,

287 4629 380 4682 sed
433 4628 592 4682 etiam
637 4627 747 4695 jam
794 4625 920 4680 olim
968 4626 1019 4680 id
1058 4625 1313 4696 Spiritum
1357 4627 1749 4694 pronuntiasse,
1809 4637 1864 4683 et

291 4721 458 4774 Deum
490 4718 658 4788 ipsum
686 4717 1004 4771 sententiam
1037 4717 1243 4782 tulisse,
1275 4718 1606 4787 prophetiam
1633 4719 1856 4783 induxit,

287 4815 511 4882 illosque
557 4809 851 4879 increpavit
893 4808 1100 4873 dicens,
1144 4808 1439 4881 Numquam
1467 4810 1674 4881 legistis,
1703 4809 1856 4880 Lapio

285 4906 397 4957 dem
440 4919 582 4972 quem
607 4901 997 4971 reprobaverunt
1031 4901 1356 4970 cedi/icantes,
1394 4901 1475 4955 hic
1513 4907 1676 4973 factus
1713 4905 1860 4957 estin

284 5005 435 5061 caput
464 4993 684 5064 anguli?
711 4995 755 5047 A
795 4993 1013 5046 Domino
1043 4997 1231 5064 factum
1257 5004 1328 5046 est
1353 4993 1508 5057 istud,
1538 5004 1584 5047 et
1608 5004 1680 5049 est
1706 4995 1861 5048 mira-

286 5089 382 5141 b:le
415 5089 468 5140 in
494 5088 655 5140 oculis
679 5087 864 5140 nostris
885 5101 905 5140 :
934 5086 1015 5139 his
1045 5085 1291 5139 omnibus
1316 5087 1624 5149 ostendens,
1647 5087 1860 5142 Judaaos

287 5182 345 5225 ut
373 5171 678 5226 incredulos
720 5170 1065 5239 abjiciendos,
1112 5179 1297 5239 gentes
1326 5179 1505 5225 autem
1537 5172 1861 5227 inducendas

287 5280 424 5320 esse.
458 5265 508 5318 Id
539 5264 698 5317 etiam
739 5278 832 5330 per
858 5263 1228 5325 Cbananmam,
1274 5262 1323 5316 id
1353 5278 1446 5332 per
1473 5263 1675 5319 asinum
1696 5266 1736 5330 ¹,
1765 5280 1860 5334 per

288 5357 675 5420 centurionem,
701 5369 900 5424 perque
930 5355 1122 5409 multas
1142 5355 1274 5410 alias
1306 5355 1588 5424 parabolas
1613 5357 1856 5414 subindi-

289 5453 443 5504 raVil.
489 5451 601 5504 Hoc
644 5450 803 5504 etiam
853 5464 1013 5503 nunc.
1049 5447 1171 5502 Ideo
1211 5448 1519 5517 subjunxit:
1548 5450 1593 5502 Α
1636 5448 1858 5506 Domino

290 5541 479 5608 (actam
506 5552 574 5591 est
598 5540 752 5603 istud,
779 5551 826 5594 et
861 5551 932 5595 est
959 5541 1184 5594 mirabile
1203 5542 1255 5594 in
1284 5541 1443 5596 oculis
1469 5543 1650 5597 nostris
1672 5560 1692 5597 :
1717 5560 1859 5614 pra:-

285 5629 587 5698 signiﬁcans
610 5633 901 5688 credituras
935 5645 1140 5704 gentes,
1171 5643 1225 5690 et
1247 5633 1456 5692 Judazos
1484 5636 1573 5706 qui
1619 5637 1860 5695 credidtr

351 5826 368 5856 ι
394 5825 606 5883 Quidam,
631 5840 714 5886 per
738 5829 873 5880 asina
893 5843 938 5880 η.

1195 375 1256 430 l.\'
1293 373 1698 429 ΜᾹΤΤΙῌίἰΜ
1738 370 1968 428 noun.
2016 368 2238 422 LXVIII.
2283 370 2352 421 al.
2397 368 2580 424 LXIX.

3435 374 3536 427 iii!

1955 484 2081 547 rint,
2105 497 2268 536 unum
2306 497 2425 537 esse
2451 480 2676 550 futuros,
2721 484 2962 552 quamvis
3005 491 3151 538 tanto
3183 485 3329 554 prius
3374 486 3537 541 inter-

1955 575 2100 628 vallo
2125 574 2406 628 distarent.
2448 575 2648 628 Deinde
2679 583 2738 628 ut
2764 575 3068 630 ediscerent
3108 575 3236 630 nihil
3263 588 3536 646 gestorum

1953 680 2072 720 esse
2096 666 2204 719 Deo
2229 665 2536 731 adversum,
2567 667 2661 720 sed
2689 666 2841 721 valde
2871 677 3150 737 acceptum
3183 678 3341 738 atque
3373 673 3534 723 mira-

1955 757 2082 822 bile,
2107 758 2247 828 quod
2274 759 2574 814 videntibus
2605 769 2878 828 stuporem
2922 760 3137 815 aii‘erret
3176 763 3314 831 (erat
3343 763 3539 831 quippe

1954 849 2268 903 miraculum
2305 848 2614 920 inell‘ahile,)
2661 851 2934 919 subjunxit
2978 851 3183 918 dicens,
3226 851 3270 904 Α
3324 853 3538 905 Domino

1956 945 2144 1012 factum
2184 953 2254 996 est
2305 943 2461 998 istud.
2503 943 2756 1014 Lapidem
2804 961 2931 998 vero
2983 946 3218 1015 seipsurn
3263 959 3437 1013 vocat,
3487 960 3539 1002 et

1956 1033 2276 1088 aediﬁcantes
2297 1035 2602 1089 Judarorum
2626 1035 2908 1099 doctores;
2938 1037 3080 1106 quod
3106 1038 3266 1091 etiam
3295 1038 3538 1093 Ezechiel

1957 1126 2031 1180 ait
2083 1147 2095 1181 :
2147 1127 2490 1198 xEdiﬁcantes
2540 1148 2781 1195 murum,
2831 1146 2874 1184 et
2929 1135 3158 1186 timentes
3213 1133 3542 1202 incomposite

1960 1218 2171 1288 (Ezech.
2227 1221 2314 1274 13.
2358 1220 2468 1290 10).
2517 1221 2797 1288 Quomodo
2849 1233 3024 1276 autem
3087 1224 3542 1292 reprobaverunt?

1958 1311 2089 1363 Cum
2113 1311 2372 1376 dicerent,
2404 1312 2500 1366 Hic
2525 1333 2622 1368 non
2649 1327 2718 1369 t’sl
2741 1334 2803 1369 ea:
2827 1316 2930 1370 Deo
2953 1333 2970 1370 :
2995 1319 3075 1369 hic
3094 1319 3284 1371 seducit
3310 1317 3501 1371 turbam
3524 1336 3541 1382 ,-

1959 1413 2014 1456 ιιι
2054 1421 2287 1466 rursum,
2327 1405 2683 1462 Stmmritnmts
2722 1426 2772 1462 es
2828 1422 2901 1475 tu,
2949 1421 2992 1464 et
3037 1412 3341 1463 dwmonium
3391 1413 3542 1464 habes

1960 1496 2136 1562 (Joan.
2171 1499 2220 1550 7.
2257 1498 2340 1550 19..
2371 1510 2414 1551 et
2445 1499 2496 1552 8.
2527 1499 2641 1563 48).
2674 1501 2872 1554 Deinde
2902 1513 2957 1554 ut
2995 1511 3401 1571 cognoscerent,
3436 1518 3541 1555 non

1963 1587 2009 1639 id
2037 1599 2234 1641 tantum
2265 1591 2362 1643 sibi
2392 1591 2572 1644 inferri
2598 1592 2737 1660 quod
2761 1592 3102 1661 ejicerentur,
3127 1594 3383 1662 supplicia
3411 1609 3543 1663 quo-

1960 1697 2063 1750 que
2098 1682 2270 1747 ail'ert,
2303 1684 2486 1737 dicens
2516 1701 2528 1737 :
2565 1686 2654 1739 44.
2689 1682 2865 1738 Omnis
2894 1686 2979 1755 qui
3008 1686 3240 1739 ceciderit
3279 1703 3432 1753 super
3462 1687 3543 1740 la-

1965 1773 2129 1840 pidem
2157 1776 2307 1836 hunc,
2336 1777 2679 1847 confringetur
2707 1793 2726 1831 :
2750 1795 2900 1844 super
2928 1794 3074 1848 quem
3099 1789 3265 1832 autent
3289 1779 3543 1847 ceciderit,

1965 1864 2214 1917 ventilabit
2254 1882 2384 1918 eum.
2435 1867 2575 1921 Duas
2629 1867 2713 1921 hic
2757 1868 3023 1936 pernicies
3072 1878 3331 1935 annotat;
3374 1870 3546 1939 prium

1962 1955 2102 2022 quod
2142 1956 2241 2010 hoc
2268 1957 2397 2025 ipsis
2426 1956 2746 2011 oll‘endicnlo
2776 1957 2932 2012 fuerit
2961 1977 2972 2011 :
3003 1959 3103 2013 hoc
3130 1969 3211 2014 est
3251 1963 3413 2026 enim,
3447 1962 3546 2028 Qui

1962 2048 2194 2101 ceciderit
2219 2065 2371 2118 super
2393 2049 2616 2119 lapidem
2642 2050 2775 2103 hunc
2799 2067 2817 2114 ;
2849 2052 3084 2106 secundo
3123 2054 3426 2108 subindicat
3453 2071 3548 2108 ex-

1965 2139 2159 2193 cidium
2191 2155 2394 2206 eorum,
2429 2157 2715 2205 aerumnas,
2749 2145 3059 2212 perniciem,
3091 2161 3248 2214 quam
3293 2147 3437 2202 clare
3466 2148 3546 2201 in-

1965 2233 2159 2287 dicavit
2203 2233 2406 2300 dicens,
2454 2233 2726 2288 Ventilabit
2756 2237 2943 2305 ipsum.
2978 2237 3068 2291 llis
3099 2240 3547 2294 resurrectionem

1965 2340 2117 2377 suam
2149 2324 2524 2381 subindicavit.
2567 2327 2833 2397 Propheta
2868 2340 3016 2384 certe
3052 2330 3216 2385 lsaias
3246 2332 3451 2386 vineam
3479 2334 3548 2384 ah

1967 2415 2082 2485 ipso
2102 2426 2404 2470 accusatam
2427 2416 2576 2482 dicit,
2601 2418 2974 2488 principesque
2997 2421 3174 2490 populi
3201 2422 3548 2477 criminatur:

1967 2517 2020 2560 et
2058 2505 2127 2560 ibi
2155 2508 2368 2576 quidem
2417 2509 2512 2575 ait,
2549 2509 2685 2576 Quid
2725 2509 2871 2563 debui
2915 2515 3083 2581 facere
3128 2514 3284 2566 vinea:
3324 2530 3466 2581 metu,
3504 2525 3549 2569 ct

1967 2615 2066 2650 non
2106 2599 2202 2666 feci
2247 2598 2400 2670 (Isai.
2432 2600 2483 2654 5.
2515 2600 2622 2672 ,4)?
2666 2602 2791 2655 alibi
2822 2616 2954 2656 vero
2991 2620 3005 2657 :
3051 2602 3185 2670 Quid
3214 2605 3311 2674 feci
3352 2605 3460 2669 tibi,
3505 2617 3551 2659 et

1967 2691 2100 2759 quod
2137 2691 2428 2744 invenerunt
2455 2701 2621 2761 patres
2661 2695 2733 2747 tui
2761 2695 2815 2747 in
2848 2711 2928 2749 me
2952 2695 3190 2750 delictum
3210 2695 3341 2767 (Jer.
3367 2699 3421 2752 ‘2.
3457 2700 3550 2768 5)?

1968 2797 2031 2836 ac
2061 2799 2290 2846 rursum,
2324 2783 2524 2854 I’Opute
2568 2801 2730 2851 meus,
2781 2786 2902 2856 quid
2930 2788 3025 2856 {cci
3050 2787 3179 2842 tibi?
3223 2800 3312 2842 aut
3358 2790 3412 2842 in
3455 2807 3551 2860 quo

1968 2875 2255 2928 contristari
2285 2885 2330 2929 te
2360 2875 2545 2945 (Mich.
2575 2878 2627 2931 6.
2657 2876 2751 2949 5)?
2777 2880 3039 2948 ingratum
3078 2879 3289 2934 illorum
3316 2881 3550 2937 animum

1969 2967 2274 3031 ostendens,
2308 2978 2360 3021 et
2381 2968 2654 3023 beneﬁciis
2681 2970 2922 3036 allectos,
2948 2973 3214 3025 contraria
3241 2973 3552 3042 rependisse

1969 3059 2264 3115 declarans.
2295 3061 2391 3116 llic
2431 3074 2606 3116 autem
2639 3063 2771 3118 illud
2800 3063 3168 3118 vehementius
3193 3067 3548 3135 exprimitur:

1969 3169 2142 3222 neque
2180 3154 2321 3207 enim
2354 3154 2466 3223 ipse
2490 3154 2640 3220 dicit,
2691 3153 2829 3220 Quid
2874 3155 3134 3225 oportebat
3179 3172 3258 3210 me
3286 3161 3472 3228 facere,
3505 3168 3555 3210 et

1969 3265 2069 3300 non
2096 3248 2190 3318 feci
2212 3247 2236 3302 ?
2256 3247 2349 3302 sed
2375 3247 2493 3302 illos
2524 3246 2725 3303 inducit
2753 3248 3071 3303 sententiam
3093 3247 3351 3314 dicentes,
3380 3251 3550 3320 ipsum

1969 3340 2186 3409 quidem
2213 3339 2343 3395 nihil
2375 3340 2655 3410 reliquisse
2696 3342 3122 3410 pronuntiantes,
3157 3351 3317 3412 atque
3345 3343 3552 3411 seipshs

1970 3429 2409 3484 condemnantes.
2443 3428 2575 3486 Nam
2612 3445 2732 3485 cum
2761 3430 2965 3495 dicunt,
2990 3430 3160 3485 Malos
3198 3433 3328 3486 male
3355 3433 3549 3504 perdet,

1972 3531 2016 3576 et
2041 3522 2234 3576 vineam
2258 3539 2402 3577 suam
2432 3524 2615 3577 locabit
2644 3525 2761 3577 aliis
2803 3524 3060 3594 agricolis,
3105 3525 3232 3579 nihil
3265 3527 3408 3580 aliud
3448 3525 3550 3583 sibi

1971 3613 2178 3681 volunt,
2207 3622 2262 3668 et
2288 3628 2408 3668 eum
2435 3629 2624 3684 magna
2655 3613 2894 3684 emphasi
2921 3617 3237 3670 sententiam
3269 3616 3462 3670 ferunt.
3497 3617 3550 3673 Id

1970 3702 2272 3772 Stephanus
2295 3719 2506 3774 quoque
2530 3705 2660 3774 ipsis
2696 3705 3057 3774 eXprobravit,
3091 3719 3143 3761 et
3170 3707 3290 3761 illos
3319 3709 3551 3764 maxime

1971 3794 2252 3849 mordebat
2272 3794 2405 3868 (Act.
2439 3797 2492 3849 6.
2519 3805 2565 3848 et
2591 3797 2668 3862 7),
2697 3796 2838 3864 quod
2866 3812 3053 3866 magna
3089 3798 3180 3851 Dei
3218 3800 3551 3868 providentia

1971 3901 2184 3955 semper
2209 3887 2429 3956 dignati,
2472 3887 2795 3942 benelaetori
2836 3889 3102 3943 Contraria
3149 3890 3544 3959 rependerent;

1972 3978 2114 4050 quod
2141 3996 2389 4049 magnum
2429 3984 2637 4051 signum
2662 3989 2796 4047 erat,
2827 3997 2932 4036 non
2962 3983 3295 4052 punientem,
3327 3985 3420 4038 sed
3453 4001 3549 4042 eos

1972 4072 2063 4140 qui
2095 4072 2470 4141 puniebantur,
2502 4087 2719 4126 causam
2761 4073 3004 4143 supplicii
3049 4089 3190 4130 esse.
3233 4075 3346 4130 l-loc
3376 4078 3550 4146 ipsum

1973 4162 2060 4217 hic
2091 4151 2424 4218 fnonstratur
2468 4179 2562 4234 per
2609 4165 2914 4234 parabolam
2955 4176 3011 4221 et
3052 4182 3147 4236 per
3191 4169 3546 4238 prophetiam.

1969 4253 2153 4324 Neque
2178 4255 2320 4310 enim
2350 4257 2478 4310 satis
2507 4255 2691 4310 habuit
2714 4256 3017 4325 parabolam
3046 4257 3263 4323 dixisse,
3301 4259 3392 4314 sed
3423 4277 3550 4330 pro-

1971 4347 2209 4417 phetiam
2237 4348 2501 4418 duplicem
2545 4348 2784 4416 adduxit,
2815 4349 3030 4404 Davidis
3059 4365 3254 4421 nempe
3291 4362 3345 4407 et
3372 4369 3544 4410 suam.

1971 4441 2106 4508 Quid
2153 4457 2283 4511 ergo
2317 4441 2596 4511 oportebat
2637 4443 2752 4497 haec
2791 4441 3070 4498 audientes
3111 4441 3328 4499 facere?
3368 4461 3549 4501 annon

1972 4531 2241 4587 adorare?
2279 4547 2456 4587 annon
2505 4530 2758 4586 admirari
2801 4533 3189 4601 providentiam
3231 4536 3461 4604 priorem
3491 4548 3548 4591 et

1971 4623 2365 4693 posteriorem?
2391 4623 2447 4677 Si
2473 4631 2650 4677 autem
2678 4638 2742 4677 ex
2771 4623 2916 4676 nullo
2938 4638 3122 4677 eorum
3149 4625 3399 4680 meliores
3423 4625 3547 4681 facti

1969 4724 2112 4779 sunt,
2145 4730 2321 4767 annon
2348 4723 2491 4768 metu
2536 4713 2780 4783 supplicii
2811 4715 3160 4783 sapientiores
3191 4715 3303 4770 ﬁeri
3335 4727 3548 4786 oporte-

1970 4804 2094 4860 bat?
2119 4805 2224 4860 Sed
2256 4820 2358 4858 non
2390 4803 2639 4858 meliores
2667 4802 2793 4859 facti
2834 4813 2979 4858 sunt.
3011 4804 3147 4870 Quid
3179 4818 3339 4873 porro
3368 4807 3548 4876 sequi-

1971 4898 2093 4952 tur?
2127 4898 2217 4952 45.
2263 4897 2388 4950 Cum
2426 4897 2703 4963 audissent,
2751 4896 2943 4962 inquit,
2981 4908 3316 4966 cognoverunt
3342 4899 3458 4967 quia
3485 4900 3548 4954 de

1968 4990 2094 5058 ipsis
2135 4988 2351 5042 dicebat.
2391 4987 2481 5042 46.
2511 4985 2578 5040 Et
2603 4996 2881 5057 quwrentes
2907 5003 3021 5040 eum
3051 4995 3233 5051 tenere,
3271 4988 3545 5044 timuerunt

1968 5082 2161 5145 turbas,
2187 5080 2426 5149 quoniam
2471 5081 2599 5132 sicut
2637 5078 2934 5147 prophetam
2962 5093 3074 5130 eum
3103 5077 3368 5132 habebant.
3401 5078 3542 5135 Sen-

1968 5181 2153 5227 serunt
2178 5171 2318 5225 enim
2345 5171 2579 5234 tandem,
2611 5169 2752 5239 quod
2782 5169 2923 5238 ipsos
2967 5167 3175 5223 occulte
3205 5177 3430 5225 notaret.
3473 5172 3542 5226 Et

1969 5261 2252 5333 aliquando
2294 5262 2640 5330 interceptus,
2671 5275 2767 5329 per
2807 5259 3037 5314 medium
3077 5259 3287 5313 illorum
3331 5262 3543 5328 transit,

1968 5364 2024 5410 et
2047 5353 2122 5408 illi
2142 5368 2249 5407 non
2280 5352 2500 5418 vident;
2529 5351 2812 5421 aliquando
2837 5365 3175 5418 comparens,
3213 5350 3422 5406 illorum
3449 5351 3545 5407 de-
3574 5402 3579 5412 ,

1967 5450 2222 5505 siderium
2276 5449 2537 5520 reprimit.
2577 5447 2729 5514 Quod
2773 5447 3097 5501 admirantes
3143 5447 3217 5501 illi
3245 5445 3540 5503 dicebant:

1969 5541 2154 5596 Nonne
2177 5542 2256 5595 hic
2289 5552 2361 5596 est
2384 5540 2573 5596 Jesus?
2599 5540 2733 5595 Ecce
2757 5539 2927 5609 palam
2947 5540 3189 5610 loquitur,
3228 5549 3275 5594 et
3300 5541 3429 5595 nihil
3445 5542 3544 5611 ipsi

1967 5637 2138 5689 dicunt
2164 5634 2341 5710 (Joan.
2373 5635 2426 5688 7.
2452 5633 2545 5689 ‘25.
2575 5633 2693 5704 26).
2735 5634 2830 5688 llic
2856 5648 3006 5698 vero,
3036 5634 3157 5704 quia
3180 5633 3541 5710 mpltitudinis

1969 5729 2161 5782 timore
2185 5726 2576 5794 detinebantur,
2621 5725 2724 5780 huc
2752 5724 2883 5780 satis
2915 5725 3117 5794 habuit,
3151 5739 3251 5781 nec
3282 5726 3540 5782 miracula

1969 5831 2028 5878 ut
2054 5832 2177 5878 ante
2200 5820 2368 5878 voluit
2391 5819 2572 5884 edere.
2606 5820 2751 5877 verbi
2781 5819 2948 5891 gratia
2977 5835 3072 5890 per
3097 5818 3330 5876 medium
3352 5834 3538 5877 eorum
