4140 6376
607 421 710 477 (ςιτρ

607 533 956 598 transeundo,
984 542 1083 584 nec
1109 542 1168 581 se
1192 521 1512 580 invisibilem
1545 519 1865 591 prmstando.
1898 515 2013 571 Non
2039 514 2183 569 enim

605 628 786 685 omnia
818 638 981 693 supra
1007 619 1274 677 hominem
1310 615 1484 670 facere
1512 612 1743 677 volebat,
1787 621 1846 665 ut
1878 608 2188 665 crederetur

604 716 927 776 (economia.
957 713 1037 768 Illi
1073 718 1248 765 autem
1277 722 1384 762 non
1408 706 1600 760 timore
1632 701 1985 759 multitudinis
2014 713 2179 755 einen

601 810 898 871 dabantur,
948 819 1056 859 nnn
1102 803 1171 856 ab
1222 801 1388 869 ipsius
1427 798 1760 853 dictis:nou
1805 792 2184 862 prophetarum

604 899 967 960 testimonium
1006 893 1412 957 reverebantur,
1456 904 1563 943 non
1604 901 1754 942 suam
1785 887 2024 966 ipsorum
2066 897 2189 937 sen-

603 993 852 1057 tentiam,
892 1003 998 1044 non
1037 986 1325 1041 multorum
1367 979 1865 1037 existimationem:
1901 976 1972 1030 ita
2019 972 2187 1029 semel

608 1084 724 1141 illos
753 1079 1060 1138 dominandi
1104 1075 1367 1146 cupiditas
1410 1082 1466 1129 et
1493 1086 1644 1126 vanae
1684 1069 1869 1141 gloriae
1906 1081 2058 1122 amor
2094 1080 2185 1121 oc-

607 1184 853 1239 raecarat,
887 1170 1027 1243 quod
1061 1178 1403 1238 temporanea
1432 1172 1754 1235 quaererent.

672 1292 727 1346 '5.
746 1286 946 1342 Futura
968 1280 1293 1354 prarsentibus
1308 1279 1661 1350 anteponenda
1679 1288 1815 1333 sunt.
1835 1280 2021 1335 Contra
2045 1283 2187 1338 thea-

601 1383 667 1436 tri
696 1378 1005 1446 spectacula.
1037 1373 1410 1429 Monachorum
1433 1373 1553 1426 vita.
1609 1370 1863 1425 Exercitia
1891 1375 2186 1430 monastica.

607 1472 827 1528 --Nihil
874 1469 1014 1525 enim
1057 1468 1129 1521 ila
1177 1464 1403 1535 impellit
1430 1473 1488 1519 et
1524 1462 1850 1533 praecipitem
1891 1464 2017 1530 dat;
2057 1466 2188 1522 nihil

602 1577 712 1621 tam
744 1580 774 1618 a
806 1562 1102 1617 futurorum
1134 1573 1319 1613 amore
1342 1557 1541 1626 dejicit,
1563 1566 1619 1610 ut
1646 1556 1977 1627 fluxisaffligi
2006 1559 2186 1625 rebus;

603 1658 735 1713 nihil
766 1658 837 1710 ita
869 1663 923 1708 et
949 1651 1299 1723 prmsentibus
1329 1658 1383 1704 et
1410 1648 1601 1703 futuris
1622 1649 1857 1718 jucunde
1872 1653 1945 1706 uti
1981 1652 2183 1721 tribuit,

603 1759 661 1804 ut
688 1749 864 1803 futura
892 1743 1136 1799 omnibus
1162 1752 1510 1810 anteponere.
1538 1740 1628 1795 Ait
1655 1743 1851 1811 quippe
1894 1742 2140 1799 Christus
2171 1761 2187 1801 ε

606 1842 829 1907 Quaerite
856 1839 1073 1908 primum
1101 1850 1312 1903 regnum
1332 1832 1449 1898 Dei,
1475 1841 1521 1886 et
1550 1832 1658 1886 hac
1687 1834 1859 1886 omnia
1886 1835 2189 1906 adficientur

602 1934 739 1987 vobis
769 1928 980 2001 (Matth.
1011 1925 1065 1983 6.
1097 1925 1213 1995 55).
1244 1924 1403 1994 Atqui
1441 1924 1647 1979 etiamsi
1680 1922 1793 1978 haec
1827 1924 2056 1993 adjectio
2090 1942 2186 1997 po-

601 2028 699 2080 sita
721 2040 828 2079 non
854 2029 1017 2087 esset,
1041 2034 1146 2073 non
1178 2027 1354 2071 tamen
1383 2014 1497 2070 hzec
1518 2014 1805 2070 admodum
1836 2015 2185 2073 desideranda

600 2123 817 2178 essent;
848 2126 989 2165 nunc
1029 2117 1207 2163 autem
1234 2122 1358 2161 cum
1386 2105 1472 2159 illa
1501 2105 1696 2175 accipis
1716 2146 1731 2171 ,
1765 2105 1879 2160 hmc
1906 2108 2063 2161 etiam
2095 2124 2186 2178 ap-

602 2204 907 2275 prehendis.
936 2198 1186 2256 Nonnulli
1218 2207 1394 2252 tamen
1424 2195 1507 2250 his
1528 2210 1634 2249 non
1658 2196 2059 2264 obtemperant;
2091 2199 2185 2253 sed

604 2296 861 2368 lapidibus
885 2307 1046 2348 sensu
1076 2287 1384 2345 carentibus
1412 2286 1637 2350 similes,
1656 2286 1943 2355 voluptatis
1971 2289 2184 2343 umbras

600 2398 914 2461 sequuntur.
960 2382 1097 2452 Quid
1140 2380 1282 2436 enim
1328 2379 1484 2435 dulce
1526 2378 1581 2432 in
1615 2380 1863 2447 praesenti
1913 2381 2017 2434 vita
2062 2382 2184 2435 est?

600 2482 725 2553 quid
750 2476 1078 2550 jucundum?
1098 2473 1228 2528 Nam
1251 2487 1371 2526 cum
1396 2469 1599 2541 majore
1637 2470 1830 2525 fiducia
1861 2487 1956 2525 vos
1983 2473 2182 2542 alloqui

604 2575 761 2629 hodie
784 2570 905 2626 volo
937 2588 951 2625 :
981 2568 1072 2623 sed
1119 2582 1205 2620 me
1252 2564 1415 2631 ferte,
1459 2573 1519 2617 ut
1562 2561 1779 2618 discatis
1810 2603 1825 2627 ,
1857 2563 2020 2618 vitam
2063 2580 2182 2636 quae

601 2670 735 2723 dura
766 2675 821 2720 et
845 2675 1071 2719 onerosa
1092 2659 1332 2719 videtur,
1370 2653 1755 2710 monachorum
1786 2656 1990 2710 scilicet
2016 2664 2071 2711 et
2094 2673 2185 2710 co-

600 2776 718 2817 rum
756 2757 844 2828 qui
873 2755 1080 2824 seipsos
1103 2749 1513 2813 crueifixerunt,
1541 2747 1697 2816 longe
1724 2746 2015 2802 dulciorem
2041 2748 2184 2804 desi-

598 2852 1083 2918 derabilioremque
1110 2860 1230 2900 esse
1255 2844 1356 2897 hac
1382 2843 1489 2897 vita
1522 2882 1537 2907 ,
1571 2857 1690 2912 quae
1732 2841 1941 2896 videtur
1969 2856 2184 2898 suavmr

598 2946 1000 3013 delicatiorque.
1031 2939 1309 3009 Hujusque
1327 2936 1405 2991 rei
1432 2944 1596 2990 testes
1620 2949 1716 2988 vos
1740 2935 1889 3001 estis,
1920 2934 2010 3005 qui
2027 2949 2183 3004 .smpe

599 3041 652 3094 in
693 3032 1081 3093 calamitatibus
1119 3038 1174 3084 et
1215 3027 1469 3082 aerumnis
1511 3032 1739 3079 mortem
1770 3025 2015 3093 optastis,
2046 3024 2184 3079 illos-

597 3145 703 3201 que
728 3130 914 3184 beatos
943 3119 1293 3193 prmdieastis,
1312 3117 1401 3188 qui
1431 3117 1484 3170 in
1515 3115 1807 3180 montibus,
1831 3115 1881 3168 in
1910 3113 2179 3185 Speluncis

597 3213 1178 3290 degunt,c:elibemque
1199 3217 1254 3265 et
1273 3206 1499 3277 negotiis
1516 3220 1735 3260 vacuam
1760 3204 1958 3259 ducunt
1980 3204 2139 3258 vitam
2162 3219 2178 3270 ;

597 3328 693 3368 vos
716 3322 910 3378 nempe
935 3348 951 3373 ,
982 3305 1072 3377 qui
1101 3301 1186 3357 vel
1225 3300 1456 3355 artifices
1475 3339 1491 3365 ,
1526 3298 1609 3352 vel
1640 3297 1835 3352 milites
1866 3296 1997 3352 estis
2020 3337 2035 3361 ,
2064 3296 2182 3350 sive

596 3403 689 3475 qui
717 3402 879 3455 vitam
900 3396 1095 3452 ducitis
1114 3392 1296 3459 otiosi,
1328 3391 1441 3445 sive
1468 3390 1559 3460 qui
1590 3389 1642 3442 in
1685 3402 1844 3442 scena
1887 3395 1942 3442 et
1975 3386 2167 3443 orche-

589 3491 720 3545 stris
736 3489 876 3543 diem
902 3485 1223 3556 transigitis.
1247 3483 1373 3538 Inde
1394 3486 1562 3545 enim,
1581 3483 1831 3551 quamvis
1849 3479 1995 3533 mille
2016 3478 2169 3532 volu-

591 3591 767 3652 ptates
809 3578 1075 3635 scaturire
1111 3578 1417 3640 videantur,
1450 3582 1705 3629 sexcenta
1744 3573 1846 3626 tela
1878 3570 2169 3625 mittuntur

593 3673 939 3729 amarissima
960 3672 1001 3727 ί.
1023 3670 1079 3724 Si
1101 3670 1225 3740 quis
1238 3670 1382 3723 enim
1406 3667 1656 3722 saltantis
1674 3665 1865 3736 puella:
1880 3678 2066 3719 amore
2087 3663 2172 3717 in-

595 3768 921 3832 flammetur,
946 3763 1092 3819 omni
1120 3761 1332 3827 militia,
1364 3760 1513 3815 omni
1539 3757 1971 3830 peregrinatione
1994 3755 2175 3809 durio-

598 3876 687 3915 res
704 3857 1155 3917 feretcruciatus,
1179 3853 1458 3924 pejorique
1478 3852 1533 3905 in
1558 3859 1724 3913 statu,
1743 3865 1906 3919 quam
1929 3848 2056 3903 urbs
2075 3848 2174 3902 ob-

601 3968 775 4017 sessa,
793 3950 915 4005 erit.
937 3950 1044 4006 Sed
1062 3964 1130 4004 ne
1154 3948 1262 4003 illis
1278 3947 1484 4001 diutius
1505 3944 1911 4007 incumbamus,
1931 3941 2064 4011 ipsis
2084 3955 2180 3995 eo-

603 4061 725 4100 rum
740 4044 833 4115 qui
852 4043 931 4099 sic
943 4042 1086 4112 capti
1100 4039 1592 4096 suntconseientia:
1605 4035 2027 4106 relictis,age,de
2044 4032 2181 4087 mul-

603 4146 787 4193 torum
810 4137 920 4191 vita
954 4150 1098 4190 nunc
1123 4147 1379 4204 agamus:
1406 4139 1462 4185 et
1489 4138 1700 4184 tantum
1730 4128 1871 4181 inter
1894 4136 2182 4193 utramque

606 4232 774 4287 vitam
790 4231 1131 4285 inveniemus
1149 4225 1781 4290 intervallum.quautum
1804 4222 1944 4273 inter
1962 4228 2178 4288 portum

595 4328 649 4374 et
690 4316 937 4371 fluctibus
966 4313 1221 4385 agitatum
1254 4313 1494 4382 pelagus.
1531 4310 1613 4366 Ex
1642 4311 1961 4385 habitaculis
1997 4316 2175 4369 statim

595 4412 663 4467 ab
698 4408 920 4467 exordio
959 4408 1147 4462 horum
1190 4406 1496 4461 felicitatem
1526 4404 1803 4460 considera
1835 4420 1850 4470 ;
1892 4404 2005 4459 fora
2032 4407 2174 4462 enim

593 4515 648 4560 et
693 4503 854 4558 urbes
895 4500 1257 4567 tumultusque
1306 4497 1360 4551 in
1411 4496 1590 4552 medio
1634 4498 1838 4566 positos
1868 4497 2127 4568 fugientes
2155 4541 2172 4568 ,

518 4651 529 4663 ,
594 4598 757 4651 vitam
808 4596 859 4647 in
889 4592 1160 4647 montibus
1203 4588 1553 4659 delegerunt,
1583 4603 1702 4657 quae
1730 4587 1861 4641 nihil
1889 4602 2009 4642 cum
2042 4605 2176 4658 prae-

594 4689 732 4745 senti
754 4687 862 4740 vita
889 4696 1173 4740 commune
1201 4680 1377 4746 habet,
1404 4695 1524 4749 qua:
1550 4679 1682 4733 nihil
1711 4680 1996 4734 humanum
2026 4681 2175 4751 pati-

597 4794 719 4849 tur;
762 4795 867 4835 non
893 4777 1137 4833 dolorem
1163 4788 1258 4844 pro
1284 4773 1447 4827 rebus
1474 4772 1820 4827 szccularibus
1849 4812 1865 4836 ,
1907 4788 2012 4827 non
2041 4788 2173 4830 mm-

594 4889 771 4930 rorem
801 4870 888 4925 vel
912 4866 1347 4931 sollicitudinem,
1379 4878 1486 4917 non
1515 4863 1769 4932 pericula,
1803 4877 1908 4918 non
1933 4863 2171 4932 insidias,

595 4982 702 5021 non
722 4962 997 5023 invidiam,
1029 4973 1135 5014 non
1167 4957 1411 5019 livorem,
1438 4968 1543 5009 non
1574 4962 1757 5023 turpes
1782 4969 1997 5010 amores
2018 4996 2035 5018 ,
2065 4971 2173 5012 non

594 5058 738 5114 aliud
776 5055 1046 5128 quidpiam
1077 5051 1270 5115 simile.
1298 5048 1413 5104 Jam
1443 5048 1529 5103 hic
1567 5048 1642 5102 illi
1685 5063 1804 5118 qua:
1843 5047 1910 5102 ad
1951 5063 2173 5120 regnum

595 5151 848 5207 calorum
878 5146 1147 5218 pertinent
1175 5141 1519 5207 meditantur,
1551 5140 1604 5194 in
1632 5140 1853 5195 saltibus
1872 5149 2169 5205 versantes,

594 5238 868 5295 montibus
889 5235 1235 5303 fontibusque
1264 5273 1280 5298 ,
1319 5245 1440 5286 cum
1465 5230 1645 5301 quiete
1671 5231 1833 5285 multa
1864 5248 1878 5284 :
1908 5232 2173 5302 praecipue

594 5341 775 5386 autem
821 5329 930 5383 Deo
974 5326 1221 5390 haerent,
1265 5323 1641 5394 tuguriumque
1680 5322 1888 5379 illorum
1919 5326 2062 5380 omni
2086 5333 2171 5379 tu-

596 5419 764 5477 multa
790 5432 1013 5473 vacuum
1027 5424 1130 5485 est,
1151 5414 1329 5471 anima
1353 5413 1500 5470 omni
1524 5414 1713 5471 morbo
1738 5423 1794 5471 et
1833 5429 1999 5487 pravo
2038 5415 2173 5472 affe-

672 5659 690 5688 ι
719 5653 801 5703 Sic
824 5658 930 5702 tres
966 5651 1101 5700 codd.
1134 5649 1263 5700 Editi
1288 5664 1408 5700 vero
1436 5667 1446 5700 :
1476 5652 1502 5700 Ι
1506 5650 1552 5702 bi
1574 5652 1698 5701 enim
1724 5655 1849 5703 unde
1875 5653 2007 5703 nul'e
2035 5654 2172 5703 rotu-

610 5722 761 5787 ptates
782 5711 1018 5766 scaturire
1035 5711 1307 5773 videantur,
1333 5721 1555 5765 sewa
1575 5717 1666 5764 tela
1688 5714 1941 5766 mittuntur
1970 5715 2183 5767 amaris-

609 5790 774 5889 ὐίἽί
809 5839 979 5889 Morel.
1004 5839 1126 5899 haec,
1148 5834 1279 5888 omni
1310 5833 1504 5898 militia,
1526 5836 1709 5888 desunt

1370 405 1429 462 S.
1467 402 1745 462 JOANNIS
1770 398 2243 458 CHRYSOSTOMI
2284 398 2603 454 ARClllEP.
2642 396 3170 456 CONSTANTINOP.

3777 409 3877 466 Mt

2298 524 2387 568 ctu
2418 514 2603 580 libera,
2637 514 2789 579 levis,
2813 514 3077 585 expedita,
3109 525 3164 573 et
3192 517 3503 575 tenuissimo
3525 535 3650 577 aere
3677 539 3876 593 plll‘ml'.

2295 603 2439 674 Opus
2465 614 2642 661 autem
2678 606 2890 663 illorum
2919 607 3150 677 idipsum
3190 619 3291 673 est,
3323 611 3465 680 quod
3517 613 3686 668 Adam
3732 616 3882 671 initio

2294 694 2523 761 habuit,
2561 707 2844 768 antequam
2867 711 3151 771 peccaret,
3194 704 3409 771 quando
3448 705 3617 773 gloria
3665 707 3874 765 indutus

2295 799 2417 840 cum
2467 786 2574 841 Deo
2611 787 2782 844 libere
2825 790 3141 860 loquebatur
3170 834 3186 859 ,
3218 803 3274 847 et
3321 793 3496 849 locum
3536 796 3683 851 illum
3713 800 3879 855 multa

2296 877 2625 935 beatitudine
2652 880 2905 936 refertum
2930 883 3216 940 incolebat.
3248 884 3305 939 In
3332 901 3439 955 quo
3464 888 3605 943 enim
3645 888 3698 944 hi
3728 891 3878 960 pejus

2293 983 2451 1040 quam
2481 971 2572 1026 ille
2594 970 2810 1042 degunt,
2838 988 2959 1028 cum
2984 984 3107 1031 ante
3133 975 3543 1033 inobedientiam
3576 982 3776 1050 positus
3800 994 3882 1040 e~t

2296 1060 2351 1114 in
2383 1061 2632 1131 paradiso
2663 1072 2722 1119 ut
2741 1066 3096 1134 operaretur?
3121 1066 3273 1121 Nulla
3296 1068 3394 1137 ipsi
3424 1071 3695 1126 saecularis
3726 1074 3877 1127 solli-

2294 1155 2475 1210 citudo
2500 1156 2677 1212 inerat
2697 1197 2713 1224 ,
2753 1158 2893 1213 nulla
2919 1160 3077 1213 etiam
3106 1162 3381 1217 monachis
3414 1163 3519 1216 illis
3546 1181 3560 1218 :
3590 1180 3718 1233 pura
3746 1181 3878 1221 coo-

2294 1249 2517 1302 scientia
2573 1249 2738 1304 Deum
2782 1250 3192 1321 alloquebatur,
3244 1263 3299 1308 et
3350 1253 3402 1307 hi
3448 1256 3739 1313 similiter:
3773 1259 3879 1316 imo

2294 1339 2463 1394 multo
2500 1339 2760 1409 majorem
2802 1356 2965 1411 quam
3004 1343 3095 1397 ille
3138 1343 3384 1399 fiduciam
3420 1345 3617 1403 habent
3646 1390 3660 1413 ,
3695 1359 3878 1420 utpote

2294 1430 2484 1499 majori
2526 1432 2763 1487 fruentes
2805 1434 2973 1503 gratia
3004 1435 3258 1506 Spiritus.
3293 1437 3396 1492 Par
3425 1448 3572 1496 esset
3607 1452 3755 1498 certe
3784 1460 3878 1499 vos

2296 1521 2409 1576 haec
2431 1522 2601 1577 oculis
2631 1524 2942 1594 percipere;
2975 1527 3067 1581 sed
3095 1528 3216 1597 quia
3249 1544 3354 1583 non
3384 1531 3543 1586 vultis
3572 1573 3588 1596 ,
3633 1545 3794 1603 atque
3824 1537 3876 1590 in

2295 1614 2522 1669 tumultu
2552 1624 2605 1670 et
2637 1616 2750 1671 foro
2780 1617 2991 1689 degitis,
3017 1634 3111 1673 vos
3136 1620 3325 1675 saltem
3356 1622 3522 1678 verbo
3550 1623 3873 1683 doceamus:

2294 1721 2452 1761 unam
2478 1723 2607 1763 vero
2633 1718 2835 1778 partem
2862 1711 2983 1766 vitae
3013 1711 3224 1767 illorum
3251 1716 3576 1786 excipiemus
3596 1762 3610 1785 ,
3636 1736 3756 1775 nam
3786 1731 3843 1777 to
3860 1755 3875 1765 -

2294 1803 2403 1850 tam
2433 1799 2682 1870 persequi
2709 1814 2814 1855 non
2844 1816 3150 1871 possumus.
3199 1803 3278 1858 llli
3305 1806 3394 1875 qui
3429 1807 3709 1865 luminaria
3753 1822 3878 1867 sunt

2292 1887 2459 1952 orbis,
2488 1904 2608 1943 cum
2638 1891 2718 1945 sol
2746 1898 2896 1947 ortus
2920 1901 3032 1957 est,
3062 1894 3172 1949 imo
3200 1895 3292 1951 diu
3325 1905 3607 1967 antequam
3656 1900 3826 1957 luceat
3856 1944 3872 1970 ,

2293 1995 2323 2035 e
2371 1980 2509 2036 lecto
2548 1992 2825 2053 surgentes
2873 1988 3009 2051 sani,
3041 1998 3165 2043 sunt
3190 1991 3394 2059 vigiles,
3425 1992 3655 2062 expediti
3680 1995 3875 2063 (nullus

2291 2073 2433 2126 enim
2465 2073 2535 2127 ibi
2559 2073 2733 2142 dolor,
2763 2078 2847 2131 vel
2867 2078 3190 2143 sollicitudo,
3225 2080 3307 2135 vel
3335 2096 3519 2151 super,
3548 2099 3652 2137 non
3682 2086 3832 2141 labor
3858 2129 3872 2145 .

2293 2178 2400 2217 non
2431 2165 2761 2234 negotiorum
2791 2169 2943 2222 turba
2964 2210 2980 2237 ,
3036 2183 3141 2223 non
3188 2171 3311 2238 quid
3340 2173 3515 2228 simile
3547 2216 3561 2241 ,
3599 2176 3689 2230 sed
3721 2179 3871 2245 quasi

2292 2257 2463 2327 angeli
2496 2258 2548 2312 in
2579 2259 2714 2313 caelo
2742 2260 2982 2331 degunt)
3014 2279 3027 2315 :
3061 2273 3339 2334 surgentes
3370 2264 3527 2335 igitur
3555 2269 3731 2322 statim
3761 2269 3869 2324 laeti

2290 2356 2345 2404 ct
2374 2348 2589 2417 hilares,
2618 2352 2839 2407 chorum
2864 2354 3117 2410 facientes
3145 2372 3326 2421 unum,
3356 2358 3479 2413 l:rto
3509 2361 3653 2415 vultu
3675 2372 3724 2415 et
3748 2377 3874 2417 con-

2290 2443 2510 2497 scientia
2539 2445 2697 2499 simul
2727 2462 2936 2513 omnes,
2966 2448 3114 2517 quasi
3145 2466 3248 2502 uno
3277 2464 3391 2515 ore,
3424 2450 3634 2523 hymnis
3662 2455 3873 2509 univer-

2290 2548 2471 2589 sorum
2519 2535 2688 2590 Deum
2729 2536 3042 2603 celebrant,
3097 2539 3377 2595 laudantes
3411 2556 3532 2596 eum
3577 2552 3630 2597 et
3677 2544 3873 2613 gratias

2290 2623 2388 2696 ipsi
2415 2635 2631 2694 agentes
2656 2642 2753 2697 pro
2774 2629 3040 2695 omnibus,
3070 2630 3182 2683 sive
3203 2632 3432 2700 prepriis
3451 2673 3464 2698 ,
3493 2633 3605 2689 sive
3629 2649 3871 2690 commu—

2291 2718 2450 2774 nibus
2480 2718 2773 2774 beneficiis.
2803 2721 2979 2789 Quare
3010 2723 3173 2777 misso
3207 2724 3430 2791 Adamo,
3465 2726 3868 2799 interrogemus,

2290 2807 2343 2862 in
2392 2823 2498 2878 quo
2538 2809 2749 2864 differat
2782 2812 2851 2866 ab
2888 2813 3091 2882 angelis
3123 2814 3211 2869 ille
3244 2815 3439 2869 chorus
3484 2820 3786 2873 canentium
3820 2823 3871 2875 in

2291 2907 2431 2954 terra
2454 2910 2509 2955 et
2532 2900 2821 2957 dicentium
2847 2920 2859 2956 :
2892 2902 3067 2958 Gloria
3090 2907 3142 2959 in
3171 2907 3379 2961 excelsis
3408 2906 3512 2963 Deo
3536 2949 3549 2969 .
3581 2921 3627 2963 et
3651 2911 3704 2964 in
3731 2921 3866 2965 terra

2287 3009 2409 3065 pax,
2430 2995 2483 3048 in
2513 2995 2800 3051 hominibus
2828 2996 2959 3051 bona
2990 2999 3222 3053 voluntas
3252 2998 3415 3071 (Luc.
3442 3000 3497 3054 Ξ.
3530 3001 3599 3056 24
3616 3002 3657 3072 ).
3691 3003 3871 3059 Vestis

2291 3094 2468 3139 autem
2512 3086 2616 3141 illis
2645 3086 2775 3141 viris
2806 3087 2964 3158 digna
2990 3098 3076 3143 est
3103 3106 3117 3142 ε
3148 3104 3320 3157 neque
3352 3092 3495 3145 enim
3526 3093 3747 3161 perinde
3776 3109 3873 3149 ve-

2287 3175 2520 3230 stiuntur
2542 3184 2701 3247 atque
2729 3177 2764 3231 ii
2794 3178 2883 3247 qui
2908 3181 3113 3235 tunicas
3141 3180 3357 3235 trahunt
3386 3198 3482 3251 per
3507 3183 3651 3238 vicos
3670 3226 3686 3247 ,
3710 3200 3870 3240 ener-

2291 3268 2399 3322 vati
2429 3277 2481 3323 et
2514 3268 2806 3324 effeminati
2838 3270 2950 3342 (a):
2985 3270 3077 3326 sed
3100 3280 3157 3327 ut
3178 3272 3314 3327 beati
3348 3273 3423 3328 illi
3450 3275 3644 3346 angeli,
3681 3277 3825 3331 Elias
3852 3319 3868 3345 ,

2286 3358 2512 3414 Elisarus
2535 3401 2551 3427 ,
2580 3359 2814 3417 Joannes
2833 3403 2849 3429 ,
2877 3364 3140 3431 apostoli,
3172 3367 3472 3420 vestiuntur
3497 3410 3510 3430 ,
3545 3369 3632 3421 alii
3659 3385 3721 3422 ex
3749 3370 3871 3439 pilis

2285 3450 2520 3518 caprinis
2543 3493 2558 3517 ,
2591 3451 2681 3505 alii
2722 3467 2786 3506 ex
2832 3453 2954 3522 pilis
2997 3456 3322 3511 camelorum
3356 3475 3368 3510 :
3397 3458 3611 3527 quidam
3643 3460 3868 3529 pellibus

2288 3546 2491 3594 tantum
2541 3542 2864 3598 amiciuntur
2904 3555 3165 3602 vetustate
3212 3548 3370 3603 tritis.
3404 3550 3607 3605 Deinde
3637 3563 3755 3621 post
3779 3553 3866 3607 illa

2284 3633 2488 3687 Cantica
2514 3646 2686 3703 genua
2718 3634 2995 3692 flectentes
3024 3679 3039 3703 ,
3073 3639 3239 3694 Deum
3280 3651 3562 3710 precantur
3581 3658 3677 3713 pro
3708 3644 3869 3700 rebus

2284 3736 2403 3792 qua:
2454 3724 2634 3779 multis
2682 3741 2750 3781 ne
2791 3727 2843 3781 in
2895 3740 3128 3784 mentem
3174 3731 3386 3800 quidem
3429 3734 3611 3789 venire
3643 3736 3864 3804 possint.

2284 3811 2631 3869 Praesentium
2663 3817 2804 3872 enim
2851 3818 2983 3873 nihil
3021 3831 3207 3890 petunt
3251 3822 3369 3895 (illa
3397 3825 3589 3894 quippe
3618 3826 3747 3881 nihil
3775 3843 3870 3881 cu-

2283 3902 2438 3973 rant)
2475 3920 2489 3970 ;
2529 3906 2621 3959 sed
2662 3915 2721 3961 ut
2761 3923 2879 3962 cum
2918 3910 3111 3964 fiducia
3138 3922 3281 3966 stare
3310 3915 3515 3982 possint
3539 3925 3663 3971 ante
3694 3916 3862 3971 tribu-

2283 3994 2370 4047 nal
2416 3994 2545 4050 illud
2593 3997 2918 4053 horrendum
2944 4041 2961 4068 ,
2993 4001 3203 4071 quando
3240 4004 3415 4059 veniet
3447 4006 3749 4076 uuigcnitus
3775 4009 3862 4062 llei

2282 4085 2449 4143 Filius
2471 4088 2713 4159 judicare
2752 4092 2900 4149 vivos
2926 4104 2979 4148 et
3007 4105 3245 4151 mortuos
3272 4113 3287 4162 ;
3318 4106 3371 4151 et
3413 4107 3468 4152 ut
3505 4115 3661 4154 nemo
3686 4102 3864 4155 audiat

2284 4178 2582 4234 terribilem
2615 4180 2757 4236 illam
2787 4198 2970 4239 vocem
2998 4227 3012 4251 ,
3040 4184 3226 4241 Nescio
3254 4204 3339 4241 vos
3364 4188 3578 4258 (Matth.
3609 4190 3698 4245 ΞΒ.
3732 4191 3818 4260 12)
3845 4208 3859 4256 ;

2283 4280 2443 4343 atque
2472 4282 2529 4328 ut
2566 4289 2688 4329 cum
2720 4292 2847 4345 pura
2891 4280 3215 4334 conscientia
3246 4289 3301 4337 et
3324 4282 3475 4336 bonis
3502 4285 3752 4351 operibus
3782 4286 3860 4338 la-

2283 4365 2551 4421 boriosam
2576 4368 2713 4423 hanc
2745 4370 2905 4424 vitam
2935 4371 3274 4436 emetiamur.
3302 4384 3356 4428 et
3381 4376 3736 4444 procellosum
3763 4377 3862 4433 hoc

2281 4472 2430 4512 mare
2465 4461 2748 4530 tranquille
2776 4472 3121 4518 lransmeent.
3152 4464 3265 4518 Dux
3297 4476 3380 4520 est
3406 4475 3581 4521 autem
3612 4469 3714 4523 illis
3735 4484 3858 4523 ora-

2281 4551 2441 4606 tionis
2469 4594 2484 4618 ,
2526 4561 2677 4621 pater
2718 4564 2773 4608 et
2825 4556 3125 4624 pra‘fectus.
3173 4557 3375 4614 Deinde
3416 4571 3697 4629 surgentes
3741 4572 3861 4630 post

2279 4651 2490 4697 sanctas
2519 4643 2637 4699 illas
2656 4656 2709 4700 et
2740 4645 3048 4716 frequentes
3067 4648 3352 4713 craticixes,
3385 4652 3586 4707 oriente
3615 4653 3727 4707 sole
3753 4654 3859 4707 siu~

2277 4735 2388 4805 guli
2413 4735 2479 4790 ad
2504 4751 2656 4791 suum
2688 4753 2821 4808 Opus
2847 4754 2908 4795 se
2932 4740 3213 4796 conferunt
3238 4758 3252 4808 ;
3298 4741 3423 4799 hinc
3449 4760 3698 4816 maguum
3726 4762 3851 4816 ege-

2278 4827 2362 4883 nis
2383 4841 2698 4899 proventum
2729 4843 2996 4902 parantes.

2348 4945 2401 5000 4.
2433 4942 2533 5001 Ubi
2564 4956 2688 5001 sunt
2711 4960 2855 5002 nunc
2882 4947 2956 5002 illi
2975 4950 3063 5019 qui
3091 4949 3368 5005 diabolicis
3383 4950 3562 5006 choris
3580 4967 3638 5007 se
3657 4952 3857 5009 dedunt

2277 5037 2698 5107 meretriciisque
2725 5039 2967 5094 cantibus
2991 5081 3006 5105 ,
3037 5052 3091 5095 et
3131 5043 3180 5096 in
3222 5041 3443 5098 theatris
3482 5044 3712 5098 sedent?
3743 5045 3858 5100 Non

2277 5129 2394 5183 sine
2423 5128 2623 5198 pudore
2650 5130 2769 5185 illos
2797 5147 3093 5187 memorare
3124 5148 3339 5203 possum
3366 5152 3379 5195 ;
3414 5135 3503 5189 sed
3533 5135 3602 5189 ob
3631 5136 3823 5190 infirmi
3843 5168 3857 5177 -

2278 5226 2439 5273 tatem
2489 5227 2717 5275 vestram
2745 5221 2796 5276 id
2837 5221 3012 5278 facere
3043 5238 3219 5292 Opera:
3250 5225 3475 5293 pretium
3510 5225 3686 5279 fuerit.
3724 5226 3856 5279 Nam

2276 5311 2350 5366 ait
2376 5312 2609 5368 Paulus:
2640 5313 2785 5369 Sicut
2810 5315 2964 5385 igitur
2989 5316 3281 5370 exltibuistis
3311 5317 3528 5370 membra
3557 5329 3715 5371 vestra
3750 5335 3857 5370 scr-

2276 5405 2380 5458 vire
2402 5404 2733 5460 immunditia:
2759 5447 2774 5468 ,
2800 5405 2873 5460 ita
2914 5422 3049 5460 nunc
3076 5406 3298 5461 exhibete
3328 5407 3418 5461 illa
3444 5409 3859 5478 servirejustitiu:

2263 5495 2329 5549 lin
2354 5496 2802 5565 sanctiﬁcationem
2826 5495 2847 5569 (
2875 5496 3022 5551 Rom.
3047 5496 3100 5552 6.
3137 5498 3204 5552 13
3229 5496 3271 5570 ).
3305 5497 3411 5552 Nos
3438 5500 3613 5569 itaque
3633 5499 3857 5554 chorum

2340 5698 2413 5770 (ᾳ)
2436 5696 2515 5770 pe
2556 5696 2848 5770 effeminatis
2873 5698 3163 5770 huiusmodi
3189 5698 3409 5770 Catilina
3442 5697 3643 5770 asseclis
3685 5698 3855 5770 Cia-ro

2279 5759 2775 5826 Catil.2:uam'catis
2816 5759 3139 5825 lateribusque
3183 5761 3374 5826 tunicis,
3401 5762 3515 5812 velis
3559 5766 3737 5819 mnutt,
3762 5771 3853 5807 non

2281 5820 2416 5886 togis.
