4140 6376
276 348 380 402 6ιῆ

274 463 575 536 ἀναχωρῶν
605 464 699 519 καὶ
729 463 806 536 μὴ
835 464 1179 536 φαινόμενος.
1211 466 1287 518 Οὐ
1337 467 1446 536 γὰρ
1485 465 1740 520 ἐϐούλετο
1769 465 1950 520 πάντα

275 543 418 615 ὑπὲρ
442 543 724 614 ἄνθρωπον
747 545 791 575 ²¹
827 548 1019 610 ποιεῖν,
1048 546 1187 600 ὥστε
1228 546 1584 616 πιστευθῆναι
1609 546 1711 618 τὴν
1740 548 1949 600 οἰκονο-

278 622 422 691 μίαν.
455 625 517 676 OE
549 622 607 676 δέ
644 622 764 675 οὐδὲ
793 624 901 676 ἀπὸ
934 625 1028 678 τοῦ
1068 623 1308 696 πλήθους
1344 626 1794 696 ἐσωφρονίζοντο,
1829 628 1952 680 οὐδὲ

273 703 383 756 ἀπὸ
409 703 520 754 τῶν
543 703 870 772 εἰρημένων·
902 705 963 757 οὐ
1012 706 1111 776 τὴν
1137 704 1248 757 τῶν
1286 705 1586 776 προφητῶν
1615 706 1950 776 μαρτυρίαν,

272 781 335 832 οὐ
367 781 468 851 τὴν
497 780 706 836 ἑαυτῶν
736 780 960 852 ᾐδοῦντο
987 783 1188 854 ψῆφον,
1220 785 1280 837 ού
1309 785 1408 852 τὴν
1437 784 1548 837 τῶν
1572 784 1785 838 πολλῶν
1811 784 1952 854 γνώ-

277 876 406 928 μην·
454 859 596 914 οὕτω
641 860 896 926 καθάπαξ
945 863 1142 929 αὐτοὺς
1175 864 1209 934 ή
1257 863 1519 934 φιλαρχία
1552 864 1599 896 ’³
1637 867 1732 917 καὶ
1774 867 1802 919 6
1850 865 1951 935 τῆς

276 939 580 1004 κενοδοξίας
637 941 926 1012 ἐπήρωσεν
972 942 1133 1012 ἔρως,
1172 944 1269 996 καὶ
1325 944 1388 996 16
1441 943 1511 998 16
1555 944 1872 1016 πρόσκαιρα
1904 944 1950 977 ’⁸

281 1018 485 1087 ζητεῖν.

342 1097 412 1165 γ’.
438 1098 605 1153 Οὐδὲν
628 1098 739 1172 γὰρ
764 1100 936 1166 οὕτως
963 1101 1056 1155 ἐπὶ
1082 1102 1325 1172 κεφαλὴν
1349 1102 1500 1162 ὠθεῖ.
1525 1104 1621 1156 καὶ
1642 1101 1786 1157 κατά
1814 1121 1949 1175 κρη-

277 1178 427 1244 μνῶν
470 1179 662 1250 φέρει·
714 1180 866 1233 οὐδὲν
899 1179 1042 1232 οὕτω
1091 1183 1236 1233 ποιεῖ
1276 1181 1385 1234 τῶν
1435 1181 1738 1251 μελλόντων
1787 1183 1948 1235 ἐκπί-

272 1273 450 1321 πτειν,
501 1256 577 1321 ὡς
603 1257 665 1310 16
715 1257 1102 1330 προσηλῶσθαι
1150 1262 1262 1321 τοῖς
1302 1261 1584 1330 ἐπικήροις
1627 1264 1841 1324 τούτοις
1879 1261 1943 1292 ⁸⁸·

271 1335 426 1388 οὐδὲν
454 1333 598 1388 οὕτω
620 1340 768 1392 ποιεῖ
795 1339 890 1390 καὶ
919 1335 1120 1391 τούτων
1148 1337 1420 1392 κάκείνων
1448 1338 1762 1401 ἀπολαύειν,
1791 1339 1864 1401 ὡς
1889 1340 1950 1392 16

273 1413 494 1468 πάντων
520 1417 700 1469 ἐκεῖνα
744 1418 1036 1488 προτιμᾷν.
1082 1417 1320 1484 Ζητεῖτε
1369 1418 1498 1489 γὰρ.
1543 1419 1710 1489 φησὶν
1739 1421 1767 1473 6
1813 1421 1950 1491 Χρι-

274 1494 401 1558 στὸς
431 1495 495 1558 ’⁸,
529 1495 645 1562 τὴν
675 1497 1006 1560 ,βασιλείαν
1045 1497 1151 1549 τοῦ
1187 1496 1355 1560 Θεοῦ,
1387 1495 1487 1550 καὶ
1530 1496 1721 1550 ταῦτα
1755 1497 1951 1552 πάντα

273 1573 752 1640 προστεθήσεται
797 1574 960 1644 ὑμῖν.
1029 1575 1222 1629 Καίτοι
1275 1577 1324 1628 εἰ
1381 1575 1519 1646 μηδὲ
1567 1578 1727 1629 τοῦτο
1777 1594 1947 1647 προσ-

273 1651 472 1718 έκειτο,
513 1655 633 1707 οὐδέ
667 1653 840 1717 οὕτως
864 1653 1042 1708 αὐτῶν
1076 1653 1322 1724 ἐφίεσθαι
1359 1654 1484 1708 ἔδει.
1537 1655 1652 1709 Νῦν
1681 1655 1738 1709 δέ
1777 1658 1836 1710 ἐν
1875 1657 1951 1725 τῷ

273 1731 458 1786 λαϐεῖν
501 1735 703 1796 ἐκεῖνα,
751 1735 847 1786 καί
891 1733 1064 1788 ταῦτα
1118 1734 1235 1787 ἐστι
1284 1735 1612 1806 προσλαϐεῖν
1638 1753 1652 1766 ·
1687 1735 1783 1790 καί¹
1829 1737 1950 1790 οὐδέ

273 1810 449 1876 οὕτως
474 1813 607 1865 ἔνιοι
644 1813 944 1867 πείθονται·
974 1814 1111 1868 ἀλλά
1141 1813 1309 1878 λίθοις
1338 1815 1686 1884 ἀναισθήτοις
1716 1817 1950 1879 ἐοίκασι,

273 1891 371 1948 καὶ
416 1891 573 1954 σκιάς
613 1892 899 1947 διώκουσιν
949 1894 1165 1964 ἡδονῆς.
1215 1896 1279 1948 Τί
1317 1895 1424 1968 γὰρ
1469 1896 1569 1966 ήδὺ
1619 1896 1727 1949 τῶν
1771 1898 1830 1950 ἐν
1875 1897 1953 1967 τῷ

275 1972 502 2042 παρόντι
533 1973 630 2044 βίῳ
647 1974 712 2038 ²⁷;
745 1974 796 2026 τί
821 1973 878 2026 δὲ
905 1975 1159 2045 τερπνόν;
1179 1975 1332 2029 Μετά
1351 1977 1458 2046 γὰρ
1481 1977 1793 2046 παρρησίας
1825 1977 1953 2046 ὑμῖν

275 2050 517 2115 πλείονος
544 2052 899 2122 διαλεχθῆναι
929 2051 1188 2120 βούλομαι
1242 2054 1505 2125 σήμερον·
1546 2054 1684 2108 ἀλλά
1717 2055 1952 2125 ἀνάσχε-

276 2130 394 2195 σθε,
425 2132 513 2185 ἵνα
564 2133 770 2203 μάθητε
801 2135 882 2187 ὅτι
916 2137 944 2187 6
972 2133 1146 2188 δοκῶν
1177 2127 1332 2199 οὗτος
1358 2137 1618 2206 φορτικὸς
1651 2133 1791 2190 εἶναι
1839 2137 1954 2207 βίος

277 2210 373 2262 καὶ
403 2211 668 2284 ἐπαχθὴς,
698 2215 724 2265 6
751 2213 860 2266 τῶν
902 2212 1152 2283 μοναχῶν
1175 2214 1319 2283 λέγω
1343 2217 1437 2268 καί¹
1461 2216 1567 2269 τῶν
1596 2217 1953 2287 ἐσταυρωμέ-

275 2306 403 2353 νων,
441 2290 576 2344 πολὺ
622 2291 812 2344 τούτου
864 2292 958 2346 τοῦ
997 2293 1280 2358 δοκοῦντος
1311 2289 1448 2348 εἶναι
1501 2295 1807 2366 προσηνοῦς
1858 2297 1951 2349 καὶ

277 2369 634 2441 ἁπαλωτέρου
693 2372 1024 2444 γλυκύτερός
1072 2374 1188 2427 ἐστι
1247 2375 1340 2427 καὶ
1387 2375 1782 2448 ποθεινότερος.
1839 2377 1950 2431 Καὶ

274 2449 464 2502 τούτου
490 2450 764 2521 μάρτυρες
793 2453 970 2521 ὑμεῖς,
996 2453 1044 2506 οἰ
1078 2453 1307 2507 θάνατον
1339 2454 1600 2518 πολλάκις
1627 2457 1952 2527 αἰτήσαντες

275 2530 334 2581 ἐν
365 2532 484 2594 ταῖς
515 2530 948 2595 καταλαϐούσαις
985 2532 1129 2602 ὑμᾶς
1155 2533 1504 2604 περιστάσεσι
1543 2537 1636 2589 καὶ
1667 2535 1948 2606 ἀθυμίαις,

275 2607 369 2661 καὶ
389 2609 628 2673 ἐκείνους
649 2609 1055 2680 μακαρίσαντες
1078 2612 1208 2674 τοὺς
1224 2613 1282 2663 ἐν
1298 2612 1470 2683 δρεσι,
1493 2615 1621 2678 τοὺς
1644 2616 1702 2667 ἐν
1728 2614 1954 2684 σπηλαίο

275 2706 376 2751 οις,
401 2689 528 2752 τοὺς
566 2688 641 2758 μὴ
672 2689 1083 2760 γεγαμηκότας,
1114 2689 1206 2742 τὸν
1236 2691 1568 2762 ἀπράγμονα
1586 2693 1700 2763 βίον
1719 2693 1948 2758 ζῶντας,

275 2768 411 2820 οἵτε
457 2769 514 2820 ἐν
546 2770 662 2832 ταῖς
685 2768 730 2800 ³⁸
763 2769 1003 2838 τέχναις,
1050 2768 1187 2820 οἵτε
1215 2771 1272 2822 ἐν
1298 2773 1418 2834 ταῖς
1447 2772 1779 2842 στρατείαις,
1813 2773 1867 2825 οἵ
1890 2791 1950 2825 τε

276 2847 461 2910 ἁπλῶς
491 2847 690 2913 ζῶντες
722 2849 814 2901 καὶ
851 2847 997 2916 εἰκῆ,
1022 2847 1117 2900 καὶ
1150 2849 1208 2901 ἐν
1236 2852 1300 2921 τῇ
1329 2853 1502 2922 σκηνῇ
1536 2850 1950 2922 διημερεύοντες

276 2927 372 2979 καὶ
401 2929 522 2991 ταῖς
551 2927 902 2998 ὀρχήστραις.
943 2927 1052 2980 Καὶ
1079 2927 1188 2998 γὰρ
1213 2928 1440 2994 ἐκεῖθεν,
1481 2930 1531 2982 εἰ
1561 2933 1653 2984 καὶ
1685 2932 1728 2962 ¹⁰
1759 2936 1949 3004 μυρίαι

276 3007 464 3076 ήδοναὶ
498 3007 682 3079 βρύειν
706 3007 921 3060 δοκοῦσι
953 3008 1048 3061 καὶ
1077 3008 1414 3081 εὐφροσύνης
1451 3012 1643 3081 πηγαὶ,
1674 3012 1810 3065 ἀλλά
1843 3003 1946 3082 μυ·-

279 3087 370 3156 ρία
399 3086 640 3141 τίκτεται
675 3087 978 3159 πικρότερα
1018 3086 1168 3158 βέλη.
1199 3090 1297 3141 Ἂν
1335 3090 1444 3160 γὰρ
1497 3089 1611 3162 ἁλῷ
1649 3108 1734 3154 τις
1781 3093 1947 3164 ἔρωτι

277 3167 448 3237 κόρης
476 3166 618 3230 τινδς
653 3166 762 3220 τῶν
803 3167 1153 3238 ὀρχουμένων
1197 3170 1333 3232 ἐκεῖ,
1379 3170 1520 3241 ὑπὲρ
1556 3171 1757 3243 μυρίας
1789 3190 1950 3243 στρα-

275 3245 457 3325 τείας,
475 3246 614 3318 ὑπὲρ
651 3246 853 3317 μυρίας
885 3246 1195 3318 ἀποδημίας
1222 3249 1614 3323 χαλεπωτέραν
1642 3252 1950 3325 ὑποστήσε-

275 3341 366 3405 ται
400 3323 648 3405 βάσανον,
683 3325 863 3405 πάσης
894 3325 1103 3405 πόλεως
1129 3327 1594 3405 πολιορκουμένης
1622 3323 1949 3405 ἀθλιώτερον

275 3402 635 3482 διακείμενος.
672 3403 822 3474 Πλὴν
863 3404 978 3458 ἀλλ’
1023 3405 1109 3458 ἵνα
1166 3404 1242 3477 μὴ
1293 3407 1474 3461 ἐκεῖνα
1526 3402 1870 3482 ἐξετάσωμεν
1904 3413 1949 3445 ³⁰

275 3481 435 3546 τέως,
471 3481 549 3552 τῷ
582 3483 840 3536 συνειδότι
875 3483 1046 3537 ταῦτα
1072 3484 1303 3552 ἀφέντες
1320 3486 1429 3540 τῶν
1451 3481 1791 3553 ἑαλωκότων,
1815 3491 1949 3561 φέρε

277 3561 406 3631 περὶ
437 3562 532 3615 τοῦ
561 3561 670 3615 τῶν
704 3561 912 3616 πολλῶν
950 3563 1322 3634 διαλεχθῶμεν
1358 3564 1507 3634 βίου·
1557 3567 1653 3619 καὶ
1693 3567 1949 3621 τοσοῦτον

277 3640 584 3712 εὑρήσομεν
625 3641 687 3694 16
739 3641 900 3710 μέσον
949 3642 1217 3713 ἑκατέρας
1245 3643 1347 3712 τῆς
1385 3643 1534 3714 ζωῆς
1563 3645 1788 3716 ταύτης,
1825 3647 1948 3700 ὅσον

278 3719 494 3790 λιμένος
520 3721 616 3774 καὶ
646 3720 916 3789 πελάγους
956 3719 1197 3791 συνεχῶς
1249 3721 1472 3792 ἀνέμοις
1519 3723 1946 3796 διακοπτομένου

276 3799 340 3852 16
371 3799 646 3870 διάφορον.
679 3801 876 3853 Σκόπει
907 3801 962 3854 δὲ
995 3801 1104 3855 ἀπὸ
1129 3799 1239 3854 τῶν
1261 3802 1624 3870 καταγωγίων
1652 3804 1855 3869 εὐθέως
1879 3807 1949 3859 τά

279 3879 542 3950 προοίμια
571 3879 668 3949 τῆς
714 3879 1034 3951 εὐημερίας.
1079 3879 1308 3950 Ἀγορὰς
1355 3880 1463 3950 γὰρ
1499 3883 1594 3934 καὶ
1637 3883 1822 3944 πόλεις
1854 3887 1948 3938 καὶ

277 3959 405 4022 τούς
450 3960 507 4012 ἐν
541 3959 692 4029 μέσῳ
725 3959 987 4028 φυγόντες
1015 3960 1056 3992 ³⁸
1089 3959 1373 4031 θορύϐους,
1407 3961 1500 4014 τὸν
1545 3963 1604 4016 ἐν
1631 3962 1783 4033 ὄρεσι
1834 3963 1947 4034 βίον

278 4037 504 4101 εἴλοντο,
528 4038 620 4090 τὸν
667 4039 820 4092 οὐδὲν
852 4038 1044 4109 ἔχοντα
1088 4039 1268 4092 κοινὸν
1303 4039 1437 4110 πρὸς
1487 4041 1556 4094 16
1597 4042 1642 4074 ³³
1672 4043 1944 4113 παρόντα,

278 4117 369 4169 τὸν
398 4116 549 4169 οὐδὲν
587 4116 923 4188 ἀνθρώπινον
953 4117 1312 4187 ὑπομένοντα,
1339 4119 1399 4170 οὐ
1440 4119 1618 4189 λύπην
1661 4119 1947 4191 βιωτικὴν,

278 4197 379 4249 οὐκ
407 4196 621 4268 ὀδύνην,
668 4196 729 4249 οὐ
786 4198 1043 4268 φροντίδα
1088 4196 1374 4267 τοσαύτην,
1409 4199 1470 4251 οὐ
1516 4199 1816 4266 κινδύνους,
1847 4202 1946 4255 οὐκ

279 4274 590 4339 ἐπιϐουλὰς,
643 4276 704 4329 οὐ
752 4276 1072 4346 βασκανίαν,
1116 4276 1177 4329 οὐ
1212 4276 1560 4346 ζηλοτυπίαν,
1605 4279 1706 4333 οὐκ
1737 4279 1944 4350 ἔρωτας

280 4353 538 4420 ἀτόπους,
580 4355 683 4410 οὐκ
729 4355 859 4409 ἄλλο
906 4355 953 4388 ³³
996 4355 1107 4409 τῶν
1147 4355 1406 4410 τοιούτων
1457 4357 1635 4411 οὐδέν.
1668 4359 1950 4412 Ἐντεῦθεν

279 4432 378 4502 ἥδη
411 4432 481 4485 τὰ
514 4433 614 4504 τῆς
643 4433 918 4503 βασιλείας
969 4434 1257 4504 μελετῶσι,
1285 4435 1485 4499 νάπαις
1509 4435 1828 4506 ὁμιλοῦντες
1857 4439 1952 4490 καὶ

280 4511 432 4581 δρεσι
460 4513 554 4565 καὶ
583 4516 804 4584 πηγαῖς,
834 4514 926 4566 καὶ
959 4513 1159 4584 ἡσυχίᾳ
1187 4514 1283 4568 καὶ
1320 4514 1528 4586 ἠρεμίᾳ
1557 4515 1602 4546 ³⁸
1639 4514 1790 4588 [6741
1821 4517 1952 4570 πολ-

281 4589 368 4659 λῇ,
401 4592 495 4644 καὶ
523 4591 629 4661 πρὸ
658 4592 864 4646 τούτων
900 4593 1154 4646 ἀπάντων
1189 4592 1268 4664 τῷ
1305 4593 1443 4665 Θεῷ.
1477 4594 1588 4648 Καὶ
1623 4595 1823 4659 παντὸς
1853 4597 1954 4668 μέν

284 4668 511 4740 θορύϐου
542 4671 604 4724 τὸ
627 4671 900 4742 δωμάτιον
931 4673 1112 4737 αὐτοῖς
1135 4673 1396 4744 καθαρὸν,
1425 4675 1628 4738 παντὸς
1656 4674 1714 4729 δὲ
1745 4675 1952 4740 πάθους

282 4749 317 4818 ή
345 4748 490 4820 ψυχὴ
527 4750 623 4803 καὶ
654 4751 959 4821 νοσήματος
981 4751 1258 4822 ἐλευθέρα,
1303 4751 1471 4823 λεπτὴ
1501 4754 1597 4807 καὶ⁸
1629 4754 1827 4826 κούφη,
1858 4757 1954 4809 καὶ

281 4827 377 4880 τοῦ
423 4829 750 4904 λεπτοτάτου
784 4829 946 4900 ἀέρος
992 4830 1197 4900 σφόδρα
1241 4831 1621 4903 καθαρωτέρα.
1652 4832 1852 4904 Ἔργον
1895 4833 1954 4888 δὲ

282 4909 485 4970 αὐτοῖς,
517 4907 651 4978 ὅπερ
678 4903 748 4979 ἦν
776 4908 871 4962 καὶ
898 4908 976 4980 τῷ
1009 4909 1180 4981 Ἀδὰμ
1207 4911 1356 4981 παρά
1383 4911 1482 4982 τήν
1516 4912 1688 4984 ἀρχὴν
1714 4913 1808 4966 καὶ
1846 4913 1953 4984 πρὸ

281 4984 382 5054 τῆς
415 4986 710 5057 ἁμαρτίας,
738 4986 827 5039 ὅτε
857 4985 956 5058 τὴν
996 4985 1151 5051 δόξαν
1179 4989 1553 5060 ἠμφιεσμένος
1588 4987 1678 5062 ἦν,
1731 4990 1824 5043 καὶ
1874 4990 1952 5059 τῷ

283 5062 402 5132 Θεῷ
437 5064 578 5134 μετά
612 5064 927 5136 παρρησίας
975 5065 1194 5136 ὡμίλει,
1239 5068 1333 5120 καὶ
1370 5068 1430 5120 τὸ
1459 5068 1658 5140 χωρίον
1687 5071 1862 5123 ἐκεῖνο
1889 5069 1952 5122 16

283 5141 483 5214 πολλῆς
507 5143 677 5214 γέμον
721 5143 1124 5216 μακαριότητος
1150 5143 1303 5216 ᾤκει.
1339 5146 1405 5199 Τί
1443 5148 1549 5218 γὰρ
1579 5140 1726 5201 οὗτοι
1767 5150 1950 5220 χεῖρον

1295 349 1361 407 ΙΝ
1403 347 1822 406 MATTIUEUM
1865 348 2099 405 IIOMIL.
2141 348 2376 405 LXVIII.
2417 350 2487 403 al.
2532 349 2719 405 LXIX.

3625 352 3728 403 (ςιι

2051 465 2263 519 ἐκείνου
2291 465 2610 528 διάκεινται,
2647 465 2737 518 ὅτε
2771 465 2878 538 πρὸ
2916 466 3015 537 τῆς
3047 465 3335 537 παρακοῆς
3379 464 3540 535 ἐτεθη
3566 463 3710 536 ἐςτά

2053 546 2242 611 ζεσθαι
2270 545 2362 600 τὸν
2391 545 2756 615 παράδεισον;
2791 546 3035 617 Οὐδεμία
3073 547 3294 618 φροντὶς
3325 541 3395 620 ἦν
3422 546 3572 618 αὐτῷ
3607 547 3733 616 βιω-

2059 629 2212 699 τικὴ;
2259 627 2376 681 ἀλλ’
2409 626 2533 682 οὐδέ
2574 625 2807 688 τούτοις.
2857 627 2975 695 Θεῷ
3008 627 3284 695 διελέγετο
3316 627 3455 699 μετὰ
3487 627 3732 697 καθαροῦ

2055 705 2388 772 συνειδότος;
2421 705 2579 759 τοῦτο
2610 705 2704 759 καί
2729 702 2896 760 οὗτοι·
2951 706 3153 776 μᾶλλον
3181 706 3238 759 δέ
3275 707 3371 761 καὶ
3403 705 3584 776 πολλῷ
3617 707 3732 776 μείο

2052 785 2181 849 ζονα
2210 785 2394 855 ἔχουσι
2418 785 2731 858 παρρησίαν
2765 785 2998 849 ἐκείνου,
3042 786 3151 854 ὅσῳ
3183 785 3277 840 καὶ
3302 786 3549 856 μείζονος
3597 787 3735 840 ἀπο-

2051 865 2346 920 λελαύκασι
2392 866 2616 936 χάριτος
2655 863 2747 916 διὰ
2787 865 2886 934 τῆς
2937 864 3032 918 τοῦ
3085 864 3402 936 ΙΙνεύματος
3443 864 3732 936 χορηγίας.

2065 947 2266 1016 Ἐχρῆν
2315 946 2414 1016 μέν
2461 940 2553 998 οὖν
2585 945 2730 1014 ὑμᾶς
2775 943 2820 976 ³⁸
2867 943 2988 1013 ὄψει
3037 944 3208 999 ταῦτα
3264 944 3734 1016 παραλαμϐάνειν·

2051 1025 2238 1095 ἐπειδὴ
2266 1025 2322 1078 δὲ
2349 1025 2408 1078 οὐ
2437 1023 2716 1095 βούλεσθε,
2744 1023 2861 1078 ἀλλ’
2893 1025 2949 1076 ἐν
2984 1023 3237 1094 θορύϐοις
3273 1024 3370 1078 καὶ
3419 1023 3464 1055 ³⁸
3506 1023 3736 1092 ἀγοραῖς

2050 1104 2380 1174 διατρίϐετε,
2433 1105 2537 1159 κᾶν
2585 1104 2730 1174 λόγῳ
2765 1102 2896 1172 γοῦν
2931 1103 3233 1174 διδάξωμεν
3278 1103 3442 1174 ὑμᾶς,
3474 1101 3532 1155 ἓν
3571 1102 3736 1172 μέρος

2050 1183 2416 1248 ἀπολαϐόντες
2448 1183 2626 1238 αὐτῶν
2655 1186 2754 1253 τῆς
2786 1183 3085 1251 διαγωγῆς·
3138 1182 3317 1237 πάντα
3350 1181 3458 1254 γάρ
3484 1182 3547 1234 οὑ
3571 1182 3731 1236 δυνα-

2049 1264 2142 1317 τὸν
2174 1263 2423 1318 ἐπελθεῖν
2467 1264 2558 1317 τδν
2595 1263 2822 1316 ἐκείνων
2855 1261 2986 1332 βίον.
3017 1255 3177 1316 Οὗτοι
3225 1263 3275 1314 οἰ
3307 1262 3594 1331 φωστῆρες
3632 1259 3734 1327 τῆς

2049 1344 2398 1414 οἰκουμένης,
2437 1342 2656 1396 ἐπειδὰν
2685 1342 2835 1410 ἥλιος
2885 1341 3081 1412 ἀνίσχῃ
3128 1341 3196 1403 ³⁷,
3236 1340 3435 1409 μᾶλλον
3465 1340 3522 1392 δὲ
3554 1337 3735 1406 πολλῷ

2052 1423 2159 1492 πρὸ
2189 1423 2292 1491 τῆς
2321 1424 2559 1485 ἀκτῖνος,
2592 1421 2700 1473 ἀπὸ
2723 1420 2822 1488 τῆς
2849 1419 3008 1486 εὐνῆς
3038 1419 3390 1481 ἀναστάντες,
3433 1419 3608 1486 ὑγιεῖς
3637 1417 3733 1470 καὶ

2052 1499 2417 1573 ἐγρηγορότες
2445 1499 2540 1553 καὶ
2564 1500 2846 1570 νήφοντες·
2882 1498 3026 1562 (οὔτε
3050 1498 3159 1568 γὰρ
3181 1498 3326 1568 λύπη
3352 1515 3433 1560 τις
3457 1497 3551 1550 καὶ
3578 1513 3735 1568 φρον-

2050 1583 2156 1641 τὶς,
2183 1577 2308 1632 οὔτε
2332 1578 2645 1648 καρηϐαρία
2675 1579 2769 1630 καὶ
2795 1577 2955 1640 πόνος
2992 1578 3086 1629 καὶ
3118 1577 3461 1646 πραγμάτων
3485 1574 3640 1645 δχλος
3663 1575 3729 1639 ³⁸,

2052 1663 2154 1714 οὐκ
2185 1659 2312 1714 ἀλλο
2343 1677 2395 1712 τι
2423 1658 2531 1711 τῶν
2563 1657 2818 1711 τοιούτων
2854 1658 3006 1709 οὐδὲν
3036 1657 3221 1720 αὐτοῖς
3249 1656 3476 1726 ἐνοχλεῖ,
3512 1655 3626 1708 ἀλλ’
3655 1654 3729 1718 ὡς

2053 1741 2274 1810 ἀγγελοι
2303 1739 2578 1806 διάγουσιν
2599 1738 2656 1789 ἐν
2677 1737 2936 1806 οὐρανῷ)
2964 1736 3295 1799 ἀναστάντες
3318 1735 3500 1788 τοίνυν
3528 1735 3732 1798 εὐθέως

2053 1822 2161 1876 ἀπὸ
2190 1821 2288 1890 τῆς
2325 1819 2487 1889 εὐνῆς
2535 1817 2752 1886 φαιδροὶ
2811 1817 2902 1869 καὶ
2951 1816 3266 1884 γεγηθότες,
3302 1815 3394 1869 καὶ
3433 1814 3592 1886 χορὸν
3635 1814 3730 1867 ’ένα

2057 1899 2387 1968 στησάμενοι
2411 1897 2476 1958 ³⁹,
2510 1897 2567 1950 ἐν
2596 1894 2807 1965 φαιδρῷ
2836 1893 2913 1964 τῷ
2938 1894 3198 1947 συνειδότι
3230 1893 3534 1964 συμφώνως
3560 1893 3730 1946 ἀπαν-

2054 1997 2145 2042 τες
2179 1977 2366 2047 ῶσπερ
2400 1976 2459 2042 ἐξ
2499 1975 2616 2038 ἐνὸς
2654 1975 2919 2044 στόματος
2941 2015 2955 2036 ,
2993 1972 3198 2042 ῦμνους
3226 1975 3307 2036 εἰς
3335 1974 3426 2026 τδν
3452 1974 3561 2026 τῶν
3590 1973 3727 2026 ὅλων

2055 2058 2240 2129 ᾄδουσι
2285 2055 2440 2118 Θεὸν,
2477 2054 2828 2125 γεραίροντές
2870 2071 2928 2107 τε
2986 2053 3170 2117 αὐτὸν,
3215 2053 3308 2106 καὶ
3335 2055 3498 2125 χάριν
3531 2054 3733 2118 εἰδότες

2056 2139 2197 2208 ὑπὲρ
2227 2136 2481 2190 ἁπάντων
2523 2133 2693 2203 αὐτῷ,
2726 2133 2836 2185 τῶν
2864 2151 2922 2185 τε
2960 2132 3124 2193 ἰδίων,
3166 2133 3274 2185 τῶν
3320 2151 3380 2185 τε
3415 2134 3610 2186 κοινῶν
3640 2133 3732 2186 εὑ-

2055 2217 2464 2286 εργετημάτων.
2497 2214 2683 2276 Ὥστε,
2716 2214 2764 2266 εἰ
2797 2213 2960 2277 δοκεῖ,
2991 2212 3082 2264 16v
3112 2212 3284 2282 Ἀδὰμ
3309 2212 3559 2280 ἀφέντες,
3589 2213 3730 2284 ἐρω-

2053 2299 2308 2367 τήσωμεν
2346 2295 2398 2346 τί
2430 2291 2539 2346 τῶν
2569 2292 2818 2361 ἀγγέλων
2853 2286 3007 2354 οὗτος
3045 2292 3331 2362 διέστηκεν
3369 2295 3398 2346 6
3441 2293 3600 2363 χορὸς
3625 2293 3732 2345 τῶν

2055 2378 2148 2430 ἐπὶ
2199 2375 2304 2444 γῆς
2351 2373 2589 2444 ᾀδόντων
2641 2373 2734 2427 καὶ
2783 2371 3070 2440 λεγόντων·
3125 2372 3280 2436 Δόξα
3330 2372 3401 2426 ἐν
3447 2373 3733 2441 ὑψίστοις

2056 2453 2196 2521 Θεῷ,
2239 2452 2339 2507 καὶ
2378 2452 2477 2505 ἐπὶ
2519 2449 2626 2521 γῆς
2678 2451 2908 2519 εἰρήνη,
2964 2450 3033 2504 ἐν
3079 2449 3412 2518 ἀνθρώποις
3462 2450 3730 2506 εὐδοκία.

2053 2535 2165 2587 Καὶ
2196 2535 2229 2602 ἡ
2265 2530 2425 2602 στολὴ
2461 2529 2516 2582 δὲ
2576 2529 2759 2593 αὐτοῖς
2787 2530 2884 2598 τῆς
2919 2528 3144 2600 ἀνδρίας
3186 2527 3331 2593 ἀξία.
3378 2529 3452 2582 Οὐ
3507 2529 3615 2601 γὰρ
3662 2531 3730 2602 δὴ

2052 2611 2194 2666 κατὰ
2223 2614 2351 2674 τοὺς
2387 2609 2747 2680 ἐλκεχίτωνας
2779 2609 2874 2661 καὶ
2905 2608 3422 2679 ἐκνενευρισμένους
3467 2609 3560 2660 καὶ
3609 2609 3728 2662 δια-

2052 2692 2366 2762 κλωμένους
2382 2690 2518 2742 εἰσὶν
2535 2689 2924 2758 ἐστολισμένοι·
2950 2687 3088 2740 ἀλλά
3108 2687 3250 2740 κατά
3276 2689 3402 2750 τοὺς
3429 2687 3729 2760 μακαρίους

2051 2771 2292 2833 ἐκείνους
2351 2767 2636 2837 ἀγγέλους,
2704 2767 2794 2822 τὸν
2849 2765 3058 2832 Ἠλίαν,
3113 2768 3205 2821 16v
3260 2767 3586 2831 Ἐλισσαῖον,
3635 2767 3728 2820 τὸν

2065 2850 2336 2919 Ἰωάννην,
2373 2847 2514 2900 κατὰ
2566 2846 2694 2909 τοὺς
2741 2846 3094 2908 ἀποστόλους*
3150 2845 3258 2899 τῶν
3310 2847 3540 2916 ἱματίων
3596 2862 3730 2898 κατ-

2050 2926 2468 2998 εσκευασμένων
2494 2927 2702 2989 αὐτοῖς,
2729 2928 2839 2988 τοῖς
2872 2925 2970 2995 μέν
3004 2925 3111 2978 ἀπὸ
3144 2925 3348 2995 τριχῶν
3388 2924 3579 2994 αἰγῶν,
3617 2927 3730 2986 τοῖς

2053 3010 2110 3064 δέ
2137 3008 2244 3062 ἀπὸ
2263 3007 2464 3078 τριχῶν
2491 3005 2770 3077 καμήλων·
2798 3005 2902 3058 εἰσί
2933 3005 2990 3057 δὲ
3023 3000 3104 3068 οἷς
3129 3006 3222 3058 καὶ
3255 3006 3500 3077 δέρματα
3525 3005 3729 3075 ἤρκεσε

2057 3088 2238 3162 μόνον,
2273 3086 2570 3140 καὶταῦτα
2602 3085 2770 3139 πάλαι
2799 3085 3164 3155 πεπονηκότα.
3201 3080 3334 3137 Εἶτα
3373 3084 3593 3138 ἐπειδὰν
3629 3083 3730 3147 τὰς

2048 3167 2194 3240 ᾠδὰς
2224 3165 2441 3230 ἐκείνας
2469 3166 2687 3229 εἴπωσι,
2717 3163 2784 3218 τὰ
2812 3165 3015 3234 γόνατα
3059 3165 3401 3235 κάμψαντες,
3431 3163 3523 3240 τὸν
3556 3163 3731 3234 ὑμνη-

2049 3235 2211 3300 θέντα
2240 3245 2372 3299 Θεὸν
2405 3243 2826 3316 παρακαλοῦσιν
2872 3243 3013 3312 ὑπὲρ
3059 3242 3428 3314 πραγμάτων.
3478 3235 3554 3294 ὧν
3597 3240 3729 3294 ἔνιοι

2048 3326 2169 3379 οὐδὲ
2197 3325 2278 3389 εἰς
2303 3323 2514 3378 ἔννοιαν
2540 3323 2752 3392 ταχέως
2775 3322 3044 3395 ἔρχονται.
3080 3321 3300 3376 Αἰτοῦσι
3339 3320 3449 3391 γὰρ
3479 3319 3587 3373 τῶν
3627 3320 3729 3391 μὲν

2049 3405 2335 3476 παρόντων
2367 3403 2541 3456 οὐδέν·
2571 3403 2746 3467 οὐδεὶς
2775 3403 2884 3472 γὰρ
2917 3402 3100 3464 αὐτοῖς
3127 3401 3336 3455 τούτων
3362 3399 3544 3467 λόγος·
3577 3399 3639 3453 16
3671 3399 3729 3452 δὲ

2053 3483 2192 3555 μετά
2237 3482 2552 3555 παρρησίας
2600 3483 2791 3551 στῆναι
2826 3481 3137 3553 ἔμπροσθεν
3189 3479 3282 3534 τοῦ
3329 3479 3572 3550 βήματος
3629 3477 3728 3530 τοῦ

2049 3561 2305 3634 φοϐεροῦ,
2337 3563 2465 3615 ὅταν
2504 3559 2634 3632 ἔλθῃ
2664 3563 2848 3632 κρῖναι
2875 3561 2922 3591 ⁴¹⁵
2951 3560 3159 3625 ζῶντας
3187 3559 3282 3612 καὶ
3315 3558 3550 3628 νεκροὺς
3569 3557 3597 3610 6
3627 3574 3726 3625 μο-

2048 3642 2274 3711 νογενὴς
2324 3641 2454 3704 Υἱὸς
2509 3640 2608 3694 τοῦ
2653 3640 2824 3693 Θεοῦ·
2875 3641 2970 3694 καί
3022 3640 3084 3694 16
3125 3639 3328 3710 μηδένα
3361 3636 3593 3690 ἀκοῦσαι
3626 3639 3726 3704 τῆς

2049 3722 2288 3792 φοϐερᾶς
2321 3720 2535 3790 ἐκείνης
2563 3719 2748 3789 φωνῆς
2781 3719 2880 3790 τῆς
2909 3718 3197 3789 λεγούσης,
3238 3720 3360 3770 Οὐκ
3388 3713 3521 3770 οῖδα
3546 3713 3722 3783 ὑμᾶς·

2050 3801 2142 3856 καὶ
2170 3800 2311 3854 ὥστε
2340 3799 2479 3871 μετά
2504 3799 2748 3869 καθαροῦ
2773 3799 3072 3863 συνειδότος
3105 3799 3199 3852 καὶ
3218 3795 3427 3850 πολλῶν
3452 3795 3562 3848 τῶν
3595 3811 3727 3848 κατ-

2047 3879 2383 3953 ορθωμάτων
2411 3877 2501 3932 τὸν
2533 3878 2828 3949 ἐπίμοχθον
2855 3877 3041 3932 τοῦτον
3083 3876 3331 3931 διανύσαι
3364 3875 3498 3946 βίον.
3536 3873 3630 3927 καὶ
3664 3872 3727 3926 16

2049 3961 2285 4034 χαλεπὸν
2320 3958 2551 4014 πλεῦσαι
2586 3959 2821 4028 πέλαγος
2853 3961 2912 4027 ἐξ
2945 3959 3151 4031 οὐρίας.
3171 3958 3418 4026 Ἥγεῖται
3449 3954 3507 4034 δὲ
3540 3953 3724 4034 αὐτοῖς

2047 4029 2146 4112 τῆς
2197 4039 2383 4110 εὐχῆς,
2435 4042 2464 4093 6
2511 4039 2691 4110 πατὴρ
2715 4038 2809 4092 καὶ
2855 4041 2884 4091 6
2918 4038 2958 4070 “
2991 4029 3368 4108 προεστηκὼς.
3419 4029 3557 4089 Εἶτα
3593 4033 3726 4088 ἀνα-

2050 4121 2276 4184 στάντες
2321 4120 2417 4172 καὶ
2462 4118 2778 4182 τελέσαντες
2833 4118 2933 4182 τάς
2983 4117 3146 4184 ἁγίας
3200 4115 3418 4176 ἐκείνας
3463 4114 3557 4167 καὶ
3598 4129 3725 4164 συν-

2049 4203 2196 4271 εχεῖς
2229 4198 2414 4269 εὐχὰς,
2444 4196 2774 4268 ἀνισχούσης
2810 4199 2910 4267 τῆς
2937 4197 3174 4258 ἀκτῖνος,
3207 4197 3287 4257 εἰς
3313 4193 3474 4271 ἔργον
3506 4193 3723 4271 ἄπεισιν

2053 4268 2201 4352 [ϐ75]
2223 4268 2474 4342 ἕκαστος,
2510 4275 2711 4347 πολλὴν
2735 4275 2994 4347 πρόσοδον
3019 4271 3270 4327 ἐντεῦθεν
3296 4273 3408 4335 τοῖς
3448 4268 3724 4340 δεομένοις

2050 4359 2404 4428 συνάγοντες.

2117 4439 2179 4492 δ’.
2205 4425 2326 4490 -Ποῦ
2360 4435 2456 4489 νῦν
2503 4435 2641 4487 εἰσιν
2671 4433 2720 4486 οἰ
2763 4433 2876 4495 τοῖς
2918 4429 3247 4493 διαϐολικοῖς
3297 4428 3529 4490 ἐαυτούς
3578 4425 3724 4480 ἐκδι-

2047 4516 2227 4579 δόντες
2262 4516 2439 4586 χοροῖς
2480 4512 2576 4567 καὶ
2623 4515 2736 4576 τοῖς
2785 4511 2993 4583 ᾄσμασι
3029 4511 3141 4573 τοῖς
3188 4509 3490 4578 πορνικοῖς,
3537 4505 3631 4586 καί.
3661 4507 3726 4558 ἐν

2049 4584 2296 4665 θεάτροις
2332 4584 2666 4662 καθήμενοι;
2707 4589 3044 4660 Αἰσχύνομαι
3080 4588 3178 4659 μὲν
3212 4588 3321 4658 γὰρ
3374 4584 3722 4665 μεμνημένος

2048 4664 2292 4729 ἐκείνων·
2335 4672 2474 4743 πλὴν
2515 4670 2602 4724 διά
2654 4670 2752 4741 τὴν
2796 4669 3082 4724 ἀσθένειαν
3104 4667 3259 4739 ὑμῶν
3293 4668 3339 4699 ⁴¹
3373 4666 3587 4736 ἀνάγκη
3625 4664 3721 4718 καὶ

2046 4753 2204 4808 τοῦτο
2241 4742 2483 4820 ποιῆσαι.
2514 4751 2625 4804 Καὶ
2658 4750 2766 4820 γὰρ
2813 4750 2841 4801 6
2875 4747 3085 4811 Παῦλός
3115 4761 3299 4818 φησιν·
3329 4746 3559 4813 ’Ὠσπερ
3607 4742 3722 4813 τὰρ

2047 4829 2468 4900 παρεστήσατε
2505 4829 2577 4884 τὰ
2612 4827 2770 4898 μέλη
2802 4827 2971 4896 ὑμῶν
3007 4826 3198 4883 δοῦλα
3242 4823 3318 4894 τῇ
3358 4823 3715 4891 ἀκαθαρσίᾳ,

2046 4899 2200 4966 οὕτω
2236 4909 2354 4962 νῦν
2386 4909 2432 4940 ⁸³
2470 4908 2902 4976 παραστήσατε
2932 4906 3004 4961 τὰ
3042 4906 3199 4976 μέλη
3231 4902 3399 4974 ὑμῶν
3423 4902 3615 4956 δοῦλα
3643 4899 3723 4970 τῇ

2049 4989 2405 5058 δικαιοσύνῃ
2454 4990 2542 5054 εἰς
2594 4987 2910 5058 ἁγιασμόν.
2946 4987 3058 5040 Καὶ
3108 4987 3270 5057 ἡμεῖς
3332 4984 3531 5045 τοίνυν,
3581 4980 3718 5052 φέρε

2046 5067 2507 5140 παρεξετάσωμεν
2531 5067 2624 5120 τὸν
2651 5067 2808 5138 χορὸν
2841 5066 2932 5120 τὸν
2955 5067 3020 5120 ἐκ
3050 5065 3159 5119 τῶν
3185 5062 3598 5136 πορνευομένων
3627 5077 3719 5128 γυ-

2045 5147 2249 5202 ναικῶν
2291 5148 2384 5202 καὶ
2432 5147 2543 5201 τῶν
2583 5147 2961 5219 ήταιρηκότων
3007 5145 3143 5200 νέων
3187 5141 3497 5198 συνεστῶτα
3542 5141 3608 5194 ἐν
3646 5140 3718 5210 τῇ

379 5258 424 5290 ¹²
446 5259 589 5330 ὑπὲρ
607 5257 704 5310 ἀνθ
715 5257 910 5329 ρώπων
928 5256 992 5312 L.
1013 5257 1147 5314 Mor.
1167 5259 1301 5314 Ben.
1317 5258 1418 5316 Hic
1442 5269 1624 5315 tamen
1649 5278 1812 5328 supra
1828 5260 1946 5314 hom

379 5348 380 5365 ι
412 5328 564 5399 ὁρτῆς
587 5328 950 5399 φιλαργυρίας
985 5326 1301 5399 [φιλαρχίας
1317 5329 1598 5399 Ερ.]ἕρως
1617 5331 1676 5384 L.
1704 5331 1802 5399 Ep.
1879 5333 1949 5381 *ιι

2052 5277 2089 5313 7:
2106 5261 2288 5316 vertit.
2368 5261 2413 5292 "
2430 5258 3191 5384 (9:).aﬁyuplaGJRlcpaapxIa.
3213 5296 3256 5342 ε.
3289 5255 3450 5330 ἔρως]
3473 5256 3717 5328 ἐτύφλωο

2056 5331 2281 5399 σκαιρα]
2307 5331 2547 5399 παρόντα
2616 5371 2631 5384 .
2650 5333 2710 5386 L.
2735 5329 2834 5399 Ep.
2919 5348 3001 5385 or.
3077 5331 3121 5362 "
3137 5329 3714 5399 τουτοιςΙπράγμασιν

289 5345 380 5402 επεν
412 5326 566 5402 δεῆέ
587 5326 950 5402 φιλερῖυρίεις
975 5326 1301 5402 ,[ςρ,ιλαρκὲας
1317 5329 1598 5402 Fin-15,pr
1617 5331 1676 5402 L-
1704 5326 1802 5401 Ep.

1879 5333 1925 5381 *δ
1946 5331 2281 5403 πρόσκαιρα]
2307 5331 2547 5403 παρόντα

2919 5327 3001 5385 υτ.
3041 5327 3053 5331 ⁷
3074 5327 3121 5362 ⁵³⁸
3137 5327 3714 5400 τούτοιςΙλπράγμασιν

287 5397 434 5485 ἕξοι·ἒ
453 5396 783 5485 θέω-οὐδὲν]
814 5396 919 5485 καὶ
935 5396 1764 5485 οὐδένέὲέέιξξσπερνούξέν’δενξ
1784 5417 1929 5483 οριη.

2052 5419 2105 5485 5.-
2126 5396 2312 5485 68:8}
2342 5396 2402 5484 Ρ.
2423 5402 2690 5485 κάκείνιρν
2715 5396 2827 5485 qn].
2854 5399 2922 5485 IS.
2939 5400 3002 5456 L.
3051 5396 3622 5485 .”~6Xp:<‘716;‘bm'K.

289 5467 386 5543 Ge.
414 5467 848 5543 ΙηῐςεΔΚαίτοῐγε
878 5467 1042 5543 εδδ,
1091 5470 1143 5543 ’⁷.
1166 5467 1451 5543 _HGIKON.
1468 5471 1620 5543 ΔΠερί
1642 5471 1891 5543 μοναχῶν
1911 5488 1925 5502 ·
1955 5467 2067 5526 καῖ
2080 5473 2162 5526 ὅτι
2183 5475 2210 5524 ὁ
2238 5467 2409 5543 δοκῶν
2426 5474 2679 5543 φορτικὸς
2709 5467 3713 5543 εἷναιᾲβίοςᾉαύτῶνηπολύ-γλυκύτερός

288 5539 406 5611 ἐστι
427 5537 523 5591 τοῦ
555 5533 1001 5611 δοκοῦπος-εζναι
1026 5539 1389 5611 ἐνηδόνουκκαὶ
1419 5533 1654 5611 ῥέοντοςξ
1679 5541 1743 5596 G.

1819 5542 1867 5574 18
1904 5559 1949 5595 τί

2052 5545 2198 5598 deest
2220 5543 2283 5614 _in
2313 5539 2663 5614 Eddif’ie:
2677 5539 2793 5614 καί]
2825 5539 2935 5614 _Sic
2966 5539 3244 5614 (ἰδίη-Μ.
3276 5549 3329 5594 e:
3361 5541 3557 5614 Ιιιιετρ.
3611 5553 3710 5608 pro

289 5607 1020 5682 vqlgalo_60¢v.61).6]6n‘6
1047 5607 1186 5682 113516.
1219 5607 1487 5682 6Mé_oin.
1519 5609 1585 5664 Η.
1615 5610 1678 5682 Κ.
1711 5610 1857 5682 ἀλλά
1878 5629 1948 5682 μυ

2067 5629 2175 5682 om.
2220 5611 2284 5668 L.
2359 5614 2403 5644 ³ο
2444 5611 2536 5668 Sic
2561 5607 2955 5682 Eddtcfgdiqqs
2995 5610 3377 5682 ἐξετάζωμενζ
3433 5607 3710 5682 ⁸-⁸-διαφυο

289 5677 475 5749 γόντες
514 5678 576 5732 ι..
650 5678 696 5749 ξ’
733 5677 944 5749 τὰ]“τόν
967 5680 1032 5734 G.
1065 5678 1133 5733 Η.
1159 5679 1328 5735 invito
1354 5679 1554 5748 Interp.

288 5747 630 5817 παραλαϐεῖν
656 5747 718 5817 L.

286 5816 570 5889 93371630.;
598 5818 662 5873 (ἶ.
689 5816 753 5872 Η.
789 5817 858 5872 Μ.
897 5835 950 5888 p.
1062 5837 1117 5874 τι
1143 5836 1252 5876 om.
1278 5819 1344 5875 K.
1369 5819 1432 5875 L.

288 5886 428 5942 Edd.
465 5886 635 5943 Verba
659 5889 870 5944 inclusa
898 5886 1090 5947 bm‘nes
1113 5906 1220 5945 uno
1243 5906 1336 5946 ore
1370 5890 1591 5948 codices
1619 5886 1902 5946 d'ainnam.

819 5680 944 5749 Ιτόν
967 5680 1032 5734 G.
1065 5680 1133 5733 Η.
1159 5680 1328 5735 invito
1354 5680 1554 5748 Interp.
1631 5681 1676 5713 ³⁸
1711 5681 1861 5754 ἀλλο]
1881 5680 1949 5736 ἐϋ

819 5750 840 5780 ι
877 5749 994 5784 ..η-,1
1022 5751 1084 5784 ι..
1108 5749 1211 5784 ρο...
1263 5751 1351 5784 ...Α
1383 5752 1441 5784 ι..
1466 5749 1581 5784 ιιι...
1623 5749 1732 5784 nm.
1784 5752 1949 5784 παρη,

2052 5680 2836 5784 31".:7:393“‘%1‘§..P;.':'
2854 5680 3007 5784 μ’..
3041 5682 3211 5784 31m:

877 5749 996 5822 καὶ]
1022 5751 1084 5804 ἐν
1107 5749 1232 5805 Sav.
1263 5751 1357 5838 κει).
1373 5752 1441 5838 Ιἐν
1464 5749 1602 5838 Μαί.
1623 5749 1756 5838 Ben‘.
1784 5749 1949 5838 διριτρι

2052 5751 2114 5828 ξε]
2152 5749 2460 5838 διάξετέιιῖ
2607 5755 2818 5838 ἐνέσκῡ
2851 5751 2915 5838 .L-
2959 5752 3007 5784 ³⁸
3035 5749 3704 5838 ειαιίτξένεῖξξῑιαγμδξτεῖς

1541 5821 1586 5853 ³⁸
1623 5822 1784 5894 χορὸν
1829 5816 2216 5923 ἐνστησάμενοι
2245 5816 2306 5876 L.
2337 5840 2389 5893 p.
2427 5839 2480 5895 p.
2509 5822 2716 5896 φαιδρῷ
2746 5816 2824 5892 τῷ
2851 5820 3152 5946 [προσώπῳ
3181 5836 3242 5872 τε
3450 5816 3708 5874 συνειδότι

1541 5895 1926 5967 Βεμδιῃηθξιιοη
1968 5892 2024 5967 _°
2054 5892 2429 5967 κρίνειν-ΕΜ.
2502 5895 2549 5926 ⁸⁸
2589 5895 2682 5950 καὶ
2700 5891 2752 5967 ὁ]
2780 5895 2904 5949 ὁκα
2959 5891 3086 5949 Sav.
3113 5889 3207 5948 καί
3253 5903 3363 5947 om.
3412 5892 3546 5965 Reg.
3601 5888 3708 5944 688

3214 5681 3278 5742 ἀς
3334 5678 3398 5734 (ἶ.
3449 5679 3520 5734 Μ.
3565 5693 3619 5748 p.
3652 5692 3705 5747 p.

289 5960 338 5992 δ’
382 5955 558 6030 ὑμῶν]
587 5959 686 6030 τὴν
717 5959 983 6032 ὑμετέραν
1020 5959 1084 6018 ι..
1155 5959 1206 5994 ⁵³
1222 5959 1314 6018 νῦν
1337 5975 1448 6022 om.
1470 5961 1534 6019 L.
1556 5961 1638 6034 τὰ,
1657 5961 1794 6033 μέλη
1813 5960 1994 6033 ὑμῶν]
2011 5955 2148 6021 αὑτά
2165 5962 2300 6022 Edd.
