4140 6376
364 364 469 417 (ηδ

354 479 549 547 σκηνῇ,
586 474 681 528 καὶ
717 472 905 528 τοῦτον
938 472 1103 526 αὐτὸν
1133 474 1224 526 τὸν
1252 473 1298 505 ⁸⁵
1326 474 1434 526 τῶν
1484 476 1769 546 μακαρίων
1809 473 2037 531 τούτων,

354 560 435 620 εἰς
460 554 653 626 ἡδονῆς
677 553 834 621 λόγον
872 553 939 605 δι’
980 554 1048 623 ἣν
1089 554 1324 623 μάλιστα
1352 554 1537 606 πολλοὶ
1564 555 1671 606 τῶν
1702 554 1963 625 ῥᾳθύμων
1996 553 2041 585 ’⁸⁸

358 636 492 688 νέων
527 634 835 687 ἁλίσκονται
866 634 987 694 ταῖς
1022 633 1246 685 ἐκείνων
1283 634 1496 701 παγίσι.
1546 632 1813 686 Τοσοῦτον
1839 638 1948 704 γὰρ
1983 634 2044 687 τὸ

362 717 526 786 μέσον
560 716 891 785 εὑρήσομεν,
919 713 1043 765 ὅσον
1076 713 1125 764 εί
1162 711 1410 780 ἀγγέλων
1437 731 1521 776 τις
1545 714 1779 783 ῆκουσεν
1809 714 2045 783 ᾀδόντων

358 798 472 850 ἄνω
499 796 600 865 τήν
634 794 1006 865 παναρμόνιον
1042 792 1309 862 μελῳδίαν
1344 793 1581 863 ἐκείνην,
1613 793 1707 845 καὶ
1740 792 1920 846 κυνῶν
1953 792 2044 846 καὶ

360 875 559 947 χοίρων
596 874 644 906 ⁸⁸
693 873 785 925 ἐπὶ
830 872 930 941 τῆς
957 872 1192 940 κοπρίας
1224 872 1659 942 κατωρυομένων
1694 871 1738 902 ⁸⁵⁷
1792 870 1887 924 καὶ
1916 889 2041 941 γρυ-

364 955 587 1018 ζόντων.
624 952 723 1005 Διά
754 951 961 1005 τούτων
995 952 1093 1021 μὲν
1123 951 1233 1022 γὰρ
1263 951 1372 1003 τῶν
1408 952 1692 1021 στομάτων
1730 951 1757 1003 6
1788 952 2047 1020 Χριστὸς,

364 1036 431 1087 δι’
463 1033 685 1087 ἐκείνων
707 1032 763 1085 δὲ
792 1033 891 1102 τῆς
923 1032 1167 1101 γλώττης
1198 1034 1225 1084 6
1253 1031 1498 1095 διάϐολος
1533 1032 1847 1100 φθέγγεται.
1888 1031 2049 1085 ’Λλλά

368 1115 627 1186 σύριγγες
656 1112 981 1183 συνηχοῦσιν
1006 1114 1234 1175 ἐκείνοις
1264 1114 1466 1183 ἀσήμῳ
1502 1116 1650 1184 φωνῇ
1684 1114 1779 1166 καὶ
1823 1114 2052 1184 ἀτερπεῖ

365 1198 432 1264 τῇ
467 1195 609 1263 δψει,
641 1193 747 1245 τῶν
775 1194 990 1261 γνάθων
1039 1194 1223 1255 αὐτοῖς
1255 1194 1609 1262 φυσωμένων,
1653 1194 1748 1245 καὶ
1789 1192 1899 1244 τῶν
1928 1192 2051 1245 νεύ-

372 1292 481 1345 ρων
532 1273 969 1342 διασπωμένων;
1028 1272 1167 1325 Ἀλλ’
1221 1271 1458 1324 ἐνταῦθα
1506 1273 1540 1342 ή
1587 1271 1679 1324 τοῦ
1734 1271 2051 1342 Πνεύματος

370 1354 555 1423 ἐνηχεῖ
583 1352 762 1422 χάρις,
793 1352 913 1404 ἀντὶ
945 1350 1108 1403 αὐλοῦ
1140 1351 1230 1405 καὶ
1256 1351 1487 1421 κιθάρας
1517 1350 1611 1404 καὶ
1650 1350 1907 1422 σύριγγος
1942 1353 2054 1413 τοῖς

369 1432 479 1485 τῶν
528 1432 699 1499 ἁγίων
747 1431 977 1500 στόμασι
1017 1432 1332 1503 κεχρημένη
1380 1432 1444 1485 ⁸⁸.
1502 1431 1720 1485 Μᾶλλον
1764 1430 1820 1484 δὲ
1852 1432 1952 1484 ὅσα
1989 1432 2054 1485 ἀν

373 1513 639 1581 εἴπωμεν,
664 1510 724 1563 οὐ
748 1510 972 1563 δυνατὸν
998 1514 1346 1582 παραστῆσαι
1369 1511 1467 1583 τὴν
1495 1512 1687 1583 ἡδονὴν
1710 1512 1798 1565 διὰ
1826 1513 1951 1575 τοὺς
1980 1511 2056 1582 τῷ

376 1590 534 1660 πηλῷ
565 1592 661 1643 καὶ
693 1593 757 1661 τῇ
791 1590 1040 1661 πλινθεία
1090 1591 1567 1662 προσηλωμένους.
1619 1591 1717 1645 Διά
1765 1592 1923 1644 τοῦτο
1964 1592 2057 1644 καὶ

375 1670 679 1740 ἐϐουλόμην
708 1671 827 1724 τινὰ
858 1671 967 1723 τῶν
994 1672 1121 1741 περὶ
1145 1672 1318 1724 ταῦτα
1354 1674 1700 1743 μαινομένων
1733 1672 1939 1739 λαϐεῖν,
1965 1673 2059 1727 καλ⁵

375 1752 684 1817 ἀπαγαγεῖν
713 1751 847 1811 ἐκεῖ,
891 1750 985 1802 καὶ
1026 1749 1197 1816 δεῖξαι
1239 1750 1348 1804 τῶν
1398 1751 1568 1818 ἁγίων
1604 1752 1695 1805 τὸν
1735 1754 1895 1823 χορὸν
1936 1754 2059 1807 τού-

376 1847 486 1882 των
513 1829 584 1890 ⁸³,
617 1828 711 1881 καὶ
740 1828 842 1881 οὐκ
873 1828 938 1881 ἂν
978 1829 1168 1901 ἐδέησέ
1199 1847 1291 1900 μοι
1323 1831 1483 1899 λόγου
1528 1831 1737 1885 λοιπόν.
1778 1832 1924 1903 Πλὴν
1956 1834 2060 1887 κᾶν

379 1910 517 1982 πρὸς
547 1910 805 1980 πηλίνους
836 1909 1230 1980 διαλεγώμεθα,
1268 1913 1643 1983 πειρασόμεθα
1676 1914 1772 1966 καὶ
1809 1914 1889 1984 τῷ
1918 1915 2063 1986 λόγῳ

380 1990 485 2043 κάν
524 1990 661 2058 μετά
697 1988 892 2060 μικρὸν
924 1990 1121 2053 αὐτοὺς
1169 1992 1487 2044 ἀνασπάσαι
1516 1992 1615 2061 τῆς
1662 1993 1804 2057 ἰλύος
1834 1995 1927 2047 καὶ
1956 1998 2061 2048 τῶν

380 2069 688 2139 τελμάτων.
725 2069 965 2122 Ἐκεῖθεν
998 2070 1095 2139 μὲν
1124 2070 1232 2141 γὰρ
1272 2071 1476 2135 εὐθέως
1527 2072 1639 2143 πῦρ
1674 2073 1886 2144 δέχεται
1929 2073 2065 2143 ἔρω-

382 2166 474 2211 τος
504 2149 706 2202 ἀτόπου
732 2151 760 2201 6
784 2150 1080 2219 ἀκροατής·
1114 2150 1187 2210 ὡς
1210 2151 1319 2222 γάρ
1342 2151 1442 2204 οὐκ
1469 2153 1747 2223 ἀρκούσης
1771 2155 1868 2224 τῆς
1891 2154 2065 2223 ὅψεως

382 2229 484 2297 τῆς
510 2230 714 2298 πόρνης
743 2227 931 2297 φλέξαι
959 2230 1056 2298 τὴν
1087 2229 1347 2292 διάνοιαν,
1376 2231 1473 2283 καὶ
1498 2233 1597 2303 τὴν
1628 2234 1738 2285 ἀπὸ
1758 2234 1855 2304 τῆς
1885 2235 2065 2304 φωνῆς

384 2307 737 2376 προστιθέασι
774 2307 973 2378 λύμην·
1016 2308 1247 2361 ἐνταῦθα
1276 2309 1352 2372 δὲ,
1385 2310 1489 2363 κᾶν
1531 2311 1627 2383 ἔχῃ
1668 2329 1720 2365 τι
1761 2313 2061 2383 τοιοῦτονή

384 2385 551 2456 ψυχὴ,
594 2387 909 2441 ἀποτίθεται
938 2388 1160 2451 εὐθέως.
1209 2389 1320 2457 Οὐχ
1357 2392 1388 2459 ή
1437 2390 1588 2460 φωνὴ
1632 2391 1688 2443 δὲ
1734 2392 1914 2461 μόνον,
1947 2393 2067 2446 οὐδὲ

385 2467 421 2535 ὴ
455 2465 597 2533 δψις,
620 2465 756 2520 ἀλλὰ
788 2470 884 2521 καὶ
910 2470 978 2522 τὰ
1011 2468 1201 2536 ίμὰτια
1235 2468 1431 2538 μᾶλλον
1463 2469 1669 2522 τούτων
1698 2470 1916 2541 θορυϐεῖ
1943 2475 2067 2535 τούς

386 2546 648 2615 ὁρῶντας.
683 2547 803 2601 Κᾶν
836 2549 1003 2619 πένης
1103 2566 1188 2611 τις
1218 2549 1326 2600 τῶν
1364 2548 1686 2619 παχυτέρων
1734 2551 1828 2603 καὶ
1861 2552 2068 2624 ἠμελη-

393 2628 590 2693 μένων,
616 2625 723 2678 ἀπὸ
745 2627 844 2696 τῆς
867 2627 1099 2696 θεωρίας
1126 2629 1294 2697 μυρία
1318 2628 1757 2698 ἀποδυσπετήσει
1787 2631 2066 2699 πολλάκις,

390 2706 488 2785 καὶ
527 2704 664 2776 πρὸς
696 2706 888 2785 ἑαυτὸν
917 2709 1050 2777 ἐρεῖ,
1083 2708 1166 2759 ὅτι
1199 2707 1283 2758 Ἦ.
1302 2707 1401 2776 μὲν
1441 2707 1613 2778 πόρνη
1656 2710 1754 2761 καί
1782 2713 1809 2763 6
1841 2714 2072 2785 ἡταιρη-

392 2784 525 2846 κὼς,
565 2784 842 2854 μαγείρων
870 2785 1036 2837 τέκνα
1067 2785 1161 2837 καὶ
1196 2785 1568 2855 σκυτοτόμων,
1602 2789 1861 2853 πολλάκις
1894 2793 1951 2845 δὲ
1978 2794 2072 2847 καὶ

392 2865 640 2927 οἰκετῶν,
670 2866 725 2916 ἐν
755 2864 993 2934 τοσαύτῃ
1036 2863 1170 2928 ζῶσι
1203 2868 1403 2937 τρυφῇ’
1439 2864 1550 2932 ἐγὼ
1582 2866 1638 2920 δὲ
1669 2868 1955 2938 ἐλεύθερος
1978 2876 2072 2923 καὶ

395 2943 457 3008 ἐξ
484 2942 804 3014 ἐλευθέρων,
853 2944 1097 3005 δικαίους
1138 2944 1332 3006 πόνους
1382 2944 1728 3015 αἱρούμενος,
1772 2948 1894 3000 οὐδὲ
1936 2950 2069 3022 ὄναρ

393 3024 566 3076 ταῦτα
600 3023 971 3094 φαντασθῆναι
1002 3022 1256 3091 δύναμαιο
1309 3025 1403 3076 καὶ
1446 3023 1618 3088 οὕτως
1652 3026 1992 3098 ἐμπρησθεὶς
2019 3031 2065 3062 ⁸ο

397 3103 504 3156 ὑπὸ
530 3104 629 3173 τῆς
657 3104 895 3174 ἀθυμίας
942 3104 1179 3158 ἄπεισιν.
1219 3104 1341 3156 Ἐπὶ
1387 3104 1442 3157 δὲ
1490 3105 1600 3157 τῶν
1636 3108 1886 3177 μοναχῶν
1918 3110 2070 3163 οὐδὲν

397 3184 658 3248 τοιοῦτον,
685 3183 821 3237 ἀλλά
850 3186 945 3238 καὶ
972 3184 1278 3237 τούναντίον
1296 3184 1461 3237 ἁπαν.
1490 3185 1659 3238 ’Ὀταν
1678 3187 1784 3258 γὰρ
1811 3188 1893 3261 ἴδῃ
1917 3190 2075 3244 πλου-

402 3265 532 3317 σίων
565 3264 758 3327 παῖδας
792 3265 888 3317 καὶ
918 3264 1199 3334 προγόνων
1228 3263 1544 3333 περιφανῶν
1589 3265 1846 3333 ἐκγόνους
1892 3268 1937 3298 ⁸¹
1963 3285 2075 3322 τοι·

400 3343 542 3397 αῦτα
572 3342 979 3413 ἠμφιεσμένους
1016 3343 1228 3413 ἱμάτια,
1261 3336 1347 3394 οἷα
1368 3342 1490 3395 οὐδὲ
1517 3344 1566 3395 οί
1592 3344 1811 3415 ἔσχατοι
1834 3347 1945 3398 τῶν
1978 3367 2076 3401 πε-

402 3424 601 3493 νήτων,
621 3423 713 3475 καὶ
744 3424 836 3476 ἐπί
860 3424 1033 3493 τούτῳ
1056 3423 1363 3492 χαίροντας,
1395 3423 1681 3492 ἐννοήσατε
1707 3425 1751 3455 ’⁵³
1779 3424 1952 3496 πόσην
1979 3429 2077 3497 τῆς

404 3502 595 3565 πενίας
627 3502 977 3572 παραμυθίαν
1009 3501 1298 3571 δεξάμενος
1332 3501 1538 3581 ἀπεισι.
1590 3502 1708 3556 Κᾶν
1746 3504 1999 3569 πλούσιος
2018 3503 2077 3581 ᾖ,

406 3582 799 3651 σωφρονισθείς
847 3582 1154 3652 ἀναχωρεῖ,
1210 3580 1433 3649 βελτίων
1472 3582 1780 3651 γενόμενος.
1817 3585 1987 3639 Πάλιν
2021 3580 2078 3639 ἑν

408 3660 509 3730 μὲν
536 3659 613 3730 τῷ
632 3660 841 3731 θεάτρῳ
864 3661 991 3713 ὃταν
1022 3661 1169 3714 ἴδωσι
1194 3662 1392 3731 χρυσία
1415 3663 1804 3734 περικειμένην
1830 3664 1928 3736 τὴν
1945 3665 2079 3734 πόρ-

407 3756 529 3809 νην,
558 3742 585 3792 ὁ
625 3739 724 3808 μὲν
751 3741 919 3810 πένης
946 3740 1237 3808 οἰμώξεται
1281 3740 1376 3793 καὶ
1410 3740 1668 3811 θρηνήσει
1692 3782 1707 3809 ,
1741 3743 1840 3814 τὴν
1888 3744 2081 3797 ἑαυτοῦ

408 3822 642 3887 γυναῖκα
676 3820 826 3872 οὐδὲν
879 3818 1119 3873 τοιοῦτον
1164 3819 1388 3888 ἔχουσαν
1452 3820 1697 3889 βλέπων’
1741 3821 1893 3895 [676]
1939 3826 1989 3875 οἱ
2026 3824 2083 3878 δὲ

411 3898 763 3962 πλουτοῦντες
811 3898 1171 3970 ὐπερόψονται
1202 3900 1248 3932 ⁵³
1288 3900 1382 3952 καὶ
1426 3899 1810 3955 διαπτύσουσιν
1853 3903 1960 3957 ἀπὸ
1983 3905 2083 3974 τῆς

410 3977 541 4057 θέας
564 3978 770 4047 ταύτης
799 3978 897 4041 τὰς
939 3980 1291 4042 συνοικούσας
1323 3979 1525 4041 αὐτοῖς.
1562 3980 1733 4034 Ὅταν
1761 3981 1869 4054 γάρ
1909 3986 2003 4037 καὶ
2036 3986 2084 4018 ⁸⁸

413 4059 620 4128 σχῆμα,
650 4057 743 4110 καὶ
774 4058 1008 4129 βλέμμα,
1032 4060 1126 4112 καὶ
1155 4059 1359 4127 φωνὴν,
1384 4059 1475 4111 καὶ
1502 4058 1731 4129 βάδισιν,
1762 4062 1938 4116 πάντα
1964 4065 2083 4120 δια-

412 4138 761 4208 κεκλασμένα
795 4140 972 4209 ἐκείνη
1002 4141 1217 4211 παρέχῃ
1266 4142 1376 4202 τοῖς
1406 4139 1605 4210 ὁρῶσιν
1625 4183 1639 4206 ,
1680 4142 2086 4213 ἐμπρησθέντες

414 4222 756 4291 ἀναχωροῦσι
804 4223 852 4253 ⁵⁸
874 4262 887 4283 ,
922 4222 1015 4273 καὶ
1062 4220 1399 4291 αἰχμάλωτοι
1426 4220 1609 4273 λοιπὸν
1649 4223 1729 4285 είς
1758 4224 1855 4287 τὰς
1909 4226 2087 4291 οἰκίας

415 4300 753 4370 εἰσέρχονται
781 4300 878 4365 τὰς
904 4302 1131 4355 ἑαυτῶν.
1175 4300 1453 4353 Ἐντεῦθεν
1472 4302 1526 4353 αἱ
1564 4300 1749 4371 ὕϐρεις
1772 4305 1867 4355 καὶ
1888 4305 1941 4356 αί
1965 4307 2087 4359 ἁτιέ

421 4382 562 4453 μίαι,
595 4381 843 4435 ἐντεῦθεν
865 4384 920 4434 αἱ
954 4381 1261 4450 ἀπέχθειαι,
1297 4381 1346 4432 οί
1382 4380 1629 4449 πόλεμοι,
1674 4382 1724 4433 οί
1764 4382 1986 4436 θάνατοι
2036 4390 2087 4441 οί

418 4461 780 4532 καθημερινοί
805 4480 817 4491 ·
854 4461 1103 4513 ἐντεῦθεν
1134 4459 1363 4522 ἀϐίωτος
1389 4461 1499 4522 τοῖς
1531 4459 1747 4512 ἁλοῦσιν
1771 4463 1798 4513 ὁ
1825 4462 1958 4531 βίος,
1993 4468 2088 4520 καὶ

420 4543 453 4610 ἡ
483 4541 803 4595 συνοικοῦσα
851 4541 1033 4593 λοιπὸν
1061 4540 1249 4609 ἀηδὴς,
1284 4540 1378 4591 καὶ
1407 4539 1474 4591 τά
1508 4539 1692 4592 παιδία
1733 4542 1831 4611 οὐχ
1890 4545 2089 4614 ὁμοίως

421 4622 664 4685 ποθεινὰ,
688 4623 782 4674 καὶ
804 4620 981 4674 πάντα
1002 4623 1112 4674 ἀνω
1146 4623 1238 4674 καὶ
1271 4622 1422 4673 κάτω
1446 4618 1514 4671 τὰ
1532 4620 1630 4689 τῆς
1656 4620 1851 4683 οίκνίας,
1881 4625 1975 4676 καὶ
1996 4625 2087 4678 ὐπ’

420 4703 590 4772 αὐτῆς
611 4702 791 4756 λοιπὸν
820 4702 918 4772 τῆς
964 4704 1177 4766 ἀκτῖνος
1221 4699 1552 4773 ἐνοχλεῖσθαι
1589 4700 1755 4754 δοκεῖ.
1815 4703 1955 4756 Ἀλλ’
1989 4708 2088 4762 οὐκ

420 4784 530 4837 ἀπὸ
560 4783 669 4836 τῶν
698 4783 875 4854 χορῶν
906 4782 1110 4835 τούτων
1135 4782 1297 4852 ἀηδία
1323 4797 1405 4842 τις
1441 4779 1661 4851 τοιαύτη
1682 4797 1695 4810 ο
1732 4782 1845 4835 ἀλλ’
1877 4784 2083 4856 ἥμερον

423 4863 519 4918 καὶ⁹
548 4865 721 4934 πρᾶον
753 4863 962 4930 δέξεται
995 4862 1041 4894 ⁵⁸
1078 4864 1112 4931 ή
1144 4861 1278 4931 γυνὴ
1315 4860 1406 4912 τὸν
1441 4860 1610 4930 ἄνδρα
1630 4901 1644 4923 ,
1678 4860 1857 4931 πάσης
1898 4864 2089 4935 ἡδονῆς

423 4943 625 4996 ἀτόπου
653 4940 1091 5012 ἀπηλλαγμένον,
1121 4941 1213 4992 καὶ
1240 4938 1601 5008 εὐκολώτερον
1627 4939 1774 5009 αὐτῷ
1806 4944 2085 5012 χρήσεται,

422 5022 459 5092 ἢ
492 5022 598 5093 πρὸ
618 5021 826 5076 τούτου.
868 5019 1105 5074 Τοιαῦτα
1132 5021 1159 5072 6
1188 5019 1285 5089 μὲν
1314 5020 1473 5090 χορὸς
1498 5021 1703 5082 ἐκεῖνος
1726 5019 1897 5074 τίκτει
1919 5021 2085 5086 κακά,

1131 358 1186 412 S.
1223 358 1508 415 JO.\NNIS
1542 353 2394 413 CIIRYSOSTOMI‘ARCIHEI‘.
2440 357 2990 415 CONSTANTINOP.

3713 351 3814 407 θίθ

2147 463 2300 535 οὗτος
2334 473 2391 526 δὲ
2430 474 2646 542 ἀγαθὰ-
2687 478 2714 528 ό
2745 476 2843 545 μὲν
2892 474 3001 528 ἀπὸ
3050 474 3339 545 προϐάτων
3378 473 3577 537 λύκους
3628 476 3820 538 ποιῶν,

2144 545 2300 615 οὗτος
2318 553 2363 583 ³⁷
2385 553 2441 606 δὲ
2462 555 2570 607 ἀπὸ
2598 553 2776 607 λύκων
2799 554 3047 624 ἀρνειούς
3068 554 3455 624 ἐργαζόμενος.
3503 553 3641 605 Ἀλλ’
3669 552 3823 607 οὒπω

2146 632 2276 701 περὶ
2299 632 2399 701 τῆς
2428 633 2619 704 ἡδονῆς
2643 634 2794 689 οὐδὲν
2819 634 3027 689 οὐδέπω
3053 634 3100 664 ³⁸
3125 634 3263 704 τάχα
3292 635 3612 705 εἰρήκαμεν.
3636 635 3746 688 Καὶ
3770 634 3823 686 τί

2144 711 2341 777 γένοιτ’
2371 712 2437 766 ἂν
2476 715 2626 785 ἥδιον
2655 714 2747 768 τοῦ
2777 714 2852 785 μὴ
2886 712 3230 781 θορυϐεῖσθαι
3255 714 3389 784 μηδὲ
3418 713 3704 767 ὀδυνᾶσθαι
3725 715 3824 784 τὴν

2147 789 2404 859 διάνοιαν,
2443 795 2579 865 μηδὲ
2609 795 2836 867 ἀθυμεῖν
2860 796 2952 847 καὶ¹
2989 795 3194 848 στένειν
3219 810 3233 857 ;
3266 792 3411 864 Πλὴν
3440 792 3576 846 ἁλλά
3603 794 3699 845 καὶ
3724 812 3823 845 πε-

2150 872 2387 943 ραιτέρω
2413 873 2507 926 τὸν
2554 874 2711 943 λόγον
2768 875 3193 945 προαγάγωμεν,
3248 873 3342 926 καὶ
3403 872 3672 943 ἑκατέρας
3726 873 3826 940 τῆς

2148 949 2291 1020 ᾠδῆς
2322 952 2417 1005 καὶ
2466 955 2564 1025 τῆς
2608 953 2735 1017 θέας
2760 955 2805 985 ⁵⁹
2832 953 2930 1025 τὴν
2966 955 3263 1007 ἀπόλαυσιν
3318 950 3694 1022 ἐξετάσωμεν·
3731 955 3827 1005 καὶ

2150 1029 2394 1101 ὀψόμεθα
2424 1032 2524 1099 τὴν
2560 1033 2658 1104 μὲν
2691 1034 2881 1105 μέχρις
2912 1034 3154 1104 ἑσπέρας
3201 1033 3488 1103 μένουσαν,
3519 1031 3624 1095 ἓως
3668 1033 3733 1085 ἂν
3770 1033 3828 1083 ἑν

2150 1109 2229 1179 τῷ
2265 1109 2477 1182 θεάτρῳ
2504 1112 2802 1182 καθέζηται
2828 1115 2855 1166 6
2881 1112 3099 1183 θεατὴς,
3142 1113 3280 1183 μετά
3318 1112 3375 1164 δὲ
3404 1110 3576 1163 ταῦτα
3602 1111 3827 1181 κέντρου

2154 1190 2357 1254 παντὸς
2378 1190 2756 1261 χαλεπώτερον
2779 1190 3015 1245 ἀνιῶσαν
3049 1192 3247 1245 αὐτόν·
3287 1190 3522 1244 ἐνταῦθα
3557 1190 3615 1243 δὲ
3654 1191 3830 1259 διηνε-

2154 1270 2264 1333 κῶς
2285 1270 2704 1340 ἐνακμὰζουσαν
2729 1273 2849 1333 ταῖς
2872 1272 3071 1341 ψυχαῖς
3091 1270 3199 1323 τῶν
3219 1269 3561 1341 ἑωρακότων.
3589 1269 3700 1322 Καὶ
3725 1270 3831 1338 γάρ

2155 1348 2251 1402 καὶ
2280 1349 2389 1402 τῶν
2422 1349 2630 1422 ἀνδρῶν
2670 1350 2763 1405 τὸν
2790 1350 2980 1413 τύπον,
3013 1350 3105 1404 καὶ
3138 1350 3232 1403 τοῦ
3277 1350 3445 1403 τόπου
3482 1349 3545 1401 τὸ
3580 1349 3830 1419 τερπνὸν,

2157 1427 2254 1480 καὶ
2286 1427 2386 1497 τῆς
2407 1428 2686 1500 διαγωγῆς
2714 1430 2774 1483 τὸ
2807 1430 2999 1500 γλυκὺ,
3023 1432 3117 1483 καὶ
3143 1432 3242 1501 τῆς
3274 1430 3550 1492 πολιτείας
3569 1429 3628 1481 τὸ
3660 1428 3832 1480 καθα-

2159 1508 2272 1579 ρὸν,
2304 1508 2521 1579 καὶτῆς
2559 1510 2852 1581 καλλίστης
2882 1509 3025 1580 ᾠδῆς
3058 1510 3154 1563 καὶ
3179 1510 3560 1581 πνευματικῆς
3606 1509 3705 1581 τὴν
3742 1509 3836 1578 χὰ-

2161 1605 2266 1660 ριν,
2297 1586 2512 1659 έχουσιν
2565 1591 2779 1653 ἑαυτοῖς
2812 1590 2857 1621 “
2889 1590 3183 1653 διαπαντὸς
3238 1589 3571 1654 ἑνιζάνοντα.
3614 1590 3677 1641 Οἱ
3706 1589 3835 1655 γοῦν

2159 1671 2365 1724 τούτων
2393 1671 2756 1737 ἀπολαύοντες
2790 1672 3058 1743 διηνεκῶς
3099 1672 3207 1726 τῶν
3259 1671 3493 1742 λιμένων
3545 1670 3612 1734 ⁶¹,
3648 1669 3836 1738 ῶσπερ

2159 1751 2280 1805 τινά
2300 1751 2545 1821 χειμῶνα
2566 1750 2750 1805 λοιπὸν
2772 1752 3034 1821 φεύγουσι
3050 1751 3159 1805 τῶν
3180 1751 3391 1805 πολλῶν
3408 1751 3535 1814 τούς
3552 1748 3835 1821 θορύϐους.

2163 1832 2276 1884 Οὐκ
2305 1830 2520 1902 ᾄδοντες
2557 1831 2613 1885 δὲ
2651 1831 2810 1902 μόνον
2835 1832 2930 1885 καὶ
2962 1834 3004 1863 ⁸³
3035 1830 3355 1902 εὐχόμενοι,
3397 1828 3536 1884 ἀλλά
3579 1829 3676 1882 καὶ
3719 1829 3841 1888 ταῖς

2165 1910 2367 1981 βίϐλοις
2400 1911 2833 1982 προσηλωμένοι,
2881 1911 3111 1982 τερπνόν
3139 1929 3191 1963 τι
3249 1909 3433 1979 θέαμα
3484 1910 3597 1971 τοῖς
3643 1906 3840 1976 ὁρῶσίν

2163 1992 2321 2043 εἰσιν.
2357 1989 2605 2043 Ἐπειδὰν
2650 1990 2759 2059 γὰρ
2809 1989 2900 2042 τόν
2945 1989 3105 2061 χορὸν
3155 1990 3498 2053 διαλύσωσιν,
3544 1989 3573 2040 6
3621 1986 3718 2056 μὲν
3750 1985 3841 2038 τὸν

2175 2069 2404 2123 Ἡσαΐαν
2434 2069 2613 2122 λαϐὼν
2643 2069 2836 2139 ἐκείνῳ
2861 2069 3190 2138 διαλέγεται,
3220 2071 3247 2121 6
3276 2070 3331 2122 δὲ
3367 2071 3483 2132 τοῖς
3521 2066 3843 2126 ἀποστόλοις

2164 2153 2360 2223 ὁμιλεῖ,
2395 2152 2579 2223 ἑτερος
2628 2153 2696 2206 τὰ
2729 2156 2858 2225 παρ’
2894 2154 3094 2223 ἑτέρων
3149 2152 3453 2223 πονηθέντα
3502 2150 3702 2211 ἔπεισι,
3751 2146 3845 2199 καὶ

2167 2231 2446 2301 φιλοσοφεῖ
2467 2232 2594 2303 περὶ
2625 2234 2669 2264 ⁸³
2693 2232 2851 2295 Θεοῦ,
2874 2250 2939 2285 πε
2950 2234 3002 2303 pl
3027 2232 3181 2285 τοῦδε
3208 2230 3303 2284 τοῦ
3333 2230 3553 2293 παντὸς,
3585 2228 3716 2297 περὶ
3738 2225 3844 2278 τῶν

2166 2310 2476 2382 ὁρωμένων,
2499 2311 2628 2383 περὶ
2658 2312 2765 2363 τῶν
2788 2311 3058 2382 ἀοράτων,
3095 2312 3224 2382 περὶ
3252 2309 3551 2380 αίσθητῶν,
3582 2308 3709 2377 περὶ
3728 2322 3846 2371 νοη-

2166 2392 2296 2456 τῶν,
2332 2391 2575 2462 περὶτῆς
2608 2390 2879 2455 εὐτελείας
2900 2390 3090 2445 τούτου
3118 2390 3211 2444 τοῦ
3240 2391 3355 2462 βίου
3386 2390 3452 2456 ⁸⁵,
3481 2389 3609 2460 περὶ
3633 2388 3731 2458 τῆς
3752 2385 3844 2439 τοῦ

2172 2472 2454 2543 μέλλοντος
2491 2471 2902 2542 μεγαλειότητος
2935 2472 3002 2523 ⁸³.

2239 2549 2299 2604 ε’.
2328 2552 2436 2604 Καὶ
2464 2550 2754 2621 τρέφονται
2784 2551 2991 2621 τροφὴν
3023 2550 3271 2621 ἀρίστην,
3306 2548 3368 2601 οὐ
3399 2548 3609 2619 σάρκας
3638 2543 3848 2611 ἀλόγων

2171 2628 2448 2699 ἑψημένας
2475 2630 2923 2701 παρατιθέμενοι,
2947 2629 3084 2684 ἀλλά
3104 2629 3258 2699 λόγια
3279 2628 3414 2683 Θεοῦ
3441 2628 3581 2697 ὑπὲρ
3611 2625 3731 2696 μέλι
3754 2623 3849 2677 καὶ

2171 2711 2383 2782 κηρίον,
2412 2709 2532 2780 μέλι
2558 2709 2883 2780 θαυμάσιον,
2920 2710 3013 2762 καὶ¹
3032 2708 3210 2778 πολλῷ
3237 2712 3483 2780 κρεῖττον
3518 2707 3552 2778 ἢ
3584 2703 3727 2759 κατά
3750 2704 3848 2773 τὴν

2172 2790 2380 2862 ἔρημον
2417 2791 2445 2843 6
2500 2790 2754 2860 Ἰωάννης
2798 2790 2860 2842 τὸ
2898 2788 3127 2842 παλαιὸν
3175 2790 3424 2843 ἐσιτεῖτο.
3464 2787 3538 2840 Τὸ
3589 2785 3699 2855 γὰρ
3730 2783 3851 2854 μέλι

2172 2871 2331 2925 τοῦτο
2355 2871 2417 2923 οὐ
2453 2869 2698 2940 μέλιτταί
2728 2887 2873 2933 τινες
2899 2869 3093 2942 ἄγριαι
3112 2872 3225 2934 τοῖς
3257 2869 3474 2924 ἄνθεσιν
3500 2866 3852 2936 ἐφιζάνουσαι

2180 2949 2568 3017 συλλέγουσιν,
2618 2948 2740 3002 οὐδὲ
2776 2949 2968 3019 δρόσον
3024 2950 3389 3003 πεπαίνουσαι
3438 2950 3552 3011 τοῖς
3603 2944 3853 3015 σίμϐλοις

2176 3032 2383 3084 ἐνιᾶσιν
2404 3046 2419 3060 ο
2454 3027 2570 3082 ἀλλ’
2603 3029 2637 3099 ή
2669 3026 2764 3081 τοῦ
2796 3029 3116 3100 Πνεύματος
3148 3026 3636 3090 κατασκευάζουσα
3670 3023 3853 3095 χάρις,

2173 3108 2294 3163 ἀντὶ
2326 3107 2539 3178 κηρίων
2566 3107 2662 3161 καὶ
2686 3107 2932 3179 σίμϐλων
2956 3110 3052 3163 καὶ
3088 3108 3363 3180 συρίγγων
3388 3109 3510 3171 ταῖς
3536 3105 3645 3159 τῶν
3683 3106 3854 3172 ἁγίων

2174 3186 2551 3241 ἐναποτίθεται
2600 3186 2835 3258 ψυχαῖς,
2863 3186 3005 3242 ὥστε
3052 3182 3193 3242 εἶναι
3238 3186 3316 3259 τῷ
3364 3185 3673 3257 βουλομένῳ
3718 3184 3855 3254 μετά

2175 3266 2361 3329 ἀδείας
2400 3266 2606 3320 ἐσθίειν
2642 3266 2931 3336 διηνεκῶς.
2977 3267 3194 3331 Ταύτας
3223 3267 3287 3337 δὴ
3323 3264 3417 3321 οῦν
3450 3266 3549 3330 τὰς
3601 3264 3854 3335 μελίττας

2177 3349 2273 3403 καὶ
2305 3348 2462 3401 αὐτοὶ
2512 3346 2861 3417 μιμούμενοι,
2898 3350 3287 3419 περιῖπτανται
3330 3350 3445 3411 τοῖς
3494 3347 3709 3416 κηρίοις
3745 3344 3855 3397 τῶν

2178 3427 2350 3495 ἁγίων
2379 3425 2622 3496 βιϐλίων,
2653 3425 2855 3496 πολλὴν
2880 3425 3132 3479 ἐντεῦθεν
3161 3426 3485 3498 δρεπόμενοι
3509 3425 3608 3495 τὴν
3638 3424 3854 3494 ἡδονήν.

2178 3507 2289 3561 Καὶ
2322 3508 2371 3559 εί
2401 3504 2579 3576 βούλει
2617 3504 2817 3575 μαθεῖν’
2832 3507 2932 3576 τὴν
2960 3506 3242 3575 τράπεζαν
3268 3507 3368 3578 τὴν
3402 3505 3649 3569 ἐκείνων,
3687 3504 3856 3571 ἐγγὺς

2180 3584 2373 3655 γενοῦ,
2422 3586 2518 3640 καὶ
2563 3585 2684 3654 ὕψει
2736 3585 2962 3639 τοιαῦτα
3014 3586 3407 3657 ἐρευγομένους
3454 3583 3603 3657 [677]
3634 3583 3853 3646 αὐτοὺς,

2182 3666 2429 3737 προσηνῆ
2479 3664 2658 3719 πάντα
2698 3665 2794 3717 καὶ
2823 3665 2951 3734 ἡδέα
2973 3704 2987 3727 ,
3032 3666 3127 3719 καὶ
3166 3666 3395 3729 εὐωδίας
3424 3666 3663 3735 γέμοντα
3690 3680 3856 3715 πνευ-

2186 3745 2443 3816 ματικῆς.
2478 3744 2644 3798 Οὐδὲν
2675 3744 2899 3815 αἰσχρὸν
2946 3745 3130 3798 ἐκεῖνα
3162 3744 3232 3797 τὰ
3276 3746 3519 3815 στόματα
3550 3743 3856 3810 ἐξενεγκεῖν

2183 3826 2410 3879 δύναται
2455 3825 2628 3894 ρῆμα,
2672 3823 2825 3876 οὐδὲν
2869 3824 3239 3894 εὐτράπελον,
3273 3825 3426 3878 οὐδὲν
3468 3823 3677 3894 τραχὺ.
3720 3820 3858 3874 ἀλλά

2185 3907 2363 3959 πάντα
2393 3905 2501 3958 τῶν
2527 3903 2772 3977 οὐρανῶν
2800 3904 2927 3970 ἀξια
2946 3945 2959 3958 .
2991 3904 3106 3957 Οὐκ
3137 3904 3202 3957 ἄν
3230 3922 3313 3967 τις
3353 3903 3589 3974 ἁμάρτοι
3612 3945 3625 3965 ,
3656 3900 3726 3953 τὰ
3758 3899 3858 3970 μὲν

2188 3987 2433 4055 στόματα
2463 3983 2571 4037 τῶν
2616 3983 2825 4037 πολλῶν
2866 3984 2975 4037 τῶν
3020 3985 3080 4037 ἐν
3130 3984 3356 4053 ἀγοραῖς
3409 3984 3719 4053 συρομένων
3761 3979 3858 4033 καὶ

2188 4068 2324 4137 πρὸς
2367 4065 2437 4118 τά
2482 4063 2712 4135 βιωτικά
2759 4063 3120 4130 λυσσώντων,
3157 4064 3416 4134 βορϐόρου
3460 4064 3609 4127 τινὸς
3650 4063 3858 4131 ὀχετοῖς

2188 4144 2574 4217 παραϐάλλων,
2606 4141 2674 4195 τά
2706 4142 2763 4196 δὲ
2800 4142 3026 4206 τούτων,
3068 4146 3273 4215 πηγαῖς
3316 4143 3438 4214 μέλι
3471 4142 3722 4212 ῥεούσαις
3763 4141 3860 4193 καὶ

2188 4227 2406 4297 νάματα
2456 4223 2819 4295 προχεούσαις
2852 4222 3090 4294 καθαρά.
3146 4224 3211 4277 Εί
3251 4225 3308 4277 δέ
3350 4241 3433 4287 τις
3461 4224 3855 4293 ἐδυσχέρανεν,

2189 4309 2270 4361 ὅτι
2299 4306 2368 4360 τὰ
2395 4306 2501 4359 τῶν
2526 4304 2735 4358 πολλῶν
2768 4304 2812 4335 ⁸⁸
2843 4303 3104 4374 βορϐόρου
3130 4305 3274 4369 τινὸς
3297 4306 3592 4375 προσεῖπον
3614 4304 3857 4373 ὀχετοὺς,

2191 4390 2322 4441 ἵστω
2352 4387 2433 4439 ὅτι
2474 4385 2679 4457 σφόδρα
2720 4384 3036 4453 φειδόμενος
3069 4381 3245 4440 εἷπον.
3279 4386 3344 4437 Ἠ
3369 4384 3476 4456 γάρ
3505 4383 3696 4454 Γραφὴ
3735 4382 3858 4433 οὐδὲ

2188 4467 2363 4538 τούτῳ
2397 4466 2661 4536 κέχρηται
2696 4464 2775 4533 τῷ
2812 4464 3028 4534 μέτρῳ,
3065 4465 3181 4519 ἀλλ’
3208 4465 3379 4536 ἑτέρῳ
3422 4463 3601 4534 πολλῷ
3633 4462 3862 4533 σφοδρο-

2190 4547 2334 4618 τέρῳ
2367 4545 2788 4616 παραδείγματι.
2836 4544 2941 4609 Ἰὸς
2968 4544 3097 4613 γὰρ,
3130 4546 3318 4614 φησὶν,
3348 4542 3622 4598 ἀσπίδων
3640 4541 3759 4597 ὑπὸ
3786 4543 3861 4594 τὰ

2192 4628 2363 4695 χείλη
2386 4623 2605 4685 αὐτῶν,
2626 4623 2722 4676 καί
2744 4622 2933 4691 τάφος
2953 4623 3326 4693 ἀνεῳγμένος
3341 4626 3374 4677 ό
3392 4622 3624 4691 λάρυγξ
3638 4619 3857 4675 αὐτῶν.

2207 4706 2343 4759 Ἀλλ’
2368 4705 2427 4759 οὐ
2453 4704 2520 4757 τά
2544 4704 2765 4755 ἐκείνων
2786 4701 3030 4767 τοιαῦτα,
3064 4702 3177 4757 ἀλλ’
3200 4702 3425 4765 εὐωδίας
3445 4701 3604 4772 γέμει
3637 4700 3857 4770 πολλῆς.

2196 4787 2308 4839 Καὶ
2353 4785 2423 4837 τά
2472 4783 2571 4852 μὲν
2620 4779 2853 4835 ἐνταῦθα
2906 4781 3157 4835 τοιαῦτα·
3185 4781 3256 4835 τά
3298 4781 3355 4834 δὲ
3395 4781 3513 4833 ἐκεῖ
3545 4781 3697 4843 ποῖος
3727 4780 3862 4848 ἡμῖν

2197 4862 2539 4934 παραστήσει
2566 4859 2751 4927 λόγος;
2775 4861 2903 4912 ποία
2931 4862 3172 4931 ἑννοήσει
3192 4860 3431 4924 διάνοια;
3462 4859 3560 4932 τὴν
3585 4856 3737 4927 λῆξιν
3763 4856 3862 4925 τὴν

2195 4941 2516 5009 ἀγγελικὴν.
2565 4938 2663 5009 τὴν
2704 4939 3081 5009 μακαριότητα
3114 4939 3212 5010 τήν
3243 4939 3555 5009 ἄφραστον,
3590 4938 3661 4991 τὰ
3692 4938 3863 5009 ἀπόῤ.

2198 5023 2336 5091 ρητα
2360 5019 2404 5051 ⁸⁷
2431 5016 2643 5085 ἀγαθά;
2673 5016 2824 5086 Τάχα
2854 5016 3037 5069 πολλοὶ
3063 5016 3484 5090 διεθερμάνθητε
3516 5018 3634 5083 νῦν,
3662 5019 3756 5071 καὶ
3783 5019 3863 5081 είς

498 5131 545 5163 ⁸⁸
581 5131 672 5183 τόν
697 5146 807 5186 om.
830 5130 894 5183 Κ.
922 5130 1109 5183 τοῦτον
1132 5129 1294 5181 αὐτὸν
1315 5128 1429 5198 τὸν]
1473 5128 1677 5181 τούτων
1699 5130 1875 5182 αὐτῶν
1908 5131 2000 5183 τόν
2034 5133 2067 5185 Ν

2211 5129 2416 5183 τούτων
2462 5127 2641 5198 αὐτῶν
2668 5126 2731 5181 G.
2765 5127 2840 5198 Μ.
2874 5127 2999 5183 Sav.
3048 5126 3177 5198 Ben.
3218 5128 3309 5183 sed
3340 5144 3392 5197 p.
3435 5144 3488 5198 p.
3522 5126 3726 5181 τούτων
3747 5143 3857 5184 om.

430 5200 559 5255 δον.
607 5200 738 5256 Ben.

840 5202 885 5233 ⁸⁵
927 5198 1312 5273 ῥᾳθυμούντων
1342 5195 1423 5253 Ιλ.
1484 5198 1529 5273 ξθ
1573 5219 1591 5251 ι
1624 5201 1718 5253 καὶ
1750 5202 1964 5273 ’χοίρων
1994 5202 2067 5256 (Ιοι

2179 5205 2230 5254 in
2276 5200 2411 5273 Mqr.
2441 5219 2459 5250 ι
2499 5197 2575 5269 [ει
2620 5197 2775 5273 Say.]
2820 5197 3045 5273 Μοηιρῖ.
3078 5197 3242 5254 Deest
3264 5195 3527 5273 {aliam—in
3558 5198 3858 5273 codicibus,

430 5280 702 5342 ιιιιοιῳιοι
732 5273 860 5327 mihi
887 5269 1083 5342 ρεαιειο
1110 5270 1331 5342 fugerunt
1357 5285 1370 5331 ;
1415 5270 1808 5342 sed_agnoscil,
1837 5269 2067 5325 alterum

2172 5273 2200 5324 μὶ
2230 5269 2407 5323 κυνῶν
2435 5269 2918 5342 przglermillcnﬁo,
2966 5269 3165 5342 ιῃιοςρ.

431 5342 497 5398 G.
522 5338 600 5397 ΜΣ
623 5342 857 5411 defossos
888 5338 984 5398 Ge.
1048 5342 1105 5413 ξε
1143 5339 1414 5413 Πιεοᾲτοῖς-
1434 5340 1564 5413 1:16.
1584 5338 1658 5413 ίσ.
1690 5342 2005 5413 κεχρημένη
2035 5359 2064 5397 n

2183 5343 2387 5413 habent
2422 5340 2497 5413 G_._
2518 5338 2586 5413 M_.
2663 5339 2715 5413 ‘9_
2748 5338 3155 5413 coitpv_G._M.
3192 5338 3597 5413 M_0x__7:ar.eqlq_dg

3265 5270 3307 5301 ⁸⁵⁷
3352 5270 3861 5394 κατορωρυγᾶιένων

3265 5357 3314 5394 )x
3351 5357 3667 5410 πειρασωμε
3707 5358 3741 5393 α
3792 5341 3857 5396 h.

432 5412 495 5468 L.
595 5413 643 5484 ξ’
675 5408 1219 5484 ἐμπλησθείς-βη-δί
1256 5410 1439 5484 Sic_G.
1474 5410 1535 5465 L.
1572 5411 1731 5484 vulgo
1758 5408 2018 5484 ἐγγόνους

2172 5408 2522 5484 ἐννόησον
2556 5409 2823 5484 πόσην
2848 5408 2969 5481 τῆς]
3003 5409 3177 5484 πόσης
3209 5411 3273 5464 G.
3314 5410 3383 5465 Μ.
3429 5408 3757 5484 χυ-όψονται
3791 5411 3857 5466 G.

432 5485 503 5541 Μ.
580 5483 628 5515 ⁵⁵
655 5480 749 5537 καί
772 5480 883 5539 oni.
906 5481 971 5537 G.
1006 5481 1076 5535 M.
1115 5480 1242 5552 Mox_
1278 5482 1371 5535 γαί
1410 5491 1537 5536 ante
1578 5480 1755 5552 πάντα
1794 5483 1964 5537 delevi
1992 5498 2057 5537 cu

2172 5483 2215 5538 Ξ.
2249 5481 2311 5534 Η.
2344 5480 2509 5552 ΚκΜ.
2562 5480 2763 5552 ίδδγκαὶ
2791 5480 2963 5551 ὲμπρ.
2991 5480 3387 5552 ἀναχωρήσωσι
3508 5480 3578 5534 Μ.
3614 5482 3708 5535 καί
3736 5490 3861 5536 ante

433 5553 769 5625 αἰχμάλωτοι
799 5571 910 5625 οη),
1085 5552 1137 5625 ’ᾗ
1170 5550 1380 5625 δέξαιτο
1636 5550 1739 5625 M._
1786 5553 1829 5583 ⁸⁷
1868 5553 2057 5625 αὐτόςί

2181 5552 2247 5607 Η.
2281 5552 2346 5607 Κ.
2383 5550 2489 5625 Mx
2530 5551 2591 5625 εξ
2608 5549 2832 5625 οὐδέπω
2855 5549 3060 5625 υιὶιηις.
3093 5549 3155 5602 ι..
3183 5549 3193 5552 ’
3229 5549 3466 5625 ⁵⁸Πθέικ]
3490 5553 3612 5625 add.
3654 5552 3861 5625 ταύτης

436 5572 527 5625 αιχ
574 5572 769 5608 αΛωτοι
799 5572 910 5610 om.
943 5572 1011 5607 υ.
1085 5572 1133 5585 ὐ
1170 5572 1380 5619 οεςαιτο
1416 5572 1481 5605 υ.
1535 5572 1596 5606 n.
1636 5572 1709 5605 ιιι.
1786 5572 1823 5583 υ·
1868 5572 2025 5615 αυτος

436 5625 501 5679 G.
641 5624 713 5679 cf.
744 5640 797 5694 p.
830 5624 936 5680 675
1064 5693 1075 5694 7
1099 5623 1378 5694 ⁸(ξὲαυτοῖς
1424 5624 1492 5694 ἐν
1510 5624 1693 5685 αὐτοῖς
1718 5620 1977 5694 L._cm}eri
2002 5624 2067 5676 αὐ

2182 5572 2247 5607 Π.
2281 5572 2346 5607 n.
2383 5572 2453 5603 Μ.
2530 5572 2576 5583 “’“’
2608 5572 2821 5603 ουοεπω
2855 5572 2965 5604 υΙΙΙ.
2998 5572 3060 5604 Ἀ.
3093 5572 3155 5602 ιλ.
3229 5572 3274 5584 ν’
3315 5572 3466 5624 υεας]
3490 5572 3612 5606 300.
3654 5572 3860 5621 ταυτης

2172 5642 2183 5687 ς
2220 5628 2277 5676 ἐν
2309 5623 2519 5694 ἑαυτοῖς
2553 5620 2688 5675 Edd.
2723 5636 2773 5689 p.
2807 5637 2857 5689 p.
2888 5621 3235 5694 ἐνιζάνρυσαν
3266 5620 3329 5675 Κ.
3369 5621 3465 5694 Ιιη
3506 5623 3549 5653 ⁶¹
3581 5621 3860 5694 λειμώνων

438 5694 506 5778 ῌ.
532 5696 620 5778 1....
671 5695 715 5726 ⁶¹
744 5692 863 5767 καὶ]
886 5693 1100 5778 οὐδέαΚ.
1130 5693 1194 5747 L.
1254 5693 1317 5775 .“
1343 5692 1494 5778 περὶ]
1527 5692 1737 5778 δὲ-,περί
1767 5692 1831 5747 G.
1869 5692 2223 5778 Μκπερὶσῶχ
2251 5693 2592 5778 ὁρωημένωνεὶ
2628 5730 2643 5743 .
2675 5732 2690 5747 .

1435 5780 1459 5817 e
1487 5763 1816 5828 'visibilibus,
1845 5764 1908 5816 de
1948 5763 2302 5817 invisibilibus
2345 5764 2440 5817 Ge.

437 5768 756 5846 ὁρωμένων,
774 5762 935 5846 ἢπερ).
966 5765 1075 5845 τῶν
1113 5762 1340 5846 νοητῶν.

2728 5730 2741 5743 .
2789 5690 3021 5771 νοητῶν]
3055 5690 3313 5771 βίΞΕιξιῖ.
3350 5693 3568 5771 ροιιίςοε
3753 5693 3862 5771 τῶν

2578 5733 2592 5746 .
2628 5730 2643 5743 .
2675 5732 2690 5747 .
2728 5730 2741 5743 .
2789 5689 3021 5883 νοητῶνέ
3055 5690 3145 5744 Sic
3178 5692 3313 5746 Edd.
3350 5693 3568 5747 codices
3592 5689 3718 5761 περὶ
3753 5693 3856 5746 τῶν

2545 5761 2592 5792 ⁸⁸
2628 5760 2819 5813 τούτου
2858 5760 2949 5813 τοῦ
3027 5762 3065 5829 ,1
3104 5762 3194 5816 Sic.
3235 5762 3296 5816 L.
3334 5763 3426 5815 τοῦ
3464 5763 3514 5831 β.
3567 5763 3755 5815 τούτου
3789 5761 3856 5815 Η.

2545 5830 2601 5883 ιι.
2635 5831 2734 5883 Ge.
2810 5831 2855 5861 “
2891 5831 2989 5883 πολ
3024 5831 3119 5883 ῶνΙ
3152 5833 3276 5883 add.
3308 5834 3550 5883 στόματα
3578 5832 3708 5883 Edd.
3735 5834 3856 5883 όγε-

438 5830 907 5906 (εὲιξιὸτί-τοῦίβίοιὶ,
950 5836 1040 5906 τοῦ
1072 5830 1337 5906 παρόντος
1364 5834 1479 5903 βίου
1507 5835 1643 5889 Edd.
1685 5903 1693 5906 Α
1721 5834 1765 5864 ⁵⁵
1801 5835 2067 5905 μακαριότ

2172 5833 2295 5906 ς
2330 5834 2392 5887 ll.
2533 5830 2610 5906 Μἒ
2635 5831 2734 5906 Ge.
2891 5830 3119 5906 πολλῶν]
3146 5833 3276 5906 _ad_d.
3308 5830 3560 5906 στόματα
3578 5832 3708 5906 ΕιΙιι.
3732 5834 3857 5906 όχε-
3890 5856 3891 5861 η

437 5904 590 5975 τούςι
618 5904 711 5959 Sic
740 5904 807 5959 Κ.
830 5906 892 5959 L.
921 5905 993 5959 M.
1026 5904 1184 5975 vulgo
1210 5905 1433 5974 ὀχετοῖς.
1470 5904 1717 5959 Correin
1747 5918 1778 5957 ο
1800 5904 1967 5958 codd;

444 5973 705 6044 Bcn._1:‘hv
740 5977 1181 6042 μακαριωτάτην,
1205 5977 1271 6028 τά
1295 5975 1548 6043 ἀφραστα
1570 5975 1662 6028 καὶ
1694 5973 1789 6026 ἀπ.
1824 5973 1889 6028 G.
1924 5973 1992 6029 M.

793 5944 807 5959 .
830 5906 892 5959 L.
921 5905 993 5959 M.
1026 5902 1184 5975 vulgi)
1210 5902 1433 5974 ὀχετοῖς.
1470 5903 1717 5975 (Σοιτοχίζ
1747 5918 1778 5957 c
1800 5902 1971 5975 θρίω-ξ
2008 5902 2108 5961 sud
2144 5904 2330 5960 Editor
2416 5903 2548 5960 Ben.
2583 5902 2695 5955 2‘".

2802 5901 2845 5931 07
2876 5902 2975 5971 τὴν
3008 5919 3065 5971 μ,
3098 5901 3169 5955 τὰ
3198 5904 3448 5972 ᾶφραστα
3482 5905 3574 5956 καὶ
3602 5905 3699 5957 ἀπ.
3727 5904 3852 5957 Suv.
