4140 6376
354 397 461 455 M5

354 510 509 569 illum
551 496 891 562 meretricum
919 496 1201 554 mulierum
1237 492 1255 525 ι
1291 490 1632 563 exploremus
1655 528 1671 555 ,
1699 497 1799 541 nec
1825 498 1933 538 non

352 612 723 675 corruptorum
745 598 1022 670 juvenum,
1051 592 1141 662 qui
1167 596 1310 646 stant
1334 587 1387 641 in
1415 600 1573 641 scena
1594 625 1610 648 ,
1640 591 1693 636 et
1712 594 1933 673 compa-

354 670 535 755 remus
562 709 655 751 eos
673 707 794 749 cum
823 689 904 743 his
930 672 1099 743 beatis
1126 682 1254 738 viris
1284 690 1300 745 ‘,
1346 679 1485 750 quod
1511 674 1578 731 ad
1607 670 1930 742 voluptatem

359 776 625 864 pertinet:
649 801 751 858 qua
781 783 1055 863 voluptate
1082 777 1364 861 capiuntur
1411 769 1561 851 multi
1607 768 1831 851 juvenes
1868 756 1936 819 ex
1980 799 1987 806 -

357 852 828 955 itegligentioribns
854 916 871 942 ,
912 852 1128 929 illorum
1195 852 1418 952 artibus.
1446 860 1657 918 irretiti.
1708 858 1935 914 Tantum

357 978 499 1034 enim
530 974 669 1029 inter
692 979 948 1036 utrosque
973 962 1262 1019 discrimen
1284 956 1612 1027 reperiemus
1636 994 1650 1017 ,
1677 958 1933 1036 quantum

358 1069 500 1125 inter
527 1064 746 1136 angelos
764 1062 819 1116 in
839 1060 972 1115 caalo
1001 1064 1255 1112 canentes
1278 1093 1295 1120 ,
1318 1060 1373 1107 et
1403 1061 1619 1105 suavem
1653 1044 1795 1127 illam
1822 1054 1937 1123 me-

363 1160 561 1216 lodiam
587 1134 895 1212 emittentes
919 1191 935 1216 ,
963 1156 1019 1205 et
1041 1160 1204 1202 canes
1249 1155 1545 1215 porcosqne
1585 1139 1636 1192 in
1667 1138 1791 1191 fimo
1818 1134 1939 1188 ulu-

358 1256 527 1311 lantes
550 1260 605 1306 et
626 1246 987 1321 grunnientes.
1015 1242 1119 1297 Per
1146 1225 1338 1293 borum
1362 1234 1505 1291 enim
1530 1247 1623 1295 ora
1640 1229 1914 1291 Christus,

360 1360 458 1416 per
483 1319 692 1399 illorum
725 1339 955 1408 linguam
982 1331 1223 1389 diabolus
1247 1327 1501 1399 loquitur.
1529 1323 1699 1379 Tibize
1730 1320 1837 1376 illis
1857 1319 1944 1416 in-

361 1410 574 1493 condita
601 1448 732 1488 voce
765 1436 1002 1492 sonant,
1049 1421 1503 1494 injucundumque
1538 1421 1812 1485 aspectum
1857 1410 1939 1464 in-

363 1528 502 1584 flatae
538 1539 689 1597 genre
727 1531 782 1577 et
813 1516 1057 1575 distracti
1100 1514 1247 1570 nervi
1291 1510 1532 1567 efficiunt
1571 1526 1585 1562 :
1618 1520 1804 1561 verum
1854 1502 1943 1557 hic

362 1621 529 1693 gratia
549 1595 791 1687 Spiritus
822 1613 1050 1672 insonat,
1080 1622 1178 1676 pro
1200 1604 1322 1660 tibia
1346 1645 1361 1669 ,
1393 1600 1594 1656 cithara
1625 1606 1680 1653 et
1707 1595 1940 1667 syringe,

365 1690 666 1768 sanctorum
685 1704 899 1760 VncihUs
923 1716 1038 1755 usa.
1068 1699 1179 1753 lmo
1200 1693 1530 1773 quantalibet
1548 1690 1809 1753 dicamus,
1836 1700 1941 1738 non

366 1816 646 1875 possumus
672 1799 815 1854 illam
837 1794 1159 1863 voluptatem
1187 1786 1490 1844 describere
1514 1781 1813 1838 hominibus
1833 1778 1945 1833 luto

372 1872 429 1952 et
459 1893 699 1950 lateritio
741 1890 889 1961 Operi
934 1886 1177 1940 addictis.
1221 1881 1397 1949 Quare
1427 1878 1615 1961 vellem
1642 1872 1943 1946 quempiam

368 2004 435 2045 ex
466 1958 843 2042 insanientium
875 1979 1084 2033 illorum
1121 1988 1344 2029 numero
1386 1958 1511 2025 illuc
1543 1966 1809 2022 adducere
1835 2004 1852 2030 ,
1889 1970 1948 2018 ut

368 2084 591 2139 chorum
622 2079 770 2134 illum
815 2084 1119 2129 sanctorum
1149 2067 1355 2122 videret
1386 2106 1402 2128 ,
1436 2078 1606 2133 neque
1649 2060 1775 2114 mihi
1823 2068 1948 2111 tunc

371 2172 552 2228 verbis
572 2178 715 2225 esset
737 2181 892 2235 Opus.
915 2162 1177 2218 Caeterum
1202 2156 1302 2212 etsi
1343 2155 1514 2209 luteos
1540 2150 1783 2205 homines
1810 2148 1944 2201 allo-

372 2278 619 2337 quamur,
647 2270 702 2315 et
734 2276 798 2315 ex
826 2258 937 2311 luto
966 2255 1085 2309 illos
1122 2261 1177 2307 et
1203 2266 1269 2305 ex
1294 2263 1451 2304 coeno
1491 2244 1743 2317 paulatim
1781 2240 1951 2296 abdu-

370 2332 496 2414 cere
516 2353 851 2412 tentabimus.
872 2349 1020 2405 lllinc
1035 2346 1176 2402 enim
1195 2344 1317 2414 igne
1339 2338 1529 2409 impuri
1555 2334 1753 2392 amoris
1772 2332 1949 2389 statim

372 2450 732 2506 inflammatur
771 2440 1169 2497 auditorznam
1212 2434 1363 2506 quasi
1404 2446 1508 2486 non
1553 2429 1682 2483 satis
1717 2433 1861 2482 esset
1882 2423 1949 2513 ad

372 2541 607 2596 animum
633 2528 1064 2591 inflammandum
1095 2525 1390 2599 meretricis
1418 2529 1686 2591 aspectus,
1724 2533 1791 2572 ex
1818 2530 1951 2571 voce

375 2643 588 2702 quoque
617 2624 907 2697 perniciem
933 2604 1209 2690 adjiciunt.
1240 2615 1335 2669 Hic
1363 2623 1542 2666 autem
1566 2610 1609 2665 si
1633 2608 1759 2679 quid
1780 2607 1953 2661 simile

376 2719 612 2778 hauserit
649 2706 824 2772 anima
851 2756 867 2779 ,
899 2712 1079 2767 statim
1122 2707 1357 2779 deponit.
1386 2704 1568 2775 Neque
1605 2718 1707 2756 vox
1746 2709 1951 2755 tantum

376 2815 586 2870 illorum
614 2853 629 2876 ,
659 2808 752 2864 sed
784 2807 943 2861 etiam
983 2810 1251 2875 aspectus,
1299 2799 1409 2853 imo
1445 2796 1619 2869 etiam,
1641 2793 1954 2849 vestimenta

376 2894 1074 2977 spectatoresconturbant.
1099 2892 1155 2948 Si
1183 2904 1381 2961 pauper
1408 2876 1621 2957 quidam
1661 2883 1730 2937 sit
1762 2897 1827 2935 ex
1866 2896 1955 2935 ru-

377 2974 619 3053 dioribus
667 2974 1192 3060 ahjectioribusque,
1248 2980 1352 3035 hoc
1404 2975 1763 3050 spectaculum
1814 2985 1957 3041 saepe

378 3089 600 3145 moleste
623 3066 775 3147 feret,
805 3094 861 3138 et
879 3068 1015 3134 intra
1045 3093 1103 3133 se
1128 3074 1272 3131 dicet
1293 3092 1306 3126 :
1325 3070 1577 3127 Meretrix
1604 3068 1694 3124 illa
1723 3075 1778 3123 et
1808 3080 1957 3123 scor-

379 3189 539 3243 tator,
566 3176 837 3232 lanionum
858 3170 942 3226 vel
962 3181 1228 3233 sutorum,
1254 3177 1653 3233 nonnumquam
1680 3174 1955 3217 servorum

380 3272 475 3327 filii
503 3311 519 3335 ,
549 3270 601 3324 in
634 3276 777 3323 tanta
804 3265 995 3320 vivunt
1030 3263 1301 3332 voluptate
1326 3277 1339 3314 :
1370 3272 1471 3328 ego
1499 3270 1628 3313 vero
1650 3254 1785 3310 liber
1814 3261 1869 3308 et
1890 3267 1955 3308 ex

378 3363 559 3419 liberis
578 3370 745 3421 ortus.
765 3357 911 3427 justo
936 3355 1116 3410 labore
1136 3354 1330 3406 victum
1353 3363 1566 3420 parans,
1594 3362 1661 3402 ne
1688 3344 1961 3409 somnians

379 3453 593 3526 quidem
621 3452 690 3506 ita
721 3446 956 3504 deliciari
991 3460 1205 3515 possum
1229 3459 1244 3496 :
1264 3452 1318 3499 et
1332 3442 1411 3496 sic
1437 3453 1668 3495 maerore
1687 3435 1960 3494 confectus

381 3547 513 3601 abit.
545 3542 697 3614 Apud
728 3540 1019 3596 monachos
1049 3544 1227 3592 autem
1251 3534 1383 3601 nihil
1409 3532 1602 3601 simile,
1632 3529 1727 3586 sed
1751 3536 1962 3586 eontra-

381 3640 517 3696 rium
545 3636 785 3692 omnino.
814 3634 948 3689 Cum
974 3631 1115 3686 enim
1142 3630 1233 3685 ille
1258 3627 1454 3683 viderit
1492 3625 1714 3681 divitum
1742 3624 1884 3678 filios
1907 3631 1964 3678 et

382 3732 644 3803 majorum
674 3726 960 3797 insignium
991 3731 1214 3794 nepotes
1244 3722 1310 3775 iis
1338 3720 1559 3774 vestitos
1600 3715 1958 3778 indumentis.

383 3840 503 3896 qua!
526 3838 596 3897 ne
628 3834 916 3892 pauperum
942 3815 1155 3888 quidem
1184 3813 1355 3868 ultimi
1384 3810 1526 3897 ferre
1564 3809 1915 3880 dignarentur
1944 3849 1961 3875 ,

385 3894 439 3974 et
468 3919 519 3973 in
548 3894 649 3972 hac
682 3930 741 3970 re
765 3912 1017 3985 gaudere,
1048 3908 1277 3979 cogitate
1304 3894 1499 3977 quanta
1530 3902 1857 3974 paupertatis
1875 3916 1966 3957 ac-

384 4019 539 4081 cepta
555 4005 922 4075 consolatione
936 4001 1173 4057 recedat.
1191 3998 1247 4053 Si
1267 3997 1417 4053 dives
1444 3995 1623 4056 fuerit.
1642 3992 1967 4049 moderatior

386 4111 442 4158 et
480 4100 671 4157 melior
718 4095 939 4153 recedit.
970 4084 1033 4148 In
1068 4091 1277 4146 theatro
1302 4089 1348 4143 si
1377 4086 1594 4142 videant
1622 4084 1963 4165 meretricem

387 4191 568 4246 aureis
596 4187 981 4244 circumdatam
1017 4179 1347 4238 ornamentis
1370 4220 1385 4246 ,
1412 4192 1614 4248 pauper
1634 4175 1884 4245 ejulabit,
1914 4180 1970 4230 et

388 4281 707 4354 deplorabit,
735 4293 961 4347 uxorem
987 4290 1138 4330 suam
1170 4272 1356 4328 videns
1377 4269 1507 4324 nihil
1536 4266 1836 4324 istiusmodi
1866 4268 1964 4319 ba-

391 4377 606 4432 bentem
636 4390 653 4427 :
683 4364 741 4428 et
774 4371 963 4426 divites
982 4384 1047 4423 ex
1076 4367 1177 4422 hoc
1198 4363 1501 4435 spectaculo
1523 4362 1745 4435 reversi,
1774 4373 1971 4415 uxores

393 4481 515 4522 suas
533 4464 830 4535 despicient
862 4480 877 4519 :
908 4476 1028 4516 nam
1046 4442 1323 4531 postquam
1342 4455 1593 4512 meretrix
1616 4463 1670 4509 et
1696 4453 1968 4520 vestitum,

390 4570 447 4616 et
467 4566 763 4629 aspectum,
796 4564 849 4623 et
880 4569 1088 4619 vocem,
1112 4562 1166 4607 et
1191 4552 1477 4614 incessum,
1505 4556 1559 4602 et
1586 4547 1763 4601 omnia
1794 4545 1971 4600 molli-

391 4652 479 4707 tiae
503 4650 664 4722 plena
689 4647 987 4704 exhibuerit
1012 4643 1384 4715 praesentibus,
1404 4638 1725 4694 inﬂammati
1753 4638 1825 4691 illi
1852 4636 1969 4693 dis-

392 4742 618 4807 cedunt,
649 4748 704 4795 et
734 4737 927 4809 captivi
958 4736 1010 4791 in
1035 4734 1177 4790 mdes
1205 4747 1329 4789 suas
1370 4732 1586 4790 intrant.
1619 4728 1754 4783 Hinc
1780 4737 1974 4784 contn-

395 4836 587 4901 meliaz,
608 4833 782 4905 jurgia
804 4874 819 4897 ,
845 4831 1008 4897 rixae,
1033 4828 1202 4894 bella,
1231 4834 1433 4882 mortes
1461 4823 1782 4894 quotidianae
1807 4840 1820 4876 :
1849 4821 1974 4877 hinc

396 4928 502 4983 vita
542 4927 715 4995 captis
756 4924 961 4993 ingrata
987 4939 1001 4976 :
1030 4918 1224 4989 coniux
1252 4918 1508 4986 deinceps
1535 4913 1816 4986 injucunda
1838 4956 1853 4980 ,
1878 4912 1971 4969 filii

396 5019 574 5075 minus
599 5008 878 5085 amabiles,
906 5012 1084 5068 omnia
1105 5010 1250 5064 domi
1279 5022 1490 5079 pessum
1512 5014 1675 5071 eunt,
1708 5006 1779 5058 ita
1810 5012 1867 5058 ut
1893 5002 1975 5057 vel

396 5113 526 5169 solis
551 5108 733 5165 radios
753 5107 979 5163 moleste
1014 5102 1151 5158 ferat
1174 5101 1263 5171 qui
1294 5100 1415 5155 talis
1442 5108 1545 5154 est.
1573 5096 1773 5153 Verum
1803 5112 1869 5153 ex
1893 5094 1979 5150 his

392 5206 573 5261 choris
587 5201 719 5257 nihil
735 5197 1077 5269 injucundum
1090 5194 1317 5250 refertur
1340 5212 1354 5249 :
1372 5193 1496 5249 hinc
1510 5192 1814 5248 venientem
1843 5202 1979 5244 uxor

397 5295 570 5350 virum
586 5300 920 5349 mansuetum
938 5298 994 5343 et
1005 5286 1187 5341 mitem
1204 5284 1451 5353 excipiet,
1473 5282 1542 5339 ab
1568 5282 1714 5338 omni
1745 5281 1972 5337 absurda

402 5387 675 5457 voluptate
702 5382 948 5443 liberum,
979 5389 1035 5434 et
1058 5377 1351 5433 faciliorem
1379 5389 1536 5445 quam
1567 5383 1691 5429 ante
1718 5372 1974 5443 reperiet.

406 5478 533 5537 Haec
570 5475 709 5531 mala
749 5473 948 5529 chorus
973 5469 1060 5525 ille
1088 5510 1104 5533 ,
1143 5467 1259 5523 haec
1284 5466 1423 5521 bona
1458 5465 1547 5533 hic
1574 5464 1755 5537 parit:
1797 5463 1885 5518 ille
1911 5478 1979 5519 ex

403 5569 598 5643 ovibus
624 5566 812 5638 lupos,
841 5562 927 5618 hic
962 5576 1030 5617 ex
1069 5560 1217 5643 lupis.
1250 5573 1416 5629 agnos
1456 5557 1601 5612 facit.
1643 5555 1750 5613 Sed
1798 5554 1980 5613 forsan

405 5638 487 5719 de
507 5636 781 5732 voluptate
812 5650 942 5713 nihil
974 5654 1150 5710 adhuc
1171 5636 1373 5707 dixisse
1396 5650 1660 5707 videmur.
1703 5648 1841 5719 Quid
1866 5647 1987 5706 dulé

468 5815 492 5851 ί
512 5804 679 5869 lutei.
890 5796 1181 5875 pft'ctlurtmt,
1205 5790 1310 5873 pro,
1336 5794 1611 5859 null'tértmt.

742 5891 1020 5955 ΡΑτειοι.
1066 5890 1185 5953 Gn.
1232 5886 1454 5950 LVlll.

1275 377 1343 436 IN
1378 372 1782 434 mr'rmsuu
1818 362 2051 429 nonut.
2088 363 2317 426 LXVIII.
2360 370 2431 425 al.
2471 342 2656 425 uix.

3519 365 3622 425 646

2042 481 2157 537 cius
2181 476 2339 553 quam
2365 484 2599 538 animum
2630 498 2727 539 nec
2751 478 3149 561 perturbatione
3174 498 3270 539 nec
3297 482 3483 540 dolore
3510 499 3625 555 agt—

2047 564 2457 642 uitumhabere,
2490 590 2775 643 numquam
2806 574 2858 628 in
2888 574 3076 630 dulnre
3100 590 3221 630 esse
3242 615 3259 641 ,
3290 576 3370 630 vel
3401 576 3623 644 ingemi-

2044 682 2193 720 scere
2218 666 2241 719 ?
2271 654 2645 721 VeruIntamen
2674 682 2976 722 sermonem
3005 667 3227 723 ulterius
3247 668 3620 737 producamus,

2045 769 2205 827 atque
2234 758 2508 829 utriusque
2534 769 2646 833 tum
2676 769 2883 825 cautus,
2914 769 3025 815 tum
3056 760 3345 830 spectaculi
3372 761 3623 831 gaudium

2043 852 2409 907 examinemus
2434 872 2446 907 :
2476 842 2876 924 videbimusqne
2897 854 3039 909 aliud
3068 870 3236 925 usque
3260 855 3324 910 ad
3348 871 3625 926 vesperam

2045 958 2282 1008 manere,
2312 945 2484 999 donec
2535 946 2742 1000 scilicet
2786 946 2836 999 in
2885 946 3091 1001 theatro
3137 956 3408 1017 spectator
3433 948 3622 1013 sedet,

2044 1034 2237 1089 deinde
2266 1046 2443 1089 autem
2466 1037 2681 1091 stimulo
2710 1038 2885 1091 acrius
2915 1038 3084 1106 ipsum
3116 1054 3387 1108 pungere;
3419 1040 3503 1094 hic
3532 1056 3627 1095 au-

2047 1135 2152 1179 tem
2181 1126 2431 1195 gaudium
2460 1137 2716 1197 perpetuo
2745 1129 2923 1199 vigere
2950 1129 3003 1182 in
3026 1129 3378 1198 spectantium
3400 1132 3623 1185 animis:

2046 1232 2168 1271 nam
2202 1226 2257 1273 et
2293 1219 2528 1273 virorum
2562 1218 2786 1274 formam
2816 1260 2830 1284 ,
2862 1229 2919 1274 et
2957 1220 3059 1275 loci
3101 1219 3490 1289 jucunditatem
3524 1262 3540 1288 ,
3572 1231 3630 1276 et

2046 1312 2468 1367 conversationis
2495 1312 2851 1378 dulcedinem,
2876 1322 2931 1367 et
2957 1314 3080 1368 vita:
3108 1315 3410 1383 puritatem,
3435 1325 3487 1369 et
3508 1316 3628 1384 pul-

2047 1401 2299 1457 cherrimi
2340 1402 2736 1474 spiritualisque
2762 1404 2955 1460 cantici
2993 1406 3217 1475 gratiam
3244 1406 3442 1462 habent
3471 1410 3525 1462 in
3569 1423 3628 1463 se

2048 1510 2261 1565 semper
2282 1495 2623 1552 insidentem.
2643 1496 2739 1566 Qui
2756 1496 2858 1553 hoc
2880 1498 3200 1568 igiturportu
3220 1514 3431 1569 semper
3444 1499 3631 1553 fruun-

2053 1597 2175 1651 tur,
2206 1590 2488 1644 tumultum
2539 1599 2719 1660 postea
2772 1592 2923 1661 quasi
2976 1600 3344 1662 tempestatem
3400 1591 3628 1663 fugiunt.

2047 1681 2232 1751 Neque
2260 1684 2431 1738 solum
2461 1694 2715 1739 canentes
2738 1685 2820 1739 vel
2849 1695 3150 1753 precantes,
3183 1685 3278 1759 sed
3298 1685 3459 1739 etiam
3479 1685 3630 1740 libris

2052 1773 2241 1828 intenti
2270 1816 2285 1840 ,
2318 1774 2612 1845 jucundum
2644 1776 2947 1831 videntibus
2978 1778 3218 1847 praebent
3244 1766 3626 1848 spectaculum.

2048 1863 2234 1919 Soluto
2274 1866 2469 1938 quippe
2510 1864 2678 1923 choro
2706 1869 2841 1923 alius
2880 1869 3066 1923 Isaiam
3106 1885 3324 1926 sumens
3352 1886 3472 1926 cum
3508 1873 3624 1942 ipso

2051 1958 2322 2030 loquitur;
2352 1962 2488 2016 alius
2516 1976 2639 2017 cum
2674 1961 2927 2033 apostolis
2948 1972 3228 2029 versatur;
3253 1964 3389 2018 alius
3418 1964 3485 2019 ab
3512 1965 3630 2020 aliis

2051 2052 2384 2123 conscriptos
2424 2054 2587 2109 libros
2616 2055 2765 2125 legit,
2785 2071 2848 2111 ac
2876 2056 2943 2111 de
2976 2057 3085 2111 Deo
3111 2057 3531 2127 philosophatur,
3564 2058 3632 2114 de

2052 2145 2327 2209 universo,
2355 2145 2424 2201 de
2446 2147 2767 2211 visibilibus,
2792 2148 2861 2204 de
2888 2148 3243 2205 invisibilibus
3266 2192 3280 2215 ,
3306 2149 3375 2204 de
3397 2151 3630 2206 sensibi-

2054 2237 2210 2305 libus,
2242 2237 2310 2293 de
2335 2239 2717 2307 Spiritualibus,
2747 2240 2816 2296 de
2836 2240 3038 2297 vilitate
3064 2242 3221 2312 hujus
3262 2244 3384 2297 vitae
3405 2284 3421 2311 ,
3453 2244 3520 2299 de
3547 2243 3630 2298 fu-

2054 2337 2186 2384 tum
2214 2330 2574 2401 magnitudine
2603 2332 2643 2385 ί.

2140 2423 2193 2477 5.
2252 2422 2481 2477 Aluntur
2536 2432 2713 2479 autem
2769 2426 2891 2481 cibo
2951 2426 3190 2496 optimo,
3238 2442 3349 2483 non
3394 2422 3633 2484 decoctis

2055 2512 2677 2589 animaliumcarnihus,
2723 2516 2818 2571 sed
2879 2517 3105 2587 eloquiis
3164 2519 3254 2574 Dei
3308 2519 3636 2575 dulcioribus

2055 2623 2213 2678 quam
2261 2608 2369 2663 mel
2414 2617 2469 2664 et
2512 2609 2687 2665 favum
2718 2610 2862 2666 :mel
2908 2612 3171 2678 mirabile,
3201 2613 3473 2684 multoque
3517 2629 3636 2669 me—

2058 2698 2159 2754 lius
2210 2714 2368 2770 quam
2412 2701 2540 2756 illud
2575 2717 2684 2772 quo
2724 2702 2958 2758 Joannes
3005 2704 3057 2758 in
3104 2703 3317 2759 deserto
3365 2705 3491 2760 olim
3531 2705 3640 2759 ale-

2056 2790 2233 2851 batur.
2281 2793 2380 2849 Mel
2409 2796 2604 2866 quippe
2648 2794 2787 2851 istud
2840 2813 2946 2851 non
2975 2813 3103 2868 apes
3144 2808 3380 2869 agrestes
3420 2798 3639 2854 ﬂoribus

2057 2888 2348 2943 insidentes
2373 2888 2649 2959 colligunt,
2680 2904 2853 2959 neque
2876 2906 3051 2947 rorem
3070 2901 3381 2947 concoctum
3410 2891 3638 2947 alveari-

2058 2979 2157 3039 bus
2182 2979 2293 3036 suis
2321 2979 2647 3046 immittunt;
2678 2980 2773 3035 sed
2807 2981 3037 3050 Spiritus
3061 2983 3226 3053 gratia
3252 2982 3516 3054 apparans
3542 2997 3639 3054 pro

2059 3070 2195 3127 favis
2220 3112 2235 3136 ,
2262 3071 2562 3128 alvearibus
2583 3083 2638 3127 et
2666 3073 2860 3128 fistulis
2890 3075 2941 3129 in
2971 3082 3273 3130 sanctorum
3302 3056 3506 3130 animas
3536 3076 3641 3132 im-

2060 3167 2243 3233 mittit,
2268 3176 2326 3222 ut
2370 3168 2594 3239 quisque
2638 3169 2807 3237 pessit
2854 3181 2953 3239 pro
2979 3168 3146 3223 lubito
3174 3176 3431 3240 perpetuo
3456 3172 3637 3227 edere.

2062 3260 2169 3316 Has
2189 3276 2317 3331 apes
2346 3261 2634 3329 imitantes,
2668 3260 2942 3319 sacrordm
2967 3264 3102 3321 favis
3135 3260 3388 3321 librOrum
3415 3267 3644 3323 cireum-

2062 3352 2261 3416 volant,
2288 3353 2508 3407 multam
2536 3354 2658 3409 inde
2686 3354 3036 3425 decerpentes
3063 3355 3412 3424 voluptatem.
3436 3356 3491 3413 Si
3513 3374 3644 3430 ergo

2063 3440 2298 3500 volueris
2325 3458 2443 3516 qua:
2469 3446 2680 3501 illorum
2711 3462 2893 3502 mensa
2919 3449 2990 3503 sit
3026 3447 3286 3512 ediscere,
3318 3452 3534 3521 propius
3576 3452 3643 3523 ad

2062 3553 2158 3593 eos
2176 3538 2418 3604 accedas,
2449 3548 2505 3595 et
2530 3540 2735 3595 videbis
2758 3548 3001 3597 eructare
3017 3556 3110 3598 eos
3133 3541 3303 3598 dulcia
3320 3554 3374 3599 et
3397 3540 3647 3613 spiritua-

2066 3632 2101 3687 li
2125 3628 2290 3688 odore
2320 3633 2494 3702 plena.
2549 3634 2764 3689 Illorum
2810 3650 2903 3689 ora
2931 3634 3060 3689 nihil
3092 3643 3314 3705 possunt
3337 3648 3489 3707 turpe
3519 3653 3648 3708 pro-

2066 3722 2233 3787 ferre,
2261 3721 2391 3777 nihil
2441 3722 2666 3779 scurrile
2702 3722 2786 3779 vel
2832 3740 3102 3794 asperum,
3142 3724 3234 3781 sed
3283 3727 3462 3781 omnia
3516 3728 3650 3783 caelo

2067 3814 2245 3884 digna.
2297 3813 2412 3869 Non
2443 3810 2539 3870 abs
2576 3829 2636 3870 re
2666 3802 2876 3879 feceris,
2924 3815 2971 3871 si
2997 3831 3092 3871 ora
3131 3818 3417 3872 multorum
3464 3819 3553 3889 qui
3595 3821 3648 3874 in

2069 3907 2185 3965 foro
2214 3910 2490 3977 vagantur,
2521 3896 2577 3963 et
2610 3907 2678 3962 ad
2717 3908 2992 3964 saecularia
3014 3909 3163 3979 quasi
3195 3909 3341 3966 rabie
3367 3906 3609 3967 feruntur
3632 3954 3649 3979 ,

2068 3998 2264 4053 cloacis
2292 3999 2705 4068 comparaveris,
2738 3999 3118 4055 monachorum
3140 3994 3323 4054 autem
3346 3988 3461 4067 ora,
3488 4003 3650 4057 fonti-

2070 4084 2170 4144 bus
2187 4089 2292 4144 mel
2313 4076 2727 4157 effundentibus,
2754 4078 3057 4161 fluentaque
3081 4104 3235 4160 pura.
3252 4090 3305 4147 Si
3332 4092 3450 4161 quis
3470 4102 3649 4148 autem

2070 4197 2211 4253 mgre
2226 4183 2380 4249 ferat,
2405 4181 2545 4253 quod
2564 4182 2850 4237 multorum
2870 4180 2964 4236 ora
2987 4178 3185 4238 cloacis
3205 4185 3652 4253 comparaverim,

2073 4274 2119 4329 is
2146 4276 2281 4329 sciat
2319 4290 2404 4329 me
2432 4276 2591 4345 parce
2632 4275 2926 4345 loquutum.
2977 4268 3253 4345 Scriptura
3293 4260 3520 4346 namque
3548 4292 3653 4331 non

2074 4364 2173 4421 hac
2203 4368 2366 4421 utitur
2403 4368 2673 4432 mensura,
2710 4365 2815 4421 sed'
2836 4365 3237 4421 vehementiore
3287 4360 3655 4433 similitudine,

2074 4458 2279 4526 dicens,
2323 4458 2577 4513 Venenum
2614 4458 2847 4528 aspidum
2882 4461 2973 4513 sub
3020 4459 3165 4513 labiis
3200 4452 3392 4523 eorum,
3418 4470 3464 4512 et
3488 4459 3660 4530 sepul-

2074 4551 2251 4605 chrum
2280 4552 2457 4620 patens
2475 4548 2545 4606 est
2569 4552 2740 4623 guttur
2768 4568 2939 4606 eorum
2979 4550 3152 4621 (Psal.
3189 4550 3374 4623 13.5).
3419 4551 3521 4606 Sed
3553 4568 3659 4606 non

2079 4641 2203 4697 talia
2224 4646 2349 4697 su’nt
2375 4642 2586 4697 illorum
2610 4636 2701 4697 era
2728 4684 2742 4707 ,
2771 4651 2827 4697 at
2852 4643 2993 4698 bono
3020 4642 3185 4698 odore
3226 4643 3402 4712 plena.
3433 4640 3501 4698 Et
3526 4652 3661 4713 pra:-

2078 4734 2248 4790 senlia
2299 4736 2512 4805 quidem
2570 4734 2877 4805 hujusmodi
2920 4728 3045 4789 sunt
3088 4730 3323 4789 :futura“
3364 4750 3493 4790 vero
3544 4751 3665 4805 qua:

2080 4829 2252 4883 oratio
2280 4828 2627 4899 assequatur?
2672 4846 2791 4899 quae
2836 4844 2986 4883 mens
3015 4822 3412 4899 apprehendat?
3459 4816 3659 4882 sortem

2090 4919 2235 4974 illam
2295 4922 2623 4991 angelicam,
2671 4919 3054 4975 beatitudinem
3086 4962 3101 4986 ,
3152 4912 3436 4973 ineffabilia
3487 4918 3665 4974 bona?

2083 5014 2232 5070 Multi
2261 5012 2485 5071 furtasse
2515 5010 2957 5069 fer’vore‘incensi
2983 5056 2998 5080 ,
3028 5013 3459 5083 concupiscentia
3506 5014 3664 5082 hujus

2084 5110 2269 5180 optimi
2298 5106 2520 5163 instituti
2540 5106 2680 5177 capti
2707 5107 2836 5162 estis
2860 5123 2876 5160 :
2907 5105 3004 5161 sed
3029 5104 3154 5176 quid
3187 5105 3309 5159 hinc
3331 5104 3671 5160 emolumen-

2089 5203 2149 5269 ti,
2177 5203 2223 5257 si
2248 5202 2334 5257 hic
2358 5201 2561 5257 tantum
2592 5201 2693 5255 hoc
2720 5201 2842 5270 igne
2866 5190 3268 5267 ardeatis,'hiuc
3297 5206 3473 5254 autem
3492 5210 3674 5269 egreso

2088 5296 2157 5363 si,
2212 5294 2479 5350 flammam
2533 5294 2918 5364 exstinguatis,
2964 5303 3019 5348 et
3067 5292 3153 5348 hic
3197 5306 3348 5346 amor
3397 5292 3675 5346 tabescat?

2089 5372 2373 5455 Quemodo
2425 5378 2589 5458 igitur‘
2635 5385 2759 5440 huic
2806 5384 2949 5439 malo
3001 5382 3343 5439 medeberis?
3383 5382 3451 5439 Ut
3477 5384 3676 5438 amoris

2108 5478 2318 5535 fervore
2342 5477 2558 5543 teneris,
2598 5475 2685 5531 adi
2712 5476 2931 5546 angelos
2966 5475 3120 5542 illos;
3164 5483 3216 5531 te
3243 5474 3471 5545 amplius
3498 5475 3681 5529 incen-

2093 5572 2181 5633 de.‘
2221 5573 2337 5635 Non
2363 5571 2506 5630 enim
2535 5572 2651 5628 haec
2680 5572 2850 5629 oratio
2870 5570 3093 5644 perinde
3117 5580 3170 5628 te
3196 5570 3491 5628 accendere
3515 5569 3677 5641 valet,

2163 5780 2181 5812 ι
2206 5775 2405 5839 Quidam
2427 5774 2631 5838 habent,
2651 5771 2896 5840 felicitate,
2921 5787 3027 5839 pro,
3051 5750 3400 5841 ntagrtr‘tudtfw.

3288 5862 3365 5924 12
