4130 6374
498 368 613 427 ΰΠ

507 496 564 540 ιιι
594 486 764 555 ipsum
805 495 983 535 rerum
1028 474 1408 548 spectaculum.
1440 473 1516 530 Ne
1560 473 1778 540 dixeris,
1801 473 2086 543 Colloquar

508 593 627 631 cum
650 589 838 640 uxore,
866 582 919 627 et
946 586 1034 627 res
1058 568 1330 624 absolvam
1361 568 1612 637 primum.
1629 565 1973 636 Negligentiat
1997 564 2088 618 iui-

507 670 642 723 tium
670 675 753 722 est
777 665 891 719 haec
913 660 1341 733 proerastiuatio.
1365 658 1502 713 Audi
1528 658 1828 728 quempiam
1856 657 2088 711 voluisse

508 761 736 831 primum
766 758 830 811 iis
854 755 944 825 qui
968 753 1111 808 domi
1140 762 1292 807 erant
1311 750 1625 814 valedicere,
1652 757 1705 803 et
1726 748 2042 819 prophetam
2066 746 2083 778 ¹

508 867 615 906 nou
662 847 969 919 permisisse
1003 845 1078 916 (5.
1111 844 1234 914 Reg.
1269 842 1355 899 l9.
1385 841 1456 897 20
1478 841 1519 911 ).
1562 840 1762 911 Ecquid
1794 840 1913 894 dico
1948 839 2090 893 vale-

509 940 728 996 dicere?
767 939 978 993 Patrem
1031 935 1259 1004 sepelire
1300 932 1466 986 voluit
1493 931 1807 1001 discipulus,
1838 945 2011 999 neque
2037 929 2088 983 id

505 1030 770 1089 concessit
794 1025 1214 1095 Chrislus(Luc.
1243 1024 1293 1079 9.
1324 1024 1439 1093 60).
1495 1023 1655 1094 Atqui
1702 1021 1829 1093 quid
1881 1023 2090 1076 videtur

507 1126 601 1182 tibi
633 1126 701 1179 ita
733 1121 1092 1178 necessarium
1121 1134 1242 1173 csse
1271 1126 1329 1171 ιιι
1354 1117 1626 1187 sepultura
1656 1115 1859 1186 patris?
1890 1115 1958 1168 At
1985 1130 2089 1169 non

503 1216 561 1271 id
590 1214 849 1287 permisit.
874 1212 1088 1280 Quare?
1115 1210 1249 1276 Quia
1274 1209 1616 1263 vehementer
1645 1207 1805 1261 instat
1824 1206 2087 1271 diabolus,

510 1322 565 1363 ut
594 1323 713 1363 sese
741 1306 977 1361 insinuet
1008 1321 1020 1356 :
1051 1311 1105 1358 et
1145 1303 1191 1357 si
1223 1300 1482 1356 tantillum
1509 1298 1771 1355 socordia:
1796 1309 1849 1353 et
1871 1298 2092 1352 tardita-

513 1404 581 1457 tis
606 1398 991 1471 deprehendat,
1021 1397 1071 1451 in
1102 1410 1348 1465 magnam
1395 1393 1651 1447 desidiam
1680 1391 1912 1461 coujicit.
1968 1390 2091 1444 Ideo

502 1500 692 1548 sttonet
715 1489 995 1562 quispiam,
1024 1486 1075 1541 Ν
1079 1504 1105 1541 e
1125 1485 1291 1539 tardes
1312 1485 1373 1538 de
1392 1485 1473 1536 die
1489 1486 1540 1537 in
1558 1483 1688 1536 diem
1710 1480 1903 1553 (Eccle.
1929 1480 1980 1536 5.
1997 1481 2050 1551 8)
2073 1496 2087 1545 ;

509 1586 588 1639 sic
631 1582 773 1638 enim
830 1580 1057 1650 plurima
1101 1577 1299 1647 p0teris
1351 1575 1666 1638 emendare,
1700 1574 1777 1627 sie
1804 1588 1922 1643 quae
1946 1571 2090 1626 dumi

576 1758 592 1788 ί
616 1756 675 1805 In
699 1751 1087 1821 atorel._legitur,
1122 1748 1385 1821 dominum.
1409 1750 1502 1821 sed“
1524 1748 1929 1821 vgiprophetam.
1966 1749 2093 1821 epti-

508 1832 593 1881 me
615 1816 844 1881 quadrat;
869 1810 968 1881 hiet
986 1815 1117 1862 enim
1151 1812 1312 1881 agitur
1343 1811 1408 1881 de
1432 1810 1536 1881 Elia
1558 1810 1786 1881 Elisaeutn
1811 1812 1860 1859 in
1882 1810 2093 1873 discipu-

505 1879 608 1929 lum
630 1872 862 1939 vocante;
885 1876 1018 1926 Elias
1040 1888 1175 1933 vero,
1188 1872 1247 1923 iit
1270 1874 1334 1922 ait
1356 1873 1434 1921 hic
1455 1872 1834 1939 Chrysostomus,
1861 1885 1958 1920 non
1978 1872 2091 1934 per-

512 1942 647 1991 misit
668 1933 861 1999 Eliseo,
887 1943 943 1987 ut
980 1945 1168 2000 patrem
1208 1941 1512 2000 matremque
1536 1933 1794 2000 salutatum
1816 1933 2092 2000 iret,_a’nte-

514 2017 658 2066 quam
682 1996 1186 2066 magistrosemtotum
1224 1996 1494 2066 addiceret.
1519 1996 1584 2066 _At
1619 2008 1763 2066 secus
1784 1996 2092 2066 in'sqititura

517 2055 715 2127 l'egitur,
739 2055 822 2111 υἘὶ
844 2062 961 2127 dicit
981 2059 1130 2127 Elias,
1149 2059 1285 2127 Vade
1303 2064 1350 2108 ct
1374 2064 1628 2117 revertere,
1663 2064 1717 2106 ut
1740 2058 1789 2105 in
1812 2055 1974 2106 Bibliis
1995 2065 2090 2107 He-

508 2121 718 2186 braicis,
739 2124 919 2174 Graecis
941 2132 993 2173 et
1015 2122 1189 2172 Latinis
1212 2121 1436 2169 habetur.

1232 361 1292 419 S.
1331 358 1607 418 JOANNIS
1641 353 2117 415 CHRYSOSTOMI
2155 348 2469 409 ARClllEP.
2510 349 3041 409 CONSTANTINOP.

3672 339 3773 393 658

2189 479 2313 526 sunt
2344 469 2508 540 probe
2556 470 2924 539 disponentur.
2979 467 3067 520 Ait
3091 464 3231 520 enim
3262 480 3275 516 :
3312 461 3533 530 Quterite
3560 462 3775 529 primum

2191 580 2403 633 regnum
2434 561 2547 625 Dei,
2578 571 2623 616 et
2638 562 2895 632 justitiam
2920 560 3048 629 ejus,
3084 566 3130 611 et
3160 558 3267 610 lucc
3289 555 3457 609 omnia
3476 553 3770 622 adjicientur

2191 654 2327 709 vobis
2370 652 2584 727 (Matth.
2629 656 2682 708 6.
2718 651 2832 720 55).
2866 650 2923 705 Si
2965 664 3063 703 nos
3088 646 3230 701 enim
3256 688 3271 713 ,
3298 660 3417 700 cum
3444 642 3657 714 quidam
3679 656 3776 697 sna

2192 745 2541 816 negligentes,
2573 743 2771 798 nostris
2799 741 2968 811 magis
2993 737 3304 808 advigilant,
3338 736 3481 789 omni
3514 732 3776 788 sollicitu-

2193 837 2319 893 dine
2358 852 2557 892 vaeuos
2610 851 2732 891 esse
2784 847 3034 889 curamus
3067 850 3081 885 :
3113 830 3281 885 multo
3310 829 3475 899 magis
3497 828 3654 891 Deus,
3687 826 3771 896 qui

2194 927 2432 982 nonltae
2468 927 2645 981 habita
2672 926 2880 981 ratione
2922 930 3102 977 nostra
3128 928 3298 987 curat,
3318 920 3489 987 iisque
3512 917 3773 988 providet.

2197 1018 2277 1073 Ne
2328 1019 2502 1088 itaque
2549 1017 2619 1073 de
2663 1016 2768 1071 tuis
2816 1015 3076 1071 sollicitus
3106 1013 3218 1075 sis,
3245 1011 3339 1082 sed
3384 1010 3474 1064 illa
3503 1010 3775 1064 committe

2198 1109 2330 1165 Deo.
2380 1108 2512 1163 Nam
2542 1108 2586 1162 si
2626 1117 2682 1162 tu
2724 1106 3095 1169 sollicitus'es,
3142 1110 3200 1156 ut
3229 1102 3389 1155 homo
3417 1114 3605 1163 curas;
3640 1099 3779 1153 Deus

2195 1218 2324 1257 vero
2354 1212 2411 1256 ut
2458 1202 2602 1257 Deus
2632 1199 2896 1271 providet.
2943 1197 3021 1252 Nc
3048 1211 3174 1266 ergo
3200 1194 3267 1249 de
3296 1193 3361 1247 iis
3399 1191 3655 1247 sollicitus
3678 1190 3773 1254 sis,

2200 1293 2568 1363 praestantiora
2614 1290 2940 1360 relinquens,
2987 1286 3220 1357 alioquin
3275 1284 3415 1339 Deus
3466 1282 3551 1337 illa
3602 1282 3779 1336 minus

2196 1384 2435 1448 curabit;
2468 1391 2525 1437 ut
2554 1382 2641 1437 illa
2667 1396 2795 1452 ergo
2823 1380 3109 1452 diligenter
3137 1384 3309 1442 curet,
3339 1375 3439 1445 ipsi
3471 1374 3571 1429 soli
3601 1375 3777 1428 omnia

2196 1475 2487 1530 committe.
2537 1473 2593 1529 Si
2622 1474 2766 1530 enim
2790 1472 2990 1528 relictis
3012 1469 3397 1540 spiritualibus,
3428 1468 3516 1521 illa
3552 1476 3768 1531 tractes,

2200 1584 2303 1623 non
2327 1582 2573 1638 magnam
2601 1581 2788 1621 eorum
2815 1566 2952 1619 Deus
2982 1570 3130 1634 geret
3159 1559 3563 1631 providentiam.
3584 1557 3653 1613 Ut
3678 1558 3776 1625 igi-

2201 1666 2287 1713 tur
2315 1666 2369 1713 et
2391 1658 2483 1713 tibi
2529 1660 2643 1712 hate
2671 1664 2815 1711 recte
2852 1653 3144 1725 composita
3175 1651 3302 1716 siut,
3332 1658 3388 1704 et
3428 1647 3779 1704 sollicitudine

2198 1750 2341 1805 omni
2373 1749 2633 1815 libereris,
2658 1748 2801 1803 haere
2843 1742 3515 1817 spiritualibus,smcularia
3529 1739 3774 1811 despice:

2198 1842 2277 1897 sie
2303 1842 2447 1897 enim
2475 1852 2524 1897 et
2557 1850 2750 1897 terram
2778 1856 2897 1895 cum
2928 1839 3060 1895 caelo
3089 1835 3371 1899 obtinebis,
3402 1843 3456 1889 et
3480 1834 3651 1889 futura
3682 1834 3778 1889 bo-

2199 1947 2265 1986 na
2288 1934 2651 2002 consequeris,
2698 1931 2867 2002 gratia
2916 1938 2971 1984 et
3012 1928 3337 1998 benignitate
3378 1924 3585 1979 Domini
3616 1924 3777 1978 nostri

2196 2023 2321 2079 Jesu
2351 2023 2545 2079 Christi
2570 2066 2583 2087 ,
2613 2024 2696 2079 cui
2719 2023 2885 2094 gloria
2913 2030 2967 2077 et
3000 2019 3279 2090 imperium
3308 2017 3359 2071 in
3391 2015 3585 2071 saecula
3614 2029 3784 2069 saecu-

2199 2116 2393 2170 lorum.
2420 2116 2612 2169 Amen.

3304 2252 3780 2265 _—_—-~

1646 2334 1995 2397 HOMILIA
2037 2337 2263 2402 LXIX.
2291 2341 2378 2404 al.
2424 2341 2627 2403 LXX.

516 2487 637 2545 CAP.
680 2484 773 2540 22.
814 2499 867 2536 v.
917 2482 967 2536 l.
1021 2478 1089 2534 Et
1134 2477 1438 2548 respondens
1463 2475 1615 2531 Iesus
1659 2475 1787 2529 dixit
1820 2475 2003 2531 iterum
2039 2474 2094 2528 in

581 2574 836 2646 parabolis
865 2573 960 2627 :2.
1004 2569 1187 2626 Simile
1232 2576 1304 2623 est
1349 2583 1561 2638 regnum
1612 2566 1852 2620 ctelorum
1904 2564 2096 2618 homini

581 2667 707 2740 regi,
738 2665 822 2736 qui
852 2664 968 2735 fecit
1008 2662 1213 2730 nuptias
1261 2659 1369 2729 ﬁlio
1396 2675 1509 2713 suo.
1539 2660 1592 2714 5.
1639 2656 1704 2710 Et
1748 2658 1883 2711 misit
1930 2674 2095 2712 servos

580 2775 700 2813 suos
729 2772 904 2812 uocare
932 2754 1165 2809 inuitatos
1193 2751 1259 2806 ad
1287 2752 1489 2820 nuptias
1518 2765 1537 2804 :
1554 2760 1603 2804 et
1625 2751 1890 2803 noluerunt
1907 2751 2090 2804 venire.

585 2851 639 2906 4.
673 2849 866 2903 Rursus
892 2846 1025 2900 misit
1055 2845 1182 2899 alios
1209 2858 1393 2906 servos,
1425 2842 1597 2895 dicens
1623 2856 1642 2895 .'
1666 2839 1829 2894 Dicite
1852 2840 2091 2905 invitatis,

584 2942 718 2997 Ecce
743 2939 1014 3011 prandium
1040 2952 1209 2991 meum
1238 2935 1433 3006 paraui,
1457 2932 1590 2987 tauri
1608 2933 1706 2986 mei
1731 2943 1778 2987 et
1803 2933 1966 2987 altilia
1987 2948 2096 2986 mea

582 3035 747 3089 occisa
771 3040 916 3097 sunt,
944 3038 990 3085 et
1016 3029 1182 3087 omnia
1225 3034 1439 3099 parata;
1490 3026 1650 3080 uenite
1688 3025 1756 3078 ad
1783 3026 2001 3096 nuptias.
2038 3025 2093 3082 5.

582 3123 676 3178 Illi
699 3132 868 3177 autem
906 3136 1019 3175 cum
1043 3118 1371 3190 ncgligerent,
1399 3115 1648 3177 abierunt,
1679 3116 1812 3170 alius
1833 3116 1886 3169 in
1917 3131 2095 3187 agrum

585 3230 753 3279 suum,
779 3213 913 3266 alius
933 3210 1000 3265 ad
1023 3207 1409 3281 negotiationem
1433 3222 1599 3261 suam.
1620 3204 1673 3261 6.
1704 3206 1903 3277 Reliqui
1930 3217 2097 3260 autem

589 3314 853 3360 tenuerunt
876 3318 1043 3359 servos
1078 3302 1210 3371 eius,
1237 3311 1285 3355 et
1323 3302 1628 3355 contumelia
1652 3297 1861 3366 affectos
1886 3300 2095 3371 interfe-

588 3407 780 3457 cerunt,
809 3408 915 3452 81C.
1304 3454 1307 3455 ν

598 3492 651 3546 Ι.
676 3488 846 3555 Hujus
867 3498 911 3542 et
940 3485 1265 3556 pra'cedentis
1281 3484 1504 3539 homilite
1521 3484 1855 3554 comparatio.
1900 3477 2099 3547 Ejectt'o

517 3584 547 3640 J
556 3585 834 3639 udteorum.
854 3580 1087 3635 Gentium
1113 3581 1326 3633 vacatio.
1346 3576 1548 3631 Excidii
1561 3575 1893 3648 Jerosalgmte
1908 3575 2096 3646 prtedi-

521 3678 640 3732 ctio.
672 3705 743 3716 ——
768 3672 1011 3729 Vidistiu’
1036 3684 1091 3727 et
1135 3672 1186 3725 in
1226 3668 1548 3741 praecedenti
1576 3676 1632 3723 et
1658 3667 1709 3722 in
1734 3667 1835 3723 hac
1850 3667 2095 3739 parabola

524 3775 780 3837 quantum
822 3764 1043 3818 interest
1094 3760 1260 3815 tilium
1313 3760 1451 3815 inter
1500 3768 1554 3814 et
1597 3758 1822 3814 servos?
1868 3756 2097 3811 vidistin‘

525 3872 770 3928 magnam
802 3855 939 3909 inter
976 3862 1257 3922 utramque
1283 3850 1590 3920 parabolam
1621 3848 1952 3911 afﬁnitatem,
1986 3861 2095 3901 ma-

517 3963 782 4021 gnamque
818 3944 1214 4001 diﬂ'ereutiam?
1262 3942 1393 3997 Nam
1434 3943 1547 3996 haec
1586 3941 1699 4010 ipsa
1726 3938 1960 3994 ostendit
2002 3938 2098 3992 Dei

518 4040 850 4096 tolerantiam
896 4035 1390 4109 providentiamque
1433 4046 1699 4102 magnam,
1733 4030 2100 4100 ingratatnque

519 4131 794 4187 Judaicam
824 4126 1240 4197 improbitatem.
1300 4123 1497 4178 Verum
1550 4122 1665 4176 haec
1707 4119 1835 4190 quid
1874 4118 2099 4189 amplius

522 4237 680 4293 quam
722 4220 811 4275 illa
839 4218 1018 4274 habet.
1048 4214 1535 4271 Prmuuutiatenim
1562 4222 1616 4268 et
1648 4211 1952 4267 Judaeorutn
1983 4210 2099 4278 eje-

522 4316 780 4378 ctionem,
809 4319 865 4365 et
919 4309 1153 4379 gentium
1200 4306 1534 4361 vocationem
1580 4321 1594 4358 :
1638 4311 1758 4372 post
1813 4303 1928 4356 haec
1974 4316 2100 4356 vero

520 4404 758 4462 ostendit
778 4412 833 4458 et
861 4400 1075 4457 vivendi
1095 4399 1425 4469 disciplinam
1444 4437 1461 4464 ,
1490 4405 1545 4452 et
1566 4407 1761 4467 quanta
1788 4395 2102 4466 negligenti-

520 4500 619 4553 bus
649 4510 807 4567 pmna
845 4494 917 4549 sit
946 4503 1147 4563 parata.
1186 4490 1419 4560 iureque
1468 4490 1581 4543 haec
1611 4496 1730 4558 post
1756 4489 1901 4543 illam
1929 4486 2101 4556 posita

526 4597 628 4644 est.
675 4586 809 4654 Quia
836 4585 978 4641 enim
1002 4582 1155 4645 dixit,
1189 4580 1409 4635 Dabitur
1450 4578 1586 4650 genti
1632 4579 1834 4649 facienti
1882 4581 2105 4648 fructum

525 4680 687 4749 ipsius
718 4676 931 4749 (Matth.
958 4674 1048 4728 21.
1077 4672 1190 4744 45),
1212 4672 1302 4727 hic
1325 4671 1583 4737 declarat,
1614 4674 1699 4725 cui
1723 4671 1899 4740 genti;
1931 4683 2105 4739 neque

526 4770 629 4826 hoc
675 4777 906 4833 tantum,
933 4764 1029 4821 sed
1054 4773 1109 4820 et
1138 4778 1198 4819 se
1227 4777 1411 4817 rursus
1440 4761 1688 4817 inellabili
1726 4776 1850 4832 erga
1890 4760 2105 4816 Judaeos

527 4861 855 4935 providentia
878 4860 972 4915 uti.
989 4858 1065 4915 lbi
1091 4857 1234 4914 enim
1255 4866 1379 4911 ante
1406 4869 1616 4911 crucem
1643 4863 1813 4918 vocat,
1841 4854 1924 4908 hic
1945 4855 2107 4909 etiam

528 4966 649 5028 post
675 4969 860 5011 necem
909 4956 1089 5015 instat,
1137 4960 1191 5005 et
1227 4949 1398 5021 pergit
1453 4949 1571 5003 illos
1627 4963 1835 5003 vocare.
1873 4948 1940 5002 Et
1982 4963 2105 5002 cum

531 5047 845 5120 gravissima
890 5044 1010 5099 illos
1059 5056 1214 5113 plena
1267 5041 1501 5110 plectere
1540 5055 1635 5111 par
1661 5040 1864 5106 luisset,
1895 5049 2018 5096 tune
2039 5040 2106 5095 ad

529 5139 752 5209 nuptias
805 5138 956 5208 ipsos
1005 5136 1205 5201 trahit,
1250 5149 1616 5206 supremoque
1673 5131 1834 5187 allicit
1872 5132 2101 5186 honore.

533 5231 600 5287 Et
638 5232 1007 5287 animadverte
1057 5230 1328 5301 quomodo
1375 5238 1429 5286 et
1480 5228 1591 5284 illic
1634 5243 1743 5285 non
1780 5226 1933 5298 prius
1972 5240 2103 5295 gen-

534 5336 619 5383 tes
651 5336 811 5381 vocet
839 5325 932 5379 sed
961 5322 1179 5377 Judaaos
1199 5363 1214 5385 ,
1244 5331 1294 5376 et
1325 5323 1413 5376 ltic
1448 5322 1700 5378 similiter
1728 5338 1742 5374 :
1776 5319 1868 5374 sed
1905 5332 2099 5386 quem-

528 5416 826 5475 admodum
867 5410 981 5477 ibi,
1008 5425 1129 5466 cum
1161 5409 1305 5463 illum
1348 5408 1620 5479 suscipere
1670 5407 1973 5474 noluerunt,
2002 5408 2110 5464 imo

527 5519 581 5563 et
611 5507 916 5563 venientem
961 5504 1294 5569 occiderunt,
1330 5510 1457 5558 tunc
1484 5503 1694 5558 vineam
1735 5502 1885 5558 dedit
1915 5521 1928 5557 :
1957 5504 2027 5559 ita
2056 5514 2111 5560 ct

528 5600 635 5664 hic,
662 5613 783 5654 cum
817 5597 1099 5653 noluerunt
1126 5594 1189 5649 ad
1228 5594 1441 5665 nuptias
1472 5594 1684 5659 venire,
1718 5594 1853 5649 alios
1879 5596 2105 5650 vocavit.

527 5692 666 5761 Quid
711 5707 838 5764 ergo
882 5690 987 5748 illis
1040 5690 1299 5761 ingratius
1346 5687 1528 5752 fuerit,
1555 5687 1769 5758 quando
1804 5686 1869 5741 ad
1901 5687 2110 5758 nuptias

529 5785 729 5842 vocati.
766 5782 1048 5842 resiliunt?
1091 5783 1210 5854 quis
1248 5781 1393 5838 enim
1432 5778 1499 5835 ad
1539 5779 1749 5851 nuptias
1775 5780 1957 5838 venire
2006 5799 2111 5842 non

2200 2489 2443 2553 optaret,
2463 2490 2517 2537 et
2555 2481 2620 2536 ad
2648 2480 2857 2551 nuptias
2884 2480 3044 2550 regis,
3070 2476 3161 2550 qui
3182 2477 3292 2532 illio
3318 2474 3551 2547 nuptiale
3591 2475 3780 2530 convi-

2202 2573 2345 2627 vium
2390 2573 2579 2643 parat?
2627 2573 2693 2627 Et
2720 2587 2845 2635 cur,
2877 2570 3082 2642 inquies
3105 2611 3121 2637 ,
3160 2571 3357 2641 nuptiae
3398 2566 3684 2623 vocantur?
3712 2566 3781 2623 Ut

2203 2662 2296 2718 Dei
2321 2662 2710 2734 providentiam
2754 2675 3042 2732 agnoscas,
3077 2659 3302 2729 ejusque
3336 2673 3461 2729 erga
3504 2674 3601 2715 nos
3630 2673 3781 2712 amo-

2201 2771 2337 2822 rem,
2364 2770 2541 2810 rerutn
2577 2754 2936 2826 Splendorem,
2962 2763 3018 2807 ut
3051 2752 3184 2807 nihil
3233 2752 3305 2806 ibi
3343 2752 3495 2806 triste
3537 2752 3625 2817 sit,
3650 2750 3779 2805 nihil

2205 2849 2530 2913 luctuosum,
2556 2848 2650 2903 sed
2696 2847 2875 2901 omnia
2919 2845 3110 2916 gaudio
3136 2844 3394 2914 spirituali
3423 2844 3597 2914 plena.
3632 2843 3781 2897 Ideo-

2202 2953 2306 3009 que
2328 2952 2581 3008 Sponsum
2604 2938 2751 2992 illum
2781 2946 2935 2991 vocat
2959 2936 3189 2991 Joannes
3221 2933 3368 3006 (Cap.
3402 2936 3456 2990 5.
3488 2934 3618 3005 29);
3661 2934 3780 2988 ideo

2202 3028 2397 3084 Paulus
2426 3028 2574 3097 dicit,
2603 3027 2864 3099 Despondi
2891 3044 2976 3082 vos
3004 3028 3093 3083 uni
3120 3027 3225 3080 viro
3248 3025 3325 3096 (2.
3356 3024 3472 3080 Cor.
3498 3026 3580 3080 11.
3604 3022 3699 3096 2);
3728 3036 3782 3078 et

2202 3134 2437 3187 rursum,
2489 3119 2786 3193 Mysterium
2830 3120 2923 3174 hoc
2954 3136 3190 3191 magnum
3217 3127 3310 3181 est,
3339 3134 3429 3187 ego
3455 3127 3623 3171 autem
3665 3116 3779 3171 dico

2200 3212 2255 3266 in
2281 3210 2480 3267 Christo
2500 3221 2546 3268 et
2571 3213 2623 3266 in
2650 3210 2879 3266 Ecclesia
2908 3210 3132 3282 (Ephes.
3161 3211 3215 3265 5.
3242 3208 3371 3277 52).
3395 3208 3501 3264 Cur
3528 3224 3656 3280 ergo
3677 3224 3779 3263 non

2202 3304 2345 3360 Patri
2373 3319 2563 3376 sponsa
2594 3304 2911 3373 desponderi
2943 3303 3153 3368 dicitur,
3183 3303 3276 3357 sed
3305 3303 3481 3357 Filio?
3506 3302 3639 3371 Quia
3662 3319 3781 3373 quae

2211 3394 2347 3451 Filio
2372 3394 2751 3465 despondetur,
2784 3395 2924 3449 Patri
2955 3394 3334 3463 despondetur.
3383 3393 3515 3449 Nam
3545 3395 3597 3449 in
3639 3394 3781 3450 Scri-

2205 3496 2357 3557 ptura
2387 3487 2488 3541 hoc
2514 3487 2597 3541 vel
2640 3485 2769 3541 illud
2794 3484 3157 3541 indifferenter
3180 3486 3375 3541 dicitur
3392 3526 3407 3550 ,
3434 3486 3504 3540 ob
3531 3486 3783 3542 substan-

2205 3578 2291 3633 tiae
2312 3578 2663 3633 identitatem.
2696 3578 2777 3633 Ab
2800 3576 2924 3631 hinc
2951 3594 3078 3632 vero
3118 3578 3561 3633 resurrectionem
3591 3578 3783 3649 praedi-

2203 3680 2309 3724 cat.
2338 3668 2471 3737 Quia
2493 3670 2635 3724 enim
2660 3670 2711 3724 in
2739 3669 3160 3740 praecedentibus
3190 3680 3416 3725 mortem
3444 3669 3596 3738 dixit,
3626 3686 3779 3725 mon-

2203 3770 2337 3816 strat
2392 3761 2478 3816 hic
2528 3771 2648 3832 post
2689 3772 2910 3818 mortem
2962 3764 3170 3833 nuptias
3216 3778 3577 3833 sponsumque
3629 3763 3769 3819 fore.

2207 3852 2403 3908 Verum
2452 3852 2507 3908 hi
2556 3870 2623 3908 ne
2650 3854 2721 3910 ita
2744 3854 2956 3924 quidem
2992 3855 3240 3910 meliores
3287 3865 3411 3910 sunt
3457 3854 3652 3922 eﬂ'eCti,
3684 3870 3784 3910 nec

2205 3943 2477 4009 mitiores;
2509 3960 2614 4013 quo
2633 3944 2758 4014 quid
2788 3944 3024 4001 deterius
3053 3945 3160 4001 sit?
3207 3947 3416 4002 Etenim
3470 3948 3585 4003 haee
3625 3948 3783 4003 tertia

2210 4045 2294 4091 est
2348 4037 2635 4091 accusatio.
2684 4037 2895 4103 Prima,
2930 4038 3069 4108 quod
3124 4038 3414 4108 prophetas
3462 4038 3780 4105 occiderint;

2206 4128 2420 4195 deinde,
2454 4129 2595 4201 quod
2625 4130 2783 4186 etiam
2813 4130 3038 4195 Filium;
3069 4129 3302 4197 demum,
3331 4131 3471 4203 quod
3499 4147 3619 4187 cum
3645 4132 3785 4187 occi-

2207 4221 2427 4288 dissent,
2460 4230 2516 4277 et
2564 4222 2632 4276 ad
2683 4222 2892 4293 nuptias
2935 4225 3002 4278 ab
3041 4224 3217 4277 occiso
3262 4223 3646 4289 invitarentur,
3677 4237 3782 4278 non

2207 4316 2457 4382 veniant,
2515 4314 2608 4369 sed
2659 4328 2849 4369 causas
2903 4314 3396 4381 eomminiscantur,
3431 4313 3554 4384 juga
3599 4313 3782 4377 boum,

2208 4419 2425 4471 uxores,
2468 4417 2662 4474 agros:
2694 4418 3013 4473 quamquam
3056 4402 3170 4458 haec
3204 4403 3483 4458 videantur
3525 4402 3787 4457 rationem

2211 4495 2428 4550 habere.
2456 4493 2559 4549 Sed
2590 4493 2714 4549 inde
2738 4494 3013 4561 discimus,
3049 4493 3151 4548 etsi
3180 4493 3480 4549 necessaria
3508 4492 3789 4548 videantur

2210 4604 2330 4645 esse
2378 4587 2467 4642 illa
2489 4602 2609 4657 quae
2637 4602 2736 4642 nos
2774 4587 3045 4653 retinent,
3078 4585 3369 4655 spiritualia
3409 4598 3623 4656 semper
3671 4600 3790 4641 esse

2212 4678 2611 4749 anteponenda.
2666 4678 2828 4733 Vocat
2874 4687 3071 4744 autem,
3128 4692 3233 4732 non
3281 4691 3470 4748 nuper,
3516 4675 3613 4732 sed
3666 4685 3792 4731 ante

2213 4773 2437 4829 multum
2466 4772 2739 4841 temporis.
2765 4771 2896 4826 Nam
2920 4772 3011 4836 ait,
3036 4770 3202 4825 Dicite
3223 4770 3467 4835 invitatis;
3488 4779 3544 4824 et
3576 4768 3790 4835 iterum,

2221 4863 2406 4920 Vocate
2429 4864 2683 4929 invitatos,
2708 4864 2849 4935 quod
2871 4872 3015 4919 certe
3041 4864 3241 4919 crimen
3261 4872 3437 4933 auget.
3465 4860 3531 4917 Et
3548 4861 3792 4931 quando-

2215 4971 2336 5011 nam
2364 4955 2534 5010 vocati
2557 4958 2718 5010 sunt?
2748 4948 2848 5010 Per
2871 4954 3162 5025 pr0phetas
3186 4968 3392 5023 omnes,
3414 4968 3509 5024 per
3534 4951 3793 5007 Joannem

2214 5061 2453 5112 rursum,
2482 5046 2573 5117 qui
2626 5060 2816 5101 omnes
2862 5046 2931 5101 ad
2981 5045 3251 5100 Christum
3302 5045 3545 5099 mittebat
3589 5043 3795 5108 dicens,

2216 5137 2379 5193 Illum
2406 5146 2598 5209 Oportet
2627 5154 2868 5202 crescere,
2895 5154 2976 5193 me
3003 5147 3170 5192 autem
3196 5137 3358 5190 minui
3387 5136 3567 5206 (Joan.
3596 5135 3650 5190 5.
3680 5134 3792 5202 50).

2216 5232 2321 5289 Per
2376 5233 2546 5303 ipsum
2576 5232 2811 5303 denique
2856 5232 3069 5295 Filium,
3113 5232 3205 5301 qui
3257 5232 3350 5297 ait,
3416 5230 3590 5285 Venite
3625 5229 3693 5284 ad
3720 5245 3799 5284 me

2217 5341 2387 5381 omnes
2406 5325 2492 5393 qui
2520 5323 2760 5378 laboratis
2795 5333 2843 5378 et
2871 5325 3065 5378 onerati
3114 5324 3249 5389 estis,
3277 5333 3322 5377 et
3348 5338 3439 5394 ego
3462 5322 3689 5388 reﬁciam
3712 5337 3800 5374 vos

2220 5415 2434 5491 (Matth.
2462 5417 2522 5470 11
2569 5415 2664 5484 28)
2684 5432 2699 5479 ;
2722 5425 2776 5471 et
2800 5430 3006 5480 rursus,
3037 5414 3099 5469 Si
3123 5414 3235 5484 quis
3258 5414 3383 5477 sitit,
3412 5412 3576 5467 ueniat
3604 5411 3672 5465 ad
3696 5427 3797 5476 me,

2218 5520 2266 5565 et
2291 5508 2425 5563 bibat
2453 5507 2631 5579 (Joan.
2661 5509 2714 5564 7.
2744 5509 2859 5579 57).
2908 5507 3091 5576 Neque
3138 5506 3316 5561 verbis
3358 5514 3563 5561 tantum
3584 5544 3599 5570 ,
3629 5502 3722 5558 sed
3747 5509 3802 5557 et

2218 5602 2470 5672 operibus
2498 5601 2626 5671 ipsis
2651 5600 2890 5667 vocabat,
2910 5609 2964 5656 et
2980 5608 3100 5670 post
3118 5600 3537 5669 assumptiouem
3560 5597 3676 5669 ejus
3706 5610 3803 5665 per

2220 5692 2437 5749 Petrum
2462 5699 2517 5747 et
2540 5691 2747 5755 socios;
2772 5706 2893 5746 nam
2927 5690 3284 5763 Quioperatus
3306 5698 3382 5745 est
3406 5688 3582 5756 Petro,
3610 5686 3801 5756 inquit,

2218 5790 2275 5843 in
2316 5785 2656 5856 apostolatum
2684 5783 3103 5853 circumcisionis,
3139 5791 3379 5855 operatus
3406 5790 3481 5839 est
3502 5791 3549 5838 et
3574 5780 3697 5835 mihi
3722 5779 3805 5833 in-
