4154 6370
323 326 423 389 ειν

326 453 626 524 ἐπιθυμίαν
656 454 939 510 ἐνεπέσετε
970 455 1069 528 τῆς
1093 457 1263 531 καλῆς
1294 460 1500 532 ταύτης
1531 464 1840 529 πολιτείας·
1867 463 2002 518 ἀλλὰ

323 535 384 614 τί
403 534 467 587 τὸ
501 536 709 606 κέρδος,
746 538 874 590 ὃταν
904 537 1136 591 ἐνταῦθα
1157 537 1310 603 ὄντες
1342 541 1504 610 μόνον
1554 543 1712 596 τοῦτο
1742 544 1902 614 ἔχητε
1943 546 2004 599 τὸ

329 613 798 696 πῦρ,ῌέξελθόντες
833 618 888 670 δὲ
917 617 1146 696 σϐέσητε
1173 620 1272 690 τὴν
1301 620 1497 690 φλόγα,
1522 625 1614 676 καὶ
1645 613 2002 696 καταμαραν-

328 695 395 774 θῇ
429 689 586 758 οὗτος
616 697 643 750 6
673 696 875 774 πόθοςὶ
900 697 1024 760 Πῶς
1053 694 1168 763 οὖν,
1190 689 1278 753 ἵνα
1312 689 1387 770 μὴ
1417 689 1581 756 ,τοῦτο
1620 689 1843 774 γένητᾶι
1863 689 1884 768 ;-
1916 705 2004 767 ,Ως

329 773 444 827 ἔστι
477 792 559 828 σοι
589 775 791 845 θερμὸς
819 770 974 841 οὗτος
1001 781 1028 830 6
1055 777 1214 848 ἔρως,
1248 780 1447 834 ἄπελθε
1479 783 1616 852 πρὸς
1645 770 1842 847 αὐτοὺς
1865 785 2007 839 ἐκεί-

326 871 454 918 νους
481 857 608 920 τοὺς
654 857 956 925 ἀγγέλους,
1002 859 1310 914 ἀνάκαυσον
1352 862 1517 914 αὑτὸν
1561 862 1742 917 πλέον.
1791 867 1865 918 Οὐ
1900 866 2007 933 γὰρ

329 933 505 998 οὕτως
534 936 562 988 6
597 935 726 1006 παρ’
761 937 919 1008 ἡμῶν
957 939 1112 1007 λόγος
1155 939 1443 1008 δυνήσεταί
1474 957 1532 994 σε
1572 941 1806 1008 ἀνάψαι,
1854 945 1930 1006 ὡς
1973 945 2006 1015 ἡ

329 1015 440 1067 τῶν
468 1016 812 1086 πραγμάτων
851 1018 970 1071 θέα.
1009 1018 1099 1090 Μὴ
1142 1020 1322 1089 είπῃς,
1355 1020 1631 1092 Διαλεχθῶ
1660 1022 1725 1093 τῇ
1764 1024 2007 1090 γυναικὶ,

331 1096 429 1149 καὶ
476 1096 713 1150 διαλύσω
768 1097 835 1151 τὰ
883 1099 1183 1170 πράγματα
1235 1100 1472 1171 πρῶτον.
1518 1101 1684 1174 Ἀρχὴ
1737 1103 2009 1174 ῥᾳθυμίας

332 1175 532 1247 αῦτηή
563 1177 824 1248 ἀναϐολή.
872 1180 1140 1233 Ἀκουσον
1184 1181 1265 1233 ὅτι
1303 1181 1666 1247 συντάξασθαι
1700 1186 1814 1246 τοῖς
1848 1186 1904 1237 ἐν
1940 1187 2006 1254 τῇ

332 1255 478 1326 οίκίᾳ
503 1254 735 1327 ἠθέλησέ
786 1275 890 1322 τις,
944 1259 1038 1312 καὶ
1076 1261 1176 1313 οὐκ
1210 1262 1390 1314 είασεν
1428 1263 1456 1313 6
1491 1263 1778 1333 προφήτης
1801 1263 1866 1315 ⁵³.
1898 1264 2010 1316 Καὶ

332 1334 386 1387 τί
414 1335 556 1404 λέγω
588 1337 955 1401 συντάξασθαι
977 1357 992 1404 ;
1016 1339 1195 1408 Θάψαι
1232 1342 1443 1410 πατέρα
1473 1341 1737 1412 ἠθέλησεν
1767 1344 1795 1394 6
1831 1343 2010 1412 μαθη-

333 1414 454 1484 τὴς,
495 1415 589 1468 καὶ
627 1417 748 1470 ούδέ
784 1417 944 1471 τοῦτο
985 1420 1364 1491 συνεχώρησεν
1393 1423 1420 1474 6
1451 1421 1703 1489 Χριστός.
1731 1421 1924 1474 Καίτοι
1957 1423 2008 1475 τί

335 1510 419 1546 σοι
449 1495 681 1566 πρᾶγμα
727 1498 1026 1564 ἀναγκαῖον
1078 1497 1250 1562 οὕτως
1299 1495 1440 1553 εἶναι
1490 1499 1655 1562 δοκεῖ,
1703 1500 1778 1564 ὼς
1819 1501 2011 1570 κηδεία

336 1573 576 1643 πατρός;
632 1573 748 1627 ἀλλ’
797 1576 1108 1630 οὐδὲτοῦτο
1154 1577 1440 1649 ἐπέτρεψε.
1500 1579 1565 1631 Τί
1611 1578 1846 1648 δήποτε;
1889 1580 2010 1635 Ὅτι

335 1654 566 1724 σφοδρὸς
587 1656 633 1686 ⁸⁸
663 1655 965 1726 ἐφέστηκεν
994 1659 1022 1710 6
1053 1657 1317 1722 διάϐολος.
1351 1658 1703 1728 παρείσδυσίν
1735 1677 1855 1713 τινα
1887 1661 2008 1724 βου-

333 1731 561 1801 λόμενος
601 1733 819 1788 λαϐεῖν·
865 1735 968 1789 κᾶν
1000 1736 1189 1805 ὀλίγης
1239 1736 1496 1806 ἀσχολίας
1546 1737 1878 1806 ἐπιλάϐηται
1918 1742 2011 1792 καὶ

334 1813 624 1883 ἀναϐολῆς,
652 1815 891 1886 μεγάλην
926 1816 1218 1886 ἐργάζεται
1239 1815 1533 1886 ρᾳθυμίαν.
1562 1817 1661 1870 Διά
1681 1816 1839 1881 τοῦτο
1870 1836 1943 1869 πα
1954 1835 2010 1886 ρ·

335 1894 477 1945 αινεῖ
501 1910 608 1957 τις,
651 1889 762 1960 ’Μὴ
807 1895 1154 1950 ἀναϐάλλου
1201 1896 1426 1963 ἡμέραν
1457 1897 1526 1960 ἐξ
1570 1895 1816 1965 ἡμέρας.
1855 1895 2013 1949 Οὕτω

333 1975 445 2044 γὰρ
478 1975 681 2047 δυνήσῃ
716 1975 782 2028 τά
813 1975 1034 2029 πλείονα
1067 1975 1401 2044 κατορθοῦν,
1448 1974 1591 2029 οὕτω
1641 1975 1736 2028 καὶ
1772 1974 1842 2028 τὰ
1871 1974 2012 2028 κατᾶ

409 2070 454 2100 ⁸⁸
491 2069 759 2138 δεσπότης
793 2067 928 2122 Mor.
962 2068 1018 2123 In
1045 2067 1106 2122 L.
1138 2071 1251 2125 hinc
1278 2068 1464 2122 vitiata
1499 2077 1644 2121 sunt.
1721 2067 2048 2138 99700206963;
2080 2066 2143 2120 L.
2175 2069 2238 2138 ἓσ

336 2140 462 2208 add.
495 2141 588 2193 καὶ
609 2137 1079 2208 τὴνίδικαιοσύνην
1110 2139 1275 2192 αὑτοῦ
1305 2137 1368 2191 ll.
1405 2139 1466 2193 L.

337 2281 524 2337 iidem.

1378 335 1446 392 IN
1492 337 1910 394 MATTHEUM
1958 338 2192 396 HOMIL.
2228 338 2411 395 LXIX.
2453 340 2525 394 al.
2570 339 2731 396 LXX.

1596 2137 1802 2210 "160]
1839 2137 1948 2210 μὲν
1970 2139 2074 2210 γάρ
2104 2139 2164 2191 L.
2201 2137 2320 2210 Mox
2345 2140 2457 2194 haec
2472 2140 2546 2202 ὡς
2573 2141 2706 2204 Θεὸς
2739 2137 3094 2210 προνοείοιιι.
3140 2140 3205 2194 G.
3245 2137 3315 2193 M.

338 2206 432 2292 σῦν
463 2211 597 2265 Mur.
622 2206 840 2292 a_«;ld._6g
877 2211 1011 2292 ‘qu’:
1039 2206 1179 2292 gen"
1205 2209 1407 2292 αὐτῶν]
1445 2207 1568 2292 06d:
1605 2206 1821 2292 οὐθέν..
1842 2206 1981 2292 Bap.
1996 2206 2062 2288 _n'.

635 2211 747 2264 add.
777 2211 840 2278 δή
877 2211 1002 2264 Sav.
1039 2211 1146 2263 Ben
1205 2211 1407 2280 αὐτῶν]
1445 2211 1568 2262 add.
1605 2211 1668 2260 σύ
1695 2211 1821 2262 Sav.
1855 2211 1981 2260 Bm.
2013 2225 2062 2268 ι).
2139 2249 2153 2262 .
2184 2211 2406 2279 μείζονα
2447 2211 2578 2264 Edd.

635 2279 683 2312 "
711 2276 895 2351 αὐτὸς]
921 2283 949 2333 6
972 2280 1104 2342 856;
1135 2278 1202 2334 Β.
1235 2279 1414 2332 αὐτῶν
1449 2277 1631 2350 αὐτὸς]
1663 2280 1692 2332 6
1723 2278 1855 2342 Θεὸς
1884 2278 2062 2332 αὐτῶν
2230 2280 2278 2311 ⁷⁸
2311 2277 2401 2335 Sic
2429 2278 2491 2333 L.
2512 2297 2576 2334 νυ

3682 341 3784 399 018

2110 463 2208 533 τὴν
2231 463 2408 517 οίκίαν
2440 480 2521 516 σοι
2553 463 2732 525 καλῶς
2765 463 3098 517 διακείσεται
3120 481 3130 494 ·
3156 461 3393 530 Ζητεῖτε
3409 461 3538 534 γὰρ,
3563 466 3696 531 φησὶ
3712 463 3784 528 ⁷ο,

2111 543 2227 609 τὴν
2249 543 2578 606 ,Βασιλείαν
2615 542 2722 595 τοῦ
2746 543 2916 602 Θεοῦ,
2943 543 3039 596 καί
3069 542 3258 596 ταῦτα
3294 542 3493 595 πάντα
3535 557 3788 610 προστε-

2110 623 2358 692 θήσεται
2387 623 2549 692 ὑμῖν.
2574 624 2637 675 El
2666 622 2774 692 γὰρ
2796 623 2956 692 ἡμεῖς
2978 623 3104 687 τοὺς
3132 622 3200 676 τὰ
3234 621 3445 676 ἐαυτῶν
3473 620 3789 692 ὑπερορῶν-

2110 721 2230 767 τας,
2271 705 2366 757 καὶ
2393 703 2502 756 τῶν
2534 703 2818 774 ἡμετέρων
2849 701 2948 773 τὴν
2977 702 3295 773 ἐπιμέλειαν
3330 700 3705 770 προτιθέντας,
3731 701 3788 753 ἐν

2111 781 2278 854 πολλῇ
2310 782 2656 853 καθιστῶμεν
2687 781 2991 852 ἀμεριμνία
3013 797 3027 810 ·
3068 779 3248 850 πολλῷ
3285 779 3484 850 μᾶλλον
3515 780 3544 831 6
3573 779 3724 841 Θεὸς,
3761 778 3792 830 6

2109 862 2205 916 καὶ
2250 862 2419 932 χωρὶς
2464 861 2669 915 τούτων
2716 861 3015 930 κηδόμενος
3048 861 3142 913 καὶ
3176 860 3439 932 προνοῶν.
3493 857 3584 930 Μὴ
3612 857 3791 911 τοίνυν

2110 940 2404 1012 φροντίσῃς
2432 940 2542 993 τῶν
2567 941 2698 1006 σῶν,
2738 941 2873 994 ἀλλά
2901 941 3036 1008 ἄφες
3065 938 3205 992 αὐτὰ
3227 938 3306 1009 τῷ
3326 938 3466 1009 Θεῷ.
3489 940 3584 990 Ἂν
3611 937 3719 1008 γὰρ
3737 938 3789 975 -”¹¹

2111 1023 2176 1076 σὺ
2217 1021 2542 1092 φροντίσῃς,
2589 1022 2664 1084 ώς
2706 1021 2996 1092 ἄνθρωπος
3026 1018 3360 1089 φροντίζεις·
3396 1018 3462 1072 ἂν
3504 1017 3560 1070 δὲ
3591 1020 3619 1071 6
3657 1017 3792 1081 Θεὸς

2110 1103 2411 1172 προνοήσῃ,
2457 1100 2532 1163 ὡς
2572 1100 2704 1163 Θεὸς
2748 1102 2984 1169 προνοεῖ.
3037 1099 3129 1169 Μὴ
3184 1100 3229 1130 ⁷³
3283 1097 3578 1169 φροντίσῃς
3609 1097 3791 1151 αὐτῶν

2109 1179 2271 1246 ἀφεὶς
2296 1178 2367 1231 τὰ
2394 1177 2587 1250 μείζω,
2616 1179 2738 1232 ἐπεὶ
2764 1178 2927 1241 αὐτὸς
2952 1178 3014 1252 οὐ
3043 1179 3249 1248 σφόδρα
3273 1177 3452 1231 αὐτῶν
3477 1178 3787 1247 προνοήσει.

2112 1258 2261 1330 [678]
2297 1258 2394 1312 'Iv’
2432 1255 2525 1313 οὖν
2562 1260 2768 1331 σφόδρα
2793 1257 2972 1312 αὐτῶν
3005 1261 3231 1330 προνοῇ,
3261 1257 3408 1326 αὐτῷ
3440 1257 3586 1326 μόνῳ
3611 1256 3793 1310 πάντα

2112 1337 2426 1409 ἐπίτρεψον.
2480 1341 2580 1391 Ἂν
2626 1339 2738 1408 γάρ
2789 1337 2886 1391 καὶ
2917 1338 2962 1368 ⁷³
2999 1336 3160 1400 αὐτὸς
3220 1336 3357 1390 αὐτὰ
3407 1335 3790 1405 μεταχειρίσῃ,

2113 1417 2270 1485 ἀφεὶς
2309 1417 2378 1470 τὰ
2401 1416 2750 1487 πνευματικά
2777 1418 2838 1469 ού
2873 1415 3074 1486 πολλὴν
3103 1417 3282 1471 αὐτῶν
3309 1416 3470 1479 αὐτὸς
3501 1415 3548 1445 ⁷⁸
3571 1414 3794 1484 ποιήσει

2111 1513 2200 1550 ται
2250 1496 2524 1566 πρόνοιαν.
2559 1498 2656 1549 "lv’
2691 1494 2785 1550 οὖν
2828 1496 2923 1549 καὶ
2959 1498 3039 1549 σοὶ
3087 1496 3259 1550 ταῦτα
3304 1493 3362 1549 εὖ
3405 1493 3692 1562 διακέηται
3721 1494 3791 1558 ⁷⁵,

2112 1580 2205 1631 καὶ
2233 1579 2510 1650 φροντίδος
2539 1579 2863 1650 ἀπαλλαγῇς
2897 1580 3118 1648 ἁπάσης
3142 1619 3156 1642 ,
3186 1579 3311 1650 ἐχου
3346 1577 3454 1632 τῶν
3487 1593 3791 1647 πνευματι-

2113 1657 2242 1722 κῶν,
2288 1659 2533 1730 ὑπερόρα
2574 1659 2684 1711 τῶν
2725 1658 3032 1730 βιωτικῶνο
3066 1659 3208 1712 οὕτω
3254 1659 3363 1730 γὰρ
3410 1658 3504 1711 καὶ
3553 1656 3651 1727 τὴν
3685 1655 3794 1724 γῆν

2111 1735 2254 1802 ’έξεις
2303 1739 2441 1803 μετά
2468 1738 2577 1792 τῶν
2631 1738 2899 1809 οὐρανῶν,
2940 1741 3034 1792 καὶ
3077 1739 3186 1792 τῶν
3219 1738 3518 1809 μελλόντων
3568 1733 3793 1804 ἀγαθῶν

2113 1817 2404 1891 ἐπιτεύξῃ,
2439 1821 2623 1890 χάριτι
2680 1820 2774 1873 καὶ
2820 1818 3203 1888 φιλανθρωπίᾳ
3237 1817 3330 1871 τοῦ
3378 1817 3583 1888 Κυρίου
3631 1813 3792 1884 ήμῶν

2126 1897 2300 1966 Ἰησοῦ
2336 1894 2594 1968 Χριστοῦ.
2617 1892 2660 1966 ᾧ
2685 1901 2718 1970 ἡ
2747 1899 2875 1965 δόξα
2897 1899 3074 1952 καὶτὸ
3097 1899 3296 1969 κράτος
3326 1899 3404 1960 είς
3433 1898 3561 1961 τοὺς
3590 1896 3793 1960 αἰῶνας

2116 1975 2227 2029 τῶν
2260 1975 2494 2029 αἰώνων.
2536 1977 2734 2048 Ἀμήν.

2241 2085 2407 2137 τηκεν
2441 2069 2508 2123 G.
2556 2069 2628 2126 M.
2729 2071 2777 2102 ⁷⁰
2817 2069 2974 2141 (mall
3024 2071 3148 2125 add.
3205 2089 3246 2123 π
3283 2070 3420 2123 ῶτον
3459 2068 3595 2122 Edd.
3630 2068 3793 2139 Θεοῦ]

2241 2137 2320 2192 [nx
2345 2140 2457 2194 haec
2472 2140 2546 2194 ὡς
2573 2141 2706 2194 Θεὸς
2739 2144 2958 2194 προνοεῖ
2983 2157 3094 2194 om.
3140 2140 3205 2194 G.
3245 2088 3315 2193 Μ.
3432 2143 3476 2172 ⁷⁸
3508 2139 3622 2194 ΜΗ
3665 2140 3790 2194 add.

3432 2143 3476 2172 ⁷⁸
3508 2143 3622 2193 Μὴι
3665 2143 3790 2193 add.

2693 2139 3094 2264 as=:::°:.:°'a-
3403 2139 3795 2281 έξιξεηιριεεε

2230 2280 2278 2311 ⁷⁸
2311 2277 2401 2335 Sic
2429 2278 2491 2333 L.
2512 2281 2670 2352 vulgo
2697 2281 3050 2336 διακείσεται.

1771 2486 1781 2498 .
1887 2451 2129 2506 ΟΜΙΛΙΑ
2163 2452 2283 2504 ΞΘ’.

336 2523 447 2579 Kal
486 2524 832 2592 ἀποκριθεὶς
879 2527 912 2579 d
958 2522 1190 2591 Ἰησοῦς
1241 2524 1370 2578 εἷπε
1423 2524 1612 2577 πάλιν
1650 2525 1720 2578 ἐν
1755 2526 2014 2590 παραϐο-

407 2596 564 2661 λιιῖςο
597 2593 881 2665 Ὡμοιώθη
903 2596 941 2662 ἠ
971 2593 1260 2665 ,βασιλεία
1289 2595 1407 2647 τῶν
1431 2595 1706 2665 οιίνρανῶν
1725 2594 2013 2661 ἀνθρώπῳ

403 2663 673 2730 βασιλεῖ,
705 2666 876 2732 ὅστις
899 2667 1148 2732 ἐποίησε
1173 2663 1398 2732 γάμους
1423 2663 1503 2729 τῷ
1536 2665 1642 2729 υίῷ
1669 2666 1878 2720 αὑτοῦ.
1907 2666 2015 2718 Kal

407 2736 726 2791 ἀπέστειλε
741 2737 880 2803 τοὺς
896 2736 1155 2801 δούλους
1168 2736 1357 2789 αὐτοῦ
1374 2735 1627 2791 καλέσαι
1642 2735 1786 2803 τοὺς
1802 2739 2016 2802 κεκλη-

404 2807 626 2877 μένους
660 2810 747 2873 είς
790 2807 934 2871 τοὺς
972 2805 1216 2874 γάμους,
1247 2805 1346 2877 καί
1384 2809 1496 2860 οὐκ
1533 2809 1756 2875 ἤθελον
1792 2806 2011 2861 ἐλθεῖν.

409 2876 606 2932 Πάλιν
625 2879 986 2933 ἀπέστειλεν
1004 2877 1235 2940 ἄλλους
1259 2876 1540 2942 δούλους,
1563 2877 1776 2945 λέγων·
1795 2877 2016 2930 Εἴπατε

409 2950 534 3015 τοῖς
560 2948 969 3016 κεκλημένοις,
1005 2947 1073 2999 Τὸ
1104 2946 1149 2977 ⁷⁸
1188 2946 1436 3013 ἄριστόν
1465 2966 1584 3016 μου
1615 2948 1932 3017 ἡτοίμασα,
1963 2950 2016 3000 οί

409 3020 620 3087 ταῦροί
661 3037 774 3081 μου
818 3017 915 3071 καὶ
945 3017 1016 3070 τὰ
1045 3018 1287 3087 σιτιστὰ
1320 3018 1635 3087 τεθυμένα,
1673 3019 1768 3070 καί
1818 3017 2016 3070 πάντα

410 3085 632 3158 ἕτοιμα
655 3089 828 3143 δεῦτε
855 3089 942 3152 είς
972 3085 1113 3158 τοὺς
1139 3086 1386 3158 γάμους.
1409 3091 1473 3140 Ol
1502 3086 1570 3140 δὲ
1598 3087 2018 3152 ἀμελήσαντες

411 3156 708 3228 ἀπῆλθον,
738 3163 770 3214 ὁ
788 3158 906 3226 μὲν
929 3159 1012 3222 είς
1032 3156 1140 3228 τὸν
1157 3156 1320 3228 Ῠῖδιον
1338 3158 1544 3226 ἀγφόν,
1572 3161 1604 3211 ό
1625 3159 1692 3211 δὲ
1711 3159 1808 3212 ἐπί
1835 3160 1877 3189 ⁷⁷
1903 3158 2019 3224 τὴν

412 3227 704 3298 ἐμπορίαν
750 3228 957 3298 αὑτοῦ.
995 3230 1062 3281 Ol
1104 3227 1174 3279 δὲ
1200 3227 1406 3280 λοιποί
1435 3229 1849 3298 κρατήσαντες
1875 3230 2018 3294 τοὺς

411 3297 671 3368 δούλους
688 3297 874 3355 αὐτοῦ
895 3299 1148 3364 ὕϐρισαν
1164 3298 1262 3351 καί
1284 3297 1438 3352 ἀπέκ
1446 3315 1660 3363 τειναν,
1680 3302 1773 3352 καὶ
1788 3300 1855 3352 τὰ
1871 3299 1962 3370 ἐξῆ
1977 3317 2014 3354 τ.

413 3390 482 3444 α⁹·.
519 3385 672 3452 Εἶδες
701 3389 796 3442 καὶ
816 3390 874 3441 ἐν
901 3390 968 3458 τῇ
990 3387 1232 3459 προτέρᾳ
1251 3387 1344 3440 καὶ
1369 3388 1427 3440 ἐν
1456 3387 1628 3458 ταύτῃ
1645 3391 1710 3459 τῇ
1737 3387 2014 3460 παραϐολῇ

341 3467 437 3524 τοῦ
463 3469 580 3523 υἱοῦ
613 3468 842 3522 καὶτῶν
865 3467 1065 3520 δούλων
1088 3466 1148 3519 τὸ
1182 3466 1375 3535 μέσον;
1419 3464 1557 3530 εἶδες
1596 3468 1798 3538 πολλὴν
1838 3468 1935 3537 μὲν
1975 3468 2020 3498 ⁷⁸

340 3549 618 3620 ἑκατέρων
646 3548 756 3601 τῶν
786 3545 1112 3617 παραϐολῶν
1133 3545 1234 3616 τὴν
1268 3546 1604 3614 συγγένειαν,
1630 3545 1828 3616 πολλὴν
1851 3546 1907 3599 δὲ
1928 3547 2022 3598 καὶ

341 3629 438 3700 τὴν
467 3627 768 3699 διαφοράν;
805 3626 1034 3697 καὶγὰρ
1065 3625 1203 3698 αὕτη
1242 3626 1480 3679 δείκνυσι
1521 3627 1615 3680 καλ⁵
1648 3625 1740 3679 τοῦ
1769 3626 1901 3680 Θεοῦ
1923 3626 2021 3697 τὴν

346 3715 726 3788 μακροθυμίαν
755 3715 849 3768 καὶ
876 3715 972 3785 τὴν
1001 3714 1256 3785 πρόνοιαν
1279 3713 1376 3784 τὴν
1398 3712 1619 3784 πολλὴν,
1646 3717 1739 3767 καὶ
1765 3715 1863 3786 τὴν
1896 3716 2020 3767 Ἰου-

341 3795 534 3866 δαῖκὴν
571 3793 986 3864 ἀγνωμοσύνην.
1035 3793 1172 3845 Ἀλλ’
1207 3792 1317 3863 ἔχει
1358 3809 1409 3844 τι
1450 3793 1543 3845 καὶ
1597 3793 1756 3846 πλέον
1800 3794 2016 3863 ἐκείνης

342 3874 504 3944 αῦτη.
559 3875 947 3943 Προαναφωνεῖ
986 3872 1085 3942 μὲν
1134 3874 1243 3941 γὰρ
1295 3873 1389 3925 καί
1434 3871 1533 3943 τὴν
1590 3873 1863 3926 ἔκπτωσιν
1909 3873 2016 3927 τῶν

356 3954 644 4012 Ἰουδαίων.
673 3954 768 4008 καὶ
798 3953 896 4022 τὴν
923 3953 1117 4023 κλῆσιν
1140 3952 1248 4004 τῶν
1274 3951 1442 4004 ἐθνῶν
1468 3971 1481 3983 ·
1519 3952 1755 4007 δείκνυσι
1785 3954 1842 4006 δέ
1881 3954 2017 4024 μετά

342 4035 532 4090 τούτου
558 4034 651 4088 καὶ
675 4034 772 4087 τοῦ
804 4032 920 4103 βίου
956 4033 1055 4104 τὴν
1085 4033 1389 4101 ἀκρίϐειαν,
1419 4033 1509 4085 καὶ
1535 4033 1632 4102 ὅση
1660 4037 1767 4096 τοῖς
1783 4033 2016 4104 ἀμελοῦ-

345 4132 431 4168 σιν
457 4116 490 4186 ἡ
519 4114 641 4183 δίκη
667 4117 862 4167 κεῖται.
904 4112 1014 4166 Καὶ
1038 4112 1218 4175 καλῶς
1254 4111 1389 4182 αὕτη
1435 4114 1554 4181 μετ’
1593 4113 1804 4183 ἐκείνην
1847 4113 2012 4168 ἐστίν.

355 4194 574 4264 Ἐπειδὴ
613 4194 720 4264 γὰρ
766 4188 909 4246 εἷπε·
967 4191 1290 4258 Δοθήσεται
1337 4191 1495 4244 ἔθνει
1542 4191 1813 4245 ποιοῦντι
1875 4192 2016 4257 τοὺς

344 4275 614 4343 καρποὺς
642 4272 852 4340 αὐτῆς,
882 4273 1032 4344 δηλοί
1062 4272 1246 4325 λοιπὸν
1271 4271 1504 4326 ἐνταῦθα
1538 4273 1631 4324 καὶ
1662 4272 1796 4343 ποίῳ
1836 4272 1976 4325 ἔθνει
1999 4289 2011 4302 ·

344 4357 439 4408 καὶ
471 4355 533 4406 οὐ
555 4353 710 4406 τοῦτο
743 4355 922 4424 μόνον,
956 4352 1090 4406 ἀλλά
1135 4353 1182 4383 ⁷⁹
1210 4351 1304 4404 καὶ
1341 4350 1548 4418 ἄφατον
1588 4352 1666 4414 εἰς
1703 4353 1830 4414 τοὺς
1887 4353 2016 4404 Ἰου-

345 4434 525 4496 δαίους
553 4432 714 4487 πάλιν
743 4434 842 4504 τὴν
868 4432 1122 4504 πρόνοιαν
1151 4430 1538 4485 ἐπιδείκνυται.
1583 4429 1728 4483 Ἐκεῖ
1769 4431 1867 4501 μὲν
1907 4431 2015 4502 γὰρ

346 4511 454 4583 πρὸ
471 4511 562 4566 τοῦ
594 4513 825 4584 σταυροῦ
855 4513 1101 4582 φαίνεται
1122 4510 1330 4564 καλῶν·
1388 4508 1621 4563 ἐνταῦθα
1659 4510 1714 4562 δὲ
1745 4512 1838 4564 καὶ
1881 4510 2017 4580 μετά

345 4592 410 4645 τὸ
451 4593 720 4662 σφαγῆναι
767 4591 1037 4645 ἐπίκειται
1080 4589 1463 4658 ἐπισπώμενος
1516 4589 1729 4653 αύτούς.
1772 4590 1879 4644 Καὶ
1928 4591 2015 4643 ὅτε

346 4672 446 4741 τὴν
471 4671 864 4741 χαλεπωτάτην
896 4671 1093 4732 αὐτοὺς
1131 4668 1238 4721 ἔδει
1261 4669 1442 4722 δοῦναι
1469 4669 1644 4739 δίκην,
1677 4669 1799 4722 τότε
1822 4670 1912 4722 καὶ
1938 4671 2018 4733 είς

345 4749 560 4818 γάμους
595 4751 792 4813 αὐτοὺς
810 4750 958 4802 ἕλκει
992 4749 1061 4811 ⁸ο,
1090 4750 1182 4802 καὶ
1211 4751 1278 4820 τῇ
1311 4751 1444 4820 τιμῇ
1473 4751 1537 4818 τῇ
1568 4750 1830 4802 ἀνωτάτω
1860 4751 2012 4821 τιμᾷ.

346 4832 460 4886 Καὶ
491 4831 592 4902 ὅρα
624 4829 740 4893 πῶς
762 4829 854 4883 καὶ
880 4831 995 4882 ἐκεῖ
1018 4831 1077 4882 οὐ
1114 4828 1352 4900 πρότερα
1395 4828 1464 4881 τά
1488 4828 1613 4900 ἐθνη
1638 4829 1705 4893 δι,
1739 4829 1853 4883 ἀλλ’
1889 4831 2017 4883 Ἰου-

345 4911 550 4974 δαίους,
586 4909 681 4964 καὶ
722 4908 959 4963 ἐνταῦθα
985 4908 1166 4964 πάλιν.
1205 4909 1343 4962 Ἀλλ’
1369 4908 1559 4980 ὥσπερ
1600 4911 1733 4974 ἐκεῖ,
1786 4910 1875 4964 ὅτε
1916 4911 2018 4964 οὐκ

346 4992 620 5061 ἠθέλησαν
661 4989 824 5042 αὐτὸν
880 4989 1150 5055 δέξασθαι,
1185 4991 1321 5044 ἀλλά
1369 4991 1462 5044 καὶ
1494 4990 1717 5044 ἐλθόντα
1751 4990 2013 5062 ἔσφαξαν,

348 5072 469 5124 τότε
502 5070 670 5124 ἔδωκε
699 5070 790 5123 τὸν
815 5069 1111 5139 ἀμπελῶνα
1136 5087 1151 5103 ο
1195 5068 1337 5123 οὕτω
1378 5071 1471 5123 καὶ
1502 5068 1756 5132 ἐνταῦθα,
1811 5072 1899 5124 ὅτε
1945 5071 2020 5143 μὴ

349 5150 619 5220 ἠθέλησαν
645 5148 1046 5219 παραγενέσθαι
1071 5149 1130 5200 ἐν
1163 5148 1238 5218 τῷ
1269 5149 1451 5218 γάμῳ,
1480 5147 1599 5201 τότε
1629 5149 1850 5220 ἐτέρους
1886 5151 2020 5204 ἐκά-

348 5230 493 5282 λεσε.
525 5229 590 5280 Τί
616 5227 797 5280 τοίνυν
825 5227 1022 5296 γένοιτ’
1064 5227 1130 5282 ἀν
1152 5228 1332 5282 αὐτῶν
1368 5228 1862 5298 ἀγνωμονέστερον,
1894 5232 2022 5285 ὅταν

350 5309 444 5361 ἐπὶ
460 5307 673 5377 γάμους
705 5305 856 5378 [6791
891 5306 1214 5377 καλούμενοι
1241 5305 1598 5376 άποπηδῶσι;
1649 5308 1745 5371 Τίς
1775 5309 1884 5379 γάρ
1922 5311 2023 5364 οὐκ

351 5387 420 5442 ἂν
447 5388 620 5440 ἐλοιτο
651 5387 744 5440 ἐπὶ
774 5387 986 5457 γάμους
1007 5387 1201 5450 ὲλθείν,
1233 5385 1330 5440 καὶ
1355 5385 1566 5456 γάμους
1600 5385 1885 5455 βασιλέως,
1928 5393 2023 5442 καὶ

421 5480 468 5512 ⁷⁸
491 5478 574 5548 τὸ]
598 5479 707 5532 ίδοὺ
735 5479 797 5532 τό
821 5478 886 5532 Κ.
917 5480 952 5533 '5
975 5478 1179 5548 Mosqq.
1201 5476 1437 5548 σιτιστὰῖ
1459 5477 1584 5534 add.
1611 5495 1712 5548 μου
1743 5479 1806 5534 G.
1831 5480 1904 5536 Μ.

355 5551 438 5603 ὅτι
471 5549 535 5603 H.
661 5565 716 5618 p.
745 5565 804 5620 ρ.
822 5547 1164 5620 ἐπεδείκνυτο
1271 5547 1342 5603 Μ.
1407 5551 1463 5620 _"°
1499 5547 1667 5620 ἓλκει]

1978 5485 2022 5516 ⁷⁷
2053 5482 2169 5554 ἐπὶ]
2205 5481 2381 5554 είςᾷῌ.

1707 5550 1861 5603 καλεί
1903 5555 1995 5606 καὶ
2021 5550 2168 5608 ἐλκεῐ
2192 5552 2255 5606 G.
2292 5551 2356 5605 H.
2391 5552 2454 5606 L.
2489 5550 2561 5605 Μ.
2605 5550 2946 5606 νίἀ.“αᾶιιυι.

2121 2522 2384 2591 βασιλέως
2411 2523 2513 2595 υίῷ
2559 2526 2605 2557 ⁸⁸
2643 2528 2921 2594 ποιοῦντος
2962 2527 3210 2596 γάμουςς
3266 2525 3378 2578 Καὶ
3425 2525 3572 2589 τίνος
3611 2525 3795 2578 ἕνεκεν

2115 2606 2291 2673 γάμος
2318 2605 2558 2676 εἴρηται;
2591 2610 2774 2680 φησίν.
2806 2613 2922 2664 Ἵνα
2945 2607 3121 2678 μάθῃς
3157 2605 3250 2660 τοῦ
3275 2607 3410 2660 Θεοῦ
3436 2608 3534 2676 τὴν
3565 2605 3796 2676 κηδεμο-

2116 2683 2255 2744 νίαν,
2285 2685 2374 2737 τὸν
2423 2686 2591 2742 πόθον
2618 2691 2711 2742 τὸν
2752 2691 2884 2762 περὶ
2926 2690 3096 2760 ἡμᾶς.
3145 2687 3254 2741 τῶν
3304 2687 3645 2757 πραγμάτων
3697 2687 3795 2755 τὴν

2118 2765 2469 2836 φαιδρότητα,
2495 2768 2571 2832 ὡς
2607 2769 2757 2823 οὐδὲν
2783 2769 3024 2841 λυπηρὸν
3058 2769 3175 2820 ἐκεῖ
3207 2767 3274 2829 ⁸³,
3305 2766 3426 2819 οὐδὲ
3447 2765 3790 2836 σκυθρωπὸν,

2116 2841 2254 2896 άλλά
2282 2843 2457 2898 πάντα
2493 2851 2668 2919 χαρᾶς
2696 2849 2856 2918 γέμει
2889 2846 3286 2917 πνευματικῆς.
3346 2844 3447 2899 Διά
3489 2844 3647 2898 τοῦτο
3701 2843 3797 2897 καὶ

2115 2923 2347 2992 νυμφίον
2376 2925 2535 2977 αὑτὸν
2579 2927 2831 2998 Ἰωάννης
2860 2927 3044 2981 καλεῖο
3074 2925 3162 2979 διά
3208 2924 3367 2977 τοῦτο
3400 2923 3495 2976 καὶ
3516 2926 3544 2977 6
3583 2922 3797 2985 Παῦλος

2116 2999 2296 3068 λέγει·
2338 3002 2716 3073 Ἠρμοσάμην
2740 3006 2848 3076 γὰρ
2878 3006 2926 3038 ⁸⁸
2951 3003 3106 3075 ὑμᾶς
3125 3003 3216 3058 ἐνὶ
3245 3003 3422 3068 ἀνδρί
3444 3020 3457 3034 ·
3485 3003 3579 3057 καὶ
3610 3003 3796 3063 πάλιν,

2121 3078 2198 3134 Τὸ
2221 3081 2557 3150 μυστήριον
2586 3085 2762 3138 τοῦτο
2802 3085 2957 3156 μέγα
2998 3084 3192 3146 ἐστίν,
3249 3083 3366 3152 ἐγὼ
3406 3083 3474 3135 δὲ
3508 3083 3664 3152 λέγω
3710 3084 3797 3148 είς

2118 3162 2377 3226 Χριστὸν
2398 3162 2496 3216 καί
2514 3165 2601 3228 είς
2632 3165 2677 3196 ⁸⁸
2702 3163 2816 3232 τὴν
2845 3165 3226 3230 Ἐκκλησίαν.
3246 3164 3311 3215 Τί
3334 3158 3429 3217 οὖν
3453 3163 3552 3214 οὐκ
3580 3161 3728 3232 αύτῷ
3749 3161 3797 3191 ⁸⁸

2120 3237 2454 3309 ἁρμόζεσθαι
2482 3240 2700 3310 λέγεται
2722 3246 2753 3313 ὴ
2778 3242 2988 3314 νύμφη,
3020 3242 3159 3296 ἀλλά
3194 3241 3271 3313 τῷ
3300 3240 3448 3310 Υἱῴ;
3493 3241 3616 3293 Ὅτι
3647 3242 3679 3310 ἡ
3721 3239 3797 3309 τῷ

2125 3318 2234 3388 Υίῷ
2283 3321 2630 3393 ἀρμοζομένη
2662 3323 2739 3392 τῷ
2769 3324 2944 3392 Πατρὶ
2991 3323 3311 3392 ἁρμόζεται.
3355 3320 3468 3372 Καὶ
3505 3318 3613 3390 γὰρ
3646 3319 3796 3372 ἀδιά-

2121 3415 2283 3468 φορον
2311 3403 2376 3470 τῇ
2409 3401 2596 3473 Γραφῇ
2627 3402 2834 3474 τοῦτοῆ
2859 3402 3014 3456 τοῦτο
3039 3400 3296 3469 λέγεσθαι
3325 3400 3391 3462 ⁸⁷,
3415 3399 3502 3452 διὰ
3531 3399 3591 3453 τὸ
3618 3400 3797 3470 ἀπαρο

2122 3477 2388 3532 ἀλλακτον
2433 3480 2532 3551 τῆς
2575 3482 2779 3544 οὐσίας.
2834 3481 2968 3535 Ἀπὸ
3001 3481 3187 3534 τούτου
3221 3480 3315 3534 καὶ
3357 3480 3454 3549 τὴν
3503 3478 3798 3532 ἀνάστασιν

2120 3558 2473 3629 ἀνεκήρυξεν.
2518 3561 2736 3631 Ἐπειδὴ
2768 3561 2878 3632 γάρ
2917 3563 2975 3613 ἐν
3002 3565 3115 3623 τοῖς
3147 3559 3454 3630 ἔμπροσθεν
3489 3559 3582 3611 τὸν
3629 3557 3797 3612 θάνα-

2119 3657 2211 3692 τον
2237 3635 2377 3701 εἷπε,
2405 3639 2676 3693 δείκνυσιν
2698 3641 2780 3694 ὅτι
2810 3643 2905 3694 καὶ
2933 3641 3070 3710 μετά
3093 3641 3185 3692 τὸν
3236 3639 3284 3671 ⁸³
3329 3637 3558 3692 θάνατον
3595 3637 3718 3691 τότε
3749 3639 3798 3691 οί

2121 3719 2309 3787 γάμοι,
2335 3719 2454 3771 τότε
2481 3719 2510 3770 ὁ
2537 3719 2790 3788 νυμφίος.
2832 3719 2972 3773 Ἀλλ’
3005 3720 3127 3773 οὐδὲ
3162 3717 3338 3781 οὕτως
3379 3710 3526 3770 οῦτοι
3558 3716 3798 3780 γίνονται

2125 3798 2382 3869 βελτίους,
2432 3799 2553 3852 οὐδὲ
2597 3799 2980 3871 ἡμερώτεροι·
3017 3792 3078 3853 οῦ
3129 3799 3183 3851 τί
3221 3797 3417 3868 γένοιτ’
3457 3797 3524 3851 ἂν
3574 3799 3796 3869 χεῖρον;

2123 3879 2232 3934 Καὶ
2261 3878 2368 3949 γὰρ
2393 3877 2530 3949 αὕτη
2561 3881 2717 3949 τρίτη
2749 3877 3068 3950 κατηγορία.
3098 3878 3297 3948 Πρώτη
3337 3877 3458 3947 μὲν,
3481 3877 3565 3930 ὅτι
3588 3877 3797 3946 προφή-

2121 3975 2219 4022 τας
2253 3959 2612 4012 άπέκτεινανο
2643 3958 2854 4023 ἔπειτα,
2888 3960 2971 4011 ὅτι
3012 3958 3104 4012 τὸν
3135 3957 3288 4010 Υἱόν·
3326 3955 3464 4026 μετὰ
3492 3953 3685 4012 ταῦτα.
3714 3954 3797 4007 ὅτι

2124 4039 2216 4091 καὶ
2250 4038 2550 4104 ἀνελόντες,
2582 4039 2676 4092 καὶ
2721 4041 2800 4101 είς
2850 4041 2974 4102 τοὺς
3007 4038 3217 4110 γάμους
3271 4036 3366 4090 τοῦ
3422 4034 3797 4106 ἀναιρεθέντος

2123 4113 2445 4186 καλούμενοι
2479 4120 2609 4188 παρ’
2643 4117 2808 4172 αὐτοῦ
2831 4117 2924 4171 τοῦ
2957 4116 3336 4187 ἀναιρεθέντος
3374 4117 3419 4148 ⁸⁸
3465 4115 3528 4169 ού
3560 4113 3797 4182 παραγί-

2121 4213 2324 4258 νονται,
2353 4193 2469 4248 ἀλλ’
2492 4195 2671 4257 αἰτίας
2699 4195 3015 4260 πλάττουσι,
3047 4193 3216 4264 ζεύγη
3247 4193 3405 4264 βοῶν,
3440 4194 3535 4247 καὶ
3570 4193 3796 4262 ἀγροὺς.

2123 4275 2216 4328 καὶ
2271 4276 2554 4343 γυναῖκας.
2602 4273 2795 4328 Καίτοι
2847 4274 3096 4328 δοκοῦσιν
3130 4272 3342 4340 εὖλογοι
3391 4274 3446 4327 αἱ
3492 4275 3796 4344 προφάσεις

2124 4349 2262 4406 εἶναι
2286 4369 2298 4382 ·
2329 4352 2445 4407 ἀλλ’
2482 4351 2731 4406 ἐντεῦθεν
2775 4353 3142 4424 μανθάνομεν,
3194 4353 3296 4408 κᾶν
3340 4354 3612 4421 ἀναγκαῖα
3726 4350 3796 4404 τά

2124 4433 2440 4503 κατέχοντα,
2478 4430 2695 4484 πάντων
2721 4432 3090 4504 προτιμότερα
3123 4433 3170 4465 ⁹⁰
3215 4431 3484 4485 ποιεῖσθαι
3514 4430 3583 4484 τὰ
3638 4447 3796 4482 πνευ-

2125 4510 2352 4582 ματικά.
2396 4511 2506 4564 Καὶ
2551 4509 2707 4562 καλεῖ
2728 4510 2848 4580 οὐχὶ
2883 4511 3233 4582 προσφάτως,
3276 4508 3411 4562 ἀλλά
3453 4509 3560 4580 πρὸ
3599 4507 3796 4561 πολλοῦ

2122 4589 2215 4643 τοῦ
2255 4590 2469 4660 χρόνου.
2525 4589 2750 4642 Εἴπατε
2783 4589 2914 4659 γάρ,
2959 4591 3119 4660 φησὶ,
3179 4587 3306 4654 τοῖς
3358 4587 3754 4655 κεκλημένοις
3781 4605 3793 4617 ·

2121 4672 2212 4724 καὶ
2239 4668 2420 4733 πάλιν,
2447 4666 2754 4721 Καλέσατε
2777 4668 2916 4733 τοὺς
2936 4666 3354 4736 κεκλημένους
3377 4683 3390 4695 ·
3420 4668 3556 4737 ὅπερ
3575 4666 3796 4737 μείζονα

2121 4749 2218 4820 τὴν
2239 4748 2574 4820 κατηγορίαν
2606 4747 2799 4802 ἐποίει.
2848 4749 2958 4801 Καὶ
2994 4747 3126 4800 πότε
3171 4746 3511 4817 ἐκλήθησαν;
3557 4747 3655 4800 Διά
3687 4746 3796 4801 τῶν

2121 4829 2419 4900 προφητῶν
2470 4829 2744 4893 ἁπάντων,
2801 4827 2890 4880 διὰ
2939 4826 3186 4881 Ἰωάννου
3235 4825 3397 4878 πάλιν
3427 4841 3442 4856 ·
3488 4823 3636 4893 αὐτῷ
3687 4824 3796 4895 γάρ

2122 4911 2486 4981 παρέπεμπεν
2516 4909 2781 4972 ἅπαντας,
2813 4908 2987 4976 λέγων
3013 4925 3026 4939 ·
3073 4906 3342 4961 Ἐκεῖνον
3364 4904 3459 4957 δεῖ
3481 4904 3793 4969 αὐξάνειν,

2121 4991 2227 5058 ἐμὲ
2268 4989 2336 5042 δὲ
2388 4988 2789 5043 ἐλαττοῦσθαι
2817 5005 2830 5020 ⁸
2905 4988 2973 5042 δι’
3037 4985 3202 5040 αὐτοῦ
3257 4987 3421 5040 πάλιν
3467 4986 3563 5040 τοῦ
3621 4986 3791 5039 Υίοῦ·

2122 5072 2298 5127 Δεῦτε
2366 5069 2476 5140 γὰρ
2525 5071 2570 5105 ⁹¹
2617 5072 2770 5138 πρός
2811 5088 2907 5140 με,
2946 5069 3172 5134 πάντες
3225 5072 3280 5122 οἱ
3328 5068 3657 5134 κοπιῶντες
3695 5067 3795 5122 καὶ

2122 5151 2606 5222 πεφορτισμένοι,
2655 5151 2816 5219 κάγὼ
2851 5151 3184 5205 ἀναπαύσω
3224 5148 3413 5218 ὑμᾶς·
3450 5148 3547 5202 καὶ
3608 5148 3793 5207 πάλιν.

2119 5233 2191 5284 ΕΖ
2225 5250 2316 5297 τις
2349 5229 2518 5299 διψᾷ,
2563 5230 2828 5300 ἐρχέσθω
2865 5233 3013 5299 πρός
3049 5246 3146 5300 με,
3182 5228 3281 5282 καὶ
3324 5228 3559 5283 πινέτω.
3605 5229 3679 5280 Οὐ
3707 5226 3796 5281 διά

2126 5311 2385 5384 ῥημάτων
2433 5309 2491 5362 δὲ
2541 5311 2720 5380 μόνον,
2770 5310 2906 5363 ἀλλά
2934 5311 3028 5362 καὶ
3079 5307 3170 5362 διὰ
3219 5309 3561 5378 πραγμάτων
3597 5307 3795 5384 αρτοὺς

2125 5367 2308 5444 ἐκάλει
2333 5391 2399 5454 θ’,
2427 5367 2830 5460 καὶ1μετὰ1τὴν
2865 5387 3131 5460 ἀνάληψιν
3161 5367 3502 5458 διὰ-Πέτρου
3547 5367 3653 5439 καὶ⁸
3683 5367 3795 5438 τῶν

2475 5482 2523 5514 τι
2549 5482 2646 5552 μέν
2667 5492 2720 5536 e:
2742 5498 2796 5552 p.
2821 5497 2874 5551 p.
2903 5481 2958 5535 δὲ
2985 5481 3079 5534 καί
3112 5497 3221 5552 om.
3254 5481 3316 5552 ι..
3415 5481 3467 5552 ,το
3494 5478 3650 5552 ἀλλά]
3677 5479 3793 5552 ἀλλ’

3049 5552 3094 5584 ⁸¹
3140 5551 3324 5623 έθνηῙᾷ
3360 5551 3487 5623 add.
3527 5551 3787 5623 queljl.

357 5620 480 5676 add.
501 5617 828 5694 καλεῖταιΚ.
855 5619 979 5694 add,
1005 5619 1388 5694 προσκαλεῖται
1407 5617 1468 5672 L.
1493 5635 1546 5694 ρ.
1571 5635 1622 5688 p.
1641 5617 1910 5694 Ἰουδαῖοις
1937 5625 2035 5693 (sic

2169 5623 2406 5694 Ἰουδαῖοι
2429 5622 2493 5679 G.
2519 5622 2590 5678 Μ.
2608 5623 2669 5675 οὐ
2691 5622 2880 5694 ’πμ-τά
2890 5622 3048 5694 ἔθνη,
3071 5622 3187 5694 ἀλλ’
3203 5617 3672 5694 Ἰουδαίους-καλεῖ
3691 5619 3790 5694 ξι).

353 5760 474 5813 οὐδὲ

354 5707 459 5743 non
481 5691 634 5808 ρνίυε
657 5700 852 5756 gentes,
882 5690 972 5745 sed
995 5687 1170 5742 Jaidazi
1200 5699 1455 5742 vocantur
1492 5687 1589 5742 Gel
1663 5690 1709 5720 θ’
1733 5687 1972 5746 ποιοῦντί
1992 5694 2035 5749 G

354 5760 474 5808 οὐδὲ
530 5761 563 5808 ἦ
592 5759 687 5808 En.
721 5759 850 5808 Sav-
877 5760 1030 5808 οὐδέν
1047 5759 1183 5808 Mor.
1216 5758 1346 5808 Ben-
1421 5759 1468 5790 ⁸⁸
1493 5759 1601 5808 γάο
1625 5775 1733 5808 nm.
1769 5759 1825 5808 L-
1853 5762 2027 5808 manu

2117 5693 2154 5746 ἱ.
2183 5692 2254 5746 Μ.
2329 5694 2376 5726 ⁸³
2407 5694 2522 5746 ἐκεῖ
2552 5709 2660 5746 om.
2691 5687 2757 5748 ϐ’.
2791 5691 2856 5746 Η.
2889 5691 2954 5747 Κ.
2985 5687 3054 5747 Μ.
3095 5692 3208 5763 ἔχει
3233 5691 3426 5808 legisse
3459 5693 3667 5746 videtur
3689 5687 3787 5760 Ei).

2117 5763 2204 5808 ιΙιὶ-
2238 5763 2490 5808 παοθέυιη
2522 5763 2592 5808 Μ-
2629 5763 2753 5808 add-
2786 5762 3054 5808 παρθένον
3085 5763 3259 5808 ἁγνήν
3342 5802 3354 5808 -
3390 5761 3449 5808 1.-
3481 5763 3606 5808 mill-
3638 5780 3698 5808 π-
3730 5763 3785 5808 ἁ-

490 5758 498 5830 ε
530 5759 687 5842 ‘ILEp.
721 5759 866 5845 ng.‘
869 5759 1183 5845 '0666v‘M10r.
1216 5758 1346 5845 gen:
1421 5759 1468 5790 ⁸⁸
1493 5759 1601 5845 γάρ
1625 5775 1733 5845 01η.
1853 5762 2028 5845 ἀνδρῃ

2117 5763 2490 5845 ιξάι-παρθέίνῳ
2520 5763 2592 5845 6L.
2629 5763 2754 5845 adq.
2786 5762 3054 5845 παρθένον
3085 5758 3354 5845 ἁγνήν
3481 5763 3698 5845 σιμικπ.
3730 5758 3785 5817 ἀ.

350 5828 806 5905 παραπήξαεώ
843 5829 1061 5905 Χριστεέ
1083 5830 1152 5905 ςε
1223 5830 1270 5861 ⁸·
1297 5832 1376 5893 είς
1406 5845 1517 5905 ειη·
1549 5828 1610 5882 H-
1648 5828 1729 5905 L-.
1766 5830 1822 5905 ‘1‘.
1841 5828 2027 5905 αρ.τῷ]’

2117 5834 2163 5886 ιΙ.
2195 5828 2525 5905 Πατρίδιὶν.
2548 5833 2679 5888 Ben.
2704 5835 2740 5904 ἡ
2769 5828 2894 5905 ante}
2924 5835 3114 5904 νύμφη
3134 5828 3252 5905 ὸιῂ.
3374 5834 3442 5905 Μ.
3502 5833 3546 5865 ⁸⁷
3563 5832 3787 5905 λέγεται

580 5894 762 5974 ξῗτόν
1103 5900 1175 5956 Μ.
1203 5917 1256 5974 p.
1290 5917 1341 5970 p.
1376 5894 1526 5974 οῦτοι
1555 5915 1665 5974 0H1.
1871 5894 1972 5974 Μξ
1994 5894 2035 5937 73‘

2122 5919 2198 5958 ωε
2223 5894 2613 5974 καλούμενοι...
2638 5894 3149 5974 ἀναιρεθέντοξὸιὶι.
3175 5902 3248 5958 Μ.
3277 5903 3382 5958 Pro
3403 5904 3469 5958 iis
3489 5894 3782 5974 καλοῦντος

354 5968 551 6026 habent
577 5970 716 6027 Edd.
792 5972 840 6005 ⁹⁰
872 5970 964 6037 Sic
995 5971 1090 6043 Ep.
1123 5968 1361 6042 πρότερα
1391 5970 1454 6026 G.
1485 5968 1550 6024 Κ.
1582 5969 1653 6024 Μ.

1753 5972 1796 6003 ⁹¹
1834 5973 1966 6042 γὰρ]
1997 5991 2035 6031 δι

2158 5975 2295 6044 φησί
2328 5971 2462 6031 Ειίιι.
2499 5973 2635 6046 πρός
2665 5991 2731 6046 με
2755 5971 2868 6031 0m.
2896 5973 2961 6031 G.
2995 5973 3056 6031 Κ.
3099 5974 3172 6032 Μ.
3248 5977 3296 6011 ⁸⁸
3333 5975 3490 6030 καλεῖ
3510 5973 3573 6032 G.
3610 5972 3673 6028 K.
3704 5971 3778 6030 Μ.
