4130 6374
360 453 469 508 (ii?

355 583 429 623 tur
458 576 623 639 gentes
670 564 813 638 (Cal.
857 562 910 616 2.
943 561 1023 627 8).
1081 560 1215 627 Quia
1270 557 1410 614 enim
1465 554 1660 611 Filium
1692 551 1933 606 videntes

356 660 613 731 indignati
640 666 784 720 sunt,
817 658 1095 724 ipsumque
1124 649 1463 711 occiderunt,
1494 662 1588 716 per
1615 657 1799 699 servos
1820 656 1936 695 rur—

359 769 474 807 sum
496 760 669 805 vorat.
704 750 770 803 Et
789 747 854 801 ad
883 744 1006 816 quid
1033 741 1221 798 vocat?
1252 740 1333 796 Ad
1362 740 1572 795 labores
1591 778 1606 801 ,
1636 748 1902 790 mrumnas
1921 772 1937 793 ,

361 844 621 900 sudores?
667 840 1034 911 Nequaquam,
1092 835 1185 890 sed
1235 833 1302 888 ad
1350 832 1570 888 delicias
1603 846 1616 883 :
1647 828 1720 881 ait
1748 825 1934 880 enim:

363 937 521 991 Tauri
565 934 661 988 mei
676 934 749 987 'et
801 930 964 984 altilia
1020 936 1237 980 mactata
1283 932 1420 979 sunt.
1474 921 1696 989 Quanta!
1734 916 1936 984 dapes!

363 1038 557 1101 quanta
577 1020 965 1096 magnificentia
991 1020 1007 1073 ἲ
1030 1019 1214 1088 Neque
1243 1016 1347 1070 hoc
1373 1014 1490 1068 illos
1519 1008 1809 1069 convertit;
1848 1003 1941 1059 sed

364 1098 563 1189 quanto
603 1117 861 1185 majorem
902 1111 1208 1183 patientiam
1252 1105 1557 1169 exhibebat,
1587 1110 1735 1156 tanto
1776 1098 1945 1167 magis

368 1210 443 1265 illi
470 1207 853 1265 iudurabantur
881 1204 921 1258 ⁸.
977 1201 1159 1270 Neque
1210 1198 1351 1255 enim
1402 1194 1640 1264 impediti
1695 1189 1942 1261 negotiis,

365 1301 461 1357 sed
479 1299 802 1370 negligentes
822 1310 925 1348 non
950 1298 1228 1346 venerunt.
1246 1289 1354 1344 Cur
1376 1295 1551 1340 autem
1572 1283 1659 1337 alii
1687 1279 1943 1350 nuptias’,

368 1391 459 1447 alii
508 1369 632 1459 juga
676 1386 835 1441 boum
889 1378 1242 1437 obtendunt?
1288 1376 1524 1431 lueccine
1571 1369 1947 1441 occupationes

370 1483 534 1540 sunt?
581 1480 814 1536 Minime.
870 1477 1000 1532 Cum
1048 1475 1190 1528 enim
1241 1469 1529 1541 spiritualia
1583 1478 1683 1519 nos
1733 1466 1944 1522 vocant,

373 1576 513 1629 nulla
552 1579 632 1627 est
658 1567 1062 1639 occupationum
1091 1563 1402 1620 necessitas.
1465 1557 1721 1613 Videntur
1768 1562 1946 1607 autem

371 1664 500 1721 mihi
528 1663 610 1718 his
626 1660 929 1715 nbtentibus
958 1657 1061 1720 usi,
1085 1664 1143 1710 ut
1174 1653 1288 1707 haec
1322 1649 1471 1722 quasi
1503 1644 1834 1718 negligentia:
1861 1655 1950 1695 ve-

373 1756 566 1809 lamina
591 1759 941 1822 opponerent.
968 1746 1149 1816 Neque
1184 1744 1236 1798 id
1266 1744 1438 1797 solum
1476 1753 1637 1810 grave
1682 1744 1783 1797 est,
1808 1726 1949 1800 quod

374 1860 479 1900 non
503 1840 779 1908 venerint;
808 1839 904 1895 sed
933 1838 1128 1903 etiam,
1158 1834 1299 1905 quod
1321 1830 1691 1902 gravissimmn
1721 1824 1950 1877 atrocis-

375 1939 673 2006 simumque
719 1941 820 1999 est,
848 1930 990 2003 quod
1041 1930 1234 1983 missos
1263 1925 1332 1979 ad
1378 1938 1437 1979 se
1466 1922 1603 1976 male
1654 1914 1948 1977 affecerint,

374 2005 711 2085 contumeliis
765 2022 1058 2088 onerarint,
1106 2015 1430 2080 occiderint;
1465 2011 1516 2068 id
1543 2009 1681 2081 quod
1711 2005 1955 2076 superio-

376 2120 526 2175 ribus
575 2116 784 2188 gravius
831 2124 933 2169 est.
966 2112 1318 2178 llli‘namque
1340 2110 1603 2161 venerunt
1652 2104 1954 2169 repetentes

377 2217 691 2280 proventum
712 2213 767 2260 et
790 2204 1012 2269 fructus,
1035 2209 1194 2270 atque
1218 2198 1381 2254 occisi
1409 2201 1564 2257 sunt;
1595 2192 1647 2245 hi
1679 2203 1806 2243 vero
1833 2201 1952 2241 cum

377 2279 444 2357 ad
489 2299 702 2367 nuptias
740 2295 900 2352 occisi
932 2294 1302 2350 interfectores
1328 2289 1445 2359 ejus
1466 2293 1675 2348 vocant,
1707 2279 1954 2337 similiter

376 2391 783 2450 interficiuntur.
814 2388 911 2443 Cui
941 2386 1106 2442 furori
1126 2382 1253 2455 quid
1282 2398 1377 2452 par
1426 2377 1617 2433 fuerit?
1645 2374 1735 2431 Sic
1760 2370 1956 2427 Paulus

377 2483 689 2539 criminatur
738 2479 898 2534 illos:
935 2470 1126 2545 Quiet
1166 2473 1442 2527 Dominum
1468 2480 1514 2524 et
1542 2466 1811 2538 prophetas
1839 2475 1956 2515 suos

379 2576 688 2640 occiderunt,
718 2580 767 2628 et
808 2589 899 2627 nos
928 2569 1211 2642 persequuti
1237 2576 1354 2621 sunt
1382 2565 1403 2595 ⁸
1430 2564 1506 2630 (1.
1553 2561 1729 2615 Thess.
1761 2557 1815 2611 2.
1841 2556 1953 2625 15).

382 2669 584 2725 Deinde
628 2683 695 2723 ne
747 2666 1007 2730 dicerent,
1060 2663 1172 2717 Deo
1211 2657 1545 2714 adversarius
1597 2662 1700 2719 est,
1733 2649 1958 2717 ideoque

381 2776 487 2815 non
516 2758 837 2821 accedimus,
868 2754 988 2809 audi
1011 2752 1136 2825 quid
1157 2752 1340 2806 dicunt
1363 2749 1397 2801 ii
1418 2747 1506 2817 qui
1530 2745 1770 2799 invitant.
1804 2740 1959 2793 Pater

381 2863 464 2909 est
490 2854 534 2908 is
560 2852 649 2923 qui
693 2850 903 2919 nuptias
930 2847 1055 2902 facit
1075 2854 1128 2901 et
1156 2844 1363 2899 invitat.
1418 2838 1554 2905 Quid
1583 2850 1710 2905 ergo
1742 2831 1959 2904 postea?

381 2944 515 3013 Quia
560 2943 846 2997 noluerunt
899 2937 1104 3003 venire,
1153 2933 1246 2990 sed
1288 2941 1343 2987 et
1388 2929 1602 2984 nuntios
1627 2924 1956 2986 occiderunt,

382 3036 543 3093 urbes
595 3050 779 3091 eorum
818 3030 1072 3097 incendit,
1113 3037 1168 3083 et
1217 3026 1395 3081 missis
1421 3012 1741 3077 exercitibus
1767 3013 1961 3071 occidit

383 3146 497 3185 eos.
529 3127 623 3183 His
647 3140 803 3197 porro
834 3121 1155 3194 prmuuntiat
1181 3133 1243 3173 ea
1271 3130 1391 3187 quin
1424 3112 1524 3167 sub
1559 3107 1880 3179 Vespasiano
1909 3111 1964 3158 et

384 3222 504 3277 Tito
559 3222 693 3274 facta
748 3228 891 3273 sunt.
939 3215 1005 3269 Et
1053 3213 1174 3285 quia
1229 3211 1439 3266 Patrem
1485 3202 1959 3263 exacerbaverunt,

384 3311 525 3383 quod
548 3312 647 3383 ipsi
694 3324 798 3363 non
822 3305 1164 3370 crediderint,
1189 3303 1304 3373 ipse
1343 3300 1461 3354 illos
1490 3295 1782 3351 ulciscitur.
1833 3289 1963 3345 ldeo

385 3380 492 3458 non
514 3380 692 3456 statim
724 3408 843 3469 post
871 3406 1095 3452 mortem
1123 3393 1319 3448 Christi
1345 3388 1611 3445 excidium
1637 3383 1835 3447 evenit,
1867 3380 1962 3435 sed

387 3502 507 3564 post
543 3506 712 3547 annos
745 3489 1117 3561 quadraginta,
1147 3496 1205 3540 ut
1231 3482 1539 3554 patientiam
1567 3493 1715 3533 suam
1744 3473 1966 3530 exhibe-

386 3594 503 3653 ret;
526 3600 645 3639 cum
670 3582 997 3652 Stephanum
1026 3577 1366 3640 occiderunt,
1393 3572 1648 3629 Iacobum
1686 3565 1966 3623 interfece-

390 3688 533 3742 runt,
562 3676 835 3747 apostolos
881 3672 1134 3727 all'ecere.
1158 3666 1517 3724 contumeliis.
1570 3660 1756 3717 Viden‘
1788 3671 1964 3713 rerum

389 3770 667 3825 veritatem
691 3776 746 3823 et
784 3762 1149 3821 celeritatem?
1180 3759 1365 3814 Adhuc
1399 3758 1539 3811 enim
1568 3753 1773 3810 Joanne
1800 3762 1967 3805 evan-

389 3863 577 3933 gelista
606 3860 836 3925 vivente,
857 3858 1078 3925 aliisque
1106 3849 1467 3922 compluribus
1496 3848 1584 3917 qui
1614 3860 1734 3901 cum
1757 3841 1970 3896 Christo

390 3954 653 4017 vixerant,
688 3950 802 4004 haec
852 3948 1191 4016 contigerunt
1223 3962 1236 3996 :
1266 3942 1463 3997 etenim
1496 3946 1764 4009 gestorum
1806 3940 1970 3986 testes

392 4055 566 4111 erant,
597 4044 686 4115 qui
720 4043 834 4097 hate
878 4040 1179 4095 audierunt.
1234 4034 1369 4088 Vide
1416 4046 1543 4101 ergo
1587 4024 1969 4099 providentiam

395 4136 736 4193 ineffabilem.
770 4132 1033 4188 Plantavit
1070 4132 1305 4192 vineam,
1338 4124 1517 4179 omnia
1558 4121 1684 4176 fecit
1725 4127 1779 4174 et
1817 4131 1971 4171 com-

393 4228 558 4299 plevit
582 4243 596 4290 ;
624 4225 793 4280 servis
810 4222 1000 4278 occisis
1026 4220 1161 4275 alios
1186 4231 1370 4273 servos
1396 4214 1539 4270 misit
1569 4228 1587 4266 :
1613 4210 1695 4265 his
1722 4210 1973 4263 interem-

399 4298 532 4391 ptis,
564 4318 756 4374 Filium
796 4315 969 4379 misit,
1000 4327 1106 4383 quo
1153 4308 1452 4371 interfecto,
1487 4312 1640 4359 vocat
1660 4315 1754 4356 eos
1782 4298 1850 4353 ad
1876 4313 1975 4352 nu-

399 4416 557 4484 ptias,
580 4420 635 4467 et
656 4410 835 4465 venire
861 4409 1165 4462 noluerunt.
1188 4404 1376 4458 Postea
1398 4400 1558 4455 mittit
1583 4397 1718 4451 alios
1742 4407 1925 4449 servos
1954 4406 1970 4443 :

399 4505 473 4559 illi
505 4519 634 4558 vero
662 4502 759 4557 bos
788 4499 947 4555 etiam
977 4497 1303 4552 occiderunt.
1331 4492 1585 4561 Tuncque
1611 4487 1825 4542 demum
1856 4482 1976 4536 illos

402 4596 651 4653 interﬁcit
691 4614 706 4650 :
740 4603 924 4664 utpote
964 4592 1054 4662 qui
1095 4587 1372 4645 incurabili
1422 4583 1609 4639 morbo
1650 4580 1973 4635 laborarent.

404 4687 558 4757 Quod
610 4685 752 4742 enim
796 4682 1118 4740 incurabiles
1158 4687 1374 4743 essent,
1427 4692 1533 4730 non
1576 4673 1753 4744 priora
1804 4669 1975 4724 solum

402 4793 549 4854 gesta
596 4780 933 4852 probabant;
962 4777 1057 4833 sed
1086 4774 1225 4846 quod
1265 4773 1425 4829 etiam
1469 4763 1836 4824 meretricibus
1880 4777 1978 4831 pu-

408 4875 741 4945 blicanisque
759 4870 1123 4933 credentibus,
1154 4867 1227 4922 illi
1256 4866 1377 4920 talia
1408 4858 1780 4933 perpetrarint.
1804 4855 1982 4923 Itaque

403 4984 513 5024 non
554 4968 623 5023 ob
657 4943 754 5021 sua
797 4974 945 5036 gesta
988 4970 1044 5017 et
1090 4961 1292 5015 scelera
1324 4965 1531 5011 tantum
1558 4993 1573 5017 ,
1606 4949 1700 5005 sed
1723 4949 1882 5003 etiam
1910 4943 1981 4998 ob

404 5063 630 5116 aliorum
653 5058 791 5113 bona
806 5034 973 5126 opera
1004 5053 1341 5107 damnantur.
1396 5047 1452 5103 Si
1482 5042 1740 5115 quispiam
1764 5034 1979 5099 dixerit,

409 5172 511 5208 mm
542 5164 667 5207 tunc
693 5159 911 5205 vocatos
934 5162 998 5202 ex
1026 5145 1272 5217 gentibus
1294 5142 1480 5205 fuisse,
1502 5152 1620 5193 cum
1644 5130 1871 5204 apostoli
1896 5126 1986 5182 lla-

408 5244 586 5313 gellati
631 5249 687 5296 et
739 5240 1017 5294 innumera
1074 5232 1317 5305 perpessi
1372 5238 1516 5293 sunt,
1548 5225 1641 5281 sed
1665 5224 1842 5278 statim
1867 5222 1986 5287 post

413 5310 856 5389 resurrectionem
909 5333 1059 5400 (tunc
1097 5325 1240 5381 enim
1289 5318 1561 5391 discipulis
1602 5315 1755 5379 dixit,
1785 5310 1979 5365 Euntes

413 5426 583 5479 docete
604 5440 774 5478 omnes
797 5431 966 5494 gentes
991 5416 1206 5490 [Mutth.
1235 5413 1326 5470 ΞΒ.
1355 5411 1470 5484 19],
1504 5402 1946 5494 respondebimus
1969 5438 1987 5465 ,

417 5515 703 5587 discipulos
718 5523 774 5567 et
798 5490 925 5566 ante
953 5522 1167 5564 crucem
1194 5515 1249 5562 et
1277 5512 1395 5576 post
1415 5514 1627 5557 crucem
1658 5493 1859 5552 Judaais
1880 5490 1993 5562 pri-

490 5710 505 5731 '
528 5708 583 5756 lu
596 5706 755 5756 Morel.
780 5706 887 5756 bare
907 5705 982 5754 sic
1004 5704 1197 5759 inversa
1214 5706 1341 5757 sunt,
1356 5697 1441 5759 sed
1458 5701 1631 5759 mutulo
1646 5690 1805 5759 magis
1828 5688 1908 5742 illi
1922 5689 1975 5743 in

431 5755 746 5825 dttralunuur,
769 5755 897 5818 tanto
920 5756 1253 5827 majoremille
1276 5755 1552 5827 patiemiam
1573 5755 1840 5806 ealdbebut.

493 5834 513 5862 ³
533 5819 771 5879 blateret.
798 5819 1009 5891 legitur,
1022 5835 1182 5891 agros,
1208 5819 1313 5885 pro,
1338 5819 1547 5883 nuptias.

494 5892 515 5924 ³
538 5891 698 5957 Διὶ(ιυί
725 5898 778 5943 et
796 5879 960 5940 mica
986 5879 1185 5949 addunt,
1208 5879 1252 5937 Et
1277 5892 1376 5935 Deo
1396 5879 1489 5934 non
1510 5879 1811 5946 placuerunt.

1323 443 1389 499 lN
1427 438 1832 497 MATTllAttJM
1874 437 2103 491 uuam.
2146 435 2332 491 LXIX.
2373 437 2441 491 al.
2484 434 2645 491 LXX.

3512 426 3617 482 65)

2052 564 2194 603 mum
2227 549 2470 618 loquutos
2513 549 2695 606 fuisse.
2746 549 2876 604 Nam
2923 557 3046 602 ante
3072 558 3281 602 crucem
3308 547 3380 598 ait
3407 543 3513 599 illis
3539 547 3625 597 Je-

2050 652 2142 693 sus
2174 656 2189 694 :
2219 637 2303 695 Ite
2327 640 2394 693 ad
2421 656 2535 695 oves
2559 656 2672 712 quia
2696 641 2947 712 perierunt
2972 639 3154 693 domus
3185 635 3391 712 Israel:
3423 646 3475 689 et
3504 641 3627 706 post

2046 745 2259 785 crucem
2293 745 2396 785 non
2429 732 2615 797 vetuit,
2652 733 2760 787 imo
2804 731 2965 788 etiam
3011 730 3265 801 prateepit
3294 706 3498 784 ut'illos
3524 726 3625 780 do-

2045 835 2247 884 cerent.
2274 825 2533 893 Quamvis
2559 824 2704 880 enim
2731 824 2982 889 dixisset,
3007 823 3193 876 Docete
3216 840 3392 876 omnes
3426 832 3623 892 gentes:

2045 924 2228 971 tamen
2264 929 2591 970 ascensurus
2615 916 2667 968 in
2699 914 2945 978 cmlum‘,
2971 913 3270 967 declarant
3291 913 3467 981 primo
3488 929 3625 983 pra:-

2047 1008 2337 1063 dicandum
2361 1005 2563 1061 Iudaeis
2596 1021 2750 1061 esse:
2780 1002 2856 1060 ait
2881 1005 3049 1071 enim,
3075 1004 3358 1074 Accipietis
3378 1004 3626 1057 virtutem

2048 1100 2453 1169 supervenientis
2478 1098 2710 1167 Spiritus
2733 1100 2904 1154 sancti
2934 1100 2987 1152 in
3011 1115 3119 1164 vos,
3143 1110 3192 1153 et
3227 1097 3372 1152 eritis
3395 1097 3524 1151 mihi
3547 1106 3627 1154 te-

2048 1204 2150 1249 stes
2174 1196 2227 1249 in
2252 1192 2552 1247 Jerusalem
2584 1204 2633 1248 et
2660 1195 2716 1248 in
2737 1194 2879 1247 omni
2902 1192 3112 1254 Judwa,
3138 1202 3192 1247 et
3223 1208 3386 1262 usque
3407 1192 3475 1245 ad
3499 1191 3628 1244 ulti-

2048 1302 2191 1339 mum
2207 1296 2359 1340 terra:
2373 1285 2511 1344 (Act.
2532 1285 2581 1339 l.
2602 1284 2679 1354 8);
2695 1293 2747 1359 et
2760 1283 2963 1339 Paulus
2986 1299 3229 1338 rursum:
3254 1282 3359 1348 Qui
3382 1292 3627 1351 operatus

2051 1379 2126 1424 est
2158 1369 2310 1425 Petro
2340 1372 2391 1425 in
2420 1371 2758 1443 apostolatum
2783 1370 3199 1438 circumcisionis,
3226 1378 3465 1440 operatus
3484 1377 3557 1422 est
3584 1376 3633 1419 et

2053 1462 2179 1514 mihi
2199 1462 2327 1516 inter
2349 1473 2518 1532 gentes
2546 1460 2687 1534 (Gal.
2729 1462 2785 1518 2.
2818 1460 2893 1533 8).
2919 1461 2993 1535 (a)
3011 1461 3296 1531 Pmpterea
3314 1450 3381 1516 et
3405 1461 3631 1530 apostoli

2053 1552 2252 1608 iudicis
2270 1554 2441 1623 primo
2470 1544 2905 1624 praedicaverunt,
2925 1564 2977 1609 et
2999 1563 3275 1623 postquam
3304 1536 3470 1606 multo
3499 1562 3634 1608 temo

2057 1658 2185 1712 pore
2201 1644 2550 1716 Jerosolymae
2578 1644 2918 1710 mansissent,
2943 1642 3134 1699 deinde
3157 1643 3224 1698 ab
3250 1644 3352 1698 illis
3379 1643 3538 1713 pulsi,
3556 1643 3635 1698 sic

2058 1735 2288 1805 dispersi
2314 1745 2439 1789 sunt
2466 1735 2605 1805 apud
2634 1744 2842 1805 gentes.

2126 1845 2180 1899 2.
2212 1845 2291 1899 Tu
2319 1860 2451 1901 vero
2495 1845 2580 1900 hic
2618 1844 2897 1901 considera
2947 1845 3366 1901 munificentiam
3401 1845 3633 1900 Domini.

2061 1936 2313 2008 Quotquot
2355 1936 2612 1992 invenietis
2635 1977 2652 2001 ,
2700 1937 2903 2006 inquit,
2951 1950 3121 1990 vocate
3154 1936 3220 1988 ad
3250 1926 3471 2005 mtptias.
3501 1935 3635 1991 Nam

2056 2036 2234 2095 antea,
2266 2036 2322 2082 ut
2346 2027 2487 2093 dixi,
2516 2035 2572 2083 et
2595 2028 2796 2084 Judaais
2822 2037 2875 2082 et
2899 2027 3143 2098 gentibus
3168 2027 3546 2097 praedicabant,
3579 2037 3640 2084 ut

2057 2121 2344 2192 plurimum
2372 2122 2426 2177 in
2463 2121 2645 2177 Judaaa
2669 2131 2940 2178 versantes
2960 2139 2974 2176 :
2996 2122 3274 2191 quiarvero
3296 2119 3466 2175 Judaei
3512 2120 3640 2189 ipsis

2060 2213 2372 2269 insidiantes
2418 2213 2857 2284 perseverabant,
2898 2213 3020 2267 audi
3068 2213 3323 2274 Paulum,
3365 2213 3453 2279 qui
3504 2211 3642 2266 hanc

2062 2306 2362 2375 parabolam
2392 2308 2621 2377 explicat
2638 2315 2693 2361 et
2714 2307 2874 2360 dicit:
2901 2304 3047 2359 Vobis
3072 2315 3178 2358 erat
3202 2321 3399 2358 necesse
3424 2304 3642 2373 primum

2063 2397 2197 2467 loqui
2217 2398 2420 2453 verbum
2440 2398 2569 2463 Dei;
2599 2398 2686 2453 sed
2712 2397 2828 2468 quia
2854 2413 2939 2451 vos
2961 2395 3497 2467 iudignosjudicastis,
3529 2410 3643 2448 ecce

2062 2494 2396 2546 convertimur
2423 2501 2490 2545 ad
2530 2502 2700 2563 gentes
2739 2492 2873 2561 (Act.
2917 2491 3002 2546 15.
3036 2488 3147 2561 46).
3181 2490 3469 2559 Propterea
3498 2490 3641 2543 enim

2065 2581 2178 2650 ipse
2206 2582 2392 2638 aitz8.
2421 2582 2475 2636 Ν
2481 2583 2635 2652 υριὶω
2676 2582 2874 2652 quidem
2914 2591 3106 2651 parata:
3151 2589 3295 2645 sunt,
3336 2578 3501 2633 vocati
3529 2594 3643 2632 vero

2064 2671 2206 2742 digni
2249 2689 2350 2727 non
2395 2684 2554 2727 erant.
2606 2673 2661 2727 ld
2702 2688 2830 2728 vero
2860 2674 2951 2728 ille
2977 2681 3132 2727 antea
3163 2672 3403 2737 sciebat,
3453 2672 3548 2725 sed
3588 2681 3646 2725 ut

2066 2762 2265 2817 nullam
2294 2764 2423 2832 ipsis
2461 2764 2786 2833 relinqueret
2815 2762 3137 2833 impudentis
3164 2761 3523 2816 excusationis
3544 2776 3644 2816 an-

2066 2866 2203 2921 sam,
2232 2854 2354 2909 licet
2380 2853 2430 2907 id
2459 2854 2639 2921 sciret,
2666 2853 2732 2908 ad
2765 2854 2883 2909 illos
2909 2854 3112 2926 primos
3136 2862 3190 2907 et
3218 2850 3365 2908 venit
3387 2859 3445 2907 et
3467 2851 3644 2920 misit,

2067 2946 2172 3000 illis
2198 2961 2291 3001 ora
2320 2946 2603 3002 obstruens
2628 2988 2643 3012 ,
2674 2962 2877 3015 nosque
2905 2946 3186 3000 instituens
3204 2984 3219 3009 ,
3249 2957 3307 2998 ut
3333 2959 3453 3014 quae
3480 2958 3648 3016 penes

1986 3094 1989 3095 ν
2069 3053 2165 3092 nos
2189 3047 2312 3091 sunt
2333 3040 2511 3091 omnia
2550 3037 2883 3107 impleamus,
2914 3038 3012 3091 etsi
3042 3052 3199 3091 nemo
3227 3036 3495 3108 quidpiam
3525 3035 3648 3091 inde

2068 3126 2198 3183 lucri
2229 3138 2541 3199 accepturus
2580 3140 2743 3184 esset.
2790 3130 2920 3196 Quia
2967 3144 3095 3199 ergo
3138 3127 3296 3199 Digni
3336 3144 3435 3182 non
3483 3138 3644 3193 erant,

2069 3220 2280 3292 inquit:
2310 3222 2365 3278 9.
2416 3220 2495 3276 Ite
2529 3222 2598 3275 ad
2641 3222 2820 3288 trivia,
2864 3230 2911 3276 et
2948 3235 3283 3292 quoscumque
3321 3220 3606 3274 inveneritis
3628 3262 3644 3287 ,

2069 3314 2448 3367 vocate:etiant
2480 3313 2611 3368 viles
2637 3324 2689 3367 et
2717 3313 2974 3382 abjectos.
2997 3314 3127 3379 Quia
3153 3311 3299 3369 enim
3329 3327 3468 3380 stepe
3499 3312 3645 3365 dice-

2070 3406 2192 3472 bat,
2250 3405 2555 3461 Meretrices
2604 3415 2660 3460 et
2713 3405 2976 3475 publicani
3031 3404 3219 3458 caelum
3277 3403 3650 3457 bereditabunt

2074 3497 2286 3571 (Matth.
2315 3496 2405 3552 21.
2444 3498 2567 3567 5|);
2608 3508 2692 3561 et,
2726 3497 2890 3551 Erunt
2919 3496 3173 3551 novissimi
3210 3495 3388 3565 primi,
3424 3506 3469 3549 et
3500 3494 3651 3564 primi

2072 3594 2324 3647 novissimi
2351 3591 2563 3661 (Matth.
2609 3592 2698 3646 l9.
2728 3591 2818 3662 50)
2839 3608 2851 3643 :
2872 3589 3107 3644 ostendit
3132 3589 3248 3643 hzec
3271 3589 3349 3643 sic
3371 3587 3511 3659 juste
3537 3588 3649 3643 dis-

2075 3685 2464 3754 pensarizquod
2493 3682 2822 3754 potissimmn
2846 3681 3059 3736 Judmos
3081 3681 3378 3745 mordebat,
3402 3690 3457 3735 et
3481 3681 3652 3734 multo

2075 3782 2241 3851 magis
2269 3794 2424 3849 quam
2455 3778 2599 3833 urbis
2625 3777 2891 3832 excidium
2921 3773 3219 3845 afﬂigebat,
3248 3773 3387 3843 quod
3427 3772 3655 3827 viderint

2071 3873 2297 3943 gentiles
2321 3872 2374 3926 in
2415 3885 2536 3933 sua,
2570 3868 2684 3923 imo
2715 3866 2768 3919 in
2794 3865 2910 3920 suis
2950 3863 3120 3917 multo
3148 3861 3533 3914 excellentium
3560 3859 3649 3913 in-

2068 3965 2302 4023 troduci.
2361 3962 2569 4018 Deinde
2619 3975 2685 4015 ne
2736 3959 2793 4012 hi
2845 3957 2899 4012 in
2952 3956 3070 4012 sola
3118 3954 3221 4009 lite
3267 3970 3418 4023 spem
3479 3954 3647 4008 babe-

2067 4064 2229 4120 rent,
2266 4054 2332 4109 de
2356 4052 2567 4123 judicio
2596 4059 2653 4105 et
2690 4062 2849 4118 poena
2895 4060 3189 4117 pravorum
3230 4029 3456 4113 aperum
3499 4042 3653 4099 edis-

2073 4150 2245 4211 serit,
2291 4148 2655 4214 hortaturque
2702 4140 2943 4195 nondum
3002 4139 3286 4194 credentes
3329 4137 3397 4192 ad
3443 4138 3663 4206 ample-7

2066 4239 2312 4297 eteadem
2344 4236 2501 4291 tidem
2525 4276 2541 4302 ,
2582 4232 2861 4287 credentes
2886 4244 3014 4284 vero
3038 4228 3102 4280 ad
3133 4227 3290 4279 vitam
3321 4231 3465 4277 recte
3492 4221 3647 4275 insu-

2067 4331 2339 4388 tueudam.
2364 4327 2731 4382 lndumcntum
2757 4321 2899 4377 enim
2925 4328 3049 4374 sunt
3073 4317 3178 4370 vita
3204 4323 3260 4370 et
3282 4328 3463 4384 opera.
3488 4311 3653 4380 Atqui.

2070 4424 2278 4481 vocatio
2304 4418 2490 4490 gratiae
2516 4425 2665 4479 erat;
2714 4428 2810 4468 cur
2852 4425 2980 4481 ergo
3009 4416 3115 4462 tam
3144 4414 3390 4461 accurate
3420 4402 3653 4471 loquitur

2073 4528 2129 4576 et
2148 4517 2390 4571 hortatur
2404 4510 2429 4565 ‘l
2444 4508 2575 4577 Quia
2597 4505 2806 4561 vocatio
2825 4501 3037 4572 quidem
3057 4510 3107 4555 et
3132 4496 3373 4568 purgatio
3392 4510 3460 4550 ex
3483 4494 3669 4564 gratia.

2073 4618 2228 4673 sunt;
2254 4612 2504 4662 vocatum
2530 4608 2708 4655 autem
2736 4605 2792 4653 et
2820 4595 2966 4667 puris
2994 4592 3240 4647 indutum
3271 4586 3509 4643 vestibus
3536 4599 3654 4638 ma-

2074 4714 2223 4763 nere,
2248 4707 2305 4752 et
2327 4694 2446 4749 hazc
2472 4706 2708 4756 servare,
2738 4687 2790 4743 id
2814 4702 2884 4742 ex
2915 4696 3239 4737 vocatorum.
3250 4692 3377 4734 cura
3399 4687 3455 4733 et
3481 4675 3675 4731 studio.

2075 4788 2448 4863 proﬁciscitur.
2482 4784 2744 4839 Vocantur
2771 4787 2950 4833 autem
2991 4790 3096 4830 non
3124 4789 3187 4826 ex
3219 4772 3409 4826 merito
3428 4810 3444 4834 ,
3471 4768 3566 4823 sed
3592 4783 3659 4822 ex

2078 4862 2265 4955 gratia.
2292 4878 2584 4950 Oportebat
2623 4877 2781 4946 igitur
2807 4871 2990 4943 gratia».
3020 4868 3189 4921 viceni
3228 4862 3523 4933 rependere
3566 4874 3662 4930 per

2081 4946 2459 5038 obedientiam,
2484 4986 2588 5025 non
2618 4984 2709 5039 per
2736 4974 2931 5020 tantam
2958 4972 3075 5031 post
3098 4946 3355 5013 honorem
3384 4962 3664 5024 acceptum

2086 5066 2392 5138 nequitiam.
2422 5061 2526 5119 Sed
2554 5076 2658 5115 non
2704 5066 2789 5112 tot!
2820 5053 3000 5123 accepi
3040 5051 3176 5105 bona
3198 5090 3214 5115 ,
3257 5046 3498 5118 inquies,
3537 5052 3683 5114 quot

2088 5159 2275 5217 Judaei.
2325 5156 2435 5211 lmo
2462 5153 2643 5209 multo
2660 5147 2860 5218 majora
2904 5143 3155 5213 accepisti
3193 5141 3353 5196 bona.
3390 5137 3521 5193 Nam
3548 5150 3670 5207 quas

2091 5262 2236 5309 tanto
2267 5259 2505 5319 tempore
2552 5244 2683 5315 ipsis
2712 5238 3105 5314 apparabantur
3127 5276 3143 5301 ,
3189 5244 3242 5288 tu
3272 5230 3555 5287 confertim
3581 5243 3671 5281 ac-

2091 5344 2300 5416 cepisti,
2329 5340 2451 5397 licet
2476 5339 2666 5409 dignus
2693 5351 2797 5390 non
2821 5346 2988 5389 esses.
3014 5330 3135 5384 Ideo
3153 5327 3347 5383 Paulus
3368 5326 3442 5379 ait
3460 5342 3473 5378 :
3491 5322 3689 5378 Gentes

2092 5412 2258 5491 autem
2285 5450 2378 5507 pro
2401 5428 2743 5486 misericordia
2767 5424 3053 5499 gloriﬁcare
3080 5420 3244 5475 Deum
3270 5417 3444 5493 (Rom.
3471 5413 3559 5471 l5.
3590 5412 3677 5481 9).

2094 5529 2227 5586 Nam
2256 5540 2375 5598 quae
2415 5523 2519 5579 illis
2546 5518 2911 5585 debebantur,
2956 5523 3012 5571 tu
3038 5512 3311 5583 accepisti.
3342 5508 3678 5579 Quapropter

2165 5684 2180 5715 ι
2205 5677 2308 5731 Alii
2333 5691 2345 5724 ε
2372 5674 2548 5737 Neque
2568 5680 2697 5737 tunc
2715 5666 2862 5727 dixit,
2894 5682 2911 5737 ς
2950 5669 3115 5716 Docete
3128 5675 3297 5737 omnes
3331 5666 3513 5737 gentes,
3545 5674 3561 5704 ι
3589 5661 3674 5707 sed

2406 5723 2679 5792 in‘caetum,
2694 5739 2822 5787 etc;
2848 5723 3022 5797 minus
3036 5734 3205 5797 recte,
3219 5732 3274 5794 ut
3295 5723 3511 5797 videtur.

2166 5781 2933 5867 sequuntur'numerum
2948 5791 2966 5839 ι
2982 5781 3280 5867 claudentia,
3291 5785 3503 5867 deerant
3515 5781 3564 5831 in
3578 5782 3693 5831 Μοι

2104 5847 2800 5931 τθῖξίἷεῖἰιὸῆἰὼὸιθιευῑοη,
2812 5860 2937 5908 etex
2957 5847 3311 5915 manuscriptis
3330 5847 3523 5912 adjecta
3543 5852 3676 5895 sunt:
