4130 6374
456 405 550 461 651

454 534 639 589 magna
670 515 1049 587 negligentibus
1093 515 1328 569 itnminet
1360 528 1532 582 pmna.
1562 511 2013 578 Quemadmodum

454 611 596 664 enim
627 610 721 675 illi,
750 607 888 676 quod
918 622 1020 659 non
1047 606 1314 667 venerint,
1346 604 1659 657 contumelia
1692 602 1977 656 affecerunt
2003 619 2016 654 :

455 703 533 758 sic
559 709 612 754 et
632 710 705 761 tu.
729 699 847 771 quia
872 697 936 751 ad
958 706 1261 766 corruptam
1281 696 1438 748 vitam
1466 695 1539 749 sic
1562 694 1855 747 declinasti.
1887 692 2016 746 Nam

451 791 681 847 sordidis
725 789 961 843 vestibus
1006 788 1234 849 intrare,
1280 787 1328 839 id
1374 794 1473 849 est,
1516 800 1636 838 cum
1682 785 1882 851 impura
1915 784 2017 835 vita

453 886 576 940 inde
617 883 920 945 discedere;
969 880 1193 949 ideoque
1228 880 1555 933 obmutuisse
1592 877 1802 931 dicitur.
1840 875 2020 929 Viden‘

451 975 716 1047 quomodo
746 974 867 1028 licet
896 987 982 1027 res
1010 973 1088 1026 sic
1129 970 1406 1024 manifesta
1435 971 1501 1023 sit
1525 1008 1541 1033 ,
1588 984 1692 1023 non
1724 968 1865 1036 prius
1890 981 2016 1033 sup-

453 1066 605 1133 plicia
634 1063 841 1122 inferat,
870 1077 1025 1131 quam
1056 1062 1168 1130 ipse
1197 1070 1439 1129 peccator
1465 1058 1776 1113 sententiam
1808 1054 2020 1109 tulerit?

452 1153 585 1222 Quia
606 1155 745 1208 enim
769 1153 898 1206 nihil
921 1151 1243 1221 rcSpoudere
1264 1160 1487 1219 poterat,
1511 1149 1694 1205 semcti
1704 1163 1850 1216 psum
1871 1146 2020 1199 dam-

458 1246 636 1308 nabat,
664 1254 715 1299 et
738 1244 804 1298 ad
830 1245 1066 1312 ingentes
1086 1243 1286 1312 rapitur
1308 1257 1509 1309 pinnas.
1540 1239 1617 1293 Ne
1641 1249 1793 1307 putes
1819 1246 2015 1298 autem,

454 1351 575 1391 cum
605 1334 849 1390 tenebras
875 1333 1047 1398 audis,
1076 1333 1176 1386 hoc
1201 1332 1344 1385 illum
1374 1331 1632 1399 supplicio
1657 1328 1848 1399 puniri,
1877 1326 2015 1395 quod

455 1430 506 1484 in
537 1430 818 1483 obscurum
846 1427 1018 1480 locum
1044 1425 1283 1479 trudatur
1304 1421 1665 1484 solummodo;
1693 1420 1785 1474 sed
1814 1418 1899 1471 uhi
1933 1418 2015 1471 15.

457 1519 662 1583 Fletus,
706 1526 754 1573 et
777 1516 963 1571 stridor
987 1516 1237 1578 dentium,
1268 1513 1411 1583 quod
1436 1510 1793 1567 intolerabiles
1817 1508 2018 1578 signifi-

455 1621 539 1663 cat
568 1609 802 1664 dolores.
835 1607 1026 1662 Audite
1065 1614 1320 1675 quotquot
1348 1602 1717 1675 mysteriorum
1747 1608 2021 1654 consortes

455 1701 607 1767 estis,
650 1709 703 1753 et
730 1698 794 1752 ad
823 1698 1027 1766 nuptias
1051 1694 1347 1749 adventatis
1372 1734 1386 1756 ,
1418 1692 1747 1760 sordidisque
1774 1688 2020 1756 operibus

457 1790 684 1842 animam
718 1787 950 1841 induitis.
992 1785 1183 1839 Audite
1217 1783 1354 1837 unde
1383 1782 1551 1836 vocati
1583 1781 1715 1834 sitis.
1743 1779 1819 1832 Ex
1846 1776 2015 1831 trivio.

456 1880 682 1946 Quinam
710 1878 912 1933 eratis?
955 1875 1139 1931 Claudi
1181 1884 1234 1929 et
1276 1872 1401 1927 cmci
1443 1872 1647 1935 animo,
1698 1868 1835 1938 quod
1865 1869 2021 1935 longe

456 1970 666 2040 gravius
693 1977 775 2022 est
816 1967 1055 2037 corporis
1100 1965 1353 2019 caecitate.
1394 1958 1756 2017 Revereamini
1786 1957 2021 2012 vocantis

457 2058 856 2129 benignitatem,
888 2070 1150 2125 nemoque
1175 2056 1244 2109 sit
1271 2052 1498 2107 sordidis
1524 2050 1736 2104 indutus
1764 2046 2019 2111 vestibus,

457 2150 552 2205 sed
577 2150 799 2219 quisque
826 2158 1063 2202 nostrum
1091 2146 1279 2200 animm
1309 2145 1559 2198 amictum
1585 2148 1885 2210 componat.
1914 2139 2023 2192 Au-

458 2242 601 2309 dite,
645 2242 924 2304 mulieres,
965 2239 1175 2300 audite,
1222 2237 1340 2289 viri.
1384 2234 1496 2289 Non
1529 2234 1609 2286 his
1632 2231 1866 2285 vestibus
1890 2244 2024 2298 opus

459 2334 666 2388 habetis
690 2347 822 2386 auro
851 2331 1065 2385 intextis
1084 2370 1098 2393 ,
1126 2344 1242 2397 qua:
1270 2327 1526 2382 exteriora
1560 2335 1766 2389 nostra,
1800 2322 1890 2377 sed
1920 2322 2022 2375 illis

457 2438 576 2492 quae
606 2422 855 2476 interiora
884 2427 1094 2474 ornant.
1125 2418 1303 2471 Donec
1332 2414 1449 2470 illas
1476 2413 1783 2476 retinemus,
1812 2411 1909 2465 has
1939 2411 2020 2463 iu-

458 2515 621 2570 duere
649 2513 860 2569 difficile
896 2520 997 2566 est.
1045 2509 1159 2564 Non
1205 2519 1484 2577 possumus
1524 2505 1752 2559 animam
1784 2504 1941 2557 simul
1970 2511 2024 2558 et

457 2620 648 2675 corpus
674 2618 885 2658 ornare.
916 2602 1029 2656 Non
1072 2613 1353 2669 possumus
1379 2605 1550 2663 certe,
1600 2610 1701 2650 non
1745 2609 2025 2665 possumus

458 2712 719 2752 mamontc
742 2695 943 2750 servire
967 2704 1021 2748 et
1044 2690 1256 2745 Christo
1284 2689 1499 2743 obedire
1527 2696 1582 2741 ut
1610 2701 1704 2757 par
1729 2694 1889 2740 esset.
1920 2686 2021 2738 De-

459 2801 714 2859 ponamus
742 2801 869 2853 ergo
897 2783 1033 2837 hanc
1062 2796 1271 2850 gravem
1302 2777 1651 2851 tyrannidem.
1679 2776 1858 2846 Neque
1882 2775 2020 2829 enim

457 2879 501 2932 si
526 2877 641 2947 quis
666 2876 878 2931 domum
906 2874 1166 2943 tapetibus
1191 2871 1366 2925 aureis
1390 2877 1621 2931 ornaret,
1649 2878 1803 2936 teque
1825 2868 2020 2920 nudum

458 2982 581 3022 cum
626 2966 813 3035 pannis
858 2964 1045 3018 laceris
1091 2961 1277 3015 sedere
1316 2960 1552 3029 juberet,
1592 2958 1642 3012 id
1670 2972 1821 3027 tequo
1845 2957 2023 3010 animo

459 3058 648 3112 ferres.
695 3058 763 3110 At
806 3069 945 3109 nunc
984 3054 1096 3123 ipse
1136 3052 1227 3106 tibi
1272 3050 1409 3105 hanc
1437 3050 1678 3120 injuriam
1707 3048 1868 3111 facis,
1901 3063 2019 3103 cum

458 3151 674 3207 domum
700 3149 891 3202 anima:
916 3156 1015 3200 tum
1034 3186 1047 3208 ,
1079 3159 1270 3213 corpus
1296 3143 1513 3207 scilicet,
1546 3141 1836 3196 innumeris
1863 3153 2022 3193 ornas

459 3240 669 3304 anheis,
704 3238 847 3292 illam
874 3252 1004 3292 vero
1039 3249 1326 3306 pannosam
1362 3234 1551 3288 sedere
1574 3231 1725 3287 sinis.
1758 3234 1837 3284 An
1869 3230 2020 3300 igno-

457 3347 566 3398 ras,
606 3346 782 3400 regem
823 3330 989 3399 magis
1017 3343 1173 3398 quam
1217 3327 1481 3381 civitatem
1521 3323 1695 3377 ornari
1738 3322 2022 3391 oportere?

458 3423 687 3493 Ideoque
734 3421 931 3477 civitati
976 3421 1091 3475 vela
1132 3435 1195 3475 ex
1239 3419 1349 3473 lino
1378 3426 1661 3487 parantur,
1694 3415 1801 3485 regi
1845 3423 2018 3468 autem

455 3510 689 3586 purpura
730 3524 785 3568 et
822 3512 1063 3567 diadema
1090 3511 1317 3565 dantur:
1343 3509 1429 3564 Sic
1466 3517 1522 3564 et
1549 3517 1602 3561 tu
1639 3519 1831 3575 corpus
1867 3505 2021 3573 longe

456 3606 641 3660 viliore
668 3605 823 3659 indue
849 3605 1042 3657 amictu
1074 3602 1170 3673 (α),
1197 3602 1387 3655 anima:
1416 3612 1542 3653 vero
1564 3611 1797 3668 purpura
1824 3594 2020 3649 induce

454 3711 704 3753 coronam
736 3696 981 3763 impone,
1025 3702 1080 3747 et
1119 3692 1171 3748 in
1215 3690 1424 3746 sublimi
1454 3688 1587 3744 solio
1613 3688 1895 3742 constitue.
1939 3684 2021 3740 Tu

455 3801 589 3844 vero
629 3786 950 3840 contrarium
982 3784 1108 3837 facis
1128 3825 1141 3848 ,
1170 3782 1294 3837 dum
1325 3780 1509 3835 urbem
1538 3779 1680 3833 varie
1710 3792 1897 3841 ornas,
1927 3792 2018 3831 re-

454 3893 573 3945 gem
601 3891 728 3931 vero
751 3916 767 3940 ,
808 3877 919 3930 sive
948 3882 1218 3938 mentem,
1249 3872 1378 3927 sinis
1403 3872 1595 3926 victum
1624 3870 1762 3924 trahi
1785 3884 1813 3922 a
1845 3868 2019 3939 pravis

454 3969 748 4026 affectibus.
774 3967 889 4023 Non
917 3968 1136 4038 cogitas,
1184 3975 1235 4020 te
1271 3965 1337 4019 ad
1379 3965 1587 4034 nuptias
1611 3974 1666 4017 et
1691 3962 1781 4017 Dei
1808 3962 2018 4030 nuptias

455 4070 699 4115 vocatum
730 4059 885 4114 esse?
933 4073 1039 4112 non
1069 4056 1269 4126 cogitas
1296 4070 1402 4125 quo
1431 4063 1583 4124 pacto
1624 4053 1674 4107 iu
1707 4052 1803 4107 hos
1843 4051 2016 4105 thala-

455 4167 571 4205 mos
596 4160 837 4204 vocatam
866 4149 1093 4202 animam
1120 4148 1316 4201 intrare
1345 4152 1605 4213 oporteat,
1638 4144 1826 4198 vestitu
1849 4143 2015 4197 dean-

455 4249 572 4295 rato
600 4238 999 4300 circumdatam,
1025 4241 1276 4291 varietate
1297 4236 1569 4289 ornatam?

526 4330 581 4384 5.
615 4329 705 4383 Vis
734 4326 1007 4382 ostendam
1037 4326 1129 4381 tibi
1163 4325 1251 4394 qui
1280 4326 1387 4381 sint
1426 4340 1551 4378 vere
1588 4325 1656 4378 ita
1687 4323 1900 4376 amicti?
1928 4322 2013 4391 qui

450 4429 599 4474 veste
627 4418 845 4487 nuptiali
875 4416 1193 4471 induantur?
1230 4415 1531 4477 Recordare
1568 4426 1867 4470 sanctorum
1897 4415 2014 4467 illo-

450 4524 604 4573 rum,
635 4508 702 4561 de
727 4506 918 4576 quibus
947 4521 1112 4574 nuper
1137 4505 1242 4563 dixi
1269 4546 1283 4569 ,
1310 4506 1397 4574 qui
1423 4504 1596 4559 cilicio
1624 4504 1929 4567 induuntur,
1962 4513 2015 4557 et

450 4600 660 4655 deserta
704 4599 958 4653 incolunt.
1006 4597 1067 4652 lli
1112 4597 1345 4651 maxime
1384 4606 1581 4650 vestem
1610 4595 1895 4662 nuptialem
1922 4593 2014 4646 ba-

446 4692 684 4747 bentzet
714 4690 838 4744 hinc
877 4687 1128 4758 liquidum
1174 4696 1275 4750 est,
1315 4686 1452 4755 quod
1498 4687 1540 4740 si
1582 4686 1686 4739 illis
1726 4700 2011 4754 purpuram

451 4781 642 4839 oﬂeras
662 4822 678 4846 ,
720 4781 957 4850 accipere
983 4780 1149 4833 nolint
1173 4797 1186 4832 :
1210 4778 1304 4832 sed
1334 4776 1776 4847 quemadmodum
1808 4792 1897 4830 rex
1927 4777 2010 4830 in-

449 4873 700 4927 dumenta
730 4872 974 4942 pauperis
1013 4871 1187 4925 oblata
1213 4910 1228 4933 ,
1274 4870 1351 4924 sic
1381 4870 1452 4922 illi
1482 4869 1678 4939 regiam
1725 4884 2009 4938 purpuram

446 4972 777 5034 respuerent.
808 4963 917 5018 Nec
946 4962 1045 5015 alia
1076 4962 1143 5016 de
1167 4976 1322 5015 causa
1352 4960 1441 5014 illo
1468 4971 1589 5014 sunt
1616 4959 1823 5021 atfectu,
1851 4975 2009 5029 quam

446 5056 589 5126 quod
620 5054 1061 5125 pulchritudinem
1091 5053 1251 5107 vestis
1279 5066 1389 5105 sure
1431 5051 1692 5107 noverint.
1728 5050 1851 5104 Ideo
1879 5066 2006 5118 pur-

445 5161 662 5217 puream
691 5146 830 5199 illam
859 5153 1057 5197 vestem
1088 5150 1144 5195 ut
1166 5156 1373 5197 aranea:
1399 5141 1553 5197 telam
1582 5151 1855 5208 respuunt.
1887 5139 2008 5194 Haec

444 5237 585 5291 enim
618 5237 734 5289 illos
762 5234 990 5290 cilicium
1018 5233 1233 5287 docuit:
1258 5246 1379 5285 nam
1405 5238 1528 5284 sunt
1553 5229 1666 5299 ipso
1692 5244 1816 5298 rege
1841 5230 2006 5286 suhli-

441 5331 639 5388 tutiores
680 5338 736 5382 et
775 5325 1180 5396 splendidiores.
1211 5326 1288 5378 Ac
1311 5324 1353 5377 si
1384 5338 1566 5392 posses
1584 5323 1776 5391 januas
1814 5322 2007 5378 mentis

440 5420 668 5477 eorum‘
700 5418 929 5486 aperire,
978 5416 1315 5484 ipsorumque
1351 5414 1579 5469 animam
1628 5411 1827 5474 videre,
1874 5412 2008 5465 inte-

441 5514 742 5581 rioremque
783 5518 1027 5564 ornatum
1070 5522 1318 5573 omnem,
1364 5506 1416 5559 in
1469 5515 1660 5559 terram
1698 5503 2007 5567 dccideres,

503 5673 519 5703 ⁸
547 5667 730 5729 Morqu
753 5665 917 5733 templi
936 5678 1118 5724 eorum,
1141 5662 1287 5711 male.

436 5753 695 5878 ε,
718 5758 844 5803 Sicut
859 5753 905 5801 in
925 5742 1088 5803 multis
1109 5743 1215 5797 aliis
1235 5744 1380 5806 hujus
1398 5742 1609 5800 homines
1627 5741 1766 5805 locis,
1788 5740 1915 5797 male
1929 5740 2007 5794 ιε..

476 5830 484 5860 ι
684 5846 697 5860 .

476 5830 511 5860 ll
531 5830 697 5860 mores.

1179 400 1236 455 S.
1276 398 1550 456 JOANNIS
1570 396 2043 454 CHRYSOSTOMI
2080 396 2391 453 ARCIIIEP.
2430 397 2955 455 CONSTANTINOP.

2122 524 2242 563 cum
2276 525 2378 563 non
2428 509 2596 564 ferres
2626 520 2781 564 tanta:
2820 511 3219 581 pulchritudinis
3248 515 3606 586 splendorem,
3632 531 3686 575 et

2122 606 2343 655 vestium
2364 603 2640 671 fulgorem,
2661 619 2864 658 necnon
2883 603 3055 675 fulgur
3069 608 3408 662 conscientite
3428 610 3683 680 ipsorum.

2121 691 2406 746 Possemus
2430 694 2670 762 exempla
2685 693 2927 765 proferre
2943 705 3178 751 veterum
3201 712 3508 766 magnorum
3530 710 3688 769 atque

2122 782 2438 836 mirabilium
2466 783 2765 850 hominum;
2789 784 2881 838 sed
2901 785 3021 855 quia
3045 785 3282 841 rudiores
3302 789 3540 857 exempla
3568 805 3687 859 quae

2121 873 2219 925 sub
2249 873 2432 927 oculos
2456 873 2650 928 cadunt
2669 874 2833 943 magis
2854 876 3140 939 concitant,
3163 875 3282 930 ideo
3304 891 3397 931 vos
3417 878 3481 932 ad
3508 880 3687 933 taber-

2124 964 2308 1017 nacula
2352 975 2652 1018 sanctorum
2700 965 2917 1019 istorum
2962 967 3132 1020 mitto.
3178 966 3316 1021 Nihil
3358 969 3501 1022 enim
3539 971 3687 1026 triste

2123 1056 2349 1122 habent;
2379 1058 2471 1112 sed
2501 1067 2678 1126 utpote
2707 1059 2796 1127 qui
2826 1060 2874 1112 in
2903 1060 3049 1115 caelis
3076 1062 3276 1131 tuguria
3304 1077 3397 1115 sua
3426 1062 3685 1119 fundave-

2123 1150 2248 1212 rint,
2279 1150 2355 1203 sic
2381 1149 2560 1218 procul
2589 1166 2653 1204 ex
2684 1150 2839 1219 hujus
2863 1151 2984 1204 vittc
3014 1153 3238 1206 miseriis
3267 1153 3520 1217 habitant,
3553 1156 3691 1208 mili-

2125 1251 2295 1295 tantes
2319 1251 2500 1295 contra
2528 1241 2815 1307 diabolum,
2842 1251 2897 1297 et
2924 1244 3071 1311 quasi
3099 1244 3319 1299 choreas
3347 1256 3583 1315 agentes,
3610 1247 3687 1301 sic

2124 1327 2316 1386 bellum
2344 1341 2534 1401 gerunt
2570 1333 2827 1387 adversus
2854 1349 2996 1388 eum.
3033 1333 3154 1389 Ideo
3183 1340 3503 1391 constructis
3538 1347 3687 1405 tugu-

2122 1425 2215 1478 riis
2239 1465 2253 1487 ,
2284 1425 2440 1479 urbes
2460 1465 2474 1488 ,
2508 1423 2680 1479 forum
2704 1466 2720 1491 ,
2746 1425 2935 1479 domos
2964 1426 3185 1495 fugiunt.
3214 1427 3344 1482 Nam
3375 1428 3460 1497 qui
3489 1429 3684 1483 bellum

2123 1516 2280 1582 gerit,
2328 1530 2429 1567 non
2457 1514 2614 1569 debet
2639 1516 2781 1569 domi
2811 1516 3028 1581 sedere;
3060 1517 3151 1571 sed
3180 1530 3419 1587 prompte
3448 1528 3686 1588 paratum

2122 1604 2444 1656 domicilium
2474 1603 2663 1657 habeat
2690 1614 2932 1673 oportet,
2962 1616 3018 1659 ut
3047 1607 3135 1675 qui
3166 1608 3272 1660 cito
3303 1609 3559 1676 proficisci
3590 1611 3684 1665 de.-

2124 1694 2263 1748 beat.
2294 1692 2451 1747 Tales
2480 1703 2602 1748 sunt
2627 1694 2700 1748 illi
2728 1709 2934 1759 omnes,
2966 1706 3149 1750 contra
3174 1712 3328 1766 quam
3359 1713 3455 1753 nos
3482 1713 3682 1753 sumus.

2122 1785 2227 1840 Nos
2255 1786 2447 1855 quippe
2491 1802 2592 1839 non
2633 1794 2690 1839 ut
2731 1787 2781 1840 in
2830 1788 3103 1852 exercitu,
3154 1788 3244 1841 sed
3286 1790 3435 1857 quasi
3478 1790 3528 1843 in
3561 1807 3687 1859 pace

2124 1875 2329 1931 fruente
2354 1876 2483 1930 urbe
2504 1877 2746 1929 vivimus.
2779 1877 2907 1942 Quis
2932 1878 3070 1931 enim
3098 1893 3346 1945 umquam
3374 1879 3424 1932 in
3452 1882 3683 1934 exercitu

2124 1964 2462 2020 fundamenta
2507 1966 2636 2035 jacit
2657 2007 2672 2033 ,
2707 1976 2760 2021 et
2784 1967 2996 2020 donuun
3028 1968 3316 2034 construit,
3348 1984 3503 2037 quam
3531 1971 3686 2038 paulo

2124 2066 2243 2125 post
2283 2057 2564 2112 relicturus
2610 2060 2727 2113 est?
2770 2058 2937 2113 Nemo
2982 2059 3261 2113 sane:sed
3304 2070 3358 2113 et
3401 2061 3445 2114 si
3488 2062 3609 2130 quis
3635 2062 3683 2115 id

2126 2149 2441 2213 tentaverit,
2488 2160 2545 2204 ut
2589 2149 2827 2218 proditor
2864 2149 3138 2204 occiditur.
3181 2149 3309 2218 Quis
3350 2151 3401 2204 in
3451 2153 3683 2206 exercitu

2126 2248 2282 2294 terra:
2309 2240 2489 2309 jugera
2520 2241 2683 2305 emit,
2732 2250 2782 2295 et
2834 2241 3214 2310 negotiationes
3240 2243 3494 2310 apparat?
3519 2243 3686 2298 Nemo

2123 2341 2301 2395 certe,
2346 2343 2399 2385 et
2431 2332 2550 2399 jure
2591 2331 2824 2401 quidem.
2870 2330 3000 2384 Nam
3028 2330 3094 2385 ad
3122 2331 3421 2385 bellandum
3454 2332 3642 2386 venisti
3666 2374 3681 2398 ,

2123 2437 2227 2475 non
2258 2421 2322 2475 ad
2351 2422 2742 2491 negotiandum.
2765 2421 2898 2490 Quid
2926 2422 3085 2492 igitur
3105 2421 3310 2476 laboras
3330 2424 3466 2476 circa
3490 2425 3681 2490 locum,

2124 2526 2278 2581 quem
2308 2513 2465 2582 paulo
2496 2521 2613 2581 post
2656 2512 2933 2568 relicturus
2974 2512 3071 2566 es?
3107 2511 3236 2567 Cum
3268 2514 3317 2566 in
3347 2514 3568 2582 patriam
3597 2530 3684 2570 ve-

2124 2602 2359 2657 nerimus
2390 2602 2437 2655 id
2465 2602 2653 2667 facito;
2682 2620 2800 2659 cum
2843 2605 2892 2658 in
2920 2617 3199 2675 supernam
3231 2606 3497 2659 civitatem
3524 2606 3684 2663 adve-

2125 2692 2379 2757 nerimus,
2409 2692 2490 2746 his
2515 2692 2708 2747 fruere.
2737 2694 2861 2749 lltrc
2892 2694 2982 2751 tibi
3012 2711 3149 2750 nunc
3173 2695 3323 2758 dico;
3355 2712 3474 2750 cum
3501 2712 3685 2766 super-
3766 2718 3771 2721 ·

2126 2796 2246 2835 nam
2287 2782 2673 2850 possessionem
2721 2784 2857 2838 nacti
2904 2783 3190 2848 fuerimus,
3235 2796 3360 2840 tunc
3399 2786 3450 2840 id
3493 2785 3681 2852 facito;

2125 2873 2231 2926 imo
2259 2873 2384 2927 nihil
2414 2874 2505 2928 tibi
2535 2874 2640 2928 illic
2667 2874 2844 2928 labore
2873 2890 3004 2944 Opus
3030 2878 3167 2930 erit:
3198 2877 3306 2932 Rex
3340 2880 3479 2933 enim
3509 2882 3683 2936 omnia

2125 2964 2230 3018 illic
2272 2974 2541 3034 operatur.
2596 2964 2691 3019 llic
2740 2966 2892 3019 nobis
2935 2967 3061 3019 satis
3112 2977 3189 3020 est
3241 2968 3431 3022 fossam
3478 2986 3682 3038 parare,

2124 3054 2319 3108 vallum
2345 3054 2534 3123 figere:
2560 3054 2760 3109 aediﬁcii
2794 3055 2932 3108 nulla
2962 3056 3248 3111 necessitas
3276 3069 3378 3113 est.

2199 3145 2627 3199 Hamaxobiorum
2647 3155 2693 3200 et
2716 3144 3006 3200 Nomadum
3033 3148 3149 3199 vita.
3190 3147 3230 3200 V
3233 3150 3302 3201 ita
3330 3151 3684 3206 monachorum

2122 3254 2272 3307 quam
2298 3247 2490 3291 sancta.
2517 3267 2587 3277 —
2612 3237 2746 3292 Audi
2776 3253 3015 3305 quaenam
3043 3239 3113 3292 sit
3142 3237 3581 3294 llamaxobiomm
3611 3244 3686 3313 (τι)

2122 3326 2435 3398 Scytharum
2474 3326 2600 3391 vita,
2625 3325 2764 3395 quod
2790 3326 3080 3380 Nomadum
3111 3327 3402 3382 institutum
3428 3329 3567 3384 vitm.
3598 3331 3687 3387 Sic

2123 3427 2391 3487 Oporteret
2418 3417 2743 3472 Christianos
2768 3418 2943 3472 vivere
2967 3459 2982 3484 ,
3012 3433 3105 3487 per
3141 3418 3324 3473 orbem
3367 3421 3643 3477 circumire
3666 3463 3682 3489 ,

2122 3517 2304 3563 contra
2330 3507 2599 3561 diabolum
2634 3518 2943 3577 pugnantes,
2978 3508 3212 3577 captivos
3238 3509 3304 3563 ab
3332 3510 3418 3564 illo
3443 3511 3685 3568 detentos

2122 3602 2427 3663 liberantes,
2472 3600 2667 3654 relictis
2706 3599 2949 3655 omnibus
2994 3600 3330 3655 saecularibus
3373 3601 3546 3657 rebus.
3582 3604 3686 3659 Cur

2121 3696 2334 3750 domum
2363 3708 2586 3763 apparas
2609 3734 2624 3759 ,
2665 3707 2698 3747 o
2724 3692 2924 3746 homo?
2947 3702 3017 3746 an
3040 3702 3096 3747 ut
3125 3692 3346 3761 teipsum
3378 3696 3541 3763 magis
3568 3697 3685 3750 vin-

2120 3786 2262 3840 cias‘!
2288 3784 2394 3839 Cur
2420 3785 2725 3839 thesaurum
2756 3783 2958 3838 defodis
2981 3826 2996 3849 ,
3042 3794 3096 3839 et
3124 3784 3391 3839 inimicum
3425 3800 3602 3841 contra
3631 3797 3683 3843 te

2120 3875 2347 3930 incitas?
2371 3890 2465 3928 cur
2490 3889 2667 3929 muros
2697 3873 2926 3928 mdificas
2949 3916 2961 3936 ,
2991 3882 3046 3929 et
3072 3875 3160 3929 tibi
3193 3890 3457 3930 carcerem
3489 3878 3683 3945 paras?

2119 3967 2269 4031 Quod
2298 3966 2340 4020 si
2369 3964 2482 4018 haec
2511 3964 2603 4018 tibi
2630 3964 2865 4018 difficilia
2894 3979 3012 4019 esse
3039 3965 3331 4033 videantur,
3378 3967 3442 4021 ad
3472 3969 3679 4023 illorum

2122 4057 2463 4112 tabernacula
2493 4071 2771 4127 pergamus
2794 4099 2809 4123 ,
2854 4066 2910 4111 ut
2951 4072 3015 4111 ex
3045 4073 3205 4126 opere
3227 4100 3241 4123 ,
3276 4060 3349 4113 rei
3381 4059 3679 4117 facilitatem

2117 4133 2435 4202 ediscamus.
2457 4146 2588 4201 Nam
2615 4162 2734 4201 cum
2765 4147 2966 4216 tuguria
2995 4147 3067 4201 illi
3090 4149 3450 4215 cxcitaverint,
3478 4151 3523 4206 si
3547 4166 3685 4221 opus

2118 4239 2184 4292 sit
2202 4237 2341 4290 illinc
2360 4235 2649 4299 discedere,
2665 4237 2741 4290 sic
2756 4238 3038 4291 abscedunt
3058 4247 3107 4291 ut
3128 4239 3319 4293 milites
3335 4240 3421 4309 qui
3442 4247 3680 4310 tempore

2120 4328 2263 4397 pacis
2286 4329 2579 4381 exercitum
2607 4328 2923 4395 relinquunt.
2957 4327 3084 4380 Nam
3114 4327 3164 4381 hi
3190 4330 3430 4383 similiter
3456 4333 3677 4386 tentoria

2119 4418 2315 4486 figunt,
2344 4416 2435 4470 sed
2464 4417 2617 4486 longe
2645 4418 2877 4471 suavius.
2907 4416 3037 4471 Nam
3071 4418 3222 4487 longe
3246 4421 3457 4475 suavius
3484 4433 3561 4475 est
3588 4438 3678 4477 so-

2117 4507 2393 4562 litudinem
2439 4507 2618 4562 videre
2666 4506 2963 4577 frequentes
3009 4509 3304 4563 monachos
3353 4509 3681 4579 habentem,

2116 4613 2272 4667 quam
2314 4597 2508 4651 milites
2553 4597 2604 4649 in
2648 4597 2881 4651 exercitu
2925 4597 3037 4651 vela
3080 4597 3378 4665 tendentes,
3417 4610 3469 4653 et
3500 4600 3677 4654 hastas

2118 4686 2371 4756 figentes,
2399 4697 2451 4740 et
2475 4702 2504 4739 a
2534 4686 2752 4755 cuspide
2796 4686 3059 4755 hastarum
3088 4702 3272 4743 crocea
3300 4689 3451 4757 pallia
3475 4690 3676 4759 depen-

2116 4777 2343 4843 dentes;
2401 4777 2674 4831 hominum
2728 4777 3119 4832 multitudinem
3170 4780 3331 4833 aeneis
3375 4779 3674 4847 capitibus,
3760 4802 3765 4807 ο

2115 4868 2374 4923 umbones
2414 4868 2720 4938 clypeorum
2768 4866 3023 4936 fulgorem
3071 4867 3293 4921 multum
3340 4870 3674 4936 eminentes,

2115 4960 2291 5013 loricis
2321 4958 2532 5013 indutos
2560 4958 2751 5013 ferreis
2772 5000 2788 5024 ,
2820 4960 3015 5028 regiam
3062 4968 3304 5029 prompte
3330 4971 3583 5029 paratam,
3614 4962 3679 5015 il-

2114 5050 2300 5120 losque
2325 5065 2512 5104 omnes
2539 5050 2855 5118 prandentes
2898 5059 2953 5103 et
2993 5049 3114 5103 tibia
3157 5050 3415 5105 ludentes.
3448 5051 3560 5105 Non
3605 5053 3674 5105 ita

2109 5142 2398 5213 jucundum
2427 5142 2527 5196 hoc
2556 5142 2817 5196 theatrum
2862 5150 2978 5207 est,
3008 5157 3161 5211 quam
3194 5141 3294 5196 hoc
3316 5142 3382 5196 de
3408 5158 3513 5211 quo
3538 5157 3674 5198 nunc

2113 5234 2318 5303 loquor.
2348 5233 2478 5286 Nam
2503 5233 2619 5287 siin
2645 5232 2979 5287 solitudinem
3004 5233 3273 5300 abeamus,
3300 5233 3675 5304 videamusque

2113 5326 2340 5379 militum
2365 5322 2560 5378 Christi
2589 5323 2921 5378 tabernacula
2948 5364 2964 5388 ,
3006 5338 3109 5376 non
3137 5324 3250 5377 vela
3285 5333 3500 5377 extensa
3530 5324 3673 5378 vide-

2112 5417 2305 5483 bimus,
2350 5430 2454 5469 non
2500 5414 2767 5469 hastarum
2810 5412 3073 5483 cuspides,
3119 5428 3222 5468 non
3268 5413 3451 5482 peplos
3485 5428 3674 5468 aureos

2113 5506 2312 5559 tholum
2357 5505 2556 5574 regium
2600 5503 2923 5570 efficientes,
2969 5502 3061 5557 sed
3105 5517 3167 5557 ac
3209 5502 3252 5557 si
3293 5504 3412 5572 quis
3449 5504 3499 5556 in
3534 5512 3672 5556 terra

2174 5619 2245 5681 (α)
2268 5617 2670 5681 Denamaxohiis
2690 5616 2896 5681 Scythis,
2921 5616 3005 5678 qui
3037 5616 3087 5665 in
3108 5615 3334 5679 plaustris
3353 5614 3500 5665 vitam
3520 5613 3672 5677 dego-

2109 5678 2241 5739 bant,
2266 5679 2403 5749 multi
2426 5680 2705 5749 scripsere._
2718 5678 2940 5727 Horatius
2962 5691 2993 5749 τ’

2111 5801 2190 5857 ne
2213 5735 3452 5865 umqu‘t‘iimfi‘g'é‘ééﬁai‘iﬂ“pa¥uﬁ'$féuaﬂf“'
