4130 6374
349 386 458 443 653

352 505 523 559 multo
542 500 640 554 hac
660 498 851 554 latlore
869 507 922 553 et
938 495 1193 553 immensa
1214 494 1409 549 multos
1422 491 1730 548 extenderet
1742 489 1922 557 celos,

356 606 551 647 novum
578 599 736 660 alque
762 587 1001 643 mirabile
1026 586 1293 642 theatrum
1321 582 1644 647 ostenderet,
1673 580 1742 636 ita
1768 588 1824 636 et
1850 579 1922 634 ibi

356 683 541 738 videre
583 678 1023 736 estzhabitacula
1067 676 1261 747 quippe
1300 675 1508 728 illorum
1551 673 1682 728 czelo
1711 687 1817 725 non
1844 670 1926 724 in-

354 773 547 839 feriora
578 769 886 829 arstimanda
914 776 1041 822 sunt
1062 786 1076 822 :
1101 783 1219 820 nam
1244 765 1415 835 angeli
1437 765 1502 820 ad
1523 779 1617 818 eos
1634 763 1921 827 divertunt,

355 865 463 919 imo
489 865 600 932 ipse
624 861 931 931 angelorum
960 858 1231 919 Dominus.
1258 854 1389 918 Nam
1414 856 1455 909 si
1477 855 1551 910 ad
1569 853 1922 913 Abrahamum

353 961 663 1021 venerunt,
696 952 785 1022 qui
828 964 1045 1005 uxorem
1095 947 1337 1015 habebat
1361 956 1419 1001 et
1457 945 1593 1004 filios
1618 943 1921 1010 nutriebat,

354 1047 475 1116 quia
517 1042 829 1117 h08pitalem
876 1040 1020 1109 illum
1049 1032 1925 1102 viderunt:cumvirtutcmdonge

355 1139 609 1206 majorem
657 1134 964 1196 inveniunt,
1007 1140 1061 1186 et
1104 1130 1370 1184 hominem
1417 1143 1448 1182 a
1488 1141 1711 1195 corpore
1735 1126 1926 1180 libera-

354 1236 465 1299 tum
491 1269 506 1289 ,
538 1235 699 1299 atque
726 1226 777 1279 in
807 1237 967 1279 carne
990 1236 1202 1277 carnem
1232 1218 1635 1290 despicientem,
1662 1216 1831 1273 multo
1856 1216 1919 1269 li-

354 1319 573 1391 bentius
601 1317 669 1371 ibi
699 1325 1000 1381 versantur,
1024 1322 1076 1369 et
1097 1313 1347 1367 choream
1369 1308 1681 1380 aguntipsis
1700 1322 1923 1363 consen-

356 1390 585 1469 taneam.
613 1409 791 1469 Mensa
818 1408 1012 1477 quippe
1037 1404 1174 1475 apud
1202 1404 1321 1459 illos
1345 1402 1489 1463 omni
1517 1401 1924 1463 luxuimmunis

353 1480 470 1570 est,
514 1502 706 1557 munda
736 1510 790 1556 et
829 1498 1159 1575 philosophia
1188 1498 1362 1567 plena.
1388 1495 1505 1550 Non
1531 1492 1798 1564 sanguinis
1823 1492 1922 1549 rivi

351 1593 664 1663 apudillos,
698 1606 866 1658 neque
892 1590 1136 1645 dissecta:
1161 1602 1371 1651 carnes,
1398 1602 1503 1651 non
1525 1580 1713 1654 capitis
1734 1598 1922 1654 grave-

356 1683 526 1748 dines,
550 1697 657 1736 non
677 1679 1033 1741 cendimenta,
1057 1694 1161 1732 non
1182 1677 1335 1732 nidor
1352 1677 1603 1743 insuavis,
1622 1692 1725 1730 non
1747 1675 1922 1730 fumus

353 1775 620 1845 ingratus,
667 1788 770 1829 non
816 1786 1039 1835 cursus,
1087 1769 1373 1832 tumultus,
1420 1767 1609 1832 turbae,
1660 1767 1919 1820 clamores

353 1846 601 1927 onerosi;
648 1864 738 1918 sed
780 1863 929 1933 panis
955 1872 1008 1917 et
1034 1876 1199 1931 aqua;
1232 1861 1345 1914 ba-c
1380 1874 1445 1915 ex
1485 1859 1631 1929 puris
1657 1856 1917 1920 fontibus,

354 1956 442 2031 ille
485 1972 548 2010 ex
589 1955 746 2024 justis
794 1954 1079 2009 laboribus.
1129 1950 1279 2017 Quod
1329 1950 1375 2005 si
1422 1950 1614 2004 lautius
1655 1947 1920 2003 voluerint

356 2047 558 2123 epulari
579 2087 594 2113 ,
637 2046 810 2099 bacca:
856 2044 1109 2099 lautitiam
1153 2042 1373 2111 implent
1403 2058 1415 2094 :
1443 2049 1497 2094 ct
1535 2039 1703 2113 major
1727 2036 1813 2105 hic
1838 2046 1920 2092 est

353 2140 615 2208 voluptas,
640 2153 798 2208 quam
824 2137 874 2190 in
903 2136 1063 2207 regiis
1089 2134 1307 2190 mensis.
1336 2132 1518 2187 Nullus
1547 2131 1636 2186 hic
1655 2131 1812 2185 timor
1830 2138 1921 2185 aut

354 2240 556 2305 tremor
586 2246 598 2281 :
628 2244 731 2283 non
776 2228 1114 2297 magistratus
1142 2236 1386 2289 accusat,
1416 2238 1521 2278 non
1550 2238 1685 2277 uxor
1710 2222 1917 2288 irritat,

353 2337 458 2376 non
490 2321 627 2375 tilius
655 2321 706 2375 in
735 2334 1017 2375 mterorem
1041 2318 1271 2388 conjicit,
1302 2334 1407 2371 non
1435 2316 1576 2373 risus
1608 2316 1918 2384 uimitts_re-

353 2394 543 2475 solvit,
573 2426 677 2465 non
707 2410 1037 2465 adulatorum
1086 2423 1337 2463 numerus
1365 2407 1547 2474 inï¬‚at;
1580 2406 1672 2461 scd
1698 2406 1918 2477 angelo-

353 2484 470 2558 rum
513 2512 597 2559 est
639 2518 818 2557 mensa
841 2544 854 2566 ,
904 2501 1046 2555 omni
1077 2500 1238 2560 simili
1270 2499 1495 2553 tumultu
1524 2513 1710 2554 vacua.
1740 2497 1920 2553 Strato

354 2593 498 2649 faeno
522 2593 585 2649 ad
605 2592 1015 2649 recumbendum
1035 2600 1272 2653 utuntur,
1292 2589 1429 2658 quod
1447 2601 1500 2644 et
1516 2589 1753 2655 Christus
1774 2587 1915 2654 fecit,

353 2702 473 2739 cum
520 2685 797 2754 prandium
841 2684 892 2757 in
933 2683 1147 2739 deserto
1190 2682 1353 2755 dedit.
1400 2681 1543 2735 Mulli
1581 2696 1707 2735 vero
1748 2694 1919 2749 neque

352 2776 453 2839 sub
479 2784 618 2830 tecto
647 2775 696 2829 id
727 2775 957 2839 faciunt,
984 2774 1075 2828 sed
1104 2790 1199 2843 pro
1229 2784 1368 2829 tecto
1390 2772 1579 2828 ett-lum
1608 2772 1835 2838 habent,
1865 2781 1919 2827 et

353 2869 530 2922 lunam
559 2882 657 2937 pro
697 2868 927 2921 lucerna:
965 2867 1185 2931 lumine,
1227 2881 1345 2935 qua}
1374 2880 1469 2919 nec
1494 2865 1614 2919 oleo
1642 2871 1779 2934 eget,
1818 2877 1919 2918 nec

264 2968 269 2975 '
352 2960 638 3012 ministro:
673 2958 787 3029 illis.
822 2967 970 3015 certe
1013 2957 1141 3021 solis
1186 2956 1446 3026 condigne
1493 2955 1613 3010 luna
1657 2955 1919 3010 ministrat

352 3050 543 3105 lucem.

420 3143 474 3196 4.
514 3141 660 3197 Hanc
700 3141 869 3212 angeli
901 3157 1136 3197 mensam
1175 3158 1239 3196 ex
1268 3140 1399 3196 caelo
1439 3150 1742 3209 spectantes
1774 3155 1907 3211 gau-

351 3233 475 3288 dent
501 3244 553 3290 ct
578 3233 840 3288 lmtantur.
870 3233 998 3287 Nam
1024 3233 1074 3303 si
1102 3233 1169 3301 de
1198 3248 1302 3286 uno
1342 3241 1618 3302 peccatore
1659 3232 1920 3299 paeniten-

353 3323 479 3378 tiam
509 3335 698 3394 agente
725 3324 955 3396 gaudent
980 3321 1128 3392 (Luc.
1172 3322 1257 3376 l5.
1278 3323 1365 3391 7),
1398 3322 1465 3377 de
1497 3330 1571 3375 tot
1586 3322 1744 3391 justis
1774 3320 1919 3390 ipsos

353 3416 682 3491 imitantibus
702 3415 825 3484 quid
857 3430 960 3468 non
992 3414 1219 3468 facient?
1248 3412 1363 3467 Non
1393 3422 1475 3467 est
1500 3412 1569 3465 ibi
1592 3412 1840 3467 dominus
1865 3419 1920 3465 et

350 3524 536 3563 servus
565 3524 579 3562 :
609 3522 794 3561 omnes
817 3505 985 3568 servi,
1014 3520 1202 3559 omnes
1232 3504 1404 3559 liberi.
1447 3503 1559 3559 Nec
1593 3512 1747 3575 putes
1789 3505 1917 3558 aani-

350 3615 466 3667 gtna
498 3614 616 3653 esse
640 3598 688 3651 id
724 3597 864 3667 quod
881 3597 1077 3651 dicitur
1108 3613 1123 3652 :
1156 3612 1277 3649 nam
1310 3599 1449 3651 servi
1475 3604 1656 3650 mutuo
1684 3596 1818 3650 alter
1834 3600 1916 3649 al-

350 3691 548 3755 terius,
590 3700 641 3743 ct
692 3689 889 3743 domini
932 3696 1118 3742 mutuo
1157 3696 1301 3742 sunt.
1348 3691 1641 3757 Appetente
1672 3696 1915 3757 vespera

351 3795 506 3833 nemo
532 3788 750 3833 mmstns
777 3788 894 3841 est:
927 3778 1065 3848 quod
1094 3778 1244 3831 multi
1291 3776 1561 3831 hominum
1608 3779 1877 3847 patiuntur
1897 3817 1912 3839 ,

352 3873 475 3925 dum
507 3872 815 3925 diurnorum
844 3872 1099 3923 malorum
1142 3868 1522 3923 sollicitudines
1552 3868 1728 3921 animo
1747 3868 1920 3923 revol-

351 3972 499 4017 vunt.
526 3963 649 4017 Post
667 3978 871 4016 caenam
898 3976 1000 4015 non
1033 3971 1156 4015 sunt
1186 3961 1325 4014 fures
1350 3959 1598 4027 timendi,
1628 3976 1728 4013 non
1773 3959 1919 4013 clau-

350 4056 520 4110 denda
535 4056 712 4123 janua,
733 4071 835 4109 non
857 4054 1203 4125 imponendos
1221 4054 1385 4108 vectis
1402 4094 1416 4119 ,
1442 4069 1610 4123 neque
1640 4053 1724 4106 alii
1747 4062 1919 4108 metus

350 4146 559 4205 adsunt.
590 4146 675 4215 qui
705 4147 956 4214 plurimos
982 4147 1269 4213 exagitant,
1292 4145 1378 4215 qui
1407 4153 1650 4198 accurate
1678 4145 1918 4198 lucernas

351 4237 765 4307 exstinguuntâ€˜,
804 4252 871 4290 ne
920 4236 1145 4290 scintilla
1195 4235 1335 4289 :rdes
1387 4234 1651 4288 incendat.
1705 4233 1915 4288 Illorum

351 4330 610 4399 colloquia
636 4328 821 4383 eadem
846 4338 968 4381 sunt
995 4327 1369 4397 tranquillitate
1397 4327 1545 4395 plena
1574 4346 1585 4379 :
1617 4341 1788 4395 neque
1824 4341 1915 4381 ea-

353 4421 495 4486 dem,
523 4435 641 4490 qua:
690 4435 807 4484 nos,
844 4419 1150 4489 loquuntur,
1191 4435 1311 4489 qua:
1353 4419 1478 4472 nihil
1513 4419 1577 4472 ad
1615 4434 1713 4472 nos
1754 4418 1917 4487 perti-

353 4521 539 4565 neant:
565 4510 654 4564 Ille
675 4510 951 4581 przefectus
969 4508 1135 4563 factus
1149 4521 1248 4577 est,
1272 4510 1359 4563 ille
1380 4509 1685 4578 praefectura
1702 4509 1914 4576 excidit;

355 4601 444 4657 ille
487 4611 724 4656 mortuus
758 4609 859 4667 est,
891 4612 940 4656 et
963 4602 1096 4656 alius
1116 4601 1461 4661 hereditatem
1500 4602 1725 4671 excepit,
1762 4615 1917 4672 atque

354 4694 651 4764 ltujusmodi
678 4694 810 4758 alia;
840 4694 932 4749 sed
965 4693 1039 4747 illi
1079 4709 1291 4764 semper
1312 4692 1378 4747 de
1406 4692 1595 4747 futuris
1636 4694 1919 4763 loquuntur

355 4796 407 4841 et
456 4785 932 4855 philosOphantur;
959 4800 1021 4839 ac
1046 4785 1088 4839 si
1121 4785 1172 4838 in
1211 4785 1315 4838 alio
1347 4784 1643 4839 habitarent
1667 4786 1824 4849 orbe,
1855 4800 1919 4838 ac

353 4877 396 4930 si
431 4878 481 4929 in
508 4876 698 4929 caelum
730 4876 969 4931 translati
992 4885 1190 4939 essent,
1219 4891 1281 4929 ac
1306 4876 1349 4930 si
1379 4876 1446 4931 ibi
1475 4878 1634 4930 vitam
1678 4888 1915 4946 agerent,

350 4968 430 5021 sic
453 4967 519 5021 de
540 4967 841 5021 caelestibus
864 4981 1075 5035 semper
1100 4967 1403 5036 loquuntur,
1432 4967 1499 5021 de
1528 4968 1645 5021 sinu
1669 4967 1914 5029 Abrahae,

355 5058 421 5113 de
445 5057 658 5112 coronis
700 5065 1027 5119 sanctorum,
1070 5057 1135 5111 de
1158 5055 1352 5111 Christi
1398 5057 1625 5123 chorea;
1670 5057 1738 5112 de
1780 5075 1917 5128 prte-

353 5149 592 5204 sentibus
613 5149 753 5203 nulla
777 5150 1005 5211 mentio;
1038 5148 1131 5204 sed
1153 5150 1287 5205 sicut
1310 5150 1376 5205 de
1411 5150 1472 5204 iis
1496 5190 1510 5214 ,
1543 5166 1659 5221 qua:
1687 5150 1918 5206 formica:

356 5240 406 5294 in
449 5239 797 5295 foraminibus
822 5240 933 5293 suis
959 5249 1139 5310 agunt,
1186 5239 1325 5309 loqui
1352 5255 1456 5295 non
1494 5240 1773 5311 dignamur
1804 5260 1815 5293 :
1844 5243 1919 5297 sic

356 5350 526 5404 neque
554 5334 629 5387 illi
650 5333 721 5389 de
746 5333 905 5388 rebus
921 5332 1433 5403 nostrisloquuntur,
1461 5334 1553 5389 sed
1573 5334 1638 5389 de
1664 5334 1805 5405 Rege
1833 5350 1922 5389 su-

357 5440 545 5492 perno,
574 5423 641 5478 de
667 5423 809 5479 bello
833 5422 1102 5493 praesenti,
1141 5422 1209 5477 de
1235 5421 1429 5477 diaboli
1453 5424 1919 5491 machinamentis,

334 5515 423 5573 de
452 5525 754 5570 sanctorum
788 5515 970 5586 gestis.
1000 5514 1056 5569 Si
1082 5528 1201 5568 cum
1247 5513 1350 5568 illis
1375 5529 1765 5584 comparemur,
1795 5516 1919 5585 quid

356 5623 385 5661 a
415 5607 647 5662 formicis
685 5605 1013 5662 diï¬‚'erimus?
1052 5605 1396 5660 Nihilâ€™ccrtc.
1429 5605 1561 5661 Nam
1601 5614 1657 5662 Î¹Î¹Î¹
1692 5606 1923 5663 formica

426 5828 442 5858 Î¹
469 5824 583 5889 Alit,
604 5839 685 5891 qut
708 5832 844 5879 cauto
867 5824 1084 5883 (tum

1299 376 1373 439 Î™Î
1402 372 1806 435 ÎœÎ”á¼œÎ¤Î—Î•Î—Î’Î™
1846 371 2070 430 Î™Î™ÎŸÎœÎ™Î™Î¹.
2112 373 2299 432 LXIX.
2338 378 2409 434 al.
2450 375 2619 434 LXX.

3506 382 3610 441 65$

2029 494 2322 563 corporalia
2352 507 2560 565 curant,
2588 499 2658 554 ita
2683 507 2739 556 et
2758 513 2887 563 nos;
2918 508 3076 572 atque
3101 500 3185 556 illa
3211 502 3385 558 solum
3404 512 3610 559 uttaam

2028 600 2369 655 curaremus;
2411 599 2639 647 atccrte
2664 607 2802 647 nunc
2826 591 2995 647 multo
3026 593 3226 663 pejora.
3256 594 3437 667 Neque
3460 597 3606 652 enim

2029 679 2098 734 de
2127 682 2445 736 necessariis
2473 682 2643 737 solum
2669 698 2795 738 cura
2836 694 2920 740 est
2955 685 3141 750 nobis,
3165 686 3302 747 sicut
3338 686 3604 755 formicis,

2029 770 2124 825 sed
2149 771 2308 826 etiam
2334 772 2400 826 de
2427 774 2732 841 superfluis.
2763 776 2874 830 Î™Î™Î™Ï‚Î¹Â³
2918 792 3146 847 namque
3178 792 3395 834 cursum
3423 788 3611 839 tenent

2028 864 2173 917 Omni
2217 865 2437 919 crimine
2485 866 2750 921 liberum:
2796 884 2893 922 nos
2942 880 3120 925 autem
3157 885 3369 925 omnem
3409 870 3608 942 rapinas

2029 955 2267 1010 modum.
2305 955 2488 1027 Neque
2515 956 2764 1014 formicas
2796 958 3085 1026 imitamur,
3120 963 3211 1015 sed
3242 962 3395 1031 lupos
3417 972 3471 1018 et
3496 963 3601 1019 leo-

2030 1046 2225 1117 perdes
2262 1065 2273 1097 :
2304 1049 2412 1102 imo
2453 1057 2513 1103 et
2562 1049 2664 1104 illis
2711 1049 2921 1120 pejores
2966 1066 3169 1105 sumus.
3229 1052 3336 1107 Illis
3377 1068 3607 1124 namque

2029 1153 2151 1192 cum
2197 1138 2445 1193 vescendi
2475 1139 2688 1195 modum
2735 1150 2919 1195 natura
2961 1141 3143 1195 tribuit
3172 1158 3185 1195 :
3219 1157 3318 1196 nos
3346 1159 3475 1199 vero
3514 1161 3605 1199 ra-

2029 1229 2175 1284 tione
2195 1238 2251 1285 et
2273 1232 2522 1301 aequitate
2546 1233 2753 1286 ornavit
2781 1232 2917 1286 Deus
2948 1234 3002 1298 Â¹Í¾
3031 1243 3080 1288 at
3113 1248 3212 1289 nos
3240 1232 3366 1289 feris
3400 1236 3606 1291 ratione

2027 1321 2290 1377 destitutis
2309 1323 2602 1378 deteriores
2629 1325 2893 1380 evasimus
2919 1325 3026 1380 :illi
3054 1340 3181 1381 vero
3205 1328 3406 1397 angelis
3426 1344 3602 1399 aequa-

2027 1412 2123 1477 les,
2147 1415 2283 1468 sicut
2305 1416 2562 1485 peregrini
2584 1424 2639 1471 et
2662 1416 2878 1470 advena:
2898 1415 2982 1471 hic
3004 1427 3158 1481 sunt;
3180 1418 3232 1472 in
3252 1421 3604 1491 omnibusque

2026 1514 2153 1560 sunt
2170 1505 2325 1560 nobis
2348 1505 2655 1573 dissimiles,
2674 1507 2725 1561 in
2751 1507 3005 1575 vestibus,
3025 1509 3166 1576 cibo,
3186 1509 3364 1575 domo,
3384 1512 3600 1579 calceis,

2024 1609 2291 1650 sermone.
2323 1595 2378 1649 Si
2414 1597 2533 1667 quis
2567 1606 2622 1652 et
2665 1596 2783 1652 illos
2819 1608 2872 1652 et
2910 1613 3008 1653 nos
3048 1600 3326 1669 loquentes
3371 1602 3597 1669 audiret,

2026 1695 2152 1741 tunc
2183 1686 2341 1756 plane
2370 1696 2550 1743 nosset
2577 1688 2846 1757 quomodo
2884 1689 2958 1743 illi
3003 1690 3244 1745 c'elestes
3281 1692 3458 1755 cives,
3502 1708 3602 1748 nos

2025 1795 2093 1836 ne
2124 1789 2263 1834 terra
2289 1780 2504 1851 quidem
2546 1780 2691 1850 digni
2722 1782 2909 1835 simus.
2955 1780 3081 1837 Ideo
3130 1798 3250 1837 cum
3277 1784 3395 1854 quis
3428 1785 3601 1854 digni-

2027 1882 2134 1929 tate
2160 1873 2382 1940 insignis
2408 1874 2687 1941 illosadit,
2730 1884 2855 1930 tunc
2877 1876 3103 1930 maxime
3125 1876 3289 1930 fastus
3318 1879 3493 1932 omnis
3514 1878 3601 1933 de-

2020 1966 2219 2037 jicitur.
2242 1966 2373 2022 Nam
2401 1968 2629 2037 agricola
2659 1968 2777 2033 ille,
2808 1968 3141 2022 smcnlarium
3169 1970 3403 2024 omnium
3432 1971 3598 2039 impe-

2024 2059 2176 2123 ritus,
2207 2074 2370 2128 prope
2398 2059 2586 2113 ducem
2613 2058 2681 2113 de
2699 2059 2952 2130 dignitate
2978 2074 3069 2113 sua
3099 2060 3262 2113 altum
3298 2063 3591 2130 sapientem

2023 2152 2176 2207 sedet
2197 2167 2362 2221 super
2380 2160 2605 2206 stratum
2623 2151 2771 2217 faeni,
2795 2166 2915 2206 cum
2943 2151 3157 2206 sordido
3178 2154 3454 2220 pulvinari.
3480 2154 3595 2208 Non

2024 2243 2167 2297 enim
2195 2243 2388 2297 adsunt
2416 2244 2485 2298 ibi
2525 2243 2615 2313 qni
2651 2244 2823 2313 ipsum
2849 2244 3105 2298 extollant
3144 2253 3194 2298 et
3240 2244 3457 2310 inllcnt;
3501 2245 3596 2301 sed

2023 2331 2249 2402 idipsum
2288 2334 2499 2400 accidit,
2548 2348 2610 2388 ac
2639 2335 2681 2388 si
2708 2334 2826 2404 quis
2862 2334 2926 2388 ad
2970 2333 3238 2389 aurificem
3268 2344 3324 2391 et
3360 2344 3595 2392 rosetum

2022 2426 2231 2490 veniat;
2260 2440 2379 2479 nam
2407 2434 2461 2481 et
2486 2426 2555 2480 ab
2588 2441 2719 2480 auro
2748 2435 2803 2482 et
2840 2442 2869 2480 a
2895 2426 3033 2482 rosis
3059 2427 3257 2497 aliquid
3297 2428 3597 2497 splendoris

2020 2512 2250 2583 accipit:
2290 2514 2360 2570 ita
2390 2524 2444 2569 et
2474 2515 2567 2580 illi,
2596 2531 2661 2570 ex
2691 2516 3071 2571 monachorum
3097 2517 3260 2571 radiis
3283 2517 3477 2588 aliquid
3518 2519 3598 2574 lu-

2020 2609 2097 2663 cri
2123 2608 2434 2675 referentes,
2452 2609 2722 2679 paululum
2744 2610 2869 2681 quid
2893 2628 2955 2667 ex
2974 2613 3273 2682 arrogantia
3304 2613 3596 2688 deponunt.

2020 2699 2099 2755 Ac
2140 2700 2584 2771 quemadmodum
2631 2702 2719 2773 qui
2769 2702 2821 2757 in
2873 2702 3039 2757 altum
3093 2704 3333 2760 ascendit
3380 2705 3593 2774 locum,

1942 2840 1945 2841 Î½
2019 2793 2356 2863 quantumvis
2375 2802 2575 2849 statura
2606 2810 2800 2865 parvus
2815 2796 2904 2860 sit,
2934 2813 3187 2867 procerus
3211 2798 3420 2853 videtur
3444 2815 3592 2855 esse:

2020 2885 2097 2939 sic
2115 2894 2167 2940 et
2194 2885 2298 2949 isti,
2321 2900 2441 2940 cum
2467 2887 2719 2940 sublimes
2742 2887 2950 2942 illorum
2970 2888 3177 2943 animos
3201 2889 3418 2954 adeunt,
3449 2890 3598 2945 simi-

2021 2975 2099 3029 les
2140 2975 2244 3029 illis
2277 2985 2536 3046 apparent
2572 2979 2823 3048 quamdiu
2856 2979 2925 3033 ibi
2961 2989 3175 3034 manent
3209 2997 3222 3034 :
3254 2996 3374 3035 cum
3417 2992 3595 3037 autem

2020 3065 2412 3134 descenderint,
2443 3083 2629 3123 rursus
2654 3069 2963 3124 humiliores
2996 3070 3263 3138 videntur,
3295 3073 3361 3127 ab
3393 3073 3479 3127 illa
3513 3073 3595 3127 al-

2020 3159 2245 3215 titudine
2264 3160 2479 3229 dejecti.
2500 3160 2639 3215 Nihil
2664 3162 2800 3230 apud
2832 3162 2950 3215 illos
2974 3172 3052 3216 est
3085 3179 3175 3217 rex
3196 3204 3211 3226 ,
3243 3163 3371 3217 nihil
3411 3164 3598 3233 [mele-

2019 3262 2136 3307 ctus
2166 3271 2181 3307 :
2207 3252 2299 3307 sed
2339 3251 2783 3323 quemadmodum
2826 3271 2924 3308 nos
2950 3253 3016 3308 de
3043 3254 3223 3325 pueris
3247 3255 3366 3309 illos
3392 3272 3594 3326 rcprte-

2021 3344 2351 3399 sentantibus
2378 3343 2613 3399 ridemus
2641 3359 2656 3399 :
2687 3343 2765 3399 sic
2785 3354 2841 3400 et
2866 3345 2940 3398 illi
2974 3354 3234 3399 tumorem
3261 3360 3468 3410 eorum,
3506 3347 3596 3417 qui

2021 3435 2148 3491 foris
2174 3442 2374 3490 metum
2395 3436 2476 3490 sui
2500 3436 2735 3490 incutere
2752 3446 2954 3500 curant,
2981 3446 3255 3507 respuunt.
3275 3437 3329 3492 ld
3366 3438 3488 3493 inde
3514 3453 3599 3507 pa-

2022 3526 2125 3581 lam
2141 3537 2242 3595 est,
2272 3529 2413 3598 quod
2441 3530 2486 3583 si
2509 3530 2630 3598 quis
2651 3528 2777 3599 ipsis
2800 3544 3019 3599 regnum
3042 3538 3154 3583 tuto
3176 3531 3495 3584 servandum
3511 3531 3595 3582 of-

2019 3620 2512 3690 ferret,-numquam
2539 3621 2614 3676 illi
2641 3622 2944 3691 acciperent
2962 3640 2975 3686 ;
2995 3625 3295 3693 acciperent
3318 3623 3471 3689 forte,
3494 3624 3595 3679 nisi

2020 3711 2176 3767 altius
2196 3720 2467 3782 saperent,
2496 3712 2596 3766 nisi
2621 3721 3013 3781 temporaneam
3045 3729 3158 3768 rem
3188 3730 3307 3769 esse
3330 3724 3593 3784 putarent.

2019 3805 2126 3860 Cur
2143 3820 2271 3875 ergo
2309 3820 2413 3859 non
2455 3805 2858 3874 preperabimus
2884 3806 2951 3861 ad
2997 3807 3138 3861 illam
3187 3808 3592 3873 beatitudinem,

2021 3894 2251 3950 nonhos
2275 3895 2490 3965 angelos
2516 3894 2779 3949 adibimus
2799 3937 2813 3957 .
2842 3913 2945 3951 non
2978 3912 3135 3965 puras
3166 3908 3340 3953 vestes
3373 3898 3597 3971 accipie-

2020 4004 2172 4049 mus,
2214 3997 2410 4043 etcum
2451 4002 2639 4057 pompa
2687 3986 2783 4043 bas
2811 3989 3019 4057 nuptias
3047 3989 3433 4043 celebrabimus
3453 4031 3469 4055 ,
3500 3988 3593 4044 sed

2020 4080 2248 4136 mendici
2276 4080 2627 4145 manebimus,
2655 4081 2974 4149 pauperibus
3000 4080 3166 4135 nihilo
3188 4081 3378 4136 melius
3398 4081 3591 4146 affecti,

2021 4172 2129 4225 imo
2174 4170 2354 4240 peiore
2393 4184 2457 4224 ac
2502 4170 2889 4225 miserabiliore
2925 4185 3082 4239 quam
3130 4170 3205 4225 illi
3253 4170 3597 4226 conditione?

2018 4261 2151 4317 Nam
2180 4262 2457 4316 illiscerte
2489 4261 2791 4316 miseriores
2821 4270 2945 4316 sunt
2972 4262 3062 4330 qui
3092 4263 3230 4317 male
3262 4274 3437 4333 partas
3456 4262 3595 4317 divi-

2020 4356 2121 4408 tias
2150 4352 2461 4423 possident:
2505 4352 2699 4407 melius
2726 4352 2931 4422 quippe
2955 4361 3042 4407 est
3078 4351 3403 4418 mendicare,
3434 4368 3595 4425 quam

2019 4438 2188 4500 aliena
2208 4459 2443 4514 rapere:
2477 4460 2597 4499 nam
2635 4442 2767 4499 illttd
2805 4445 2953 4500 venia
2977 4483 2992 4507 ,
3046 4443 3149 4499 hoc
3180 4444 3461 4514 supplicio
3514 4446 3596 4499 di-

2019 4552 2216 4607 gnum;
2261 4546 2317 4592 et
2344 4536 2432 4591 ille
2477 4536 2689 4607 quidem
2732 4536 2897 4592 Deum
2941 4551 3047 4591 non
3100 4537 3362 4604 offendit,
3407 4538 3491 4593 hic
3542 4548 3597 4594 et

2021 4627 2187 4685 Deum
2213 4626 2434 4682 otlâ€˜endit
2466 4636 2522 4681 et
2573 4626 2815 4682 homines
2840 4645 2856 4681 :
2889 4627 2979 4682 ille
3006 4629 3204 4698 rapinae
3234 4630 3336 4683 fcrt
3357 4630 3592 4697 labores,

2021 4716 2249 4772 fructum
2277 4727 2451 4771 autem
2484 4731 2697 4772 omnem
2725 4716 2813 4771 alii
2840 4732 2983 4787 saepe
3019 4719 3273 4773 tulerunt.
3306 4719 3429 4773 Htec
3469 4735 3591 4773 cum

2020 4809 2271 4871 sciamus,
2312 4808 2535 4871 avaritia
2577 4808 2717 4863 omni
2741 4808 3004 4878 deposita,
3045 4811 3276 4864 cmiestia
3306 4820 3463 4881 atque
3487 4827 3596 4864 ca:-

2023 4903 2154 4956 leste
2177 4916 2398 4969 regnum
2424 4915 2545 4955 cum
2575 4900 2753 4954 studio
2781 4902 2924 4954 omni
2957 4901 3245 4971 rapiamus.
3270 4900 3384 4955 Non
3418 4909 3594 4970 potest

2025 4993 2189 5059 enim,
2220 5008 2322 5046 non
2349 5001 2523 5063 potest
2546 5002 2694 5046 certe
2719 4993 2817 5061 quia
2850 4993 3115 5062 negligens
3154 5003 3235 5045 est
3278 5008 3339 5047 eo
3370 4994 3589 5047 intrare.

2025 5086 2234 5142 Utinam
2254 5102 2392 5140 vero
2418 5100 2608 5141 omnes
2626 5128 2639 5147 ,
2668 5085 2854 5155 vigiles
2876 5084 3009 5140 facit
3029 5095 3078 5139 et
3106 5085 3387 5156 diligentes
3407 5127 3422 5151 ,
3464 5087 3591 5142 illud

2022 5194 2444 5249 consequamur,
2490 5178 2659 5249 gratia
2711 5186 2765 5231 et
2815 5177 3135 5247 benignitate
3178 5177 3382 5234 Domini
3429 5179 3598 5236 nostri

2023 5269 2395 5336 .lesuChristi,
2441 5270 2531 5324 cui
2547 5268 2715 5339 gloria
2739 5277 2794 5323 et
2823 5268 3174 5338 imperiumin
3196 5269 3389 5324 saaeula
3419 5285 3593 5325 szecu-

2025 5362 2218 5418 lorum.
2238 5364 2414 5420 Amen
2441 5362 2461 5394 Â¹

2087 5457 2106 5489 Â³
2124 5454 2215 5505 Hic
2235 5453 2419 5505 variant
2446 5451 2760 5516 exemplaria.
2785 5451 2914 5502 Editl
2944 5451 3144 5516 habent,
3167 5465 3265 5516 nos;
3282 5465 3393 5504 rem
3407 5460 3595 5516 ratione

2022 5523 2071 5568 et
2092 5522 2314 5579 wqutate
2339 5515 2535 5579 ornatu
2564 5513 2796 5566 Christus.
2821 5515 2981 5579 Pauci,
3005 5528 3113 5579 pro,
3136 5513 3381 5579 aequitate,
3399 5515 3593 5579 legunt,

2024 5575 2202 5629 mxima:
2223 5575 2442 5627 numinis.
2467 5579 2771 5639 Lectionem,
2793 5588 2904 5640 qua!
2933 5575 3170 5627 sincerior
3197 5575 3347 5628 nobis
3368 5577 3467 5627 visa
3500 5587 3595 5641 est,

2026 5642 2077 5690 tn
2100 5648 2181 5690 tett
2189 5646 2245 5689 tu
2264 5639 2537 5690 posuimus.

2045 5654 2077 5690 n
2100 5648 2181 5690 tett
2189 5646 2245 5689 tu
2264 5639 2537 5690 posuimus.

2089 5704 2109 5734 Â²
2132 5697 2279 5765 Apud
2294 5699 2457 5765 Morel.
2477 5700 2677 5765 homilia
2704 5698 2999 5765 desinit-hoc
3308 5697 3497 5753 caleat:
3517 5712 3593 5752 re-

2026 5761 2304 5828 gnum'curn
2323 5761 2450 5811 muti
2472 5762 2629 5813 studio
2648 5761 2894 5824 rapiamus
2927 5770 2977 5813 ut
3015 5762 3177 5813 futura
3195 5765 3317 5816 bona
3338 5776 3598 5830 consequo-

2030 5838 2156 5885 Ï„Î·Î±Ï„.
2174 5834 2337 5891 gnatm
2356 5830 2422 5885 et,
2449 5833 2549 5874 etc.
