4130 6374
494 333 594 387 63B

513 451 538 463 δ

540 454 671 464 .—

1206 344 1261 403 8.
1301 348 1579 411 JOANNIS
1614 358 2087 424 CHRYSOSTOMI
2123 372 2441 434 ARCHIEP.
2481 380 3016 448 CONSTANTINOP.

676 455 2130 503 MN“

3654 406 3753 466 656

2137 494 3747 537 ———________________

1655 585 1990 652 HOMILIA
2036 594 2237 658 LXX.
2283 602 2369 663 al.
2414 605 2643 670 LXXI.

530 724 639 780 Car
689 728 775 782 512.
814 746 867 783 v.
907 733 995 788 15.
1042 735 1185 791 Tunc
1230 742 1466 800 abeuntes
1502 744 1755 805 Pituriswi
1797 757 2061 813 consilium

775 822 1009 889 inierunt,
1037 838 1091 880 ut
1112 845 1221 882 eum
1247 833 1297 885 in
1328 851 1554 891 sermone
1581 854 1834 910 caperent.

582 908 630 960 1.
675 906 835 975 Tunc,
865 915 1196 981 quandonam
1221 921 1244 972 Ἰ
1274 923 1507 989 Quando
1526 933 1755 987 maxime
1785 935 1904 990 illos
1940 954 2087 993 com-

512 1000 671 1068 pungi
705 1008 979 1073 oportuit,
1011 1012 1225 1077 quando
1266 1015 1642 1088 benignitatem
1672 1027 1788 1094 ejus
1809 1028 2082 1099 admirari,

506 1091 716 1155 quando
745 1093 915 1151 futura
948 1100 1233 1160 formidare
1259 1122 1353 1175 par
1375 1123 1507 1177 erat,
1528 1091 1741 1184 quando
1761 1134 1825 1173 ex
1849 1124 2088 1190 praeteri-

507 1181 574 1234 tis
599 1182 664 1236 de
706 1184 893 1241 futuris
935 1193 1258 1250 credendum
1291 1212 1423 1256 erat.
1456 1181 1584 1259 Nam
1620 1222 1740 1263 cum
1768 1211 1918 1267 factis
1946 1214 2086 1270 dicta

508 1272 827 1344 clamabant;
862 1282 1124 1348 publicani
1153 1303 1205 1342 et
1229 1295 1535 1350 meretrices
1561 1300 1916 1371 crediderant,
1958 1322 2087 1376 pro-

508 1363 684 1432 ].hette
714 1380 767 1423 et
789 1370 917 1437 justi
946 1374 1205 1433 interfecti
1240 1381 1447 1439 fuerant
1476 1404 1489 1440 :
1516 1390 1580 1442 ab
1608 1390 1685 1445 his
1713 1410 1837 1448 vero
1864 1398 2085 1453 instituti

509 1471 613 1510 non
642 1458 911 1518 debebant
941 1468 1167 1523 futuram
1210 1487 1358 1528 Suam
1411 1482 1699 1546 perniciem
1731 1502 1924 1557 negare
1948 1530 1961 1553 ,
1994 1492 2086 1549 sed

506 1557 561 1601 et
594 1552 813 1609 credere
841 1567 897 1611 et
944 1561 1275 1630 resipiscere.
1309 1571 1553 1627 Attamen
1598 1591 1768 1646 neque
1792 1580 1869 1635 sic
1894 1582 2089 1639 desinit

509 1641 718 1697 illorum
763 1649 1018 1717 nequitia,
1048 1654 1140 1707 sed
1179 1661 1371 1714 crescit
1397 1671 1451 1715 et
1480 1641 1700 1721 ulterius
1727 1673 2084 1741 progreditur.

510 1730 705 1787 Verum
733 1739 854 1807 quia
886 1743 1066 1798 turbas
1096 1747 1361 1816 timentes,
1392 1754 1538 1810 illam
1561 1761 1961 1828 apprehendere
1982 1784 2085 1823 non

509 1824 796 1895 audebant,
836 1833 992 1886 aliam
1025 1836 1191 1891 iniere
1221 1841 1379 1905 viam,
1411 1857 1464 1898 ut
1507 1847 1557 1900 in
1596 1852 1883 1917 periculum
1915 1858 2085 1929 conji-

508 1928 712 1981 cereut,
741 1930 791 1973 et
812 1922 1135 1990 publicarum
1158 1929 1487 2001 iniquitatum
1512 1954 1659 1994 reum
1682 1947 2084 2006 constituerent.

512 2004 598 2058 16.
642 2005 851 2065 Mittunt
897 2016 1037 2069 enim
1081 2019 1128 2071 ei
1169 2020 1445 2091 discipulos
1483 2045 1600 2084 suos
1621 2048 1734 2086 cum
1779 2035 2085 2098 llerodianis

508 2096 722 2153 dicentes
744 2118 763 2155 :
784 2101 1045 2175 Magister,
1070 2112 1254 2167 scimus
1281 2118 1398 2185 quia
1418 2136 1571 2175 verax
1597 2141 1667 2191 es,
1688 2137 1732 2179 et
1762 2130 1892 2184 viam
1911 2130 2008 2187 Dei
2032 2137 2085 2190 in

506 2192 713 2246 veritate
738 2195 903 2260 doces,
956 2218 1045 2254 nec
1093 2205 1156 2257 de
1176 2208 1344 2278 aliqua
1371 2212 1458 2265 tibi
1503 2232 1623 2270 cura
1669 2230 1740 2273 est
1766 2239 1784 2275 :
1814 2241 1912 2279 non
1953 2232 2086 2284 enim

506 2285 714 2352 respicis
738 2290 805 2340 ad
820 2307 1085 2358 personam
1111 2298 1388 2356 hominum.
1419 2306 1500 2360 17.
1527 2307 1622 2361 Dic
1642 2328 1758 2382 ergo
1780 2316 1939 2382 nobis,
1964 2321 2086 2387 quid

507 2374 595 2427 tibi
632 2378 871 2434 videtur?
912 2385 1021 2440 licet
1052 2405 1251 2445 censum
1282 2396 1404 2451 dare
1445 2398 1651 2468 Ca’sari,
1688 2423 1752 2460 an
1795 2425 1893 2464 nun
1916 2412 1942 2465 .9
1966 2414 2007 2466 Τ
2010 2415 2084 2469 ri—

510 2464 690 2521 hutum
719 2473 859 2527 enim
887 2476 997 2545 jam
1026 2482 1301 2540 solvebant
1320 2529 1334 2550 ,
1362 2504 1482 2544 cum
1507 2508 1591 2548 res
1623 2496 1854 2565 ipsormn
1899 2504 1950 2556 in
1978 2504 2086 2560 Ro-

506 2574 784 2620 manorum
814 2568 1090 2639 imperium
1119 2580 1453 2636 transissent.
1490 2584 1623 2652 Quia
1651 2591 1809 2660 igitur
1834 2596 2084 2655 videbant

505 2648 776 2709 Theudam
806 2668 862 2713 et
887 2659 1073 2717 Judam
1105 2665 1205 2722 hac
1233 2669 1301 2725 de
1330 2687 1489 2729 causa
1512 2679 1669 2747 paulo
1689 2693 1812 2739 ante
1838 2691 2078 2758 periisse,

507 2753 564 2797 ut
608 2747 695 2815 qui
742 2751 1083 2811 rebellionem
1134 2761 1554 2838 meditarentur,
1586 2747 1871 2844 cupiebant
1909 2782 2079 2852 ipsum

503 2853 715 2908 quoque
742 2843 879 2899 circa
911 2861 997 2901 res
1024 2852 1236 2909 easdem
1259 2862 1546 2929 suspicioni
1575 2867 1860 2928 obnoxium
1893 2878 2083 2934 redde-

504 2942 580 2981 re.
618 2928 845 3002 Ideoque
892 2936 1180 3009 discipulos
1223 2928 1364 3003 suos
1396 2969 1516 3008 cum
1561 2958 1787 3016 Herodis
1826 2928 2080 3026 mili—tibus

502 3020 782 3092 miserunt,
826 3028 1017 3099 duplex
1049 3041 1395 3109 prmcipitium
1426 3062 1691 3119 parantes,
1721 3065 1776 3109 ut
1804 3062 2075 3131 putabant,

499 3122 554 3166 et
588 3115 817 3187 undique
860 3122 1105 3192 laqueum
1137 3115 1532 3206 tendentes—ut,
1561 3115 1819 3216 quidquid
1854 3115 2073 3224 diceret:

498 3218 780 3272 caperetur
807 3212 876 3266 ab
895 3214 973 3269 eis
995 3258 1009 3281 ,
1041 3233 1104 3274 ac
1146 3222 1191 3275 si
1228 3238 1324 3293 pro
1369 3212 1683 3291 llerodianis
1709 3244 2073 3314 responderet,

498 3295 595 3363 ipsi
625 3313 955 3371 accusarent,
986 3309 1065 3363 sin
1094 3326 1190 3381 pro
1214 3315 1359 3383 ipsis,
1411 3322 1497 3375 alii
1521 3326 1948 3387 criminarentur.
1976 3338 2075 3390 At-

496 3387 585 3454 qni
613 3389 920 3450 didrachma
937 3396 1047 3467 jam
1081 3403 1314 3460 solverat
1345 3426 1357 3460 ε
1386 3412 1479 3465 sed
1512 3413 1613 3469 hoc
1643 3418 1715 3471 illi
1739 3420 2070 3494 ignorabant,

496 3489 550 3533 et
573 3486 827 3540 utrumvis
853 3488 1072 3559 diceret,
1106 3510 1164 3551 se
1207 3511 1455 3569 capturos
1480 3522 1599 3561 eum
1626 3514 1929 3579 sperabant.
1960 3518 2073 3573 Ma-

494 3570 716 3629 luissent
740 3586 913 3635 tamen
935 3598 1054 3638 eum
1073 3599 1257 3645 contra
1278 3592 1609 3656 Herodianos
1641 3604 1837 3675 aliquid
1867 3609 2065 3667 dicere.

495 3663 723 3739 Ideoque
752 3672 1040 3745 discipulos
1071 3684 1321 3754 mittunt,
1364 3694 1451 3761 qui
1482 3695 1627 3751 illum
1664 3707 1943 3769 pra'sentia
1975 3724 2067 3763 sua

493 3757 557 3811 ad
586 3760 635 3814 id
665 3762 999 3837 inducerent,
1019 3784 1075 3827 ut
1104 3776 1249 3833 illttm
1274 3757 1483 3848 praesidi
1513 3757 1781 3848 traderent
1804 3808 1855 3850 ut
1889 3808 2070 3867 tyran-

496 3865 641 3904 num.
671 3854 783 3910 Hoc
809 3861 953 3914 enim
981 3872 1035 3917 et
1060 3865 1232 3924 Lucas
1258 3874 1557 3932 subindicat
1579 3881 1792 3953 dicens,
1833 3904 1927 3944 eos
1952 3901 2066 3947 tur-

492 3939 575 3995 bis
595 3950 948 4011 przesentibus
978 3955 1352 4031 interrogasse,
1379 3976 1434 4020 ut
1463 3971 1628 4041 majus
1656 3987 1800 4032 esset
1829 3984 2067 4039 testimo-

491 4034 656 4090 nium.
698 4037 1032 4101 Contrarium
1078 4064 1253 4107 autem
1283 4060 1501 4115 omnino
1529 4069 1732 4134 evenit;
1776 4070 1826 4125 in
1877 4075 2066 4144 majori

488 4125 683 4196 quippe
714 4129 922 4189 theatro
958 4140 1192 4197 stultitia:
1217 4161 1328 4201 sua:
1372 4164 1739 4222 argumentum
1771 4125 2061 4223 .dedertint.

487 4219 567 4270 Ac
595 4219 714 4273 vide
755 4224 1117 4286 adulationem
1156 4250 1371 4305 eorum,
1425 4247 1797 4320 ercultumque
1840 4255 2060 4313 dolum:

488 4307 757 4382 Nouimus,
786 4316 1046 4388 inquiunt,
1074 4327 1192 4389 quia
1221 4346 1372 4387 verax
1407 4352 1477 4389 es.
1504 4338 1613 4393 Cur
1635 4358 1761 4412 ergo
1785 4344 2059 4417 dicebatis,

484 4402 743 4460 Scductor
768 4420 868 4475 est,
892 4423 965 4479 et,
996 4416 1205 4473 Seducit
1231 4428 1445 4494 turbam,
1467 4437 1539 4492 et,
1564 4430 1885 4491 Dccmonium
1918 4440 2063 4496 habet

484 4492 677 4562 (Joan.
704 4499 754 4552 7.
790 4501 856 4554 l2
883 4514 930 4557 et
955 4505 1040 4560 10.
1058 4509 1171 4580 20),
1198 4521 1272 4579 et,
1296 4514 1407 4571 Non
1428 4492 1510 4572 est
1527 4536 1599 4591 ex,
1617 4524 1757 4579 Deo?
1781 4544 1877 4583 cur
1906 4492 2062 4599 paulo

488 4597 614 4642 ante
645 4596 1038 4656 consultabatis
1066 4611 1339 4674 quomodo
1373 4614 1524 4672 illum
1557 4596 1920 4682 oecideretis‘l
1958 4628 2062 4685 Sed

487 4681 668 4735 omnia
689 4684 764 4737 illi
798 4686 955 4752 ﬁunt.
984 4706 1145 4760 prout
1175 4699 1387 4759 insidiae
1410 4721 1730 4779 suggerunt.
1754 4715 1892 4781 Quia
1916 4720 2062 4776 enim

481 4772 638 4835 paulo
665 4783 787 4825 ante
816 4790 936 4832 cum
964 4787 1268 4853 arrogantia
1298 4772 1563 4861 dixerant,
1592 4796 1660 4852 In
1680 4772 1796 4870 qua‘
1815 4816 2059 4875 potestate

477 4861 584 4916 Iure
621 4863 749 4932 facis
779 4867 988 4937 (Matth.
1019 4872 1108 4930 2i.
1139 4876 1230 4949 25)
1256 4880 1277 4931 ?
1304 4896 1405 4936 nec
1443 4861 1846 4956 responsionem
1872 4861 2053 4953 exter;

475 4972 641 5023 quere
672 4973 977 5031 potuerunt,
1028 4983 1246 5040 sperant
1274 4975 1423 5030 illum
1451 4980 1753 5039 adulatione
1779 4991 2056 5047 emollien-

473 5046 598 5101 dum
646 5065 801 5119 esse,
830 5063 885 5110 et
910 5057 1263 5118 inducendum
1304 5076 1359 5119 ut
1395 5070 1662 5141 quidpiam
1691 5077 1833 5132 dicat
1869 5094 2051 5139 contra

476 5141 642 5212 leges,
667 5162 785 5215 qua:
815 5160 937 5205 tunc
960 5154 1224 5223 vigebant,
1251 5171 1304 5216 et
1332 5162 1624 5222 dominanti
1657 5175 1905 5239 potentia:
1925 5192 2052 5232 con-

476 5236 717 5292 trariutn.
748 5239 1086 5316 Quapropter
1115 5252 1286 5321 ipsum
1310 5271 1549 5314 veraccm
1582 5236 1797 5331 dicunt,
1827 5267 1876 5321 id
1909 5272 2049 5340 quod

467 5336 585 5382 erat
632 5331 978 5404 conﬁtentes;
1025 5356 1212 5396 verum
1260 5361 1366 5400 non
1414 5359 1554 5405 recta
1603 5361 1902 5424 sententia,
1956 5378 2048 5417 ne-

466 5435 570 5490 que
599 5423 844 5480 volentes
869 5427 919 5482 id
947 5429 1151 5499 dicunt,
1179 5445 1232 5490 et
1274 5438 1375 5494 hoc
1395 5441 1652 5511 adjiciunt
1680 5467 1694 5502 :
1722 5448 1840 5503 Non
1861 5423 1933 5504 est
1958 5453 2047 5507 tibi

464 5528 586 5567 cura
621 5514 686 5570 de
717 5519 908 5589 aliqua.
942 5522 1073 5580 Vide
1099 5542 1255 5597 quam
1284 5531 1540 5603 liquidum
1565 5539 1668 5606 sit,
1700 5543 1835 5597 velle
1864 5559 1958 5601 eos
1989 5546 2041 5601 in

466 5605 769 5675 hujusmodi
812 5629 1115 5673 sermonem
1157 5624 1427 5696 conjicere
1453 5646 1604 5700 eum,
1650 5652 1754 5706 quo
1803 5638 2042 5695 Herodes

463 5698 780 5768 offendatur,
827 5717 881 5763 et
908 5709 962 5763 in
992 5716 1287 5782 tyrannidis
1322 5698 1683 5792 suspicionem
1726 5730 1939 5797 veniat,
1982 5740 2041 5787 ut

462 5807 548 5863 qm
562 5808 750 5857 contra
769 5804 936 5877 legem
972 5806 1337 5881 insurrexerit,
1363 5832 1468 5885 quo
1485 5816 1631 5875 illum
1652 5830 1708 5877 ut
1725 5822 2035 5881 seditiosum

2189 774 2244 819 et
2272 776 2551 838 tyrannum
2577 777 2835 844 supplicio
2855 782 3141 838 traderent.
3174 784 3306 842 lllud
3334 789 3475 843 enim
3499 830 3515 855 ,
3547 789 3665 844 Non
3694 804 3765 846 est

2189 859 2276 912 tibi
2316 878 2439 915 cura
2467 865 2530 918 de
2554 869 2740 936 aliqua,
2766 882 2840 938 et,
2888 874 3007 929 Non
3052 879 3260 947 respicis
3303 881 3371 934 ad
3404 898 3640 952 personas
3674 886 3767 938 Ito-

2192 952 2404 1017 minum,
2432 956 2498 1010 de
2529 957 2738 1015 Herode
2769 972 2823 1016 et
2849 964 3064 1023 Caesare
3088 971 3186 1023 sub
3212 972 3396 1027 umbra
3424 973 3649 1044 quadam
3681 977 3766 1031 di-

2190 1044 2425 1112 cehatur,
2456 1047 2551 1102 Dic
2577 1051 2732 1121 igitur
2759 1056 2900 1110 nobis
2920 1100 2933 1121 ,
2973 1060 3094 1130 quid
3122 1062 3209 1114 tibi
3235 1065 3469 1120 videtur?
3495 1066 3645 1123 Nunc
3673 1069 3770 1122 ho-

2192 1141 2414 1202 noratis,
2443 1152 2495 1193 et
2521 1141 2792 1200 doctorem
2817 1152 3032 1217 putatis,
3058 1154 3143 1221 qui
3170 1154 3336 1219 illum,
3361 1173 3478 1212 cum
3500 1159 3567 1213 de
3595 1160 3768 1217 salute

2191 1237 2363 1281 vestra
2394 1230 2700 1300 dissereret,
2734 1242 3128 1305 contempsistis
3148 1286 3161 1308 ,
3190 1259 3331 1314 szepe
3358 1256 3410 1301 et
3442 1251 3765 1306 contumelia

2190 1318 2479 1377 affecistis?
2499 1324 2645 1381 Unde
2668 1330 2823 1384 etiam
2843 1331 2929 1387 hic
2945 1338 3194 1391 Concordi
3213 1342 3474 1396 sententia
3499 1343 3761 1400 fuerunt‘.

2191 1412 2268 1466 Ac
2298 1414 2415 1469 vide
2445 1417 2652 1472 illormn
2682 1423 2962 1479 vafritiem.
2982 1427 3094 1482 Non
3117 1429 3319 1493 dicunt,
3348 1433 3441 1489 Dic
3464 1436 3616 1490 nobis
3640 1438 3764 1507 quid

2194 1502 2409 1570 bonum,
2429 1510 2553 1577 quid
2575 1513 2722 1577 utile,
2744 1516 2868 1584 quid
2896 1518 3102 1589 legale?
3128 1523 3243 1590 sed,
3278 1525 3413 1592 Quid
3437 1527 3525 1581 tibi
3549 1502 3768 1586 videtur?

2194 1593 2266 1647 Ita
2298 1595 2398 1651 hoc
2429 1616 2587 1655 unum
2611 1607 2939 1676 Spectabant,
2974 1622 3028 1665 ut
3055 1615 3483 1683 traderenteum,
3509 1629 3563 1674 et
3591 1630 3649 1676 ut
3669 1623 3767 1676 im-

2192 1690 2426 1754 perantis
2457 1692 2661 1748 hostem
2710 1696 3061 1756 declararent.
3096 1704 3148 1758 Id
3190 1706 3491 1777 significans
3537 1710 3763 1779 Marcus,

2190 1782 2653 1855 arrogantiamque
2698 1789 2931 1858 ipsormn
2986 1798 3483 1870 sanguinariumque
3531 1805 3764 1860 animum

2192 1874 2505 1943 ostendens,
2534 1879 2729 1936 dixisse
2758 1884 2875 1939 illos
2903 1888 3008 1941 ait:
3034 1889 3285 1946 Demusne
3313 1893 3501 1950 Cresari
3524 1914 3762 1967 censum,

2191 1978 2257 2015 an
2298 1980 2398 2018 non
2435 1968 2608 2024 demus
2636 1972 2833 2042 (Marc.
2868 1978 2953 2032 12.
2989 1980 3123 2052 l4)?
3153 1982 3224 2036 lta
3270 1983 3504 2043 furorem
3553 1990 3765 2060 quidem

2192 2053 2499 2125 spirabant,
2532 2071 2585 2115 et
2616 2062 2834 2121 insidias
2879 2074 3277 2140 parturiebant,
3308 2078 3431 2132 dum
3460 2082 3657 2137 cultum
3689 2085 3764 2139 si-

2190 2146 2474 2202 mularent.
2503 2151 2638 2218 Quid
2671 2156 2828 2226 igitur
2849 2159 2972 2216 ille?
2998 2163 3080 2217 18.
3111 2165 3247 2231 Quid
3268 2186 3346 2223 me
3365 2173 3585 2236 lentatis,
3606 2173 3766 2244 hypo-

2190 2240 2371 2295 critaa?
2392 2242 2633 2300 Vidistin'
2659 2253 2926 2319 quomodo
2953 2256 3154 2326 majore
3182 2276 3300 2314 cum
3347 2264 3636 2319 acrimonia
3680 2283 3765 2322 re-

2189 2335 2486 2401 Spondeat?
2526 2340 2656 2405 Quia
2698 2344 2837 2397 enim
2895 2350 3124 2418 nequitia
3152 2362 3203 2407 et
3245 2356 3473 2422 perfecta
3511 2367 3562 2412 et
3592 2374 3763 2414 rnam-

2188 2422 2321 2478 l‘esta
2348 2439 2483 2493 erat,
2510 2430 2687 2487 acrius
2719 2438 2901 2506 pungit
2939 2439 3078 2506 illos,
3109 2445 3283 2513 primo
3309 2447 3661 2516 confundens,
3699 2451 3765 2505 il-

2190 2514 2468 2588 lorumque
2492 2538 2581 2574 ora
2611 2524 2914 2593 obstruens,
2945 2542 3001 2585 ut
3048 2546 3251 2589 secreta
3303 2538 3513 2593 illorum
3554 2541 3605 2595 in
3646 2558 3762 2595 me-

2187 2604 2332 2660 dium
2377 2610 2699 2679 adduceret,
2753 2626 2806 2672 et
2844 2621 3014 2689 palam
3044 2626 3292 2682 erunibus
3342 2630 3608 2698 redderet,
3658 2649 3763 2704 quo

2186 2699 2252 2752 ad
2282 2699 2426 2755 illum
2457 2705 2636 2760 animo
2662 2712 3027 2768 accessissent.
3058 2716 3111 2769 ld
3136 2732 3296 2787 porro
3326 2721 3566 2787 faciebat,
3595 2734 3763 2781 utco-

2190 2806 2306 2845 rum
2339 2797 2625 2864 nequitiam
2656 2802 2990 2870 reprimeret,
3024 2823 3091 2862 ne
3135 2810 3255 2863 talia
3288 2812 3478 2868 iterum
3505 2816 3761 2873 auderent

2184 2885 2250 2939 ad
2294 2890 2612 2947 nocendum.
2653 2896 2908 2961 Quamvis
2936 2900 3096 2955 verba
3142 2902 3428 2961 honorifica
3474 2908 3757 2964 admodum

2184 2990 2392 3043 essent;
2425 2997 2545 3035 nam
2575 2993 2629 3051 ct
2658 2986 2966 3057 magistrum
2989 2993 3251 3049 vocabant
3270 3038 3284 3063 ,
3317 3006 3371 3051 et
3414 3013 3677 3066 veraccm,
3707 3010 3761 3056 et

2184 3083 2466 3137 personam
2499 3090 2602 3129 non
2634 3080 2981 3149 accipientem
3014 3087 3145 3140 :sed
3178 3088 3315 3143 Deus
3341 3106 3459 3145 cum
3485 3102 3647 3159 esset,
3677 3092 3759 3148 bis

2182 3161 2354 3231 decipi
2376 3180 2479 3218 non
2508 3178 2734 3237 poterat.
2765 3171 2916 3229 Unde
2937 3185 3175 3244 poterant
3198 3180 3566 3253 illisuSpicari,
3588 3186 3756 3256 ipsum

2182 3271 2286 3311 non
2334 3259 2685 3328 conjectando
2731 3265 3067 3337 increpasse,
3107 3274 3200 3327 sed
3250 3275 3302 3329 id
3356 3291 3475 3332 esse
3524 3279 3755 3349 signum,

2181 3347 2329 3402 illum
2350 3362 2553 3405 secreta
2577 3369 2761 3410 eorum
2794 3373 2970 3413 nosse.

2248 3445 2302 3499 2.
2344 3446 2450 3501 Nec
2477 3451 2605 3503 satis
2634 3451 2708 3506 illi
2737 3452 2831 3508 fuit
2856 3456 3158 3527 increpasse
3186 3477 3199 3514 :
3229 3463 3435 3519 etiamsi
3466 3464 3754 3533 sufﬁceret,

2178 3534 2322 3590 illum
2351 3553 2471 3592 cum
2492 3541 2725 3597 animmn
2756 3560 2939 3600 eorum
2981 3550 3368 3621 redarguisset,
3399 3555 3465 3610 de
3490 3566 3627 3611 tanta
3656 3575 3754 3614 ne-

2175 3628 2340 3697 quitia
2371 3630 2624 3699 pudorem
2656 3636 2755 3690 illis
2786 3638 3043 3705 ingerere.
3094 3643 3199 3698 Sed
3227 3632 3331 3700 non
3363 3647 3448 3703 hic
3477 3652 3639 3717 stetit,
3664 3668 3755 3707 ve-

2176 3734 2292 3773 rum
2320 3721 2426 3795 alio
2451 3725 2608 3779 etiam
2636 3728 2795 3784 modo
2834 3732 3042 3787 illorum
3087 3752 3178 3791 ora
3207 3740 3437 3807 censuit,
3476 3759 3596 3798 cum
3625 3747 3700 3827 ait
3734 3764 3747 3801 :

2178 3812 2265 3866 19.
2300 3813 2559 3870 Ostendite
2588 3820 2711 3873 milii
2749 3826 2997 3879 numisma
3026 3844 3220 3884 census.
3265 3831 3326 3887 Ut
3360 3846 3534 3889 autem
3564 3847 3750 3893 osten-

2172 3902 2383 3971 derunt,
2415 3922 2509 3975 pro
2532 3925 2679 3966 more
2708 3927 2806 3967 suo
2831 3930 3012 3969 eorum
3043 3918 3219 3989 lingua
3237 3926 3551 3979 sententiam
3577 3928 3747 3997 effert,

2172 3995 2419 4068 ipsosque
2446 4002 2734 4061 decernere
2760 4009 2919 4078 cogit,
2952 4009 3004 4064 id
3046 4012 3205 4069 licere
3229 4033 3241 4068 :
3270 4031 3388 4086 quae
3412 4028 3527 4072 erat
3568 4021 3748 4089 Splen-

2171 4088 2290 4143 dida
2313 4091 2559 4163 claraque
2586 4096 2824 4152 victoria.
2858 4100 3037 4171 Itaque
3065 4119 3185 4160 cum
3235 4107 3605 4181 interrogaret,
3635 4128 3740 4170 non

2170 4180 2418 4251 ignorans
2446 4186 2818 4259 interrogabat,
2852 4194 2943 4248 sed
2976 4204 3031 4249 ut
3060 4212 3125 4250 ex
3152 4198 3361 4254 illorum
3400 4206 3744 4272 responsione

2169 4290 2289 4330 reos
2310 4276 2426 4333 illos
2441 4295 2560 4335 esse
2582 4284 2867 4341 evinceret.
2900 4287 3030 4342 Nam
3053 4306 3172 4345 cum
3190 4294 3519 4366 interrogati,
3536 4300 3623 4355 20.
3639 4301 3745 4356 Cu-

2158 4367 2249 4436 jus
2292 4382 2364 4422 est
2407 4371 2616 4442 imago?
2646 4377 3067 4446 respondissent,
3101 4383 3336 4449 C(csaris,
3380 4390 3454 4442 ait
3500 4390 3740 4447 ille:2l.

2166 4450 2380 4515 Reddite
2394 4480 2504 4532 qua:
2529 4477 2642 4519 sunt
2664 4466 2894 4535 Caesaris,
2914 4471 3122 4541 Cwsari,
3143 4488 3189 4529 et
3206 4494 3319 4547 qua:
3336 4491 3451 4534 sunt
3475 4481 3586 4549 Dei,
3612 4484 3738 4541 Deo.

2167 4550 2278 4605 lloc
2305 4554 2445 4607 enim
2484 4572 2589 4611 non
2637 4570 2718 4613 est
2767 4561 2913 4630 dare,
2969 4566 3062 4619 sed
3098 4569 3363 4625 reddere:
3397 4572 3446 4626 id
3487 4576 3626 4644 quod
3673 4592 3741 4632 ex

2164 4642 2390 4712 imagine
2431 4656 2484 4700 et
2509 4664 2572 4702 es
2614 4650 2956 4721 inscriptione
2999 4659 3394 4716 ostendebatur.
3444 4642 3644 4721 Deinde
3673 4685 3740 4725 ne

2162 4735 2419 4801 dicerent,
2439 4740 2821 4800 llominibusne
2847 4763 2943 4801 nos
2974 4750 3223 4820 subjicis?
3243 4755 3532 4824 subjunxit,
3549 4758 3612 4813 Et
3629 4778 3740 4831 qua:

2161 4837 2276 4880 sunt
2300 4828 2415 4897 Dei,
2446 4831 2575 4886 Deo.
2614 4834 2762 4891 Licet
2785 4840 2925 4893 enim
2954 4852 3008 4895 et
3034 4842 3335 4900 hominibus
3364 4862 3459 4903 sua
3491 4850 3734 4920 reddere,

2159 4929 2214 4973 et
2244 4921 2349 4975 Deo
2377 4924 2523 4989 dare,
2572 4942 2689 4996 qua:
2718 4929 2786 4983 ab
2815 4930 3113 4988 hominibus
3142 4935 3239 5004 ipsi
3284 4938 3564 4995 debentur.
3614 4943 3737 4997 Ideo

2158 5013 2286 5068 dicit
2327 5015 2563 5072 Paulus:
2594 5020 2811 5076 Reddite
2852 5026 3080 5079 omnibus
3119 5028 3283 5082 debita
3322 5047 3340 5084 :
3380 5034 3460 5086 cui
3489 5036 3731 5106 uectigal,

2157 5109 2369 5179 uectigal
2394 5129 2412 5160 :
2434 5113 2515 5164 cui
2542 5114 2805 5181 tributum,
2836 5119 3069 5173 tributum
3098 5136 3117 5174 :
3154 5122 3233 5175 cui
3258 5125 3528 5191 honorent,
3573 5128 3734 5182 Itono-

2154 5218 2259 5255 rem
2286 5201 2461 5273 (Rom.
2506 5206 2591 5261 15.
2637 5206 2710 5279 7).
2741 5209 2818 5263 Tu
2853 5226 2982 5265 vero
3021 5227 3139 5267 cum
3173 5214 3347 5281 audis,
3388 5216 3573 5273 Redde
3612 5235 3732 5290 qua:

2106 5316 2109 5319 ·
2153 5306 2277 5349 sunt
2309 5294 2555 5365 Caesaris,
2580 5298 2793 5366 Caesari,
2837 5302 2904 5357 de
2931 5303 2994 5357 iis
3021 5304 3070 5357 id
3101 5306 3271 5359 solum
3311 5306 3565 5379 intellige,
3611 5327 3730 5381 qua:

2153 5387 2283 5441 nihil
2314 5390 2560 5457 pietatem
2592 5391 2819 5458 laedunt;
2854 5394 2923 5448 ita
2950 5405 3005 5450 ut
3034 5397 3078 5451 si
3110 5397 3323 5463 laedant,
3347 5398 3455 5467 jam
3483 5416 3588 5455 non
3611 5402 3727 5456 Ca:-

2150 5482 2306 5548 saris,
2355 5483 2448 5537 sed
2475 5483 2671 5539 diaboli
2703 5487 2954 5542 tributum
2982 5499 3036 5544 et
3067 5491 3291 5561 vectigal
3318 5493 3443 5548 sint.
3484 5492 3607 5549 llaec
3632 5511 3725 5548 an-

2146 5574 2355 5630 dientes
2366 5572 2703 5633 obticuerunt
2727 5578 2897 5645 inviti,
2916 5589 2971 5636 et
2994 5582 3311 5652 sapientiam
3337 5583 3453 5655 ejus
3480 5584 3725 5642 admirati

2209 5773 2225 5804 ι
2248 5779 2374 5832 Hzcc,
2398 5772 2525 5848 unde
2542 5771 2693 5843 etiam
2720 5773 2798 5847 hic
2820 5774 3046 5848 concordi
3068 5775 3297 5848 sententis
3317 5776 3533 5844 fuerunt,
3560 5778 3719 5828 omisit

2144 5834 2308 5897 Savil.,
2337 5849 2430 5887 nec
2453 5835 2577 5899 legit
2599 5838 2838 5901 Georgius
2855 5838 3221 5902 'rrapezuntius.
