4154 6370
340 271 443 327 657

339 400 483 446 sunt.
513 388 653 462 Ergo
677 389 927 456 credere,
974 403 1102 460 ergo
1148 396 1363 463 stupere
1390 390 1673 461 oportebat
1703 392 1742 443 ¹.
1789 388 1922 444 Nam

339 482 632 554 divinitatis
676 496 787 537 sua:
813 481 1321 553 demonSIrationem
1362 483 1666 551 exhibebat,
1690 499 1814 538 cum
1838 498 1925 537 se-

339 583 486 645 creta
530 572 838 641 revelasset,
887 583 942 629 et
990 574 1184 629 leniter
1233 574 1469 645 ipsorum
1499 591 1592 631 ora
1637 574 1921 631 obstruxit.

341 664 477 731 Quid
502 664 707 734 igitur?
734 680 861 718 num
890 664 1267 720 crediderunt?
1292 667 1537 732 Minime;
1566 666 1681 733 sed,
1712 667 1804 729 ait,
1832 665 1924 722 22.

342 756 661 819 Dimittentes
694 774 808 811 eum
832 757 1095 824 abierunt,
1123 757 1217 816 25.
1249 768 1297 812 et
1338 768 1449 825 post
1491 775 1575 814 eos
1614 767 1927 819 accesserunt

343 849 638 904 Sadductei.
690 848 736 913 Ο
777 850 1092 904 amentiam!
1163 850 1275 905 Illis
1321 850 1386 911 ad
1449 851 1925 911 obmutescendum

341 941 655 1012 compulsis,
683 942 735 996 hi
764 943 1173 1014 aggrediuntur,
1196 958 1315 998 cum
1348 944 1668 1012 oportuisset
1693 944 1813 999 illos
1865 944 1929 997 ti-

342 1033 536 1089 midius
551 1033 827 1091 accedere.
843 1033 947 1089 Sed
971 1033 1274 1107 hujusmodi
1296 1042 1378 1089 est
1396 1034 1634 1099 audacia,
1650 1033 1929 1103 impudens

343 1125 715 1195 petulansque,
740 1126 811 1181 ita
837 1134 895 1180 ut
916 1125 1007 1195 illa
1030 1134 1197 1181 tentet
1225 1141 1345 1196 qua:
1375 1126 1513 1191 elfici
1539 1143 1644 1181 non
1682 1135 1926 1196 possunt.

342 1215 680 1287 Quapropter
708 1216 1033 1287 evangelista
1071 1216 1138 1272 de
1161 1217 1372 1281 illorum
1404 1218 1701 1287 arrogantia
1751 1226 1931 1288 stupe-

342 1306 537 1377 factus,
580 1308 805 1379 idipsum
834 1309 1095 1381 significat
1120 1310 1303 1365 dicens
1342 1328 1354 1364 :
1380 1309 1446 1364 lu
1475 1311 1565 1365 illa
1594 1311 1676 1367 die
1708 1327 1931 1366 accesse-

350 1411 490 1456 runt.
516 1401 582 1457 In
608 1404 719 1471 illa,
746 1403 796 1458 in
815 1403 1027 1473 quatln
1050 1419 1112 1459 ea
1142 1419 1261 1474 quae
1282 1404 1498 1459 illorum
1529 1404 1815 1474 nequitiam
1844 1418 1932 1459 re-

341 1496 553 1567 darguit
571 1540 587 1563 ,
620 1498 869 1568 ipsosque
898 1496 1097 1568 pudore
1126 1497 1363 1553 sutl‘udit.
1396 1499 1621 1564 Quinam
1648 1506 1772 1552 sunt
1800 1496 1932 1552 Sad-

342 1588 556 1643 duczei’
583 1588 815 1644 llreresis
834 1598 917 1657 est
942 1588 1271 1657 Judaaorum,
1299 1606 1420 1660 quae
1465 1589 1644 1645 differt
1671 1605 1701 1643 a
1742 1588 1929 1645 Pbari-

342 1681 486 1747 amis,
508 1680 714 1750 illisque
737 1680 893 1751 longe
910 1680 1153 1749 inferior,
1173 1682 1325 1751 cujus
1339 1682 1520 1754 opinio
1540 1690 1675 1747 erat,
1694 1698 1799 1737 non
1812 1695 1931 1738 esse

343 1773 811 1841 resurrectionem,
841 1789 1015 1844 neque
1035 1776 1305 1845 angelum,
1330 1790 1503 1846 neque
1530 1775 1795 1845 spiritum.
1814 1774 1929 1829 Ru-

342 1862 521 1920 diores
544 1865 686 1935 enim
712 1874 883 1933 erant,
905 1875 960 1919 et
985 1866 1280 1936 corporalia
1317 1874 1519 1920 tantum
1547 1865 1927 1935 agnoscebant.

343 1954 475 2012 Nam
500 1958 678 2012 multae
702 1957 841 2029 apud
860 1957 1075 2013 Judzros
1095 1968 1254 2014 sectae
1279 1968 1451 2013 erant.
1470 1956 1593 2013 Ideo
1612 1958 1686 2011 ait
1705 1956 1928 2012 Paulus:

345 2045 643 2115 Pharisteus
677 2064 788 2103 sum
823 2047 961 2118 (Act.
991 2047 1081 2104 25.
1119 2047 1198 2117 6),
1230 2063 1347 2117 quae
1372 2047 1767 2103 accuratissima
1793 2044 1933 2115 apud

349 2155 446 2207 nos
491 2149 637 2195 secta
684 2150 788 2195 est.
821 2140 886 2195 lli
932 2150 1109 2195 autem
1153 2139 1430 2195 Sadducaei
1475 2138 1683 2193 directe
1719 2136 1933 2206 quidem

348 2231 482 2295 nihil
510 2231 575 2287 de
604 2233 997 2297 resurrectione
1025 2232 1236 2287 dicunt:
1260 2230 1353 2287 sed
1372 2231 1727 2285 narrationem
1750 2244 1932 2299 quam-

353 2324 478 2380 dam
507 2323 838 2393 conﬁngunt,
870 2333 926 2378 et
949 2339 1063 2379 rem
1092 2338 1380 2393 numquam
1401 2364 1416 2389 ,
1469 2330 1527 2375 ιιι
1552 2331 1698 2391 puto,
1730 2330 1933 2391 gestam

347 2416 838 2483 comminiscuntur,
871 2425 1148 2485 sperantes
1176 2430 1236 2471 se
1259 2415 1405 2468 illum
1436 2413 1487 2467 in
1520 2410 1791 2483 angustias
1807 2425 1935 2465 con—

348 2509 584 2580 ieCturos
613 2523 734 2564 esse
762 2550 777 2575 ,
812 2509 1167 2578 volebantque
1205 2506 1318 2561 haec
1363 2505 1520 2560 ambo
1544 2502 1837 2568 confutare,
1881 2512 1936 2558 et

349 2602 805 2658 resurrectionem
827 2616 966 2662 esse,
998 2609 1052 2655 et
1081 2598 1527 2653 resurrectionem
1569 2596 1937 2665 talem,qua|is

365 2689 662 2749 dicebatur.
717 2689 780 2745 Hi
822 2705 1033 2746 rursum
1065 2688 1303 2742 modeste
1341 2686 1624 2752 accedunt,
1655 2685 1890 2741 dicentes
1919 2702 1933 2739 :

352 2780 424 2851 24
454 2778 719 2855 Magister,
750 2780 954 2851 Moyses
979 2779 1144 2837 dixit:
1188 2779 1250 2834 Si
1278 2779 1391 2847 quis
1419 2780 1683 2843 moriatur,
1724 2793 1824 2831 non
1845 2779 1938 2831 Ita-

352 2870 469 2943 bens
493 2870 649 2939 ﬁlios,
681 2871 825 2925 ducet
852 2874 1008 2940 frater
1024 2871 1133 2941 ejus
1164 2886 1369 2925 uxorem
1398 2870 1557 2931 illius,
1588 2879 1637 2922 et
1678 2868 1939 2923 suscitabit

351 2977 517 3031 semen
548 2962 695 3031 fratri
748 2979 838 3016 suo
864 2963 1044 3032 (Deut.
1082 2962 1175 3023 25.
1217 2962 1300 3033 5).
1344 2961 1434 3016 25.
1473 2958 1638 3014 Erant
1672 2961 1811 3029 apud
1846 2975 1938 3013 nos

352 3063 541 3123 septem
568 3058 748 3122 fratres
781 3069 799 3109 :
828 3065 873 3122 et
918 3056 1111 3126 primus
1154 3055 1297 3110 duxit
1322 3071 1551 3119 uxorem,
1599 3065 1644 3108 et
1672 3055 1938 3124 defunctus

354 3156 427 3201 est
451 3163 552 3207 non
587 3146 771 3216 habens
806 3147 959 3217 ﬁlios.
984 3148 1075 3203 26.
1108 3146 1353 3204 Similiter
1376 3147 1643 3213 secundus,
1673 3156 1720 3200 et
1742 3147 1934 3214 tertius,

354 3253 509 3306 usque
532 3239 600 3290 ad
628 3239 909 3307 septimum.
942 3238 1033 3293 27.
1059 3237 1346 3303 Novissime
1372 3250 1537 3293 autent
1564 3244 1785 3293 omnium
1813 3256 1940 3293 mor-

355 3338 440 3384 tua
466 3339 539 3386 est
579 3340 626 3384 et
670 3331 869 3385 mulier.
917 3332 1007 3387 9.8.
1039 3331 1106 3389 In
1134 3333 1495 3387 resurrectione
1519 3332 1674 3403 igitur
1688 3333 1833 3404 cujus
1862 3347 1928 3386 ea:

354 3433 542 3493 septem
576 3424 670 3477 erit
698 3424 864 3478 uxor?
896 3424 1026 3480 Vide
1055 3423 1465 3494 respondentem
1493 3423 1726 3479 doctoris
1763 3438 1935 3479 more.

357 3514 506 3571 Licet
544 3516 688 3571 enim
740 3524 792 3572 et
845 3516 946 3585 ipsi
997 3516 1229 3585 maligne
1275 3524 1649 3580 accesserant,
1703 3526 1937 3572 attamen

356 3605 701 3678 interrogatio
746 3622 814 3663 ex
859 3607 1153 3677 ignorantia
1209 3607 1378 3678 magis
1431 3607 1770 3677 procedebat.
1815 3608 1939 3663 Ideo

357 3712 467 3754 non
493 3706 652 3755 vocat
678 3698 799 3761 illos
845 3697 1171 3770 bypocritas.
1202 3697 1404 3753 Deinde
1434 3714 1501 3754 ne
1524 3699 1796 3768 obiiceret,
1843 3715 1939 3754 cur

356 3802 563 3861 septem
590 3805 748 3845 unam
776 3791 1087 3847 habuissent
1114 3805 1358 3855 uxorem,
1404 3789 1621 3861 Moysen
1664 3789 1894 3846 afferunt
1923 3809 1938 3846 :

357 3884 591 3947 etiamsi,
611 3892 671 3939 ut
696 3883 807 3954 jam
837 3883 968 3948 dixi,
998 3882 1050 3939 id
1088 3882 1379 3939 secundum
1406 3896 1579 3938 meam
1606 3882 1937 3952 Opinionem,

359 3993 569 4033 merum
591 3971 952 4032 commentum
978 3984 1141 4041 esset.
1173 3973 1359 4045 Neque
1397 3974 1540 4029 enim
1569 3974 1760 4029 tertius
1784 3989 1941 4030 acce-

365 4071 551 4139 pisset,
580 4069 715 4127 duos
737 4068 845 4138 jam
871 4082 1098 4138 sponsos
1118 4065 1396 4123 defunctos
1426 4064 1612 4120 videns
1637 4081 1653 4120 :
1682 4064 1728 4119 si
1763 4072 1939 4120 tamen

360 4163 569 4227 tertius,
614 4171 763 4217 certe
814 4176 925 4215 nou
961 4169 1201 4230 quartus,
1233 4173 1334 4213 nec
1379 4158 1614 4228 quintus,
1668 4157 1942 4227 multoque

359 4253 538 4307 minus
575 4262 758 4307 sextus
802 4261 857 4307 et
896 4251 1189 4322 septimus;
1239 4248 1331 4304 sed
1376 4264 1594 4304 uxorem
1641 4257 1942 4318 suspectam

363 4346 696 4402 habuissent.
738 4344 892 4401 Tales
916 4344 1113 4415 quippe
1149 4352 1274 4398 sunt
1300 4341 1492 4397 Judaei.
1534 4340 1664 4396 Nam
1701 4341 1746 4396 si
1793 4341 1943 4395 multi

363 4455 505 4495 nunc
537 4439 606 4493 ita
650 4447 777 4495 sunt.
804 4436 1000 4503 allecti,
1049 4436 1218 4493 multo
1261 4434 1431 4503 magis
1477 4442 1601 4487 tunc
1648 4431 1939 4502 temporis:

362 4527 932 4601 quandoquidem,boc
957 4527 1118 4583 etiam
1146 4535 1328 4579 amoto
1351 4524 1523 4589 obice,
1544 4523 1661 4579 haec
1680 4523 1942 4576 contntbia

364 4631 490 4678 tunc
518 4621 809 4692 fugiebant,
838 4618 1049 4675 etiamsi
1097 4618 1157 4673 id
1194 4617 1283 4676 lex
1309 4616 1641 4686 prmeiperet.
1684 4616 1772 4671 Sic
1801 4614 1941 4669 Ruth

364 4713 609 4769 Moabitis
633 4714 686 4767 in
710 4712 1055 4767 remotiorem
1072 4708 1403 4779 cognationis
1419 4722 1531 4761 suae
1555 4706 1803 4762 devoluta
1831 4715 1940 4772 est;

363 4818 420 4863 et
444 4806 676 4865 Thamar
701 4820 733 4859 a
753 4818 942 4859 socero
962 4816 1156 4859 semen
1185 4800 1347 4855 furari
1375 4808 1555 4855 coacta
1582 4806 1682 4855 est.
1714 4797 1823 4853 Cur
1845 4812 1940 4851 au-

366 4907 473 4955 tem
504 4914 608 4953 non
659 4897 794 4953 duos
845 4904 936 4950 aut
972 4905 1102 4961 tres,
1146 4892 1245 4949 sed
1291 4902 1494 4964 septem
1546 4890 1708 4947 fuisse
1752 4889 1945 4946 fratres

365 4988 659 5046 commenti
683 4987 852 5044 sunt?
885 4986 950 5044 Ut
981 4986 1149 5057 magis
1177 4986 1268 5055 (ita
1291 4981 1567 5054 putabant)
1591 4982 1943 5038 resurrectio-

367 5098 491 5140 nem
518 5082 871 5138 traducerent.
900 5080 1024 5136 Ideo
1042 5078 1246 5144 dicunt,
1273 5075 1455 5131 Omnes
1479 5075 1756 5129 habuerunt
1779 5074 1943 5138 illam,

370 5184 430 5230 ut
452 5176 622 5246 ipsum
640 5176 692 5228 in
713 5173 983 5245 angustias
997 5171 1343 5241 conjicerent.
1368 5167 1504 5236 Quid
1520 5182 1648 5237 ergo
1672 5166 1946 5221 Christus?

369 5269 453 5325 Ad
480 5278 762 5339 utrumque
788 5262 1097 5336 respondet,
1126 5277 1233 5316 non
1257 5259 1323 5315 ad
1352 5258 1531 5326 verba,
1568 5258 1661 5314 sed
1686 5258 1753 5314 ad
1793 5273 1945 5312 men-

370 5371 478 5418 tem
498 5376 683 5418 eorum
705 5358 1019 5430 respiciens,
1033 5364 1087 5413 et
1103 5355 1298 5425 ubique
1317 5359 1578 5408 secretam
1601 5351 1811 5406 illorum
1839 5349 1949 5420 opi-

372 5454 584 5509 nionem
612 5449 969 5522 patefaciens;
995 5446 1277 5519 aliquando
1302 5444 1446 5499 illam
1479 5441 1757 5497 manifeste
1782 5440 1945 5496 refel-

372 5546 505 5611 lens,
524 5544 809 5619 aliquando
831 5540 1263 5612 interrogantium
1278 5535 1615 5593 conscientia:
1630 5533 1946 5590 eonfutatio-

376 5698 609 5811 “0133c,
635 5705 760 5762 Ergo
792 5694 1012 5755 credere,
1033 5702 1147 5757 ergo
1168 5695 1360 5756 stupere
1402 5684 1640 5754 oportebat
1653 5722 1668 5748 ,
1691 5684 1869 5736 desunt
1898 5684 1949 5734 in

1312 270 1382 327 ΙΝ
1420 268 1823 339 ΜΑΤἸἮᾸΞΗΜ
1858 268 2092 337 ῌΟΜΗ..
2130 269 2296 335 LXX.
2338 271 2407 327 al.
2448 270 2635 329 LXXI.

3512 280 3617 338 658

2030 403 2157 449 nem
2171 388 2501 459 relinquens.
2519 388 2617 444 llic
2631 388 2906 445 nuncuide
2921 391 3190 461 quomodo
3209 401 3263 449 et
3279 400 3627 451 resurrectio-

2032 496 2153 535 nem
2170 494 2289 535 esse
2316 481 2522 549 probet,
2541 490 2595 535 et
2621 497 2726 536 non
2751 483 2907 537 talem
2924 485 3136 553 qualem
3165 486 3262 555 ipsi
3284 488 3618 557 suspicaban-

2033 583 2138 639 tur.
2163 574 2299 640 Quid
2326 576 2466 631 enim
2488 576 2599 630 ait?
2634 576 2728 634 29.
2760 575 2963 633 Erratis
3002 582 3277 635 nescientes
3301 580 3615 653 Scripturas,

2032 684 2188 737 neque
2202 668 2474 739 potentiam
2486 667 2599 723 Dei.
2617 669 2747 736 Quia
2768 670 2934 735 enim,
2952 679 3009 725 ut
3028 671 3116 741 qui
3136 671 3352 743 Moysen
3372 686 3613 739 nossent,

2035 761 2202 831 legem
2241 761 2491 831 allegant.
2520 762 2756 817 ostendit
2784 763 3139 832 ignorantium
3168 765 3473 835 Scripturas
3498 783 3620 824 esse

2035 852 2193 916 talem
2220 852 2710 921 interrogationem.
2753 852 2889 908 Hinc
2909 855 3052 910 enim
3082 855 3148 910 ad
3176 856 3488 911 tentandum
3526 873 3617 910 ac-

2031 953 2330 1009 cesserunt,
2371 945 2513 1014 quod
2536 945 2838 1013 Seriptnras
2865 963 2967 1002 non
3014 957 3191 1017 utpar
3226 950 3619 1018 eratintelligo-

2033 1045 2171 1098 rent,
2202 1046 2257 1091 et
2286 1036 2374 1090 Dei
2406 1038 2695 1109 potentiam
2726 1039 3050 1107 ignorarent.
3082 1040 3219 1109 Quid
3242 1054 3370 1111 ergo
3396 1041 3615 1103 mirum,

2036 1127 2224 1198 inquit,
2256 1131 2300 1182 si
2332 1144 2418 1183 me
2465 1129 2704 1195 tentatis,
2735 1146 2896 1199 quem
2941 1131 3115 1185 adhuc
3143 1147 3248 1186 non
3274 1132 3617 1201 cognoscitis,

2030 1219 2246 1290 quando
2270 1235 2336 1274 ne
2358 1221 2451 1275 Dei
2479 1220 2692 1291 quidem
2722 1223 3012 1291 potentiam
3036 1224 3225 1289 nostis,
3246 1221 3400 1293 cuius
3417 1231 3617 1277 tantam

2034 1310 2414 1378 experientiam
2444 1310 2676 1377 habetis,
2700 1327 2763 1366 ac
2789 1327 2959 1382 neque
2976 1328 3040 1368 ex
3067 1313 3442 1369 communibus
3470 1315 3618 1384 cogi-

2036 1401 2342 1467 tationibus,
2372 1418 2544 1473 neque
2566 1419 2631 1458 ex
2663 1404 2955 1474 Seripturis
2984 1406 3128 1461 illam
3159 1408 3346 1471 nostis,
3373 1407 3417 1462 si
3437 1415 3618 1463 tamen

2035 1507 2346 1550 communes
2370 1495 2720 1566 cogitationes
2739 1511 2860 1552 eam
2888 1498 3129 1554 notitiam
3172 1499 3445 1570 praebeant
3464 1542 3478 1567 ,
3510 1499 3620 1556 Deo

2035 1584 2212 1639 omnia
2241 1598 2361 1641 esse
2387 1585 2705 1655 possibilia?

2108 1677 2161 1732 ὅ.
2204 1676 2272 1731 Et
2299 1678 2471 1747 primo
2501 1678 2714 1747 quidem
2743 1678 2812 1733 ad
2842 1679 3125 1749 quaesitum
3153 1680 3460 1750 respondet.
3483 1680 3621 1748 Quia

2036 1768 2178 1823 enim
2209 1768 2261 1824 in
2282 1784 2438 1824 causa
2467 1769 2573 1824 illis
2597 1780 2709 1825 erat
2738 1785 2836 1825 cur
2864 1771 3310 1827 resurrectionem
3355 1787 3476 1826 esse
3513 1788 3618 1830 non

2039 1868 2304 1930 putarent,
2332 1860 2473 1931 quod
2501 1860 2781 1916 crederent
2805 1862 2966 1917 talem
2988 1871 3113 1916 tunc
3143 1878 3262 1917 esse
3287 1878 3463 1918 rcrmn
3493 1880 3616 1918 eon-

2038 1950 2315 2018 ditionem,
2346 1966 2560 2006 causam
2598 1962 2858 2015 removet,
2888 1954 3097 2023 etquod
3129 1970 3195 2008 ex
3222 1953 3307 2008 illa
3338 1969 3497 2009 causa
3526 1971 3620 2009 ac-

2038 2042 2248 2097 cidebat
2273 2042 2422 2113 (inde
2450 2044 2592 2098 enim
2617 2043 2838 2098 morbus
2865 2054 3014 2099 ortus
3057 2045 3219 2111 erat),
3264 2060 3328 2101 ac
3373 2061 3610 2101 resurre.

2038 2134 2228 2189 etionis
2275 2134 2491 2189 modum
2521 2135 2758 2191 ostendit
2785 2153 2799 2190 :
2831 2136 2906 2191 ait
2941 2137 3081 2190 enim
3112 2154 3126 2190 :
3158 2136 3245 2191 50.
3298 2135 3364 2189 In
3391 2154 3620 2192 resurre-

2038 2227 2201 2281 ctione
2252 2243 2408 2296 neque
2437 2227 2665 2294 nubent,
2712 2244 2871 2292 neque
2920 2228 3191 2297 nubentur,
3240 2230 3329 2284 sed
3377 2239 3524 2284 erunt
3566 2241 3621 2285 ut

2038 2318 2206 2389 angeli
2233 2318 2329 2372 Dei
2348 2318 2400 2372 in
2416 2320 2559 2373 cwlo.
2585 2319 2753 2374 Lucas
2778 2336 2904 2374 vero
2933 2321 3027 2385 ait,
3057 2320 3202 2375 Sicut
3225 2321 3319 2389 filii
3341 2320 3439 2375 Dei
3468 2320 3619 2394 (Luc.

2039 2408 2129 2463 90.
2156 2409 2268 2476 56).
2296 2408 2351 2465 Si
2382 2427 2509 2480 ergo
2540 2426 2647 2465 non
2676 2412 2898 2479 nubunt,
2921 2410 3184 2482 superﬂua
3207 2422 3289 2468 est
3319 2413 3618 2485 interroga-

2042 2503 2134 2556 tio.
2160 2502 2343 2574 Neque
2373 2504 2492 2559 ideo
2536 2505 2707 2576 angeli
2738 2515 2883 2573 sunt,
2928 2506 3069 2575 quod
3109 2522 3215 2559 non
3254 2507 3483 2565 nubant:
3524 2507 3618 2561 sed

2040 2596 2162 2663 quia
2189 2605 2247 2650 ut
2271 2597 2441 2667 angeli
2468 2609 2612 2665 sunt,
2638 2598 2758 2654 ideo
2784 2614 2888 2653 non
2912 2599 3287 2654 nubuntJlinc
3306 2601 3466 2655 multa
3488 2615 3623 2671 quo—

2041 2702 2144 2754 que
2163 2687 2265 2741 alia
2292 2688 2523 2752 sustulit,
2552 2705 2670 2757 quas
2695 2690 2870 2744 omnia
2894 2705 2996 2743 una
3029 2704 3161 2745 voce
3191 2688 3388 2745 Paulus
3434 2692 3621 2746 subin-

2040 2777 2238 2832 dicavit
2270 2779 2458 2834 dicens
2505 2796 2520 2834 :
2564 2778 2801 2835 Prwterit
2847 2781 2980 2835 enim
3033 2782 3196 2852 figura
3241 2780 3396 2851 hujus
3448 2782 3623 2835 mundi

2044 2870 2122 2940 (l.
2154 2870 2272 2927 Cor.
2303 2873 2356 2927 7.
2384 2871 2493 2945 5i).
2515 2872 2716 2943 Hisque
2730 2874 2962 2929 ostendit
2990 2875 3161 2943 qualis
3178 2874 3248 2928 sit
3275 2874 3619 2937 resurrectio,

2043 2972 2100 3019 et
2125 2965 2265 3034 quod
2305 2980 2431 3021 vere
2471 2968 2791 3021 resurrectio
2818 2966 2888 3021 sit
2930 2966 3145 3021 futura:
3177 2968 3277 3020 etsi
3321 2982 3448 3020 vero
3489 2966 3619 3021 illud

2045 3070 2146 3109 una
2176 3058 2453 3125 probatum
2486 3057 2663 3122 fuerit,
2686 3068 2917 3113 attamen
2941 3075 3003 3113 ex
3027 3058 3316 3113 abundanti
3346 3058 3473 3114 illud
3501 3076 3623 3113 rur-

2045 3162 2163 3201 sum
2193 3148 2393 3216 adjicit.
2425 3149 2605 3218 Neque
2630 3150 2771 3204 enim
2829 3150 3229 3219 interrogationi
3274 3150 3434 3203 modo
3462 3151 3615 3205 satis-

2045 3239 2187 3306 fecit,
2219 3241 2311 3296 sed
2334 3241 2492 3297 etiam
2526 3243 2734 3297 illorum
2763 3242 3091 3313 cogitationi.
3142 3242 3233 3299 Sic
3266 3243 3477 3312 quando
3519 3261 3622 3299 non

2045 3345 2112 3386 ex
2163 3339 2308 3385 tanta
2355 3332 2588 3397 malitia,
2644 3331 2739 3387 sed
2792 3348 2860 3388 ex
2910 3333 3205 3404 ignorantia
3256 3333 3623 3402 interrogant,

2045 3422 2274 3493 amplius
2320 3423 2475 3479 docet
2514 3424 2769 3494 :quando
2797 3433 2975 3478 autem
3023 3440 3087 3479 ex
3141 3425 3371 3493 nequitia
3419 3432 3623 3479 tantum

2046 3516 2389 3586 interrogatio
2431 3516 2821 3586 proficiscitur,
2869 3531 3044 3585 neque
3098 3516 3495 3584 interrogationi
3536 3532 3625 3570 re-

2044 3606 2292 3676 Spondet.
2317 3607 2548 3662 Rursum
2574 3618 2753 3662 autem
2775 3622 2839 3662 ex
2861 3606 3043 3679 Moyse
3064 3607 3183 3661 illos
3208 3606 3466 3671 confutat,
3503 3608 3626 3676 quia

2046 3696 2144 3768 ipsi
2188 3696 2405 3769 Moysen
2432 3687 2807 3762 obtendebant,
2830 3708 2885 3754 et
2910 3700 3021 3755 ait:
3044 3699 3131 3753 5|.
3163 3698 3239 3752 De
3263 3700 3627 3754 resurrectione

2046 3807 2163 3848 vero
2204 3802 2519 3846 mortuorum
2559 3807 2663 3844 non
2699 3790 2910 3861 legistis,
2948 3789 3039 3845 52.
3093 3789 3348 3855 Quoniam
3394 3806 3485 3861 ego
3514 3807 3629 3844 sum

2046 3884 2187 3939 Deus
2224 3884 2497 3947 Abraham,
2526 3893 2572 3937 et
2597 3881 2737 3937 Deus
2762 3880 2914 3936 Isaac
2937 3922 2953 3949 ,
2997 3891 3043 3934 et
3069 3880 3208 3935 Deus
3234 3879 3396 3935 Jacob
3430 3880 3625 3955 (Exod.

2046 3975 2101 4031 6.
2130 3974 2184 4046 5)
2201 3977 2229 4027 ’θ
2254 3973 2374 4028 Νοη
2401 3984 2474 4027 est
2499 3972 2638 4027 Deus
2658 3981 2988 4038 mortuorum,
3016 3972 3103 4026 sed
3129 3972 3372 4028 vivorum.
3400 3971 3516 4027 Non
3546 3987 3630 4029 est

2048 4064 2234 4135 inquit,
2269 4079 2375 4119 non
2413 4062 2807 4129 assistentium,
2837 4070 2892 4117 et
2937 4076 3122 4117 eorum
3166 4062 3256 4132 qui
3305 4076 3523 4131 prorsus
3555 4080 3624 4118 ex

2047 4155 2226 4212 medio
2264 4154 2456 4209 sublati
2503 4163 2665 4221 sunt,
2697 4168 2796 4209 nec
2834 4168 3087 4223 umquam
3112 4154 3484 4209 resurrecturi.
3510 4153 3625 4208 Non

2048 4249 2190 4313 enim
2216 4247 2367 4309 dixit,
2398 4246 2579 4312 Eram,
2606 4246 2724 4310 sed,
2757 4245 2909 4311 Sum,
2936 4247 3312 4302 exsistentium
3355 4262 3548 4315 nempe
3574 4256 3630 4302 et

2048 4340 2359 4394 viventium.
2392 4338 2543 4393 Sicut
2579 4338 2721 4393 enim
2753 4337 2952 4402 Adam,
2985 4337 3113 4393 licet
3157 4337 3360 4393 viveret
3401 4354 3503 4408 qua
3541 4338 3630 4394 diu

2050 4431 2387 4487 manducavit
2407 4431 2474 4486 de
2503 4431 2666 4502 ligno,
2700 4430 2965 4486 sententia
2995 4430 3199 4498 prolata
3231 4440 3475 4485 mortuus
3501 4440 3580 4485 est
3612 4449 3626 4484 :

2048 4525 2126 4583 sic
2151 4535 2206 4581 et
2233 4525 2338 4590 isti,
2365 4523 2489 4579 licet
2515 4522 2709 4577 mortui
2739 4531 2939 4585 essent,
2973 4536 3039 4575 ex
3072 4521 3424 4590 promissione
3453 4537 3630 4576 resur-

2048 4615 2305 4671 rectionis
2346 4613 2615 4668 vivebant.
2661 4610 2941 4680 Quomodo
2979 4611 3135 4680 igitur
3164 4612 3238 4664 ait
3288 4611 3436 4677 alibi,
3473 4609 3541 4665 Ut
3582 4623 3629 4666 et

2049 4708 2263 4764 mortuis
2286 4717 2333 4761 et
2358 4706 2478 4760 vivis
2523 4705 2806 4760 dominetur
2850 4703 3024 4776 (Rom.
3068 4703 3156 4757 M.
3178 4703 3275 4774 9)?
3305 4703 3495 4757 Verum
3524 4721 3628 4759 non

2049 4800 2259 4861 esthoc
2283 4798 2357 4853 illi
2383 4796 2732 4853 contrarium.
2761 4794 2892 4849 Nam
2921 4793 3008 4848 hic
3030 4791 3101 4849 de
3124 4793 3346 4848 mortuis
3375 4792 3627 4864 loquitur,

2048 4895 2138 4964 qui
2170 4902 2357 4963 postea
2398 4890 2588 4946 victuri
2619 4896 2762 4945 sunt.
2805 4888 3054 4956 Alioquin
3101 4896 3278 4941 autem
3326 4885 3483 4941 aliud
3522 4897 3628 4954 est,

2049 4986 2162 5057 Ego
2191 4984 2332 5039 Deus
2357 4983 2631 5048 Abraham,
2650 4990 2704 5036 et
2727 4979 2891 5048 aliud,
2911 4978 2978 5035 Ut
3005 4987 3314 5032 mortuorum
3336 4987 3383 5032 et
3407 4978 3631 5033 virorum

2050 5078 2355 5133 dominetur.
2381 5074 2539 5129 Novit
2561 5073 2786 5128 etaliam
2808 5080 3057 5138 mortem,
3078 5069 3146 5125 de
3167 5085 3269 5140 qua
3287 5068 3415 5126 dicit
3436 5088 3448 5124 :
3469 5070 3634 5126 Sinite

2050 5180 2274 5225 mortuos
2304 5166 2515 5239 sepelire
2539 5175 2761 5219 mortuos
2781 5179 2898 5217 suos
2915 5162 3066 5233 (Luc.
3095 5161 3150 5217 9.
3178 5160 3291 5233 60).
3314 5162 3403 5217 55.
3436 5160 3504 5216 Et
3530 5178 3631 5215 au-

2051 5262 2241 5318 dientes
2274 5261 2430 5315 turbte
2467 5257 2782 5312 mirabantur
2818 5256 2882 5310 de
2914 5255 3144 5310 doctrina
3168 5256 3299 5326 ejus.
3330 5254 3515 5326 Neque
3544 5257 3632 5312 hic

2051 5354 2358 5419 Sadducaai;
2412 5352 2505 5407 sed
2535 5352 2659 5406 victi
2709 5358 3081 5405 recesserunt:
3133 5347 3420 5404 multitudo
3449 5358 3628 5404 autem

2053 5465 2159 5506 non
2209 5447 2417 5503 addicta
2475 5446 2712 5516 partibus
2756 5445 2877 5498 hinc
2930 5444 3208 5497 utilitatem
3252 5442 3441 5512 carpit.
3497 5441 3630 5510 Quia

2052 5542 2212 5612 igitur
2240 5539 2360 5594 talis
2386 5546 2465 5592 est
2489 5536 2835 5600 resurrectio,
2865 5550 2984 5605 age,
3015 5534 3144 5589 nihil
3175 5548 3283 5590 non
3310 5548 3548 5603 agamus,
3574 5543 3631 5589 ut

2055 5640 2264 5712 primas
2292 5637 2404 5693 illic
2424 5635 2750 5691 referamus.
2780 5631 2845 5686 Et
2866 5632 2911 5688 si
2937 5633 3135 5705 placet,
3161 5630 3515 5686 ostendamus
3537 5642 3635 5681 vo-

2057 5732 2144 5790 bis
2169 5730 2445 5805 quosdam,
2460 5727 2554 5801 qui
2584 5726 2749 5783 etiam
2780 5735 2904 5781 ante
2926 5722 3417 5790 resurrectionem,
3447 5734 3636 5777 resus-
