4130 6374
617 341 722 399 659

614 462 901 516 citatorum
954 461 1118 516 vitam
1161 472 1215 516 et
1252 461 1639 516 beatitudinem
1683 462 2015 532 anticipant:
2056 462 2187 517 soli-

614 553 859 608 tudinem
888 570 1105 608 rursum
1138 561 1422 622 petamus;
1460 570 1583 608 nam
1618 555 1759 610 idem
1800 570 1992 610 rursus
2023 570 2187 624 argu-

612 656 856 701 mentum
881 646 1290 715 tractabo,’quia
1312 663 1406 702 vos
1421 661 1543 701 cum
1568 647 1843 716 voluptate
1871 648 1983 701 haec
1999 648 2187 703 audire

611 737 913 807 conspicio.
934 736 1231 793 Videamus
1253 754 1381 809 ergo
1403 739 1563 794 hodie
1578 741 1851 795 exercitus
1875 741 1998 796 illos
2022 741 2186 811 spiri-
2228 766 2230 769 ·

613 831 820 885 tuales:
861 830 1142 886 videamus
1178 832 1508 901 voluptatem
1539 832 1735 887 timore
1760 833 1908 887 omni
1937 848 2184 888 vacuam.

608 918 730 975 Non
751 921 895 975 enim
915 937 1039 975 cum
1058 922 1229 977 hastis
1250 922 1596 978 tabernacula
1613 934 1899 994 occupant,
1915 926 2188 981 utmilites

604 1008 749 1076 (nam
782 1009 868 1064 hic
891 1027 1060 1079 nuper
1089 1011 1303 1065 dicendi
1333 1012 1489 1066 finem
1518 1011 1618 1065 feci
1651 1010 1691 1082 ),
1723 1027 1894 1080 neque
1921 1028 2043 1067 eum
2090 1013 2188 1066 cli-

608 1100 722 1168 peis
746 1110 802 1155 et
824 1102 1001 1155 loricis
1034 1119 1047 1155 :
1077 1102 1168 1156 sed
1199 1102 1279 1155 his
1305 1102 1552 1157 omnibus
1582 1104 1750 1157 nudos
1785 1103 2007 1168 videbis,
2035 1104 2187 1158 talia-

602 1207 707 1261 que
732 1206 1037 1264 operantes,
1063 1210 1181 1264 quae
1197 1210 1301 1249 non
1327 1205 1548 1266 possunt
1565 1195 1770 1249 illicum
1793 1196 1956 1248 armis
1984 1194 2180 1250 facere.

601 1283 657 1337 Si
688 1284 862 1353 possis
890 1285 1092 1350 videre,
1115 1287 1253 1349 veni,
1272 1296 1324 1341 et
1340 1302 1550 1341 manum
1582 1288 1712 1341 mihi
1738 1290 1968 1358 porrige,
1998 1305 2183 1344 eamus

599 1376 759 1428 ambo
785 1376 850 1429 ad
883 1376 983 1429 hoc
1014 1377 1232 1443 bellum,
1263 1377 1647 1448 videamusque
1669 1379 1859 1433 aciem.
1886 1379 2014 1433 Nam
2041 1388 2095 1434 et
2128 1379 2180 1433 hi

598 1466 837 1535 quotidie
859 1476 1112 1538 pugnant,
1137 1469 1380 1524 inimicos
1398 1470 1668 1534 occidunt,
1703 1479 1757 1524 et
1794 1470 2179 1538 concupiscen-

599 1558 699 1611 tias
738 1573 925 1613 omnes
974 1559 1127 1613 nobis
1175 1560 1486 1615 insidiantes
1514 1561 1774 1614 vincunt:
1808 1561 1925 1615 illas
1978 1561 2179 1616 videbis

600 1646 743 1702 humi
765 1649 1026 1717 jacentes,
1069 1652 1213 1705 nullo
1244 1652 1493 1721 pr:editas
1518 1661 1664 1706 motu
1695 1670 1708 1705 :
1742 1662 1795 1707 et
1821 1654 2175 1721 apostolicum

552 1788 553 1791 η
597 1739 800 1795 dictum
832 1741 958 1795 illud
987 1758 1150 1811 opere
1175 1744 1497 1811 completum
1530 1745 1846 1813 conspicies,
1872 1744 1971 1809 Qui
1993 1745 2178 1798 Christi

594 1840 732 1894 sunt,
757 1847 958 1884 carnem
985 1834 1341 1900 cruciﬁxertmt
1372 1849 1487 1885 cum
1512 1834 1643 1889 vitiis
1683 1844 1728 1887 et
1764 1836 2177 1903 concupiscentiis

596 1920 739 1993 (Gal.
770 1923 823 1977 5.
849 1922 962 1992 24).
996 1923 1180 1977 Vidisti
1211 1924 1601 1978 multitudinem
1635 1933 1969 1978 mortuorum
1993 1924 2175 1994 jacen-

595 2014 751 2081 tium,
794 2014 969 2084 gladio
1023 2016 1240 2084 spiritus
1268 2015 1605 2070 occisorum?
1649 2015 1774 2070 ldco
1801 2031 1905 2069 non
1949 2024 2032 2071 est
2070 2016 2175 2071 illic

594 2107 845 2170 ebrietas,
874 2123 977 2160 non
1006 2108 1287 2163 voracitas.
1322 2107 1378 2162 Id
1423 2108 1657 2163 ostendit
1706 2123 1911 2170 mensa,
1956 2116 2011 2162 et
2061 2117 2173 2163 tro-

595 2213 767 2267 pzeum
805 2198 874 2252 ibi
916 2208 1174 2253 erectum.
1198 2199 1439 2253 Ebrietas
1463 2200 1605 2253 enim
1622 2209 1678 2254 et
1708 2200 1970 2253 voracitas
1989 2199 2174 2267 jacent

592 2299 837 2355 mortum,
858 2292 924 2345 ab
942 2306 1091 2360 aqua:
1118 2301 1243 2360 potu
1268 2292 1476 2361 fugatm,
1504 2291 1590 2345 illa
1619 2292 1822 2345 scilicet
1838 2289 2172 2345 multiformis

592 2393 644 2437 et
671 2384 948 2452 multiceps
976 2383 1104 2437 fera.
1138 2382 1597 2451 Quemadmodum
1633 2383 1773 2435 enim
1800 2382 1939 2451 apud
1964 2382 2173 2452 mytho-

593 2476 742 2547 lngos
789 2477 964 2547 Scylla
1004 2487 1059 2531 et
1088 2476 1284 2547 Hydra,
1316 2476 1395 2530 sic
1442 2484 1496 2529 et
1539 2474 1770 2529 ebrietas
1806 2475 1967 2529 multa
1998 2472 2170 2542 capita

591 2566 789 2622 habet:
826 2566 948 2621 hinc
976 2567 1284 2631 fornicatio,
1318 2565 1441 2620 inde
1484 2566 1580 2629 ira,
1619 2565 1833 2619 aliunde
1879 2564 2166 2629 mollities,

589 2658 802 2712 aliunde
826 2669 1007 2727 turpes
1034 2673 1267 2713 amores.
1298 2656 1495 2711 Verum
1528 2656 1614 2712 hic
1642 2661 1738 2711 ista
1762 2658 1939 2711 omnia
1963 2657 2168 2711 sublata

590 2760 746 2815 sunt;
779 2751 985 2804 etiamsi
1015 2749 1088 2803 illi
1129 2749 1396 2804 exercitus
1424 2748 1476 2801 in
1504 2749 1775 2803 sexcentis
1817 2748 1973 2802 bellis
2006 2764 2168 2817 supe-

590 2849 731 2907 rent,
754 2840 820 2893 ab
850 2839 931 2894 his
959 2840 1201 2895 hostibus
1228 2841 1511 2894 vincuntur
1540 2857 1553 2892 :
1585 2855 1682 2894 nec
1705 2839 1827 2905 tela,
1859 2854 1957 2894 nec
1978 2840 2165 2906 hastae,

589 2945 689 2984 nec
713 2930 837 3000 quid
877 2930 1051 2985 simile
1080 2938 1255 3001 potest
1282 2939 1468 2985 contra
1516 2930 1612 2984 has
1660 2930 1943 2999 phalanges
1977 2937 2119 2985 stare
2150 2946 2163 2983 :

589 3019 685 3076 sed
726 3021 855 3074 istos
880 3022 1138 3091 gigantes,
1185 3031 1453 3085 strenuos,
1503 3021 1592 3089 qui
1636 3020 1912 3073 innumera
1959 3019 2168 3074 fortiter

587 3120 771 3181 agunt,
804 3111 1041 3165 invenias
1086 3112 1202 3166 sine
1228 3112 1455 3166 vinculis
1482 3111 1668 3181 ligatos
1695 3125 1885 3165 somno
1915 3118 1970 3164 et
1994 3110 2167 3164 ebrie-

590 3213 717 3271 tate,
751 3206 864 3258 sine
891 3203 1058 3267 etcde,
1091 3205 1206 3259 sine
1245 3203 1571 3269 vulneribus,
1612 3218 1675 3257 ac
1718 3204 1856 3258 sicut
1900 3202 2165 3257 vulnerati

583 3295 844 3368 iacentes,
871 3298 981 3350 itno
1008 3296 1175 3350 multo
1199 3296 1432 3366 gravius.
1467 3296 1544 3351 Illi
1576 3311 1807 3366 namque
1827 3295 2014 3349 saltent
2051 3309 2168 3350 mo-

588 3396 698 3441 tum
727 3388 956 3458 aliquem
996 3387 1225 3451 habent;
1260 3387 1310 3440 hi
1338 3402 1463 3441 vero
1502 3402 1677 3452 secus,
1707 3386 1799 3441 sed
1829 3388 2007 3442 statim
2031 3401 2163 3441 eon-

587 3479 789 3535 cidunt.
826 3479 985 3534 Vides
1020 3489 1144 3535 tunc
1166 3480 1457 3535 exercitum
1482 3488 1539 3534 et
1576 3479 1831 3547 majorem
1864 3486 1918 3534 et
1942 3478 2162 3533 mirabi-

587 3571 774 3626 liorem
803 3570 959 3626 csse?
978 3570 1109 3625 Nam
1134 3573 1363 3625 victores
1393 3571 1510 3624 illos
1538 3570 1732 3624 milites
1752 3571 1863 3624 sola
1890 3570 2163 3624 voluntate

585 3663 841 3717 confodit.
876 3663 1024 3717 Illam
1067 3663 1210 3718 enim
1259 3670 1483 3717 matrem
1523 3663 1761 3716 omnium
1801 3661 2060 3717 malorum
2091 3661 2159 3715 ita

586 3756 849 3810 inﬁrmam
880 3754 1127 3819 reddunt,
1157 3763 1216 3809 ut
1237 3756 1458 3810 molesta
1484 3764 1662 3823 postea
1691 3769 1809 3808 esse
1838 3770 1943 3807 non
1973 3753 2157 3822 possit.

589 3849 731 3903 Duce
756 3859 933 3903 autem
962 3849 1130 3916 lapso,
1149 3856 1203 3902 et
1230 3846 1443 3902 sublato
1459 3846 1653 3915 capite,
1686 3845 1946 3914 reliquum
1968 3859 2162 3914 corpus

586 3941 810 4011 quiescit
833 3958 847 3994 :
867 3938 1109 4009 hancque
1134 3939 1407 3993 victoriam
1428 3953 1459 3992 a
1476 3938 1694 4007 singulis
1722 3937 1794 3992 ibi
1825 3937 2160 3993 manentibus

586 4040 909 4099 reportatam
936 4045 1146 4085 cernas.
1178 4029 1293 4084 Non
1319 4030 1460 4084 enim
1483 4038 1538 4082 ut
1564 4028 1616 4082 in
1660 4027 1807 4083 hisce
1856 4028 2008 4083 bellis
2027 4069 2042 4091 ,
2072 4028 2159 4097 qtti

586 4121 752 4175 semel
775 4121 841 4175 ab
869 4136 974 4175 uno
1003 4120 1294 4176 vulneratis
1333 4128 1434 4185 est,
1461 4129 1516 4174 et
1540 4120 1703 4174 semel
1730 4119 1921 4175 cecidit
1946 4119 2033 4173 alii
2076 4120 2163 4172 vix

584 4224 762 4285 potest
786 4216 992 4288 plagam
1023 4217 1221 4273 inferre
1251 4235 1264 4270 :
1295 4217 1387 4271 sed
1407 4233 1625 4271 necesse
1647 4226 1729 4271 est
1746 4225 1804 4272 ut
1826 4232 2010 4272 omnes
2027 4216 2163 4272 hanc

587 4308 752 4363 feram
777 4309 1083 4364 confodiant
1112 4328 1126 4364 :
1153 4319 1207 4365 et
1230 4308 1319 4381 qui
1345 4326 1449 4364 non
1488 4308 1607 4364 ferit
1630 4310 1797 4378 illam,
1840 4325 1939 4364 nec
1959 4309 2157 4380 dejicit,

586 4403 881 4473 exagitator
924 4403 1096 4472 plane.

652 4496 705 4548 4.
726 4494 1021 4548 Sobrietatis
1036 4494 1272 4548 victorias.
1297 4493 1630 4548 Stecularium
1648 4510 1931 4547 mensarum
1947 4492 2158 4549 deliciae.

580 4585 897 4640 —Vidistiu‘
936 4586 1262 4655 splendidam
1306 4584 1617 4639 victoriam?
1660 4584 1938 4654 Tropwum
1982 4585 2156 4651 enim,

581 4678 722 4748 quod
756 4692 941 4732 omnes
970 4677 1128 4730 simul
1153 4677 1417 4731 exercitus
1447 4677 1534 4745 qui
1568 4691 1661 4744 per
1687 4676 1868 4731 orbem
1897 4686 2021 4731 sunt
2052 4676 2160 4731 eri-

586 4780 711 4835 gere
737 4781 842 4818 uon
868 4776 1118 4835 possunt,
1145 4767 1521 4836 unusquisque
1553 4769 1747 4822 horum
1774 4769 1953 4839 erigit;
1977 4768 2160 4824 omnia

585 4857 767 4926 jacent
812 4857 973 4911 simul
1006 4856 1320 4912 vulnerata:
1352 4858 1583 4912 absurda
1628 4860 1937 4915 stoliditatis
1966 4862 2151 4930 verba,

586 4966 801 5006 vesana:
819 4952 1375 5020 cogitationes,vapor
1400 4952 1747 5020 injucundus,
1765 4964 1818 5009 et
1833 4954 2015 5009 omnia
2039 4970 2161 5024 qua:

587 5056 655 5093 ex
672 5042 935 5095 ebrii-tate
959 5043 1155 5095 armari
1176 5042 1371 5096 solent:
1394 5052 1555 5110 atque
1573 5044 1854 5098 imitantur
1872 5044 2159 5102 Dominum

580 5146 768 5195 suum,
800 5131 866 5186 de
895 5148 998 5201 quo
1028 5132 1299 5201 Scriptura
1326 5133 1634 5188 mirabunda
1655 5134 1784 5189 dicit
1810 5152 1825 5187 :
1849 5135 1927 5190 De
1948 5146 2163 5190 torrente

582 5222 634 5275 in
663 5223 742 5276 via
768 5222 932 5287 bibet;
964 5235 1225 5294 propterea
1254 5225 1488 5278 exaltabit
1516 5234 1666 5295 caput
1697 5232 1712 5293 (
1736 5225 1881 5280 Psal.
1917 5227 2036 5282 109.
2068 5230 2098 5277 7
2120 5230 2159 5299 ).

583 5311 827 5367 Vultisne
846 5328 877 5367 e
898 5317 1114 5382 regione
1136 5324 1461 5369 mortuorum
1485 5316 1872 5370 multitudinem
1893 5318 2162 5388 aspicere?

585 5404 812 5458 Delicias
852 5404 1127 5460 videamus
1168 5421 1233 5460 ex
1268 5407 1693 5475 concupiscentia
1731 5417 1896 5474 ortas,
1942 5426 2058 5478 qua:
2096 5426 2160 5465 ex

584 5496 970 5566 pulmentariis,
997 5496 1203 5565 coquis,
1228 5513 1528 5552 mensarum
1555 5500 1924 5562 structoribus,
1953 5502 2164 5569 placen-

586 5597 755 5640 tarum
788 5584 1079 5641 artiﬁcibus
1104 5586 1520 5656 suppeditantur.
1555 5587 1724 5643 Pudet
1750 5591 1925 5644 omnia
1967 5592 2053 5646 illa
2083 5593 2163 5647 di-

583 5692 706 5733 cere
736 5696 748 5730 :
779 5688 1010 5733 attamen
1044 5677 1323 5748 phasianas
1351 5694 1474 5734 aves
1512 5680 1804 5748 proferam,
1842 5682 1959 5750 jura
2005 5682 2160 5739 fusim

586 5770 780 5840 mixta,
807 5769 1020 5827 humida
1039 5811 1056 5836 ,
1083 5770 1223 5827 sicca
1241 5770 1414 5827 edulia
1433 5813 1449 5837 ,
1481 5771 1621 5843 leges
1649 5771 1732 5829 his
1756 5775 1914 5830 rebus
1940 5777 2158 5846 positas.

1430 341 1487 401 s.
1510 341 1789 400 JOANNIS
1815 343 2287 403 CHRYSOSTOMI
2326 344 2644 403 ARCHIEP.
2682 318 3219 409 CONSTANTINOP.

3783 358 3881 417 660

2294 458 2429 514 Nam
2467 461 2617 531 quasi
2657 463 3035 532 rempublicam
3066 466 3456 536 gubernantes,
3499 477 3551 525 et
3587 470 3753 525 aciem
3796 473 3878 525 in-

2294 558 2595 614 struentes,
2626 552 2703 607 sic
2729 562 2783 607 et
2810 554 2895 609 isti
2927 555 3028 610 hoc
3057 566 3109 611 et
3137 556 3240 612 hoc
3267 559 3496 628 primum
3522 601 3538 626 ,
3570 560 3671 615 hoc
3699 570 3753 615 et
3779 561 3879 617 hoc

2292 642 2585 696 secundum
2631 645 2977 699 constituunt.
3023 646 3090 700 Et
3126 647 3215 701 alii
3246 648 3455 718 quidem
3483 652 3714 721 primum
3752 667 3878 708 aves

2292 748 2451 803 supra
2494 734 2750 789 carbones
2791 751 2971 800 assas,
3019 738 3360 806 piscibusque
3402 740 3563 797 fartas
3610 742 3874 809 offerunt;

2290 821 2382 875 alii
2398 822 2499 877 alia
2520 823 2663 877 initia
2683 825 3147 882 immoderatarum
3169 845 3441 885 coenarum
3460 842 3726 890 statuunt:
3745 836 3878 889 mul-

2291 922 2451 984 taque
2480 916 2620 971 circa
2652 916 2767 972 haec
2794 928 2875 972 est
2900 922 3224 975 concertatio
3250 930 3302 977 et
3331 923 3397 978 de
3426 926 3699 994 qualitate,
3732 937 3785 982 et
3808 929 3876 983 de

2288 1004 2512 1071 ordine,
2543 1015 2597 1061 et
2625 1007 2692 1062 de
2719 1009 2869 1078 copia
2919 1028 2933 1065 :
2977 1020 3136 1082 atque.
3172 1013 3240 1067 de
3278 1014 3381 1068 illis
3421 1026 3766 1083 concertant,
3807 1020 3875 1075 de

2287 1096 2481 1164 quibus
2501 1098 2692 1152 suifodi
2714 1099 2999 1162 deberent;
3024 1103 3111 1156 alii
3133 1103 3272 1173 quod
3300 1104 3570 1161 dimidiutn
3600 1109 3760 1175 diem,
3784 1112 3870 1165 alii

2286 1186 2430 1253 quod
2453 1194 2618 1241 totum
2644 1188 2694 1242 in
2720 1189 2822 1243 illis
2842 1190 3131 1256 insumant,
3156 1194 3243 1246 alii
3266 1195 3406 1263 quod
3431 1207 3638 1251 noctem
3663 1215 3873 1270 quoque

2284 1277 2561 1347 adjiciant.
2609 1280 3008 1351 Dicendumque
3046 1284 3181 1348 illis,
3230 1286 3399 1353 Vide,
3443 1292 3623 1354 miser,
3658 1307 3872 1346 mensu-

2285 1383 2403 1423 ram
2432 1372 2633 1426 ventris
2653 1413 2667 1435 ,
2700 1381 2752 1426 et
2782 1373 2849 1427 de
2882 1374 3231 1429 immoderato
3258 1377 3434 1432 studio
3464 1378 3737 1434 erubesco.
3772 1381 3870 1436 Ve.

2285 1472 2403 1515 rum
2437 1463 2566 1517 nihil
2598 1463 2898 1533 hujusmodi
2930 1466 3067 1535 apud
3098 1468 3317 1538 angelos
3344 1470 3490 1536 illos;
3532 1472 3624 1526 sed
3664 1482 3717 1527 et
3757 1473 3869 1529 lucc

2282 1562 2339 1606 ct
2365 1568 2551 1608 omnes
2576 1556 3017 1624 concupiscentia:
3048 1568 3272 1613 mortuze
3302 1559 3371 1613 ibi
3404 1571 3544 1617 sunt.
3581 1563 3692 1617 Non
3723 1566 3865 1620 enim

2280 1643 2349 1697 ad
2375 1647 2705 1700 saturitatem
2732 1657 2786 1701 et
2811 1648 3126 1717 voluptatem
3148 1692 3164 1717 ,
3194 1651 3287 1705 sed
3310 1652 3375 1706 ad
3398 1656 3766 1710 necessitatem
3789 1658 3867 1711 ci-

2282 1733 2407 1789 bum
2456 1746 2671 1790 sumunt
2701 1755 2714 1791 :
2748 1738 2876 1791 nulli
2909 1740 2976 1793 ibi
3004 1755 3261 1810 aucupes,
3292 1757 3389 1797 nec
3416 1744 3739 1812 piscatores;
3769 1747 3864 1802 sed

2278 1826 2433 1893 panis
2460 1835 2515 1880 et
2541 1842 2695 1897 aqua.
2728 1827 3039 1884 Sollicitudo
3062 1841 3239 1885 autem
3268 1832 3411 1897 haec,
3437 1836 3714 1901 tumultus,
3744 1853 3862 1907 per-

2280 1916 2629 1981 turbationes,
2658 1921 2831 1974 omnia
2853 1920 3065 1976 demum
3094 1922 3215 1977 inde
3237 1925 3383 1993 pulsa
3411 1933 3553 1989 sunt,
3587 1938 3694 1980 ttnu
3725 1944 3754 1981 a
3782 1940 3864 1982 tu-

2279 2008 2450 2076 gurio,
2486 2018 2595 2064 tum
2623 2026 2653 2064 a
2683 2026 2934 2080 corpore,
2970 2030 3190 2083 magnus
3220 2016 3288 2068 ibi
3318 2026 3502 2084 portus
3533 2034 3545 2069 :
3578 2020 3713 2086 apud
3743 2021 3862 2075 illos

2275 2108 2455 2152 autem
2482 2101 2705 2168 plurima
2734 2112 3039 2173 tempestas.
3069 2104 3330 2159 Rescinde
3359 2106 3517 2176 igitur
3540 2110 3859 2179 cogitatione

2279 2196 2522 2243 ventrem
2553 2206 2737 2246 eorum
2766 2194 2852 2262 qui
2895 2194 3086 2249 talibus
3111 2195 3243 2249 cibis
3274 2196 3678 2266 ingurgitantur,
3716 2202 3860 2256 vide-

2274 2279 2358 2332 bis
2383 2283 2686 2351 congeriem
2717 2299 2961 2353 ntagnam
2979 2327 2993 2349 ,
3026 2286 3259 2354 impuros
3284 2286 3497 2342 canales
3517 2329 3530 2353 ,
3575 2291 3858 2357 sepulcrum

2274 2368 2557 2424 dealbatam
2579 2371 2787 2444 (Matth.
2816 2374 2906 2427 25.
2929 2374 3023 2443 27)
3049 2393 3063 2429 :
3088 2392 3207 2444 qua:
3233 2388 3527 2445 sequuntur
3552 2395 3679 2434 vero
3701 2382 3859 2449 pudet

2271 2460 2454 2515 dicere
2476 2501 2491 2525 ,
2520 2474 2703 2516 ructus
2733 2464 3001 2531 insuaves,
3033 2469 3282 2531 vomitus,
3314 2468 3616 2537 egestiones
3646 2486 3855 2525 sursum

2271 2551 2543 2609 deorsum.
2567 2557 2637 2610 At
2662 2555 2712 2609 in
2739 2555 3028 2611 solitudine
3051 2556 3210 2612 hasce
3232 2561 3689 2629 concupiscentias
3715 2580 3857 2618 mor-

2276 2650 2397 2697 luas
2425 2644 2543 2698 vide
2564 2685 2579 2709 ,
2610 2660 2814 2699 necnon
2842 2648 3265 2703 vehementiores
3293 2648 3416 2703 inde
3444 2662 3591 2704 ortos
3619 2667 3851 2721 amores,

2269 2749 2529 2791 venereos
2563 2737 2682 2792 dico
2727 2755 2741 2791 :
2786 2737 2885 2793 hos
2922 2742 3116 2810 quippe
3144 2756 3329 2796 omnes
3358 2744 3623 2813 projectos
3649 2746 3852 2802 videbis

2269 2841 2390 2881 cum
2418 2830 2586 2897 equis,
2615 2844 2734 2884 cum
2772 2830 3050 2900 jumentis.
3094 2833 3398 2887 Jumentutn
3438 2836 3614 2902 enim,
3660 2839 3851 2906 telum,

2270 2934 2441 2989 equus
2464 2920 2532 2975 ad
2558 2921 2865 2976 obsccenutn
2906 2937 3038 2991 opus
3077 2924 3479 2993 exprimendum
3515 2926 3849 2983 adhibentur.

2268 3010 2373 3067 Sed
2399 3013 2600 3067 videbis
2625 3015 2779 3068 simul
2806 3030 2998 3085 equum
3024 3025 3078 3071 et
3102 3032 3438 3073 ascensorem
3466 3020 3644 3085 talem,
3671 3030 3724 3075 et
3748 3022 3852 3077 tela

2265 3106 2493 3175 jacentis
2524 3125 2536 3160 :
2563 3105 2670 3161 illic
2693 3122 2820 3163 vero
2837 3110 3103 3169 contraria
3129 3111 3328 3177 omnia,
3352 3112 3556 3165 animas
3577 3122 3810 3167 mortuas
3833 3115 3849 3146 ¹

2268 3198 2521 3268 dejectas.
2552 3199 2731 3269 Neque
2762 3200 2813 3254 in
2842 3216 3023 3255 mensa
3051 3211 3251 3256 tantum
3279 3202 3499 3257 victoria
3526 3205 3722 3259 sanctis
3750 3205 3851 3259 illis

2268 3291 2553 3360 conspicua
2575 3332 2589 3357 ,
2621 3290 2713 3346 sed
2742 3301 2794 3345 et
2826 3293 2874 3346 in
2906 3293 3024 3347 aliis
3045 3335 3061 3359 ,
3095 3295 3145 3347 in
3177 3295 3443 3364 pecuniis,
3480 3296 3530 3350 in
3559 3297 3756 3366 gloria,
3796 3298 3849 3352 in

2268 3381 2465 3445 livore,
2500 3383 2551 3435 in
2578 3382 2975 3452 :rgritudinibus
3010 3385 3278 3440 omnibus.
3307 3387 3497 3441 Annon
3542 3403 3670 3457 ergo
3695 3388 3846 3443 vide-

2269 3483 2355 3527 tur
2383 3474 2477 3527 tibi
2506 3473 2592 3529 hic
2619 3477 2882 3530 exercitus
2911 3475 3096 3531 fortior
3124 3478 3237 3545 illo,
3275 3486 3330 3532 ct
3366 3478 3479 3532 hmc
3514 3495 3695 3534 mensa
3735 3495 3849 3535 me-

2267 3565 2405 3619 Iior?
2434 3568 2563 3633 Quis
2592 3568 2959 3623 contradicat?
3000 3570 3189 3637 Nemo,
3232 3586 3299 3625 ne
3340 3571 3551 3641 quidem
3597 3588 3663 3626 ex
3707 3573 3846 3639 illis,

2267 3658 2473 3713 etiamsi
2515 3658 2798 3723 admodum
2843 3660 3022 3715 furens
3060 3663 3147 3716 sit.
3196 3662 3321 3718 “me
3348 3664 3545 3733 quippe
3574 3666 3623 3718 in
3651 3665 3839 3719 czelum

2267 3749 2446 3813 tnittit,
2476 3749 2564 3802 illa
2593 3751 2659 3804 ad
2688 3751 2982 3817 gehennam
3020 3754 3180 3807 trahit
3206 3771 3219 3805 :
3253 3754 3390 3810 hanc
3412 3753 3650 3809 diabolus
3678 3766 3846 3824 parat,

2268 3840 2412 3895 illam
2436 3839 2678 3896 Christus
2704 3858 2717 3894 :
2750 3843 2885 3897 hanc
2910 3844 3149 3907 voluptas
3173 3855 3226 3900 et
3251 3846 3403 3900 luxus
3425 3845 3675 3911 disponit,
3704 3847 3851 3902 illam

2268 3932 2596 4002 philosophia
2626 3942 2680 3988 et
2710 3940 3054 4003 temperantia
3087 3956 3099 3990 :
3144 3936 3229 3992 hic
3255 3937 3496 3992 Christus
3525 3939 3708 4002 adest,
3740 3940 3851 3995 illic

2266 4023 2528 4081 diabolus.
2554 4026 2651 4081 Ubi
2674 4027 2814 4081 enim
2834 4027 3085 4095 ebrietas,
3116 4029 3185 4083 ibi
3214 4030 3453 4084 diabolus
3474 4040 3555 4086 est
3586 4049 3600 4085 :
3634 4032 3718 4087 ubi
3746 4032 3817 4086 ob
3835 4066 3850 4076 -

2264 4130 2444 4170 semita
2462 4116 2641 4179 verba,
2658 4118 2744 4172 ubi
2762 4119 3028 4185 saturitas,
3049 4119 3119 4175 ibi
3141 4119 3410 4176 dzemones
3426 4124 3650 4177 choreas
3664 4131 3847 4192 agunt.

2266 4205 2445 4261 Talem
2475 4206 2658 4262 habuit
2684 4223 2918 4263 mensam
2943 4209 3091 4264 dives
3117 4210 3238 4276 ille;
3268 4211 3493 4282 ideoque
3521 4227 3622 4267 nec
3647 4213 3842 4266 stillam

2266 4313 2416 4368 aqum
2447 4298 2674 4353 habebat
2703 4299 2849 4367 (Luc.
2886 4302 2970 4355 16.
3000 4301 3117 4370 24).

2338 4390 2391 4444 5.
2432 4391 2502 4444 At
2537 4391 2780 4444 monachi
2822 4406 2926 4445 non
2961 4391 3115 4446 talem
3147 4393 3373 4453 habent.
3407 4393 3499 4447 sed
3530 4395 3843 4460 angelorum

2283 4481 2442 4535 vitam
2509 4482 2727 4547 vivunt,
2788 4499 2888 4538 nec
2931 4500 3125 4542 uxores
3173 4484 3391 4552 ducunt,
3420 4502 3593 4555 neque
3618 4487 3705 4540 ditt
3729 4486 3849 4543 dor-

2268 4570 2470 4635 miunt,
2506 4586 2606 4625 nec
2630 4569 2833 4625 deliciis
2859 4573 3103 4638 student;
3132 4572 3225 4628 sed
3254 4584 3606 4645 praeterquam
3639 4578 3689 4630 in
3717 4593 3845 4647 pau-

2265 4661 2343 4716 cis
2383 4660 2707 4731 quibusdam
2729 4701 2744 4725 ,
2790 4662 3091 4732 incorporei
3118 4664 3381 4720 videntur.
3413 4666 3542 4732 Quis
3582 4668 3738 4738 igitur
3765 4681 3851 4724 est

2266 4752 2353 4819 qui
2386 4759 2490 4804 tam
2519 4750 2672 4806 facile
2694 4754 2877 4807 hostes
2901 4751 3122 4810 fundere
3147 4756 3342 4825 possit,
3371 4767 3425 4810 ut
3456 4759 3729 4826 prandium
3758 4776 3850 4813 su-

2266 4841 2481 4908 mendo,
2511 4850 2767 4911 tropaeum
2794 4843 3005 4914 erigat?
3046 4845 3277 4917 Ideoque
3302 4847 3376 4901 ait
3405 4849 3658 4917 propheta
3690 4870 3702 4905 :
3736 4850 3835 4905 Pa.

2263 4935 2387 4988 rasti
2412 4934 2465 4988 in
2495 4944 2760 5005 conspectu
2798 4952 2905 4989 meo
2943 4953 3165 4991 mensam
3201 4938 3436 4993 adversus
3464 4957 3547 4993 eos
3571 4943 3657 5007 qui
3687 4925 3851 4994 tribu;

2266 5024 2373 5078 lant
2399 5041 2474 5078 me
2499 5024 2515 5095 (
2538 5024 2678 5079 Psal.
2712 5024 2802 5079 22.
2834 5026 2927 5098 5).
2956 5027 3071 5082 Non
3102 5030 3243 5083 enim
3271 5030 3468 5083 errabit
3506 5032 3550 5085 si
3590 5034 3708 5100 quis
3746 5032 3849 5089 hoc

2265 5114 2531 5183 eloquium
2575 5131 2814 5171 mensam
2858 5126 3101 5187 spectare
3142 5118 3352 5173 dixerit.
3398 5119 3539 5174 Nihil
3585 5123 3724 5176 enim
3770 5124 3854 5178 sic

2265 5205 2496 5259 animam
2529 5207 2733 5273 turbat,
2772 5216 2831 5262 ut
2866 5210 3291 5278 concupiscentia
3332 5209 3559 5265 absurda
3585 5253 3600 5279 ,
3642 5212 3853 5269 delicia:

2266 5296 2502 5351 ciborum
2525 5340 2540 5362 ,
2582 5299 2846 5366 ebrietas,
2887 5309 2940 5355 et
2982 5300 3118 5354 mala
3156 5317 3275 5371 qua:
3312 5302 3433 5357 inde
3475 5304 3715 5360 oriuntur
3747 5324 3759 5359 :
3793 5318 3854 5361 et

2272 5388 2373 5443 hoc
2401 5399 2595 5443 norunt
2621 5391 2709 5459 qui
2743 5390 2927 5444 harum
2968 5407 3141 5445 rerum
3172 5393 3464 5461 periculum
3502 5394 3755 5452 fecerunt.
3788 5396 3849 5453 Si

2274 5489 2450 5534 autem
2466 5479 2731 5545 didiceris,
2752 5481 2891 5536 unde
2912 5480 3027 5536 ham
3045 5497 3226 5537 mensa
3249 5483 3544 5553 colligatur,
3568 5488 3706 5543 unde
3732 5489 3852 5558 illa,

2268 5583 2394 5629 tunc
2436 5574 2600 5644 probe
2627 5574 2764 5630 scies
2800 5589 2918 5645 qua:
2954 5574 3026 5630 sit
3061 5575 3197 5630 inter
3224 5584 3500 5647 utramque
3527 5578 3847 5640 dill‘erentia.

2332 5728 2350 5761 ι
2376 5727 2431 5777 In
2453 5729 2736 5800 quibusdam
2761 5729 2958 5800 legitur,
2981 5729 3084 5800 illic
3118 5744 3232 5785 vero
3267 5742 3512 5787 contraria
3534 5750 3710 5799 omnia,
3735 5751 3852 5791 cor-

2269 5804 2388 5857 ρονο
2411 5797 2673 5854 vulnerata,
2698 5797 2882 5843 animos
2902 5799 3127 5851 mortuas.
