4154 6370
297 309 402 367 659

293 425 470 481 τοίνυν
516 427 611 480 καὶ
650 427 888 498 τήμερον
939 426 1010 480 τὰ
1061 426 1400 497 στρατόπεδα
1453 428 1523 482 τὰ
1586 428 1962 499 πνευματικά’

295 506 494 577 ἴδωμεν
534 505 632 576 τὴν
664 506 830 574 φόϐου
861 505 1109 577 καθαρὰν
1143 506 1353 577 ἡδονήν.
1394 508 1469 560 Οὐ
1495 507 1605 577 γὰρ
1639 508 1775 577 μετά
1804 507 1966 577 δορά-

295 603 402 638 των
423 585 560 637 είσὶν
584 583 973 655 ἐσκηνωμένοι,
1003 585 1253 657 καθάπερ
1272 587 1322 638 οἰ
1354 586 1682 656 στρατιῶται
1702 586 1968 654 (ἐνταῦθα

296 666 402 736 γὰρ
441 662 632 734 πρώην
671 662 943 716 κατέλυσα
993 665 1083 717 τὸν
1127 664 1338 735 λόγον),
1393 666 1513 718 οὐδὲ
1551 665 1688 736 μετά
1728 666 1968 719 ἀσπίδων

297 745 390 797 καὶ
417 743 684 812 θωράκων
711 757 725 770 ·
759 742 896 795 άλλά
922 745 1162 812 γυμνοὺς
1199 744 1317 812 ὄψει
1338 744 1544 799 τούτων
1570 746 1847 807 ἁπάντων,
1874 744 1969 798 καὶ

302 820 519 874 τοιαῦτα
566 820 989 891 ἐργαζομένους,
1036 817 1123 876 οἷα
1167 823 1286 876 οὐδὲ
1347 823 1485 895 μετά
1531 824 1711 877 ὃπλων
1753 827 1964 878 ἐκεῖνοι.

299 901 406 953 Kal
435 900 485 952 εἰ
513 898 734 952 δύνασαι
761 901 1014 965 συνιδεῖν,
1046 901 1187 964 ἐλθὲ,
1222 903 1316 955 καὶ
1345 903 1501 973 χεῖρά
1528 919 1616 972 μοι
1641 902 1848 973 ὄρεξον,
1875 905 1970 958 καὶ

299 977 466 1048 ἴωμεν
490 979 571 1041 εἰς
596 977 690 1030 τὸν
737 979 972 1049 πόλεμον
1021 979 1572 1053 τοῦτονλάμφότεροι,
1638 983 1730 1035 καὶ
1769 983 1968 1053 ἴδωμεν

298 1058 393 1128 τὴν
414 1057 743 1128 παράταξιν.
771 1058 882 1111 Καὶ
912 1058 1020 1128 γὰρ
1049 1059 1142 1112 καὶ
1177 1051 1321 1112 οὗτοι
1364 1059 1488 1113 καθ’
1527 1060 1764 1133 ἑκάστην
1813 1051 1970 1116 πολε-

300 1135 461 1206 μοῦσι
492 1136 590 1206 τὴν
623 1135 854 1207 ἡμέραν,
896 1138 990 1189 καὶ
1017 1137 1320 1205 ισφάττουσι
1350 1140 1477 1202 τοὺς
1518 1140 1870 1204 ὑπεναντίους
1898 1143 1966 1209 ³³,

301 1217 395 1270 καὶ
447 1216 638 1269 νικῶσι
665 1215 766 1279 τάς
803 1216 1097 1286 ἐπιθυμίας
1137 1217 1354 1281 ἁπάσας
1383 1215 1480 1281 τάς
1517 1218 1969 1284 ἐπιϐουλευούσας

247 1334 249 1337 .
304 1297 456 1364 ἡμῖν.
489 1296 599 1348 Καὶ
634 1293 755 1363 ὄψει
801 1294 1004 1359 ταύτας
1057 1295 1393 1367 ἐρριμμένας
1438 1298 1630 1367 χαμαὶ,
1686 1298 1778 1350 καὶ
1835 1299 1969 1370 μηδέ

305 1373 558 1444 σπαίρειν
592 1373 893 1445 δυναμένας
921 1391 932 1402 ·
964 1374 1100 1427 ἀλλά
1134 1374 1180 1405 ⁸⁸
1207 1376 1268 1427 τὸ
1291 1376 1642 1429 ἀποστολικὸν
1673 1379 1848 1430 ἐκεῖνο
1881 1379 1970 1432 διὰ

301 1452 410 1507 τῶν
437 1453 615 1524 ἔργων
644 1452 1007 1523 δεικνύμενον,
1030 1453 1109 1505 ὅτι
1129 1455 1194 1506 Οἱ
1214 1453 1318 1507 τοῦ
1335 1454 1613 1521 Χριστοῦ,
1636 1455 1750 1522 τὴν
1774 1455 1971 1524 σάρκα

302 1533 694 1600 ἐσταύρωσαν
727 1531 848 1585 σὺν
868 1531 991 1597 τοῖς
1005 1530 1315 1600 παθήμασι
1343 1532 1440 1585 καὶ
1466 1533 1595 1598 ταῖς
1612 1534 1966 1604 ἐπιθυμίαις.

299 1607 454 1676 Εἶδες
486 1611 690 1683 πλῆθος
715 1611 922 1682 νεκρῶν
953 1612 1222 1682 κειμένων
1248 1613 1313 1676 ⁸⁵,
1350 1613 1709 1682 ἐσφαγμένων
1747 1617 1813 1686 τῇ
1866 1634 1968 1686 μα-

300 1692 468 1763 χαίρᾳ
494 1691 586 1744 τοῦ
613 1690 952 1760 πνεύματος;
1001 1691 1100 1744 Διά
1143 1690 1300 1744 τοῦτο
1353 1692 1452 1746 οὐκ
1479 1693 1626 1746 ἔστιν
1661 1694 1776 1748 ἐκεῖ
1803 1695 1961 1767 μέθη,

299 1770 420 1824 οὐδὲ
461 1769 755 1839 ἀδηφαγία.
807 1770 914 1822 Kal
946 1769 1212 1823 δείκνυσιν
1242 1771 1274 1839 ή
1305 1769 1572 1839 τράπεζα,
1614 1771 1708 1824 καὶ
1749 1774 1811 1826 τὸ
1842 1775 1969 1844 τρό-

300 1865 459 1901 παιον
483 1848 544 1901 τὸ
570 1849 656 1900 ἐπ’
688 1849 732 1880 ³⁸
763 1848 898 1918 αὐτῇ
934 1848 1182 1919 ἑστηκὸς.
1226 1849 1292 1901 Ἠ
1324 1849 1432 1920 γάρ
1463 1851 1597 1922 μέθη
1628 1852 1721 1904 καὶ
1762 1853 1795 1922 ὴ
1842 1853 1968 1923 ἀδη-

300 1926 472 1996 φαγία
501 1930 676 1980 κεῖται
706 1927 875 1997 νεκρά
913 1925 999 1979 διὰ
1028 1927 1126 1996 τῆς
1161 1928 1484 1999 ὑδροποσίας
1520 1930 1862 2000 τροπωθεῖσα
1899 1935 1965 1998 ³⁷,

297 2005 360 2058 τὸ
402 2005 678 2073 πολυειδὲς
718 2005 876 2057 τοῦτο
906 2005 999 2056 καὶ
1047 2004 1420 2071 πολυκέφαλον
1455 2006 1663 2078 θηρίον.
1700 2010 1968 2084 Καθάπερ

300 2085 409 2155 γὰρ
431 2086 522 2138 ἐπὶ
553 2086 652 2156 τῆς
693 2084 1164 2156 μυθοποιουμένης
1189 2085 1428 2156 Σκύλλης
1456 2087 1549 2139 καὶ
1573 2085 1799 2158 Ὕδρας,
1827 2089 1968 2144 οὕτω

301 2167 393 2219 καὶ
426 2166 520 2218 ἐπὶ
548 2165 646 2235 τῆς
677 2163 848 2235 μέθης
878 2164 1076 2228 πολλάς
1105 2164 1220 2217 ἔστι
1247 2165 1486 2233 κεφαλὰς
1523 2165 1680 2219 ἰδεῖν⁸
1721 2167 1968 2223 ἐντεῦθεν

301 2243 578 2313 πορνείαν,
633 2241 840 2295 ἐκεῖθεν
887 2241 1075 2313 ὀργὴν,
1127 2241 1348 2295 ἄλλοθεν
1389 2241 1662 2312 βλακείαν,
1707 2246 1969 2319 ἑτέρωθεν

301 2322 510 2393 ἔρωτας
554 2322 788 2385 ἀτόπους
828 2322 1132 2392 φυομένους
1155 2336 1169 2352 ·
1207 2321 1342 2376 ἀλλά
1369 2323 1414 2354 ’⁸
1457 2325 1634 2378 πάντα
1667 2325 1840 2379 ταῦτα
1877 2329 1970 2380 av-

299 2400 520 2472 ῄρηται.
557 2401 816 2470 Καίτοιγε
857 2403 1039 2454 ἐκεῖνα
1081 2401 1256 2455 πάντα
1289 2402 1332 2434 ’⁸
1366 2401 1434 2455 τά
1479 2405 1834 2474 στρατόπεδα,
1868 2407 1970 2462 κᾶν

304 2482 514 2553 μυρίων
548 2481 942 2551 περιγένωνται
972 2481 1244 2552 πολέμων,
1277 2482 1381 2535 ὑπὸ
1409 2482 1614 2537 τούτων
1637 2484 1967 2541 άλίσκονται’

303 2563 398 2640 καὶ
447 2559 570 2613 οὕτε
621 2560 784 2622 ὅπλα,
834 2559 955 2640 οὕτε
993 2560 1210 2628 δόρατα,
1259 2562 1356 2632 οὐχ
1407 2561 1542 2634 ὅπερ
1585 2562 1652 2616 ἂν
1693 2563 1877 2634 ἕτερον
1913 2563 1968 2640 ᾗ,

301 2638 524 2692 δύναται
571 2640 707 2710 πρὸς
747 2639 952 2703 ταύτας
990 2641 1182 2710 στῆναι
1210 2640 1309 2706 τὰς
1339 2641 1657 2711 φάλαγγας·
1708 2645 1823 2698 ἀλλ’
1876 2638 1972 2701 αὖ-

301 2718 428 2782 τοὺς
463 2719 509 2750 ³ο
551 2721 678 2783 τοὺς
705 2719 992 2788 γίγαντας,
1031 2721 1157 2784 τοὺς
1199 2721 1478 2792 ἀριστέας,
1535 2724 1662 2787 τοὺς
1700 2724 1770 2778 τά
1805 2727 1972 2796 μυρία

301 2798 794 2869 ἀνδραγαθοῦντας,
840 2799 1022 2872 εὕροις
1074 2801 1140 2854 ἂν
1181 2801 1351 2872 χωρὶς
1393 2801 1608 2872 δεσμῶν
1657 2805 1972 2875 δεδεμένους

305 2875 458 2958 ὕπνῳ
481 2881 575 2932 καὶ
604 2879 760 2951 μέθῃ,
801 2882 968 2953 χωρὶς
999 2881 1210 2952 σφαγῆς
1232 2881 1325 2934 καὶ
1344 2884 1692 2953 τραυμάτων,
1721 2885 1970 2958 καθάπερ

304 2957 428 3021 τοὺς
459 2960 1060 3030 τετραυματισμένους,
1104 2960 1408 3029 κειμένους,
1448 2962 1649 3031 μᾶλλον
1697 2963 1754 3016 δὲ
1801 2963 1893 3016 καὶ
1923 2957 1966 2996 ³ν¹

305 3039 706 3110 χαλεπώτερον.
755 3041 981 3095 Ἐκεῖνοι
1015 3042 1113 3112 μὲν
1144 3041 1251 3111 γάρ
1283 3041 1384 3094 κᾶν
1433 3044 1755 3114 σπαίρουσιν
1777 3060 1790 3074 ·
1828 3039 1971 3098 οὗτοι

304 3117 361 3171 δὲ
403 3118 526 3171 οὐδὲ
574 3118 753 3181 τοῦτο,
809 3120 925 3174 ἀλλ’
954 3120 1155 3184 εὐθέως
1206 3120 1654 3176 καταπίπτουσιν.
1697 3123 1859 3195 Ὁρᾷς
1891 3124 1971 3176 ὅτι

308 3197 489 3266 μεῖζον
518 3197 678 3250 τοῦτο
707 3199 769 3252 τὸ
809 3199 1169 3270 στρατόπεδον
1208 3199 1301 3252 καὶ
1341 3199 1814 3271 θαυμαστότερον;
1846 3201 1972 3265 τοὺς

303 3275 411 3346 γὰρ
441 3276 664 3330 ἐκείνων
707 3279 1154 3350 περιγινομένους
1204 3278 1248 3311 ³⁸
1297 3278 1591 3349 πολεμίους
1635 3282 1851 3351 ἀναιρεῖ
1893 3280 1972 3351 τῷ

306 3354 527 3426 θελῆσαι
567 3357 743 3426 μόνον.
789 3358 944 3412 Οὕτω
983 3359 1091 3428 γὰρ
1142 3357 1311 3430 αὐτὴν
1361 3359 1564 3428 ἀσθενῆ
1605 3359 1703 3429 τὴν
1761 3361 1972 3432 μητέρα

305 3434 559 3490 ἁπάντων
581 3435 688 3489 τῶν
721 3437 906 3491 κακῶν
940 3437 984 3469 ³¹
1015 3437 1280 3503 ποιοῦσιν,
1317 3438 1392 3500 ὡς
1428 3439 1563 3508 μηδέ
1593 3438 1830 3509 ἐνοχλεῖν
1859 3440 1971 3492 λοι-

304 3514 405 3567 πόν
433 3529 446 3543 ·
500 3514 595 3567 τοῦ
646 3514 704 3568 δὲ
764 3515 1071 3588 στρατηγοῦ
1109 3515 1390 3585 κειμένου,
1447 3519 1540 3569 καὶ
1588 3518 1688 3588 τῆς
1727 3519 1971 3589 κεφαλῆς

302 3593 674 3665 ἀνῃρημένης,
720 3595 814 3648 καὶ
856 3594 918 3648 τὺ
967 3595 1152 3648 λοιπὸν
1197 3594 1356 3666 σῶμα
1392 3595 1673 3666 ἡσυχάζει.
1725 3598 1834 3657 Kal
1871 3597 1970 3668 τὴν

303 3673 462 3745 νίκην
491 3672 695 3744 ταύτην
733 3673 963 3727 ἕκαστον
995 3673 1102 3728 τῶν
1145 3675 1260 3728 ἐκεῖ
1303 3674 1569 3744 μενόντων
1607 3675 1970 3746 ἐργαζόμενον

305 3753 408 3821 ἴδοι
429 3769 513 3816 τις
545 3752 633 3806 ἄν.
666 3753 739 3808 Οὐ
774 3753 882 3822 γὰρ
921 3753 1108 3824 ὥσπερ
1142 3753 1233 3805 ἐπὶ
1267 3752 1468 3805 τούτων
1505 3751 1612 3806 τῶν
1656 3753 1906 3824 πολέμων
1924 3756 1970 3787 ⁸⁴

305 3833 400 3886 ἐὰν
422 3834 510 3901 ὑφ’
543 3833 661 3896 ἐνός
699 3831 847 3905 [692]
874 3851 958 3896 τις
987 3833 1126 3906 λάϐῃ
1156 3831 1389 3904 πληγὴν,
1436 3833 1613 3903 ἐτέρῳ
1648 3832 1832 3888 λοιπὸν
1868 3835 1970 3888 οὐκ

303 3911 421 3966 ἐστι
453 3913 622 3982 βαρὺς
663 3911 992 3966 καταπεσὼν
1035 3914 1210 3978 διπαξ’
1267 3910 1383 3965 ἀλλ’
1416 3910 1629 3982 ἀνάγκη
1672 3911 1881 3974 πάντας
1909 3911 1970 3964 τὸ

303 3990 492 4063 θηρίον
522 3991 682 4045 τοῦτο
709 3992 923 4046 παίειν·
970 3992 1065 4044 καὶ
1098 3993 1126 4044 6
1172 3991 1248 4062 μὴ
1284 3989 1495 4062 πλήξας
1541 3990 1710 4062 αὐτὴν
1752 3990 1818 4058 ³⁸,
1875 3989 1968 4044 καὶ

303 4070 650 4134 καταϐαλὼν,
679 4069 973 4141 ἐνοχλεῖται
1011 4071 1246 4132 πάντως.
1921 4075 1924 4082 ’

373 4147 434 4201 δ’.
475 4146 627 4212 Εἶδες
648 4149 804 4219 νίκην
827 4148 1116 4220 λαμπράν;
1154 4142 1278 4201 Οἷον
1313 4146 1422 4218 γὰρ
1448 4147 1518 4202 τὰ
1543 4146 1880 4219 στρατόπεδα
1901 4147 1968 4201 τά

306 4227 581 4298 πανταχοῦ
611 4230 709 4298 τῆς
738 4227 1060 4298 οἰκουμένης
1083 4225 1220 4297 ὁμοῦ
1247 4225 1575 4280 συνελθόντα
1601 4225 1804 4295 στῆσαι
1839 4227 1967 4298 τρό-

303 4323 462 4366 παιον
485 4307 584 4360 οὐκ
610 4306 782 4378 ίσχύει
811 4307 876 4372 ³⁸,
897 4305 1054 4360 τοῦτο
1084 4305 1312 4371 ἕκαστος
1345 4305 1566 4360 ἐκείνων
1603 4307 1782 4377 ἵστησι
1806 4324 1819 4337 ·
1873 4307 1968 4360 καὶ

305 4387 482 4440 πάντα
501 4388 867 4457 ἀναμέμικται
883 4384 1195 4455 τετρωμένα
1212 4385 1360 4449 ³⁷,πα
1369 4384 1578 4455 ράφορα
1589 4403 1665 4438 πα
1674 4384 1969 4456 ραπληξίας

307 4467 547 4537 ῥήματα,
582 4468 826 4537 νοήματα
859 4467 1080 4536 μανικὰ,
1103 4464 1272 4535 ἀηδὴς
1303 4464 1492 4534 τῦφος,
1530 4465 1707 4518 πάντα
1742 4466 1842 4518 ὅσα
1861 4465 1970 4518 ἀπὸ

307 4544 478 4614 μέθης
497 4543 793 4610 ὁπλίζεται.
822 4545 930 4598 Kal
966 4542 1254 4614 μιμοῦνται
1267 4542 1356 4596 τὸν
1375 4541 1583 4596 ἑαυτῶν
1598 4543 1893 4614 Δεσπότην,
1908 4542 1967 4597 ὃν

302 4625 341 4695 ἡ
364 4624 552 4697 Γραφὴ
597 4623 950 4699 θαυμάζρυσα
984 4623 1168 4691 ἔλεγεν
1190 4640 1204 4653 ·
1247 4624 1341 4676 Ἐκ
1373 4621 1690 4692 χειμάρῤου
1735 4623 1804 4677 ἐν
1849 4624 1967 4690 ὀδῷ

304 4702 532 4758 adstat“
584 4702 684 4757 διὰ
720 4703 895 4757 τοῦτο
934 4701 1166 4770 ὑψώσει
1201 4701 1493 4771 κεφαλήν.
1556 4701 1820 4756 Βούλεσθε
1870 4703 1967 4756 καὶ

303 4781 489 4851 ἕτερον
542 4781 587 4812 ⁸³
624 4781 829 4851 πλῆθος
876 4779 1084 4851 νεκρῶν
1133 4780 1288 4847 ἰδείν;
1318 4781 1545 4849 Ἴδωμεν
1601 4781 1701 4844 τὰς
1751 4783 1816 4834 ἐκ
1867 4783 1966 4853 τῆς

301 4859 515 4930 τρυφῆς
538 4859 852 4930 ἐπιθυμίας,
879 4859 974 4924 τάς
999 4861 1062 4912 ἐκ
1078 4860 1185 4913 τῶν
1212 4860 1501 4930 ὀψοποιῶν,
1524 4861 1634 4914 τῶν
1667 4862 1962 4933 μαγείρων,

301 4936 412 4991 τῶν
462 4938 889 5010 τραπεζοποιῶν,
942 4940 1049 4994 τῶν
1089 4940 1582 5000 πλακουντοποιῶν.
1630 4941 1965 5013 Αἰσχύνομαι

306 5015 406 5084 μὲν
451 5017 560 5088 γάρ
587 5019 767 5072 πάντα
797 5019 1181 5090 διηγούμενος·
1220 5020 1360 5091 πλὴν
1398 5020 1511 5074 ἀλλ’
1545 5021 1692 5091 ὅμως
1721 5021 1829 5092 ἐρῶ
1867 5024 1966 5086 τὰς

303 5093 478 5165 ὄρνεις
500 5096 597 5160 τὰς
618 5098 726 5150 ἀπὸ
756 5097 999 5163 Φάσιδος,
1033 5101 1156 5162 τοὺς
1181 5099 1398 5170 ζωμοῦς
1426 5101 1552 5163 τοὺς
1575 5100 1740 5169 χύδην
1768 5117 1964 5171 μιγνυ-

306 5174 518 5244 μένους,
553 5176 620 5230 τά
656 5177 817 5248 ὑγρὰ,
840 5177 910 5230 τὰ
946 5177 1089 5250 ξηρά
1115 5178 1406 5248 ἐδέσματα,
1453 5181 1576 5243 τοὺς
1601 5181 1727 5251 περὶ
1755 5180 1962 5234 τούτων

375 5269 421 5300 ’³
444 5269 715 5333 ἐναντίους
735 5269 800 5325 G.
840 5269 903 5324 H.
939 5268 1004 5326 K.

1369 309 1434 367 IN
1475 309 1888 368 MATTHIEUM
1929 309 2162 366 IIOMIL.
2199 309 2366 366 LXX.
2407 310 2477 365 al.
2517 308 2699 364 LXXI.

3563 349 3576 361 .
3637 311 3742 366 660

2071 427 2356 496 κειμένους
2381 425 2597 496 νόμους.
2623 422 2893 496 Καθάπερ
2912 423 3020 496 γάρ
3043 441 3162 478 τινα
3192 426 3346 480 πόλιν
3365 425 3641 491 οἰκοῦντες
3674 429 3740 481 ’θ’

2069 507 2164 559 καὶ
2209 504 2546 575 στρατόπεδα
2573 505 2967 567 διατάττοντες,
3003 503 3146 558 οὕτω
3191 506 3283 559 καὶ
3330 499 3501 570 οὗτοι,
3543 505 3604 559 τὸ
3648 509 3742 560 καὶ

2067 583 2129 636 τὸ
2156 583 2391 654 πρῶτον,
2420 585 2515 636 καὶ
2561 583 2622 636 τὸ
2663 584 2756 636 καὶ
2798 583 2858 635 τὸ
2896 583 2942 614 ⁸ο
2971 582 3224 651 ’δεύτερον
3255 585 3603 654 νομοθετοῦσι
3649 589 3744 638 καὶ

2069 661 2486 716 κατατάττουσι.
2519 662 2629 714 Kal
2649 663 2697 714 οί
2730 662 2828 732 μέν
2858 662 3075 732 πρῶτον
3123 663 3164 694 δι
3206 663 3386 734 ὄρνεις
3425 665 3510 717 ἐπ’
3538 663 3743 734 ἀνθρά-

2071 757 2185 792 κων
2233 738 2590 808 ὡπτημένας,
2634 739 2845 793 ἔνδοθεν
2901 736 3328 810 μεμεστωμένας
3391 741 3588 812 ἰχθύων
3626 745 3742 796 είσ-

2068 819 2320 886 άγουσινο
2367 817 2543 887 ἐτεροι
2597 817 2654 869 δὲ
2680 818 2902 872 ἄλλοθεν
2940 819 3008 872 τὰ
3037 820 3299 891 προοίμια
3327 821 3606 877 ποιοῦνται
3633 823 3743 876 τῶν

2070 896 2403 969 παρανόμων
2447 895 2655 950 τούτων
2695 897 2953 951 δείπνων’
2988 900 3084 951 καὶ
3135 899 3338 968 ἅμιλλα
3388 901 3558 974 πολλὴ
3614 903 3743 972 περὶ

2067 976 2293 1038 τούτων,
2349 975 2444 1028 καὶ
2490 974 2632 1046 ὑπὲρ
2685 976 2986 1039 ποιότητος,
3036 976 3130 1028 καὶ
3181 977 3320 1046 ὑπὲρ
3367 977 3595 1043 τάξεως,
3645 980 3742 1033 καὶ

2069 1055 2212 1124 ὑπὲρ
2248 1054 2486 1125 πλήθους
2503 1071 2518 1086 ο
2557 1053 2653 1107 καὶ
2670 1053 3078 1124 φιλοτιμοῦνται
3105 1053 3191 1123 ἐφ’
3211 1050 3293 1119 οἷς
3317 1057 3740 1127 κατορύττεσθαι

2068 1134 2194 1197 ἔδει,
2225 1135 2273 1186 οἱ
2305 1133 2403 1204 μὲν
2430 1133 2513 1185 ὅτι
2546 1132 2805 1203 τὸνῆμισυ
2849 1132 2948 1202 τῆς
2995 1132 3210 1204 ἡμέρας
3250 1135 3553 1201 ἀνάλωσαν,
3601 1137 3652 1189 οἱ
3685 1136 3743 1190 δὲ

2070 1217 2252 1268 πᾶσαν
2298 1213 2490 1284 αὐτὴν,
2514 1213 2564 1265 οἰ
2614 1213 2670 1266 δὲ
2729 1214 2811 1266 ὅτι
2868 1214 2962 1267 καὶ
3012 1215 3112 1284 τὴν
3167 1214 3334 1268 νύκτα
3395 1216 3744 1288 προσέθηκαν

2067 1294 2317 1362 λέγοντες
2361 1309 2374 1322 ·
2420 1293 2526 1345 Ἴδε
2573 1291 2635 1344 τὸ
2689 1291 2907 1364 μέτρον,
2963 1293 3297 1364 ταλαίπωρε,
3328 1294 3430 1364 τῆς
3480 1297 3740 1367 γαστρὸς,

2069 1375 2164 1426 καὶ
2216 1370 2534 1441 αἱσχύνθητι
2585 1370 2678 1442 τὴν
2729 1371 2968 1441 ἄμετρον
3039 1372 3292 1444 σπουδήν.
3380 1373 3523 1428 Ἀλλ’
3591 1375 3743 1428 οὐδὲν

2068 1452 2307 1506 τοιοῦτον
2336 1451 2490 1522 παρὰ
2526 1454 2639 1514 τοῖς
2682 1450 2934 1519 ἀγγέλοις
2975 1453 3236 1516 ἐκείνοις·
3275 1452 3412 1506 ἀλλά
3455 1454 3551 1508 καὶ
3584 1450 3744 1510 αὗται

2070 1535 2240 1586 πᾶσαι
2273 1534 2328 1586 αἱ
2378 1530 2666 1601 ἐπιθυμίαι
2714 1531 2928 1601 νεκραί.
2984 1533 3056 1585 Οὐ
3111 1532 3217 1604 γάρ
3281 1535 3360 1595 εἰς
3427 1534 3744 1606 πλησμονὴν

2071 1613 2165 1664 καὶ
2197 1611 2430 1682 τρυφὴν,
2459 1610 2575 1664 ἀλλ’
2605 1614 2686 1673 εἰς
2719 1611 2908 1680 χρείαν
2938 1610 3120 1674 αὐτοῖς
3147 1614 3200 1664 αἱ
3229 1613 3445 1680 τροφαί.
3471 1615 3585 1665 Οὐκ
3606 1613 3744 1684 ὀρνί-

2071 1691 2179 1744 θων
2229 1691 2345 1743 ἐκεῖ
2388 1689 2637 1762 θηραταὶ,
2666 1690 2786 1743 οὐδὲ
2823 1688 3039 1760 ἰχθύων,
3092 1691 3206 1744 ἀλλ’
3235 1692 3396 1762 ἄρτος
3444 1693 3537 1745 καὶ
3575 1692 3739 1765 ὕδωρ.

2082 1770 2144 1822 Ἦ
2173 1768 2230 1822 δὲ
2255 1766 2515 1839 σύγχυσις
2541 1767 2700 1836 αὕτη,
2737 1767 2830 1820 καὶ
2875 1767 2902 1819 6
2943 1767 3188 1838 θόρυϐος.
3239 1771 3335 1823 καὶ
3378 1771 3433 1822 αἰ
3483 1773 3739 1842 ταραχαὶ,

2070 1849 2250 1902 πάντα
2277 1845 2519 1900 ἐκποδὼν
2558 1847 2784 1909 ἐκεῖθεν,
2814 1847 2908 1899 καὶ
2931 1847 3036 1900 ἀπὸ
3066 1848 3158 1900 τοῦ
3186 1848 3480 1918 δωματίου,
3509 1850 3602 1903 καὶ
3633 1851 3742 1904 ἀπὸ

2068 1928 2159 1982 τοῦ
2205 1927 2474 1998 σώματος,
2523 1925 2618 1978 καὶ
2675 1925 2842 1988 πολὺς
2889 1928 2918 1979 6
2975 1926 3168 1997 λιμήν·
3236 1929 3390 1999 παρὰ
3434 1929 3490 1982 δὲ
3532 1928 3742 1993 τούτοις

2069 2006 2234 2080 πολλὴ
2264 2007 2298 2076 ὴ
2329 2003 2486 2073 ζάλη,
2531 2002 2860 2075 Ἀνάρῤηξον
2903 2004 3000 2056 σὺν
3046 2006 3124 2075 τῷ
3173 2005 3315 2075 λόγῳ
3366 2008 3463 2079 τὴν
3501 2010 3742 2078 γαστέρα

2066 2088 2175 2141 τῶν
2200 2087 2269 2140 τὰ
2288 2085 2512 2139 τοιαῦτα
2542 2087 2894 2154 σιτουμένων,
2927 2084 3021 2137 καὶ
3039 2085 3158 2154 ὄψει
3187 2085 3276 2138 τὸν
3299 2087 3463 2140 πολὺν
3486 2089 3736 2158 φορυτὲν,

2068 2166 2273 2220 καὶτὸν
2304 2165 2612 2236 ἀκάθαρτον
2639 2164 2844 2234 ὀχετὸν,
2893 2163 2988 2217 καὶ
3023 2164 3114 2217 τὸν
3144 2166 3528 2235 κεκονιαμένον
3547 2167 3735 2237 τάφον.

2069 2246 2150 2300 Τὰ
2174 2246 2231 2299 δέ
2261 2246 2398 2314 μετὰ
2423 2246 2593 2298 ταῦτα
2637 2245 2729 2297 καὶ
2779 2245 3104 2314 αἰσχύνομαι
3151 2247 3342 2308 εἰπεῖν,
3393 2247 3489 2308 τὰς
3538 2245 3741 2318 ἐρυγάς

2068 2329 2166 2388 τὰς
2214 2325 2416 2396 ἀηδεῖς,
2449 2326 2574 2387 τοὺς
2614 2325 2860 2392 ἐμέτους,
2911 2323 3008 2386 τὰς
3062 2321 3323 2389 κάτωθεν,
3379 2323 3476 2388 τὰς
3535 2324 3739 2378 ἀνωθεν

2069 2406 2368 2478 ἐκκρίσεις.
2432 2404 2586 2456 Ἀλλά
2644 2404 2739 2457 καὶ
2787 2402 2988 2466 ταύτας
3048 2402 3121 2455 ίθι
3179 2403 3272 2454 καὶ
3331 2403 3491 2472 βλέπε
3538 2403 3740 2475 νεκρὰς

2069 2487 2168 2549 τὰς
2191 2483 2485 2554 ἐπιθυμίας
2512 2483 2646 2546 ἐκεῖ,
2690 2482 2928 2544 καὶτοὺς
2961 2481 3067 2534 ἀπὸ
3107 2481 3310 2534 τούτων
3356 2483 3740 2555 σφοδροτέρους

2071 2565 2282 2636 ἔρωτας
2302 2580 2315 2595 ·
2349 2566 2472 2626 τοὺς
2504 2562 2611 2614 τῶν
2638 2560 2966 2632 ἀφροδισίων
2993 2559 3157 2628 λέγω.
3206 2562 3314 2614 Καὶ
3351 2563 3459 2632 γὰρ
3486 2563 3580 2616 καὶ
3616 2563 3740 2616 τού-

2070 2663 2195 2709 τους
2240 2643 2360 2714 ὄψει
2398 2643 2608 2701 πάντας
2646 2640 3012 2713 ἐρριμμένους
3057 2639 3196 2709 μετὰ
3227 2639 3333 2693 τῶν
3368 2641 3567 2706 ἵππων,
3603 2641 3742 2710 μετὰ

2071 2727 2180 2780 τῶν
2207 2725 2570 2795 σκευοφόρων.
2624 2723 2958 2792 Σκευοφόρος
2986 2720 3094 2791 γὰρ
3125 2721 3218 2774 καὶ
3250 2721 3410 2774 ὅπλον
3439 2723 3532 2776 καὶ
3575 2724 3741 2786 ἵππος

2071 2807 2302 2877 αἰσχρᾶς
2327 2805 2578 2876 πράξεως
2608 2801 2759 2874 ῥῆμά
2785 2803 2932 2854 ἐστιν
2967 2801 3211 2871 αἰσχρόν.
3261 2800 3400 2854 Ἀλλ’
3431 2801 3548 2871 ὄψει
3575 2801 3741 2854 ἵππον

2072 2883 2206 2956 ὁμοῦ
2233 2884 2327 2936 καὶ
2347 2883 2622 2953 ἀναϐάτην
2657 2880 2912 2944 τοιοῦτον,
2948 2880 3042 2934 καὶ
3065 2879 3205 2932 ὅπλα
3229 2879 3491 2949 κείμεναο
3527 2881 3643 2932 ἐκεῖ
3683 2881 3741 2934 δὲ

2073 2962 2380 3016 τούναντίον
2427 2960 2590 3023 ἆπαν,
2630 2959 2722 3013 καὶ
2767 2959 2942 3028 ψυχὰς
2971 2958 3166 3029 νεκρὰς
3203 2959 3535 3030 ἐρριμμένας
3571 2958 3737 3032 [693].

2072 3043 2184 3096 Ούκ
2233 3042 2325 3094 ἐπὶ
2357 3041 2454 3110 τῆς
2503 3039 2780 3111 τραπέζης
2826 3039 2881 3092 δὲ
2929 3039 3152 3110 μόνονή
3205 3039 3326 3110 νίκη
3372 3039 3598 3110 λαμπρὰ
3628 3043 3741 3103 τοῖς

2072 3121 2246 3187 ἁγίοις
2271 3119 2518 3182 ἐκείνοις,
2553 3117 2690 3170 ἀλλὰ
2713 3119 2807 3171 καὶ
2834 3118 2926 3171 ἐπὶ
2953 3118 3059 3170 τῶν
3094 3117 3266 3170 ἄλλων
3290 3134 3304 3147 ο
3343 3119 3435 3170 ἐπὶ
3460 3117 3568 3171 τῶν
3601 3135 3740 3189 χρη-

2075 3199 2281 3270 μάτων,
2334 3199 2426 3250 ἐπὶ
2472 3198 2572 3267 τῆς
2620 3195 2799 3266 δόξης,
2855 3197 2948 3249 ἐπὶ
2989 3195 3086 3266 τῆς
3140 3195 3453 3265 βασκανίας,
3505 3197 3738 3252 ἐπὶτῶν

2071 3277 2391 3349 νοσημάτων
2426 3277 2698 3330 ἁπάντων.
2739 3273 2886 3347 'Apa
2935 3293 3014 3328 σοι
3061 3275 3120 3328 ού
3164 3274 3310 3328 δοκεῖ
3338 3276 3494 3329 τοῦτο
3530 3277 3738 3332 ἐκείνου

2069 3358 2164 3410 τοῦ
2224 3356 2584 3428 στρατοπέδου
2650 3356 2994 3426 ἰσχυρότερον
3047 3351 3210 3418 εἶναι,
3256 3355 3350 3408 καί¹
3403 3357 3435 3427 ἠ
3496 3358 3737 3427 τράπεζα

2075 3435 2296 3505 βελτίων
2321 3455 2337 3502 ;
2367 3437 2474 3489 Kal
2502 3435 2586 3498 τίς
2606 3437 2860 3506 ἁντερεί;
2893 3434 3100 3498 Οὐδεὶς,
3133 3434 3254 3486 οὐδὲ
3282 3434 3461 3488 αὐτῶν
3494 3437 3737 3500 ἐκείνων,

2072 3517 2175 3569 κᾶν
2222 3516 2424 3587 σφόδρα
2460 3515 2778 3585 μαινόμενος
2905 3513 3054 3584 Αὕτη
3090 3513 3187 3583 μὲν
3233 3514 3340 3584 γὰρ
3388 3516 3467 3578 εἰς
3515 3515 3738 3587 οὐρανὸν

2071 3595 2454 3666 παραπέμπει,
2489 3595 2670 3664 ἐκείνη
2725 3595 2781 3648 δὲ
2836 3597 2914 3656 εἰς
2960 3593 3185 3662 γέενναν
3227 3593 3414 3645 ἓλκειο
3466 3595 3668 3664 ταύτην
3710 3595 3738 3647 6

2069 3674 2309 3736 διάϐολος
2353 3673 2711 3734 διατάττεται,
2769 3673 2984 3742 ἐκείνην
3031 3671 3086 3724 δὲ
3137 3671 3166 3722 6
3215 3673 3479 3742 Χριστόςο
3537 3675 3737 3743 ταύτην

2068 3751 2246 3823 τρυφὴ
2294 3753 2572 3823 νομοθετεῖ
2617 3754 2710 3806 καὶ
2764 3751 3050 3812 ἀκολασία,
3087 3749 3299 3819 ἐκείνην
3349 3751 3405 3803 δέ
3453 3751 3736 3822 φιλοσοφία

2071 3831 2162 3883 καὶ
2206 3830 2527 3902 σωφροσύνη
2553 3847 2568 3862 ⁶
2605 3829 2837 3884 ἐνταῦθα
2866 3831 2894 3881 6
2928 3830 3155 3900 Χριστὸς
3193 3831 3570 3901 παραγίνεται,
3620 3833 3736 3885 ἐκεῖ

2067 3909 2125 3962 δέ
2158 3910 2185 3962 6
2210 3909 2471 3973 διάϐολος.
2506 3910 2672 3963 Ἔνθα
2708 3909 2815 3981 γάρ
2847 3908 3010 3979 μέθη,
3045 3908 3324 3970 διάϐολοςο
3369 3909 3497 3964 ἔνθα
3537 3913 3736 3983 αἰσχρὰ

2071 3991 2314 4060 ῥήματα,
2358 3988 2485 4042 ἐνθα
2536 3988 2860 4060 πλησμονὴ,
2935 3989 3053 4042 ἐκεῖ
3111 3988 3361 4059 δαίμονες
3430 3990 3735 4062 χορεύουσι.

2069 4068 2334 4138 Τοιαύτην
2362 4064 2475 4138 εἶχε
2509 4067 2787 4134 τράπεζαν
2813 4069 2842 4120 6
2887 4067 3140 4131 πλούσιος
3172 4068 3375 4134 ἐκεῖνος
3401 4087 3416 4102 ο
3455 4070 3544 4124 διά
3578 4071 3736 4125 τοῦτο

2068 4147 2186 4200 οὕδέ
2209 4147 2464 4214 σταγόνος
2495 4145 2683 4212 ὕδατος
2712 4148 2902 4218 κύριος
2932 4142 3019 4218 ἦν.

2151 4224 2289 4279 Ἀλλ’
2314 4225 2410 4295 οὐχ
2441 4219 2584 4278 οὗτοι
2612 4225 2883 4297 τοιαύτην,
2927 4225 3062 4280 ἀλλὰ
3100 4227 3167 4282 τά
3203 4227 3310 4281 τῶν
3349 4228 3594 4297 ἀγγέλων
3633 4229 3732 4302 ήδη

2074 4305 2384 4378 μελετῶσιν.
2416 4305 2490 4358 Οὐ
2512 4307 2796 4376 γαμοῦσιν,
2832 4307 2952 4360 οὐδὲ
2983 4310 3359 4378 γαμίσκονται,
3388 4309 3507 4362 οὐδὲ
3547 4310 3734 4364 καθεύ-

2067 4386 2246 4439 δουσιν
2280 4386 2468 4456 ἄρδην,
2501 4386 2621 4440 ούδέ
2644 4385 2920 4457 τρυφῶσιν
2946 4402 2958 4416 °
3007 4387 3143 4441 ἀλλὰ
3186 4389 3324 4459 πλὴν
3353 4387 3546 4456 ὀλίγων
3574 4389 3734 4443 τινῶν

2068 4468 2161 4520 καὶ
2189 4465 2468 4536 ἀσώματοι
2494 4465 2767 4533 γεγόνασι.
2815 4466 2911 4530 Τίς
2961 4461 3053 4520 οὖν
3098 4469 3245 4520 ἐστιν
3286 4465 3456 4531 οὕτως
3498 4468 3733 4532 εὐκόλως

2069 4544 2234 4599 νικῶν
2287 4544 2413 4607 τοὺς
2469 4544 2732 4616 ἐχθροὺς,
2779 4544 2855 4608 ὡς
2908 4545 3419 4617 ἀριστοποιούμενος
3472 4547 3732 4616 τρόπαιον

2071 4625 2251 4695 ίστᾷν;
2300 4623 2398 4677 Διά
2425 4623 2580 4677 τοῦτο
2625 4625 2714 4677 καὶ
2742 4625 2770 4676 6
2803 4628 3084 4696 προφήτης
3131 4625 3322 4696 φησίν·
3382 4625 3732 4694 Ἠτοίμασας

2067 4703 2322 4756 ἐνώπιόν
2369 4721 2487 4771 μου
2536 4701 2824 4770 τράπεζαν
2856 4703 3206 4769 ἐξεναντίας
3250 4703 3366 4756 τῶν
3407 4705 3732 4759 θλιϐόντων

2066 4797 2162 4850 με.
2190 4782 2264 4833 Οὐ
2293 4780 2397 4852 γὰρ
2425 4782 2490 4835 ἄν
2514 4799 2600 4842 τις
2632 4782 2864 4852 ἁμάρτοι
2889 4782 2984 4836 καὶ
3016 4783 3143 4854 περὶ
3161 4782 3360 4852 ταύτης
3386 4782 3541 4836 τοῦτο
3560 4783 3731 4838 εἰπὼν

2069 4861 2130 4915 τὸ
2152 4861 2329 4931 λόγιον
2365 4861 2466 4932 τῆς
2499 4862 2792 4934 τραπέζης.
2825 4864 2989 4918 Οὐδὲν
3027 4865 3135 4933 γὰρ
3161 4863 3301 4916 οὕτω
3333 4861 3500 4915 θλίϐει
3530 4863 3726 4934 ψυχὴν,

2069 4942 2145 5006 ὠς
2172 4942 2435 5012 ἐπιθυμία
2456 4941 2672 5005 ἄτοπος,
2701 4944 2792 4995 καὶ
2818 4944 3019 5014 τρυφὴ,
3043 4944 3134 4996 καὶ
3157 4942 3313 5012 μέθη,
3334 4941 3423 4994 καὶ
3442 4941 3510 4995 τὰ
3525 4943 3589 4994 ἐκ
3607 4943 3730 4995 τού-

2071 5039 2176 5075 των
2211 5022 2358 5075 κακά
2377 5038 2392 5051 ⁸
2428 5023 2522 5075 καὶ
2544 5021 2700 5075 τοῦτο
2731 5023 2906 5075 ἴσασιν
2931 5025 2979 5074 οί
3012 5023 3204 5090 πεῖραν
3225 5019 3503 5091 εἰληφότες
3528 5019 3724 5082 καλῶς.

2066 5103 2130 5154 Εἰ
2159 5103 2215 5155 δὲ
2247 5102 2434 5172 μάθοις
2457 5101 2550 5154 καὶ
2572 5102 2734 5154 πόθεν
2765 5103 2901 5172 αὕτη
2933 5101 3298 5170 συλλέγεταιή
3327 5101 3594 5172 τράπεζα,
3634 5100 3728 5154 καὶ

2067 5181 2228 5234 πόθεν
2247 5179 2448 5251 ἐκείνη,
2478 5179 2600 5234 τότε
2621 5180 2741 5250 ὄψει
2757 5181 2933 5244 καλῶς
2959 5180 3221 5250 ἑκατέρας
3242 5180 3303 5232 τὸ
3326 5177 3598 5248 διάφορον.
3627 5177 3724 5230 Πό‹

1103 5271 1150 5302 ’δ
1173 5270 1339 5344 ἀλλὰ]
1361 5271 1455 5344 καί
1487 5269 1568 5344 _(_}.
1597 5270 1669 5344 H._
1688 5271 1752 5325 Κ.
1789 5272 1966 5344 δεικνύ

2070 5271 2158 5344 ιον]
2199 5273 2323 5326 add.
2345 5271 2537 5344 Mysoxg
2554 5273 2627 5344 ’τὸ
2656 5273 2813 5340 λέγον
2846 5272 2973 5344 δον..
2992 5271 3123 5344 Ben.
3185 5272 3247 5344 7“
3279 5270 3528 5344 κείμενον
3553 5268 3622 5344 K_.
3650 5267 3722 5323 M.

303 5339 353 5428 ξς
379 5338 484 5428 ἐπ’]
520 5338 664 5428 ἐνᾷϐ.
687 5339 900 5428 ῌκΜρκ
925 5340 991 5428 :ﬂ
1029 5340 1128 5412 μὲν
1145 5340 1267 5428 γάρ
1392 5339 1578 5428 ΗἎΚ.⁹
1628 5342 1670 5374 ⁸⁷
1694 5343 1966 5428 ἔρωθεῃίσα

2070 5385 2077 5396 -
2116 5338 2655 5428 εἷαυρωεεὲέξιιῶίίξτο
2688 5414 2700 5428 .
2729 5338 2772 5428 ’ἲ
2807 5341 2969 5428 inde]
3013 5338 3408 5428 ιςάινὲνῖαδρξι
3433 5338 3720 5428 Ssx-35'}:

372 5409 548 5482 πάντα
574 5409 727 5465 deest
755 5410 808 5482 i_n_
835 5409 1047 5482 iisdem}
1075 5409 1346 5482 πολέμων]
1365 5409 1656 5482 *πολεμίων
1693 5409 1818 5466 ὃὲιν.
1859 5411 1966 5481 βαρ

2072 5429 2147 5463 ων

1608 5481 1651 5512 ³¹
1687 5476 2140 5553 περιγενομένους
2420 5481 2466 5511 ³³
2493 5481 2588 5553 ἀπ.
2623 5481 2727 5553 τῶν
2863 5481 2971 5553 τῶν
3006 5481 3189 5553 κακῶν
3219 5480 3414 5553 τούτων
3442 5476 3537 5553 ῌΚ.⁸
3566 5477 3718 5553 L._M:

459 5479 701 5552 τούτους.
770 5480 810 5552 '_’
845 5479 963 5552 καί]
985 5481 1108 5535 add.
1134 5477 1416 5552 πσλλῷὈ.

302 5548 472 5623 ἰῃτίιο
499 5547 728 5623 lnterp_._
777 5548 824 5583 ”
846 5547 1115 5623 πολεμίων
1140 5550 1204 5623 G.
1232 5547 1296 5623 Kl
1333 5550 1519 5623 pugnis
1545 5549 1640 5605 Ge.
1669 5619 1680 5623 Α
1720 5547 1966 5623 καύτὴκῂ

2070 5551 2138 5623 ,τό
2253 5551 2318 5623 H_.
2357 5549 2422 5604 K.
2450 5551 2622 5623 αὐτὴν
2649 5552 2753 5623 τὴν
2789 5547 2959 5623 μέθην
3001 5550 3070 5623 Μ.
3101 5549 3235 5623 Mor.

848 5620 892 5652 ³⁷
926 5617 1277 5694 τετρωμένα]
1311 5617 1852 5694 καῖ’τετρωμένα-Ο.
1899 5617 2302 5694 παραπληξίας]
2340 5617 2802 5694 παραπληξίαᾜξ
2829 5617 3022 5694 ἀηδὴς]
3066 5620 3162 5675 καὶ
3193 5619 3362 5694 ἀηδής
3403 5617 3696 5694 Η.-Μ,”κα

300 5617 365 5670 οὐ
396 5616 662 5672 δύνανται
679 5617 751 5677 Μ.

2328 5411 2374 5442 ³⁰
2554 5411 2768 5484 αὐτοὺς]
2807 5409 2994 5484 δίοᾉῧ.
3031 5409 3091 5463 Η.
3231 5410 3416 5484 L._Ge.
3453 5409 3724 5484 [Edepulﬂr

3334 5548 3380 5580 ³⁸
3403 5549 3500 5601 οὑκ
3525 5547 3722 5672 ἰσχύειξ

3335 5636 3361 5672 ς
3403 5617 3470 5670 H.
3513 5618 3582 5672 M.
3625 5636 3696 5671 κα

299 5686 444 5763 ἀηδῆ
496 5686 559 5763 ξ...
591 5690 685 5742 καὶ
722 5691 898 5763 πάντα
926 5686 1304 5763 ’ἀναμέμικτάι
1337 5686 1653 5760 τετρωμένα
1692 5691 1785 5744 καὶ
1818 5686 2112 5763 παράφορα
2143 5686 2529 5763 παραπληξίας
2563 5686 3156 5763 ῤ’ήματαηνοσήματαῖ
3173 5686 3377 5762 μανικά
3418 5688 3512 5763 καὶ
3555 5688 3718 5763 ἀηδῆ,

298 5756 470 5839 τῦφος
502 5756 638 5810 Mor.
667 5760 763 5811 καί⁸
796 5761 972 5813 πάντα
1014 5756 1444 5832 ἀνατέτραπται,
1471 5756 1936 5881 παρακεκομμένα

302 5824 456 5881 Rem
492 5827 616 5881 688.
695 5829 739 5860 ³⁸
766 5829 1027 5881 ἐτέοωθεν
1053 5831 1120 5881 G.
1162 5829 1221 5881 L.
1331 5831 1375 5862 ³ο
1393 5829 1718 5881 διοικουντες
1791 5869 1804 5881 .
1837 5829 1909 5881 Μ.

302 5824 456 5900 Regii
476 5827 616 5900 Δ688.
683 5829 744 5900 _”_
766 5829 1027 5900 ἑτέρωθεν
1053 5831 1143 5900 ϐα
1162 5824 1226 5884 1.ιί
1254 5899 1265 5900 γ
1331 5824 1718 5900 ³⁹λδιοικοῦντες
1837 5829 1909 5900 Μ.

1982 5758 2080 5815 καὶ
2109 5758 2404 5833 παράφορα
2444 5758 2657 5833 (εἱειεέὰ
2686 5774 2745 5816 ul
2775 5762 2938 5833 Mor.)
2958 5758 3102 5833 Sa»:1
3129 5758 3262 5816 Bén.
3291 5773 3412 5831 qua:
3449 5758 3722 5833 leclio_cst

2018 5833 2064 5863 ⁴⁰
2083 5833 2176 5884 καὶ
2190 5827 2256 5884 τὸ
2273 5827 2381 5884 καὶ
2410 5829 2494 5900 τδι
2520 5831 2614 5884 καὶ
2638 5835 2698 5885 τό
2734 5833 2795 5890 L.
2821 5833 2891 5888 M.
2920 5827 3027 5886 καί
3063 5831 3128 5890 Η.
3154 5827 3549 5897 διατάττοντες,
3577 5827 3722 5885 οὕτω

302 5896 368 5950 τὸ
389 5895 713 5978 πρῶτἏέ
725 5895 1335 5983 δεύτεροννομοθετοῦσι
1358 5898 1454 5979 6η
1485 5897 1628 5986 :16
1653 5899 1866 5990 πρῶτον
1889 5899 1963 5959 Ed

2070 5917 2102 5958 ι.
2128 5917 2183 5973 p.
2204 5895 2514 5973 όπτημένας
2552 5902 2616 5959 Κ.
2641 5903 2924 5976 οἰδημένας
2951 5902 3022 5957 Μ.
