4130 6374
254 361 351 418 661

258 479 530 534 Undenam
559 487 686 544 ergo
716 471 830 526 haec
863 467 1163 539 colligitur?
1206 467 1282 522 Ex
1311 466 1559 538 lacrymis
1588 467 1829 518 innume-

253 571 348 632 ris,
377 584 442 622 ex
474 567 746 621 viduarum
779 563 980 632 apoliis,
1012 577 1076 616 ex
1113 561 1280 630 raptis
1306 559 1620 630 pupillorum
1660 557 1827 612 facul-

252 659 454 715 tatibus
481 676 494 712 :
526 657 614 712 illa
644 671 769 712 vero
807 670 874 720 ex
904 654 1061 724 justis
1095 653 1360 708 laboribus
1391 661 1604 722 paratur
1632 667 1645 703 :
1677 651 1828 705 simi-

251 753 424 824 lisque
449 760 531 807 est
558 751 804 805 formosae
839 748 1198 818 speciosreque
1241 743 1484 808 mulieri,
1525 758 1642 813 quae
1681 741 1828 796 nullo

246 846 518 898 exteriore
544 850 661 911 eget
687 849 905 903 ornatu;
945 837 1038 893 Sed
1083 837 1376 892 naturalem
1409 835 1564 888 habet
1596 832 1826 903 pulchri-

251 932 526 997 tudinem;
568 931 659 986 illa
699 945 828 986 vero
863 929 1130 984 meretrici
1157 927 1378 983 deformi
1409 935 1462 981 et
1491 926 1662 996 turpi,
1709 940 1827 994 qum

251 1023 373 1079 fuco
400 1024 567 1078 multo
595 1023 781 1088 utitur,
823 1035 994 1091 neque
1037 1028 1212 1089 potest
1251 1018 1642 1072 deformitatem
1673 1016 1826 1070 obte-

249 1130 405 1186 gere,
434 1114 528 1171 sed
557 1130 663 1185 quo
687 1114 902 1184 propius
931 1111 1184 1166 accedere
1212 1119 1414 1172 tentat,
1445 1124 1510 1164 eo
1539 1109 1706 1178 magis
1736 1123 1822 1162 re-

252 1218 526 1272 movetur;
569 1221 690 1260 nam
729 1215 925 1276 quanto
963 1204 1128 1275 magis
1162 1202 1365 1257 accedit
1391 1201 1454 1254 ad
1485 1209 1782 1254 consortem
1806 1239 1822 1264 ,

251 1309 396 1354 tanto
419 1301 585 1370 magis
612 1300 725 1370 ejus
745 1297 1054 1353 deformitas
1079 1296 1511 1367 deprehenditur.
1539 1294 1616 1349 Ne
1642 1309 1827 1348 ascen-

248 1390 436 1445 dentes
461 1391 710 1445 coiivivas
735 1390 1041 1460 aspexeris,
1088 1387 1183 1443 sed
1224 1386 1564 1452 recedentes,
1611 1394 1665 1439 et
1705 1394 1827 1440 tunc

249 1482 363 1552 ejus
393 1481 772 1552 turpitudinem
813 1479 1035 1535 videbis.
1070 1479 1165 1534 Illa
1195 1493 1322 1533 vero
1346 1477 1445 1531 alia
1465 1518 1481 1543 ,
1511 1476 1672 1531 libera
1701 1491 1822 1530 cum

248 1583 346 1639 stt,
382 1574 514 1628 nihil
551 1574 678 1627 sinit
701 1581 977 1628 consortes
1003 1571 1312 1627 obscaenum
1341 1570 1554 1634 dicere;
1587 1570 1699 1623 hzec
1726 1584 1822 1622 au-

250 1676 354 1720 tem
384 1666 512 1720 nihil
544 1666 822 1720 honestum
843 1707 858 1732 ,
892 1673 1071 1734 utpote
1106 1679 1224 1735 qua:
1251 1664 1501 1718 meretrix
1539 1672 1590 1717 et
1615 1661 1824 1716 infamis

247 1758 337 1810 sit.
394 1756 518 1811 Haec
559 1757 821 1811 consortis
862 1757 941 1809 sui
984 1755 1260 1810 utilitatem
1309 1755 1528 1824 quaerit;
1575 1754 1661 1806 illa
1705 1768 1824 1823 per-

251 1849 442 1902 niciem
487 1847 621 1917 ejus.
673 1847 797 1902 ﬂare
853 1863 956 1901 non
1005 1848 1261 1916 permittit
1301 1845 1568 1900 omendere
1608 1845 1818 1910 Deum;

247 1938 361 1994 haec
401 1955 505 1992 non
547 1940 672 1993 sinit
710 1955 815 1993 non
862 1937 1152 1992 offendere.
1185 1937 1452 1992 Adeamus
1480 1936 1635 2006 igitur
1663 1935 1818 2001 illos;

247 2030 371 2086 inde
390 2032 620 2086 sciemus
644 2041 770 2101 quot
792 2032 958 2085 simus
980 2030 1200 2086 vinculis
1219 2031 1522 2096 constricti;
1551 2030 1671 2084 inde
1695 2030 1823 2084 scie-

249 2139 366 2178 mus
395 2139 632 2177 mensam
657 2140 924 2194 apponere
951 2125 1096 2178 mille
1119 2125 1273 2179 bonis
1297 2124 1526 2194 plenam,
1548 2123 1822 2193 jucundis-

246 2216 462 2281 simam,
494 2215 688 2269 nullius
708 2216 980 2285 impensae.
1005 2215 1377 2279 sollicitudine,
1408 2215 1624 2279 invidia,
1653 2215 1821 2269 livore

1201 348 1264 405 IN
1299 347 1702 404 MATTIIEUM
1741 343 1962 402 IIOMIL.
2007 346 2191 402 LXXI.
2232 348 2302 403 al.
2342 349 2551 405 LXXII.

3401 359 3505 413 66?.

1931 479 2170 530 vacuam,
2201 465 2271 520 ab
2293 467 2436 520 omni
2467 465 2653 520 morbo
2681 466 2922 529 liberam,
2956 468 3090 523 bona
3113 486 3206 539 spe
3236 473 3501 535 refertam,

1932 555 2108 608 multis
2137 564 2380 610 ornatam
2409 557 2641 626 tropteis.
2681 556 2834 612 Nulla
2876 567 2958 612 est
2998 559 3068 615 ibi
3101 561 3262 614 animi
3296 575 3505 631 pertur-

1929 649 2101 716 batio,
2146 667 2252 706 non
2289 652 2499 710 tristitia
2522 653 2558 715 ι,
2601 666 2706 707 non
2747 651 2825 707 ira
2864 653 3086 709 :omnia
3117 657 3502 725 tranquillitas,

1929 748 2106 802 omnia
2132 763 2254 818 pax.
2282 746 2360 803 Ne
2389 747 2515 802 mihi
2541 748 2808 802 silentium
2834 749 3191 804 ministrorum
3225 751 3275 806 in
3308 753 3506 809 mensis

1928 841 2148 896 divitum
2188 854 2481 906 memores,
2523 839 2615 894 sed
2656 841 2939 895 clamorem
2978 842 3315 896 convivarum
3350 861 3364 898 :
3400 857 3504 899 non

1928 931 2073 986 illum
2102 944 2208 1001 quo
2234 942 2416 984 mutuo
2438 939 2676 996 utuntur,
2705 931 2828 986 licet
2849 942 2902 987 et
2921 931 3005 987 hic
3028 933 3278 990 ridiculus
3297 935 3385 998 sit,
3409 935 3504 989 scd

1929 1022 2235 1077 interiorem
2255 1061 2271 1087 ,
2301 1021 2390 1089 qui
2422 1021 2473 1075 in
2502 1021 2682 1076 animo
2702 1065 2716 1087 ,
2755 1024 2844 1092 qui
2885 1038 3126 1092 magnam
3157 1024 3308 1080 affert
3333 1027 3503 1094 capti-

1928 1115 2174 1180 vitatem,
2215 1115 2592 1184 cogitationum
2631 1116 2942 1179 tumultum,
2977 1117 3287 1186 procellam,
3319 1119 3504 1188 caligi-

1929 1223 2071 1272 nem,
2105 1217 2490 1278 tempestatem,
2527 1207 2720 1278 quibus
2747 1209 2923 1262 omnia
2964 1210 3266 1265 minuuntur
3297 1221 3351 1266 et
3382 1229 3502 1280 per-

1928 1302 2235 1367 miscentur,
2281 1309 2335 1354 et
2372 1310 2646 1354 nocturnae
2685 1315 2871 1370 pugnae
2909 1302 3095 1356 similis
3123 1311 3221 1356 est.
3263 1302 3364 1358 Sed
3398 1320 3501 1358 non

1929 1392 2050 1447 talia
2080 1393 2132 1446 iu
2165 1391 2518 1446 tabernaculis
2548 1392 2963 1457 monachorum;
3008 1392 3105 1448 sed
3146 1393 3308 1448 multa
3352 1405 3502 1449 tran-

1925 1485 2187 1556 quillitas,
2217 1484 2368 1555 quies
2398 1487 2584 1539 multa.
2617 1484 2683 1539 Et
2716 1485 2858 1540 illam
2891 1485 3104 1555 quidem
3135 1503 3371 1542 mensam
3410 1505 3503 1543 ex-

1926 1581 2054 1649 cipit
2071 1593 2290 1634 somnus
2312 1579 2470 1634 morti
2495 1578 2702 1642 similis,
2730 1579 3016 1634 hancvero
3036 1579 3331 1649 vigilantia;
3357 1579 3500 1634 illam

1926 1673 2260 1744 supplicium,
2285 1673 2420 1727 hanc
2441 1686 2659 1742 regnum
2680 1671 2930 1726 ctelorum
2951 1683 3006 1727 et
3028 1673 3342 1727 immortalia
3363 1689 3503 1744 phr-

1926 1766 2052 1820 mia.
2084 1761 2232 1819 Illam
2267 1763 2427 1833 igitur
2463 1766 2822 1832 insequamur,
2853 1772 2912 1818 ut
2938 1762 3194 1817 fructibus
3221 1764 3336 1834 ejus
3361 1763 3502 1818 frna-

1927 1873 2046 1911 mur
2074 1875 2088 1910 :
2120 1870 2252 1926 quos
2275 1855 2475 1910 utinam
2506 1871 2692 1910 omnes
2719 1871 3123 1928 consequamur,
3149 1859 3312 1926 gratia
3339 1867 3395 1912 et
3420 1859 3498 1911 lie

1927 1949 2182 2020 nignitate
2222 1949 2430 2003 Domini
2472 1949 2638 2002 nostri
2681 1947 2806 2003 Jesu
2853 1947 3079 2008 Christi.
3121 1950 3207 2003 cui
3247 1949 3410 2019 gloria
3445 1954 3494 2004 el

1926 2041 2203 2111 imperium
2235 2041 2288 2094 in
2316 2039 2508 2096 szecula
2534 2041 2868 2094 surculorum.
2898 2042 3085 2094 Amen.

2046 2211 2066 2244 ί
2091 2210 2221 2261 Tres
2253 2225 2371 2261 mss.
2399 2213 2582 2264 habent
2606 2211 2818 2273 morbus,
2843 2225 2949 2274 pro,
2973 2181 3190 2264 trisiitia.

539 2318 3255 2350 _________________________________________.___

1375 2390 1714 2452 HOMILIA
1747 2391 1978 2454 LXXI.
2023 2387 2108 2452 al.
2153 2385 2411 2447 LXXII.

247 2511 374 2567 Car.
415 2510 504 2565 22.
548 2529 597 2566 v.
638 2513 728 2568 54.
778 2513 1026 2568 Pharisaei
1057 2525 1224 2568 autem
1260 2515 1549 2581 audientes,
1576 2516 1708 2584 quod
1746 2517 1820 2569 si-

323 2604 528 2656 lentium
569 2604 886 2674 imposuisset
919 2605 1252 2670 Sadducreis,
1305 2609 1590 2678 congregati
1618 2616 1734 2662 sunt
1762 2609 1817 2662 in

318 2714 502 2763 unum,
527 2699 615 2754 55.
640 2707 686 2751 et
715 2699 1037 2770 interrogavit
1061 2715 1189 2754 unus
1215 2716 1277 2754 ea:
1315 2699 1442 2770 ipsis
1459 2699 1784 2770 jurisperitus
1804 2743 1820 2768 ,

321 2799 516 2844 tentans
541 2806 676 2857 eum,
708 2802 754 2846 et
799 2790 968 2846 dicens
990 2808 1010 2846 :
1037 2791 1298 2864 Magister,
1344 2792 1477 2862 quod
1500 2801 1574 2848 est
1597 2791 1824 2847 manda—

321 2893 423 2936 tum
451 2901 688 2954 magnum
721 2885 772 2938 in
795 2884 948 2955 lege?

329 2973 378 3027 1.
439 2973 640 3028 ftursus
688 2989 900 3029 causam
947 2975 1098 3045 ponit
1149 2975 1510 3046 evangelista,
1541 2989 1638 3030 cur
1665 2975 1824 3032 silere

253 3075 544 3133 oporteret,
571 3065 779 3120 illorum
808 3081 1018 3136 quoque
1046 3067 1318 3123 audaciam
1348 3067 1580 3123 indidem
1607 3067 1824 3138 signifi-

253 3166 360 3211 cat.
390 3157 507 3225 Quo
549 3159 745 3228 pacto?
768 3159 901 3226 Quia
927 3173 1045 3214 cum
1078 3160 1179 3214 illis
1204 3159 1472 3216 silentium
1519 3159 1822 3229 impositum

255 3249 456 3315 fuisset,
475 3249 527 3304 hi
554 3265 737 3305 rursus
756 3251 1149 3321 aggrediuntur.
1175 3251 1306 3306 Cum
1335 3251 1657 3322 oportuisset
1678 3251 1822 3306 enim

255 3343 378 3398 inde
394 3344 688 3413 quiescere,
705 3344 778 3399 illi
810 3358 995 3399 rursus
1024 3352 1354 3409 concertant,
1377 3354 1432 3399 et
1461 3343 1821 3413 lcgisperitum

254 3445 531 3506 opponunt
564 3453 577 3489 :
604 3453 707 3490 non
750 3436 888 3506 quod
930 3436 1138 3491 discere
1159 3479 1173 3502 ,
1206 3435 1301 3492 sed
1327 3435 1468 3506 quod
1495 3444 1698 3491 tentare
1727 3451 1822 3489 cu-

254 3538 477 3598 perent;
523 3535 577 3583 et
627 3528 957 3597 interrogant
985 3547 998 3583 :
1027 3528 1179 3594 Quod
1229 3530 1322 3583 est“
1360 3527 1663 3582 mandatum
1713 3527 1824 3596 pri-

254 3621 442 3674 mum?
471 3621 603 3688 Quia
639 3621 780 3676 enim
814 3621 1043 3692 primum
1075 3619 1202 3674 illud
1228 3630 1342 3675 erat
1371 3618 1601 3691 :Diliges
1640 3618 1823 3673 Domi-

255 3728 378 3765 num
394 3711 560 3766 Deum
587 3722 747 3779 tuum,
775 3721 1049 3783 sperantes
1075 3711 1221 3767 illum
1244 3727 1428 3768 ansam
1459 3711 1820 3782 praebiturum,

252 3803 566 3873 corrigendo
591 3804 792 3860 scilicet
834 3805 1027 3874 ipsum,
1079 3811 1140 3858 ut
1183 3817 1245 3858 se
1273 3817 1482 3873 quoque
1511 3803 1676 3858 Deum
1705 3817 1826 3858 esse

251 3896 578 3962 ostenderet,
611 3896 689 3952 sic
734 3896 1077 3967 interrogant.
1104 3895 1239 3962 Quid
1279 3911 1406 3967 ergo
1429 3895 1711 3951 Christus?
1754 3893 1826 3951 Ut

255 3986 520 4052 ostendat,
551 4004 652 4057 qua
682 3987 749 4042 de
775 4002 933 4043 causa
961 3988 1224 4052 venerint,
1253 3987 1392 4057 quod
1425 3987 1620 4042 nullam
1665 3985 1827 4042 habe-

252 4087 371 4132 rent
391 4079 686 4141 caritati-m,
712 4079 854 4148 quod
884 4078 1078 4133 invidia
1111 4078 1458 4141 tabescerent,
1492 4077 1633 4148 quod
1660 4079 1826 4134 livore

253 4180 593 4238 caperentur,
626 4170 697 4222 ait
732 4169 856 4225 :37.
904 4169 1097 4240 Diliges
1123 4167 1395 4223 Dominum
1423 4167 1585 4223 Deum
1635 4177 1776 4221 tuum
1806 4183 1824 4220 :

252 4263 341 4318 38.
370 4264 464 4317 hoc
490 4264 706 4334 primum
733 4275 782 4317 et
814 4279 1051 4334 magnum
1075 4273 1146 4316 est
1171 4261 1485 4314 mandatum.
1511 4259 1600 4316 59.
1633 4260 1828 4315 Secun-

252 4357 372 4408 dum
399 4367 566 4408 autem
609 4355 774 4408 simile
799 4355 914 4408 huic
946 4370 965 4408 :
990 4353 1184 4424 Diliges
1212 4355 1495 4424 proximum
1520 4364 1661 4408 tuum
1698 4354 1826 4408 sicut

254 4447 483 4516 teipsum.
509 4447 636 4510 Cur,
660 4445 840 4500 Simile
868 4446 1021 4499 huic?
1050 4445 1181 4511 Quia
1205 4445 1303 4499 hoc
1331 4445 1396 4498 ad
1423 4445 1550 4499 illud
1578 4445 1715 4499 viam
1735 4459 1828 4514 pa-

255 4547 352 4598 rat,
378 4546 432 4590 et
465 4536 531 4589 ah
561 4535 649 4588 illo
695 4550 878 4590 rursus
905 4537 1154 4589 munitur.
1187 4535 1315 4589 Nam
1360 4536 1669 4605 Quicumque
1694 4536 1826 4589 male

251 4628 375 4696 agit,
399 4626 502 4679 odit
528 4625 708 4690 lucem,
743 4635 789 4678 et
826 4642 924 4678 non
946 4626 1074 4678 venit
1100 4626 1167 4678 ad
1198 4626 1358 4680 lucem
1390 4625 1568 4694 (Joan.
1599 4626 1650 4680 5.
1691 4625 1821 4695 ‘20);

251 4727 307 4772 et
333 4733 516 4772 rursus
545 4735 558 4771 :
591 4716 732 4771 Dixit
761 4718 1000 4787 insipiens
1023 4717 1075 4770 in
1097 4717 1249 4771 corde
1269 4733 1397 4771 suo:
1428 4715 1548 4770 Non
1572 4725 1644 4770 est
1683 4713 1823 4770 Deus

253 4811 426 4883 (Psal.
454 4811 544 4866 52.
575 4811 650 4878 1).
705 4810 770 4864 Et
795 4810 921 4878 quid
952 4810 1112 4864 inde?
1142 4810 1377 4878 Corrupti
1403 4823 1518 4864 sunt
1547 4818 1590 4862 et
1627 4808 1821 4862 abomi-

251 4902 441 4957 nabiles
471 4903 591 4971 facti
630 4911 744 4954 sunt
772 4902 822 4953 in
848 4901 1027 4954 studiis
1053 4901 1156 4955 suis
1195 4898 1363 4969 (Psal.
1389 4901 1476 4952 15.
1502 4899 1584 4970 2).
1620 4899 1683 4953 Et
1721 4901 1822 4953 ite-

255 5010 371 5048 rum
401 5012 414 5048 :
442 4991 616 5046 Radix
639 4991 864 5046 omnium
893 4990 1141 5044 malorum
1169 5000 1240 5043 est
1259 4990 1470 5042 auaritia
1495 5030 1509 5050 ,
1537 5006 1687 5058 quam
1708 4991 1823 5059 qui-

251 5089 371 5140 dam
420 5095 708 5155 appetentes
737 5092 1024 5136 erraverunt
1053 5082 1210 5150 aﬁde
1237 5081 1312 5152 (I.
1339 5079 1470 5134 Tim.
1495 5081 1548 5136 6.
1579 5082 1666 5149 I0)
1699 5099 1712 5145 ;
1747 5092 1820 5148 et,

253 5178 351 5244 Qui
377 5177 540 5247 diligit
569 5192 666 5239 me,
689 5175 928 5228 mandata
957 5190 1064 5227 mea
1087 5173 1299 5227 servabit
1323 5173 1341 5244 (
1356 5171 1513 5228 Joan.
1562 5173 1648 5228 II.
1697 5173 1818 5243 15).

252 5270 486 5336 Quorum
512 5269 748 5323 onmium
790 5274 947 5336 caput
974 5274 1057 5320 est
1083 5283 1095 5318 ε
1129 5255 1318 5335 Diliges
1344 5262 1617 5318 Dominum
1663 5263 1823 5318 Deum

253 5370 416 5425 tuum,
447 5369 491 5414 et
540 5361 828 5430 proximum
859 5366 1002 5409 tuum
1028 5355 1156 5408 sicut
1210 5356 1440 5425 teipsum.
1473 5356 1527 5409 Si
1555 5371 1680 5424 ergo
1706 5356 1823 5408 dili-

255 5467 380 5519 gere
403 5451 586 5515 Deum,
611 5449 834 5520 diligere
863 5448 1162 5518 proximum
1190 5458 1272 5500 est
1314 5448 1455 5516 (nam
1484 5448 1587 5502 ait:
1621 5449 1682 5502 Si
1700 5448 1824 5502 dili-

253 5546 328 5616 gis
354 5561 448 5610 ine,
478 5542 643 5608 Petre,
671 5559 817 5612 pasce
839 5557 949 5596 oves
969 5557 1104 5594 meas
1123 5538 1297 5612 [Joan.
1326 5542 1416 5595 2|.
1440 5539 1577 5614 I6]),
1604 5541 1822 5612 diligere

197 5681 201 5685 .
252 5647 430 5696 autem
452 5634 744 5704 proxinuun
776 5633 897 5688 facit
919 5641 978 5686 ut
999 5632 1241 5685 mandata
1271 5633 1553 5698 custodias,
1568 5635 1686 5702 jure
1711 5635 1781 5686 ait
1806 5651 1818 5686 :

252 5729 342 5782 Al).
366 5726 432 5779 In
456 5727 532 5780 his
555 5735 654 5778 tota
680 5726 762 5778 lex
785 5724 962 5794 pendet
984 5731 1030 5775 et
1052 5723 1326 5798 prophetw.
1355 5721 1476 5778 Ideo
1504 5725 1641 5793 quod
1668 5736 1822 5779 antea

259 5818 404 5879 fecit,
470 5818 520 5872 id
573 5826 625 5870 et
669 5830 806 5870 nunc
835 5812 977 5869 facit.
1010 5813 1214 5869 Elenlm
1257 5813 1326 5869 ibi
1370 5815 1722 5887 interrogatus
1758 5816 1824 5872 de

582 5915 852 5977 ΡΑτιιοι..
903 5916 1016 5975 Gn.
1072 5914 1288 5976 LVIII.

1927 2501 2084 2556 modo
2105 2498 2538 2561 resurrectionis,
2563 2497 2735 2566 ipsam
2761 2495 3207 2550 resurrectionem
3234 2492 3488 2560 asseruit,

1926 2594 2078 2667 plura
2100 2593 2300 2646 docens
2325 2604 2489 2659 quam
2512 2587 2688 2643 fuerat
2716 2588 3082 2656 interrogatus
3105 2604 3118 2640 :
3141 2596 3193 2640 et
3218 2586 3303 2639 hic
3322 2585 3488 2639 etiam

1925 2700 1991 2750 de
2019 2693 2190 2764 primo
2218 2692 2593 2761 interrogatus,
2630 2687 2920 2743 secundum
2951 2687 3159 2750 recitat,
3197 2688 3367 2756 primo
3391 2702 3496 2740 non

1925 2785 2147 2840 multum
2194 2782 2408 2836 inferius
2459 2778 2770 2851 (secundum
2812 2777 2954 2832 enim
2998 2787 3102 2843 est,
3132 2787 3186 2833 et
3213 2778 3383 2846 primo
3427 2779 3498 2832 si-

1925 2875 2104 2945 mile),
2131 2873 2476 2930 subindicans
2502 2871 2652 2941 ipsis,
2681 2869 2822 2925 unde
2851 2871 3196 2940 interrogatio
3223 2869 3354 2924 facta
3383 2871 3450 2923 sit
3479 2910 3495 2934 ,

1927 2982 2123 3037 nempe
2163 2983 2228 3022 ex
2273 2964 2574 3020 inimicitia.
2632 2962 2831 3017 Caritas
2882 2963 3022 3017 enim
3083 2979 3184 3015 non
3232 2963 3500 3016 tenuantur

1931 3061 2008 3132 (1.
2039 3058 2156 3114 Cor.
2185 3058 2273 3112 15.
2306 3057 2384 3124 4).
2413 3055 2547 3110 llinc
2584 3068 2644 3109 se
2672 3053 2903 3109 ostendit
2927 3063 2981 3108 et
3006 3053 3108 3122 legi
3137 3064 3192 3108 et
3223 3053 3497 3123 prophetis

1927 3150 2165 3221 obsequi.
2195 3148 2302 3205 Sed
2327 3162 2424 3203 cur
2449 3144 2725 3202 Matthazus
2752 3144 2846 3211 ait,
2876 3145 3047 3214 ipsum
3077 3144 3313 3200 tentandi
3339 3160 3496 3200 causa

1927 3243 2302 3312 interrogasse,
2317 3239 2521 3293 Marcus
2535 3251 2658 3292 vero
2674 3245 2856 3291 contra
2871 3237 2894 3289 ?
2923 3234 3126 3300 Videas,
3145 3235 3332 3306 inquit,
3348 3233 3380 3289 J
3386 3252 3499 3290 esus

1926 3335 2044 3405 quia
2069 3333 2320 3398 sapienter
2347 3329 2702 3401 respondisset,
2735 3327 2854 3380 dicit
2890 3326 3006 3392 illi,
3040 3325 3160 3380 Non
3187 3327 3331 3397 longe
3373 3342 3426 3379 es
3467 3343 3498 3377 a

1926 3444 2079 3500 regno
2097 3425 2189 3481 Dei
2203 3423 2392 3498 (Marc.
2410 3422 2496 3477 12.
2515 3420 2626 3493 54).
2645 3419 2826 3491 Neque
2849 3429 3022 3475 tamen
3050 3419 3384 3481 dissentiunt,
3403 3419 3496 3473 sed

1926 3521 2208 3578 admodum
2239 3533 2473 3575 consona
2501 3517 2703 3572 dicunt.
2723 3515 3078 3586 Interrogavit
3102 3514 3244 3568 enim
3291 3523 3498 3568 tentans

1927 3629 1956 3668 a
1986 3613 2276 3683 principio;
2303 3625 2333 3665 a
2361 3609 2709 3680 responsione
2757 3617 2930 3661 autem
2957 3604 3152 3676 aliquid
3189 3614 3375 3658 nactus
3399 3605 3498 3658 uti-

1927 3705 2111 3771 litatis,
2136 3703 2381 3758 laudatus
2397 3713 2500 3756 eet.
2519 3699 2702 3769 Neque
2718 3699 2859 3754 enim
2892 3697 3043 3752 initio
3064 3696 3233 3766 ipsum
3247 3695 3494 3750 Christus

1927 3795 2162 3850 laudavit
2191 3811 2204 3846 :
2232 3791 2328 3848 sed
2365 3790 2579 3861 quando
2627 3789 2760 3844 dixit
2785 3803 2966 3843 amare
2994 3786 3296 3857 proximum
3328 3785 3499 3854 majus

1928 3901 2050 3942 esse
2072 3899 2230 3955 quam
2260 3882 2566 3937 holocausta
2595 3878 2808 3945 oll'erre,
2843 3889 2965 3933 tunc
2995 3878 3127 3931 dixit
3152 3895 3165 3929 :
3197 3875 3318 3930 Non
3353 3877 3499 3948 longe

1929 3996 1980 4034 es
2004 3996 2036 4033 a
2061 3994 2214 4048 regno
2242 3975 2338 4029 Dei
2349 3965 2376 4029 ἐ
2401 3973 2622 4030 humilia
2649 3972 2790 4027 enim
2821 3982 2875 4026 et
2902 3971 3104 4040 abjeeta
3145 3969 3447 4040 despiciens
3474 4012 3487 4032 ,

1929 4071 2242 4142 principium
2273 4068 2481 4122 virtutis
2524 4065 2754 4136 attingit.
2787 4063 2997 4119 Etenim
3051 4062 3140 4117 illa
3170 4061 3346 4116 omnia
3373 4075 3496 4131 pro~

1931 4175 2046 4236 pter
2074 4163 2174 4217 hoc
2200 4174 2372 4224 erant,
2396 4157 2612 4214 sabbata
2642 4169 2832 4224 nempe
2857 4163 2912 4209 et
2940 4153 3162 4223 reliqua.
3191 4152 3383 4207 Verum
3407 4168 3499 4206 ne-

1927 4271 2031 4327 que
2055 4254 2135 4311 sic
2159 4253 2235 4308 illi
2263 4250 2552 4322 perfectam
2578 4247 2787 4302 laudem
2817 4244 3038 4307 tribuit,
3065 4244 3160 4299 sed
3184 4244 3270 4298 cui
3298 4241 3495 4313 aliquid

1927 4350 2085 4405 desit.
2112 4346 2245 4402 Nam
2269 4359 2388 4401 cum
2413 4342 2628 4408 dicitur,
2660 4339 2782 4394 Non
2812 4341 2961 4408 longe
2985 4353 3058 4402 es,
3084 4336 3384 4391 declaratur
3400 4335 3496 4390 ali-

1926 4444 2052 4514 quid
2081 4443 2254 4497 adhuc
2307 4440 2576 4496 interstitii
2626 4453 2764 4501 esse,
2797 4434 3019 4506 utquod
3072 4435 3250 4489 deﬁcit
3275 4441 3494 4503 qumrat.

1927 4536 2078 4604 Quod
2101 4537 2145 4592 si
2178 4535 2325 4589 illum
2352 4533 2532 4588 laudet
2563 4530 2704 4601 quod
2729 4529 2942 4592 dixerit,
2978 4527 3120 4581 Unus
3147 4538 3218 4580 est
3249 4525 3416 4588 Deus,
3448 4539 3495 4577 et

1929 4639 2107 4699 printer
2136 4643 2248 4681 eum
2287 4642 2386 4678 non
2435 4634 2506 4677 est
2553 4623 2683 4676 alius
2709 4622 2727 4692 (
2751 4619 2884 4673 Ibid.
2913 4635 2958 4671 υ.
2988 4617 3058 4673 52
3081 4620 3121 4686 ),
3141 4632 3209 4672 ne
3237 4615 3444 4670 mireris
3472 4632 3488 4677 ;

1926 4720 2020 4776 sed
2045 4720 2203 4774 etiam
2235 4719 2357 4773 inde
2384 4717 2553 4782 disce,
2585 4715 2852 4786 quomodo
2876 4711 3167 4768 secundum
3195 4709 3496 4779 opinionem

1925 4811 2286 4866 accedentium
2318 4807 2655 4878 reSpondeat.
2689 4805 2801 4860 Etsi
2833 4805 2975 4860 enim
3001 4802 3164 4857 millia
3193 4801 3260 4855 de
3286 4799 3498 4854 Christo

1925 4903 2105 4958 dicant
2127 4901 2296 4972 gloria
2325 4900 2468 4954 illius
2498 4899 2735 4968 indigna,
2773 4896 2824 4951 id
2851 4907 3026 4950 tamen
3053 4895 3232 4948 dicere
3258 4908 3362 4947 non
3397 4907 3494 4945 au-

1927 4993 2162 5057 debunt,
2213 4993 2386 5060 ipsum
2427 4989 2648 5044 omnino
2696 5003 2801 5042 non
2854 5001 2975 5040 csse
3019 4985 3206 5039 Deum.
3235 4983 3343 5038 Cur
3370 4999 3496 5052 ergo

1928 5088 2100 5154 ipsum
2149 5083 2330 5138 laudat
2371 5083 2515 5152 quod
2547 5081 2690 5136 dicat
2718 5089 2914 5152 praeter
2965 5079 3173 5132 Patrem
3222 5091 3326 5131 non
3379 5090 3499 5130 csse

1925 5181 2084 5232 alium
2113 5177 2323 5232 Deum?
2353 5176 2468 5230 Non
2496 5175 2636 5244 quod
2660 5175 2894 5242 seipsum
2935 5187 3040 5226 non
3071 5187 3192 5225 esse
3221 5171 3386 5224 Deum
3421 5171 3497 5221 fa-

1927 5280 2098 5324 teatur
2123 5288 2134 5322 :
2159 5270 2328 5334 absit;
2353 5267 2446 5323 sed
2473 5268 2594 5338 quia
2629 5265 2864 5320 nondum
2920 5274 3131 5334 tempus
3174 5271 3290 5317 erat
3331 5275 3484 5317 reve-

1929 5362 2071 5417 landi
2125 5361 2454 5416 divinitatem
2486 5375 2634 5413 suam
2655 5401 2671 5422 ,
2701 5359 2827 5412 sinit
2866 5372 2986 5411 eum
3019 5356 3070 5409 in
3101 5369 3198 5409 suo
3248 5354 3500 5424 dogmate

1927 5454 2232 5524 persistere,
2272 5461 2328 5506 et
2355 5450 2537 5505 laudat
2557 5464 2676 5503 eum
2718 5448 2856 5517 quod
2886 5459 3063 5502 vetera
3102 5447 3266 5515 probe
3293 5458 3490 5514 cOgno-

1924 5556 2059 5609 seat,
2089 5554 2146 5598 ut
2176 5543 2323 5598 illum
2351 5541 2537 5596 reddat
2573 5540 2820 5595 idoneum
2851 5539 2915 5592 ad
2947 5553 3099 5592 nova:
3126 5537 3259 5607 legis
3302 5534 3498 5590 doctri—

1928 5651 2048 5689 nam
2077 5631 2465 5703 suscipiendam
2491 5671 2506 5695 ,
2535 5646 2632 5685 suo
2679 5639 2917 5700 tempore
2945 5627 3314 5683 inducendam.
3349 5626 3496 5679 Alio-

1926 5725 2052 5796 quin
2078 5740 2204 5780 vero
2232 5723 2363 5779 illud
2391 5763 2406 5787 ,
2442 5721 2587 5778 Unus
2616 5731 2687 5775 est
2737 5723 2905 5787 Deus,
2937 5732 2982 5774 et
3016 5731 3199 5790 printer
3229 5736 3341 5773 eum
3393 5735 3496 5770 non

1935 5835 2006 5874 est
2031 5816 2187 5881 alius,
2217 5823 2271 5872 et
2292 5815 2348 5870 in
2378 5812 2592 5882 Veteri,
2621 5823 2674 5869 et
2704 5813 2918 5884 ubique,
2967 5827 3074 5867 non
3100 5813 3166 5863 ad
3196 5809 3495 5881 negandum

3125 5911 3196 5971 13
