4130 6374
619 346 726 403 663

622 460 817 516 Filium
847 457 1062 521 dicitur,
1089 455 1182 511 sed
1205 456 1270 510 ad
1301 454 1665 511 exclusionem
1686 451 1970 507 idolorum.
2016 447 2197 515 Itaque

621 568 743 605 cum
770 550 917 605 illum
944 548 1014 603 ita
1036 549 1343 617 loquentem
1371 544 1568 617 laudat,
1603 543 1705 597 hoc
1731 549 1876 597 certe
1904 552 2064 594 sensu
2087 537 2202 591 lau-

624 647 734 699 dat.
758 642 963 699 Deinde
986 651 1267 711 postquam
1284 637 1581 709 respondit,
1612 637 1725 706 ipse
1741 647 1949 704 quoque
1976 632 2205 686 interro-

629 747 753 805 gat:
786 736 875 790 42.
908 734 1041 801 Quid
1070 732 1206 786 vobis
1252 733 1443 785 videtur
1488 730 1552 783 de
1588 726 1831 783 Christo?
1884 725 2027 794 cujus
2068 721 2204 790 ﬁlius

626 827 740 881 est?
761 825 943 881 Dicunt
959 825 1024 888 ei,
1046 822 1230 876 David.
1254 822 1382 876 Vide
1401 830 1519 890 post
1543 830 1672 890 quot
1688 816 1941 872 miracula
1961 823 2009 868 et
2033 814 2202 882 signa,

630 928 752 992 post
777 929 905 991 quot
927 917 1395 987 interrogationes,
1423 923 1545 985 post
1570 922 1699 982 quot
1727 916 2039 979 argumenta
2067 920 2197 960 con-

628 1014 825 1071 cordiae
856 1028 966 1068 sua:
986 1027 1107 1066 cum
1141 1011 1316 1074 Patre,
1358 1019 1468 1062 tum
1498 1006 1695 1070 verbis,
1729 1013 1840 1058 tum
1880 1002 2031 1057 factis
2055 1000 2207 1055 exhi-

633 1108 742 1162 bita
764 1148 779 1171 ,
829 1116 883 1160 et
930 1113 1213 1176 postquam
1244 1099 1477 1155 laudavit
1505 1099 1664 1153 istum
1692 1096 1780 1166 qui
1809 1096 2017 1150 dixerat
2044 1107 2205 1147 unum

628 1212 751 1253 esse
776 1196 964 1261 Deum,
997 1204 1125 1248 tunc
1151 1193 1462 1260 interroget,
1483 1203 1550 1242 ne
1567 1188 1745 1241 dicere
1771 1193 2004 1255 possent,
2036 1184 2206 1253 ipsum

571 1299 578 1306 '
637 1288 895 1343 miracula
926 1285 1139 1356 quidem
1163 1282 1374 1348 fecisse,
1398 1281 1491 1336 sed
1518 1280 1624 1349 legi
1660 1278 1986 1333 contrarium
2015 1286 2070 1331 et
2100 1275 2209 1329 Deo

635 1383 908 1437 inimicum
934 1380 1116 1438 fuisse.
1148 1378 1272 1433 Ideo
1293 1386 1413 1446 post
1442 1376 1556 1431 haec
1583 1383 1725 1429 tanta
1760 1373 2073 1442 interrogat,
2102 1383 2211 1424 oc—

638 1476 779 1528 culte
806 1473 926 1527 illos
956 1471 1215 1527 inducens
1244 1480 1303 1525 ut
1354 1484 1413 1525 se
1442 1469 1828 1524 conﬁterentur
1850 1479 1972 1519 esse
2020 1462 2207 1517 Deum.

635 1565 704 1619 Et
745 1564 1034 1635 discipulos
1076 1564 1305 1633 primum
1345 1562 1472 1632 quid
1521 1560 1609 1614 alii
1651 1558 1719 1614 de
1755 1572 1837 1623 se,
1866 1555 2057 1611 deinde
2085 1552 2211 1625 quid

635 1657 734 1726 ipsi
764 1657 1021 1720 dicerent,
1051 1655 1437 1723 interrogavit;
1470 1651 1568 1705 hos
1593 1659 1769 1704 autem
1800 1663 1905 1702 non
1935 1647 2047 1711 sic;
2072 1646 2209 1700 alio-

634 1750 761 1819 quin
789 1749 1045 1803 dixissent
1074 1748 1218 1801 illum
1268 1746 1604 1801 seductorem
1634 1757 1752 1798 esse
1780 1748 1836 1797 et
1864 1739 2161 1809 improbum
2193 1779 2209 1803 ,

635 1843 755 1911 quia
786 1841 1041 1896 audacter
1071 1840 1250 1894 omnia
1276 1839 1543 1895 dicebant.
1583 1836 1812 1907 Ideoque
1835 1835 2069 1905 ipsorum
2086 1846 2211 1888 sen-

640 1932 857 1986 tentiam
890 1931 1129 2001 inquirit.

707 2021 762 2077 2.
792 2021 1015 2077 Christus
1059 2020 1369 2075 divinitatem
1405 2037 1548 2073 suam
1598 2019 1794 2089 probat.
1821 2047 1892 2059 —
1912 2016 2043 2085 Quia
2072 2015 2214 2071 enim

637 2113 701 2167 ad
732 2113 1029 2181 passionem
1062 2112 1173 2181 jam
1213 2112 1383 2165 iturus
1414 2118 1549 2175 erat,
1600 2110 1742 2163 illam
1805 2108 1959 2163 aifert
1988 2106 2214 2178 prophe-

640 2206 765 2259 tiam
793 2246 806 2267 ,
860 2220 979 2274 quae
1032 2204 1206 2274 ipsum
1236 2212 1420 2272 aperte
1464 2201 1741 2256 Dominum
1787 2200 2074 2270 przcdicat;
2108 2214 2212 2252 non

640 2300 757 2352 sine
785 2312 944 2352 causa
974 2338 987 2360 ,
1036 2311 1207 2368 neque
1236 2297 1505 2365 praecipue
1526 2293 1593 2348 ad
1620 2292 1671 2347 id
1702 2307 1760 2347 se
1786 2293 2084 2354 conferens,
2116 2289 2213 2344 sed

642 2406 707 2442 ex
742 2404 899 2443 causa
932 2389 1122 2443 rationi
1154 2396 1533 2441 consentanea.
1572 2384 1703 2439 Cum
1731 2384 1873 2437 enim
1907 2382 2027 2435 illos
2072 2381 2218 2451 prior

644 2482 1061 2550 interrogasset,
1116 2480 1239 2550 quia
1291 2493 1415 2533 vera
1453 2476 1520 2531 de
1563 2490 1623 2531 se
1673 2490 1779 2530 non
1836 2475 2219 2544 responderant

648 2573 792 2640 (nam
834 2587 1023 2642 purum
1053 2570 1327 2625 hominem
1368 2570 1539 2638 ipsum
1568 2582 1688 2622 esse
1712 2564 2001 2635 dixerant),
2034 2564 2217 2619 falsam

642 2665 854 2720 illorum
877 2663 1185 2734 opinionem
1213 2670 1476 2725 evertens,
1506 2660 1588 2717 sic
1625 2658 1876 2713 Davidem
1909 2656 2108 2711 inducit
2132 2654 2217 2709 di-

638 2756 913 2811 vinitatcm
957 2770 1107 2809 suam
1139 2753 1538 2824 praedicantem.
1594 2749 1673 2805 Illi
1703 2763 1930 2819 namque
1964 2747 2219 2819 putabant

642 2849 812 2917 ipsum
840 2861 958 2902 csse
987 2862 1174 2916 purum
1202 2844 1474 2900 hominem
1495 2884 1510 2909 ,
1541 2842 1768 2912 ideoque
1793 2841 2063 2908 dixerunt,
2107 2838 2219 2893 Da-

642 2941 727 2994 vid
757 2956 774 2993 :
798 2938 911 3008 ipse
938 2953 1065 2993 vero
1108 2936 1209 2993 hoc
1236 2936 1529 2992 cmendans
1554 2934 1770 2989 adducit
1793 2933 2128 3004 prephetam,
2165 2939 2221 2986 et

643 3030 923 3084 Dominum
951 3029 1147 3099 ipsum,
1181 3037 1236 3083 et
1270 3041 1583 3098 germanum
1615 3025 1801 3088 lilium,
1834 3032 1888 3079 et
1916 3023 2061 3093 paris
2090 3037 2213 3077 cum

644 3120 799 3174 Patre
832 3119 1052 3174 honoris
1082 3135 1202 3174 esse
1233 3118 1628 3173 testificantem.
1675 3117 1858 3187 Neque
1892 3116 1980 3170 hic
2025 3115 2219 3171 substi-

644 3211 741 3275 tit;
787 3212 880 3265 sed
912 3220 969 3265 ut
995 3210 1116 3265 illos
1151 3218 1399 3276 terreret,
1433 3209 1574 3279 quod
1624 3210 1863 3280 sequitur
1886 3208 2100 3278 adjecit,
2132 3208 2217 3263 di-

641 3316 770 3357 cens
802 3320 814 3355 :
848 3300 1019 3355 Donec
1062 3318 1247 3370 ponam
1300 3301 1531 3355 inimicos
1572 3310 1684 3354 tuos
1720 3300 1991 3355 scabellum
2037 3300 2220 3370 pedum

643 3403 878 3456 tuorum;
922 3403 977 3446 ut
1003 3393 1082 3448 sic
1124 3393 1244 3447 illos
1270 3393 1336 3447 ad
1365 3408 1547 3447 veram
1590 3391 1945 3461 cognitionem
1998 3391 2219 3446 induce-

644 3495 746 3540 ret.
782 3485 855 3540 Ne
882 3500 1009 3540 vero
1030 3484 1275 3540 dicereut
1296 3525 1312 3549 ,
1342 3484 1515 3555 ipsum
1541 3468 1805 3539 adulando
1833 3483 1946 3537 haec
1988 3483 2217 3549 dixisse,

641 3589 695 3632 et
724 3579 861 3634 hanc
888 3580 1208 3634 sententiam
1242 3578 1525 3632 humanam
1572 3594 1689 3632 esse
1710 3618 1724 3643 ,
1758 3576 1877 3631 vide
1897 3576 2023 3646 quid
2051 3576 2214 3632 dicat.

642 3672 733 3726 43.
771 3671 1035 3736 Quomodo
1067 3688 1183 3741 ergo
1211 3668 1380 3723 David
1420 3670 1474 3723 in
1524 3669 1705 3739 spiritu
1736 3678 1877 3721 vocat
1903 3684 2015 3721 eum
2047 3667 2222 3721 Domi-

644 3779 789 3824 unm,
816 3763 987 3816 dicens
1011 3777 1025 3815 :
1052 3763 1144 3815 44.
1168 3760 1313 3815 Dixit
1340 3760 1593 3814 Dominus
1631 3760 1850 3814 Domino
1878 3776 2007 3821 meo,
2033 3758 2167 3814 Sede
2187 3775 2221 3812 a

643 3855 833 3908 dextris
860 3853 1003 3916 meis,
1032 3852 1190 3906 donec
1221 3869 1406 3920 ponam
1446 3852 1675 3905 inimicos
1703 3862 1814 3904 tuos
1837 3850 2107 3904 scabellum
2133 3866 2221 3920 pe-

642 3948 764 3999 dum
795 3956 997 3999 tuorum
1020 3944 1192 4014 (Psal.
1228 3944 1350 4000 109.
1382 3944 1437 4013 1)
1460 3945 1483 3996 ?
1509 3944 1599 3999 45.
1629 3943 1690 3998 Si
1713 3960 1835 4013 ergo
1868 3941 2032 3997 David
2076 3950 2221 3996 vocat

642 4052 755 4089 eum
783 4035 1056 4089 Dominum
1078 4077 1093 4100 ,
1125 4037 1374 4101 quomodo
1400 4035 1541 4099 ﬁlius
1588 4036 1700 4105 ejus
1751 4044 1823 4087 est
1842 4034 1867 4086 ?
1897 4033 2031 4088 Vide
2059 4049 2218 4101 quam

649 4127 925 4182 moderate
951 4129 1267 4182 sententiam
1297 4138 1350 4181 et
1393 4127 1697 4196 opinionem
1727 4127 1794 4181 de
1833 4141 1892 4181 se
1922 4126 2217 4181 habendam

647 4220 880 4275 inducat.
913 4220 1094 4275 Primo
1125 4220 1277 4283 dixit,
1311 4220 1447 4287 Quid
1476 4221 1612 4274 vobis
1642 4220 1883 4275 videtur?
1918 4222 2062 4288 cuius
2079 4221 2215 4289 ﬁlius

648 4310 848 4365 est?ut
896 4327 988 4380 per
1036 4311 1504 4381 interrogationem
1554 4311 1621 4366 ad
1665 4312 2068 4381 responsionem
2097 4313 2216 4369 illos

649 4402 894 4456 adducat.
926 4402 1125 4457 Deinde
1152 4404 1271 4471 quia
1298 4402 1567 4466 dixerant,
1601 4402 1784 4465 David,
1818 4403 1931 4457 haec
1965 4403 2217 4472 loquitur,

643 4493 737 4548 sed
753 4510 936 4549 rursus
965 4496 1337 4565 interrogando
1365 4513 1377 4547 :
1397 4494 1660 4562 Quomodo
1678 4511 1794 4565 ergo
1813 4495 1979 4550 David
1995 4497 2047 4549 in
2062 4496 2219 4565 spiri-

645 4598 699 4639 tu
728 4598 869 4640 vocat
913 4604 1025 4641 eum
1049 4586 1326 4642 Dominum
1346 4589 1372 4643 ?
1401 4603 1465 4642 ne
1483 4589 1685 4643 scilicet
1723 4588 1805 4643 his
1850 4588 2028 4643 verbis
2046 4590 2218 4644 oll'en-

642 4676 855 4731 dantur.
888 4678 1009 4732 Ideo
1030 4693 1133 4732 non
1150 4677 1302 4745 dixit,
1326 4679 1449 4748 quid
1478 4679 1632 4734 vobis
1651 4679 1857 4734 videtur
1873 4680 1938 4735 de
1957 4697 2070 4746 me;
2099 4682 2215 4748 sed,

643 4768 719 4821 De
747 4768 963 4824 Christo.
986 4769 1184 4824 Idcirco
1205 4772 1426 4840 apostoli
1453 4773 1674 4826 remisse
1703 4772 1771 4827 de
1802 4774 2095 4843 patriarcha
2114 4775 2217 4830 Da-

642 4862 762 4917 vide
786 4864 1140 4932 loquebantur
1161 4864 1403 4920 dicentes
1428 4882 1442 4919 :
1475 4865 1645 4919 Liceat
1673 4867 1823 4921 libere
1847 4868 2010 4922 dicere
2032 4870 2094 4923 de
2121 4885 2218 4939 pa-

643 4955 862 5009 triarcha
884 4954 1069 5022 David,
1089 4957 1207 5027 quia
1222 4967 1448 5011 mortuus
1465 4968 1511 5011 et
1539 4958 1761 5029 sepultus
1777 4970 1847 5014 est
1869 4961 2003 5030 (Act.
2027 4960 2084 5015 2.
2101 4961 2215 5033 29).

642 5046 898 5103 Similiter
935 5057 990 5104 et
1032 5049 1164 5119 ipse.
1191 5050 1342 5120 quasi
1373 5050 1748 5120 interrogantis
1773 5063 1827 5107 et
1854 5054 2218 5111 ratiocinantis

644 5154 814 5203 more,
840 5139 1032 5209 dogma
1058 5140 1261 5196 inducit
1292 5140 1508 5197 dicens:
1536 5142 1798 5207 Quomodo
1825 5161 1942 5215 ergo
1980 5143 2146 5200 David
2165 5146 2218 5201 in

644 5233 828 5303 spiritu
867 5244 1010 5287 vocat
1056 5251 1171 5289 eum
1217 5232 1515 5301 Dominum,
1556 5236 1728 5291 dicens
1757 5252 1776 5291 :
1800 5236 1943 5293 Dixit
1970 5237 2217 5294 Dominus

643 5324 864 5380 Domino
887 5342 1017 5393 meo,
1044 5326 1179 5381 Sede
1205 5344 1238 5380 a
1257 5328 1447 5382 dextris
1471 5329 1613 5393 meis,
1650 5328 1808 5383 donec
1836 5346 2020 5401 ponam
2048 5332 2219 5385 inimi-

643 5433 728 5469 cos
758 5425 871 5470 tuos
890 5416 1162 5469 scubellum
1192 5417 1376 5487 pedum
1406 5428 1606 5473 tuorum
1626 5420 1652 5474 ?
1679 5428 1733 5474 et
1752 5436 1985 5487 rursum,
2015 5419 2077 5477 Si
2099 5438 2216 5493 ergo

648 5508 812 5560 David
840 5517 983 5561 vocat
1012 5524 1123 5560 eum
1151 5507 1448 5577 Dominum,
1487 5511 1735 5580 quomodo
1783 5512 1919 5580 ﬁlius
1964 5514 2073 5583 ejus
2095 5522 2167 5567 est
2189 5512 2217 5568 ?

638 5615 745 5654 non
774 5599 914 5669 quod
945 5609 1099 5670 neget
1127 5615 1246 5656 esse
1271 5601 1436 5656 ﬁlium
1467 5602 1706 5669 Davidis;
1730 5603 1868 5659 absit
1892 5620 1907 5671 ;
1939 5620 2046 5661 non
2075 5606 2217 5662 enim

644 5689 855 5744 Petrum
886 5691 984 5747 hac
1010 5692 1076 5747 de
1101 5706 1261 5747 causa
1286 5693 1644 5764 increpasset;
1671 5693 1767 5751 sed
1797 5696 2004 5750 illorum
2030 5711 2216 5752 emen-

644 5781 775 5836 dans
804 5783 1128 5849 opinionem.
1163 5782 1343 5855 Itaque
1372 5784 1584 5855 quando
1609 5785 1758 5855 dicit,
1789 5787 2053 5855 Quomodo
2073 5786 2213 5860 ﬁlius

1398 339 1452 395 S.
1491 336 1766 395 JOANNIS
1800 325 2278 391 CHRYSOSTOMI
2321 327 2635 387 ARCHIEP.
2678 330 3211 389 CONSTANTINOP.

3770 330 3874 387 66b

2309 445 2417 513 ejus
2441 446 2556 499 est?
2577 447 2679 502 hoc
2702 447 2802 502 sibi
2832 448 2945 502 vult
2977 465 2991 502 :
3020 448 3136 502 Non
3163 457 3221 502 ut
3240 462 3333 503 vos
3352 446 3549 503 dicitis.
3581 447 3657 503 Illi
3684 447 3879 518 quippe

2307 535 2589 602 dicebant,
2623 538 2793 607 ipsum
2820 553 2940 594 esse
2969 547 3170 593 tantum
3201 538 3419 593 Davidis
3439 540 3626 603 tilium,
3649 553 3754 594 non
3774 538 3881 593 Do-

2306 628 2531 681 minum.
2567 628 2694 684 Post
2719 630 2937 684 allatum
2975 632 3333 708 testimonium
3381 632 3604 686 remisse
3654 631 3834 702 adjicit
3865 649 3880 687 :

2312 720 2374 774 Si
2397 738 2513 791 ergo
2536 720 2705 775 David
2725 734 2865 776 vorat
2891 741 3001 778 eum
3018 723 3316 791 Dominum,
3338 728 3589 799 quomodo
3609 727 3748 796 ﬁlius
3770 743 3883 798 ejus

2310 814 2417 866 est?
2445 813 2691 869 Attamen
2739 816 2819 870 his
2848 817 3062 884 auditis,
3117 818 3246 873 nihil
3284 820 3708 891 responderunt:
3735 821 3883 875 noleo

2311 901 2441 956 bant
2488 904 2629 959 enim
2672 906 2941 976 quidpiam
2980 920 3398 966 consentaneum
3449 910 3707 968 ediscere.
3738 913 3881 981 Qua-

2314 1003 2530 1062 propter
2560 997 2672 1065 ipse
2720 999 3217 1069 subjungitdieens,
3267 1003 3546 1057 Dominum
3575 1004 3690 1073 ejus
3739 1020 3881 1060 esse.

2315 1086 2426 1141 lmo
2458 1104 2630 1158 neque
2656 1089 2757 1145 hoc
2785 1091 3028 1147 absolute
3052 1093 3205 1158 dixit,
3244 1094 3336 1148 sed
3364 1096 3674 1165 prophetam
3703 1110 3882 1151 secum

2312 1196 2595 1237 assumens
2618 1225 2633 1249 ,
2663 1198 2728 1237 eo
2779 1184 2919 1253 quod
2961 1185 3056 1254 ipsi
3092 1184 3248 1239 fidem
3280 1187 3476 1241 nullam
3525 1186 3779 1241 haberent
3830 1196 3885 1241 et

2314 1273 2452 1326 male
2476 1273 2614 1341 apud
2642 1274 2758 1328 illos
2783 1275 3009 1330 audiret.
3040 1276 3191 1343 Quod
3222 1278 3512 1347 praesertim
3542 1288 3837 1347 spectantes
3866 1318 3884 1342 ,

2315 1365 2524 1420 etiamsi
2565 1365 2689 1435 quid
2722 1366 2918 1421 lmmile
2948 1368 3030 1422 vel
3060 1368 3351 1423 demissum
3384 1369 3451 1423 de
3478 1384 3536 1423 se
3586 1370 3748 1432 dicat,
3779 1385 3883 1422 non

2314 1455 2512 1511 oll'eudi
2564 1466 2825 1526 Oportet:
2876 1458 2990 1514 haec
3040 1462 3183 1515 enim
3231 1475 3389 1514 causa
3440 1470 3494 1515 et
3542 1462 3659 1514 aliae
3710 1461 3887 1514 multat

2318 1558 2491 1615 erant,
2521 1564 2615 1604 cur
2642 1550 2850 1605 illorum
2899 1553 3076 1620 captui
3105 1568 3383 1607 sermones
3412 1569 3539 1608 suos
3569 1564 3887 1621 :Ittelttpeta-

2320 1653 2428 1698 ret.
2463 1643 2587 1699 Ideo
2617 1660 2758 1699 nunc
2787 1659 2883 1714 per
2907 1646 3371 1714 interrogationem
3410 1656 3462 1701 et
3486 1646 3885 1715 responsionem

2317 1734 2565 1805 dogmata
2597 1736 2789 1800 tradit;
2820 1736 2898 1791 sic
2920 1752 3047 1792 vero
3069 1737 3362 1792 subindicat
3383 1738 3690 1809 dignitatem
3713 1754 3884 1794 suam.

2319 1826 2439 1883 Non
2470 1828 2610 1883 enim
2644 1844 2738 1897 par
2781 1840 2897 1884 erat
2937 1830 3119 1886 audire
3153 1830 3457 1887 Iudaeorum
3486 1833 3787 1898 Dominum,
3834 1843 3889 1889 ct

2320 1917 2553 1973 Davidis.
2582 1919 2659 1973 Tu
2694 1936 2820 1975 vero
2845 1921 2975 1976 mihi
3002 1922 3452 1991 opportunitatem
3483 1924 3639 1978 etiam
3669 1939 3889 1993 perpen-

2319 2010 2406 2095 de.
2440 2012 2574 2066 Cum
2603 2012 2742 2067 enim
2770 2014 2921 2079 dicit,
2949 2014 3098 2070 Unus
3126 2026 3209 2070 est
3238 2015 3515 2081 Dominus,
3555 2024 3681 2071 tunc
3733 2026 3787 2071 et
3824 2016 3891 2072 de

2322 2104 2500 2174 seipso
2532 2107 2781 2175 loquitur,
2814 2108 2935 2178 quia
2961 2108 3214 2163 Dominus
3241 2118 3343 2172 est,
3376 2108 3534 2179 idque
3559 2126 3621 2164 ex
3654 2110 3887 2178 prophe-

2322 2197 2412 2260 tia,
2442 2213 2613 2268 neque
2630 2207 2831 2253 tantum
2854 2215 2919 2254 ex
2946 2201 3213 2270 operibus.
3242 2200 3589 2272 Ostenditque
3604 2202 3810 2256 Patrem
3834 2217 3894 2258 se

2322 2289 2391 2344 de
2423 2291 2524 2345 illis
2548 2290 2934 2346 vindicaturum
2963 2307 3103 2355 esse,
3135 2294 3354 2348 dicens:
3384 2291 3553 2347 Donec
3582 2296 3763 2362 penam
3789 2294 3890 2347 ini-

2322 2382 2477 2435 micos
2525 2392 2635 2437 tuos
2678 2384 2950 2438 scubellum
3001 2385 3182 2455 pedum
3209 2396 3450 2452 tuorum;
3495 2387 3711 2441 multam
3765 2386 3889 2443 inde

2325 2484 2631 2530 monstrans
2680 2490 2799 2529 cum
2848 2476 3006 2531 Patre
3035 2477 3372 2532 concordiam
3401 2494 3691 2549 paremque
3719 2477 3888 2533 bono-

2323 2583 2473 2622 rem:
2505 2568 2693 2638 hisque
2734 2568 2912 2623 verbis
2954 2568 3113 2624 ﬁnem
3155 2570 3449 2624 disserendi
3482 2570 3626 2635 fecit,
3656 2570 3793 2640 quod
3832 2579 3886 2625 et

2324 2659 2551 2713 sublime
2580 2669 2631 2713 et
2662 2676 2908 2729 magnum
2938 2670 3052 2714 erat
3073 2703 3088 2725 ,
3142 2671 3450 2732 poteratque
3482 2663 3586 2716 illis
3629 2663 3893 2716 silentium

2324 2752 2618 2821 imponere.
2644 2752 2774 2807 Nam
2805 2763 2860 2807 et
2886 2753 3077 2809 exinde
3105 2763 3402 2820 tacuerunt,
3432 2770 3533 2808 non
3558 2765 3766 2824 sponte,
3801 2754 3896 2809 sed

2324 2844 2465 2915 quod
2493 2845 2628 2899 nihil
2660 2846 2941 2900 dicendum
2972 2856 3279 2916 suppeteret
3309 2863 3323 2901 ε
3352 2858 3407 2902 et
3435 2856 3538 2901 tam
3568 2864 3779 2917 gravem
3796 2863 3897 2901 ex-

2324 2953 2517 3009 cepere
2548 2939 2777 3009 plagam,
2809 2952 2863 2993 ut
2889 2956 2956 2994 ne
2987 2941 3121 2994 ultra
3144 2940 3329 2994 eadem
3357 2940 3570 3009 aggredi
3603 2939 3894 3004 auderent;

2324 3033 2399 3084 ait
2419 3031 2561 3085 enim
2595 3048 2610 3087 :
2641 3032 2729 3085 46.
2759 3029 2951 3084 Nullus
2976 3048 3128 3086 ausus
3154 3041 3227 3085 est
3276 3032 3337 3084 ab
3364 3032 3453 3085 illa
3479 3033 3561 3085 die
3600 3032 3763 3102 ipsum
3812 3048 3896 3084 in-

2327 3135 2602 3194 terroyare.
2663 3124 2795 3179 Illud
2828 3139 2956 3179 vero
2984 3124 3153 3179 turbis
3195 3140 3299 3178 non
3354 3140 3538 3194 parum
3588 3124 3717 3177 utile
3759 3132 3895 3178 erat.

2325 3217 2556 3287 Ideoque
2573 3216 2637 3270 ad
2664 3215 3053 3271 multitudinem
3076 3216 3329 3286 deinceps
3351 3229 3652 3270 sermonem
3677 3229 3899 3270 conver-

2327 3310 2409 3374 tit,
2439 3308 2632 3363 amotis
2660 3307 2821 3378 lupis,
2855 3310 3198 3378 ipsorumque
3225 3306 3429 3362 insidiis
3452 3306 3679 3376 rejectis.

2409 3447 2552 3501 Vana
2575 3447 2741 3518 gloria
2766 3455 2813 3500 et
2838 3464 2902 3502 ea:
2945 3447 3089 3500 malis
3114 3456 3159 3500 et
3196 3462 3259 3500 ea:
3288 3446 3427 3499 bonis
3456 3444 3731 3513 quwritur;
3762 3442 3902 3496 ultra

2332 3540 2486 3592 vitam
2515 3522 2827 3593 extenditur.
2859 3568 2928 3578 —
2954 3538 3033 3593 nu
3064 3538 3207 3592 enim
3238 3536 3369 3590 nihil
3399 3535 3523 3589 hinc
3570 3534 3698 3587 lucri
3730 3532 3903 3603 perci-

2330 3633 2577 3701 piebant,
2608 3646 2743 3686 vana
2766 3631 2931 3703 gloria
2958 3632 3121 3701 capti,
3155 3630 3207 3684 in
3237 3630 3484 3699 huncque
3511 3643 3727 3698 gravem
3759 3640 3904 3680 mor-

2327 3726 2452 3779 bum
2475 3725 2628 3793 lapsi.
2653 3724 2843 3782 Gravis
2867 3724 3008 3779 enim
3039 3732 3094 3779 et
3120 3722 3399 3792 multiceps
3428 3721 3643 3775 morbus
3664 3727 3743 3774 est
3770 3736 3783 3771 :
3808 3718 3906 3774 illo

2326 3818 2469 3870 enim
2496 3816 2637 3872 ducti
2683 3816 2770 3870 alii
2804 3816 3190 3886 principatum,
3236 3814 3324 3868 alii
3379 3813 3649 3884 pecunias,
3675 3810 3758 3864 alii
3799 3824 3904 3881 po-

2326 3910 2545 3963 tentiam
2589 3918 2787 3963 amant.
2823 3908 3144 3977 Progressus
3194 3915 3370 3960 autem
3426 3905 3644 3959 morbus
3684 3903 3804 3968 ille,
3833 3901 3903 3956 ad

2327 4003 2722 4072 eleemosynam
2746 4016 2914 4068 usque
2940 4000 3106 4065 venit,
3148 3997 3430 4067 jejunium,
3487 3995 3817 4064 precationes
3844 4002 3906 4047 et

2325 4094 2663 4158 doctrinam;
2699 4093 2981 4162 'multaque
3025 4100 3149 4145 sunt
3198 4089 3352 4158 hujus
3400 4089 3524 4143 forte
3569 4088 3758 4157 capita.
3791 4085 3902 4140 Sed

2325 4187 2466 4257 quod
2489 4187 2555 4241 de
2576 4187 2694 4240 aliis
2723 4201 2914 4240 vanam
2941 4185 3161 4256 gloriam
3198 4192 3527 4252 aucupentur
3550 4222 3564 4247 ,
3613 4179 3743 4234 nihil
3792 4178 3904 4232 mi-

2327 4296 2482 4346 rum;
2509 4279 2651 4350 quod
2673 4288 2847 4333 autem
2874 4278 2941 4332 de
2962 4276 3161 4347 jejunio
3186 4284 3240 4330 et
3262 4276 3328 4330 de
3355 4273 3616 4337 oratione,
3650 4272 3749 4326 hoc
3769 4285 3905 4325 sane

2325 4373 2640 4443 stupendum
2655 4381 2709 4426 et
2735 4372 2981 4443 lacrymis
2994 4371 3206 4439 dignum
3224 4378 3324 4423 est.
3349 4367 3452 4423 Sed
3473 4382 3537 4421 ne
3559 4365 3902 4419 criminemur

2327 4478 2529 4523 tantum
2556 4509 2569 4533 ,
2613 4481 2729 4536 age,
2763 4466 2977 4520 modum
3020 4463 3135 4531 ejus
3163 4461 3395 4530 fugiendi
3441 4459 3607 4514 morbi
3638 4458 3899 4511 dicamus.

2324 4560 2469 4628 Quos
2494 4575 2621 4631 ergo
2646 4559 2819 4629 primo
2845 4554 3250 4627 aggrediemur?
3274 4570 3340 4607 an
3369 4568 3460 4608 eos
3483 4552 3570 4623 qui
3589 4551 3656 4606 de
3675 4548 3900 4616 divitiis,

2327 4654 2411 4707 vel
2436 4652 2502 4707 de
2529 4651 2862 4706 vestimentis
2885 4648 3217 4721 gloriantur?
3248 4664 3313 4701 an
3343 4660 3437 4701 eos
3466 4645 3556 4715 qui
3585 4645 3652 4698 de
3701 4642 3906 4712 princi-

2326 4758 2449 4816 patu
2472 4747 2496 4799 ?
2524 4745 2612 4800 vel
2640 4759 2735 4798 eos
2755 4743 2845 4812 qui
2871 4743 2936 4796 de
2961 4740 3207 4796 doctrina
3233 4781 3248 4804 ,
3298 4739 3380 4791 vel
3409 4739 3497 4807 qui
3528 4738 3595 4790 de
3625 4748 3852 4804 corpore
3883 4774 3900 4799 ,

2327 4840 2409 4894 vel
2432 4839 2498 4894 de
2522 4838 2746 4903 artibus,
2772 4836 2853 4891 vel
2880 4836 2945 4890 de
2971 4834 3162 4901 forma,
3194 4835 3275 4888 vel
3305 4833 3373 4887 de
3398 4828 3763 4885 ornamentis?
3814 4828 3903 4882 vel

2325 4932 2412 5000 qui
2460 4932 2527 4987 de
2552 4930 2871 4986 crudelitate
2897 4971 2912 4995 ,
2944 4929 3026 4983 vel
3074 4929 3163 4998 qni
3212 4926 3279 4981 de
3334 4925 3680 4994 benignitate,
3708 4922 3791 4977 vel
3830 4922 3905 4975 de

2324 5022 2705 5094 eleemosyna?
2738 5020 2820 5076 vel
2864 5020 2952 5089 qui
2978 5019 3046 5073 de
3075 5016 3327 5087 nequitia,
3359 5015 3443 5070 vel
3465 5014 3552 5084 qui
3571 5014 3638 5067 de
3681 5022 3850 5066 morte
3878 5011 3906 5065 2

2324 5115 2406 5169 vel
2455 5114 2544 5183 qui
2584 5115 2743 5168 etiam
2787 5119 2908 5182 post
2944 5104 3169 5165 mor’tem
3198 5124 3345 5161 vanae
3397 5106 3582 5176 gloriae
3610 5104 3738 5158 dant
3772 5118 3906 5170 ope-

2323 5207 2477 5260 ram?
2510 5204 2697 5261 Multas
2723 5205 2863 5259 enim
2886 5243 2901 5269 ,
2930 5211 2988 5258 ut
3013 5201 3144 5267 dixi,
3180 5200 3265 5254 hic
3293 5197 3512 5253 morbus
3535 5193 3907 5265 complicatio—

2326 5316 2421 5354 nes
2449 5298 2628 5361 habet,
2659 5298 2924 5366 etiamque
2968 5294 3105 5348 ultra
3154 5292 3315 5347 vitam
3349 5299 3583 5346 nostram
3626 5284 3907 5357 progredi-

2328 5404 2429 5447 tur.
2476 5391 2605 5445 Nam
2638 5390 2794 5459 vulgo
2817 5387 3033 5454 dicitur,
3060 5386 3154 5440 Ille
3182 5384 3392 5455 quidam
3420 5391 3659 5436 mortuus
3684 5388 3765 5434 est
3798 5394 3814 5434 :
3844 5389 3909 5433 et

2325 5498 2382 5540 ut
2405 5484 2737 5539 admirationi
2764 5491 2923 5547 esset,
2961 5481 3073 5534 haec
3095 5488 3149 5533 et
3170 5478 3258 5532 illa
3309 5477 3420 5531 fieri
3446 5475 3641 5546 jussit:
3672 5472 3905 5541 ideoque

2327 5580 2413 5634 ille
2444 5593 2677 5649 pauper,
2709 5575 2802 5630 ille
2828 5575 2977 5629 dives
3010 5582 3112 5628 est.
3154 5571 3284 5626 Nam
3314 5570 3456 5638 quod
3497 5567 3746 5624 acerbum
3773 5575 3896 5632 est,

2325 5691 2388 5731 ex
2418 5671 2700 5728 contrariis
2727 5672 2839 5725 haec
2859 5668 2970 5725 fera
2994 5674 3221 5723 constat.

2397 5792 2452 5846 ὅ.
2474 5785 2662 5844 Contra
2698 5802 2781 5841 eos
2816 5783 2901 5854 qui
2930 5782 3292 5852 elemosynam
3328 5781 3451 5833 dant
3497 5776 3565 5832 ad
3610 5773 3908 5855 ostentatio—
