4154 6370
268 350 376 407 663

275 464 487 533 Παλαιᾷ
514 461 608 516 καὶ
636 459 933 530 πανταχοῦ.
956 459 1016 512 οὑ
1054 457 1187 528 πρὸς
1217 455 1471 524 ἀθέτησιν
1494 453 1587 508 τοῦ
1620 453 1774 513 Υίού,
1802 452 1936 506 ἀλλά

275 543 413 614 πρὸς
461 539 866 608 ἀντιδιαστολὴν
919 538 1136 608 εἴρηται
1180 536 1288 590 τῶν
1341 535 1595 588 είδῶλων.
1640 535 1802 585 Ὥστε
1845 533 1938 614 καὶ

275 611 460 676 τοῦτον
488 619 724 674 ἐπαινῶν
754 617 926 682 οὑτως
952 617 1229 688 εἰρηκότα,
1263 615 1437 687 ταύτῃ
1465 615 1676 668 ἐπαινεῖ
1699 616 1764 684 τῇ
1796 611 1936 680 γνώ-

279 717 376 771 μῃ.
434 694 566 752 Εἶτα
619 699 808 766 ἐπειδὴ
863 696 1166 766 ἀπεκρίθη,
1200 695 1293 748 καὶ
1339 695 1636 763 ἁντερωτᾷ·
1688 693 1750 771 Τί
1799 690 1939 759 ὑμῖν

276 769 445 832 δοκεῖ
471 777 603 846 περὶ
644 776 750 831 τοῦ
786 775 1074 844 Χριστοῦ;
1104 775 1264 838 τίνος
1292 774 1421 837 υἱός
1445 773 1611 833 ἐστι;
1646 769 1940 838 Λέγουσιν

277 859 456 924 αὐτῷ,
481 859 592 913 Τοῦ
612 857 810 912 Δαυΐδ.
833 857 975 926 Ὅρα
1008 855 1144 926 μετὰ
1172 853 1311 906 πόσα
1337 851 1608 920 θαύματα,
1637 850 1772 920 μετά
1801 849 1941 902 πόσα

280 944 498 1011 σημεῖα.
549 937 684 1010 μετὰ
713 937 886 998 πόσας
931 935 1257 1006 ἐρωτήσεις,
1302 930 1437 1011 μετά
1479 929 1661 1011 πόσην
1686 927 1940 1011 ἐπίδειξιν

276 1008 529 1089 ὁμονοίας
552 1008 653 1087 τῆς
681 1015 817 1086 πρὸς
865 1013 955 1066 τὸν
1002 1012 1238 1081 Πατέρα,
1273 1010 1450 1089 τὴνλτο
1479 1008 1569 1089 διδι
1603 1009 1810 1076 λόγων,
1835 1009 1940 1089 ’τὴν

277 1087 344 1153 δι’
391 1099 600 1169 ἔργων,
645 1095 784 1166 μετά
814 1093 874 1145 τὸ
905 1093 950 1123 ⁷⁸
985 1091 1266 1144 ἐπαινέσαι
1302 1087 1502 1169 τού-τον-
1527 1087 1617 1169 τὸν
1660 1087 1936 1169 εἰρηκότα,

279 1181 361 1233 ὃτι
390 1166 496 1243 Εἷς
515 1177 685 1229 ἐστιν
721 1176 754 1228 ό
789 1172 952 1238 Θεὸς,
991 1172 1202 1241 ἐρωτᾷ·
1239 1170 1324 1221 ἵνα
1357 1166 1504 1239 [696]
1542 1167 1616 1238 μὴ
1656 1166 1819 1236 έχωσι
1853 1166 1940 1219 λέ-

279 1275 420 1327 γειν,
452 1257 534 1309 ὅτι
557 1253 668 1307 Θαύ
679 1270 822 1324 ματα
847 1255 943 1322 μὲν
973 1250 1218 1320 ἐποίησε,
1239 1247 1317 1318 τῷ
1335 1249 1483 1318 νόμῳ
1503 1246 1560 1299 δὲ
1587 1245 1827 1327 ἐναντίος
1848 1247 1942 1298 καὶ

278 1325 357 1408 τῷ
391 1336 508 1406 Θεῷ
536 1334 795 1403 πολέμιος
832 1329 918 1402 ῆν.
950 1330 1049 1384 Διά
1083 1329 1239 1383 10610
1271 1327 1410 1399 μετά
1439 1327 1674 1408 τοσαῦτα
1700 1325 1873 1408 ταῦτα
1887 1327 1940 1408 _"'

281 1405 493 1488 ἐρωτᾷ,
529 1413 899 1475 λανθανόντως
951 1411 1158 1479 ἐνάγων
1209 1409 1404 1471 αὐτοὺς
1447 1409 1526 1488 είς
1551 1407 1613 1460 τὸ
1653 1408 1747 1488 καὶ
1783 1405 1942 1488 αὑτδν

279 1485 608 1565 ὁμολογῆσαι
639 1493 791 1547 Θεόν.
834 1492 943 1544 Kal
970 1492 1096 1553 τοὺς
1139 1490 1236 1560 μὲν
1273 1487 1520 1559 μαθητάς
1552 1486 1765 1558 πρῶτον
1799 1485 1946 1557 ἡρώ-

279 1591 431 1644 τησε,
464 1573 518 1624 τί
549 1575 598 1625 οί
639 1570 787 1624 ἄλλοι
819 1570 1054 1638 λέγουσι,
1084 1568 1182 1621 καὶ
1211 1568 1330 1644 τότε
1367 1565 1596 1629 αὑτούς·
1637 1565 1859 1628 τούτους
1885 1565 1943 1618 δὲ

281 1643 378 1722 οὑχ
400 1652 570 1715 οὑτως
591 1668 604 1681 ·
633 1646 670 1722 ἦ
700 1650 808 1720 γὰρ
834 1648 899 1701 ἂν
929 1649 1023 1701 καὶ
1049 1647 1246 1700 πλάνον
1277 1643 1429 1698 εἷπον
1453 1645 1549 1698 καὶ
1570 1645 1824 1715 πονηρὸν,
1846 1643 1942 1696 ἆτε

281 1732 455 1795 ἀδεῶς
497 1733 714 1785 ἅπαντα
751 1728 1126 1798 φθεγγόμενοι.
1183 1724 1282 1778 Διά
1315 1724 1380 1795 δὴ
1405 1723 1564 1777 τοῦτο
1604 1722 1706 1794 τὴν
1757 1723 1934 1775 αὑτῶν

284 1811 507 1864 ἐκείνων
528 1810 708 1879 ψῆφον
737 1807 997 1874 ἐξετάζει.

358 1890 422 1960 β’.
465 1887 681 1959 Ἐπειδὴ
705 1886 812 1958 7&9
842 1885 977 1957 πρὸς
1003 1885 1063 1938 τὸ
1107 1883 1277 1947 πάθος
1305 1881 1528 1954 ἔμελλεν
1565 1881 1702 1936 ίέναι
1735 1881 1940 1948 λοιπὸν,

283 1969 462 2038 τίθησι
481 1968 580 2039 τὴν
605 1965 790 2036 σαφῶς
815 1964 1014 2036 Κύριον
1043 1963 1204 2018 αὑτὸν
1226 1961 1701 2033 ἀνακηρύττουσαν
1734 1978 1944 2039 προφηο

285 2049 472 2113 τείαν,
509 2038 624 2100 ἀλλ’
660 2045 758 2116 οὑχ
802 2043 1013 2105 ἀπλῶς,
1050 2041 1170 2094 οὑδὲ
1206 2041 1631 2112 προηγουμένως
1662 2040 1753 2093 ἐπὶ
1789 2038 1944 2094 τοῦτο

289 2125 480 2192 ἐλθὼν,
513 2125 626 2178 ἀλλ’
655 2123 763 2177 ἀπὸ
789 2122 964 2184 αἰτίας
987 2118 1230 2188 εὐλόγου.
1267 2121 1584 2192 Ἐρωτήσας
1613 2119 1721 2190 γὰρ
1749 2120 1946 2182 αὐτοὺς

288 2205 573 2276 πρότερος,
597 2203 786 2275 ἐπειδὴ
813 2204 913 2256 οὑκ
943 2201 1305 2276 ἀπεκρίναντο
1325 2201 1533 2270 τάληθῆ
1551 2201 1597 2233 ⁸⁷³
1627 2201 1755 2272 περὶ
1781 2197 1943 2252 αὑτοῦ

289 2275 606 2358 (ἄνθρωπον
643 2282 750 2355 γὰρ
782 2281 944 2334 αὑτὸν
974 2279 1178 2349 ἔφησαν
1213 2275 1354 2333 εἶναι
1387 2278 1594 2349 ψιλὸν),
1627 2278 1946 2358 ἀνατρέπων

285 2365 387 2435 τὴν
429 2356 861 2433 πεπλανημένην
914 2360 1092 2412 αὐτῶν
1133 2358 1324 2424 δόξαν,
1383 2357 1555 2421 οὑτως
1587 2356 1798 2424 εἰσάγει
1856 2357 1947 2409 τὸν

286 2443 468 2507 Δαυῒδ,
504 2441 942 2513 ἀνακηρύττοντα
976 2438 1141 2492 αὑτοῦ
1166 2439 1264 2510 τὴν
1305 2437 1550 2513 θεότητα.
1584 2436 1808 2488 Ἐκεῖνοι
1848 2436 1946 2506 μὲν

288 2523 397 2592 γὰρ
430 2511 696 2590 ἐνόμιζον,
721 2520 800 2572 ὅτι
839 2519 992 2588 ψιλὸς
1034 2517 1320 2588 ἄνθρωπος
1356 2511 1454 2586 ἦν,
1489 2515 1570 2568 διὸ
1612 2516 1705 2569 καὶ
1739 2514 1943 2584 ελεγον,

287 2601 393 2655 Τοῦ
427 2600 620 2654 Δαυῖδ·
677 2597 836 2661 αὐτὸς
865 2599 920 2651 δὲ
963 2597 1121 2652 τοῦτο
1147 2594 1524 2666 διορθούμενος
1577 2595 1814 2664 παράγει
1857 2595 1948 2648 τὸν

287 2682 575 2751 προφήτην
593 2718 608 2740 ,
637 2677 733 2730 καὶ
763 2677 860 2748 τὴν
901 2677 1202 2749 κυριότητα
1249 2672 1412 2727 αὑτοῦ
1437 2715 1452 2738 ,
1489 2674 1582 2726 καὶ
1635 2673 1695 2726 τὺ
1725 2675 1948 2744 γνήσιον

287 2761 383 2830 τῆς
403 2759 647 2830 υίότητος
663 2757 731 2821 ⁷⁸,
745 2759 836 2810 καὶ
865 2756 926 2810 τδ
945 2757 1202 2826 ὁμότιμον
1223 2754 1284 2806 τὸ
1304 2755 1438 2824 πρὸς
1449 2753 1540 2807 τὸν
1567 2752 1780 2826 Πατέρα
1807 2771 1946 2824 μαρ-

286 2838 572 2912 τυροῦντα.
621 2837 732 2888 Kal
773 2836 891 2889 οὐδὲ
939 2835 1100 2906 μέχρι
1140 2833 1329 2887 τούτου
1364 2833 1616 2912 ῖσταται·
1661 2831 1779 2912 an:
1807 2831 1948 2912 ὥστε

289 2909 384 2970 xal
411 2917 646 2987 φοϐῆσαι
685 2915 780 2968 καὶ
826 2915 886 2967 τὸ
923 2913 1050 2984 ἑξῆς
1083 2912 1277 2981 ἐπάγει
1319 2909 1519 2979 λέγων·
1557 2911 1709 2976 Ἕως
1750 2909 1827 2964 ἂν
1867 2910 1949 2966 θῶ

220 3033 230 3042 .
287 2997 429 3064 τοὺς
447 2995 698 3067 ἐχθρούς
717 3011 831 3049 σου
851 2994 1182 3048 ὑποπόδιον
1202 2991 1319 3046 τῶν
1341 2990 1540 3045 ποδῶν
1563 3007 1677 3045 σου
1696 3009 1710 3022 ·
1735 2991 1823 3044 ἵνα
1848 2991 1950 3045 κᾶν

287 3078 456 3139 οὕτως
489 3077 683 3138 αὑτοὺς
703 3074 1067 3144 ἐπαγάγηται.
1102 3073 1209 3125 Kal
1232 3073 1318 3126 ἵνα
1349 3072 1422 3142 μὴ
1457 3070 1709 3138 λέγωσιν,
1743 3071 1827 3123 ὅτι
1857 3087 1951 3123 κο-

289 3155 533 3210 λακεύων
561 3156 719 3210 αὑτὸν
757 3154 926 3216 οὑτως
960 3152 1203 3218 ἐκάλεσε,
1237 3151 1330 3205 καὶ
1367 3148 1677 3220 ἀνθρωπίνη
1714 3151 1748 3220 ἡ
1775 3147 1950 3218 ψῆφος

289 3237 450 3307 αὕτη,
471 3237 571 3307 ὅρα
590 3236 642 3288 τί
669 3250 820 3304 φησι·
840 3233 969 3298 Πῶς
989 3227 1103 3287 οὖν
1122 3231 1302 3284 Δαυῒδ
1327 3231 1396 3282 ἐν
1421 3229 1716 3298 Πνεύματι
1739 3229 1954 3295 Κύριον

288 3317 477 3372 αὑτὸν
507 3315 680 3369 καλεῖ
695 3315 776 3377 ⁷⁸;
802 3314 941 3384 Ὅρα
971 3311 1086 3375 πῶς
1112 3309 1417 3380 ὑφειμένως
1453 3309 1662 3374 εἰσάγει
1690 3308 1787 3378 τὴν
1827 3307 1954 3378 περὶ

289 3395 454 3450 αὑτοῦ
487 3395 664 3467 ψῆφον
693 3396 785 3447 καὶ
815 3395 863 3428 ⁷⁸
896 3392 1074 3458 δόξαν.
1111 3392 1378 3461 Πρότερον
1409 3384 1549 3448 εἷπε,
1591 3389 1650 3442 Τί
1691 3387 1832 3456 ὑμῖν
1856 3387 1954 3441 δο-

292 3475 420 3540 x87;
449 3480 612 3541 τινος
653 3475 782 3540 υἱός
809 3474 1019 3538 ἐστιν;
1051 3473 1190 3525 ὥστε
1230 3471 1297 3526 δι’
1342 3471 1659 3541 ἐρωτήσεως
1705 3472 1783 3532 εἰς
1813 3467 1952 3522 ἀπό·

292 3571 474 3626 κρισιν
505 3555 703 3617 αὐτοὺς
749 3555 996 3622 ἀγαγεῖν.
1034 3549 1166 3606 Εἶτα
1197 3551 1383 3620 ἐπειδὴ
1413 3546 1588 3614 εἷπον,
1621 3549 1729 3603 Τοῦ
1752 3547 1951 3610 Δαυῒδ,

289 3636 392 3689 οὑκ
417 3630 537 3687 εἷπε
556 3651 571 3664 ·
603 3634 714 3686 Kal
745 3632 848 3703 μὴν
871 3635 899 3686 ό
930 3631 1092 3686 Δαυῒδ
1113 3633 1155 3663 ⁷⁷
1176 3631 1303 3684 τάδε
1329 3629 1514 3698 φησιν,
1546 3628 1682 3680 ἀλλὰ
1701 3628 1863 3681 πάλιν
1898 3627 1955 3680 ἐν

291 3712 443 3778 τάξει
480 3714 830 3784 ἐρωτήσεως·
874 3712 1005 3776 Πῶς
1040 3707 1153 3766 οὖν
1196 3708 1376 3764 Δαυΐό
1407 3708 1478 3760 ἐν
1515 3707 1810 3775 Πνεύματι
1840 3707 1954 3758 Κύ-

293 3811 426 3861 ριον
452 3793 637 3847 αὑτὸν
663 3791 834 3844 καλεῖ
848 3791 928 3856 ⁷⁸;
957 3790 1096 3844 ὥστε
1136 3791 1209 3861 μὴ
1242 3789 1574 3859 προσστῆναι
1599 3789 1642 3819 ⁷⁹
1681 3786 1860 3849 αὑτοῖς
1887 3785 1956 3838 τά

294 3872 582 3942 λεγόμενα.
611 3871 698 3924 Διὸ
717 3870 835 3923 οὑδέ
859 3866 1001 3934 εἶπε,
1023 3871 1088 3922 Τί
1117 3871 1244 3939 ὑμῖν
1277 3869 1423 3922 δοκεί
1454 3867 1582 3937 περὶ
1611 3865 1765 3935 ἐμοῦ,
1799 3864 1953 3930 ἀλλὰ,

297 3954 435 4021 Περὶ
475 3952 580 4006 τοῦ
607 3950 883 4018 Χριστοῦ.
908 3950 1005 4002 Διὰ
1043 3949 1198 4003 τοῦτο
1222 3950 1316 4002 καὶ
1341 3950 1391 4000 οἱ
1418 3946 1704 4000 ἀπόστολοι
1729 3944 1955 4014 ὑφειμέ-

295 4050 401 4095 νως
425 4031 721 4098 διελέγοντο
743 4030 809 4092 ⁸ο,
837 4031 1113 4098 λέγοντες·
1147 4030 1322 4091 Ἐξόν
1353 4027 1542 4082 εἰπεῖν
1562 4025 1713 4096 μετὰ
1742 4027 1958 4093 παρρη-

295 4111 437 4176 σίας
462 4111 594 4176 περὶ
615 4110 720 4163 τοῦ
742 4108 1104 4178 πατριάρχου
1129 4107 1328 4170 Δαυῒδ,
1364 4106 1452 4160 ὅτι
1482 4107 1579 4160 καὶ
1603 4106 1957 4170 ἐτελεύτησε

297 4193 396 4246 καὶ
424 4190 636 4260 ἐτάφη.
681 4191 790 4244 Kal
829 4191 987 4253 αὑτὸς
1023 4190 1217 4260 ὁμοίως
1245 4189 1330 4242 διὰ
1363 4188 1520 4242 10610
1557 4187 1632 4251 ὡς
1655 4189 1698 4220 ⁸¹
1727 4188 1786 4238 ἐν
1819 4187 1956 4255 ἐρω-

298 4272 506 4340 τήσεως
536 4270 686 4334 τάξει
711 4271 804 4322 καὶ
832 4270 1185 4339 συλλογισμοῦ
1213 4271 1272 4322 τὸ
1295 4271 1467 4339 δόγμα
1498 4267 1726 4336 εἰσάγει,
1749 4267 1922 4334 λέγων
1941 4283 1955 4297 ·

299 4348 432 4414 Πῶς
470 4345 581 4402 οὖν
626 4349 806 4403 Δαυῒδ
852 4351 922 4402 ἐν
959 4353 1250 4413 Πνεύματι
1289 4351 1506 4416 Κύριον
1538 4347 1723 4401 αὐτὸν
1767 4345 1956 4407 καλεῖ,

299 4426 520 4496 λέγων·
566 4429 750 4482 Εἶπεν
780 4431 812 4482 ό
861 4429 1073 4495 Κύριος
1119 4426 1198 4492 τῷ
1233 4428 1423 4493 Κυρίῳ
1461 4446 1606 4496 μου,
1650 4427 1844 4480 Κάθου
1891 4425 1960 4478 ἐκ

299 4504 513 4570 δεξιῶν
535 4525 674 4574 μου,
697 4506 806 4572 ἕως
829 4506 904 4559 ἂν
928 4505 1009 4559 θῶ
1038 4505 1174 4570 τοὺς
1199 4506 1448 4572 ἐχθρούς
1483 4523 1597 4558 σου
1631 4503 1962 4558 ὑποπόδιον

301 4584 420 4638 τῶν
461 4585 660 4637 ποδῶν
699 4601 851 4648 σου;
883 4587 974 4637 καὶ
1007 4585 1165 4638 πάλιν
1188 4585 1264 4614 θ’·
1309 4585 1376 4638 El
1425 4579 1538 4637 οὖν
1577 4584 1755 4636 Δαυῒδ
1790 4582 1968 4636 καλεῖ

302 4664 488 4716 αὐτὸν
514 4664 752 4730 Κύριον,
781 4661 905 4728 πῶς
929 4662 1056 4728 υἱὸς
1079 4663 1264 4717 αὑτοῦ
1286 4662 1488 4726 ἑστιν;
1521 4663 1616 4714 οὑκ
1638 4663 1875 4733 ἀναιρῶν
1899 4661 1957 4714 τὸ

301 4737 440 4795 εῖναι
470 4742 634 4795 αὑτοῦ
669 4744 804 4804 υίὸς,
841 4742 1048 4809 ἄπαγε·
1091 4743 1150 4795 οὑ
1196 4743 1300 4812 γὰρ
1324 4742 1388 4796 ἂν
1431 4744 1620 4812 Πέτρῳ
1659 4742 1957 4811 ἐπετίμησε

301 4822 391 4876 διὰ
437 4822 628 4875 τοῦτο·
678 4822 814 4876 ἀλλά
855 4823 953 4888 τὴν
1003 4823 1226 4876 ἐκείνων
1267 4824 1518 4876 ὑπόνοιαν
1560 4822 1956 4894 διορθούμενος.

305 4900 469 4955 Ὥστε
505 4903 629 4955 ὅταν
657 4902 810 4973 λέγῃ,
851 4901 978 4968 Πῶς
1019 4903 1148 4970 υἱὸς
1183 4903 1365 4958 αὐτοῦ
1409 4903 1571 4964 eam;
1624 4901 1770 4974 [697]
1802 4901 1961 4955 τοῦτο

1365 339 1437 394 -ΙΝ
1477 334 1891 395 ΜΑΤΤΠΔΕΙΙΜ
1924 336 2158 392 ΠΟΜΙΙ..
2198 335 2388 395 LXXI.
2424 339 2497 395 al.
2540 336 2752 394 LXXII.

3588 337 3688 390 664

2039 453 2214 522 λέγει·
2245 456 2358 526 υὺχ
2384 452 2558 518 οὑτως
2583 453 2658 518 ὡς
2693 454 2851 524 ὑμεῖς
2885 471 3042 524 φατε.
3090 454 3316 507 Ἐκεῖνοι
3351 452 3458 525 γάρ
3492 452 3695 521 ἔλεγον.

2037 537 2118 589 ὅτι
2161 536 2322 606 μόνον
2352 537 2466 600 υίὸς
2492 535 2658 590 αὑτοῦ
2701 537 2852 596 ἐστι,
2888 535 2981 587 καὶ
3016 535 3138 604 οὑχὶ
3178 533 3275 588 καὶ
3321 535 3542 605 Κύριος.
3591 535 3700 587 Kal

2038 616 2192 670 10610
2222 617 2359 688 μετά
2385 617 2482 688 τὴν
2511 616 2837 687 μαρτυρίαν,
2862 616 2956 668 καὶ
2987 616 3106 669 τότε
3132 615 3462 685 ὑφειμένως·
3495 617 3562 668 ΕΙ
3587 609 3702 667 οὖν

2037 697 2218 750 Δαυῒδ
2241 699 2460 766 Κύριον
2482 696 2670 750 αὐτὸν
2703 695 2894 760 καλεῖ,
2915 695 3040 761 πῶς
3062 696 3193 760 υίὸς
3215 697 3400 751 αὐτοῦ
3429 695 3597 746 ἐστιν
3617 693 3697 755 8';

2052 777 2190 831 Ἀλλ’
2216 779 2365 848 ὅμως
2403 779 2498 834 καὶ¹
2533 777 2710 833 ταῦτα
2747 777 3098 840 ἀκούσαντες,
3131 777 3279 830 οὐδὲν
3307 775 3696 846 ἀπεκρίναντο·

2039 858 2158 911 οὑδέ
2191 859 2297 928 γὰρ
2342 858 2622 912 ἐϐούλοντό
2653 876 2707 911 τι
2753 859 2860 911 τῶν
2897 859 3123 911 δεόντων
3155 857 3358 928 μαθεῖν.
3405 855 3495 908 Διὸ
3541 856 3702 911 αὑτὸς

2040 941 2233 1010 ἐπάγει
2262 941 2454 1010 λέγων,
2487 942 2568 994 ὅτι
2601 943 2814 1008 Κύριος
2845 940 3031 993 αὐτοῦ
3061 941 3190 993 ἐστι
3210 982 3223 994 .
3252 939 3466 994 Μᾶλλον
3494 938 3548 990 δὲ
3581 936 3701 990 οὑδὲ

2038 1022 2195 1075 τοῦτο
2223 1022 2356 1075 αὑτὸ
2379 1019 2816 1090 ἀπολελυμένως.
2842 1019 2976 1073 ἀλλά
2999 1020 3089 1073 τὸν
3116 1020 3398 1089 προφήτην
3431 1017 3546 1085 μεθ’
3576 1017 3703 1069 έαυυ

2038 1102 2132 1155 106
2161 1099 2516 1172 παραλαϐὼν,
2538 1098 2626 1152 διά
2649 1099 2707 1151 τὸ
2737 1099 2940 1168 σφόδρα
2961 1098 3304 1152 ἀπιστεῖσθαι
3335 1097 3424 1150 ὑπ’
3441 1097 3484 1128 ⁸⁸⁸
3502 1095 3700 1154 αὑτῶν,

2041 1183 2132 1234 καὶ
2167 1179 2550 1248 διαϐεϐλῆσθαι
2583 1180 2712 1248 παρ’
2747 1180 2950 1232 αὑτοῖς.
2981 1180 3046 1232 Ὃ
3075 1177 3137 1246 δὴ
3173 1177 3406 1247 μάλιστα
3435 1176 3538 1245 γρὴ
3576 1191 3702 1226 σκο-

2041 1262 2300 1326 ποῦντας.
2333 1260 2440 1314 κᾶν
2473 1260 2726 1314 ταπεινὸν
2757 1259 2851 1312 καὶ
2893 1259 3182 1328 ὑφειμένον
3219 1275 3272 1310 τι
3305 1258 3531 1328 λέγηται
3573 1256 3701 1327 παρ’

2041 1342 2228 1405 αὑτοῦ.
2265 1344 2340 1414 μὴ
2366 1339 2814 1404 σκανδαλίζεσθαι
2834 1358 2846 1370 ·
2877 1341 2908 1410 ή
2940 1339 3048 1410 γὰρ
3076 1339 3223 1391 αίτία
3254 1338 3412 1407 αὕτη,
3453 1337 3588 1406 μετά
3608 1339 3705 1392 καὶ

2043 1424 2241 1493 ἐτέρων
2287 1422 2584 1482 πλειόνων,
2615 1421 2674 1473 τὸ
2728 1419 3225 1485 συγκαταϐαίνοντα
3266 1419 3492 1480 ἐκείνοις
3529 1418 3705 1470 διαλέ-

2041 1503 2251 1569 γεσθαι.
2278 1501 2370 1555 Διὸ
2401 1501 2495 1553 καὶ
2534 1498 2629 1552 νῦν
2658 1500 2714 1550 ἐν
2741 1497 2888 1563 τάξει
2923 1497 3021 1564 μὲν
3061 1497 3305 1560 πεύσεως
3342 1497 3435 1550 καὶ
3477 1497 3707 1567 ἀποκρί-

2046 1600 2180 1644 σεως
2209 1579 2552 1650 δογματίζει·
2595 1577 2890 1632 αἰνίττεται
2919 1576 2973 1629 δέ
3004 1577 3098 1628 xal
3123 1575 3265 1628 οὑτω
3293 1575 3391 1644 τὴν
3424 1575 3580 1640 ἀξίαν
3617 1577 3705 1630 αὑ-

2042 1661 2158 1715 τοῦ.
2189 1661 2262 1712 υὺ
2289 1659 2398 1729 γὰρ
2427 1653 2496 1727 ἦν
2537 1657 2651 1710 ἴσον
2679 1655 2906 1709 ἀκοῦσαι
2943 1655 3206 1708 Ἰουδαίων
3236 1653 3456 1724 Κύριον.
3489 1657 3580 1708 καὶ
3609 1657 3703 1709 106

2042 1741 2220 1793 Δαυῖδ.
2265 1741 2337 1791 Σὺ
2387 1738 2444 1791 δέ
2484 1753 2573 1805 μοι
2624 1737 2813 1789 σκόπει
2857 1735 2952 1787 καὶ
2997 1734 3058 1787 τδ
3109 1732 3382 1803 εὑκαιρον.
3423 1736 3551 1786 ’Ὀτε
3596 1733 3706 1804 7&9

2043 1818 2194 1875 εἶπεν
2222 1821 2289 1883 ⁸⁵,
2321 1815 2427 1886 Εἷς
2460 1819 2590 1872 ἐστι
2619 1819 2850 1886 Κύριος,
2878 1816 3000 1868 τότε
3039 1818 3132 1868 καὶ
3165 1817 3291 1886 περὶ
3335 1815 3500 1869 αὑτοῦ
3533 1812 3703 1877 εἶπεν,

2041 1902 2123 1955 ὃτι
2153 1899 2354 1970 Κύριός
2376 1900 2513 1959 ἐστι,
2547 1897 2640 1950 καὶ
2667 1897 2772 1949 ἀπὸ
2811 1895 3166 1964 προφητείας,
3189 1894 3372 1948 οὑκέτι
3401 1895 3507 1947 ἀπὸ
3531 1894 3707 1964 ἔργων

2047 1980 2225 2050 μόνον.
2267 1978 2379 2032 Kal
2407 1977 2678 2029 δείκνυσιν
2711 1976 2872 2028 αὐτὴν
2905 1975 2950 2006 ⁸⁸
2996 1974 3134 2042 ὑπὲρ
3172 1975 3336 2028 αὑτοῦ
3368 1975 3708 2045 ἀμυνόμενον

2045 2059 2241 2120 αὑτοὺς
2295 2059 2386 2110 τὸν
2435 2057 2690 2124 Πατέρα·
2733 2055 2881 2120 Ἕως
2927 2053 3003 2108 ἂν
3040 2053 3121 2109 θῶ
3162 2053 3302 2122 7&9,
3353 2055 3518 2123 φησὶ,
3567 2054 3708 2119 τοὺς

2043 2139 2295 2207 ἐχθρούς
2333 2154 2450 2190 σου
2473 2135 2806 2191 ὑποπόδιον
2827 2136 2944 2190 τῶν
2968 2133 3170 2188 ποδῶν
3198 2148 3313 2188 σου
3333 2151 3346 2165 ·
3385 2136 3480 2188 καὶ
3507 2133 3708 2202 πολλὴν

2047 2217 2339 2273 κάντεῦθεν
2383 2215 2634 2285 ὁμόνοιαν
2677 2215 2769 2268 106
2815 2213 3205 2282 γεγεννηκότος
3246 2213 3383 2284 πρὸς
3420 2213 3582 2267 αὑτὸν
3616 2214 3709 2267 καὶ

2044 2300 2229 2369 τιμήν.
2257 2293 2370 2348 Kal
2393 2293 2552 2346 τοῦτο
2575 2294 2620 2325 ⁸⁷
2644 2293 2704 2346 τὸ
2731 2292 2879 2356 τέλος
2905 2291 3177 2361 ἐπιτίθησι
3213 2290 3322 2344 τῶν
3346 2291 3481 2360 πρὸς
3514 2291 3711 2354 αὐτοὺς

2045 2373 2353 2438 διαλέξεων,
2383 2371 2584 2441 ὑψηλὸν
2613 2372 2706 2424 καὶ
2745 2371 2885 2440 μέγα
2918 2370 3228 2442 καιίκανδν
3261 2369 3440 2423 αὑτῶν
3467 2370 3712 2441 ἀπορρά-

2046 2456 2145 2524 ψαι
2181 2453 2250 2506 τὰ
2280 2450 2543 2516 στόματα.
2591 2450 2702 2501 Kal
2750 2449 2860 2519 7&9
2912 2448 3172 2516 ἐσίγησαν
3221 2446 3279 2512 ἐξ
3330 2447 3574 2512 ἐκείνου,
3613 2449 3711 2515 οὑχ

2048 2534 2288 2594 ἑκόντες,
2317 2528 2451 2582 ἀλλὰ
2473 2528 2550 2599 τῷ
2579 2527 2746 2600 μηδὲν
2777 2526 2920 2597 ἔχειν
2959 2529 3128 2579 εἰπεῖν
3151 2544 3164 2558 ·
3199 2526 3292 2580 καὶ
3317 2526 3458 2579 οὑτω
3488 2528 3710 2598 καιρίαν

2049 2612 2298 2677 ἐδέξαντο
2331 2609 2563 2678 πληγὴν,
2589 2606 2664 2668 ὡς
2709 2607 2904 2676 μηκέτι
2939 2605 3204 2675 τολμῆσαι
3233 2608 3346 2670 τοῖς
3374 2607 3556 2669 αὑτοῖς
3593 2608 3714 2660 ἐπι-

2051 2691 2300 2763 χειρῆσαι
2338 2686 2549 2740 λοιπόν.
2585 2685 2796 2750 Οὐδεὶς
2836 2685 2964 2763 7&9.
3011 2684 3194 2752 φησὶν,
3230 2685 3569 2752 ἐτόλμησεν
3593 2686 3710 2740 ἀπὸ

2049 2761 2159 2836 τῆς
2199 2768 2425 2838 ἡμέρας
2469 2767 2708 2832 ἐκείνης
2739 2761 3111 2832 ἐπερωτῆσαι
3144 2764 3347 2817 αὐτόν.
3394 2765 3469 2817 Οὑ
3517 2766 3714 2836 μικρὸν

2050 2851 2106 2904 δὲ
2129 2847 2288 2902 τοῦτο
2317 2847 2445 2908 τοὺς
2469 2845 2656 2913 ὄχλους
2690 2843 2906 2912 ὠφέλει.
2938 2842 3028 2895 Διὸ
3068 2844 3160 2896 καὶ
3195 2843 3329 2912 πρὸς
3367 2843 3566 2907 αὑτοὺς
3601 2844 3714 2898 λοι-

2054 2930 2153 2984 πδν
2182 2929 2378 3000 τρέπει
2403 2927 2493 2979 τὸν
2519 2926 2693 2992 λόγον,
2717 2923 3031 2990 ἀποστήσας
3053 2923 3178 2984 τοὺς
3207 2920 3423 2985 λύκους,
3463 2924 3558 2975 καὶ
3583 2924 3718 2978 ἀπο-

2052 3008 2422 3080 κρουσάμενος
2451 3005 2626 3058 αὑτῶν
2651 3004 2750 3065 τάς
2775 3000 3084 3080 ἐπιϐουλάς.

2134 3088 2360 3140 Ἐκεῖνοι
2417 3085 2526 3152 7&9
2582 3081 2728 3134 οὐδὲν
2788 3079 3094 3148 ἐκέρδαινον
3115 3077 3195 3143 ⁸⁸,
3256 3078 3361 3131 ὑπὸ
3411 3079 3717 3145 κενοδοξίας

2054 3166 2291 3227 ἁλόντες,
2326 3165 2421 3218 καὶ
2451 3163 2528 3225 εἰς
2557 3161 2617 3214 τὸ
2647 3159 2814 3212 δεινὸν
2846 3157 3000 3211 τοῦτο
3022 3157 3190 3220 πάθος
3216 3158 3565 3228 ἐμπεσόντες.
3600 3163 3717 3212 Δει-

2051 3245 2140 3298 νδν
2173 3243 2280 3312 7&9
2325 3243 2387 3295 τ’)
2425 3240 2593 3301 πάθος
2627 3239 2718 3292 καὶ
2752 3236 3120 3306 πολυκέφαλον
3145 3253 3159 3268 ·
3191 3239 3239 3290 οἱ
3273 3238 3371 3307 μὲν
3412 3239 3520 3309 7&9
3545 3239 3718 3310 ἀρχῆς

2051 3322 2139 3375 διὰ
2182 3321 2408 3388 ταύτην.
2456 3321 2504 3372 οἱ
2524 3319 2578 3371 δὲ
2631 3316 2946 3387 χρημάτων,
3000 3317 3049 3368 οί
3103 3316 3160 3368 δὲ
3195 3315 3377 3387 ἰσχύος
3414 3316 3460 3348 ⁸⁸
3495 3316 3714 3387 ἐρῶσιν.

2065 3400 2198 3469 Ὀδῷ
2238 3400 2294 3452 δέ
2335 3397 2622 3470 βαδίζουσα
2663 3395 2758 3448 καὶ
2811 3395 2903 3448 ἐπὶ
2940 3394 3308 3465 ἐλεημοσύνην
3346 3394 3586 3466 ἔρχεται,
3621 3398 3715 3449 καὶ

2053 3479 2329 3548 νηστείαν,
2353 3478 2445 3531 καὶ
2470 3475 2654 3545 εύχάς,
2683 3475 2778 3528 καὶ
2797 3473 3164 3528 διδασκαλίαν·
3193 3473 3288 3526 καὶ
3317 3474 3508 3528 πολλαὶ
3543 3477 3598 3527 at
3619 3474 3713 3527 106

2053 3558 2242 3627 θηρίου
2275 3556 2465 3610 τούτου
2505 3552 2754 3620 κεφαλαί.
2789 3552 2948 3606 Ἀλλά
2969 3555 3014 3586 ⁹⁰
3043 3553 3104 3606 τὸ
3135 3553 3232 3623 μὲν
3262 3553 3352 3604 ἐπὶ⁵
3384 3555 3497 3617 τοῖς
3537 3553 3719 3615 ἄλλοις

2054 3637 2280 3697 ἐκείνοις
2309 3635 2354 3666 ⁹¹
2406 3631 2732 3696 κενοδοξεῖν,
2786 3631 3095 3702 θαυμαστὸν
3163 3631 3348 3684 οὐδέν·
3408 3633 3471 3686 τὸ
3526 3633 3582 3686 δὲ
3626 3631 3720 3686 ἐπὶ

2053 3715 2277 3784 νηστείᾳ
2334 3715 2426 3766 καὶ
2471 3713 2637 3782 εὐχῇ.
2676 3710 2832 3764 τοῦτό
2876 3713 2992 3765 ἐστι
3038 3711 3098 3763 τὸ
3127 3710 3273 3776 ξένον
3333 3713 3428 3766 καὶ
3471 3711 3721 3784 δακρύων

2059 3795 2273 3865 μεστόν.
2307 3793 2447 3846 Ἀλλ’
2473 3793 2558 3846 ῖνα
2593 3791 2664 3861 μὴ
2703 3791 2861 3844 πάλιν
2893 3791 3211 3860 ἐγκαλῶμεν
3243 3792 3424 3860 μόνον,
3469 3792 3597 3863 φέρε
3624 3795 3716 3846 καὶ

2053 3874 2144 3927 τὸν
2187 3874 2408 3943 τρόπον,
2439 3874 2504 3926 δι’
2544 3866 2605 3924 06
2656 3870 2857 3940 ταύτην
2897 3869 3234 3940 φευξόμεθα,
3275 3871 3539 3940 εἴπωμεν.
3579 3871 3722 3942 Πρὸς

2053 3954 2202 4015 τίνας
2230 3947 2324 4004 οὖν
2371 3948 2749 4018 ἀποδυσόμεθα
2796 3948 3074 4018 πρώτους;
3121 3949 3254 4018 πρὸς
3290 3949 3416 4012 τοὺς
3460 3950 3550 4002 ἐπὶ
3584 3953 3718 4021 χρή-

2057 4049 2222 4104 μασιν
2247 4031 2281 4100 ἦ
2309 4031 2354 4062 ⁹²
2381 4031 2504 4094 τοὺς
2535 4030 2628 4082 ἐπὶ
2660 4027 2914 4099 ἱματίοις,
2941 4029 2975 4099 ἢ
2999 4030 3123 4090 τοὺς
3149 4030 3242 4081 ἐπὶ
3281 4029 3494 4099 ἀρχαῖς,
3526 4029 3559 4100 ἢ
3591 4033 3717 4093 τοὺς

2055 4113 2147 4165 ἐπὶ
2173 4109 2566 4172 διδασκαλίαις.
2607 4109 2638 4179 ἢ
2684 4109 2809 4172 τοὺς
2841 4108 2935 4160 ἐπὶ⁵
2975 4107 3274 4178 τέχναις,ἢ
3324 4110 3450 4172 τοὺς
3479 4109 3572 4163 ἐπὶ
3615 4112 3723 4164 σώ-

2059 4208 2209 4259 ματι,
2245 4189 2278 4260 ἢ
2312 4191 2438 4251 τοὺς
2483 4187 2576 4240 ἐπὶ
2608 4187 2871 4257 κάλλει,ἢ
2918 4190 3044 4252 τοὺς
3084 4189 3176 4242 ἐπὶ
3222 4188 3648 4259 καλλωπισμοῖς,
3687 4193 3720 4262 ἢ

2060 4271 2184 4332 τοὺς
2211 4269 2303 4321 ἐπὶ
2334 4268 2595 4339 ὠμότητι,
2621 4268 2653 4338 ἢ
2682 4268 2805 4330 τοὺς
2847 4268 2939 4320 ἐπὶ
2979 4267 3355 4338 φιλανθρωπίᾳ
3379 4269 3470 4321 καὶ
3499 4269 3726 4340 ἐλεημο-

2064 4349 2219 4419 σύνῃ,
2254 4347 2291 4418 ἦ
2331 4349 2456 4409 τοὺς
2482 4348 2576 4399 ἐπὶ
2613 4347 2868 4418 πονηρίᾳ,
2903 4346 2935 4416 ἢ
2966 4349 3090 4410 τοὺς
3131 4348 3224 4399 ἐπὶ
3264 4347 3506 4418 τελευτῇ,
3537 4350 3570 4420 ἢ
3601 4353 3726 4412 τοὺς

2066 4427 2204 4497 μετά
2228 4425 2482 4497 τελευτὴν
2523 4424 2929 4490 κεπιοδοξοῦντας
2951 4443 2964 4489 ;
3013 4426 3122 4479 Kal
3136 4425 3264 4496 7&9,
3283 4426 3418 4498 ὅπερ
3438 4427 3728 4498 ἒφην,πολ-

2062 4508 2161 4571 λάς
2190 4507 2304 4577 ἔχει
2333 4508 2428 4569 τάς
2466 4505 2768 4566 πλεκτάνας
2791 4505 2947 4558 τοῦτο
2980 4506 3039 4558 τὸ
3069 4506 3256 4569 πάθος,
3288 4507 3382 4559 καὶ
3417 4509 3728 4578 περαιτέρω

2063 4587 2162 4655 τῆς
2181 4585 2325 4655 ζωῆς
2339 4588 2370 4656 ή
2379 4583 2492 4654 μῶν
2509 4584 2739 4655 πρόεισι.
2761 4585 2870 4638 Kal
2887 4584 3034 4654 γάρὸ
3065 4583 3228 4648 δεῖνα,
3249 4585 3430 4654 φησὶν.
3452 4585 3689 4640 ἀπέθανε
3710 4604 3725 4619 ·

2064 4667 2158 4720 καὶ
2185 4665 2275 4717 ἵνα
2299 4663 2581 4732 θαυμασθῇ
2601 4703 2615 4725 ,
2653 4661 2720 4715 τά
2756 4663 2850 4716 καὶ
2875 4662 2942 4715 τὰ
2966 4661 3240 4731 ἐπέσκηψε
3270 4662 3418 4736 [698]
3439 4663 3689 4732 γενέσθαι
3711 4683 3725 4698 ο

2064 4743 2158 4797 καὶ
2191 4741 2278 4795 διὰ
2306 4742 2463 4794 τοῦτο
2495 4744 2524 4794 ό
2560 4742 2705 4794 δεῖνα
2747 4741 2936 4812 πένης,
2966 4742 3058 4794 καὶ
3089 4741 3118 4792 ό
3161 4741 3305 4794 δεῖνα
3351 4742 3624 4807 πλούσιος.
3652 4745 3727 4796 Τὸ

2066 4823 2174 4894 γὰρ
2189 4821 2424 4893 χαλεπὸν
2439 4822 2616 4885 τοῦτο,
2639 4822 2720 4874 ὃτι
2747 4821 2841 4874 καὶ
2871 4821 2978 4873 ἀπὸ
3005 4819 3111 4873 τῶν
3137 4820 3390 4873 ἐναντίων
3412 4821 3723 4893 συνέστηκε.

2137 4908 2207 4971 γ’.
2263 4901 2410 4971 Πρὸς
2456 4901 2605 4965 τίνας
2661 4896 2753 4954 06v
2800 4899 3105 4972 στησόμεθα
3158 4901 3248 4954 καὶ
3311 4900 3727 4972 παραταξόμεθα

309 5129 357 5217 ξς
384 5101 876 5217 εηνλτῆςηωξηομ
892 5134 1080 5217 Ηεικε-
1133 5137 1178 5167 τι
1211 5135 1292 5207 τι]
1321 5135 1413 5217 τοῦ
1435 5135 1498 5188 G.
1534 5134 1605 5217 ιει
1631 5152 1682 5205 ρ.
1705 5151 1762 5217 Β.
1791 5135 1882 5217 τόν
1904 5151 1949 5189 οι

2055 5134 2231 5217 iid_e_m.
2275 5205 2289 5217 .
2309 5132 2578 5217 ἰ’-ταῦτα]
2602 5132 2756 5217 10610
2872 5129 2951 5217 ll.
2987 5131 3252 5217 ﬁelit'rum
3283 5131 3475 5217 habent
3508 5131 3570 5186 K.
3593 5133 3725 5217 Mor.

309 5201 356 5276 τ’
386 5197 902 5276 ,δίεςΕρξάληθῆία
937 5205 1000 5259 Il.
1036 5206 1105 5258 Μ.
1153 5222 1204 5271 p.
1241 5197 1293 5274 p2
1327 5207 1531 5276 έφασαν
1559 5197 1644 5258 Μ]
1669 5197 1949 5276 -λίιᾲυίότηπ

2068 5208 2191 5276 add.
2227 5205 2394 5258 αὑτοῦ
2426 5205 2491 5259 G.
2659 5206 2704 5236 ⁷⁵
2737 5199 2913 5272 καλεῖ]
2941 5202 3065 5276 add.
3089 5201 3264 5276 λέγων
3292 5197 3465 5276 εἶπεν,
3500 5219 3554 5257 κ.
3595 5222 3646 5257 τ.
3676 5207 3730 5276 ἐ.

310 5271 421 5339 (ad.
476 5272 657 5326 ﬁnem.
714 5290 764 5326 ν.
790 5271 887 5340 ⁷45)
914 5277 1046 5329 ΕιιιΙ.

312 5422 662 5465 revocaverat
709 5412 836 5466 Sav.

1132 5277 1176 5305 ⁷⁸
1201 5273 1375 5344 ψῆφον
1405 5275 1497 5327 καὶ
1528 5291 1636 5328 om.
1669 5273 1731 5328 K.
1758 5274 1820 5329 L.
1847 5273 1926 5330 Μ.
1946 5273 2116 5330 invito
2153 5274 2357 5344 lnlerp.

2451 5276 2495 5305 '"
2529 5273 2672 5356 μέγα,
2699 5289 2821 5356 quae;
2840 5267 3302 5356 ex'ciqeranl;‘06:c‘
3323 5267 3472 5356 εἶπε·
3504 5275 3595 5356 καὶ
3626 5275 3732 5356 μὴν

309 5343 340 5393 ὁ
366 5342 546 5405 Δαυῒδ,
579 5358 724 5396 nunc
759 5347 986 5408 primum
1026 5341 1323 5398 secumiu'lin
1356 5360 1545 5397 omnes
1575 5346 1730 5399 codd.
1764 5357 1816 5400 et
1840 5347 1948 5400 inte

312 5422 662 5464 revocaverat
709 5412 836 5464 Sav.
913 5416 958 5445 ⁷⁸
1009 5416 1209 5464 Κύοιον
1265 5416 1426 5464 αὑτὸν
1483 5414 1632 5464 καλεῖ
1677 5432 1787 5464 om-
1851 5417 1914 5464 (ἶ.

2081 5348 2259 5400 locum
2293 5341 2454 5400 éuum
2492 5341 2758 5396 obtinent.
2783 5341 3089 5396 Posteriora
3114 5343 3209 5394 καὶ
3244 5341 3348 5464 μῦς
3381 5344 3409 5394 ὁ
3441 5343 3598 5397 Δαυῒδ
3618 5341 3731 5413 jam

2146 5417 2191 5447 τ’
2239 5414 2333 5464 Sic
2353 5414 2416 5464 ll.
2445 5423 2499 5464 et
2536 5430 2615 5464 nr.
2649 5412 2720 5464 M.
2763 5413 2922 5464 vulao
2951 5412 3272 5464 προστῆναι.
3352 5413 3425 5464 id.
3459 5430 3572 5464 var.
3605 5415 3730 5464 lem-

913 5416 958 5445 ⁷⁸
1009 5416 1209 5484 Κύριον
1265 5416 1426 5468 αὑτὸν

315 5549 362 5580 ⁸⁸
397 5552 489 5604 καὶ
519 5552 678 5604 πάλιν
714 5568 823 5607 om.
857 5554 918 5609 K.
949 5549 1041 5610 Gr.
1082 5549 1241 5610 Piura
1277 5549 1473 5610 desdm
1497 5555 1549 5608 in
1576 5553 1645 5608 M.

313 5422 662 5465 revocaverat
709 5414 836 5466 Sav.
913 5416 958 5445 ⁷⁸
1009 5416 1209 5484 Κύριον
1265 5416 1426 5468 αὑτὸν
1483 5414 1632 5466 καλεῖ
1677 5432 1788 5470 om.
1851 5417 1914 5470 G.

313 5481 378 5557 ad
411 5481 676 5557 p._5l9ﬂB.
749 5485 794 5516 ⁸⁰
824 5484 1140 5557 διελέγοντο]
1171 5487 1291 5539 add.
1318 5485 1444 5554 περὶ
1479 5483 1934 5557 τοῦ-πατριάρχου

2146 5417 2191 5447 ”
2239 5414 2333 5469 Sic
2353 5414 2416 5470 ll.

2055 5486 2127 5540 »τδ
2159 5487 2284 5557 Sav.
2313 5485 2441 5540 Ben.

1751 5556 1944 5610 “Haec
1974 5557 2082 5610 Kal
2110 5556 2288 5609 τοῦτο.
2314 5596 2327 5609 .
2352 5595 2365 5608 .
2389 5595 2402 5610 .

2146 5417 2191 5447 η
2239 5414 2333 5469 Sic
2353 5414 2416 5470 11,
2445 5423 2499 5469 ει
2536 5430 2615 5479 pr.
2649 5412 2720 5467 M.
2763 5413 2922 5481 vulgo
2951 5429 2991 5462 π
3061 5412 3272 5480 στῆναι.
3303 5412 3425 5467 Vid.
3459 5430 3572 5468 var.
3605 5412 3730 5470 lect.

2159 5487 2284 5534 εον.
2313 5485 2441 5534 Ben.
2544 5485 2586 5515 ⁸³
2619 5485 2694 5534 ὼς
2721 5499 2832 5534 om.
2867 5481 2931 5534 G.
2966 5429 3126 5534 ιίίοι..
3157 5483 3550 5534 ἐπερωτήσεως
3577 5485 3642 5534 G.
3666 5486 3730 5534 Κ-

2544 5485 2586 5515 ⁸³
2619 5485 2694 5548 ὼς
2721 5499 2832 5537 οηι.
2867 5481 2931 5536 G.
2966 5482 2983 5534 l

3067 5481 3126 5537 L.
3157 5483 3550 5554 ἐπερωτήσεως
3577 5485 3642 5540 G.
3666 5486 3732 5541 Κ.

2458 5556 2604 5607 ἐστιν
2631 5570 2741 5608 om.
2777 5552 2847 5607 M.
2875 5554 3030 5606 uncis
3061 5552 3281 5608 inclusit
3307 5552 3441 5608 Mor.

3539 5556 3584 5587 “
3619 5556 3734 5629 ὑπ’]

314 5621 449 5696 gap:
479 5620 632 5696 ΠΜ.
658 5621 790 5696 Mor.
828 5626 964 5696 ὑπὲρ
995 5626 1123 5680 Bon.
1165 5643 1258 5696 per
1287 5627 1576 5696 incuriam1
1611 5637 1665 5677 ιιι
1705 5627 1938 5680 videtur.

2055 5646 2056 5651 η
2086 5623 2262 5696 εἶπεν]
2289 5627 2414 5679 add.
2441 5627 2520 5678 ὅτι
2544 5622 3035 5696 M.a6106]_éau106
3061 5621 3195 5696 Edd.
3228 5623 3369 5677 Infra
3391 5625 3564 5696 μόνων
3585 5625 3647 5679 Il.
3670 5620 3732 5682 L:

316 5691 573 5763 '_‘_a61§v]
634 5695 815 5757 αὐτοῖς
984 5691 1177 5749 αὑτῶν⁷
1225 5696 1294 5750 Μ.
1361 5693 1580 5763 αὐτοὺς]
1617 5696 1777 5749 αὑτοῦ
1827 5697 1890 5750 Κ.
1931 5696 1999 5750 Μ.

317 5755 912 5836 ξκίιίλΜ-ι-ἠι-ὑψηλόντὲ
945 5769 1035 5818 καὶ
1066 5786 1121 5836 μ.
1159 5767 1222 5821 G.
1257 5766 1319 5822 H.
1409 5769 1454 5798 ⁸⁸
1483 5755 1766 5835 ἐκέρδανον
1794 5767 1854 5820 L.
1886 5767 1956 5823 M.

393 5829 680 5902 ΠΘΙΚΟΝ(
700 5829 854 5887 Κατά
880 5829 1314 5902 κενοδοξούντων,
1336 5837 1426 5890 καὶ

2059 5769 2103 5799 ⁸³
2137 5765 2492 5838 ἰσχύος]ἐιι1ι1.
2519 5765 2607 5838 διά
2623 5765 2724 5818 ταύ

1464 5832 1695 5907 μάλιστα
1718 5839 1809 5889 ἐπὶ
1843 5837 1953 5891 τῶν
1983 5832 2278 5891 ποιούντων
2301 5832 2670 5907 ἐλεημοσύνας
2694 5832 2832 5907 πρὸς
2865 5833 2926 5907 τό
2956 5832 3235 5907 θεαθῆναι.
3259 5832 3324 5889 ϐ.

2111 5699 2154 5728 ⁸⁷
2183 5693 2362 5768 τοῦτο]
2397 5696 2486 5751 Sic
2524 5697 2680 5768 codd.
2710 5704 2766 5768 et
2802 5693 2900 5768 Ge_.
2947 5702 3016 5768 u_t_
3038 5694 3348 5768 coniecerat.
3391 5693 3534 5750 Bois.
3563 5697 3738 5768 τούτῳ

2731 5781 2828 5836 την
2876 5762 3219 5836 ΔΜηιιιῐιτι
3265 5768 3520 5836 νηστείας
3571 5768 3634 5822 G.
3671 5762 3733 5824 [ι’.

3423 5838 3466 5869 ⁹¹
3501 5838 3738 5898 ἐκείνους

315 5896 383 5954 ΙΙ.
407 5903 518 5964 τοῖς
534 5901 714 5968 ἀλλοις
740 5919 851 5960 om.
889 5906 947 5960 L.
979 5896 1202 5973 ἐπίτοῖς
1233 5896 1407 5972 ἄλλοις
1433 5896 1542 5963 οἰη.
1575 5904 1644 5960 Μ.
1685 5907 1904 5977 μεστὸν]
1934 5925 1949 5976 1

2055 5925 2100 5962 1v
2124 5907 2187 5964 G.
2216 5908 2284 5964 Η.
2316 5907 2379 5962 Κ.
2403 5896 2448 5940 δέ
2480 5905 2539 5978 ἢ]
2574 5896 2699 5962 add.
2738 5896 2874 5977 πρὸς
2909 5903 2967 5958 L.
3001 5901 3068 5957 M.
3102 5896 3267 5960 Iidem
3307 5922 3433 5962 mox
3469 5896 3733 5981 σώμασιν.
