4130 6374
359 349 462 404 665

365 475 496 513 item.
527 488 596 498 —
621 455 892 512 Adversus
916 468 1048 522 quos
1099 467 1226 524 ergo
1274 455 1447 523 primo
1490 453 1746 508 stabimus
1787 461 1842 507 et
1881 467 1936 506 a-

363 556 499 609 ciem
531 550 895 607 instruemus?
922 549 1037 603 Non
1072 548 1201 602 satis
1250 547 1444 618 quippe
1491 557 1574 602 est
1612 547 1782 602 oratio
1835 559 1939 600 una

369 644 626 698 adversus
650 655 858 696 omnes.
902 640 1142 694 Vultisne
1179 655 1275 695 eos
1323 639 1690 708 aggrediamur
1731 637 1820 707 qui
1873 637 1941 691 de

369 737 704 805 eleemosyna
719 732 1057 802 gloriantur?
1087 731 1208 785 Mihi
1253 741 1398 786 certe
1426 729 1478 785 id
1519 737 1937 785 consentaneum

371 829 618 884 videtur:
651 841 771 881 nam
808 841 918 880 rem
949 825 1117 894 ipsam
1157 823 1310 878 valde
1330 823 1527 893 diligo,
1568 830 1624 876 et
1660 821 1940 876 labefacta-

372 933 478 976 tam
507 918 750 990 deploro,
807 927 862 972 et
885 917 1035 987 quasi
1085 915 1245 985 regias
1289 914 1478 984 puella:
1520 913 1780 968 nutricem
1810 911 1940 966 insi-

372 1013 602 1065 diantem
631 1025 820 1062 vanam
847 1007 1069 1078 gloriam
1104 1005 1315 1071 habeo;
1348 1005 1445 1059 alit
1467 1004 1661 1074 quippe
1681 1004 1844 1068 illam,
1874 999 1942 1056 ad

375 1103 750 1171 turpitudinem
794 1109 847 1155 et
884 1099 1136 1158 damnum
1167 1115 1259 1168 per
1283 1098 1606 1167 voluptatem
1658 1096 1894 1150 alliciens
1923 1136 1938 1158 ,

374 1211 428 1254 et
473 1199 636 1270 patris
661 1201 801 1268 justa
848 1197 1124 1266 despicere
1165 1195 1382 1257 docens,
1418 1202 1478 1248 ut
1501 1191 1740 1247 scelestis
1769 1189 1944 1260 perdi-

375 1293 548 1364 tisque
569 1307 710 1361 saepe
743 1290 865 1344 siris
904 1291 1144 1359 placeat:
1195 1299 1412 1341 ornatus
1453 1285 1705 1341 adhibere
1728 1281 1942 1345 suadet,

377 1397 557 1456 turpes
585 1385 936 1454 infamesque,
968 1383 1152 1454 quales
1185 1381 1403 1446 exteris,
1437 1395 1542 1433 non
1573 1376 1706 1447 patri
1740 1377 1948 1446 placere

378 1479 597 1549 possint.
627 1479 886 1548 Ageergo
916 1475 1012 1528 hos
1035 1472 1433 1544 aggrediamur,
1465 1483 1518 1526 et
1546 1473 1616 1524 sit
1640 1470 1941 1538 eleemosy-

379 1590 443 1628 na
473 1573 617 1643 large
638 1570 802 1626 ell‘usa
825 1569 888 1623 ad
922 1567 1345 1623 ostentationem.
1363 1563 1619 1632 Sicigitur
1636 1563 1776 1616 illam
1791 1560 1948 1613 atha-

378 1669 516 1722 lamo
533 1675 750 1736 paterno
775 1662 967 1718 educit.
997 1661 1154 1716 Pater
1201 1667 1378 1714 autem
1409 1657 1558 1727 jubet
1578 1670 1645 1710 ne
1672 1653 1738 1708 ad
1767 1651 1950 1707 dexte-

381 1774 493 1812 ram
516 1757 730 1827 quidem
752 1755 1020 1824 respicere
1049 1769 1062 1806 :
1088 1752 1173 1805 illa
1194 1765 1321 1806 vero
1350 1750 1578 1817 seipsam
1601 1746 1770 1801 servis
1789 1743 1948 1798 exhi-

382 1849 473 1904 bet
501 1864 564 1902 ac
591 1847 864 1916 quibusVis
905 1844 1241 1909 hominibus,
1289 1843 1379 1913 qui
1419 1855 1486 1896 ne
1512 1839 1690 1895 norint
1739 1836 1950 1907 quidem

383 1943 544 1997 illam.
580 1939 765 1995 Vidisti
815 1938 1147 1992 meretricem
1172 1947 1224 1990 et
1264 1935 1440 1990 lenam
1489 1933 1554 1988 ad
1590 1930 1953 2002 improborum

385 2047 620 2085 amorem
675 2045 794 2085 sese
837 2029 1118 2084 dedentem
1145 2067 1159 2090 ,
1208 2035 1379 2096 utpro
1421 2024 1658 2096 ipsorum
1707 2019 1956 2090 cupidine

384 2137 503 2177 sese
531 2120 798 2177 εισι-ηειῖ
833 2118 926 2173 Vis
948 2118 1128 2173 videre
1148 2115 1414 2188 quomodo
1469 2129 1572 2169 non
1621 2112 1956 2166 meretricem

384 2213 576 2280 modo,
634 2213 726 2267 sed
781 2213 1031 2265 furiosum
1077 2209 1217 2263 illam
1272 2208 1500 2261 animam
1542 2202 1776 2259 reddat?
1828 2201 1956 2271 Ejus

386 2315 618 2360 mentem
642 2302 839 2360 ediscc.
871 2303 1004 2356 Cum
1035 2301 1175 2357 enim
1217 2299 1350 2354 cauo
1387 2298 1578 2353 relicto
1622 2301 1803 2350 currat
1840 2301 1959 2363 post

389 2395 638 2467 fugitivos
667 2403 722 2449 et
749 2409 940 2450 vernas
976 2408 1072 2462 per
1093 2391 1238 2446 vicos
1264 2400 1318 2446 et
1357 2389 1686 2460 angiportus,
1718 2384 1786 2441 ad
1813 2385 1957 2439 inse-

388 2487 629 2558 quendos
668 2486 808 2550 illos,
864 2487 952 2556 qui
981 2486 1146 2557 ipsam
1170 2484 1430 2548 oderunt,
1487 2493 1667 2550 turpes
1696 2495 1758 2534 ac
1785 2478 1961 2534 defor-

395 2595 509 2634 mes
536 2577 803 2643 homines,
829 2577 917 2647 qui
942 2593 1007 2631 ne
1033 2575 1216 2630 videre
1254 2573 1466 2644 quidem
1516 2573 1681 2642 ipsam
1726 2569 1912 2625 volunt
1940 2609 1958 2635 ,

389 2671 477 2739 qui
525 2669 769 2739 quoniam
801 2668 880 2721 sui
911 2682 1096 2721 amore
1143 2675 1352 2734 captam
1389 2662 1591 2728 vident,
1620 2661 1846 2717 oderunt
1893 2659 1960 2713 il-

393 2762 494 2814 lum
527 2778 540 2814 ε
574 2759 698 2829 quid
723 2775 969 2830 umquam
1000 2757 1248 2812 furiosius
1274 2753 1464 2809 fuerit?
1486 2753 1695 2808 Nullum
1721 2751 1860 2806 enim
1889 2750 1962 2804 ita

393 2852 618 2906 oderunt
647 2851 782 2905 bene
812 2850 984 2915 multi,
1018 2859 1072 2903 ut
1097 2863 1190 2904 eos
1220 2846 1311 2918 qui
1337 2860 1488 2900 suam
1528 2859 1684 2914 opem
1722 2851 1966 2913 quaerunt

401 2945 466 2998 ad
497 2945 714 3013 gloriam
761 2942 1070 3012 parandam.
1113 2941 1254 2995 Mille
1307 2953 1532 3007 namque
1568 2935 1966 2991 criminationes

397 3036 653 3091 adversus
683 3052 776 3091 eos
795 3037 1140 3106 conﬁngunt:
1175 3033 1508 3102 idipsumque
1537 3030 1593 3082 Iit
1616 3071 1630 3093 ,
1673 3044 1736 3082 ac
1775 3027 1818 3082 si
1850 3028 1966 3095 quis
1999 3017 2010 3028 ’

399 3127 654 3198 virginem
684 3129 820 3198 regis
851 3128 1036 3192 ﬁliam,
1065 3141 1128 3181 ex
1153 3125 1298 3194 regio
1329 3123 1462 3178 solio
1495 3121 1751 3190 dejectam
1770 3163 1784 3184 ,
1811 3119 1966 3190 jube-

400 3231 480 3275 ret
547 3220 934 3291 gladiatoribus
995 3217 1164 3288 ipsam
1225 3215 1602 3272 aversantibus
1663 3228 1780 3268 sese
1843 3226 1970 3281 pro-

406 3315 648 3367 sntuere.
674 3312 736 3366 lli
762 3312 928 3376 enim,
949 3318 1145 3381 quanto
1161 3309 1330 3379 magis
1349 3307 1493 3377 ipsos
1513 3303 1829 3375 insequeris,
1850 3313 1968 3358 tan-

404 3415 458 3460 to
485 3404 653 3474 magis
679 3411 732 3458 te
761 3413 1108 3457 aversantur:
1168 3401 1307 3455 Deus
1345 3410 1542 3463 autem,
1564 3407 1760 3468 quanto
1809 3398 1973 3466 majo-

405 3513 514 3551 rem
542 3498 609 3551 ab
631 3497 743 3566 ipso
770 3496 992 3567 gloriam
1015 3495 1210 3564 qumris
1237 3537 1252 3559 ,
1296 3503 1441 3548 tanto
1468 3492 1634 3562 magis
1657 3501 1708 3547 te
1737 3491 1895 3546 trahit
1921 3501 1976 3546 et

405 3589 603 3655 laudal,
637 3601 985 3659 magnamque
1015 3587 1108 3640 tibi
1155 3587 1454 3640 mercedem
1483 3585 1679 3639 tribuit.
1708 3584 1762 3639 Si
1805 3583 1976 3652 placet

405 3693 581 3736 autem
609 3689 664 3736 et
691 3680 903 3735 aliunde
931 3689 1187 3750 quantum
1225 3679 1293 3734 sit
1336 3680 1585 3734 damnum
1616 3677 1741 3731 illud
1773 3675 1978 3732 edisce-

409 3789 487 3839 re,
507 3771 718 3842 quando
760 3771 855 3827 das
878 3772 942 3826 ad
989 3771 1396 3825 ostentationem
1422 3777 1477 3825 et
1507 3769 1711 3825 laudem
1740 3813 1754 3834 ,
1803 3778 1977 3824 tecum

412 3879 594 3936 reputa
627 3874 855 3937 quantus
886 3865 976 3920 tibi
1003 3863 1156 3920 dolor
1180 3865 1399 3919 accedat
1427 3879 1441 3928 ;
1469 3873 1523 3918 et
1551 3879 1707 3934 quam
1737 3862 1980 3917 assiduus

412 3975 630 4026 nimror,
658 3957 873 4014 Christo
903 3957 995 4012 tibi
1022 3947 1312 4028 inspirante
1339 3973 1402 4013 ac
1423 3957 1651 4021 dicente,
1700 3957 1981 4012 Perdidisti

412 4065 627 4105 onmem
657 4048 953 4104 mercedem
985 4059 1124 4103 tuam
1150 4049 1169 4121 (
1195 4049 1383 4104 Matth.
1409 4049 1462 4105 6.
1490 4049 1580 4119 2).
1613 4049 1818 4120 Ubique
1848 4064 1981 4103 vana

412 4142 580 4212 gloria
607 4142 767 4208 mala,
799 4141 1036 4196 maxime
1062 4155 1192 4196 vero
1213 4139 1425 4211 quando
1449 4141 1811 4196 misericordia
1833 4141 1984 4196 exhi-

416 4238 589 4303 betur,
623 4236 673 4291 id
700 4236 842 4308 quod
868 4245 1105 4291 extrema
1123 4234 1410 4290 crudelitas
1429 4234 1757 4306 est,quando
1781 4235 1848 4290 de
1863 4235 1985 4289 alio-

421 4345 538 4383 rum
584 4328 883 4383 calamitate
924 4343 1044 4383 sese
1081 4325 1320 4393 extollit,
1377 4333 1431 4381 et
1474 4327 1622 4396 quasi
1670 4325 1988 4396 pauperibus

416 4420 723 4488 eXprobrat.
746 4419 876 4474 Nam
904 4419 949 4474 si
967 4433 1060 4474 sua
1083 4419 1282 4474 referre
1303 4418 1582 4484 beneﬁcia,
1612 4418 1664 4473 id
1700 4418 1984 4473 conviciari

417 4522 528 4569 est:
557 4513 623 4567 ad
648 4513 779 4567 alios
799 4513 995 4568 multos
1021 4511 1110 4566 illa
1141 4511 1447 4579 traducere,
1473 4511 1596 4582 quid
1619 4525 1738 4566 esse
1751 4511 1988 4566 dixeris?

416 4606 694 4674 Quomodo
725 4618 851 4678 ergo
885 4605 988 4663 hoc
1036 4605 1234 4661 malum
1280 4605 1582 4677 fugiemus?
1632 4605 1688 4661 Si
1725 4605 1991 4662 discamus

417 4698 683 4771 quomodo
705 4699 950 4755 misereri
976 4700 1266 4769 oporteat;
1315 4698 1361 4753 si
1405 4697 1807 4754 consideremus
1851 4713 1990 4770 quo-

419 4806 661 4846 rumuam
688 4790 912 4860 gloriam
954 4791 1264 4860 quaerimus.
1293 4790 1386 4846 Dic
1411 4791 1566 4859 mihi,
1611 4789 1732 4862 quis
1756 4790 1992 4846 eleemo-

423 4898 566 4956 synm
596 4882 783 4938 artifex
809 4884 931 4939 est?
957 4883 1055 4952 Qui
1079 4900 1192 4940 rem
1223 4884 1366 4940 illam
1390 4883 1590 4952 docuit,
1621 4899 1812 4955 nempe
1829 4885 1990 4952 Deus,

420 4976 544 5046 quid
591 4976 715 5032 illud
747 4976 978 5031 maxime
1034 4977 1214 5044 novit,
1245 4985 1300 5032 et
1346 4977 1398 5032 in
1450 4977 1710 5032 inﬁnitum
1755 4987 1988 5033 exercet.

420 5065 556 5135 Quid
586 5067 748 5138 ergo?
775 5067 820 5122 si
854 5068 1151 5137 palzestram
1183 5068 1415 5124 disceres
1435 5111 1452 5135 ,
1488 5068 1554 5123 ad
1605 5084 1738 5140 quos
1765 5070 1996 5139 respice-

423 5173 525 5223 res,
554 5175 620 5214 an
648 5159 715 5215 ad
742 5175 862 5214 eum
888 5161 976 5231 qui
999 5161 1147 5216 olera
1167 5161 1370 5229 vendit,
1389 5173 1444 5217 et
1468 5163 1660 5231 pisces,
1689 5179 1756 5218 an
1782 5165 1850 5219 ad
1886 5179 1997 5234 pa:-

427 5251 688 5307 ilotribam
715 5253 740 5307 ?
763 5250 918 5309 Certe
961 5255 1034 5310 illi
1062 5254 1210 5309 multi
1237 5264 1380 5322 sunt,
1422 5255 1507 5310 hic
1546 5271 1680 5313 unus
1705 5266 1809 5314 est.
1847 5257 1983 5326 Quid

425 5359 580 5414 ergo,
606 5345 648 5398 si
673 5343 765 5399 illo
793 5355 843 5400 te
870 5345 1165 5402 admirante
1209 5348 1298 5402 alii
1342 5348 1660 5414 irriderent,
1716 5365 1894 5406 annon
1941 5361 1998 5408 tu

424 5450 545 5489 cum
572 5435 663 5490 illo
689 5435 835 5506 ipsos
866 5437 1160 5493 irrideres?
1203 5438 1339 5505 Quid
1368 5438 1414 5496 si
1453 5441 1743 5511 pugilatum
1794 5441 2001 5498 edisce-

429 5527 552 5583 res?
576 5544 754 5584 annon
778 5531 1025 5586 similiter
1049 5530 1116 5586 ad
1141 5546 1261 5587 eum
1288 5534 1605 5604 reSpiceres,
1635 5535 1724 5604 qui
1754 5550 1816 5590 ea
1838 5535 1890 5590 in
1917 5549 2004 5590 ar-

429 5626 483 5675 ιε
506 5619 695 5677 doctor
712 5622 837 5678 est?
879 5623 936 5679 Si
964 5623 1150 5680 orandi
1194 5624 1426 5681 studium
1454 5625 1772 5696 susciperes,
1825 5641 2003 5684 annon

432 5715 664 5772 rhetoris
688 5715 869 5776 laudes
898 5720 1170 5792 exciperes
1196 5763 1214 5789 ,
1256 5721 1479 5778 aliorum
1505 5737 1633 5779 vero
1684 5729 1995 5780 contemne-

1329 340 1393 398 ΙΝ
1428 337 1836 398 ΜᾹΤΤΗιΕυΜ
1874 340 2101 398 IIOMIL.
2145 341 2328 400 LXX].
2361 344 2435 399 al.
2475 343 2683 402 LXXII.

3525 352 3629 408 666

2045 453 2168 508 res?
2187 455 2470 520 Quomodo
2495 471 2624 529 ergo
2647 458 2936 516 absurdum
2981 475 3086 515 non
3130 459 3290 516 fuerit
3317 503 3331 528 ,
3393 463 3455 518 in-
3503 465 3628 521 aliis

2056 545 2263 600 artibus
2287 546 2356 600 ad
2385 547 2659 604 doctorem
2690 558 2892 606 tantum
2915 552 3204 622 respicere,
3229 552 3316 609 hic
3335 569 3464 610 vero
3488 565 3622 611 cou-

2046 636 2274 691 trarium
2317 637 2518 703 facere,
2547 642 2758 696 etiamsi
2791 658 2896 697 non
2928 658 3022 713 par
3050 646 3300 716 utrinque
3354 647 3424 702 sit
3469 647 3619 704 dare-

2045 729 2209 781 num?
2242 728 2495 796 lbienim,
2517 733 2559 787 si
2590 735 2656 789 ad
2685 735 2824 806 vulgi
2853 737 3122 806 placitum,
3155 755 3258 794 non
3280 740 3346 796 ad
3359 741 3626 808 doctoris,

2047 833 2270 889 pugnes,
2302 822 2353 876 in
2383 838 2556 895 pugna
2601 835 2771 881 totum
2815 828 3196 885 detrimentum
3232 842 3344 899 est;
3381 832 3465 888 hic
3495 849 3627 888 vero

2054 927 2108 965 ιη
2142 911 2256 966 vita
2277 920 2498 966 aeterna.
2531 910 2844 970 Secundum
2873 915 3300 970 misericordiam
3334 915 3622 972 similises

2057 1002 2164 1059 Deo
2187 1023 2200 1058 :
2223 1015 2341 1060 esto
2371 1005 2536 1072 igitur
2561 1006 2635 1059 illi
2664 1006 2883 1073 similis,
2920 1009 3336 1065 ostentationem
3367 1010 3614 1068 vitando.

2050 1093 2270 1150 Dicebat
2290 1096 2434 1150 enim
2463 1096 2554 1152 ille
2579 1111 2698 1152 cum
2729 1108 2946 1153 curaret
2970 1137 2986 1162 ,
3020 1098 3217 1152 nemini
3262 1108 3322 1152 ut
3360 1096 3622 1153 dicerent.

2048 1185 2152 1240 Sed
2185 1187 2267 1241 vis
2295 1187 2603 1243 misericors
2624 1189 2763 1258 apud
2789 1190 3032 1244 homines
3048 1190 3268 1245 vocari?
3312 1188 3448 1258 Quid
3502 1188 3632 1243 inde

2050 1276 2227 1332 lucri?
2281 1277 2424 1332 Nihil
2477 1280 2688 1350 utique,
2732 1281 2824 1335 sed
2865 1281 3119 1336 damnum
3187 1281 3472 1336 inﬁnitum.
3523 1279 3634 1351 Ipsi

2050 1378 2214 1436 enim,
2242 1388 2380 1443 quos
2403 1374 2468 1427 ad
2496 1375 2856 1429 testimonium
2883 1389 3063 1440 vocas,
3086 1374 3228 1429 fures
3256 1385 3382 1429 sunt
3412 1373 3630 1429 thesau-

2053 1482 2231 1521 rorum
2257 1468 2310 1521 in
2337 1467 2484 1522 czelis
2530 1469 2919 1537 repositorum;
2963 1470 3071 1523 imo
3101 1468 3348 1534 nonilli,
3389 1468 3500 1523 sed.
3533 1482 3638 1522 nos

2055 1558 2153 1628 ipsi
2180 1559 2272 1628 qui
2301 1568 2483 1613 nostra
2515 1559 2667 1614 nobis
2696 1559 2958 1625 furamur,
2982 1569 3036 1616 et
3058 1575 3177 1630 quae
3194 1561 3246 1615 in
3277 1561 3408 1615 cado
3457 1560 3637 1630 positae

2055 1659 2179 1706 sunt
2209 1651 2550 1722 dissipamus.
2597 1651 2642 1708 0
2694 1668 2883 1707 novam
2934 1653 3322 1708 calamitatem!
3356 1669 3389 1709 ο
3416 1661 3630 1722 stupen-

2055 1744 2181 1797 dum
2208 1745 2486 1799 morbum!
2518 1745 2618 1802 Ubi
2654 1747 2794 1801 tinea
2821 1761 2927 1800 non
2975 1745 3266 1800 demolitur
3290 1789 3305 1812 ,
3353 1747 3437 1801 ubi
3490 1745 3641 1800 fures

2065 1852 2169 1889 non
2224 1835 2523 1900 effodiunt,
2570 1852 2702 1890 vana
2733 1838 2901 1906 gloria
2954 1838 3195 1908 dissipat.
3238 1838 3362 1892 llaec
3385 1838 3633 1892 esttinea

2057 1928 2289 1982 c:elestis
2317 1929 2582 1994 thesauri,
2607 1927 2694 1984 hic
2725 1929 2809 1983 fur
2834 1930 3121 1999 opulentia:
3147 1930 3400 1995 caelestis,
3429 1930 3518 1997 qui
3550 1930 3634 1983 di-

2058 2021 2215 2074 vitias
2247 2021 2366 2076 illas
2399 2030 2513 2076 tuto
2532 2023 2820 2078 collocatas
2858 2024 3073 2094 abripit.
3129 2023 3240 2079 Hoc
3292 2023 3470 2078 omnia
3517 2039 3638 2094 pes-

2059 2112 2270 2167 sumdat
2317 2123 2372 2168 et
2429 2113 2623 2185 perdit.
2673 2113 2807 2184 Quia
2873 2116 3016 2171 enim
3064 2115 3197 2171 vidit
3257 2115 3536 2180 diabolus,
3585 2125 3640 2170 et

2060 2203 2265 2260 furibus
2306 2216 2361 2260 et
2407 2206 2581 2261 vermi
2620 2206 2844 2274 aliisque
2890 2204 3096 2260 insidiis
3145 2207 3472 2260 inaccessum
3520 2218 3642 2260 esse

2059 2295 2234 2350 locum
2263 2295 2546 2366 illum,'per
2565 2311 2753 2352 vanam
2779 2297 3003 2368 gloriam
3022 2297 3234 2353 divitias
3255 2296 3371 2352 illas
3392 2295 3638 2366 subripit.

2132 2389 2188 2443 4.
2251 2387 2691 2456 Quemadmodum
2717 2389 2856 2445 Deus
2876 2390 2967 2444 sub
2983 2390 3206 2461 mysterii
3228 2390 3336 2444 velo
3358 2405 3505 2444 suam
3547 2389 3644 2442 mi-

2061 2479 2386 2533 sericordiam
2425 2479 2638 2550 largitur
2672 2490 2722 2534 et
2750 2479 3000 2552 signiﬁcat
3019 2521 3036 2548 ,
3059 2481 3132 2535 sic
3159 2496 3252 2535 uos
3279 2479 3642 2550 eleemosyuam

2064 2580 2288 2625 nostram
2300 2571 2550 2626 occultare
2573 2571 2825 2626 debemus.
2853 2602 2925 2612 —-
2948 2570 3054 2628 Sed
3083 2571 3267 2642 gloriae
3291 2569 3514 2641 cupidus
3537 2583 3602 2626 es
3621 2570 3648 2622 ἒ

2067 2665 2256 2717 Annon
2299 2664 2391 2718 tibi
2419 2665 2548 2719 satis
2579 2675 2661 2719 est
2698 2663 2788 2718 illa
2816 2679 2973 2734 quam
3001 2663 3070 2719 ab
3095 2663 3390 2734 accipiente
3437 2661 3599 2718 habes
3629 2702 3644 2722 .

2067 2769 2096 2806 a
2124 2753 2504 2823 benignissimo
2522 2753 2654 2820 Deo,
2681 2754 2776 2810 sed
2802 2755 2960 2810 etiam
2987 2754 3210 2824 gloriam
3237 2752 3376 2824 apud
3404 2753 3648 2809 homines

2067 2847 2304 2916 quaeris?
2360 2845 2492 2901 Vide
2517 2862 2588 2902 ne
2629 2849 2955 2902 contrarium
3003 2847 3254 2917 patiaris;
3307 2861 3375 2901 ne
3416 2845 3538 2916 quis
3587 2855 3640 2899 te

2071 2938 2291 2993 damnet
2319 2939 2468 3008 quasi
2505 2954 2610 2994 non
2640 2940 2982 2995 miserantem
3011 2980 3026 3004 ,
3056 2938 3154 2995 sed
3181 2937 3340 2994 Iastui
3389 2947 3444 2993 et
3485 2937 3652 2991 ambi-

2071 3032 2200 3087 tioni
2229 3031 2486 3096 deditum,
2515 3042 2672 3102 atque
2690 3033 2891 3087 alienas
2914 3032 3237 3087 calamitates
3268 3031 3648 3086 traducentem.

2073 3127 2204 3180 Nam
2237 3127 2548 3196 mysterium
2578 3137 2660 3181 est
2687 3127 3049 3196 eleemosyna.
3073 3124 3272 3179 Claude
3292 3137 3422 3194 ergo
3438 3126 3648 3192 januas,

2075 3233 2143 3272 ne
2189 3216 2308 3287 quis
2353 3217 2442 3270 illa
2481 3218 2660 3272 videat
2709 3231 2830 3288 qua:
2881 3224 3152 3271 ostentare
3199 3214 3351 3270 nefas
3391 3223 3494 3269 est.
3541 3213 3654 3268 Hoc

2074 3310 2272 3381 quippe
2300 3321 2422 3365 sunt
2453 3311 2682 3366 maxime
2701 3311 2953 3382 mysteria
2994 3318 3173 3384 nostra
3198 3350 3214 3375 ,
3247 3307 3610 3363 misericordia
3636 3349 3651 3370 ,

2077 3413 2133 3459 et
2179 3404 2479 3474 benignitas
2537 3405 2671 3459 Dei:
2722 3418 2844 3458 nam
2891 3401 3183 3457 secundum
3234 3399 3657 3456 misericordiam

2079 3515 2229 3555 Suam
2268 3515 2513 3570 magnam
2543 3513 2641 3554 nos
2662 3499 3071 3568 inobsequentes
3111 3496 3396 3550 miseratus
3436 3501 3536 3548 est.
3581 3493 3648 3546 Et

2081 3592 2250 3661 prima
2279 3591 2535 3661 precatio,
2559 3605 2718 3659 quam
2763 3605 2858 3656 pro
2879 3587 3252 3658 energumenis
3300 3585 3616 3641 adhibemus
3637 3627 3654 3653 ,

2082 3681 2462 3736 misericordia:
2502 3681 3012 3736 commemoratione
3060 3680 3217 3749 plena
3256 3689 3379 3743 est;
3427 3676 3658 3732 secunda

2082 3790 2312 3846 quoque,
2340 3790 2436 3844 pro
2459 3775 2522 3829 iis
2543 3775 2631 3845 qui
2658 3775 2712 3829 in
2736 3775 3045 3844 paenitentia
3067 3782 3213 3840 sunt,
3243 3773 3464 3827 multam
3493 3773 3656 3828 mise-

2082 3861 2368 3924 ricordiam
2414 3868 2673 3938 postulat:
2724 3868 2878 3923 tertia
2920 3867 3166 3932 demum,
3197 3881 3294 3935 pro
3323 3865 3476 3920 nobis
3510 3864 3661 3935 ipsis,

2084 3961 2265 4032 populi
2289 3959 2516 4015 infantes
2541 3959 2857 4016 innocentes
2883 3958 3121 4025 inducit,
3157 3959 3324 4013 Deum
3351 3957 3419 4012 ad
3449 3958 3663 4012 miscri-

2086 4052 2323 4107 cordiam
2354 4058 2724 4121 provocantes.
2756 4050 2887 4120 Quia
2909 4051 3052 4106 enim
3099 4062 3198 4104 nos
3239 4058 3457 4119 peccata
3479 4056 3664 4103 nostra

2087 4145 2423 4210 damnamus,
2451 4159 2549 4214 pro
2596 4144 2661 4198 iis
2683 4144 2772 4214 qui
2804 4143 3026 4198 multum
3055 4149 3369 4213 peccarunt,
3407 4149 3463 4194 et
3503 4154 3664 4195 accu-

2092 4237 2198 4291 sari
2223 4235 2454 4300 debent,
2501 4249 2600 4289 nos
2642 4250 2960 4305 precamur:
2993 4249 3089 4306 pro
3119 4233 3274 4289 nobis
3319 4247 3448 4288 vero
3491 4230 3665 4302 pueri,

2093 4342 2321 4399 quorum
2347 4325 2699 4396 simplicitatis
2729 4325 3022 4380 imitatores
3047 4341 3267 4396 regnum
3294 4325 3546 4380 cmlorum
3567 4338 3665 4378 ex-

2093 4430 2321 4494 spectat.
2352 4420 2468 4492 Ipsa
2497 4420 2639 4476 enim
2669 4419 2918 4491 precandi
2959 4419 3126 4474 forma
3158 4418 3210 4474 id
3237 4418 3502 4474 ostendit:
3545 4433 3668 4473 nam

2093 4515 2180 4585 qui
2194 4513 2366 4568 instar
2381 4526 2674 4584 puerorum
2691 4513 2918 4566 humiles
2947 4521 3070 4566 sunt
3089 4521 3141 4566 et
3168 4512 3391 4578 sinceri,
3411 4511 3465 4566 hi
3493 4511 3664 4564 maxi-

2093 4624 2182 4664 me
2208 4615 2430 4678 possunt
2454 4619 2554 4676 pro
2577 4605 2684 4662 reis
2705 4604 2934 4676 precari.
2959 4604 3130 4674 Ipsum
3154 4603 3462 4674 mysterium
3499 4617 3671 4672 quan-

2095 4699 2560 4758 ttcmisericordiaa
2589 4739 2605 4766 ,
2656 4704 2868 4769 quantm
2923 4696 3264 4766 benignitatis
3308 4695 3379 4751 sit
3413 4695 3670 4765 plenum,

2103 4797 2278 4853 sciunt
2299 4795 2510 4850 initiati.
2539 4793 2608 4848 Et
2627 4801 2681 4848 tu
2703 4792 2882 4863 igitur,
2912 4805 3033 4845 cum
3053 4788 3256 4844 homini
3290 4788 3418 4842 lacis
3438 4788 3671 4842 eleemo-

2098 4902 2284 4960 synam
2304 4927 2320 4951 ,
2346 4885 2533 4942 claude
2554 4885 2769 4954 januam
2798 4892 2940 4937 tuam
2973 4899 2987 4938 :
3021 4881 3134 4952 ipse
3158 4879 3248 4950 qui
3275 4878 3500 4947 accipit,
3525 4877 3675 4932 solus

2099 4980 2296 5045 videat;
2319 4981 2425 5035 imo
2451 4977 2496 5034 si
2529 4976 2645 5032 ﬁeri
2675 4976 2863 5046 possit,
2888 4975 3086 5044 neipse
3109 4972 3343 5043 quidem.
3374 4970 3430 5027 Si
3455 4970 3673 5042 ianuam

2100 5071 2327 5142 aperias,
2353 5070 2662 5142 mysterium
2686 5077 2832 5122 tuum
2854 5075 3108 5123 ostentas.
3129 5065 3312 5136 Cogita
3337 5080 3458 5121 eum
3478 5065 3675 5134 ipsum,

2102 5179 2131 5218 a
2160 5178 2266 5235 quo
2293 5163 2512 5234 gloriam
2535 5160 2742 5230 expetis
2762 5203 2778 5227 ,
2811 5167 2862 5214 te
2889 5158 3261 5213 damnatarum
3285 5171 3425 5211 esse.
3459 5157 3514 5212 Si
3545 5155 3678 5210 ami-

2103 5273 2198 5314 cus
2223 5259 2314 5323 sit,
2361 5267 2416 5313 te
2443 5257 2581 5328 apud
2611 5270 2670 5312 se
2693 5250 3094 5316 criminabitur;
3125 5251 3174 5306 si
3218 5251 3487 5318 inimicus,
3535 5248 3680 5319 apud

2106 5353 2241 5408 alios
2271 5360 2324 5406 te
2350 5351 2624 5416 traducet,
2668 5358 2724 5404 et
2742 5345 3009 5402 contraria
3048 5341 3142 5399 tibi
3188 5345 3476 5408 evenient,
3519 5355 3678 5412 quam

2104 5443 2468 5501 desiderabas.
2496 5441 2574 5496 Tu
2603 5440 2745 5495 enim
2780 5435 3059 5509 cupiebas,
3107 5443 3166 5491 ut
3223 5435 3335 5505 ipse
3380 5433 3584 5489 diceret
3630 5442 3683 5488 te

2107 5536 2506 5593 misericordem
2531 5552 2546 5601 ;
2593 5534 2682 5590 ille
2708 5547 2840 5588 vero
2870 5545 2975 5587 non
3003 5529 3106 5584 hoc
3125 5529 3300 5593 dicet,
3331 5527 3425 5582 scd
3456 5536 3508 5582 te
3529 5540 3682 5580 vana:

2107 5629 2291 5700 gloriae
2311 5627 2562 5694 cupidum
2589 5666 2604 5691 ,
2635 5638 2817 5680 auram
2849 5621 3122 5677 hominum
3148 5627 3451 5700 captantem
3495 5616 3682 5687 appel-

2111 5699 2261 5788 labit,
2289 5719 2494 5791 aliaque
2520 5717 2760 5789 graviora
2790 5714 3023 5788 adiiciet.
3050 5713 3142 5772 Sin
3171 5699 3517 5770 occulta'veris
3541 5753 3560 5780 ,
3585 5709 3672 5767 his
