4130 6374
499 293 600 349 δ67

501 409 723 464 omnino
747 406 1012 463 contraria
1039 405 1197 469 dicet,
1251 403 1536 474 benignum
1564 401 2076 472 misericordemque

502 486 806 569 appella-bit.
838 499 1020 569 Neque
1043 499 1185 554 enim
1217 497 1355 552 Deus
1385 497 1499 551 lucc
1520 496 1773 550 occultari
1805 494 2080 564 permittit.

503 593 560 646 Si
605 601 661 646 tu
686 592 1056 658 occultaveris,
1091 591 1179 646 ille
1208 588 1544 644 manifestum
1575 587 1796 644 reddet:
1831 586 1953 642 hinc
1969 602 2082 640 ma-

499 685 586 754 jor
615 683 898 738 admiratio
921 691 976 738 et
995 683 1262 751 copiosius
1290 682 1498 736 lucrum
1547 679 1774 735 accedit.
1808 679 1992 748 Itaque
2016 677 2084 732 ad

501 775 725 846 gloriam
753 774 1042 846 parandam
1064 773 1229 828 ofﬁcit
1265 772 1585 836 ostentatio;
1616 771 1682 826 ad
1717 771 1766 825 id
1794 771 1936 840 quod
1965 769 2085 824 dili-

503 876 691 937 genter
711 865 1018 937 quaerimus,
1051 864 1204 919 obest
1226 865 1314 919 illa
1339 864 1454 934 ipsa
1476 864 1764 933 inquisitio.
1787 862 1902 917 Non
1926 862 2084 918 modo

503 961 644 1014 enim
672 957 1050 1014 misericordia:
1073 957 1281 1013 laudem
1306 972 1410 1012 non
1428 957 1751 1028 acquirimus
1781 997 1798 1024 ,
1829 955 1924 1012 sed
1951 971 2082 1011 con-

506 1080 1848 1093 I-—w’

1309 286 1366 344 S.
1398 286 1674 344 JOANNIS
1709 284 2176 342 CI'IRYSOS'I'OMI
2212 284 2526 342 ARCHIEP.
2567 284 3094 344 CONSTANTINOP.

3657 287 3760 344 668

2197 401 2413 456 trarium
2441 404 2812 474 assequimur:
2842 405 2908 459 ad
2929 403 3046 459 haec
3065 417 3190 459 vero
3214 402 3438 458 multum
3459 401 3582 460 hinc
3607 403 3760 458 dam-

2187 495 2239 547 ni
2286 494 2439 549 nobis
2466 495 2658 550 oritur.
2713 495 2915 551 Horum
2951 497 3128 566 itaque
3173 495 3412 549 omnium
3457 509 3618 549 causa
3649 495 3760 548 ina-

2185 601 2308 640 nem
2329 586 2552 656 gloriam
2581 603 2894 658 respuamus
2915 631 2930 656 ,
2960 588 3237 658 solamque
3263 587 3358 641 Dei
3387 587 3608 658 gloriam
3636 585 3759 641 dili-

2186 695 2391 750 gamus.
2420 679 2509 736 Sic
2549 682 2692 736 enim
2746 692 2800 737 ct
2849 681 3070 752 gloriam
3108 680 3197 734 hic
3240 695 3651 750 consequemur,
3707 687 3762 733 et

2187 772 2404 827 aeternis
2429 771 2667 828 fruemur
2691 772 2868 839 bonis,
2890 773 3060 844 gratia
3108 781 3164 829 et
3191 773 3517 844 benignitate
3547 772 3760 827 Domini

2187 867 2353 920 nostri
2375 865 2503 921 Jesu
2533 867 2756 933 Christi,
2783 869 2870 921 cui
2901 866 3067 937 gloria
3097 876 3153 922 et
3182 866 3461 936 imperium
3481 867 3532 920 in
3564 865 3759 922 saecula

2188 959 2523 1013 saeculorum.
2549 960 2742 1015 Amen.

1531 1141 1876 1203 HOMILIA
1922 1139 2177 1201 LXXII.
2225 1140 2311 1201 al.
2358 1140 2638 1201 LXXIII.

503 1292 627 1346 (ΣΛΡ.
680 1291 769 1346 25»
818 1308 871 1345 v.
925 1293 977 1346 1.
1029 1289 1168 1344 Tunc
1209 1289 1358 1344 Jesus
1408 1291 1643 1359 loquutus
1702 1300 1771 1344 est
1820 1289 1975 1343 turbis
2039 1300 2086 1342 et

576 1380 837 1450 discipulis
883 1383 988 1435 suis
1007 1423 1022 1447 ,
1049 1381 1103 1434 2.
1136 1380 1305 1433 dicens
1325 1397 1343 1433 :
1373 1376 1539 1445 super
1569 1381 1860 1434 cathedram
1894 1379 2086 1450 Moysis

576 1473 810 1528 sederunt
829 1472 1011 1526 scriba:
1024 1482 1070 1526 et
1096 1470 1364 1526 Pharisaei.
1391 1473 1444 1528 5.
1472 1472 1654 1525 Omnia
1680 1490 1816 1544 ergo,
1842 1488 2088 1542 qutrcnm-

575 1583 668 1638 que
695 1567 914 1620 dixerint
943 1565 1099 1629 vobis,
1134 1565 1286 1634 facite
1308 1581 1326 1618 :
1352 1565 1627 1617 secundum
1672 1581 1824 1634 Opera
1849 1581 1962 1618 vero
2000 1581 2086 1616 eo-

575 1673 685 1709 rum
710 1674 810 1711 non
835 1657 1037 1728 facite‘.

582 1749 632 1802 l.
664 1747 824 1811 Tunc,
859 1747 1234 1818 quandonam?
1286 1747 1508 1816 Quando
1539 1746 1652 1801 haec
1675 1747 1844 1811 dixit;
1873 1746 2087 1818 quando

507 1839 632 1907 ipsis
651 1839 921 1893 silentium
951 1839 1218 1907 imposuit;
1247 1838 1458 1909 quando
1487 1838 1564 1892 sic
1586 1839 1864 1906 repressit,
1896 1847 1951 1891 ut
1975 1853 2078 1891 non

505 1930 762 1986 auderent
786 1931 919 1984 ultra
949 1930 1122 2000 ipsum
1155 1939 1392 1995 tentare;
1422 1929 1635 2001 quando
1664 1931 1897 1984 ostendit
1939 1930 2082 2000 ipsos

506 2021 776 2076 incurabili
800 2021 989 2076 morbo
1010 2021 1272 2076 laborare.
1301 2021 1496 2076 Verum
1518 2023 1766 2090 quoniam
1792 2021 1999 2075 Domini
2026 2031 2080 2075 et

517 2110 1065 2168 Domini'mentiouem
1099 2112 1256 2178 fecit,
1293 2127 1483 2167 rursus
1520 2112 1584 2164 ad
1617 2112 1784 2182 legem
1839 2113 2084 2166 recurrit.

505 2204 665 2274 Atqui
693 2205 799 2268 lex,
830 2204 1067 2273 inquies,
1103 2203 1232 2258 nihil
1264 2203 1563 2273 hujusmodi
1592 2203 1760 2268 dixit;
1817 2203 1912 2258 sed
1935 2245 1949 2267 ,
1982 2203 2088 2257 Do-

507 2298 672 2352 minus
695 2296 830 2352 Deus
851 2309 987 2362 tuus,
1014 2297 1263 2352 Dominus
1284 2314 1415 2350 unus
1448 2307 1519 2351 est
1545 2296 1562 2367 (
1584 2295 1737 2350 Deut.
1769 2295 1822 2351 6.
1850 2297 1884 2350 4
1911 2297 1952 2366 ).
1981 2294 2084 2350 Ve-

511 2405 628 2443 rum
653 2389 737 2444 lex
765 2389 816 2444 in
839 2390 1114 2460 Scriptura
1140 2398 1306 2445 totum
1334 2389 1500 2445 Vetus
1520 2389 1917 2444 Testamentum
1943 2388 2081 2443 dici-

507 2490 613 2534 tur.
647 2480 771 2536 llaec
813 2497 975 2552 porro
997 2481 1124 2536 dicit
1155 2523 1170 2546 ,
1197 2481 1480 2536 ostendens
1511 2496 1609 2551 per
1628 2482 1805 2535 omnia
1837 2496 2080 2551 magnam

503 2589 653 2628 suam
680 2589 798 2630 cum
832 2574 989 2630 Patre
1022 2576 1383 2631 concordiam.
1434 2575 1563 2628 Nam
1590 2574 1632 2630 si
1669 2578 1968 2633 contrarius
1998 2591 2084 2630 es-

505 2666 962 2729 set,coutrarium
1017 2667 1156 2720 circa
1211 2667 1378 2735 legem
1428 2666 1662 2729 diceret;
1720 2681 1862 2721 nunc
1903 2677 2082 2721 autem

507 2766 702 2810 tantam
729 2757 881 2825 jubet
922 2773 1045 2827 erga
1093 2758 1260 2827 ipsam
1297 2757 1537 2813 exhiberi
1591 2758 1982 2824 reverentiam,
2028 2766 2085 2811 ut

506 2848 604 2900 etsi
631 2848 866 2918 corrupti
891 2847 1138 2904 doctores
1163 2859 1335 2913 erant,
1370 2849 1514 2903 illam
1549 2858 1724 2904 tamen
1747 2849 1931 2919 jubeat
1960 2864 2076 2903 ser-

505 2941 636 2994 vari.
663 2941 759 2996 llic
785 2957 912 2996 vero
937 2943 1097 2996 etiam
1121 2943 1189 2998 de
1217 2943 1337 2996 vita:
1361 2942 1600 2997 instituto
1627 2943 1771 3013 agit,
1801 2942 1922 3012 quia
1952 2940 2081 2995 illud
2117 2975 2124 2982 -

505 3033 736 3087 maxime
765 3049 922 3088 causa
954 3033 1347 3090 incredulitatis
1402 3035 1530 3106 ipsis
1570 3045 1706 3100 erat,
1748 3035 1851 3089 vita
1888 3050 2082 3105 nempe

504 3135 771 3198 corrupta,
804 3139 857 3183 et
883 3129 1066 3198 gloria:
1093 3144 1264 3184 amor.
1297 3129 1582 3185 Auditores
1612 3130 1770 3200 igitur
1799 3139 1855 3184 ut
1885 3144 2076 3183 emen-

506 3218 616 3284 det,
648 3219 774 3276 illud
821 3221 1050 3276 maxime
1086 3219 1239 3291 jubet
1283 3220 1424 3291 quod
1464 3222 1690 3291 primum
1740 3221 1808 3276 ad
1854 3221 2078 3276 salutem

504 3309 868 3372 conducebat,
900 3327 1090 3381 nempe
1135 3311 1380 3367 doctores
1429 3329 1534 3367 non
1582 3322 1953 3378 contemnere,
1983 3329 2083 3368 nec

504 3413 690 3458 contra
716 3404 1022 3461 sacerdotes
1043 3406 1337 3476 insurgere.
1364 3405 1548 3476 Neque
1575 3405 1734 3464 modo
1767 3406 1941 3477 jubet,
1985 3406 2080 3461 sed

503 3498 664 3552 etiam
697 3499 809 3567 ipse
838 3508 1033 3554 servat.
1063 3499 1194 3554 Nam
1221 3513 1502 3570 corruptos
1545 3501 1660 3554 illos
1687 3516 1719 3556 e
1763 3500 1928 3571 gradu
1975 3515 2079 3554 non

502 3588 722 3659 dejicit;
749 3605 852 3659 qua
879 3591 1085 3646 ratione
1111 3591 1215 3647 illis
1239 3595 1451 3663 gravius
1487 3593 1742 3662 judicium
1761 3591 2081 3654 attrahebat,

507 3681 747 3752 disipulis
769 3698 894 3737 vero
917 3685 1113 3738 nullam
1163 3685 1499 3756 relinquebat
1526 3686 1900 3741 iuobedienliaa
1927 3699 2083 3740 occa-

503 3777 733 3829 sionem.
765 3774 842 3829 Ne
879 3777 1000 3846 quis
1055 3791 1214 3847 porro
1243 3777 1476 3844 diceret,
1504 3778 1638 3846 Quia
1670 3779 1941 3848 improbus
1980 3776 2081 3832 do-

505 3875 622 3922 clor
647 3877 746 3935 est,
781 3869 900 3924 ideo
929 3872 1143 3940 segnior
1159 3872 1302 3926 evasi
1335 3890 1346 3925 :
1381 3872 1520 3927 hunc
1547 3887 1757 3943 quoque
1803 3873 2080 3928 obtentum

505 3959 697 4015 aufert.
769 3960 858 4015 Sic
909 3977 1038 4032 ergo
1087 3963 1299 4017 illorum
1362 3963 1713 4034 principatum
1784 3964 2080 4030 constituit,

504 4053 710 4108 etiamsi
739 4054 967 4124 improbi
999 4064 1198 4121 essent,
1229 4057 1299 4110 ita
1326 4066 1384 4111 ut
1413 4067 1531 4126 post
1553 4066 1750 4111 tantam
1779 4058 1906 4126 ipsis
1934 4057 2084 4112 obla-

507 4155 613 4200 tam
644 4147 1070 4202 criminationem
1101 4149 1342 4204 diceret:
1385 4149 1588 4214 Omnia,
1633 4166 1956 4221 quarumque
1998 4149 2081 4202 di-

509 4240 673 4293 xerint
699 4241 852 4304 vobis,
887 4241 1038 4312 facile
1061 4257 1080 4294 :
1112 4257 1286 4312 neque
1312 4244 1453 4298 enim
1482 4259 1575 4298 sua
1603 4242 1809 4309 dicunt,
1841 4243 1933 4298 sed
1962 4257 2081 4311 quas

513 4330 602 4385 Dei
627 4339 769 4395 sunt,
801 4348 919 4400 qua:
941 4347 1037 4400 per
1066 4333 1282 4403 Moysen
1310 4333 1397 4387 ille
1422 4333 1693 4404 prmcepit.
1727 4334 2081 4390 Animadver-

511 4430 562 4473 te
609 4429 862 4488 quantum
907 4420 1070 4491 Moysi
1115 4421 1320 4477 deferat
1354 4422 1646 4486 honorem,
1705 4438 1886 4478 rursus
1931 4439 2082 4478 suam

511 4526 632 4565 cum
661 4512 824 4566 veteri
856 4512 972 4582 lege
1023 4513 1363 4569 concordiam
1393 4515 1702 4580 ostendens,
1750 4515 2085 4585 quandoqui-

511 4601 631 4655 dem
660 4601 784 4656 hinc
815 4603 932 4657 illos
965 4605 1299 4659 venerabiles
1339 4605 1529 4659 reddit.
1574 4606 1743 4674 Super
1793 4606 2084 4659 cathedram

515 4693 684 4764 Moysi
703 4695 957 4760 sederunt,
978 4695 1164 4764 inquit.
1190 4695 1319 4761 Quia
1361 4711 1465 4750 non
1490 4704 1695 4765 poterat
1747 4696 1864 4751 illos
1884 4712 1948 4751 ex
1977 4697 2084 4750 vita

511 4785 887 4840 commendare
910 4827 925 4852 ,
947 4802 977 4840 a
1007 4786 1198 4856 quibus
1222 4786 1415 4842 licebat
1437 4787 1487 4841 id
1511 4786 1652 4851 facit,
1678 4803 1707 4840 a
1734 4787 1862 4844 sede
1891 4803 2084 4859 nempe

512 4893 566 4930 et
587 4891 615 4929 a
643 4878 986 4934 successione
1003 4881 1045 4932 ².
1081 4879 1265 4932 Omnia
1285 4890 1459 4935 autem
1487 4894 1606 4935 cum
1629 4880 1801 4946 audis,
1827 4897 1894 4936 ne
1917 4891 2078 4936 totam

516 4969 686 5038 legem
712 4984 831 5024 esse
861 4980 1046 5040 putes;
1091 4971 1158 5026 de
1183 4971 1316 5026 cibis
1346 4987 1537 5042 nempe
1557 5013 1572 5038 ,
1613 4972 1680 5028 de
1708 4975 1984 5030 sacrificiis
2031 4982 2088 5030 et

515 5059 797 5114 similibus.
823 5061 1102 5127 Quomodo
1122 5064 1263 5118 enim
1286 5063 1402 5119 hazc
1421 5063 1657 5120 dicturus
1679 5075 1814 5132 erat,
1841 5067 1931 5135 qui
1962 5076 2087 5122 ante

513 5151 836 5208 sustulerat?
856 5152 960 5209 Sed
987 5153 1173 5208 Omnia
1191 5154 1338 5222 dicit,
1366 5172 1485 5227 quae
1511 5172 1689 5214 mores
1714 5159 2085 5223 emendarent,

513 5247 961 5318 etcorrigerent,
1010 5264 1235 5320 qumque
1254 5265 1374 5305 cum
1423 5266 1576 5306 nova:
1625 5251 1755 5322 legis
1808 5255 2088 5323 praeceptis

519 5349 895 5411 congruerent,
921 5357 1098 5413 neque
1126 5344 1261 5397 ultra
1289 5343 1532 5400 sinerent
1553 5344 1797 5416 subjugo
1829 5346 1960 5416 legis
2003 5362 2090 5402 es-

523 5450 604 5490 se.
631 5433 742 5490 Cur
765 5449 894 5506 ergo
922 5451 1074 5490 nona
1104 5435 1221 5507 lege
1244 5438 1429 5507 gratia:
1471 5438 1524 5493 id
1571 5438 1865 5504 constituit,
1918 5439 2011 5494 sed
2059 5455 2091 5496 a

580 5587 600 5619 ι
623 5586 809 5637 'n'tulus
829 5587 954 5650 apud
964 5587 1142 5657 _Mo_rel.
1165 5590 1346 5657 desinit
1364 5590 1458 5657 hoc
1477 5591 1644 5642 mcdo:
1665 5593 1930 5657 sectatdum
1947 5605 2094 5657 opera

520 5660 630 5700 vero
649 5661 816 5699 eorum
836 5649 930 5700 non
950 5649 1096 5713 facite
1118 5664 1136 5701 :
1165 5651 1326 5703 dicam
1347 5651 1490 5710 enim,
1507 5661 1552 5704 et
1572 5665 1665 5704 non
1687 5655 1884 5715 factum.

581 5735 603 5766 =
626 5733 820 5792 Qtudam
845 5741 898 5785 et
919 5733 1082 5787 tuorcl.
1108 5735 1308 5800 habent,
1328 5735 1565 5802 doctrina,
1591 5751 1695 5802 pro,
1718 5738 2028 5792 successione.

2198 1284 2311 1352 lege
2350 1283 2586 1354 Moysis?
2612 1268 2748 1350 Quia.
2764 1293 2886 1339 ante
2913 1299 3124 1339 crucem
3145 1293 3353 1354 tempus
3375 1298 3479 1339 non
3507 1294 3617 1340 erat
3648 1286 3759 1339 lnrc

2191 1375 2338 1429 clare
2370 1376 2641 1444 loquendi.
2672 1377 2750 1431 Ad
2783 1378 2895 1434 haec
2921 1393 3048 1433 vero
3096 1378 3222 1432 mihi
3277 1377 3493 1448 quidem
3549 1379 3759 1434 videtur

2177 1459 2330 1520 aliud
2363 1466 2629 1538 quidpiam
2672 1469 2757 1522 hic
2790 1470 2935 1537 prius
2963 1468 3262 1538 providere.
3313 1471 3443 1537 Quia
3483 1472 3624 1524 enim
3671 1486 3756 1524 ac-

2190 1569 2469 1615 cusaturus
2495 1561 2610 1614 illos
2635 1573 2770 1627 erat,
2799 1577 2866 1617 ne
2894 1562 2960 1616 ab
2992 1562 3188 1616 insanis
3211 1562 3524 1632 quibusdam
3553 1572 3748 1631 putare-

2192 1659 2278 1703 tur
2317 1665 2499 1704 eorum
2549 1652 2896 1721 principatum
2945 1652 3169 1716 ambire,
3198 1662 3289 1706 aut
3313 1668 3375 1706 ex
3408 1652 3676 1706 inimicitia
3709 1652 3758 1706 id

2192 1742 2382 1806 facere,
2415 1743 2547 1797 hanc
2574 1745 2744 1813 primo
2784 1746 2920 1798 tollit
2945 1745 3322 1814 susmcionem,
3355 1757 3406 1800 et
3454 1746 3520 1799 ab
3564 1745 3663 1799 hac
3692 1746 3755 1800 li-

2193 1835 2289 1888 her
2311 1850 2564 1890 accusare
2593 1837 2794 1906 incipit.
2825 1838 2933 1893 Cur
2959 1848 3133 1892 autem
3163 1842 3334 1908 arguit
3365 1839 3503 1900 illos,
3544 1839 3758 1908 longos-

2191 1942 2291 1994 que
2311 1942 2371 1980 ea
2400 1927 2466 1982 de
2487 1945 2545 1983 re
2565 1944 2840 1985 sermones
2868 1932 3035 1986 texit?
3082 1933 3145 1986 Ut
3171 1943 3355 1986 caveat
3385 1931 3665 1987 multitudo
3696 1947 3759 1985 ne

2193 2017 2242 2070 in
2273 2018 2394 2072 talia
2425 2019 2640 2074 incidat.
2688 2021 2800 2076 Non
2827 2023 2966 2076 enim
2995 2023 3169 2077 simile
3199 2033 3279 2077 est
3307 2025 3624 2079 interdicere
3647 2065 3662 2086 ,
3709 2034 3760 2078 et

2192 2119 2471 2177 peccantes
2498 2112 2810 2167 ostendere:
2837 2115 2974 2168 sicut
3003 2131 3106 2167 non
3133 2115 3305 2169 simile
3332 2125 3413 2168 est
3441 2115 3574 2168 bona
3603 2132 3760 2184 open

2191 2199 2423 2266 laudare,
2455 2210 2506 2256 et
2535 2202 2646 2257 haec
2672 2215 2955 2273 operantes
2981 2205 3283 2260 inmedium
3306 2206 3590 2260 adducere.
3624 2206 3760 2258 Μνη-

2188 2306 2292 2360 que
2336 2291 2449 2347 haec
2473 2291 2653 2348 dicere
2684 2307 3019 2366 praeoccupat
3047 2316 3059 2350 :
3094 2297 3384 2352 Secundum
3413 2311 3581 2352 autem
3611 2317 3761 2370 opera

2187 2399 2363 2438 eorum
2389 2386 2545 2440 nolite
2583 2388 2768 2456 facere.
2816 2388 2892 2444 Ne
2922 2400 3166 2460 putarent
3189 2433 3204 2456 ,
3251 2406 3407 2461 quem
3449 2393 3633 2447 audire
3669 2408 3761 2448 eos

2188 2477 2488 2543 oportebat,
2522 2480 2680 2533 etiam
2711 2481 2901 2534 imitari
2934 2493 3202 2552 oportere,
3235 2483 3332 2538 hac
3361 2485 3528 2539 utitur
3567 2501 3751 2538 emen-

2186 2565 2423 2633 datione,
2451 2578 2503 2623 et
2533 2572 2672 2638 quod
2701 2571 2805 2626 illis
2836 2573 3110 2628 videbatur
3137 2574 3322 2629 honori
3345 2589 3463 2630 esse
3485 2617 3499 2641 ,
3534 2575 3584 2628 iu
3605 2591 3760 2630 accu-

2188 2661 2446 2713 s:itionem
2498 2663 2673 2716 Vt-rtit.
2720 2663 2854 2731 Quid
2889 2666 3029 2720 enim
3070 2667 3287 2722 doctore
3341 2668 3432 2722 illo
3479 2669 3757 2724 miserabi-

2191 2751 2292 2804 lius
2319 2792 2332 2815 ,
2377 2755 2462 2822 qui
2500 2754 2787 2826 discipulos
2813 2759 2881 2812 ita
2913 2760 3082 2813 solum
3125 2775 3338 2815 servare
3364 2761 3549 2830 possit,
3583 2761 3624 2814 si
3657 2775 3760 2814 non

2185 2846 2458 2900 attendant
2486 2848 2650 2918 ipsius
2679 2851 2962 2920 operibus?
2992 2852 3064 2907 Ita
3089 2865 3146 2908 ut
3173 2854 3264 2924 qui
3293 2853 3499 2910 videtur
3529 2855 3632 2908 illis
3661 2854 3757 2908 ho-

2186 2955 2287 2993 nor
2308 2939 2519 3007 haberi,
2553 2945 2779 2999 maxime
2804 2948 2872 3000 sit
2896 2947 3197 3014 accusatio,
3240 2947 3450 3018 quando
3475 2947 3630 3002 talem
3679 2948 3757 3001 vi-

2187 3039 2291 3084 tam
2318 3031 2536 3099 ducunt,
2575 3051 2677 3104 qua
2709 3036 3000 3092 imitatores
3030 3038 3110 3092 sui
3137 3048 3563 3107 corrumpantur.
3613 3039 3759 3094 Ideo-

2185 3139 2288 3194 que
2317 3125 2385 3179 ad
2431 3116 2771 3183 incusandos
2793 3129 2909 3185 illos
2938 3146 2997 3186 se
3020 3133 3302 3189 convertit.
3337 3133 3519 3204 Neque
3559 3149 3620 3188 ea
3668 3148 3758 3190 so.

2187 3218 2294 3272 lum
2317 3219 2384 3274 de
2411 3235 2566 3274 causa
2591 3263 2604 3284 ,
2639 3221 2731 3276 sed
2759 3232 2815 3276 ut
2854 3224 3118 3288 ostendat,
3162 3224 3581 3280 incredulitatem
3615 3227 3757 3295 prio-

2188 3329 2299 3367 rem
2323 3329 2530 3379 corum,
2563 3324 2618 3368 et
2641 3314 2983 3385 cruciﬁgendi
3016 3315 3220 3370 facinus
3249 3317 3388 3387 quod
3417 3326 3595 3386 postea
3637 3332 3755 3372 sus-

2186 3416 2460 3474 ceperunt,
2489 3420 2594 3460 non
2622 3406 2878 3474 crucifixi,
2909 3409 2992 3462 cui
3024 3423 3130 3462 non
3161 3409 3520 3475 crediderunt,
3549 3409 3756 3479 culpam

2190 3511 2331 3562 esse,
2359 3495 2455 3551 sed
2475 3493 2858 3567 improborum
2911 3500 3346 3569 ingratorumque
3371 3499 3600 3555 illorum.
3632 3501 3757 3555 Per-

2188 3589 2360 3660 pende
2387 3599 2565 3644 autem
2598 3589 2736 3645 unde
2774 3590 3010 3661 incipiat,
3039 3600 3094 3646 et
3122 3590 3260 3646 unde
3284 3593 3508 3646 crimina
3547 3601 3751 3662 augeat.

2186 3682 2405 3748 Dicunt,
2440 3684 2627 3753 inquit,
2657 3692 2702 3738 et
2723 3699 2820 3737 non
2842 3685 3051 3753 faciunt.
3076 3685 3302 3755 Singuli,
3323 3686 3512 3756 inquit,
3544 3687 3759 3755 perinde

2186 3774 2434 3843 culpandi
2478 3784 2634 3840 sunt,
2665 3775 2754 3845 qui
2797 3775 2969 3846 legem
3001 3777 3500 3848 transgrediuntur;
3532 3777 3760 3834 maxime

2187 3877 2368 3922 autem
2413 3867 2458 3923 is
2509 3866 2599 3937 qui
2637 3867 2864 3922 docendi
2910 3869 3280 3924 auctoritatem
3326 3869 3512 3925 habet:
3565 3851 3756 3939 duplici

2185 3958 2382 4029 quippe
2421 3966 2476 4014 et
2513 3958 2705 4028 triplici
2751 3958 3077 4015 damnationi
3124 3960 3389 4016 obnoxius
3435 3970 3536 4017 est.
3578 3961 3757 4016 Primo

2186 4049 2423 4120 quidem,
2467 4049 2605 4120 quod
2647 4050 3102 4122 transgrediatur;
3141 4051 3409 4116 secundo,
3453 4051 3594 4123 quod
3638 4067 3756 4108 cum

2185 4142 2318 4196 alios
2357 4141 2642 4198 emendare
2685 4141 2928 4208 deberet,
2977 4143 3170 4200 deinde
3221 4144 3362 4215 quod
3382 4144 3679 4199 claudicans
3705 4145 3756 4198 id

2187 4231 2364 4298 faciat,
2394 4232 2464 4288 ob
2494 4234 2660 4304 ipsam
2689 4233 2997 4304 dignitatem
3027 4234 3213 4305 majori
3247 4249 3401 4304 pinna
3427 4234 3618 4306 dignus
3637 4245 3755 4298 est;

2190 4325 2351 4381 tertio
2373 4367 2388 4392 ,
2417 4325 2560 4397 quod
2591 4326 2811 4395 majoris
2843 4327 3158 4396 corruptelae
3194 4341 3354 4381 causa
3394 4327 3491 4392 sit,
3539 4327 3660 4396 quia
3704 4343 3758 4380 Ill

2186 4417 2424 4473 doctoris
2441 4418 2631 4473 ordine
2658 4417 2771 4473 haac
2789 4428 3083 4489 perpetret.
3115 4418 3194 4474 Ad
3222 4423 3336 4474 haec
3378 4419 3517 4475 aliud
3549 4434 3759 4490 quoque

2186 4509 2315 4578 ipsis
2338 4509 2538 4564 crimen
2570 4508 2777 4579 objicit,
2806 4510 2949 4579 quod
2991 4525 3114 4579 erga
3143 4511 3278 4566 alios
3302 4511 3410 4565 sint
3435 4511 3614 4566 acerbi
3642 4529 3656 4566 :
3699 4512 3753 4565 4.

2185 4600 2411 4671 Alligant
2435 4600 2567 4655 enim
2593 4617 2749 4655 onera
2777 4602 2948 4672 gravia
2965 4610 3010 4654 et
3032 4602 3391 4672 importabilia,
3422 4613 3468 4656 et
3495 4603 3759 4671 imponunt

2185 4695 2237 4748 in
2257 4695 2489 4748 humeros
2509 4693 2802 4758 hominum;
2832 4695 2990 4766 digito
3017 4705 3181 4747 autent
3219 4712 3312 4749 suo
3349 4695 3524 4749 nolunt
3549 4712 3608 4749 ea
3649 4714 3759 4749 mo-

2186 4801 2317 4839 vere.
2352 4785 2622 4854 Duplicem
2654 4785 2742 4840 hic
2767 4785 3052 4855 nequitiam
3087 4797 3379 4852 memorat,
3416 4789 3556 4857 quod
3579 4803 3605 4840 a
3634 4790 3763 4842 sub-

2187 4877 2313 4932 ditis
2365 4877 2486 4932 sine
2518 4877 2619 4932 ulla
2645 4878 2798 4932 venia
2830 4877 3070 4933 sedulam
3117 4879 3391 4948 requirant
3415 4880 3532 4934 vita:
3558 4882 3758 4949 purita-

2189 4971 2650 5038 tem,multamque
2675 4969 2775 5024 sibi
2816 4969 3076 5026 licentiam
3108 4971 3440 5038 permittant;
3470 4973 3608 5042 quod
3635 4987 3763 5027 con-

2191 5064 2410 5119 trarium
2445 5071 2527 5118 est
2557 5063 2683 5118 boni
2715 5063 2968 5133 principis
3001 5063 3175 5118 officio
3195 5105 3208 5128 ,
3249 5065 3389 5134 quod
3420 5075 3502 5120 est
3523 5066 3573 5119 in
3605 5066 3762 5122 rebus

2190 5169 2251 5210 se
2295 5153 2657 5223 spectantibus
2688 5153 2921 5224 judicem
2963 5169 3082 5209 esse
3114 5169 3357 5210 severum
3388 5171 3451 5210 ac
3494 5158 3612 5212 sine
3660 5159 3761 5212 ulla

2191 5245 2345 5300 venia
2372 5261 2386 5309 ;
2430 5245 2479 5297 in
2510 5243 2838 5298 subditorum
2869 5259 2997 5298 vero
3025 5246 3256 5313 peccatis
3283 5247 3462 5301 mitem
3490 5257 3542 5302 et
3572 5249 3635 5301 ad
3671 5264 3761 5302 ve-

2191 5339 2332 5394 niam
2353 5337 2580 5392 dandam
2604 5352 2823 5406 pronum
2857 5355 2870 5391 :
2903 5336 2957 5390 hi
2970 5352 3099 5392 vero
3131 5339 3452 5393 contrarium
3479 5340 3760 5396 faciebant.

2253 5457 2309 5512 2.
2325 5456 2482 5512 Tales
2499 5463 2625 5511 sunt
2643 5453 2678 5509 ii
2695 5469 2885 5510 omnes
2905 5454 2998 5525 qui
3014 5455 3188 5512 verbis
3204 5456 3762 5528 philosophantur,-se-

2197 5550 2310 5606 veri
2332 5563 2523 5618 nempe
2539 5558 2592 5603 et
2611 5545 3085 5612 immisericordes,
3105 5559 3290 5620 utpote
3311 5552 3494 5621 operis
3527 5553 3756 5608 difﬁcul-

2201 5652 2362 5700 tatem
2394 5657 2502 5700 non
2541 5642 2762 5716 experti.
2801 5638 2914 5695 Nec
2945 5642 3154 5696 modica
3188 5651 3271 5699 est
3292 5642 3382 5699 illa
3419 5645 3755 5714 improbitas,

2203 5751 2377 5808 neque
2397 5751 2586 5806 parum
2606 5744 2764 5806 auget
2779 5733 3228 5791 criminationem.
3247 5734 3325 5790 Tu
3341 5752 3466 5792 vero
3482 5737 3610 5792 mihi
3630 5753 3761 5795 con-
