4130 6374
407 388 508 444 669

404 503 608 558 si'deres
629 501 784 555 velim
802 538 815 561 ,
844 497 1113 568 quomodo
1137 498 1340 551 crimen
1379 504 1589 564 augeat.
1614 494 1798 564 Neque
1818 501 1963 548 enin.

401 598 555 660 dixit,
576 596 689 649 Non
709 601 954 664 possunt,
970 584 1084 654 se'd,
1103 590 1336 644 Nolunt:
1352 605 1524 660 neque
1547 589 1701 653 dixit,
1725 589 1964 650 Portare,

401 691 514 754 sed,
543 688 720 758 Digito
738 701 955 751 movere,
982 685 1032 738 id
1055 693 1155 748 est,
1176 699 1273 736 nec
1297 696 1458 752 prope
1484 681 1764 743 accedere,
1790 693 1966 748 neque

408 791 642 848 tangere.
684 777 786 833 Sed
833 777 1042 831 ubinam
1085 774 1301 829 studiosi
1337 782 1390 826 et
1415 773 1694 840 diligentes
1722 766 1886 821 sunt?
1913 767 1965 818 In

407 872 683 942 prohibitis
707 887 722 936 ;
751 885 870 924 nam
895 869 970 924 ait
996 886 1009 920 :
1043 869 1094 923 5.
1131 867 1314 920 Omnia
1342 864 1470 918 enim
1487 879 1638 931 Opera
1652 878 1742 914 sua
1757 861 1966 930 faciunt,

405 974 459 1016 ut
505 962 764 1016 videantur
804 961 866 1020 ab
905 957 1198 1012 hominibus.
1227 955 1398 1009 Inanis
1425 953 1607 1024 gloriae
1631 951 1969 1020 cupiditatem

405 1067 586 1106 eorum
636 1050 718 1103 his
747 1049 1001 1112 traducit,
1030 1063 1132 1117 qua
1161 1047 1446 1115 perierunt.
1477 1044 1654 1096 Priora
1683 1041 1823 1096 enim
1847 1055 1967 1094 cru-

404 1142 632 1195 delitatis
670 1151 720 1194 et
762 1140 976 1194 desidim
1023 1150 1206 1199 erant,
1256 1137 1368 1190 haec
1396 1145 1568 1189 autem
1598 1134 1764 1186 inanis
1791 1131 1970 1198 gloria:

407 1232 726 1301 cupiditatis.
773 1231 882 1284 Hoc
927 1229 1045 1283 illos
1091 1245 1120 1280 a
1165 1230 1271 1281 Deo
1299 1226 1557 1280 removit:
1589 1224 1686 1278 huc
1716 1222 1889 1275 effecit
1918 1229 1973 1273 ut

408 1325 458 1378 in
502 1323 604 1376 alio
647 1322 850 1375 ibt-atro
892 1327 1287 1379 concertarent,
1328 1329 1379 1371 et
1427 1317 1676 1385 perirent.
1707 1313 1837 1367 Nam
1863 1312 1972 1365 suis

409 1415 793 1482 spectatoribus
830 1414 1049 1484 quisque
1080 1412 1289 1482 placere
1310 1409 1486 1466 studet
1515 1423 1606 1476 per
1626 1406 1972 1460 certaminum

407 1508 711 1576 qualitatem
742 1523 754 1558 :
787 1507 873 1576 qui
900 1515 1023 1561 ante
1047 1506 1184 1558 viros
1214 1515 1457 1557 strenuos
1487 1510 1682 1572 pugnat
1714 1499 1830 1555 talia
1858 1509 1972 1552 stu~

410 1599 499 1651 det
526 1597 810 1652 certamina
834 1599 1030 1651 referre
1053 1614 1067 1662 ;
1097 1598 1182 1667 qui
1212 1612 1337 1649 vero
1365 1606 1487 1649 ante
1509 1594 1720 1648 timidos
1744 1604 1796 1647 et
1827 1593 1972 1662 igua-

410 1703 539 1752 vos,
590 1687 703 1756 ipse
750 1702 956 1758 quoque
986 1687 1203 1757 ignavus
1233 1686 1474 1741 efﬁcitur.
1511 1685 1665 1740 Verbi
1693 1683 1856 1755 gratia
1882 1723 1897 1746 ,
1929 1683 1974 1735 si

411 1778 531 1846 quis
559 1785 906 1846 spectatorem
934 1776 1128 1830 habeat
1150 1777 1313 1829 risum
1344 1787 1605 1830 amantem
1624 1816 1639 1842 ,
1668 1775 1831 1827 risum
1863 1775 1975 1840 ipse

414 1878 625 1932 movet,
672 1875 726 1921 ut
772 1876 1122 1936 spectatorem
1163 1867 1428 1931 delectet;
1461 1867 1597 1920 alius
1625 1865 1711 1936 qui
1745 1864 1972 1934 philoso-

412 1957 572 2026 phum
619 1969 674 2013 et
716 1959 1008 2012 studiosum
1034 1957 1193 2013 habet
1216 1967 1566 2026 spectatorem
1587 1997 1602 2024 ,
1638 1956 1755 2010 talis
1779 1965 1834 2011 et
1865 1955 1975 2024 ipse

412 2049 545 2103 011101
586 2056 767 2112 curat,
798 2049 916 2117 quia
947 2049 1067 2102 talis
1095 2056 1178 2102 est
1202 2048 1464 2102 laudantis
1485 2048 1712 2100 animus.
1737 2045 1833 2100 llic
1863 2061 1976 2098 rur-

409 2154 526 2194 sum
574 2139 690 2193 vide
733 2139 998 2209 qnomodo
1038 2139 1237 2193 crimen
1283 2137 1586 2207 ampliﬁcet.
1629 2137 1809 2206 Neque
1833 2136 1973 2190 enim

410 2230 510 2283 alia
555 2229 631 2284 sic
650 2271 665 2296 ,
697 2230 798 2284 alia
819 2245 944 2284 vero
971 2245 1074 2284 non
1101 2230 1178 2284 sic
1207 2229 1435 2294 faciunt;
1468 2229 1560 2283 sed
1587 2229 1763 2284 omnia
1789 2227 1975 2283 simili-

413 2331 510 2374 ter.
560 2320 758 2376 Deinde
807 2330 1083 2392 postquam
1129 2338 1276 2376 vanae
1323 2323 1508 2393 gloria:
1554 2322 1974 2376 criminationem

412 2411 538 2480 ipsis
584 2410 886 2478 obtulerat,
931 2419 1189 2465 monstrat
1229 2428 1324 2465 eos
1349 2426 1452 2465 non
1480 2413 1545 2465 de
1577 2417 1778 2481 magnis
1803 2421 1857 2466 et
1884 2427 1974 2464 ne-

412 2501 657 2556 cessariis
701 2503 914 2572 gloriari
959 2500 1111 2574 (nihil
1156 2505 1297 2558 enim
1346 2503 1449 2556 tale
1492 2502 1792 2566 habebant;
1826 2509 1976 2557 erant

412 2595 604 2662 quippe
647 2593 799 2648 bonis
836 2595 1082 2663 Operibus
1126 2609 1342 2664 prorsus
1383 2594 1596 2663 vacui),
1635 2593 1729 2648 sed
1779 2593 1846 2647 de
1884 2592 1977 2646 fri-

413 2686 548 2754 gidis
584 2692 639 2740 et
682 2685 751 2740 de
794 2686 1025 2739 minimis
1066 2687 1225 2741 rebus
1275 2687 1328 2752 ⁸,
1372 2702 1490 2756 qua:
1535 2693 1688 2739 erant
1727 2685 1975 2754 nequitia:

414 2781 619 2833 illorum
652 2779 861 2833 indicia.
893 2778 1120 2832 Dilatant
1149 2780 1281 2832 enim
1307 2778 1616 2848 phylacteria
1637 2795 1748 2845 sua,
1775 2777 1972 2848 inquit;

412 2880 458 2922 et
479 2870 798 2938 magniﬁcam
817 2868 1037 2936 ﬁmbrias
1055 2870 1450 2923 vestimentomm
1469 2885 1695 2922 suorum.

481 2957 805 3029 Pitylacteria
848 2961 966 3028 quid
1011 2959 1189 3014 essen‘t.
1219 2990 1286 3002 ---
1325 2961 1500 3031 Ecqua
1527 2972 1648 3014 sunt
1680 2961 1762 3014 illa
1790 2960 1976 3031 phyla-

409 3051 573 3103 eteria
594 3089 610 3115 ,
653 3066 768 3119 qua:
799 3051 1016 3105 ﬁmbria:
1037 3051 1061 3102 i
1086 3051 1216 3118 Quia
1249 3066 1390 3120 saepe
1415 3051 1856 3106 obliviscebantur
1887 3052 1978 3106 be-

413 3139 716 3194 neficiorum
751 3141 860 3203 Dei,
885 3141 1040 3210 jussit
1069 3146 1120 3196 in
1151 3143 1382 3197 minima:
1409 3143 1723 3198 molislibris
1749 3143 1974 3197 describi

411 3235 659 3288 miracula
704 3235 866 3304 ipsius
886 3277 900 3300 ,
951 3245 1004 3290 et
1045 3235 1270 3306 appendi
1298 3236 1538 3291 manibus
1567 3252 1772 3291 eorum.
1803 3237 1976 3304 Quare

407 3325 540 3379 dixit
581 3346 594 3380 :
645 3324 754 3379 Nec
803 3327 1177 3380 removebuntur
1217 3328 1279 3381 ab
1304 3329 1460 3382 oculis
1487 3330 1584 3381 tuis
1613 3327 1786 3400 (Deut.
1816 3330 1868 3384 6.
1897 3326 1973 3399 8).

408 3421 536 3488 Qum
581 3420 934 3490 phylaeteria,
979 3422 1128 3490 quasi
1171 3421 1317 3476 dicas
1358 3421 1752 3476 conservatoria
1776 3463 1790 3488 ,
1820 3436 1975 3475 voca-

410 3513 628 3578 bantur,
661 3521 717 3565 ut
752 3513 930 3565 multae
971 3527 1110 3566 nunc
1150 3513 1400 3567 mulieres
1439 3513 1710 3583 evangelia
1744 3529 1810 3566 ex
1838 3512 1976 3567 collo

411 3603 690 3673 pendentia
735 3604 930 3658 habent
954 3621 969 3669 ;
997 3613 1050 3658 et
1077 3612 1134 3658 ut
1160 3603 1371 3658 aliunde
1402 3605 1453 3658 in
1481 3606 1790 3659 memoriam
1818 3605 1975 3658 redu-

409 3705 632 3759 cantur,
676 3695 728 3748 id
775 3695 916 3765 quod
959 3694 1274 3764 multisa'pe
1318 3695 1550 3762 faciunt,
1599 3695 1875 3750 oblivionis
1899 3695 1977 3747 vi-

411 3785 584 3839 tanda:
604 3800 760 3839 causa
788 3785 894 3840 lino
918 3795 1008 3840 aut
1035 3785 1120 3838 ﬁlo
1142 3786 1361 3856 digitum
1388 3786 1610 3856 ligantes
1629 3825 1644 3851 ,
1672 3786 1773 3841 hoc
1795 3787 1899 3840 illis
1922 3795 1978 3841 ut

414 3879 590 3947 pueris
627 3879 765 3933 Deus
803 3878 976 3934 facere
1005 3880 1269 3948 praecepit,
1294 3878 1684 3949 hyacinthinam
1714 3879 1896 3933 vittam
1924 3881 1974 3933 in

412 3985 507 4023 ora
534 3971 694 4024 vestis
716 3971 855 4025 circa
886 3970 1049 4040 pedes
1079 3985 1292 4024 assuere
1320 3969 1508 4038 (Num.
1535 3971 1625 4024 15.
1649 3970 1741 4040 38)
1767 4011 1782 4035 ,
1810 3982 1866 4025 ut
1893 3971 1977 4025 his

411 4064 644 4117 animum
671 4063 984 4118 adhibentes
1013 4074 1396 4132 praeceptorum
1417 4064 1825 4118 recordarentur
1847 4081 1861 4128 ;
1886 4079 1975 4118 vo-

411 4155 768 4224 cabanturque
813 4154 1053 4208 ﬁmbriae.
1093 4155 1149 4210 In
1195 4154 1276 4210 his
1303 4171 1428 4225 ergo
1455 4155 1677 4210 studiosi
1701 4163 1884 4220 erant,
1916 4155 1977 4209 li-

411 4245 595 4314 gacula
635 4245 891 4300 librorum
932 4245 1276 4300 extendentes
1301 4286 1315 4310 ,
1361 4255 1414 4302 et
1455 4246 1690 4301 ﬁmbrias
1731 4247 1860 4301 latas
1901 4247 1977 4301 fa-

412 4337 650 4404 cientes;
677 4337 818 4407 quod
845 4338 1016 4393 inanis
1044 4338 1224 4408 gloria:
1248 4348 1544 4394 extremum
1565 4347 1695 4394 erat.
1719 4338 1827 4394 Cur
1851 4355 1978 4410 ergo

414 4429 504 4482 illa
531 4427 807 4486 ambitiose
829 4429 1113 4483 extendis?
1135 4445 1201 4483 an
1228 4429 1279 4484 id
1306 4430 1424 4484 boni
1447 4433 1622 4500 operis
1644 4431 1759 4486 loco
1781 4431 1980 4486 habes?

416 4536 540 4574 num
568 4520 692 4590 quid
718 4521 807 4577 tibi
838 4529 1088 4590 prosunt,
1119 4522 1220 4576 nisi
1261 4522 1385 4577 hinc
1411 4522 1533 4592 quid
1577 4523 1837 4578 luet-eris?
1862 4525 1974 4579 Non

412 4611 554 4665 enim
597 4613 786 4678 quaerit
814 4612 952 4666 Deus
978 4621 1035 4667 ut
1059 4613 1148 4668 illa
1170 4613 1424 4668 extendas
1456 4623 1507 4668 et
1534 4615 1824 4684 ampliﬁces
1843 4655 1858 4680 ,
1883 4616 1976 4671 sed

413 4711 472 4756 ut
496 4702 691 4757 eximia
712 4718 868 4772 opera
886 4705 1000 4772 ejus
1015 4705 1266 4760 memoria
1290 4714 1489 4762 teneas.
1512 4706 1663 4772 Quod
1689 4708 1732 4762 si
1753 4706 1820 4762 de
1834 4708 1978 4764 0100-

415 4810 635 4867 mosyna
663 4804 717 4850 et
736 4796 956 4865 jejunio,
988 4813 1104 4867 qua:
1129 4798 1387 4854 laboriosa
1409 4809 1530 4854 sunt
1559 4809 1611 4854 et
1636 4800 1769 4854 bona
1793 4815 1973 4869 opera,

416 4900 518 4939 non
550 4885 670 4940 licet
689 4886 899 4956 gloriari
931 4908 944 4942 :
975 4904 1069 4942 cur
1089 4896 1141 4942 tu
1159 4889 1245 4942 illa
1271 4899 1536 4957 ostentas,
1559 4906 1592 4945 o
1619 4890 1832 4961 Judme,
1861 4909 1980 4963 qua:

415 4975 674 5030 desidiam
699 4987 840 5031 tuam
863 4979 1093 5034 maxime
1116 4981 1377 5050 arguunt?
1399 4981 1477 5036 Illi
1499 4998 1625 5038 vero
1653 4999 1756 5038 non
1779 4984 1844 5038 ad
1865 4983 1980 5040 hac

413 5067 586 5121 solum
607 5108 623 5133 ,
646 5067 737 5122 sed
769 5077 822 5122 et
849 5069 914 5122 ad
935 5070 1037 5124 alia
1059 5071 1259 5125 minem
1287 5073 1528 5128 morbum
1556 5091 1708 5129 suum
1735 5077 1980 5134 extende-

414 5160 562 5212 bant.
588 5157 644 5213 6.
671 5159 854 5214 Amant
886 5163 1036 5227 enim,
1074 5164 1271 5234 inquit,
1301 5167 1487 5234 primos
1514 5170 1768 5224 accubitus
1797 5173 1847 5225 in
1876 5188 1978 5225 ctr-

413 5251 522 5314 nis,
564 5260 613 5305 et
655 5254 841 5319 primos
881 5270 1136 5308 consessus
1172 5257 1224 5309 in
1247 5259 1545 5328 synagogis,
1570 5262 1620 5315 7.
1651 5272 1696 5314 et
1719 5264 1982 5318 salutatio-

413 5357 501 5395 nes
539 5341 594 5394 in
635 5346 778 5414 foro,
821 5353 866 5396 et
891 5347 1058 5401 vocari
1084 5347 1146 5400 ab
1174 5350 1484 5417 hominibus,
1517 5353 1695 5409 Rabbi.
1730 5356 1854 5411 11100
1879 5359 1980 5413 etsi

415 5448 575 5500 parva
621 5435 900 5492 videantur
943 5455 1092 5505 esse,
1136 5442 1410 5512 grandium
1458 5454 1630 5501 tamen
1676 5460 1798 5504 sunt
1823 5466 1979 5506 causa

417 5525 698 5580 malorum.
744 5526 869 5584 11ωο
908 5539 963 5584 01
999 5532 1238 5588 civitates
1280 5543 1334 5590 et
1363 5534 1626 5594 Ecclesias
1655 5551 1978 5598 everterunt.

420 5612 599 5687 Neque
647 5633 678 5673 a
724 5619 971 5694 laorymis
1013 5623 1279 5682 abstinuere
1322 5643 1574 5700 possum,
1623 5646 1741 5690 cum
1785 5636 1982 5706 primos

483 5769 501 5800 ¹
531 5770 648 5825 Alii.
667 5774 727 5827 de
741 5777 883 5829 rebus
905 5777 1110 5832 inmunis
1131 5787 1178 5832 et
1198 5781 1375 5835 nullius
1396 5783 1561 5844 pretii.

1336 379 1402 435 ΙΝ
1437 378 1846 436 ΜΑΤΤΗᾸΞΙῘΜ
1887 375 2114 432 11011111.
2154 375 2363 432 LXXII.
2406 379 2473 430 al.
2516 377 2746 433 LXXIII.

3546 378 3647 434 670

2074 506 2359 547 consessus
2405 491 2562 545 audio
2607 501 2660 546 et
2703 493 3078 557 salutationes,
3128 501 3182 547 et
3229 493 3645 565 cogito_quanta

2075 581 2197 636 hinc
2249 583 2385 635 mala
2435 583 2525 638 Dei
2576 583 2825 638 Ecelesiis
2875 585 3181 652 pariantur;
3213 600 3331 653 qua:
3355 585 3463 654 jam
3498 587 3649 640 vobis

2073 672 2335 725 recenseri
2385 687 2517 740 opus
2563 689 2665 725 non
2717 681 2798 728 est
2830 690 2842 726 :
2875 673 3111 729 seniores
3144 677 3336 745 quippe
3364 677 3412 729 id
3439 693 3465 728 a
3497 678 3649 732 nobis

2073 760 2307 815 ediscere
2353 778 2454 815 non
2506 762 2719 816 debent.
2769 763 2844 817 Tu
2895 780 3020 818 vero
3067 767 3367 834 perpende,
3395 779 3649 838 quantum

2073 862 2216 908 esset
2262 855 2431 908 inanis
2483 855 2664 924 gloria:
2709 856 2974 923 studium,
3021 857 3106 910 11111
3143 858 3463 926 jubebantur
3504 860 3647 914 illam

2075 941 2294 1013 fugere;
2346 945 2397 999 111
2445 947 2728 1015 synagogis
2760 963 2976 1018 nempe,
3010 948 3096 1001 ubi
3123 950 3255 1003 alios
3284 950 3527 1005 edoctum
3556 967 3650 1005 ve—

2075 1034 2313 1089 niebant.
2347 1034 2400 1090 111
2431 1038 2601 1090 0001118
2625 1037 2766 1090 0111111
2799 1038 2924 1091 illud
2953 1039 3156 1094 admitti
3186 1042 3350 1109 magis
3375 1041 3649 1096 ferendum

2075 1124 2285 1178 videtur
2330 1142 2342 1178 :
2391 1119 2710 1196 quamquam
2761 1138 2811 1181 01
2852 1129 2956 1182 11110
2995 1129 3263 1184 doctorem
3291 1133 3650 1200 creterisprm-

2075 1225 2218 1271 stare
2263 1232 2355 1286 par
2397 1229 2508 1272 erat
2529 1260 2544 1284 ,
2579 1235 2681 1273 non
2711 1222 2762 1274 in
2789 1222 3026 1276 ecclesiis
3055 1233 3291 1289 tantum,
3326 1226 3419 1280 sed
3449 1237 3502 1280 et
3532 1227 3650 1281 ubi-

2077 1323 2198 1377 que.
2222 1309 2676 1374 Quemadmodum
2711 1313 2849 1365 cnim
2881 1312 3072 1380 homo,
3104 1331 3437 1386 quocumque
3462 1318 3653 1374 inloco

2076 1409 2361 1467 appareat,
2393 1400 2600 1453 eteteris
2629 1403 2984 1457 animantibus
3015 1417 3262 1473 praestare
3286 1407 3611 1478 dignoscitur
3635 1428 3649 1466 :

2077 1490 2154 1544 sic
2198 1490 2470 1546 doctorem
2498 1503 2549 1546 et
2578 1494 2879 1563 loquentem
2908 1505 2960 1549 et
2987 1506 3246 1552 tacentem
3266 1541 3279 1562 ,
3308 1510 3362 1554 et
3390 1501 3654 1570 pranden-

2079 1591 2184 1634 tem
2227 1591 2281 1635 et
2308 1583 2516 1651 quidvis
2553 1583 2830 1639 facientem
2849 1627 2864 1650 ,
2893 1589 3096 1642 caeteris
3127 1600 3380 1658 prwstare
3410 1609 3502 1659 par
3530 1602 3650 1660 est,

2079 1671 2130 1725 in
2179 1674 2421 1738 incessu,
2474 1675 2524 1729 in
2577 1689 2826 1744 aSpeetu,
2865 1680 2915 1732 iu
2959 1679 3173 1748 habitu,
3219 1684 3352 1736 ct'in
3383 1685 3651 1741 omnibus.

2080 1762 2157 1815 1111
2199 1779 2324 1817 vero
2363 1765 2594 1835 undique
2643 1769 2848 1822 ridiculi
2878 1779 3062 1837 erant,
3093 1783 3146 1826 et
3174 1772 3404 1842 undique
3433 1784 3611 1845 turpes
3631 1817 3648 1842 ,

2079 1854 2196 1923 quia
2227 1855 2314 1909 illa
2346 1858 2602 1926 persequi
2629 1860 2912 1914 studebant
2937 1901 2952 1925 ,
2981 1879 3098 1931 qua:
3125 1863 3305 1934 fugere
3351 1867 3649 1935 Oportebat.

2077 1945 2295 2011 Amant,
2344 1949 2543 2017 inquit;
2590 1950 2634 2003 si
2682 1967 2861 2006 amare
2904 1953 3103 2008 crimen
3139 1964 3254 2020 est,
3289 1956 3461 2013 facere
3485 1955 3652 2028 (1111111-

2082 2046 2189 2089 111111
2234 2039 2373 2092 erit?
2421 2040 2506 2093 illa
2547 2043 2760 2108 venari,
2793 2053 2844 2096 et
2869 2045 3080 2114 assequi
3126 2047 3368 2116 studere,
3396 2059 3652 2120 quantum

2080 2127 2182 2180 erit
2210 2129 2404 2183 malum
2433 2131 2456 2180 ‘I

2150 2219 2203 2270 3.
2235 2217 2290 2270 In
2317 2220 2526 2274 czeteris
2553 2221 2766 2291 quidem
2791 2238 3043 2280 accusare
3069 2228 3197 2282 satis
3227 2228 3441 2296 habuit,
3469 2242 3654 2302 utpote

2079 2324 2197 2377 qua:
2244 2325 2401 2380 parva
2449 2323 2628 2367 essent
2672 2324 2726 2368 et
2769 2316 2925 2381 vilia,
2971 2333 3070 2373 nee
3115 2321 3372 2378 deberent
3407 2325 3651 2395 discipuli

2081 2402 2218 2454 circa
2270 2403 2352 2456 illa
2402 2406 2593 2475 corrigi
2652 2423 2666 2472 ξ
2715 2409 2853 2476 quod
2903 2419 3078 2465 autem
3126 2415 3362 2468 omnium
3390 2417 3651 2472 malorum

2079 2505 2237 2545 causa
2284 2503 2430 2558 erat,
2482 2499 2804 2565 principatus
2848 2517 3118 2563 amorem,
3147 2512 3202 2557 et
3229 2504 3485 2561 doctrinm
3509 2509 3654 2563 sedis

2081 2579 2408 2638 invasionem
2431 2626 2445 2650 ,
2498 2588 2626 2643 illud
2648 2633 2662 2655 ,
2716 2592 2964 2662 inquam,
2995 2593 3045 2646 in
3077 2595 3308 2649 medium
3340 2598 3606 2654 adducens
3635 2643 3651 2668 ,
3731 2650 3736 2655 .

2080 2675 2363 2744 diligenter
2402 2683 2666 2751 corrigere
2713 2686 2920 2751 studet,
2959 2687 3010 2739 in
3042 2686 3126 2741 bis
3152 2689 3492 2746 vehementer
3522 2693 3650 2747 insi-

2080 2775 2246 2820 stetis.
2276 2769 2409 2834 Quid
2441 2773 2579 2824 enim
2608 2775 2723 2827 ait?
2749 2777 2799 2829 8.
2845 2775 2942 2830 Vos
2969 2793 3084 2831 vero
3104 2779 3257 2832 nolite
3281 2783 3448 2834 vorari
3467 2781 3650 2838 Rabbi.

2083 2857 2213 2911 111110
2253 2874 2408 2913 causa
2449 2863 2782 2934 subjnngitur
2809 2885 2822 2917 :
2855 2867 2998 2922 Unus
3037 2880 3108 2923 est
3137 2874 3268 2926 enim
3300 2873 3543 2944 Magister
3563 2892 3650 2930 ve-

2080 2957 2219 3013 ster;
2265 2965 2436 3004 omnes
2460 2965 2623 3007 autem
2652 2971 2736 3007 vos
2779 2958 2960 3024 fratres
3002 2961 3158 3027 estis;
3189 2978 3286 3016 nee
3315 2965 3449 3019 alter
3477 2967 3648 3021 altero

2083 3043 2413 3105 ιιι-1081001101
2449 3055 2531 3097 est
2551 3085 2572 3112 ι
2592 3061 2708 3100 011111
2740 3050 2865 3103 nihil
2898 3067 2965 3105 ex
2993 3055 3170 3122 seipso
3195 3055 3404 3113 habeat.
3434 3058 3557 3114 Ideo
3580 3063 3652 3116 ait

2081 3128 2270 3184 Paulus
2317 3149 2331 3186 :
2384 3133 2508 3200 Quis
2556 3133 2752 3192 Paulus
2803 3155 2820 3193 :
2861 3147 2972 3212 quis
3005 3143 3230 3211 Apollo?
3270 3149 3380 3218 quis
3417 3149 3653 3221 Cophes?

2081 3236 2242 3274 nonne
2272 3223 2484 3278 ministri
2511 3227 2588 3292 (1.
2621 3227 2736 3283 Cor.
2772 3231 2823 3285 '5.
2853 3234 2906 3286 4.
2938 3234 3037 3303 5)?
3065 3235 3179 3291 Non
3197 3238 3346 3306 dicit,
3373 3241 3648 3299 Doctores.

2079 3311 2146 3365 Et
2193 3315 2380 3370 iterum
2429 3335 2442 3370 :
2490 3318 2540 3372 9.
2592 3319 2674 3374 Ne
2718 3327 2898 3379 vocetis
2929 3325 3132 3381 Putrem
3161 3345 3181 3382 :
3208 3346 3310 3385 non
3339 3344 3394 3386 ut
3421 3349 3524 3388 non
3551 3352 3648 3390 vo-

2079 3416 2231 3474 cent,
2280 3409 2372 3464 sed
2416 3419 2473 3465 ut
2508 3413 2678 3467 sciant
2716 3431 2870 3485 quem
2919 3421 3129 3487 proprie
3152 3421 3360 3478 Patrem
3385 3428 3654 3496 appellare

2081 3512 2174 3564 par
2220 3497 2305 3550 sit.
2353 3500 2805 3567 Quemadmodum
2841 3509 2984 3562 enim
3011 3511 3196 3566 doctor
3227 3530 3331 3569 non
3358 3527 3440 3571 est
3467 3535 3652 3588 1111001-

2081 3601 2213 3655 puus
2241 3588 2427 3644 doctor
2458 3609 2472 3644 ε
2502 3594 2580 3646 810
2607 3610 2777 3665 neque
2804 3607 2972 3666 pater.
3006 3600 3096 3656 Ille
3121 3603 3262 3658 enim
3291 3614 3345 3659 et
3372 3607 3648 3664 doctorum

2080 3687 2132 3730 et
2167 3688 2372 3747 patrum
2419 3685 2654 3738 omnium
2677 3701 2836 3742 causa
2863 3699 2966 3744 est.
2999 3691 3190 3748 lterum
3219 3694 3489 3770 subjungit
3517 3717 3531 3754 :
3563 3703 3649 3756 10.

2083 3769 2193 3825 Nec
2220 3776 2458 3829 uocemini
2487 3779 2714 3847 magistri
2743 3796 2762 3834 :
2781 3798 2910 3838 unus
2936 3794 3009 3838 est
3033 3787 3164 3840 enim
3191 3769 3435 3860 Magister
3460 3803 3615 3848 uester
3635 3836 3650 3856 .

2083 3861 2331 3917 Christus.
2374 3865 2479 3920 Nec
2504 3867 2664 3934 dicit,
2699 3871 2830 3941 Ego.
2857 3872 3005 3928 Sicut
3029 3877 3171 3930 enim
3201 3878 3252 3932 in
3283 3881 3649 3949 superioribus

2081 3952 2158 4005 sic
2185 3953 2413 4022 loquitur
2432 3997 2446 4020 ,
2481 3957 2617 4023 Quid
2642 3960 2776 4014 vobis
2797 3962 2991 4016 videtur
3011 3965 3075 4018 de
3096 3965 3295 4023 Christo
3319 3971 3528 4042 (Matth.
3557 3975 3648 4030 22.

2080 4043 2218 4113 42)?
2244 4061 2414 4116 neque
2439 4047 2598 4116 dicit,
2635 4051 2706 4106 De
2732 4069 2816 4107 me
2842 4073 2853 4108 :
2877 4055 2955 4109 sie
2979 4055 3154 4112 ethoc
3181 4060 3319 4116 loco.
3348 4062 3450 4118 Sed
3479 4064 3653 4120 liben-

2083 4143 2163 4187 ter
2195 4133 2280 4189 hic
2309 4136 2690 4208 interrogarem
2711 4184 2726 4209 ,
2756 4144 2880 4213 quid
2907 4145 3172 4216 dixerint,
3200 4151 3288 4220 qui
3314 4167 3458 4223 810ρο
3483 4154 3606 4212 illud
3633 4199 3652 4223 ,

2086 4224 2231 4280 Unus
2255 4235 2310 4280 et
2339 4227 2514 4296 Unus,
2542 4230 2680 4287 Patri
2710 4234 3018 4292 adscribunt
3044 4239 3164 4305 soli,
3195 4241 3260 4296 ad
3289 4254 3654 4315 contemptum

2084 4317 2371 4389 Unigeniti.
2421 4323 2610 4378 Annon
2643 4325 2800 4381 Pater
2826 4339 2908 4384 est
2935 4333 3229 4402 magister?
3255 4335 3453 4394 Omnes
3483 4339 3654 4395 faten-

2083 4419 2203 4486 tur,
2251 4428 2513 4484 nemoque
2559 4421 2849 4488 negaverit.
2901 4422 3286 4493 Atqui_unus,
3333 4431 3533 4501 inquit,
3574 4443 3658 4489 est

2081 4511 2375 4571 prreceptor
2409 4514 2612 4572 vester,
2663 4507 2925 4565 Christus.
2974 4516 3043 4568 At
3085 4518 3220 4571 sicut
3255 4519 3493 4577 Christus
3520 4538 3658 4580 unus

2083 4606 2378 4665 praeceptor
2419 4598 2591 4654 dictus
2621 4617 2724 4655 non
2753 4604 2986 4660 excludit
3017 4607 3224 4665 Patrem
3259 4629 3272 4666 :
3302 4613 3379 4667 sic
3407 4615 3658 4684 magister

2081 4685 2254 4741 dictus
2299 4687 2454 4744 Pater
2498 4706 2604 4746 non
2631 4694 2863 4750 excludit
2888 4714 2916 4750 a
2945 4700 3254 4769 magistratu
3277 4703 3491 4760 Filium.
3525 4707 3657 4763 Illud

2083 4779 2256 4847 enim,
2287 4779 2431 4836 Unus
2467 4792 2521 4837 et
2558 4783 2731 4851 Unus,
2765 4788 2829 4842 ad
2851 4788 3201 4846 differentiam
3231 4795 3502 4851 hominum
3530 4798 3659 4854 dicio

2082 4877 2170 4923 tur
2193 4911 2209 4938 ,
2260 4871 2688 4953 reliquarumque
2721 4888 3101 4937 creaturarum.
3133 4882 3263 4937 Cum
3293 4899 3418 4955 ergo
3441 4903 3655 4958 gravem

2083 4963 2230 5018 illum
2258 4966 2501 5022 morbum
2526 4968 2814 5038 depulisset
2841 4981 2895 5028 et
2922 4985 3181 5042 curasset,
3207 4976 3366 5034 docet
3389 4982 3659 5051 quomodo

2083 5054 2174 5110 ille
2205 5055 2482 5127 etfugiatur
2525 5075 2617 5130 per
2643 5062 3015 5119 humilitatem.
3047 5067 3400 5134 Quamobrem
3429 5073 3612 5142 adjicit
3640 5093 3657 5130 :

2085 5144 2171 5198 11.
2208 5145 2306 5211 Qui
2331 5157 2406 5201 est
2434 5155 2598 5220 major
2625 5162 2866 5218 uestrum,
2897 5156 2961 5210 sit
2991 5158 3213 5212 minister
3235 5171 3411 5216 vester.
3438 5163 3523 5219 12.
3561 5165 3660 5233 Qui

2083 5237 2214 5290 enim
2248 5254 2302 5292 se
2333 5241 2622 5295 exultaverit
2643 5285 2658 5309 ,
2703 5244 3090 5314 humiliabitur;
3114 5260 3163 5304 et
3184 5251 3342 5320 quise
3360 5253 3661 5310 humilian-

2083 5329 2186 5394 rit,
2233 5331 2554 5387 exaltabitur.
2603 5334 2743 5390 Nihil
2787 5338 2927 5394 enim
2978 5341 3237 5397 modestia
3280 5348 3656 5416 praestantius;

2083 5419 2307 5493 ideoque
2348 5425 2484 5480 hanc
2524 5426 2776 5484 virtutem
2819 5428 3124 5500 frequenter
3169 5433 3272 5490 illis
3301 5437 3659 5495 commendat.

2084 5512 2150 5567 Et
2170 5515 2381 5584 quando
2400 5519 2649 5586 parvulos
2667 5520 2718 5574 in
2739 5521 2970 5577 medium
2991 5523 3226 5592 adduxit,
3240 5537 3293 5582 et
3315 5545 3454 5585 nunc
3471 5531 3654 5597 etiam,

2082 5618 2147 5660 ae
2173 5620 2292 5660 eum
2319 5607 2370 5662 in
2397 5618 2578 5664 monte
2603 5610 2954 5670 beatitudines
2989 5615 3204 5672 eﬂ‘erret
3221 5659 3237 5686 ,
3271 5618 3397 5674 hinc
3422 5621 3652 5692 incepit:

2085 5695 2175 5752 hic
2201 5712 2329 5752 vero
2354 5699 2655 5767 superbiam
2689 5702 2942 5762 radicitus
2970 5707 3181 5774 evellit,
3212 5725 3333 5764 eum
3361 5711 3490 5769 dicit
3514 5731 3529 5768 :
3557 5714 3659 5780 Qui

2090 5788 2325 5842 11111111ιὶ01
2372 5791 2614 5862 seipsum,
2650 5795 2951 5852 exattabitur
2976 5797 3126 5869 (Luc.
3160 5801 3246 5857 H.
3277 5803 3388 5874 11).
3418 5804 3658 5863 Vidistin‘
