4130 6374
490 408 585 463 ϐτί
1210 401 1266 458 S.
1305 397 1580 456 JOANNIS
1608 392 2081 452 CllllYSOSTOMl
2118 393 2431 452 ARCHIEP.
2471 397 3005 460 CONSTANTINOP.

490 530 757 600 quomodo
801 528 867 585 ad
905 524 1227 582 contrarium
1259 538 1324 578 ex
1346 522 1608 577 diametro
1636 518 1928 572 auditorem
1962 514 2063 567 im-

492 621 695 692 pellat?
740 620 919 690 Neque
957 618 1096 673 enim
1124 615 1296 671 solum
1327 614 1545 683 impedit
1568 611 1825 683 primatus
1851 618 2067 670 amare,

489 714 583 768 sed
610 722 663 768 et
685 722 919 766 extrema
946 708 1093 778 sequi
1115 707 1286 775 jubet.
1318 706 1405 761 Sic
1424 704 1564 758 enim
1581 709 1757 772 optata
1772 712 2068 766 conseque-

491 808 598 871 ris,
629 805 813 874 inquit.
858 801 979 857 Ideo
1008 808 1220 870 oportet
1245 814 1363 853 cum
1384 841 1400 866 ,
1430 798 1519 868 qui
1546 797 1836 868 primarum
1862 792 2067 848 sedium

488 896 830 965 cupiditatem
887 892 1083 964 pellit,
1139 901 1439 947 extremum
1490 891 1732 945 ordinem
1789 896 2065 957 appetere.

490 989 619 1043 Nam
650 986 750 1053 Qui
773 1004 825 1041 se
852 984 1189 1038 limniliaverit
1208 1024 1222 1049 ,
1250 982 1572 1036 exaltabitur.
1603 982 1668 1034 Et
1694 978 1779 1033 ubi
1809 979 1945 1032 hanc
1972 978 2070 1032 hu-

491 1081 769 1135 militatein
813 1077 1186 1147 reperiemus?
1217 1074 1457 1130 Vultisne
1502 1089 1712 1128 rursum
1759 1074 1812 1128 in
1858 1075 2067 1130 virtutis

486 1173 751 1227 civitatein
799 1186 1022 1237 eamus,
1073 1179 1377 1224 sanctorum
1432 1167 1766 1223 tabernacula
1795 1210 1810 1234 ,
1858 1178 2067 1223 montes

486 1265 625 1327 dico,
657 1273 816 1334 atque
840 1263 1043 1318 saltus?
1068 1263 1140 1318 lbi
1167 1278 1393 1334 namque
1420 1262 1700 1318 sublimem
1730 1265 1873 1319 illam
1896 1265 2068 1321 humi-

489 1357 691 1410 litatem
736 1357 1080 1424 reperiemus.
1133 1355 1388 1411 Homines
1431 1356 1624 1426 quippe
1647 1395 1662 1423 ,
1695 1357 1783 1427 qui
1810 1358 1892 1412 vel
1920 1373 1949 1412 a
1978 1359 2061 1413 di-

485 1451 718 1520 gnitate,
751 1451 832 1505 vel
878 1466 906 1503 a
936 1450 1136 1505 divitiis
1164 1452 1433 1519 conspicui
1466 1461 1618 1506 erant
1640 1494 1653 1517 ,
1686 1452 1915 1523 undique
1943 1469 2064 1510 sese

486 1544 817 1613 deprimunt,
862 1558 889 1595 a
920 1552 1099 1607 veste,
1128 1558 1157 1597 a
1187 1542 1373 1608 domo,
1403 1559 1433 1597 a
1462 1543 1785 1610 ministerio,
1817 1556 1973 1615 atque
1998 1561 2063 1600 ex

487 1636 568 1691 his
611 1637 856 1691 omnibus
897 1636 1042 1707 quasi
1072 1636 1236 1691 literis
1268 1636 1616 1691 humilitatem
1642 1636 2061 1706 descripserunt.

484 1731 613 1795 Qum
637 1743 761 1783 vero
799 1728 865 1782 ad
893 1728 1192 1798 superbiam
1220 1729 1500 1783 incendunt
1524 1769 1541 1794 ,
1574 1730 1797 1783 vestium
1825 1729 2063 1799 magnifi-

484 1825 691 1885 centia,
740 1822 962 1877 :rdilicia
1004 1823 1275 1892 splendida
1308 1863 1323 1888 ,
1373 1822 1689 1877 famulorum
1739 1821 2060 1888 multitudo,

488 1931 606 1981 qua:
638 1915 717 1968 vel
748 1915 939 1968 invitos
981 1929 1124 1983 schc
1158 1915 1207 1968 in
1238 1915 1539 1983 superbiam
1572 1914 1894 1984 conjiciunt;
1925 1914 2058 1978 haec,

485 2009 733 2076 inquam,
788 2007 963 2060 omnia
1010 2007 1151 2061 illinc
1196 2007 1402 2061 sublata
1442 2018 1581 2061 sunt.
1629 2006 1705 2061 llli
1757 2008 1853 2076 ipsi
1884 2008 2060 2077 ignem

483 2100 780 2155 accendunt
802 2140 816 2163 ,
866 2100 1003 2169 ligna
1031 2107 1215 2154 secant
1238 2140 1254 2165 ,
1280 2109 1513 2169 coquunt
1532 2141 1547 2165 ,
1582 2099 1875 2169 hOSpitibus
1901 2100 2061 2153 mini-

482 2202 672 2248 strant.
711 2191 988 2248 Neminem
1031 2193 1139 2248 illic
1166 2174 1609 2248 contumeliosum
1639 2194 1824 2248 audire
1849 2194 2060 2248 contin-

481 2286 588 2355 git,
623 2284 793 2354 neque
812 2286 1149 2341 contumeliis
1174 2285 1420 2339 affectum
1446 2285 1627 2340 videre
1650 2326 1663 2352 ,
1689 2286 1955 2340 neminem
1975 2286 2061 2341 cui

484 2380 855 2448 prascipiatur,
899 2380 1165 2435 neminem
1212 2379 1610 2449 prtecipientcm
1670 2396 1683 2431 :
1734 2379 1827 2434 sed
1872 2394 2060 2434 omnes

483 2473 707 2526 ministri
757 2482 912 2537 sunt,
954 2472 1146 2540 singuli
1195 2472 1460 2541 hospitum
1510 2472 1670 2542 pedes
1705 2473 1960 2539 abluunt,
2006 2481 2061 2526 et

480 2582 669 2635 magna
714 2565 811 2619 hac
839 2567 888 2617 in
919 2582 974 2620 rc
1014 2575 1094 2619 est
1117 2566 1442 2620 concertatio
1479 2567 1517 2617 ¹.
1550 2565 1601 2618 ld
1630 2580 1788 2633 porro
1820 2564 2018 2619 faciunt
2039 2604 2056 2629 ,

483 2674 586 2711 non
635 2658 963 2726 inquirentcs
1007 2658 1125 2726 quis
1168 2659 1269 2720 sit,
1316 2674 1382 2711 an
1414 2672 1600 2712 servus
1625 2700 1639 2722 ,
1670 2674 1738 2710 an
1764 2657 1934 2723 liber;
1966 2658 2059 2713 sed

480 2766 603 2819 crga
631 2764 818 2804 omnes
847 2750 945 2803 hoc
985 2750 1334 2803 ministerium
1363 2750 1601 2818 implent.
1632 2749 1815 2803 Nullus
1845 2750 1913 2803 ibi
1948 2767 2060 2802 ina-

480 2857 616 2909 gnus
635 2881 649 2904 ,
691 2849 784 2893 :mt
827 2854 1037 2910 parvus.
1082 2841 1216 2906 Quid
1244 2842 1400 2912 igitur
1427 2842 1531 2895 ?an
1559 2842 1843 2896 confusio?
1867 2842 2055 2906 Absit;

480 2931 574 2985 sed
614 2932 846 3001 optimus
890 2932 1040 2984 ordo.
1072 2930 1289 2986 Etiamsi
1312 2932 1452 2986 enim
1480 2932 1597 3001 quis
1626 2946 1816 3002 parvus
1840 2933 1941 2996 sit,
1969 2935 2056 3003 qui

483 3040 704 3095 magnus
729 3036 812 3080 est
840 3024 903 3079 ad
934 3024 983 3079 id
1013 3041 1116 3079 non
1146 3026 1393 3095 respicit,
1426 3026 1518 3079 sed
1547 3040 1607 3093 se
1633 3027 1723 3080 illo
1755 3021 2058 3081 inferiorem

483 3129 664 3188 putat,
715 3128 769 3173 et
809 3119 927 3174 ideo
965 3120 1135 3188 major
1160 3120 1409 3174 efficitur.
1440 3119 1552 3175 Una
1581 3136 1762 3176 mensa
1789 3122 2056 3187 omnibus,

480 3212 850 3277 servientibus,
879 3212 1204 3279 sedentibus,
1228 3213 1413 3269 eadem
1433 3214 1703 3281 alimenta,
1725 3217 2055 3283 indumenta,

480 3303 682 3358 eaedem
722 3302 897 3369 domi,
934 3313 989 3358 et
1015 3320 1180 3374 genus
1201 3305 1409 3360 vivendi
1437 3306 1598 3362 idem.
1628 3308 1847 3376 Magnus
1878 3309 1945 3363 ibi
1977 3317 2060 3364 est

480 3397 566 3465 qui
599 3396 783 3450 viliora
811 3412 974 3466 opera
1000 3397 1213 3467 abripit.
1239 3398 1355 3453 Non
1384 3409 1468 3453 cst
1495 3399 1566 3453 ibi
1598 3397 2017 3457 MeumetTuuin
2040 3419 2055 3468 ;

480 3488 575 3542 sed
615 3490 715 3543 hoc
756 3490 975 3545 verbum
1020 3490 1145 3546 inde
1179 3492 1385 3547 exsulat
1414 3532 1430 3558 ,
1458 3493 1599 3563 quod
1624 3493 1769 3549 mille
1796 3492 2056 3554 bellorum

476 3603 637 3645 causa
657 3596 763 3647 est.

548 3683 601 3737 4.
633 3682 832 3752 Ecquid
862 3683 1090 3747 miraris,
1120 3684 1163 3737 si
1197 3698 1365 3754 genus
1394 3684 1627 3752 vivendi,
1660 3700 1863 3749 mensa,
1892 3686 2057 3741 vestis

480 3790 584 3829 una
610 3775 683 3831 ‘sit
722 3777 968 3831 omnibus
993 3818 1008 3842 ,
1058 3778 1483 3846 quandoquidem
1527 3788 1581 3833 et
1619 3779 1793 3832 anima
1826 3795 1925 3831 una
1974 3789 2056 3834 est

481 3869 730 3923 omnibus
762 3868 857 3940 (α),
892 3886 996 3923 non
1027 3869 1316 3924 secundum
1344 3870 1693 3924 substantiam
1719 3871 1876 3926 modo
1904 3872 2057 3942 (ha-c

478 3961 622 4014 enim
648 3974 747 4013 una
776 3962 828 4014 in
852 3962 1097 4015 omnibus
1125 3963 1251 4029 est),
1285 3962 1375 4016 sed
1406 3963 1698 4016 secundum
1724 3963 2000 4018 caritatem
2031 3964 2054 4017 ?

478 4053 756 4118 Quomodo
800 4053 955 4123 igitur
986 4054 1094 4123 ipsa
1125 4067 1306 4109 contra
1350 4057 1579 4124 seipsam
1616 4057 1888 4126 superbiat
1936 4073 2055 4110 um-

480 4149 677 4217 quam?
702 4147 816 4202 Non
849 4159 931 4203 est
959 4149 1027 4203 ibi
1062 4159 1342 4218 paupertas
1362 4192 1375 4214 ,
1426 4167 1528 4206 non
1561 4136 1777 4216 divitiae,
1808 4168 1912 4205 non
1941 4153 2055 4223 glo-

480 4242 555 4295 ria
580 4281 595 4305 ,
629 4256 732 4294 non
774 4240 1007 4294 infamia.
1040 4242 1314 4309 Quomodo
1346 4242 1469 4296 illnc
1508 4254 1778 4312 receptum
1829 4245 2056 4299 habeant

479 4332 724 4402 superbia
753 4342 805 4387 et
841 4332 1180 4402 arrogantia?
1209 4332 1342 4388 Sunt
1368 4334 1510 4388 enim
1535 4344 1590 4389 et
1616 4336 1819 4390 minimi
1860 4346 1916 4391 et
1944 4353 2055 4391 ma-

477 4425 564 4493 gni
595 4424 881 4478 secundum
914 4425 1170 4478 rationein
1200 4427 1441 4492 virtutis;
1470 4427 1562 4481 scd
1588 4468 1604 4495 ,
1635 4438 1692 4483 ut
1715 4429 1823 4491 dixi
1850 4469 1865 4491 ,
1897 4445 2054 4484 nemo

479 4516 578 4569 hoc
604 4514 766 4569 videt.
806 4516 903 4583 Qui
935 4531 1131 4585 parvus
1172 4527 1252 4572 est
1282 4534 1384 4573 non
1416 4520 1627 4590 angitur
1671 4523 1820 4591 quasi
1860 4523 2051 4592 deSpe-

474 4616 629 4663 ctus:
673 4623 829 4662 nemo
868 4610 1062 4679 quippe
1103 4620 1187 4665 est
1228 4612 1315 4680 qui
1359 4611 1645 4681 despiciat;
1684 4616 1889 4669 etiamsi
1927 4631 2054 4671 vero

474 4710 617 4754 esset
640 4701 727 4770 qui
754 4700 1089 4769 despiceret,
1125 4704 1174 4756 in
1203 4703 1305 4757 hoc
1348 4705 1578 4758 maxime
1605 4704 1921 4761 erudiuntur
1946 4748 1960 4771 ,
1996 4715 2051 4761 ut

475 4793 765 4856 Contemni,
788 4794 1009 4862 despici,
1033 4795 1279 4863 vilipendi
1304 4806 1629 4864 assuescant,
1650 4798 1845 4865 verbis,
1870 4801 2050 4867 rebus,

474 4901 594 4941 cum
624 4887 879 4941 mendicis
909 4897 962 4941 et
990 4888 1186 4942 mutilis
1218 4898 1494 4944 versentur
1516 4931 1530 4955 ,
1562 4900 1618 4945 et
1654 4892 1706 4945 in
1735 4906 1921 4947 mensa
1968 4895 2051 4961 ip-a

474 4994 654 5033 Surum
686 4979 881 5033 multos
927 4978 1225 5048 hujusmodi
1265 4980 1514 5036 convivas
1562 4981 1778 5049 videas;
1824 4983 2051 5053 ideoque

474 5073 608 5127 ca-lo
631 5082 753 5127 sunt
778 5073 943 5143 digni.
974 5074 1123 5127 Alius
1150 5074 1372 5128 vulnera
1409 5085 1560 5129 curat
1583 5076 1707 5146 azgri
1730 5119 1744 5143 ,
1776 5078 1910 5131 alius
1938 5093 2045 5133 cae-

472 5182 595 5220 cum
624 5165 790 5230 ducit,
820 5166 955 5220 alius
976 5168 1219 5221 mutilum
1243 5178 1434 5238 gestat.
1460 5169 1573 5224 Non
1612 5171 1681 5225 ibi
1710 5173 2044 5228 adulatorum

471 5269 693 5324 coetum,
723 5275 829 5315 non
856 5261 1209 5328 parasitorum
1234 5262 1414 5317 videas
1439 5280 1451 5314 :
1478 5263 1583 5317 imo
1604 5280 1704 5320 nec
1727 5265 1903 5320 sciunt
1923 5268 2048 5336 quid

472 5356 543 5410 sit
585 5354 837 5409 adulatio.
871 5354 1143 5409 Undenam
1170 5371 1299 5426 ergo
1326 5356 1603 5426 superbire
1631 5360 1885 5427 possent?
1912 5360 2044 5413 Nam

473 5449 635 5503 multa
665 5446 805 5517 apud
834 5446 953 5503 illos
980 5447 1253 5519 aequalitas
1280 5456 1364 5503 est
1396 5466 1408 5501 :
1438 5449 1558 5505 ideo
1591 5450 1755 5505 multa
1782 5451 1847 5505 ad
1880 5455 2046 5505 virtu-

537 5648 554 5679 ί
582 5643 662 5695 Itis
680 5645 852 5709 adjecit
875 5645 1058 5706 M0rel.,
1083 5652 1215 5698 tanta
1236 5654 1304 5699 est
1326 5647 1520 5701 illorum
1542 5648 1801 5702 humilitas.
1899 5702 1903 5706 .

534 5708 756 5781 (aulaeo,
774 5708 1170 5781 quandoquidem
1186 5718 1230 5781 et
1253 5711 1413 5761 anima
1434 5726 1531 5762 una
1551 5718 1620 5781 est
1641 5714 1876 5781 omnibus,
1901 5728 1928 5765 a
1951 5714 2045 5768 Co-

470 5768 710 5835 dice694,
738 5768 837 5835 et_'a
859 5768 1026 5820 Savilio
1050 5777 1263 5835 mutuata
1280 5780 1420 5834 sunt;
1445 5774 1569 5835 apud
1591 5774 1754 5828 Morel.
1772 5768 2049 5830 cthmme-

472 5833 559 5884 ιω.
582 5844 756 5881 omissa
778 5831 971 5884 fuerant
992 5837 1187 5898 propter
1204 5831 1635 5889 homoeoteleuton.

3648 407 3747 463 (372

2180 517 2288 564 tem
2314 512 2557 570 facilitas.
2590 518 2797 573 Etenim
2828 519 2891 575 iis
2918 520 3157 581 rudiores
3183 524 3349 593 magis
3378 525 3743 594 instituuntur,

2174 622 2330 675 quam
2357 610 2401 662 si
2431 620 2746 679 cogerentur
2773 612 2902 681 ipsis
2947 614 3144 683 primas
3182 615 3495 671 concedere.
3546 616 3745 684 Queru-

2173 699 2457 756 admodum
2486 702 2626 758 enim
2656 704 2908 760 audacem
2941 748 2956 772 ,
2988 706 3076 776 qui
3115 722 3395 777 percussus
3417 709 3593 777 cedit,
3621 726 3746 765 eru—

2172 792 2288 848 dire
2329 795 2467 850 solet
2501 812 2516 850 :
2562 796 2639 851 sic
2680 807 2734 851 et
2789 797 3123 852 ambitiosum
3167 800 3213 854 is
3250 801 3341 870 qui
3381 802 3600 871 gloriam
3638 819 3744 858 non

2172 888 2360 956 quarrit
2388 930 2406 953 ,
2447 888 2540 943 sed
2568 890 2810 959 despicit.
2860 891 2914 945 Id
2939 892 3079 961 quod
3120 891 3194 946 illi
3228 892 3628 965 diligentissime
3664 895 3744 950 fa-

2173 979 2318 1033 ciunt
2344 998 2357 1033 :
2391 990 2444 1035 et
2473 990 2725 1050 quantum
2753 996 2850 1036 nos
2875 998 3165 1053 pugnamus
3190 1026 3203 1049 ,
3234 994 3292 1040 ut
3330 987 3526 1056 primas
3553 1003 3745 1044 conse.

2172 1088 2419 1142 quamur,
2453 1084 2652 1129 tantum
2686 1076 2758 1129 illi
2786 1076 3080 1143 decertant,
3112 1088 3167 1133 ut
3194 1097 3297 1134 non
3326 1094 3741 1150 censequantur,

2172 1165 2266 1219 sed
2288 1166 2637 1235 dejiciantur;
2666 1167 2987 1239 studentque
3010 1180 3067 1224 ut
3093 1170 3313 1225 honoris
3338 1171 3558 1226 multum
3596 1171 3746 1228 defe-

2172 1266 2311 1321 rant,
2342 1271 2447 1310 non
2479 1264 2535 1311 ut
2559 1258 2874 1328 recipiant‘.

2244 1348 2526 1404 MonacIios
2554 1352 2661 1419 ipse
2704 1353 2901 1406 vivendi
2927 1354 3104 1406 modus
3127 1353 3196 1405 ad
3220 1354 3555 1408 humilitatem
3599 1355 3745 1409 incli-

2169 1450 2281 1496 nat.
2321 1440 2573 1512 Exempla
2599 1443 2898 1498 humilitatis
2924 1462 2955 1497 a
2980 1445 3164 1500 sanctis
3202 1446 3387 1499 tradita
3404 1488 3418 1512 ,
3450 1447 3623 1517 quibus
3644 1463 3743 1501 non

2170 1530 2503 1585 humilitatem
2532 1534 2802 1603 perniciem
2832 1534 3397 1604 alferent.—Alioquin
3428 1546 3604 1591 autem
3632 1539 3741 1607 ipsa

2170 1638 2331 1692 opera
2362 1624 2677 1680 modestiam
2709 1627 2963 1682 exhibere
2987 1628 3201 1694 docent,
3234 1643 3332 1683 nec
3359 1630 3542 1683 sinunt
3577 1639 3744 1684 tume-

2168 1731 2245 1769 re.
2294 1716 2423 1784 Quis
2447 1717 2587 1771 cnim
2614 1760 2629 1785 ,
2674 1734 2854 1789 quteso
2878 1760 2891 1782 ,
2927 1729 3118 1774 terram
3151 1721 3356 1775 fodiens
3386 1763 3400 1787 ,
3442 1721 3665 1792 irrigans
3691 1732 3744 1775 et

2170 1807 2432 1876 plantans,
2457 1810 2720 1878 sportulas
2747 1820 2986 1879 nectens,
3014 1826 3333 1882 saccumque
3354 1827 3637 1880 consueris,
3662 1813 3742 1866 vel

2167 1902 2267 1955 alia
2298 1903 2538 1972 quaedam
2571 1912 2824 1969 tractans,
2856 1906 3019 1959 altum
3044 1920 3292 1974 umquam
3316 1905 3522 1975 sapiat?
3547 1909 3665 1977 quis
3689 1910 3743 1961 in

2167 2005 2476 2064 paupertate
2506 1997 2708 2058 vivens,
2741 2008 2789 2052 et
2815 2013 2936 2052 cum
2967 1997 3105 2053 fame
3125 2014 3361 2069 pugnans
3384 2041 3399 2065 ,
3428 2000 3530 2055 hoc
3556 2001 3743 2055 morbo

2166 2087 2463 2140 laborabit?
2488 2087 2654 2141 Nemo
2681 2098 2844 2143 certe.
2880 2089 3000 2143 Ideo
3027 2090 3193 2143 facilis
3220 2089 3321 2145 illis
3346 2098 3427 2143 est
3452 2090 3738 2144 humilitas.

2168 2179 2243 2232 Ac
2270 2180 2713 2249 quemadmodum
2742 2180 2828 2235 hic
2852 2182 3109 2236 modestia
3140 2183 3372 2238 difficilis
3401 2192 3484 2238 est
3507 2184 3578 2238 ob
3600 2186 3733 2238 mul-

2167 2271 2442 2325 titudinem
2493 2272 2852 2340 plaudentium
2883 2283 2936 2327 et
2966 2272 3267 2328 mirantium
3293 2292 3305 2327 :
3337 2275 3415 2329 sic
3444 2275 3513 2330 ibi
3555 2275 3735 2330 admo-

2173 2363 2298 2417 dum
2345 2364 2511 2417 facilis
2552 2374 2652 2418 est.
2703 2365 2991 2419 Monachus
3044 2367 3185 2421 enim
3232 2366 3499 2421 Solitudini
3541 2375 3740 2421 tantum

2166 2456 2413 2522 attendit,
2438 2471 2562 2511 aves
2588 2457 2728 2512 videt
2755 2459 3014 2526 volantes,
3038 2461 3361 2529 arboresque
3388 2470 3547 2514 vento
3575 2462 3735 2530 agita-

2168 2558 2266 2614 tas,
2299 2551 2587 2619 spirantem
2620 2552 2931 2623 zephyrum,
2965 2562 3230 2609 torrentes
3256 2570 3351 2624 per
3376 2556 3537 2609 valles
3563 2554 3736 2609 defer-

2165 2641 2230 2694 ri.
2266 2640 2415 2696 Unde
2441 2657 2568 2712 ergo
2593 2643 2879 2698 extollatur
2918 2643 3007 2712 qui
3035 2646 3086 2698 in
3117 2645 3418 2715 huiusmodi
3457 2646 3740 2702 solitudine

2165 2736 2335 2788 vivat?
2361 2735 2477 2789 Non
2508 2748 2681 2791 tamen
2710 2736 2828 2790 ideo
2849 2738 3244 2792 excusationem
3273 2753 3372 2793 nos
3403 2738 3736 2803 habebimus,

2165 2829 2285 2896 quia
2342 2828 2393 2881 in
2443 2828 2617 2882 media
2661 2829 3000 2884 multitudine
3039 2839 3346 2895 versantes,
3391 2830 3555 2883 altum
3596 2830 3737 2899 sapi-

2164 2935 2303 2973 mus.
2350 2919 2560 2974 Etenim
2617 2920 2883 2976 Abraham
2949 2922 3088 2976 inter
3140 2922 3466 2976 Chananaaos
3522 2937 3739 2977 versans

2164 3012 2411 3067 dicebat:
2445 3013 2556 3083 Ego
2587 3030 2695 3067 sum
2725 3024 2877 3079 terra,
2911 3024 2956 3068 et
2985 3016 3109 3068 cinis
3130 3013 3283 3077 (Gen.
3315 3017 3401 3070 l8.
3424 3014 3613 3083 26);et
3640 3016 3736 3069 Da-

2167 3105 2249 3157 vid
2277 3105 2327 3159 in
2355 3106 2532 3160 medio
2563 3108 2799 3161 exercitu
2826 3123 2838 3159 :
2876 3106 2985 3178 Ego
3010 3119 3177 3162 autem
3200 3124 3308 3161 sum
3340 3109 3540 3172 vermis,
3572 3118 3618 3162 et
3638 3125 3736 3161 non

2163 3196 2311 3249 homo
2343 3196 2514 3265 (Psal.
2561 3199 2653 3251 2|.
2702 3198 2757 3269 6)
2787 3214 2801 3250 :
2835 3208 2889 3253 et
2918 3197 3202 3267 Apostolus
3250 3200 3301 3251 in
3351 3197 3526 3253 medio
3572 3198 3734 3253 orbe:

2164 3287 2286 3343 Non
2315 3307 2427 3345 sum
2450 3291 2629 3361 dignus
2657 3290 2826 3345 vocari
2851 3292 3108 3360 apostolus
3133 3292 3210 3361 (l.
3241 3289 3357 3346 Cor.
3395 3292 3481 3346 15.
3510 3291 3584 3362 9).
3611 3292 3736 3359 Qua:

2163 3383 2322 3452 igitur
2351 3383 2503 3438 nobis
2529 3386 2630 3437 erit
2671 3385 2966 3439 consolatio
2989 3424 3004 3446 ,
3033 3400 3150 3453 quae
3178 3384 3420 3440 defensio
3439 3426 3455 3451 ,
3499 3400 3617 3440 cum
3664 3395 3737 3439 tot

2164 3475 2448 3545 propositis
2468 3477 2724 3545 exemplis
2746 3493 2850 3531 non
2875 3476 3115 3533 modeSIe
3141 3479 3399 3548 agamus?
3426 3478 3574 3534 Sicut
3595 3480 3734 3533 enim

2163 3567 2238 3620 illi
2267 3567 2411 3621 mille
2440 3576 2563 3621 sunt
2585 3569 2798 3623 coronis
2829 3568 3011 3639 digni,
3042 3570 3130 3639 qui
3160 3571 3317 3640 primi
3361 3571 3569 3626 virtutis
3598 3573 3732 3625 viain

2163 3658 2396 3713 inierunt
2424 3676 2436 3711 :
2464 3660 2541 3713 sic
2569 3675 2665 3713 nos
2691 3661 2837 3716 mille
2872 3662 3141 3732 suppliciis
3178 3662 3254 3717 rei
3277 3677 3461 3718 sumus
3480 3704 3495 3730 ,
3524 3664 3615 3733 qui
3658 3674 3732 3719 tot

2160 3751 2402 3819 exempla
2452 3753 2725 3821 proposita
2762 3762 2816 3809 et
2854 3753 3117 3824 descripta
3149 3754 3439 3820 habentes,
3485 3767 3605 3825 post
3647 3756 3731 3810 illa

2161 3857 2268 3896 non
2290 3842 2529 3897 modeste
2557 3844 2792 3913 sapimus
2814 3884 2831 3912 ,
2858 3860 3030 3915 neque
3060 3846 3181 3901 illos
3201 3846 3479 3902 defunctos
3502 3886 3519 3913 ,
3561 3862 3736 3917 neque

2162 3933 2258 3989 hos
2287 3950 2428 3989 nunc
2460 3936 2701 3992 viventes
2722 3978 2739 4002 ,
2778 3946 2832 3992 et
2857 3952 2923 3993 ex
2942 3939 3107 4008 gestis
3131 3938 3468 3993 admirationi
3500 3939 3730 4003 habitos,

2162 4027 2351 4082 imitari
2382 4030 2771 4085 contendimus.
2797 4029 2935 4098 Quid
2959 4032 3099 4086 enim
3122 4032 3299 4087 dicere
3329 4032 3522 4102 possis,
3555 4032 3599 4087 si
3628 4048 3730 4087 non

2160 4122 2474 4191 resipiscas?
2499 4122 2704 4178 Literas
2734 4139 2839 4178 non
2869 4125 3029 4191 nosti,
3060 4139 3156 4179 nec
3181 4123 3484 4195 Scripturas
3522 4126 3730 4194 legisti,

2162 4222 2220 4267 ut
2260 4223 2499 4270 veterum
2545 4216 2767 4270 virtutes
2807 4215 3114 4270 edisceres?
3141 4216 3300 4287 Atqui
3336 4215 3455 4271 hzec
3505 4218 3729 4271 maxima

2159 4308 2311 4377 culpa
2341 4316 2426 4362 tua
2457 4319 2555 4371 est,
2591 4308 2733 4378 quod
2759 4308 2984 4363 ecclesia
3014 4310 3107 4364 tibi
3136 4324 3349 4380 semper
3375 4318 3570 4379 pateat,
3600 4321 3652 4363 nt
3680 4313 3730 4364 in

2160 4399 2305 4468 puris
2350 4400 2454 4454 illis
2500 4399 2714 4455 liuentis
2760 4399 2992 4454 haurias.
3041 4401 3300 4456 Cmterum
3348 4402 3394 4456 si
3445 4403 3565 4457 illos
3605 4404 3730 4457 olim

2158 4499 2370 4545 sanctos
2420 4507 2512 4560 per
2554 4492 2839 4561 Scripturae
2869 4492 3148 4547 lectionem
3193 4508 3296 4547 non
3348 4494 3601 4560 noveris,
3637 4496 3731 4547 hos

2159 4597 2287 4638 sane
2314 4583 2553 4638 viventes
2575 4583 2769 4638 vidisse
2796 4584 3043 4652 Oportuit.
3080 4584 3184 4640 Sed
3221 4587 3396 4640 nullus
3438 4597 3520 4641 est
3546 4587 3635 4656 qui
3680 4596 3731 4640 te

2158 4675 2353 4730 ducat?
2380 4664 2471 4729 Ad.
2484 4691 2569 4730 me
2595 4677 2808 4740 accede,
2840 4692 2939 4746 ego
2967 4677 3057 4731 tibi
3088 4678 3397 4732 monstrabo
3427 4688 3728 4733 sanctorum

2157 4766 2467 4820 diversoria.
2522 4765 2692 4833 Veni,
2724 4778 2775 4822 et
2820 4768 2889 4822 ab
2910 4768 3026 4823 aliis
3068 4784 3188 4838 quae
3238 4769 3447 4825 utilitati
3484 4771 3581 4825 tibi
3626 4773 3731 4825 sint

2156 4859 2298 4914 audi.
2352 4860 2410 4913 lli
2442 4860 2671 4915 lacerna:
2712 4870 2835 4913 sunt
2866 4875 2959 4930 per
2987 4868 3152 4914 totum
3197 4862 3378 4916 orbem
3428 4862 3725 4934 fulgentes:

2160 4967 2256 5021 pro
2313 4955 2479 5006 muris
2520 4960 2643 5006 sunt
2683 4952 2914 5008 urbibus.
2963 4952 3085 5007 Ideo
3128 4954 3466 5009 solitudinem
3506 4970 3731 5026 occupa-

2160 5052 2313 5109 runt,
2345 5053 2402 5097 ut
2430 5053 2480 5099 te
2508 5043 2733 5098 doceant
2779 5045 3030 5098 tumultus
3059 5045 3288 5100 civitatis
3317 5045 3610 5117 despicere.
3651 5048 3727 5102 llli

2162 5137 2303 5192 enim
2333 5145 2512 5206 utpote
2543 5137 2791 5192 fortiores
2819 5178 2833 5201 ,
2864 5146 3085 5207 possunt
3125 5138 3174 5191 in
3201 5139 3381 5193 media.
3416 5150 3729 5210 tempestate

2158 5230 2537 5300 tranquillitate
2562 5230 2660 5283 frui
2688 5246 2700 5282 :
2733 5229 2824 5284 tibi
2852 5244 2980 5284 vero
3003 5271 3018 5296 ,
3050 5231 3138 5299 qui
3166 5230 3399 5302 undique
3419 5231 3724 5302 exagitaris,

2154 5324 2334 5395 quiete
2358 5338 2493 5393 Opus
2521 5331 2622 5389 est,
2651 5333 2707 5377 ut
2732 5322 3001 5393 paululum
3031 5338 3059 5376 a
3086 5323 3447 5394 frequentibus
3477 5324 3726 5394 procellis

2154 5416 2421 5486 respirare
2466 5415 2658 5484 possis.
2704 5414 2825 5470 illos
2872 5415 3047 5485 itaque
3091 5414 3393 5485 frequenter
3433 5416 3624 5483 adeas,
3672 5424 3729 5471 ut

2154 5523 2340 5564 eorum
2389 5506 2633 5577 precibus
2665 5518 2722 5564 et
2750 5507 2966 5561 monitis
3001 5506 3233 5562 maculas
3271 5506 3451 5573 cluas,
3495 5517 3548 5562 et
3590 5506 3725 5561 hanc

2153 5603 2315 5657 vitam
2341 5603 2543 5673 optime
2568 5601 2773 5658 emetiri
2812 5600 3020 5671 possis,
3062 5609 3119 5654 ut
3143 5598 3323 5655 futura
3366 5600 3504 5655 bona
3532 5614 3720 5655 conse-

2155 5785 2472 5901 ἠοῖιὲιὲᾶιω,
2496 5785 2775 5850 studentth
2812 5782 2993 5849 primas
3034 5789 3218 5846 tenere,
3246 5780 3604 5844 humiliatimiis,
3630 5794 3723 5833 non
