4130 6374
275 352 371 406 671

271 467 409 525 αὐτὸ
434 464 658 537 ἀνασπᾷ
683 461 931 517 ἐντεῦθεν
956 460 1002 492 ⁸³
1026 459 1199 526 λέγων
1223 476 1235 489 ⁸
1281 458 1334 510 '0
1378 455 1674 511 ταπεινῶν
1708 455 1944 514 ἑαυτὸν,

272 553 677 626 ὑψωθήσεται.
731 547 882 612 Εἶδες
935 547 1052 611 πῶς
1099 549 1164 599 ἐκ
1219 546 1510 616 διαμέτρου
1564 543 1698 614 πρὸς
1735 543 1950 595 τούναν-

272 645 386 697 τίον
436 641 640 709 ἀπάγει
694 639 785 692 τὸν
835 636 1136 706 ἀκροατήν;
1184 635 1258 686 Ού
1287 633 1332 664 ⁸⁸
1365 633 1475 703 γὰρ
1521 632 1586 701 δὴ
1638 631 1796 700 μόνον
1839 628 1946 680 τῶν

275 729 558 800 πρωτείων
604 728 737 797 ἐρᾷν
781 723 1012 787 κωλύει,
1060 721 1195 776 ἀλλά
1227 720 1420 774 καὶτὰ
1455 719 1660 790 ἔσχατα
1704 715 1942 770 διώκειν.

273 816 430 870 Οὕτω
456 816 564 886 γάρ
591 813 756 886 τεύξῃ
781 814 878 881 τῆς
900 810 1214 880 ἐπιθυμίας,
1238 809 1390 879 φησί.
1418 807 1508 860 Διὸ
1535 805 1640 876 χρὴ
1664 804 1772 857 τῶν
1803 820 1947 872 πρω·

269 905 430 959 τείων
469 904 565 974 τὴν
611 902 904 971 ἐπιθυμίαν
947 898 1212 954 διώκοντα
1235 897 1303 961 ⁸⁵,
1329 896 1430 968 τὴν
1462 895 1694 965 ἐσχάτην
1726 892 1942 946 διώκειν

273 994 444 1060 τάξιν.
489 994 586 1057 ’ος
616 991 726 1061 γὰρ
773 988 850 1042 ἂν
879 986 1216 1054 ταπεινώσῃ
1260 982 1496 1046 ἑαυτὸν,
1539 981 1941 1050 ὑψωθήσεται.

273 1079 382 1134 Καὶ
416 1079 518 1132 ποῦ
567 1079 667 1149 τὴν
717 1073 1216 1146 ταπεινοφροσύνην
1239 1073 1284 1104 ⁸⁸
1339 1070 1544 1139 ταύτην
1603 1070 1941 1140 εύρήσομεν;

273 1167 534 1222 Βούλεσθε
567 1165 728 1219 πάλιν
747 1163 840 1218 ἐπὶ
863 1163 960 1232 τὴν
982 1162 1135 1214 πόλιν
1154 1161 1253 1228 τῆς
1268 1159 1470 1230 ἀρετῆς
1495 1158 1680 1227 ἴωμεν,
1706 1155 1803 1218 τὰς
1834 1155 1943 1208 τῶν

273 1253 442 1322 ἁγίων
481 1253 706 1323 σκηνὰς,
745 1255 813 1305 τά
839 1251 941 1321 ὅρη
972 1249 1139 1317 λέγω,
1168 1248 1262 1300 καὶ
1309 1247 1408 1309 τὰς
1441 1247 1648 1310 νάπας;
1688 1245 1798 1297 Καὶ
1835 1243 1944 1313 γὰρ

271 1345 388 1396 ἐκεῖ
412 1342 472 1396 τὸ
507 1341 640 1410 ὕψος
669 1341 769 1410 τῆς
805 1336 1305 1408 ταπεινοφροσύνης
1333 1335 1576 1404 ὀψόμεθα
1607 1333 1784 1386 τοῦτο.
1816 1334 1942 1385 Ἀνο

273 1430 479 1500 θρωποι
527 1429 634 1501 γὰρ
662 1431 709 1482 οἱ
751 1428 850 1499 μέν
893 1427 1000 1480 ἀπὸ
1037 1426 1144 1478 τῶν
1191 1424 1389 1491 ἔξωθεν
1433 1422 1780 1492 ἀξιωμάτων,
1809 1423 1858 1474 οί
1886 1424 1942 1476 δέ

273 1520 366 1572 καὶ
417 1519 525 1570 ἀπὸ
568 1517 864 1589 χρημάτων
911 1515 1061 1577 ὄντες
1098 1513 1371 1582 λαμπροὶ,
1422 1511 1686 1564 πάντοθεν
1718 1513 1941 1574 ἑαυτοὺς

273 1606 739 1668 καταστέλλουσιν,
777 1603 884 1656 ἀπὸ
915 1603 1014 1673 τῆς
1046 1602 1291 1672 ἐσθῆτος,
1321 1600 1426 1654 ἀπὸ
1462 1600 1561 1670 τῆς
1598 1601 1794 1663 οἰκίας,
1835 1596 1952 1652 ἀπ>’

270 1695 377 1746 τῶν
429 1692 894 1763 διακονουμένων·
945 1691 1039 1743 καὶ
1093 1689 1343 1759 καθάπερ
1392 1689 1450 1741 ἐν
1507 1689 1799 1759 γράμμασι
1849 1690 1938 1742 διὰ

271 1778 487 1831 πάντων
510 1778 609 1849 τὴν
638 1777 1134 1848 ταπεινοφροσύνην
1165 1777 1454 1847 γράφουσι.
1481 1777 1590 1829 Καὶ
1617 1775 1762 1846 άπερ
1791 1777 1936 1828 ἐστὶν

270 1865 673 1936 ὑπεκκαύματα
715 1865 1050 1929 ἀλαζονείας,
1091 1865 1151 1918 τὸ
1185 1863 1364 1928 καλῶς
1393 1863 1810 1934 ἀμφιέννυσθαι,
1844 1864 1936 1916 καὶ

266 1952 329 2005 τὸ
375 1953 643 2025 λαμπρῶς
684 1953 1006 2023 οἰκοδομεῖν,
1055 1955 1151 2006 καὶ
1199 1952 1261 2005 τὸ
1297 1952 1522 2014 πολλοὺς
1563 1951 1708 2020 ἔχειν
1754 1952 1939 2005 διακό-

267 2057 410 2104 νους,
433 2040 468 2094 ἀ
494 2043 590 2094 καὶ
617 2041 848 2104 ἄκοντας
871 2038 1129 2103 πολλάκις
1151 2040 1231 2104 είς
1257 2039 1572 2103 ἀλαζονείαν
1594 2039 1850 2110 ἐμϐάλλει
1869 2041 1934 2105 ⁸⁷,

264 2127 438 2182 ταῦτα
466 2129 582 2180 ἐκεῖ
625 2128 838 2182 ᾶπαντα
885 2126 1170 2197 ἀνῄρηται.
1219 2127 1326 2178 Καὶ
1354 2127 1508 2178 αὐτοὶ
1549 2127 1760 2180 καίουσι
1801 2127 1930 2198 πῦρ,

263 2215 424 2268 αὐτοὶ
465 2214 724 2268 διακλῶσι
768 2213 922 2280 ξύλα,
954 2215 1109 2266 αὐτοὶ
1149 2213 1389 2282 ἕψουσιν,
1435 2213 1591 2266 αὐτοὶ
1623 2216 1735 2278 τοῖς
1775 2217 1932 2284 ἐρχο-

269 2303 450 2372 μένοις
475 2303 865 2356 διακονοῦνται.
890 2303 1004 2355 Ούκ
1033 2303 1181 2354 ἔστιν
1209 2301 1517 2372 ὑϐρίζοντος
1541 2303 1770 2356 ἀκοῦσαί
1791 2320 1934 2366 τινος

264 2393 400 2455 ἐκεῖ,
443 2393 564 2445 ούδέ
597 2391 949 2462 ὑϐριζόμενον
987 2392 1132 2453 ἰδεῖν,
1176 2392 1296 2444 ούδέ
1338 2392 1776 2461 ἐπιταττόμενον,
1809 2392 1928 2444 ούδέ

263 2481 620 2533 ἐπιτάττοντα
638 2495 654 2510 ο
685 2479 821 2533 ἀλλά
847 2479 1045 2543 πάντες
1073 2479 1182 2531 τῶν
1221 2479 1649 2549 διακονουμένων
1679 2481 1806 2542 εἰσι,
1839 2481 1930 2532 καὶ

263 2567 492 2631 ἕκαστος
531 2568 656 2631 τοὺς
700 2567 865 2630 πόδας
898 2567 1075 2619 νίπτει
1119 2566 1227 2619 τῶν
1264 2565 1446 2630 ξένων,
1479 2567 1573 2620 καὶ
1604 2567 1772 2639 πολλὴ
1805 2571 1930 2640 περὶ

259 2655 449 2710 τούτου
477 2657 645 2727 μάχη.
669 2657 779 2709 Καὶ
806 2657 949 2708 ποιεῖ
969 2653 1146 2718 τοῦτο,
1170 2654 1270 2708 οὐκ
1297 2653 1562 2721 ἐξετάζων
1583 2656 1731 2718 ὅστις
1760 2658 1926 2720 ἐστὶν,

260 2742 384 2796 οὔτε
420 2746 468 2796 εί
503 2744 705 2806 δοῦλος,
739 2742 862 2796 οὔτε
901 2744 949 2796 εί
987 2742 1264 2814 ἐλεύθερος
1285 2757 1299 2772 ⁸
1331 2743 1444 2796 ἀλλ’
1469 2744 1562 2797 ἐπὶ
1603 2745 1801 2808 παντὸς
1829 2747 1927 2815 τὴν

259 2833 532 2886 διακονίαν
561 2832 761 2902 ταύτην
807 2832 1023 2904 πληροῖ.
1065 2832 1247 2896 Οὐδεὶς
1282 2833 1397 2885 ἐκεῖ
1444 2833 1505 2885 οὐ
1554 2833 1756 2904 μέγας,
1803 2835 1923 2887 ούδὲ

264 2921 476 2994 μικρός.
527 2921 591 2973 Τί
623 2918 746 2985 οῦν;
784 2921 1078 2990 σύγχυσις;
1113 2920 1205 2992 Μὴ
1250 2921 1488 2988 γένοιτο’
1521 2921 1694 2993 ἀλλ’ἢ
1731 2922 1920 2993 πρώτη

259 3008 497 3074 εὐταξία.
527 3009 646 3062 Κᾶν
683 3009 791 3080 γάρ
879 3027 963 3072 τις
997 3008 1212 3079 μικρὸς,
1240 3011 1268 3061 0
1299 3008 1470 3078 μέγας
1498 3011 1596 3080 οὐχ
1623 3012 1721 3081 ὁρᾷ
1744 3011 1922 3076 τοῦτο,

256 3098 391 3153 ἀλλά
424 3098 517 3151 καὶ
557 3097 766 3150 ἐκείνου
803 3096 962 3150 πάλιν
1005 3097 1424 3168 καταδεέστερον
1446 3097 1636 3151 ἑαυτὸν
1667 3096 1805 3153 εἶναι
1839 3118 1923 3152 νε-

255 3186 467 3256 νόμικε,
497 3187 588 3239 καὶ
616 3185 789 3259 ταύτῃ
815 3186 1020 3254 γίνεται
1053 3185 1272 3255 μείζων.
1319 3186 1434 3238 Μία
1477 3186 1724 3257 τράπεζα
1760 3189 1920 3252 πᾶσι,

256 3276 488 3338 καὶτοῖς
531 3274 995 3345 διακονουμένοις,
1037 3275 1131 3327 καὶ
1167 3278 1281 3338 τοῖς
1318 3275 1644 3336 διακονοῦσι,
1676 3276 1744 3328 τά
1787 3276 1926 3330 αύτά

256 3361 546 3432 ἐδέσματα,
572 3363 640 3416 τά
666 3362 806 3416 αύτά
825 3362 1116 3433 ἐνδύματα,
1140 3363 1206 3415 τά
1238 3363 1375 3416 αύτὰ
1400 3364 1698 3434 οἰκήματα,
1727 3367 1759 3436 ἡ
1785 3366 1922 3436 αὐτὴ

253 3450 451 3505 δίαιτα.
492 3452 680 3519 Μέγας
715 3453 832 3504 ἐκεῖ
864 3454 892 3504 0
931 3453 991 3504 τὸ
1033 3453 1248 3516 εὐτελὲς
1288 3453 1448 3525 ἔργον
1494 3453 1776 3524 ἁρπάζων.
1809 3456 1929 3508 υύκ

253 3539 435 3592 ἔστι⁸⁸
475 3541 536 3594 τὸ
573 3540 734 3611 Ἐμὸν
774 3541 869 3593 καὶ
910 3540 970 3594 τὸ
1005 3541 1135 3594 Σόν·
1169 3541 1282 3595 ἀλλ’
1323 3541 1615 3615 ἐξώρισται
1659 3547 1818 3598 τοῦτο
1862 3545 1923 3598 τὸ

253 3628 426 3700 ῥῆμα,
451 3629 512 3680 τὸ
547 3628 754 3699 μυρίων
783 3629 951 3683 αῖτιον
984 3629 1254 3700 πολέμων.

319 3732 382 3786 δ’.
425 3732 534 3786 Καὶ
565 3733 619 3786 τί
653 3733 984 3804 θαυμάζεις,
1024 3736 1074 3788 εί
1133 3735 1310 3790 δίαιτα
1371 3737 1465 3790 καὶ
1513 3737 1763 3807 τράπεζα
1824 3739 1918 3793 καὶ

251 3821 412 3893 στολὴ
447 3821 546 3892 μία
570 3823 758 3889 πᾶσιν,
793 3823 926 3876 ὅπου
952 3840 1015 3891 γε
1050 3823 1306 3895 καὶψυχὴ
1341 3824 1439 3894 μία
1467 3827 1654 3888 πᾶσιν,
1685 3828 1747 3879 οὐ
1778 3828 1920 3881 κατά

247 3911 349 3983 τὴν
407 3909 594 3964 ούσίαν
639 3911 797 3981 μόνον
831 3911 1008 3978 (τοῦτο
1045 3913 1165 3984 ’γὰρ
1218 3914 1311 3966 καὶ
1343 3914 1434 3966 ἐπὶ
1467 3914 1728 3985 πάντων),
1785 3917 1920 3971 ἀλλὰ

249 3999 391 4054 τιατά
414 3999 512 4070 τὴν
539 3998 790 4070 ἀγάπην;
813 3998 928 4062 πῶς
965 3995 1060 4052 οὖν
1090 3999 1155 4052 ἂν
1181 3999 1318 4070 αὑτὴ
1349 4001 1469 4054 καθ’
1499 4003 1694 4072 ἑαυτῆς
1745 4004 1920 4074 ἐπαρ-

249 4087 368 4158 θείη
395 4087 554 4153 ποτέ;
582 4088 696 4141 Οὐκ
743 4086 891 4140 ἔστιν
935 4089 1052 4140 ἐκεῖ
1084 4087 1240 4140 πενία
1279 4089 1373 4140 καὶ
1403 4088 1653 4154 πλοῦτος,
1675 4091 1799 4158 δόξα
1823 4095 1917 4147 καὶ

246 4178 439 4246 ἀτιμία
459 4193 473 4208 ο
504 4175 620 4240 πῶς
646 4171 739 4230 οὖν
763 4177 829 4229 ἂν
859 4175 1007 4247 εὖροι
1034 4177 1387 4248 παρείσδυσιν
1405 4179 1632 4233 ἀπόνοια
1661 4181 1754 4234 καὶ
1779 4181 1912 4236 ἀλα-

247 4265 464 4331 ζονεία;
500 4265 618 4320 ΙΞίσλ⁵
673 4266 770 4336 μὲν
797 4267 904 4336 γὰρ
951 4267 1044 4318 καί⁵
1075 4267 1259 4338 μικροὶ
1281 4268 1375 4322 καὶ
1399 4269 1620 4339 μεγάλοι
1647 4273 1788 4323 κατά
1823 4272 1913 4324 τὸν

245 4357 344 4428 τῆς
399 4355 598 4427 ἀρετῆς
629 4355 818 4423 λόγον·
857 4355 972 4408 ἀλλ’
1015 4355 1149 4425 ὅπερ
1178 4355 1333 4426 ἔφην,
1373 4357 1544 4422 οὐδεὶς
1595 4359 1751 4412 τοῦτο
1786 4361 1906 4432 ὁρᾷ.

256 4445 316 4499 '0
352 4445 546 4516 μικρὸς
578 4445 678 4498 οὐκ
715 4444 870 4513 ἀλγεῖ
899 4445 974 4508 ὡς
1003 4446 1048 4476 ⁸⁹
1078 4445 1612 4517 καταφρονούμενος·
1646 4447 1768 4501 οὔτε
1801 4450 1908 4522 γὰρ

243 4533 274 4588 ὁ
313 4533 664 4604 καταφρονῶν
696 4533 780 4596 τίς
813 4534 961 4586 ἐστι’
1012 4533 1114 4587 κᾶν
1139 4536 1407 4606 διαπτύσῃ
1447 4537 1502 4590 δέ
1550 4555 1655 4602 τις,
1685 4539 1842 4594 τοῦτο
1861 4541 1908 4572 ⁸ο

248 4617 483 4687 μάλιστα
533 4617 913 4683 παιδεύονται,
975 4621 1472 4692 καταφρονεῖσθαι,
1516 4622 1906 4689 διαπτύεσθαι,

245 4706 694 4772 ἐξευτελίζεσθαι,
713 4707 799 4760 διὰ
820 4706 1098 4778 ῥημάτων,
1121 4707 1208 4762 διὰ
1242 4711 1580 4780 πραγμάτων
1596 4729 1610 4741 ·
1646 4713 1738 4764 καὶ
1761 4731 1908 4765 πτω-

244 4797 359 4865 χοῖς
387 4796 482 4850 καὶ
510 4796 687 4865 ἀναπή
699 4807 810 4864 ροις
835 4793 983 4867 [706]
1003 4797 1548 4868 συναναστρέφονται,
1580 4801 1674 4853 καὶ
1696 4801 1752 4852 αί
1779 4801 1910 4872 τρά-

244 4883 408 4948 πεζαι
444 4885 625 4947 αὐτοῖς
655 4883 858 4937 τούτων
889 4883 1116 4954 γέμουσι
1163 4884 1272 4938 τῶν
1305 4885 1670 4956 δαιτυμόνωνο
1703 4889 1790 4942 διά
1843 4889 1906 4962 δὴ

240 4971 400 5024 τοῦτο
431 4971 522 5024 καὶ
553 4972 660 5024 τῶν
688 4971 933 5042 οὐρανῶν
960 4972 1095 5024 εἰσιν
1120 4971 1276 5036 ἄξιοι.
1298 4975 1406 5027 Καὶ
1435 4976 1463 5026 ό
1498 4975 1596 5045 μέν
1617 4975 1908 5047 Θεραπεύει

240 5060 535 5130 τραύματα
588 5060 697 5114 τῶν
741 5059 920 5129 λώϐην
961 5059 1274 5128 ἐχόντωνδι,
1302 5064 1330 5115 0
1362 5062 1419 5115 δέ
1456 5069 1788 5135 χειραγωγεῖ
1819 5068 1908 5120 τὸν

240 5148 458 5216 τυφλὸν,
499 5151 526 5201 0
552 5149 609 5201 δέ
643 5147 896 5217 βαστάζει
929 5149 1020 5201 τὸν
1037 5150 1082 5180 ⁸⁸
1133 5149 1194 5202 τὸ
1253 5150 1438 5212 σκέλος
1487 5154 1904 5222 πεπηρωμένον.

241 5235 357 5289 Οὐκ
384 5235 461 5290 ἔνι
489 5235 736 5289 κολάκων
766 5237 883 5288 ἐκεῖ
907 5236 1151 5307 ,πλῆθος,
1178 5237 1299 5290 ούδέ
1339 5239 1675 5309 παρασίτων·
1707 5243 1906 5312 μᾶλλον

332 5361 377 5392 ⁸³
399 5360 668 5434 ἐντεῦθεν]
689 5362 843 5416 τοῦτο
862 5363 932 5417 Μ.
956 5363 1054 5434 Ep.

1307 337 1377 395 IN
1414 335 1829 394 MATTIIEUM
1870 333 2104 391 HOMIL.
2135 333 2343 390 LXXII.
2393 337 2463 391 al.
2504 335 2740 392 LXXIII.

3610 333 3716 388 672

2049 453 2104 506 δέ
2129 455 2248 507 ούδέ
2289 458 2316 509 ὃ
2375 456 2426 508 τί
2457 455 2588 509 ποτέ
2636 458 2750 508 ἐστι
2799 453 3055 508 κολακεία
3105 455 3280 508 ίσασι’
3319 453 3480 508 πόθεν
3517 451 3611 510 οὖν
3650 459 3718 512 ἂν

2049 542 2336 612 ἐπαρθεῖέν
2367 561 2494 596 ποτε
2520 561 2534 606 ;
2570 545 2674 596 Καὶ
2702 542 2810 614 γάρ
2845 543 3012 612 πολλὴ
3037 545 3166 612 παρ’
3195 544 3376 606 αὐτοῖς
3408 544 3588 616 ἰσότης
3607 565 3620 576 ·
3639 545 3720 598 διὸ

2050 631 2143 683 καὶ
2177 631 2394 684 εὐκολία
2423 632 2589 702 πολλὴ
2619 631 2717 700 τῆς
2746 632 2966 702 ἀρετῆς.
3018 631 3129 684 Καὶ
3151 633 3259 703 γάρ
3277 633 3485 696 τούτοις
3521 633 3720 704 μᾶλλον

2047 720 2094 772 οί
2122 720 2533 790 καταδεέστεροι
2572 721 2993 789 παιδεύονται.ἢ
3028 721 3076 773 εἰ
3118 722 3508 788 ἀναγκάζοιντο
3537 723 3721 786 αὺτοῖς

2049 810 2398 877 παραχωρεῖν
2435 808 2542 860 τῶν
2583 809 2882 878 πρωτείων.
2909 809 3120 877 Ὥσπερ
3175 809 3284 880 γάρ
3324 810 3414 862 τὸν
3441 811 3649 881 θρασὺν
3690 813 3718 863 0

2047 895 2412 965 πληττόμενος
2457 897 2550 948 καὶ
2602 896 2949 966 παραχωρῶν
2979 897 3219 950 παιδεύει
3245 915 3254 927 ·
3281 896 3424 950 οὔτω
3448 899 3538 952 τὸν
3570 899 3718 968 φιλό-

2043 999 2200 1052 τιμον
2234 985 2261 1036 0
2297 984 2368 1052 μὴ
2418 983 2859 1052 ἀντιποιούμενος
2907 984 3085 1054 δόξης.
3138 984 3275 1037 ἀλλὰ
3336 986 3715 1056 καταφρονῶν.

2045 1070 2213 1123 Τοῦτο
2253 1071 2308 1123 δὲ
2357 1072 2493 1140 μετὰ
2531 1072 2805 1141 δαψιλείας
2839 1074 2955 1125 ἐκεῖ
3005 1074 3245 1126 ποιοῦσι·
3287 1075 3380 1127 καὶ
3427 1077 3524 1146 ὅση
3569 1077 3716 1146 μάχη

2045 1159 2173 1228 παρ’
2204 1161 2332 1229 ἡμῖν
2360 1159 2500 1228 ὑπὲρ
2515 1157 2608 1210 τοῦ
2625 1163 2806 1228 τυχεῖν
2830 1159 2937 1213 τῶν
2970 1160 3272 1228 πρωτείων,
3294 1161 3546 1224 τοσοῦτος
3567 1161 3717 1230 ἀγὼν

2044 1245 2172 1314 παρ’
2191 1246 2414 1307 ἐκείνοις
2442 1245 2582 1314 ὑπὲρ
2619 1245 2712 1298 τοῦ
2769 1246 2842 1317 μὴ
2870 1250 3074 1316 τυχεῖν,
3105 1247 3240 1300 αλλά
3267 1247 3712 1317 διακρούσασθαι,

2043 1337 2134 1386 καὶ
2168 1333 2334 1403 πολλὴ
2357 1335 2578 1405 σπουδὴ,
2595 1335 2677 1396 τίς
2704 1335 3084 1405 πλεονεκτήσει
3101 1335 3295 1405 τιμῶν,
3321 1336 3436 1389 ἀλλ’
3463 1338 3525 1389 οὐ
3544 1336 3717 1408 τιμώ-

2045 1439 2219 1491 μενος.

2115 1511 2324 1573 Ἀλλως
2367 1510 2422 1562 δὲ
2471 1510 2564 1563 καὶ
2608 1510 2744 1564 αύτά
2766 1512 2833 1564 τὰ
2864 1510 3002 1581 ἔργα
3037 1509 3350 1582 μετριάζειν
3384 1511 3582 1576 πείθει,
3621 1515 3716 1568 καὶ

2039 1601 2138 1651 οὐκ
2171 1599 2362 1667 ἀφίησι
2393 1599 2765 1668 φλεγμαίνειν.
2825 1600 2919 1662 Τίς
2971 1599 3099 1669 γάρ,
3134 1600 3255 1651 είπέ
3290 1617 3400 1670 μοι,
3440 1599 3546 1670 γῆν
3583 1602 3714 1654 σκά-

2041 1705 2191 1740 πτων
2220 1689 2313 1740 καὶ
2349 1687 2524 1758 ἄρδων
2559 1689 2650 1740 καὶ
2686 1687 2952 1756 φυτεύων,
2991 1687 3262 1758 ἣπλέκων
3289 1690 3584 1760 σπυρίδας,
3618 1691 3714 1744 καὶ

2040 1776 2241 1830 σάκκον
2267 1776 2528 1845 ύφαίνων,
2561 1775 2593 1845 ἦ
2621 1775 2752 1830 ἄλλα
2788 1775 2906 1828 τινὰ
2937 1776 3350 1847 μεταχειρίζων,
3403 1777 3545 1847 μέγα
3584 1795 3714 1849 φρο-

2037 1864 2189 1933 νήσει
2247 1863 2412 1928 ποτέ;
2461 1863 2543 1926 τίς
2593 1863 2648 1914 δέ
2700 1863 2858 1931 πενίᾳ
2900 1862 3097 1925 συζῶν,
3135 1865 3226 1916 καὶ
3268 1863 3412 1934 λιμῷ
3444 1864 3709 1928 παλαίων,

2036 1950 2194 2003 τοῦτο
2226 1951 2443 2020 νοσήσει
2476 1951 2536 2003 τὸ
2583 1950 2826 2020 νόσημα;
2857 1951 2970 2004 Ούκ
2997 1951 3142 2003 ἔστιν
3175 1951 3366 2014 οὐδείς.
3413 1953 3510 2005 Διὰ
3555 1953 3712 2007 τοῦτο

2036 2039 2253 2102 εὔκολος
2279 2040 2458 2102 αὐτοῖς
2504 2041 2536 2109 ἡ
2589 2039 3080 2109 ταπεινοφροσύνη.
3111 2041 3217 2092 Καὶ
3259 2039 3449 2111 ῶσπερ
3476 2041 3708 2095 ἐνταῦθα

2036 2128 2269 2197 χαλεπὸν
2298 2127 2358 2179 τὸ
2423 2127 2735 2198 μετριάζειν
2765 2126 2851 2179 διά
2904 2127 2964 2180 τὸ
3006 2126 3206 2196 πλῆθος
3233 2127 3342 2180 τῶν
3373 2128 3708 2198 κροτούντων

2037 2215 2127 2266 καὶ
2148 2214 2534 2284 θαυμαζόντων
2556 2231 2569 2243 ·
2605 2199 2776 2277 οὔτως
2812 2215 2928 2265 ἐκεῖ
2959 2215 3162 2286 σφόδρα
3196 2213 3433 2269 εὔκολον.
3459 2216 3566 2269 Καὶ
3599 2215 3708 2288 γὰρ

2033 2305 2097 2373 τῇ
2124 2303 2327 2373 ἐρημίᾳ.
2357 2301 2612 2371 προσέχει
2659 2301 2817 2372 μόνον
2865 2301 3092 2364 ἐκεῖνος,
3135 2303 3228 2354 καὶ
3277 2301 3496 2372 ὄρνιθας
3550 2304 3706 2356 ἱπτα-

2038 2393 2201 2460 μένας
2219 2391 2264 2422 ⁵³
2289 2392 2410 2461 ὁρᾷ,
2430 2391 2523 2443 καὶ
2548 2389 2736 2460 δένδρα
2769 2389 3043 2460 σειόμενα,
3069 2391 3160 2443 καὶ
3188 2389 3419 2461 ζέφυρον
3453 2392 3704 2457 πνέοντα,

2035 2474 2127 2525 καὶ
2160 2471 2366 2542 ῥύακας
2415 2471 2504 2524 διὰ
2538 2477 2836 2542 φαράγγων
2886 2472 3239 2542 φερομένους.
3292 2473 3460 2526 Πόθεν
3502 2470 3596 2528 οὖν
3639 2474 3706 2529 ἂν

2033 2555 2296 2626 ἐπαρθείη
2331 2558 2360 2608 0
2401 2555 2604 2626 ἐρημία⁸
2647 2555 2884 2627 τοσαύτῃ
2937 2556 3142 2622 συζῶν;
3171 2557 3245 2609 (νύ
3281 2558 3386 2628 μὴν
3410 2557 3498 2610 διὰ
3548 2557 3706 2612 τοῦτο

2031 2642 2323 2709 ἀπολογίαν
2381 2642 2628 2694 ἐντεῦθεν
2673 2645 2832 2713 ἡμεῖς
2882 2643 3103 2713 ἕξομεν,
3161 2644 3347 2716 ἐπειδὴ
3399 2647 3456 2698 ἐν
3520 2646 3705 2716 μέσοις

2032 2732 2380 2801 στρεφόμενοι
2401 2731 2542 2801 μέγα
2573 2731 2892 2802 φρονοῦμεν.
2910 2733 3018 2784 Καὶ
3037 2733 3144 2804 γάρ
3164 2735 3192 2786 ό
3221 2733 3469 2805 Ἀϐραάμ
3501 2735 3702 2805 μεταξὺ

2031 2821 2349 2874 Χαναναίων
2382 2819 2458 2872 ῶν
2506 2819 2720 2888 ἔλεγεν*
2763 2819 2904 2888 Ἐγὼ
2955 2821 3022 2874 δέ
3061 2824 3177 2890 ειμι
3213 2821 3288 2892 γῆ
3319 2823 3415 2876 καί
3450 2820 3700 2890 σποδόςο

2030 2909 2122 2961 καὶ
2164 2910 2192 2960 ό
2243 2907 2404 2961 Δαυῖδ
2453 2911 2511 2961 ἐν
2561 2908 2748 2977 μέσοις
2801 2909 3216 2979 στρατοπέδοις,
3262 2910 3411 2979 Ἐγὼ
3467 2912 3535 2964 δέ
3583 2915 3702 2982 ειμι

2029 2997 2297 3064 σκώληξ,
2329 2998 2424 3052 καί
2450 3001 2562 3052 οὐκ
2583 2999 2912 3066 ἄνθρωπος·
2940 3000 3032 3052 καὶ
3059 3001 3087 3052 ό
3119 2999 3439 3063 Ἀπόστολος
3467 3003 3526 3052 ἐν
3559 3003 3699 3074 μέσῃ

2026 3089 2090 3156 τῇ
2125 3086 2433 3157 οἰκουμένῃ·
2467 3088 2589 3140 Οὐκ
2618 3086 2737 3155 εἰμὶ
2760 3086 2966 3152 ἱκανὸς
2995 3087 3305 3140 καλεῖσθαι
3332 3087 3694 3153 ἀπόστολος.

2026 3174 2162 3226 Ποία
2190 3174 2366 3226 τοίνυν
2411 3176 2544 3244 ἡμῖν
2590 3172 2740 3226 ἔσται
2766 3173 3111 3244 παραμυθία,
3146 3173 3276 3227 ποία
3318 3173 3373 3226 δέ
3408 3173 3693 3243 ἀπολογία,

2023 3261 2151 3313 ὅταν
2179 3261 2312 3331 μηδὲ
2339 3261 2577 3314 τοσαῦτα
2599 3260 2814 3332 ἔχοντες
2844 3259 3260 3332 παραδείγματα
3281 3261 3693 3332 μετριάζωμεν;

2025 3349 2232 3422 Ὠσπερ
2257 3349 2366 3420 γὰρ
2389 3353 2586 3403 ἐκεῖνοι
2627 3350 2836 3420 μυρίων
2870 3350 3149 3417 στεφάνων
3178 3348 3337 3413 ἄξιοι,
3360 3348 3566 3420 πρῶτοι
3596 3351 3696 3421 τῆς

2021 3437 2221 3509 ἀρετῆς
2269 3437 2368 3508 τὴν
2419 3438 2537 3491 όδὺν
2571 3437 2847 3500 ἐλθόντεςο
2882 3436 3054 3499 οὕτως
3084 3438 3246 3506 ἡμεῖς
3281 3435 3489 3506 μυρίων
3531 3454 3698 3508 τιμω·

2023 3523 2154 3594 ριῶν
2181 3523 2492 3584 ὑπεύθυνοι.
2519 3523 2654 3594 μηδὲ
2677 3523 2793 3592 μετ’
2822 3521 3062 3583 ἐκείνους
3092 3521 3217 3583 τοὺς
3244 3519 3576 3582 ἀπελθόντας
3600 3522 3694 3574 καὶ

2020 3613 2078 3665 ἐν
2100 3615 2222 3685 fol;
2250 3613 2540 3685 γράμμασι
2572 3611 2880 3682 κειμένους,
2920 3609 3055 3680 μηδὲ
3072 3610 3120 3641 ⁸⁸
3152 3609 3290 3678 μετά
3320 3609 3542 3672 τούτους
3565 3611 3692 3673 τοὺς

2021 3643 2078 3665 εν
2110 3643 2116 3646 ~
2143 3643 2220 3675 υις
2260 3643 2540 3685 γραμμαυι
2575 3643 2880 3682 κειμενυυς,
2920 3643 3055 3680 Huc.
3152 3643 3290 3678 μέν...
3331 3643 3535 3672 ..υυυνυς
3574 3643 3689 3673 ..υυς

2021 3643 2229 3760 ζιῖέτας
2254 3697 2347 3749 καὶ
2377 3697 2462 3750 διὰ
2495 3695 2602 3749 τῶν
2632 3696 2972 3769 πραγμάτων
2995 3693 3461 3764 θαυμαζομένους,
3489 3694 3583 3747 ἐπὶ
3599 3694 3691 3748 τὸν

2021 3783 2135 3837 ἴσον
2172 3783 2453 3854 ἑλκόμενοι
2487 3783 2668 3853 ζῆλον.
2699 3782 2765 3836 Τί
2793 3781 2900 3852 γὰρ
2937 3781 3003 3835 ἂν
3041 3780 3186 3851 ἔχοις
3215 3782 3411 3843 εἰπεῖν,
3451 3781 3526 3852 μὴ
3545 3781 3690 3854 διορ-

2020 3873 2280 3944 θούμενος
2307 3889 2322 3938 ;
2348 3874 2462 3926 Οὐκ
2489 3869 2643 3924 οῐσθα
2677 3871 3001 3942 γράμματα,
3050 3870 3172 3924 οὐδὲ
3208 3872 3455 3942 Γραφαῖς
3500 3871 3688 3926 ἐνέκυ-

2015 3961 2145 4032 φας,
2175 3963 2262 4016 ἵνα
2291 3961 2468 4033 μάθῃς
2495 3959 2604 4014 τῶν
2631 3959 2876 4012 παλαιῶν
2905 3960 3004 4022 τὰς
3037 3959 3271 4029 ἀρετάς;
3304 3960 3554 4013 Μάλιστα
3589 3962 3688 4032 μὲν

2017 4050 2287 4106 καὶτοῦτο
2320 4049 2589 4120 ἔγκλημα,
2640 4049 2738 4119 τῆς
2769 4047 3065 4119 ἐκκλησίας
3113 4046 3376 4118 διηνεκῶς
3407 4049 3686 4119 ἀνεῳγμέ-

2015 4156 2135 4211 νης,
2173 4140 2247 4210 μὴ
2279 4137 2508 4190 είσιέναι
2533 4139 2578 4169 ⁵⁵
2617 4137 2711 4190 καὶ
2737 4135 2982 4206 μετέχειν
3029 4135 3135 4188 τῶν
3165 4135 3421 4207 καθαρῶν
3460 4137 3686 4191 ἐκείνων

2019 4228 2294 4298 ναμάτων.
2353 4227 2498 4296 Πλὴν
2528 4225 2641 4280 ἀλλ’
2666 4226 2714 4277 εί
2751 4226 2844 4278 καὶ
2871 4225 2994 4288 τοὺς
3032 4223 3365 4288 ἀπελθόντας
3390 4225 3491 4278 οὐκ
3514 4225 3686 4293 ἔγνως

2017 4317 2104 4370 διά
2128 4316 2234 4369 τῶν
2251 4315 2500 4386 Γραφῶν,
2532 4315 2660 4377 τοὺς
2689 4311 2896 4377 ζῶντας
2925 4311 3146 4374 τούτους
3186 4312 3315 4366 ίδεῖν
3335 4313 3524 4384 ἐχρῆν.
3544 4314 3682 4367 Ἀλλ’

2016 4404 2190 4468 οὐδεὶς
2214 4405 2242 4456 0
2272 4401 2658 4474 χειραγωγῶνς
2697 4400 2846 4452 Ἐλοἐ
2868 4399 3002 4469 πρός
3025 4416 3115 4469 με,
3152 4399 3245 4452 καὶ
3281 4399 3392 4468 ἐγώ
3416 4417 3498 4454 σοι
3523 4401 3683 4466 δείξω

2014 4492 2084 4546 τὰ
2112 4491 2428 4560 καταγώγια
2467 4489 2618 4562 [707]
2650 4489 2756 4542 τῶν
2789 4488 2956 4556 ἁγίων
2981 4488 3211 4542 τούτων’
3244 4488 3386 4553 ἐλθὲ,
3412 4489 3506 4542 καὶ
3539 4490 3679 4561 μάθε

2006 4578 2060 4631 τί
2094 4577 2222 4649 παρ’
2276 4577 2451 4630 αὐτῶν
2495 4577 2785 4647 χρήσιμον.
2844 4574 3040 4643 Λύχνοι
3093 4574 3368 4644 πανταχοῦ
3415 4575 3516 4645 τῆς
3574 4577 3676 4646 γῆς

2007 4667 2144 4719 εἰσιν
2173 4659 2316 4720 οὗτοι
2358 4663 2700 4734 λάμποντεςο
2753 4662 2906 4732 τείχη
2966 4664 3087 4724 ταῖς
3113 4661 3300 4714 πόλεσι
3341 4662 3672 4735 περικάθην-

2005 4771 2096 4807 ται
2119 4755 2184 4808 ⁵⁸.
2233 4755 2330 4806 Διά
2356 4752 2526 4806 ταῦτα
2571 4753 2670 4815 τὰς
2697 4752 2929 4823 ἐρημίας
2981 4750 3296 4814 κατέλαϐον,
3351 4752 3437 4804 ἴνα
3468 4753 3561 4804 καὶ
3615 4753 3674 4806 σέ

2007 4842 2338 4897 παιδεύσωσι
2370 4841 2478 4894 τῶν
2526 4843 2584 4893 ὲν
2609 4839 2688 4910 τῷ
2742 4840 2891 4910 μέσῳ
2919 4839 3163 4910 θορύϐων
3201 4842 3580 4908 καταφρονεῖν.
3609 4842 3672 4895 Οί

2012 4932 2108 5004 μὲν
2135 4930 2266 5001 γὰρ,
2309 4931 2402 4984 ἆτε
2440 4929 2649 5000 ίσχυροὶ
2681 4927 2849 4993 ὅντες,
2887 4928 2981 4980 καὶ
3037 4929 3094 4980 ἐν
3125 4925 3276 4998 μέσῳ
3316 4926 3393 4997 τῷ
3443 4927 3671 4983 κλύδωνι

2005 5020 2257 5073 δύνανται
2293 5017 2532 5087 γαλήνης
2587 5015 2912 5070 ἀπολαύειν·
2961 5017 3043 5068 σοὶ
3094 5015 3150 5068 δέ
3194 5013 3272 5085 τῴ
3321 5016 3669 5086 περιαντλου-

2009 5109 2154 5179 μένῳ
2188 5105 2522 5176 πανταχόθεν
2550 5105 2777 5175 ἡσυχίας
2806 5105 2903 5166 δεῖ,
2933 5104 3026 5158 καὶ
3061 5103 3153 5156 τοῦ
3188 5104 3380 5175 μικρὸν
3395 5106 3668 5161 ἀναπνεῦ-

2005 5215 2095 5250 σαι
2127 5198 2170 5228 ⁶⁷
2207 5198 2269 5248 ἐκ
2293 5195 2402 5248 τῶν
2441 5194 2755 5265 ἐπαλλήλων
2783 5193 3066 5260 κυμάτων.
3123 5191 3310 5256 Βάδιζε
3341 5194 3519 5247 τοίνυν
3552 5197 3668 5250 ἐκεῖ

2006 5285 2262 5357 συνεχῶς,
2293 5284 2380 5337 ἵνα
2426 5283 2526 5354 τὴν
2545 5282 2766 5352 διηνεκῆ
2795 5281 2986 5352 κηλῖδα
3035 5281 3280 5352 καθάρας
3303 5283 3348 5314 ⁸⁸
3375 5285 3495 5346 ταῖς
3520 5283 3664 5336 ἐκεί-

1155 5366 1200 5458 έθ
1230 5369 1311 5458 9°.
1327 5367 1494 5458 [οέδξὲ
1517 5373 1579 5458 (ἓν
1608 5375 1926 5458 ηοὲιξὲῖεξιν]

2029 5387 2108 5440 dd.
2152 5381 2588 5458 παρακελεύεται
2630 5380 2775 5458 βυ.-
2803 5381 2850 5412 ⁸⁸
3022 5381 3304 5458 πρωτείων
3357 5381 3551 5458 ἐρῶντι
3595 5381 3658 5440 L.

243 5428 368 5486 Ilaec
398 5432 507 5484 τῶν
542 5428 875 5502 πρωτείων..
904 5476 917 5488 .
953 5428 1187 5508 ἐσχάτην
1221 5428 1417 5494 desim
1453 5443 1504 5495 in
1531 5444 1592 5498 G.

243 5502 514 5557 φροσύνην
550 5505 1077 5557 ιιεταγειοιζόιιενοι·
1114 5510 1207 5557 καὶ
1235 5510 1315 5557 δεῖ
1342 5513 1491 5557 ἡμᾶς
1529 5517 1666 5557 πηλρ
1694 5522 1761 5557 ρ-ιι
1799 5543 1926 5557 νη...

2047 5456 2182 5527 Περὶ
2212 5428 2480 5524 ιῖοναχῶν,
2506 5454 2601 5506 καὶ
2625 5428 2708 5505 ὅτιί
2724 5448 2868 5505 οὗτοι
2893 5428 3127 5521 μάλιστά
3155 5454 3292 5503 εἰσιν
3326 5428 3662 5507 οίΓταπεινο-

2029 5543 2116 5557 ι..-
2169 5525 2278 5557 ...τω
2337 5525 2506 5557 ἀνευ...
2595 5522 2796 5557 n.1,...“
2850 5522 3085 5557 ...ιυεωτιρ
3135 5521 3350 5557 Anus“.
3427 5523 3508 5557 7....
3561 5526 3659 5557 ...ιη

235 5513 514 5625 ξροσῡνην
550 5513 1077 5590 μεῖαχειριςόξιενοι·
1114 5513 1207 5562 καί
1235 5513 1315 5561 δεῖ
1342 5513 1491 5580 ἡμᾶς
1529 5517 1666 5586 πρὸς
1694 5522 1761 5574 τὰ
1799 5513 2138 5596 κατανὼγυι⁸
2169 5513 2278 5577 τῶν
2336 5513 2506 5590 ἀγίων
2595 5522 2796 5576 τούτων
2850 5513 3085 5593 σύνεχῶς
3134 5521 3376 5585 ἀπιέναι,
3427 5523 3511 5574 ἵνα
3561 5526 3659 5589 τὰς

238 5576 505 5663 ,ξηῖελκξῖξ
785 5575 1107 5663 ξαβαρξυμξεν
1133 5579 1197 5663 (ὶε
1271 5579 1314 5611 ⁸⁷
1332 5583 1714 5663 *εἶτεερηεξανίαν
1743 5591 1808 5648 G.
1841 5595 1904 5652 H.
1931 5575 2093 5653 Ksed
2121 5594 2435 5660 ἀλαζονείαν
2465 5594 2624 5663 habcl
2651 5595 2703 5646 in
2728 5610 2896 5661 marg.
2924 5592 2989 5648 II.
3017 5591 3297 5663 ἐμϐάλλει]
3322 5591 3568 5646 ἐκϐάλλει
3588 5594 3654 5650 G.

235 5639 397 5729 μέρει
425 5639 757 5729 ίίιιδοίίὶιιίρηι
780 5639 1135 5729 ιίςινιιίίιιὶιιςιζ
1158 5648 1254 5729 Ge:
1329 5651 1376 5682 ⁸⁸
1395 5639 1926 5729 εέτίκὶμιιᾷιῖέξέίέςι

2029 5639 2703 5721 52:17:75.]I'éEéeEJSfél-Z"
2729 5639 2896 5728 ’λ’ἴὲῖῗέ
2924 5639 3300 5719 ὅὼῖᾝῗίίὖὲΐ

239 5711 492 5804 Eadd-1h:
661 5715 715 5804 λ.
741 5715 991 5804 ἐχόντων]
1013 5718 1204 5804 ,λώϐῃγ
1225 5721 1416 5804 ἔχοντα
1445 5726 1508 5778 G.
1542 5711 1629 5804 ’.⁵⁸

2029 5711 2156 5791 EE;
2186 5711 2523 5790 ἧῗιξῖιᾚῖιζ
2537 5711 2641 5804 "ii
2658 5711 3296 5804 ἰπταιῖέῖιοῦξ’ἰιῖ“ἰλξ’“’έί

235 5777 306 5835 Μ.
348 5783 546 5856 μηδὲ...
579 5787 716 5856 μήτε
743 5777 806 5838 ηζ
842 5777 991 5856 μήτέ
1013 5791 1092 5842 bis
1131 5777 1264 5844 Eua:

959 5804 978 5878 ε
1013 5794 1264 5878 οἰδῆίςιιά.
1356 5794 1402 5826 ³⁸
1434 5797 1674 5878 συνιέναι
1684 5801 1771 5878 μΜ.
1805 5804 1954 5878 M05
1975 5806 2250 5878 καθαρῶν]
2293 5805 2472 5860 καλῶν
2497 5804 2562 5858 G.
2589 5803 2653 5856 II.

310 5862 359 5906 st
405 5853 436 5907 h
494 5869 544 5908 ν.
575 5853 980 5944 ἱκαὶ
1003 5859 1366 5944 ’καθίστανται
1391 5907 1405 5927 ,
1443 5883 1544 5944 ρος
1576 5853 1926 5929 οιίιάίῇξέεῖῖ]

2029 5878 2068 5932 ί.
2103 5853 2157 5932 (ξι
2178 5853 2532 5944 Ιιιὶεινρτεῑειιι
2565 5877 2734 5944 seculi
2759 5876 3088 5932 induximus.

3394 5663 3439 5694 ⁸⁰
3480 5663 3656 5735 τούτῳ

2866 5752 2996 5797 ινους
3021 5733 3086 5788 Η.
3114 5733 3177 5788 L.
3250 5734 3296 5764 ⁸⁸
3519 5732 3653 5804 μήτε

2866 5805 3309 5886 ⁸⁶.διακάθην;ται
3397 5843 3461 5886 η..
3498 5805 3652 5886 ριιὲι

3193 5876 3236 5908 ⁵⁷
3261 5874 3532 5946 ἀνανῆψαι
3575 5873 3648 5933 Ι.

269 5924 372 5977 Ior.
400 5938 449 5992 ιι.
482 5939 531 5992 p.
564 5924 972 5997 ἀλλεπαλλήλων
999 5930 1066 5985 Μ.
1097 5940 1148 5988 el
1171 5924 1431 6004 καμάτων
1456 5935 1517 5996 L.
1589 5942 1633 5974 "

2030 5924 2090 6003 ’ὑί
2103 5924 2662 6017 ῖὶςὲὄᾶῥῆἷὰῗῐιῗίξ.
