4154 6370
495 316 599 370 675

1264 318 1323 375 S.
1364 319 1649 377 JOANNIS
1685 321 2180 379 CHRYSOSTOMI
2210 322 2531 380 ARClllEP.
2571 324 3118 386 CONSTANTINOP.

3795 331 3897 387 θη

487 449 596 487 νων
630 433 818 504 εὐχαις
846 433 941 487 καὶ
973 430 1344 504 παραινέσεσι,
1395 434 1491 487 καὶ
1538 435 1628 489 τὸν
1670 437 1901 490 ἐνταῦθα
1952 438 2147 507 ἄριστα
2254 438 2400 505 στοῦ,
2430 440 2497 493 δι’
2528 435 2589 494 οὑ
2622 443 2716 494 καὶ
2763 441 2881 512 μεθ’
2905 437 2968 496 οὗ
2999 442 3077 513 τῷ
3106 440 3279 513 Πατρὶ
3318 442 3461 509 δόξα,
3498 442 3714 513 κράτος,
3744 443 3900 514 τιμή,

487 515 749 589 διαγάγῃς
788 516 920 586 βίον,
966 518 1060 568 καὶ
1095 515 1203 568 τῶν
1258 517 1557 585 μελλόντων
1595 519 1854 590 ἐπιτύχῃς
1903 520 2142 588 ἀγαθῶν,

490 600 670 669 χάριτι
700 601 793 653 καὶ
842 598 1217 669 φιλανθρωπίᾳ
1237 598 1329 652 τοῦ
1367 601 1571 670 Κυρίου
1603 601 1759 671 ήμῶν
1802 603 1974 673 Ἰησοῦ
2014 605 2147 674 Χρι-

2253 521 2367 589 ἀμα
2392 522 2468 590 τῷ
2496 524 2634 593 ἀγίῳ
2664 523 2960 594 Πνεύματι,
2987 524 3080 578 νῦν
3111 525 3204 577 καὶ
3226 526 3315 577 ἀεὶ
3334 527 3426 577 καὶ⁸
3454 524 3531 588 είς
3558 526 3684 588 τοὺς
3702 526 3897 591 αἰῶνας

2250 605 2358 657 τῶν
2386 606 2619 661 αἰώνων.
2656 606 2851 677 Ἀμήν.

2014 795 2260 849 ΟΜΙΛΙΑ
2296 796 2417 851 Ol".

486 886 631 942 οὐαὶ
660 883 823 960 ὑμῖν,
847 879 1201 960 γραμματεῖς
1218 881 1315 934 καί
1334 882 1656 960 (ξαρισαῖοι,
1688 886 2143 960 ὑποκριταὶ,ιὸτι

552 953 892 1011 κατεσθίετε
936 954 1042 1017 τὰς
1069 953 1261 1024 οἰκίας
1306 953 1422 1004 τῶν
1445 953 1670 1024 χηρῶν,
1708 956 1805 1007 καὶ
1843 955 2142 1024 προφάσει

545 1028 745 1095 μακρὰ
764 1024 885 1055 ⁵⁹·⁶⁰
908 1022 1378 1095 προσευχόμενοι
1394 1040 1407 1051 ·
1427 1023 1522 1077 διὰ
1546 1025 1717 1079 τοῦτο
1737 1022 2012 1094 λήψεσθε
2038 1041 2142 1078 πε·-

542 1091 907 1168 ρισσότερον
940 1091 1137 1162 κρίμα.

546 1235 621 1287 α’.
664 1233 943 1286 Ἐντεῦθεν
970 1231 1158 1285 λοιπόν
1198 1234 1277 1294 είς
1303 1234 1743 1305 γαστριμαργίαν
1770 1235 1964 1299 αὐτοὺς
1989 1254 2140 1307 κωμ-

478 1318 622 1386 ῳδεῖ·
650 1318 742 1369 καὶ
767 1318 827 1368 τὸ
854 1316 1048 1380 δεινὸν,
1083 1316 1163 1368 ὅτι
1193 1316 1293 1369 οὐκ
1329 1318 1434 1369 ἀπὸ
1463 1318 1570 1370 τῶν
1604 1317 1992 1381 πλουτούντων,
2024 1320 2140 1373 ἀλλ’

480 1400 696 1454 ἀπὸτῶν
727 1400 911 1469 χηρῶν
945 1400 1357 1470 ἐγαστρίζοντο,
1406 1402 1499 1453 καὶ
1541 1402 1639 1471 τὴν
1688 1401 1910 1455 ἐκείνων
1948 1404 2140 1457 πενίαν

480 1482 785 1553 ἐπέτριϐον,
810 1483 876 1553 ἣν
908 1482 1250 1553 διορθοῦσθαι
1273 1482 1399 1537 ἐδει.
1429 1484 1563 1536 Οὐδὲ
1586 1484 1692 1554 γὰρ
1716 1484 1900 1548 ἀπλῶς
1926 1484 2138 1555 ἢσθιον,

478 1565 614 1617 ἀλλά
671 1566 978 1637 κατήσθιον.
1022 1562 1153 1619 Εἶτα
1206 1566 1302 1619 καὶ
1358 1568 1387 1619 6
1446 1568 1644 1635 τρόπος
1708 1568 1806 1636 τῆς
1836 1568 2140 1637 καπηλείας

477 1646 881 1716 χαλεπώτερος·
923 1648 1223 1716 Προφάσει
1253 1650 1453 1717 μακρὰ
1504 1664 1663 1717 προσ
1664 1652 1998 1719 ευχόμενοιο
2023 1651 2138 1715 Πᾶς

479 1728 577 1794 μὲν
611 1729 717 1798 γὰρ
751 1728 898 1795 ἀξιος
925 1728 1239 1799 τιμωρίαςό
1268 1730 1436 1781 κακόν
1456 1746 1507 1781 τι
1539 1729 1729 1781 ποιῶν·
1764 1732 1792 1782 6
1830 1730 1885 1782 δὲ
1917 1731 2007 1783 καὶ
2039 1732 2138 1802 τὴν

475 1811 653 1863 αἰτίαν
680 1812 785 1866 ἀπὸ
815 1812 1102 1875 εὐλαϐείας
1134 1812 1443 1882 λαμϐάνων,
1472 1814 1567 1865 καὶ
1591 1814 1938 1884 προσχήματι
1964 1814 2138 1886 τούτῳ

474 1893 753 1965 χρώμενος
776 1895 875 1964 τῆς
898 1896 1180 1965 πονηρίας,
1206 1894 1387 1964 πολλῷ
1422 1894 1803 1965 χαλεπωτέρας
1842 1896 2137 1961 ὑπεύθυνος

476 1976 767 2037 κολάσεως.
784 1978 891 2028 Καὶ
916 1976 1057 2037 τίνος
1076 1976 1261 2029 ἕνεκεν
1280 1977 1377 2029 οὐκ
1408 1978 1888 2048 ἀπεχειροτόνησεν
1912 1978 2133 2046 αὐτούς;

477 2059 598 2111 Ὅτι
642 2060 671 2112 6
720 2060 907 2129 καιρὸς
956 2060 1056 2112 οὐκ
1114 2060 1411 2130 ἐπέτρεπεν
1452 2060 1695 2137 κούδέπω.
1730 2060 1829 2113 Διά
1873 2061 1937 2132 δὴ
1978 2061 2134 2116 τοῦτο
2176 2127 2185 2137 ο

471 2141 663 2212 ἀφίησι
699 2142 794 2210 μὲν
814 2142 1009 2205 αὐτοὺς
1037 2142 1175 2207 τέως
1195 2160 1207 2173 ·
1247 2142 1335 2195 διά
1362 2142 1416 2195 δὲ
1440 2136 1513 2195 ὧν
1536 2142 1701 2210 λέγει,
1740 2145 2133 2208 κατασκευάζει

470 2225 531 2277 τὸ
554 2224 959 2293 ἀνεξαπάτητον
988 2225 1066 2295 τῷ
1085 2226 1265 2296 δήμῳ,
1298 2228 1383 2279 ἳνα
1417 2227 1490 2297 μὴ
1519 2227 1607 2280 διά
1647 2227 1745 2296 τὴν
1770 2226 1928 2292 ἀξίαν
1951 2227 2133 2279 αὐτῶν

471 2308 551 2369 εἰς
578 2307 669 2359 τὸν
723 2308 883 2361 αὐτὸν
900 2308 940 2339 ⁶¹
983 2308 1245 2362 ἐλκωνται
1304 2310 1484 2379 ζῆλον.
1526 2309 1743 2380 Ἐπειδὴ
1800 2311 1907 2380 γὰρ
1955 2306 2129 2373 εἶπεν,

471 2387 621 2442 Ὅσα
647 2389 724 2441 ἂν
746 2389 1005 2457 λέγωσιν
1024 2390 1165 2459 ὑμῖν
1215 2391 1428 2455 ποιεῖν,
1458 2391 1705 2445 ποιεῖτε·
1735 2392 2003 2445 δείκνυσιν
2032 2394 2133 2446 ὅσα

471 2472 865 2540 παραποιοῦσιν
899 2474 963 2536 ⁶²,
1003 2473 1091 2525 ἵνα
1136 2473 1208 2543 μὴ
1241 2473 1299 2537 ἐξ
1332 2473 1541 2526 ἐκείνου
1578 2475 1805 2545 νομισθῇ
1838 2477 1989 2546 παρά
2021 2478 2131 2539 τοῖς

468 2555 714 2625 ἀνοήτοις
768 2556 945 2609 πάντα
986 2558 1299 2625 ἐπιτρέπειν
1352 2559 1557 2621 αὐτοῖς.
1610 2559 1755 2612 Οὐαὶ
1784 2560 2010 2629 ὑμῖν⁴³,
2041 2560 2131 2613 ὅτι

469 2642 695 2691 κλείετε
736 2639 851 2706 τὴν
904 2640 1233 2703 ,ϐασιλείαν
1272 2640 1609 2708 ἔμπροσθεν
1635 2642 1752 2695 τῶν
1786 2642 2126 2712 ἀνθρώπων.

478 2720 493 2736 ⁹
510 2721 673 2788 Υμεῖς
703 2724 810 2790 γὰρ
828 2724 937 2775 οὐκ
964 2722 1331 2791 εἰσέρχεσθε,
1351 2723 1491 2775 οὐδὲ
1512 2724 1653 2788 τοὺς
1675 2726 2130 2794 εισερχομένους

467 2805 670 2871 ἀφίετε
689 2806 1002 2859 εἰσελθεῖν.
1038 2807 1098 2858 Et
1149 2806 1206 2859 δέ
1237 2806 1300 2858 τὸ
1334 2806 1535 2875 μηδένα
1554 2808 1779 2877 ὠφελεῖν
1808 2809 2127 2879 κατηγορία,

468 2887 528 2939 τὸ
555 2890 648 2940 καὶ
681 2888 940 2957 βλάπτειν
981 2890 1076 2941 καὶ
1100 2888 1329 2943 κωλύειν
1362 2888 1522 2941 ποίαν
1555 2890 1727 2959 ἐχειδδ
1763 2894 2124 2961 συγγνώμην;

468 2968 533 3021 Τί
559 2971 615 3023 δέ
634 2972 769 3035 ἐστι,
800 2972 945 3036 Τοὺς
958 2974 1447 3042 εὶσερχομένους;
1488 2975 1615 3037 Γούς
1638 2976 2129 3044 ἐπιτηδείους.’⁷οτε

469 3053 569 3122 μὲν
602 3056 711 3124 γὰρ
762 3054 1015 3119 ἐπιτάξαι
1068 3057 1274 3126 ἐτέροις
1324 3055 1453 3120 ἐδει,
1508 3057 1756 3127 ἀφόρητα
1790 3058 2005 3110 ἐποίουν
2061 3058 2128 3110 τά

468 3138 660 3209 φορτία
688 3155 699 3166 ·
724 3138 813 3190 ὅτε
844 3138 901 3191 δὲ
929 3139 1123 3202 αὐτοὺς
1142 3140 1186 3169 ⁸⁵
1221 3138 1441 3208 ποιῆσαί
1484 3154 1540 3190 τι
1569 3138 1677 3191 τῶν
1713 3138 1962 3201 δεόντων,
1995 3138 2054 3191 τὸ
2083 3139 2127 3169 ⁸⁸

468 3220 725 3282 ἐναντίον,
758 3221 816 3273 οὐ
873 3221 1033 3289 μόνον
1065 3220 1215 3273 οὐδὲν
1268 3220 1484 3273 ἐποίουν
1533 3220 1704 3284 αὐτοὶ,
1735 3220 1848 3273 ἀλλ’
1890 3220 1918 3272 ὃ
1952 3218 2128 3292 πολλῷ

467 3306 630 3360 πλέον
670 3306 817 3360 ἐστὶν
860 3308 939 3368 εἰς
991 3304 1209 3370 κακίαν,
1239 3302 1386 3375 [708]
1415 3304 1507 3355 καὶ
1542 3304 1760 3373 ἐτέρους
1803 3302 2123 3373 διέφθειρον.

465 3386 622 3444 Οὗτοί
666 3391 802 3441 εἰσιν
825 3391 873 3441 οί
910 3388 1190 3458 λεγόμενοι
1228 3388 1423 3457 λοιμοὶ,
1460 3386 1509 3439 οἱ
1545 3386 1702 3457 ἔργον
1735 3386 2001 3456 τιθέμενοι
2027 3388 2126 3456 τὴν

465 3478 663 3548 ἐτέρων
712 3476 1003 3539 ἀπώλειαν,
1037 3477 1100 3527 ἐκ
1130 3475 1419 3544 διαμέτρου
1457 3473 1591 3542 πρὸς
1619 3474 1744 3536 τούς
1767 3473 2124 3535 διδασκάλους

464 3562 712 3623 ἑστῶτες.
735 3561 796 3612 Εἰ
830 3559 935 3630 γάρ
967 3560 1286 3613 διδασκάλου
1314 3563 1374 3615 τὸ
1402 3560 1594 3625 σώζειν
1618 3559 1708 3612 τὸν
1734 3558 2120 3629 ἀπολλύμενον,

462 3645 525 3698 τὸ
556 3643 851 3697 ἀπολλύναι
884 3644 974 3695 τὸν
1024 3643 1289 3708 σώζεσθαι
1330 3646 1610 3715 μέλλοντα,
1651 3643 1945 3713 λυμεῶνος.
1992 3637 2124 3695 Εἶτα

464 3727 625 3782 πάλιν
656 3728 841 3798 ’έτερον
866 3727 1116 3798 ἔγκλημα
1135 3744 1148 3758 ·
1187 3729 1314 3781 Ὅτι
1337 3727 1641 3797 περιάγετε
1666 3727 1780 3795 τὴν
1802 3726 2125 3781 θάλασσαν

464 3817 563 3871 καὶ
605 3816 721 3883 τὴν
747 3816 957 3884 ξηρὰν,
988 3815 1235 3883 ποιῆσαι
1256 3816 1362 3869 ἕνα
1399 3815 1815 3885 προσήλυτον·
1852 3814 1950 3868 καὶ
1979 3816 2124 3868 ὅταν

463 3900 779 3968 γένηταιυ,
822 3899 1040 3952 ποιεῖτε
1097 3899 1283 3952 αὐτὸν
1317 3899 1448 3951 υἱὸν
1481 3899 1731 3968 γεέννης
1770 3898 2123 3965 διπλότερον

462 3984 663 4054 ὑμῶν·
710 3984 1007 4046 τουτέστιν,
1042 3982 1161 4035 οὐδέ
1201 3982 1261 4034 τὸ
1284 3982 1329 4013 ⁸⁸
1370 3981 1522 4051 μόλις
1562 3980 1721 4034 αὐτὸν
1771 3980 2121 4048 σαγηνεῦσαι,

463 4069 555 4122 καὶ
577 4068 714 4137 μετά
745 4067 953 4137 μυρίων
986 4066 1184 4127 πόνων,
1217 4065 1490 4134 φείδεσθαι
1516 4064 1681 4117 αὐτοῦ
1712 4064 2122 4135 παρασκευάζει

463 4154 610 4222 ὑμᾶς
634 4169 648 4182 ·
680 4153 921 4219 καίτοιγε
947 4151 1055 4204 τῶν
1092 4150 1245 4221 μόλις
1276 4149 1584 4220 κτηθέντων
1617 4148 1906 4218 φειδόμεθα
1943 4148 2123 4217 μειζό-

460 4239 775 4307 νως·ὑμᾶς
829 4238 886 4290 δέ
944 4236 1061 4289 οὐδὲ
1120 4234 1273 4287 τοῦτο
1330 4234 1768 4303 ἐπιεικεστέρους
1807 4233 2117 4303 ἐργάζεται.

475 4319 736 4373 Ἐνταῦθα
780 4319 872 4371 δύο
903 4318 1083 4381 αὐτοῖς
1106 4318 1148 4349 ⁶⁹
1181 4316 1433 4384 ἐγκαλεῖ·
1490 4316 1547 4369 ἒν
1595 4316 1712 4386 μὲν,
1746 4316 1826 4369 ὅτι
1859 4316 2120 4387 ἄχρηστοι

463 4402 599 4472 πρὸς
640 4402 914 4474 σωτηρίαν
965 4400 1073 4453 τῶν
1107 4399 1351 4463 πολλῶν,
1393 4399 1485 4452 καὶ
1542 4396 1734 4451 πολλοῦ
1778 4398 1987 4451 δέονται
2024 4399 2119 4453 τοῦ

464 4484 704 4555 ἱδρῶτος,
750 4484 892 4537 ὥστε
942 4483 1042 4537 κᾶν
1088 4483 1184 4535 ἐνα
1235 4481 1664 4551 ἐφελκύσασθαι·
1708 4482 1890 4552 ἕτερον
1923 4482 2000 4544 δέ,
2038 4483 2120 4535 ὅτι

463 4569 696 4642 ρᾁυμοι
720 4568 855 4639 πρὸς
874 4567 973 4637 τὴν
994 4566 1237 4637 φυλακὴν
1266 4566 1357 4620 τοῦ
1385 4566 1675 4636 κτηθέντος
1694 4582 1708 4596 ·
1743 4565 1939 4635 μᾶλλον
1967 4565 2023 4617 δέ
2058 4567 2118 4619 οὑ

463 4654 597 4726 ρᾴθυ
606 4672 694 4725 μοι
729 4654 909 4724 μόνον.
933 4651 1066 4705 ἀλλά
1094 4653 1185 4704 καὶ
1215 4649 1469 4720 προδόται
1495 4649 1582 4702 διά
1608 4649 1704 4719 τῆς
1726 4649 1865 4702 κατά
1883 4650 1973 4701 τὸν
2007 4648 2119 4719 βίον

459 4738 723 4808 πονηρίας
751 4736 1148 4806 διαφθείροντες
1164 4733 1324 4786 αὐτὸν
1347 4734 1440 4786 καὶ
1464 4734 1629 4802 χείρω
1648 4732 2119 4796 ποιοῦντες.”οταν

458 4820 568 4894 γὰρ
604 4822 731 4884 τοὺς
772 4819 1120 4881 διδασκάλους
1157 4818 1240 4889 ῐδῃ
1274 4816 1544 4879 τοιούτους
1581 4818 1609 4868 ὁ
1639 4815 1901 4886 μαθητὴς,
1922 4816 2119 4886 χείρων

459 4898 687 4973 γίνεται.
720 4904 794 4957 Οὐ
820 4903 927 4972 γάρ
950 4903 1161 4955 ἵσταται
1218 4900 1377 4971 μέχρι
1405 4899 1507 4970 τῆς
1534 4899 1626 4952 τοῦ
1672 4899 1991 4952 διδασκάλου
2022 4917 2121 4952 κα-

459 4988 617 5050 κίας·
646 4987 761 5040 ἀλλ’
786 4987 915 5039 ὅταν
946 4985 1043 5056 μέν
1073 4985 1325 5054 ἐνάρετος
1354 4980 1411 5057 ᾗ,
1442 4984 1709 5052 μιμεῖται·
1746 4982 1873 5034 ὅταν
1898 4981 1953 5033 δέ
1981 4980 2121 5048 φαῦ-

460 5070 571 5134 λος,
598 5070 692 5124 καὶ
712 5069 1027 5141 ὑπερϐαίνει
1056 5067 1145 5122 διά
1176 5068 1275 5138 τὴν
1295 5066 1545 5120 εὐκολίαν
1567 5066 1664 5136 τὴν
1714 5066 1807 5119 ἐπὶ
1833 5065 1895 5118 τὸ
1918 5068 2119 5136 χεῖρον.

460 5154 588 5208 Υἱὸν
609 5155 665 5207 δὲ
692 5154 915 5225 γεέννης
945 5153 1097 5223 φησὶ,
1138 5151 1436 5214 τουτέστιν,
1468 5149 1843 5217 αὐτογέενναν.
1871 5145 2007 5201 Εἷπε
2040 5149 2119 5211 δὲ,

458 5239 821 5306 Διπλότερον
867 5234 1047 5303 ὑμῶν,
1079 5236 1166 5286 ἵνα
1197 5234 1293 5288 καὶ
1328 5233 1568 5296 ἐκείνους
1599 5232 1833 5303 φοϐήσῃ,
1876 5231 1971 5285 καὶ
2000 5231 2123 5284 τού-

529 5365 650 5398 ηοη
680 5363 867 5435 μακρᾷ
894 5360 958 5417 G.
988 5360 1053 5416 Η.
1089 5360 1123 5414 4
1147 5358 1358 5429 Mosqq.
1435 5361 1477 5392 ⁸⁸
1507 5360 1684 5413 αὐτῶν
1712 5360 1776 5414 G.
1826 5357 1890 5412 Η.
1923 5368 1984 5413 ιιι
2017 5360 2129 5428 conj

529 5436 699 5514 ίκνυ-σι
727 5435 889 5514 ποῖαί
921 5431 1123 5514 ὅσα.μή
1162 5428 1701 5514 παραποιῶσινηβιιέ.
1735 5499 1756 5514 Ι
1809 5428 2032 5514 διλιύμῖν]
2052 5446 2129 5514 ηιμ

2231 5367 2322 5413 :rat
2349 5359 2475 5414 Sav.
2575 5360 2618 5391 ⁶¹
2648 5357 2739 5412 Sic
2759 5358 2824 5412 H.
2853 5358 2917 5412 K.
2943 5358 3013 5412 M.
3046 5359 3095 5413 6.
3141 5359 3185 5411 ὃς

2248 5431 2605 5514 leaf-{1.91522
2620 5432 2715 5514 καὶ
2742 5432 3019 5514 Φαρισαῖοι
3049 5428 3185 5514 ηΕόά

1278 5446 1538 5483 αποιωσιν
1568 5446 1701 5484 Lua.
1809 5446 1853 5459 ···
1882 5446 2032 5550 υὲιν]
2091 5446 2129 5482 a4

1289 5500 1335 5532 “
1356 5499 1491 5623 τι]
1520 5498 1713 5623 δεδι
1968 5498 2112 5622 Ριξξι

1278 5609 1290 5692 ζ
1317 5640 1378 5693 L.
1412 5587 1736 5693 561.9pa\'enle.
1754 5586 1972 5693 6:16:31
1996 5638 2055 5692 τὸ

2248 5446 2283 5496 γ
2322 5447 2594 5514 αμματεις
2620 5447 2715 5482 και
2742 5446 3019 5500 φαρισαιοι
3077 5446 3207 5481 non.
3266 5446 3563 5530 βασιλειαν]
3616 5446 3741 5485 auu.
3769 5447 3877 5485 των

2231 5518 2245 5551 ι
2276 5446 2412 5554 ﬁ.“
2442 5500 2538 5570 ἐχῃ
2567 5499 2701 5554 Edd.
2780 5502 2827 5531 “
2872 5500 3025 5552 αὐτοὶ
3046 5498 3108 5554 G.
3139 5500 3361 5561 ἐαυτοὺς
3395 5499 3467 5552 Μ.
3569 5500 3588 5531 ⁸
3632 5499 3716 5571 τὸ]
3758 5502 3876 5554 τότε

2231 5570 2252 5601 ⁵
2276 5570 2367 5693 τὸ]Ι
2394 5571 2532 5641 μετὰ
2557 5571 2616 5623 τὸ
2660 5568 2795 5624 Edd.
2824 5570 2942 5627 Prae
2983 5574 3287 5631 ositionem,
3334 5585 3454 5638 qua‘,
3519 5568 3700 5623 Bnisio
3748 5572 3877 5625 olim

2231 5640 2304 5693 Led
2376 5642 2423 5693 ic
2450 5650 2575 5693 nos!
2596 5640 2792 5693 πόνων.
2819 5586 3246 5693 διιυυῗειηεηιιιιη
3272 5640 3428 5693 τοῦτο
3457 5639 3588 5693 αὐτὸ
3623 5639 3875 5693 inculcat.

460 5428 699 5489 δείκνυσί
727 5428 889 5501 ποῖα·
921 5432 1020 5485 ὅσα
1046 5431 1123 5501 μὴ
1162 5428 1545 5501 παραποιῶσιν
1568 5430 1701 5501 mg.

459 5507 696 5578 obpavibx
732 5502 797 5557 Η.
858 5500 921 5555 L.
951 5502 976 5554 1
1011 5497 1183 5625 Μοέὲ
1244 5497 1267 5578 ⁷-
1289 5500 1335 5532 ⁸⁸
1356 5499 1491 5571 ἔχει]
1520 5500 1612 5554 Sic
1637 5498 1701 5553 K.
1735 5497 1892 5584 L.'M.

459 5577 519 5625 τὸ
541 5576 590 5625 Μ
639 5575 819 5625 αόιονΙ
846 5570 971 5625 add.
994 5588 1103 5625 γαο
1183 5612 1197 5625 .
1226 5569 1290 5624 Β.
1365 5569 1637 5625 ⁶⁷εὐοηται
1664 5569 1736 5623 Μ.
1760 5586 1891 5625 ευοη

458 5569 590 5629 τδ’Μ
638 5578 705 5646 μό
718 5591 795 5627 ιον
809 5575 830 5646 1]
846 5570 971 5626 add.
994 5572 1103 5646 γάρ
1131 5569 1197 5625 G.

462 5638 975 5715 diSpliéuit,9'b9§se
1000 5638 1193 5715 jgqunt
1219 5640 1285 5715 ῌ.
1317 5640 1378 5715 ζ..
1418 5638 1727 5715 Μζ-ῐανεηιε
1754 5638 1972 5715 ϐοεμδιά
1996 5638 2055 5715 τρ
2082 5638 2304 5715 Ep._s_ed

1832 5711 1885 5781 “_
1912 5707 2101 5781 φησιν]

2231 5711 2260 5781 l_.
2325 5707 2535 5781 ἔδειῊ.
2576 5712 2729 5781 ΜΗ.
2766 5707 2959 5781 ταῦτα
2993 5708 3117 5781 δαν.
3162 5707 3467 5781 _Vu!Agalum
3538 5718 3717 5763 tuetur
3774 5709 3854 5781 Ep

466 5785 512 5816 "
535 5782 780 5855 ποιῆσαι]
806 5784 927 5839 add.
963 5778 1197 5835 κάκεῖνα
1223 5780 1301 5903 μὴ
1329 5781 1546 5849 ἀφιέναι
1577 5778 1651 5832 Μ.
1724 5778 2129 5867 ’³1κΌαθαρσίωῇζ

466 5846 600 5903 Ilor.
700 5852 750 5886 '"
780 5852 1050 5903 διαφόρως
1096 5850 1161 5903 G.
1197 5848 1217 5903 1
1249 5889 1264 5903 .
1302 5850 1366 5903 Κ.
1400 5850 1497 5903 Eo.
1538 5854 1629 5903 sed
1670 5851 2029 5903 mdﬂiercnler
2070 5852 2129 5903 (ιι

2231 5778 2308 5849 3p.
2335 5780 2475 5833 καθα

2268 5852 2312 5881 ⁷⁵
2343 5852 2475 5903 ἀδικι

1197 5848 1264 5905 ll.
1292 5848 1497 5920 7K.'Ep.
1538 5854 1629 5905 sed
1670 5848 2029 5918 indiﬂ'eremer

452 5926 512 5986 ,⁷⁵
542 5923 625 5989 τὸ]
652 5921 864 5991 πρῶτον
884 5917 1034 5976 τδἸ...
1064 5917 1158 5977 οὑν
1188 5922 1249 5974 τὸ
1288 5920 1423 5976 Edd.
1447 5917 1735 5992 ποτηρίου]
1762 5921 1883 5977 add.
1913 5921 2006 5973 καὶ
2026 5919 2126 5989 τῆς

2234 5920 2446 5990 ροψίδος
2476 5922 2532 5976 L.

463 5717 508 5747 δ’
538 5710 737 5777 αὐτοὺς
762 5714 826 5768 G.
856 5711 928 5766 Μ.
1003 5710 1081 5743 ⁷⁷⁰
1114 5710 1283 5780 βαρέα
1325 5710 1391 5765 Κ.
1422 5712 1457 5766 4
1500 5710 1713 5780 Mosqq.

462 5846 600 5909 Hor.
652 5846 665 5855 ’
700 5846 1050 5921 ’δ’διαφόρως

2240 905 2349 941 των
2375 888 2685 960 καθάψηται
2712 891 2992 961 μειζόνως,
3018 892 3101 945 ὅτι
3132 891 3437 946 διδάσκαλοι
3481 894 3742 963 πονηρίας
3768 895 3895 949 εξσί.

2242 973 2352 1024 Καὶ
2370 972 2430 1024 οὐ
2463 974 2620 1026 τοῦτο
2646 974 2825 1043 μόνον,
2859 974 2974 1028 ἀλλ’
3009 976 3089 1029 ὅτι
3118 976 3213 1029 καὶ
3243 976 3462 1029 πλείονα
3488 980 3599 1039 τοῖς
3634 977 3898 1048 μαθηταῖς

2242 1055 2509 1110 ἐντιθέναι
2542 1058 2900 1122 σπουδάζουσι
2944 1060 3042 1131 τὴν
3074 1059 3293 1124 κακίαν,
3322 1060 3687 1131 ἐπιτρίϐοντες
3703 1063 3897 1125 αὐτοὺς

2242 1139 2333 1191 ἐπὶ
2358 1140 2535 1209 πολλῷ
2561 1140 2779 1210 μείζονα
2808 1142 3116 1213 φαυλότητα
3135 1138 3201 1213 ἧς
3225 1143 3465 1212 ἔχουσιν·
3496 1145 3632 1214 ὅπερ
3666 1145 3899 1215 μάλιστα

2239 1222 2415 1293 ψυχῆς
2443 1224 2843 1296 διεφθαρμένης
2864 1226 3028 1278 ἐστίν.
3056 1222 3187 1279 Εἶτα
3219 1226 3312 1279 καὶ
3357 1229 3437 1289 είς
3478 1227 3661 1282 ἄνοιαν
3704 1229 3895 1293 αὐτοὺς

2242 1306 2507 1369 σκώπτει,
2542 1308 2624 1360 ὅτι
2654 1307 2762 1361 τῶν
2794 1310 3055 1379 μειζόνων
3086 1310 3313 1362 ἐντολῶν
3342 1310 3595 1363 ἐκέλευον
3622 1328 3895 1382 καταφρο-

2239 1392 2371 1444 νεῖν.
2417 1390 2524 1443 Καὶ
2553 1390 2659 1462 μὴν
2706 1392 3013 1445 τούναντίον
3055 1393 3362 1465 ἔμπροσθεν
3397 1394 3581 1463 ἔλεγεν
3607 1434 3619 1453 .
3671 1395 3750 1447 ὅτι
3797 1399 3893 1448 Δε-

2240 1475 2535 1543 σμεὺουσι
2560 1478 2773 1545 φορτία
2791 1476 2985 1545 ,ϐαρέα
3005 1478 3103 1530 καὶ
3130 1477 3574 1531 δυσϐάστακτα.
3617 1478 3774 1530 Ἀλλά
3801 1482 3895 1533 καὶ

2237 1557 2411 1610 ταῦτα
2434 1558 2649 1611 ἐποίουν
2678 1559 2858 1622 πάλιν,
2889 1559 2981 1611 καὶ
3011 1560 3185 1612 πάντα
3228 1559 3490 1630 ἔπραττον
3552 1562 3630 1623 εἰς
3667 1561 3761 1630 τὴν
3783 1562 3895 1616 τῶν

2240 1639 2495 1709 ὑπηκόων
2553 1642 2882 1713 διαφθορὰν,
2928 1632 3005 1695 ἐν’
3038 1645 3149 1706 τοῖς
3210 1646 3423 1714 μικροῖς
3478 1643 3763 1713 ζητοῦντες
3796 1646 3896 1717 τὴν

2238 1722 2543 1792 ἀκρίϐειαν,
2570 1725 2663 1775 καὶ
2704 1723 2812 1777 τῶν
2853 1725 3103 1794 μεγάλων
3151 1726 3631 1796 καταφρονοῦντες.
3663 1728 3891 1782 Ἀποδε-

2237 1806 2487 1860 κατοῦτε
2512 1806 2638 1875 γάρ,
2663 1808 2819 1876 φησὶ.
2845 1808 2909 1860 τὸ
2949 1808 3259 1877 ἡδύοσμον
3286 1809 3383 1861 καὶ
3413 1808 3478 1862 τὸ
3519 1810 3765 1876 ἄνηθον,
3796 1809 3893 1863 και

2236 1893 2507 1963 ἀφήκατε
2545 1893 2616 1947 τὰ
2636 1894 2939 1962 ,βαρύτερα
2968 1896 3014 1926 "°
3048 1895 3152 1948 τοῦ
3182 1896 3387 1963 νόμου,
3422 1896 3535 1962 τὴν
3560 1898 3761 1965 κρίσιν
3795 1899 3892 1951 καὶ

2234 1980 2343 2033 τὸν
2396 1981 2573 2035 ἔλεον
2604 1979 2723 2034 ’καὶ
2776 1980 2890 2049 τὴν
2932 1981 3157 2035 πίστιν.
3215 1982 3402 2036 Ταῦτα
3462 1982 3580 2036 ἔδει
3622 1983 3889 2051 ποιῆσαι,

2235 2064 2481 2120 κάκεῖνα
2501 2066 2585 2134 μὴ
2610 2064 2862 2133 ἀφιέναι.
2882 2065 3141 2119 Ἐνταῦθα
3166 2067 3264 2136 μὲν
3281 2062 3372 2120 οὖν
3398 2067 3620 2131 εἰκότως
3640 2070 3801 2138 φησὶν
3822 2072 3889 2133 ⁷⁸,

2234 2148 2362 2201 ἔνθα
2394 2149 2597 2219 δεκάτη
2630 2149 2747 2201 ἐστὶ
2781 2150 2875 2202 καὶ
2910 2148 3249 2219 ἐλεημοσύνη
3270 2166 3283 2179 ·
3320 2150 3371 2202 τί
3414 2149 3522 2222 γὰρ
3575 2151 3799 2220 βλάπτει
3831 2151 3892 2205 τὸ

2232 2232 2600 2302 ἐλεημοσύνην
2654 2233 2889 2299 διδόναι;
2928 2233 3067 2286 Ἀλλ’
3105 2234 3201 2303 οὐχ
3242 2233 3317 2297 ὼς
3358 2235 3519 2303 νόμον
3557 2235 3889 2305 τηροῦντας·

2230 2316 2349 2367 οὐδέ
2375 2316 2481 2386 γὰρ
2524 2316 2686 2379 αὐτὸς
2730 2316 2901 2381 οὕτως
2928 2318 3077 2386 φησί.
3123 2318 3221 2371 Διά
3249 2319 3312 2389 δὴ
3343 2318 3498 2373 τοῦτο
3526 2319 3758 2374 ἐνταῦθα
3793 2321 3891 2391 μὲν

2230 2400 2375 2468 λέγει
2398 2418 2411 2431 ·
2445 2402 2635 2455 Ταῦτα
2656 2401 2773 2455 ἔδει
2806 2401 3051 2469 ποιῆσαι
3074 2403 3120 2433 ⁷³
3139 2418 3153 2432 ·
3189 2402 3316 2455 ἔνθα
3340 2402 3395 2455 δέ
3428 2404 3551 2473 περὶ
3578 2404 3832 2475 καθαρῶν
3844 2405 3892 2437 ⁷⁸

2230 2483 2323 2534 καὶ
2362 2484 2687 2553 ἀκαθάρτων
2716 2483 3040 2549 διαλέγεται,
3098 2484 3280 2537 οὐκέτι
3312 2483 3468 2538 τοῦτο
3512 2485 3889 2556 προστίθησιν,

2230 2565 2364 2619 ἀλλά
2409 2567 2625 2637 διαιρεῖ,
2660 2568 2754 2620 καὶ
2801 2566 3068 2620 δείκνυσιν
3105 2567 3163 2631 ἐξ
3192 2568 3438 2638 ἀνάγκης
3459 2571 3523 2639 τῇ
3552 2569 3697 2623 ἔνδον
3722 2570 3890 2624 καθα-

2231 2650 2415 2721 ρότητι
2449 2650 2544 2703 καὶ
2566 2653 2664 2720 τὴν
2703 2650 2898 2717 ἔξωθεν
2930 2651 3203 2722 ἑπομένην
3221 2670 3233 2683 ·
3259 2652 3566 2705 τούναντίον
3601 2653 3659 2706 δέ
3686 2653 3885 2709 οὐκέτι.

2232 2732 2405 2786 Ὀπου
2427 2732 2525 2802 μὲν
2540 2734 2648 2803 γάρ
2664 2732 3067 2803 φιλανθρωπίας
3088 2734 3242 2803 λόγος
3258 2730 3346 2807 ἦν,
3361 2735 3663 2806 ἀδιαφόρως
3686 2736 3734 2766 ⁷⁸
3760 2736 3895 2791 αὐτὸ

2230 2816 2587 2887 παρατρέχει,
2610 2818 2698 2871 διά
2729 2834 2788 2871 τε
2816 2815 2973 2872 τοῦτο
2999 2818 3150 2880 αὐτὸ,
3187 2820 3281 2872 καὶ
3316 2820 3501 2890 ἐπειδὴ
3532 2821 3741 2875 οὐδέπω
3768 2838 3891 2875 και-

2231 2899 2323 2969 ρὺς
2354 2895 2422 2969 ἦν
2445 2899 2739 2970 διαρρήδην
2762 2900 2855 2952 καὶ
2876 2900 3061 2968 σαφῶς
3084 2901 3150 2954 τὰ
3170 2901 3369 2972 νομικά
3394 2903 3600 2956 ἀνελεῖν
3619 2921 3633 2935 ·
3675 2903 3800 2958 ἐνθα
3832 2905 3889 2958 δέ

2228 2983 2611 3053 παρατήρησις
2650 2980 2797 3053 [709]
2829 2982 3152 3051 σωματικῶν
3193 2983 3512 3053 καθαρμῶν,
3561 2986 3889 3056 σαφέστερον

2227 3063 2545 3135 ἀνατρέπει.
2583 3063 2681 3117 Διὰ
2702 3065 2766 3135 δὴ
2795 3064 2951 3117 τοῦτο
2979 3066 3071 3117 ἐπὶ⁹
3097 3066 3193 3136 μὲν
3227 3066 3323 3137 τῆς
3344 3067 3712 3139 ἐλεημοσύνης
3734 3070 3887 3140 φησί·

2233 3146 2423 3199 Ταῦτα
2452 3146 2519 3199 δὲ
2556 3146 2675 3200 ἔδει
2711 3144 2976 3213 ποιῆσαι,
3017 3147 3263 3202 κάκεῖνα
3301 3148 3387 3217 μὴ
3420 3150 3685 3218 ἀφιέναι·
3710 3153 3799 3205 ἐπὶ
3830 3155 3888 3209 δέ

2226 3231 2335 3283 τῶν
2365 3230 2675 3302 καθαρσίων
2699 3232 2793 3301 οὐχ
2825 3231 2996 3294 οὕτως
3018 3248 3031 3263 ·
3068 3231 3202 3285 ἀλλά
3227 3233 3278 3285 τί
3299 3249 3313 3299 ;
3348 3234 3711 3303 Καθαρίζετε,
3731 3239 3883 3307 φησὶ,

2226 3317 2291 3367 τὸ
2319 3316 2434 3379 ἔξω
2460 3316 2565 3369 τοῦ
2595 3315 2880 3383 ποτηρίου
2921 3316 3019 3369 καὶ
3043 3314 3149 3382 τῆς
3178 3317 3541 3385 παροψίδος·
3572 3318 3797 3373 ἔσωθεν
3820 3321 3889 3374 δὲ

2226 3396 2387 3466 τέμει
2416 3396 2686 3466 ἁρπαγῆς
2721 3398 2815 3451 καὶ
2849 3397 3081 3464 ἀδικίας
3108 3399 3171 3453 ⁷⁸.
3206 3399 3543 3467 Καθάρισον
3566 3402 3629 3453 τὸ
3645 3402 3691 3432 ⁷⁸
3717 3402 3888 3471 ἐντὸς

2225 3481 2331 3534 τοῦ
2376 3481 2683 3548 ποτηρίου,
2720 3481 2820 3534 ἵνα
2866 3482 3107 3551 γένηται
3145 3484 3243 3536 καὶ
3295 3484 3361 3537 τὸ
3403 3485 3575 3552 ἐκτὸς
3604 3488 3882 3556 καθαρόν.

2222 3565 2333 3618 Καὶ
2361 3565 2550 3618 ἐλαϐεν
2580 3566 2710 3618 αὐτὸ
2731 3566 2839 3619 ἀπὸ
2868 3567 3191 3636 πράγματος
3213 3568 3635 3640 ώμολογημένου
3662 3573 3756 3624 καὶ
3788 3571 3884 3642 δή·

2222 3649 2335 3713 λου,
2366 3649 2474 3701 ἀπὸ
2502 3648 2761 3719 ποτηρίου
2793 3649 2887 3702 καὶ
2926 3648 3239 3719 παροψίδος.

2295 3733 2359 3802 β’.
2392 3729 2524 3785 Εἶτα
2555 3732 2787 3796 δεικνὺς,
2832 3734 2914 3786 ὅτι
2953 3734 3174 3803 οὐδεμία
3200 3733 3369 3805 βλάϐη
3399 3735 3465 3788 ἐκ
3486 3736 3579 3789 τοῦ
3612 3753 3887 3808 καταφρο-

2221 3818 2331 3869 νεῖν
2360 3816 2467 3869 τῶν
2497 3815 2825 3887 σωματικῶν
2871 3816 3190 3887 καθαρμῶν,
3228 3818 3458 3888 μεγίστη
3486 3819 3542 3872 δέ
3562 3820 3801 3890 τιμωρία
3820 3824 3885 3875 ἐκ

2220 3900 2313 3954 τοῦ
2339 3901 2414 3971 μὴ
2445 3900 2745 3970 φροντίζειν
2766 3900 2873 3952 τῶν
2892 3902 2989 3970 τῆς
3006 3900 3183 3971 ψυχῆς
3214 3901 3546 3970 καθαρσίων,
3568 3902 3710 3974 ειπερ
3738 3904 3887 3957 ἐστὶν

2220 3983 2412 4054 ἀρετὴ,
2434 3982 2669 4037 κώνωπα
2702 3982 2922 4036 ἐκάλεσε
2940 3982 3131 4047 ταῦτα,
3165 3983 3335 4053 μικρά
3360 3985 3468 4055 γὰρ
3494 3979 3562 4055 ἦν
3589 3987 3683 4038 καὶ
3709 3986 3881 4041 οὐδέν·

2220 4067 2464 4137 κάμηλον
2514 4066 2569 4119 δὲ
2616 4068 2821 4125 ἐκεῖνα,
2860 4066 3109 4137 ἀφόρητα
3152 4065 3260 4135 γάρ
3291 4061 3379 4137 ἦν.
3430 4067 3520 4118 Διὸ
3568 4067 3662 4120 καί
3712 4086 3878 4140 φησι·

2226 4149 2336 4203 Τὸν
2356 4148 2605 4202 κώνωπα
2630 4147 3010 4215 διυλίζοντες,
3048 4148 3144 4202 καὶ
3181 4148 3297 4215 τὴν
3327 4148 3599 4217 κάμηλον
3639 4152 3882 4205 καταπί-

2218 4249 2446 4297 νοντες.
2488 4233 2595 4284 Καὶ
2622 4231 2729 4301 γὰρ
2762 4232 2854 4284 καὶ
2888 4232 3069 4285 ἐκεῖνα
3103 4232 3189 4283 διὰ
3237 4232 3407 4286 ταῦτα
3448 4223 3877 4303 νενομοθέτηται,

2219 4314 2305 4368 διά
2351 4316 2442 4368 τὸν
2482 4314 2627 4369 ἔλεον
2675 4314 2768 4367 καὶ
2799 4314 2897 4385 τὴν
2926 4316 3139 4385 κρίσιν·
3183 4314 3322 4369 ὥστε
3363 4315 3484 4369 οὐδὲ
3516 4317 3632 4369 τότε
3680 4318 3882 4387 ὠφέλει

2224 4401 2361 4470 μόνα
2391 4399 2667 4469 γινόμενα.
2719 4400 2847 4452 Ὅτε
2901 4400 3006 4470 γὰρ
3034 4399 3104 4452 τά
3136 4399 3317 4470 μικρά
3346 4400 3433 4452 διά
3472 4400 3540 4453 τά
3576 4402 3785 4471 μεγάλα
3813 4397 3881 4473 ἦν

2220 4485 2506 4555 εἰρημένα,
2539 4480 2655 4537 εἶτα
2678 4486 2859 4536 ἐκεῖνα
2885 4484 2982 4552 μὲν
3013 4483 3288 4552 ἠμελεῖτο,
3311 4482 3484 4536 ταῦτα
3523 4484 3580 4537 δέ
3617 4485 3878 4538 ἐσπουδά-

2221 4565 2344 4630 ζετο
2377 4568 2532 4637 μόνα,
2562 4567 2713 4620 οὐδὲν
2742 4562 2809 4638 ἦν
2845 4567 3004 4619 πλέον
3041 4566 3160 4619 οὐδὲ
3196 4567 3316 4619 τότε
3344 4567 3611 4622 ἐντεῦθεν.
3658 4568 3878 4632 Τούτοις

2224 4651 2322 4721 μέν
2347 4651 2455 4721 γάρ
2488 4654 2668 4705 ἐκεῖνα
2697 4652 2794 4722 οὐχ
2817 4652 3025 4704 εἵπετο·
3082 4652 3263 4704 ἐκεῖνα
3304 4650 3360 4703 δέ
3392 4651 3602 4714 τούτοις
3642 4651 3874 4716 πάντως.

2225 4734 2407 4787 Ταῦτα
2431 4734 2487 4787 δέ
2516 4734 2683 4803 λέγει,
2713 4735 2923 4797 δεικνὺς
2944 4736 3025 4787 ὅτι
3049 4735 3141 4808 καὶ
3169 4732 3356 4807 πρὶν
3383 4734 3483 4803 τὴν
3512 4735 3669 4805 χάριν
3707 4754 3879 4808 παρα-

2223 4817 2493 4886 γενέσθαι,
2529 4820 2589 4871 οὐ
2617 4818 2725 4872 τῶν
2762 4806 3205 4889 προηγουμένων,
3236 4806 3356 4870 οὐδὲ
3381 4816 3489 4869 τῶν
3518 4806 3878 4889 περισπουδά-

2226 4918 2365 4955 στων
2402 4901 2572 4955 ταῦτα
2609 4897 2695 4973 ἦν,
2722 4902 2835 4955 ἀλλ’
2868 4902 3025 4973 ἕτερα
3058 4896 3124 4972 ἦν
3150 4899 3216 4953 τά
3246 4899 3568 4970 ζητούμενα.
3616 4902 3678 4955 EI
3702 4901 3883 4972 δέπρὺ

2221 4984 2320 5053 τῆς
2352 4982 2570 5052 χάριτος
2583 4983 2802 5036 τοιαῦτα
2829 4980 2915 5053 ἦν,
2947 4983 3124 5055 πολλῷ
3152 4983 3347 5053 μᾶλλον
3375 4983 3594 5053 ὑψηλῶν
3620 4984 3877 5038 ἐλθόντων

2222 5065 2697 5136 παραγγελμάτων
2728 5066 2900 5119 ταῦτα
2945 5066 3195 5136 ἀνόνητα,
3233 5066 3324 5119 καὶ
3363 5067 3592 5119 καθόλου
3637 5069 3877 5138 μετιέναι

2222 5146 2361 5199 αὐτά
2388 5147 2485 5200 οὐκ
2516 5146 2702 5217 ἐχρῆν.
2732 5148 3010 5219 Πανταχοῦ
3052 5149 3149 5217 μέν
3178 5143 3268 5201 οὖν
3293 5148 3460 5202 κακία
3483 5150 3743 5219 χαλεπόν·
3781 5152 3880 5221 μάσ

2223 5228 2382 5283 λιστα
2412 5229 2470 5284 δὲ
2497 5230 2623 5285 ὅταν
2657 5229 2792 5300 μηδέ
2834 5232 2877 5263 ⁷⁷
2918 5230 3114 5302 νομίζῃ
3148 5230 3352 5284 δεῖσθαι
3384 5230 3748 5301 διορθώσεως·
3783 5235 3879 5287 καὶ

2575 5360 2618 5391 ⁶¹
2648 5356 2739 5412 Sic
2759 5358 2824 5412 H.
2853 5358 2917 5412 K.
2943 5358 3013 5412 M.
3046 5359 3111 5429 δ.
3141 5359 3239 5411 ὅσα
3271 5359 3344 5429 μὴ

3407 5358 3781 5429 παραποιῶσιν
3809 5360 3873 5416 G.

3299 5429 3539 5481 ασιλείαν

3616 5430 3741 5485 add.
3769 5432 3879 5485 τῶν

2442 5500 2538 5570 Exn
2567 5499 2701 5571 Edd_.
2780 5498 2845 5571 “‘7
2872 5500 3025 5552 αὐτοὶ
3046 5498 3108 5554 G.
3139 5500 3361 5561 ἐαυτοὺς
3395 5499 3467 5552 Μ.
3520 5498 3609 5571 ᾃ⁶⁶ᾼ
3632 5499 3716 5571 τὸ]
3758 5502 3876 5554 τότε

2376 5639 2423 5695 it:
2450 5650 2575 5710 post
2596 5640 2792 5703 πόνων,
2819 5639 3246 5710 supple_meulu_m
3272 5640 3428 5710 τοῦτο
3457 5639 3588 5693 αὐτὸ
3623 5639 3875 5710 inculcat.

2470 5780 2790 5903 Lipouiwﬁsic)
2820 5780 2891 5833 Μ.
2915 5780 3049 5832 Mor.
3073 5778 3175 5831 Sed
3209 5779 3301 5830 καὶ
3326 5780 3645 5847 ἀκαθάρτων
3663 5796 3770 5836 om.
3802 5778 3862 5835 Μ

2492 5848 2577 5903 ας]
2607 5850 2697 5903 SIC
2745 5850 2841 5903 Eo.
2904 5850 3063 5902 Eulh.
3117 5858 3173 5901 cl
3208 5847 3416 5903 Mosaa.
3458 5848 3768 5903 πλεονεξίας
3802 5851 3862 5903 Μ.

2268 5852 2312 5881 ⁷⁵
2343 5847 2577 5922 ἀδικίας]
2607 5847 2697 5905 Sic
2745 5850 2841 5918 Ep.
2904 5850 3063 5902 Eulh.
3117 5858 3173 5901 cl
3208 5847 3423 5973 Mosch
3458 5848 3768 5914 πλεονεξίας
3802 5851 3871 5905 Μ.

2269 5920 2446 5990 οψίδος
2476 5922 2532 5976 L.
2620 5922 2677 5977 ,⁷⁷
2709 5922 2780 5990 μὴ
2816 5919 2872 5973 L.
2905 5919 2998 5989 Ep.
3034 5917 3195 5987 μηδὲν
3220 5918 3348 5974 Mor.
3427 5937 3512 5976 cn.
3702 5968 3705 5971 ,
3851 5936 3859 5945 ’
