4130 6374
318 357 422 412 675

318 473 539 542 quaris,
599 472 766 544 gratia
813 478 869 524 et
916 467 1240 538 benignitate
1298 463 1506 518 Domini
1551 459 1718 515 nostri
1747 457 1898 511 "Iesu

318 565 540 631 Christi,
589 580 685 635 per
723 579 877 632 quem
918 571 973 617 et
1018 577 1136 616 cum
1179 577 1284 629 quo
1325 557 1468 612 Patri
1492 555 1656 626 gloria
1682 595 1697 619 ,
1726 551 1896 618 impe-

327 681 430 698 .—

1263 347 1330 402 IN
1369 340 1767 402 MATTHA‘IUM
1807 337 2035 394 IIOMIL.
2077 336 2308 394 LXXIII.
2349 339 2398 392 al
2437 337 2670 394 LXXIV.

3483 341 3590 398 674

2005 455 2166 516 rium,
2199 455 2368 510 honor
2391 496 2406 519 ,
2435 471 2538 509 una
2563 470 2684 510 cum
2712 464 2899 510 sancto
2938 455 3159 528 Spiritu,
3189 473 3332 515 nunc
3355 469 3412 515 et
3439 473 3586 515 sein-

2007 560 2124 614 per,
2155 555 2209 599 et
2238 546 2290 599 in
2324 547 2517 600 smcula
2544 547 2884 602 saeculorum.
2916 551 3107 604 Amen.

438 667 3592 698 -ΨΜ

1387 737 1733 804 HOMILIA
1775 725 2067 794 LXXIII.
2113 726 2200 788 al.
2244 727 2532 788 LXXIV.

323 898 452 954 Cn.
489 897 582 952 25.
609 911 661 950 v.
690 895 776 950 14.
817 892 905 948 Va:
943 892 1112 958 vobis,
1144 890 1320 943 scriba:
1359 896 1405 942 et
1445 881 1695 939 Pharisaei
1739 880 1899 950 hypo-

393 993 534 1048 critte
558 1032 574 1058 ,
619 991 742 1061 quia
795 987 1042 1043 devoratis
1088 985 1264 1038 domos
1321 981 1626 1044 viduarum,
1674 975 1901 1029 oratione

395 1085 544 1154 longa
574 1091 774 1138 orantes
811 1080 885 1152 (α)
920 1095 938 1134 :
968 1086 1233 1149 propterea
1252 1074 1510 1146 judicium
1541 1068 1760 1139 amplius
1806 1081 1896 1118 ac-

393 1174 613 1245 cipietis.

399 1267 452 1321 l.
484 1265 616 1320 Hinc
663 1265 773 1334 jam
806 1269 1022 1333 propter
1049 1259 1335 1330 ingluviem
1362 1256 1414 1311 in
1445 1256 1564 1311 illos
1591 1252 1858 1308 invehitur
1884 1269 1898 1305 :

325 1357 572 1429 quodque
597 1357 808 1427 gravius
835 1364 937 1421 est,
952 1353 1072 1424 quia
1093 1368 1196 1406 non
1225 1365 1286 1405 ex
1317 1349 1539 1404 divitum
1560 1387 1575 1413 ,
1601 1345 1695 1400 sed
1725 1359 1787 1398 ex
1818 1343 1900 1395 vi-

326 1451 551 1505 duarum
598 1448 890 1502 substantia
940 1455 1156 1499 ventres
1213 1441 1544 1510 implebant,
1587 1438 1902 1504 illarumqne

329 1551 689 1614 paupertatem
719 1539 1044 1602 atterebant,
1089 1535 1174 1590 cui
1225 1533 1506 1588 subvenire
1560 1529 1899 1598 Oportuisset.

325 1635 441 1690 Non
484 1635 624 1689 enim
669 1631 980 1702 simpliciter
1020 1627 1278 1690 edebant,
1323 1623 1417 1680 sed
1459 1633 1513 1678 et
1551 1618 1899 1675 devorabam.

330 1727 530 1781 Deinde
554 1739 682 1780 vero
713 1722 913 1776 fraudis
939 1719 1125 1775 modus
1151 1717 1362 1789 gravior
1389 1711 1700 1783 exprimitur
1727 1728 1740 1764 :
1772 1708 1904 1761 Ora.

330 1821 462 1874 tione
486 1818 637 1888 longa
660 1826 876 1870 orantes.
903 1812 1150 1883 Quisquis
1176 1810 1313 1864 male
1339 1818 1610 1877 Operatur,
1645 1801 1904 1871 supplicio

329 1911 518 1982 dignus
545 1919 663 1964 est:
693 1908 932 1977 quisquis
974 1915 1153 1960 autem
1179 1902 1390 1973 pietatis
1418 1901 1637 1955 obtentu
1667 1897 1717 1951 id
1756 1895 1900 1958 facit,

330 2011 386 2058 et
415 2000 585 2056 fallaci
617 1999 796 2070 specie
837 1998 1000 2051 utitur
1027 1995 1092 2050 ad
1121 1993 1408 2063 nequitiam
1437 2032 1448 2054 ,
1480 1990 1634 2060 longe
1674 1985 1902 2057 graviori

331 2104 416 2148 est
442 2092 700 2162 supplicio
741 2088 1022 2145 obnoxius.
1065 2087 1132 2140 Et
1159 2101 1254 2140 cur
1293 2099 1396 2138 non
1424 2081 1591 2151 gradu
1618 2079 1812 2148 dejecit
1837 2078 1904 2130 il-

333 2185 452 2240 los?
498 2185 629 2252 Quia
678 2182 727 2236 id
773 2181 1008 2236 nondum
1041 2187 1247 2248 tempus
1278 2174 1636 2246 permittebat.
1669 2172 1792 2226 Ideo
1822 2171 1903 2225 in-

333 2279 486 2332 terim
527 2277 646 2331 illos
692 2275 986 2344 relinquit:
1017 2271 1110 2326 sed
1141 2270 1315 2325 verbis
1368 2269 1478 2322 suis
1529 2275 1680 2321 curat
1734 2274 1791 2319 ut
1838 2279 1907 2318 ne

333 2371 562 2442 populus
575 2369 884 2439 decipiatur,
906 2382 972 2420 ne
997 2366 1136 2430 illos,
1154 2372 1334 2432 utpote
1360 2362 1412 2416 in
1439 2361 1694 2429 dignitate
1711 2358 1908 2414 consti-

334 2472 512 2529 tutos,
558 2461 749 2516 imitari
797 2457 1091 2513 studerent.
1139 2455 1268 2521 Quia
1301 2454 1444 2508 enim
1473 2453 1720 2514 dixerat,
1756 2450 1908 2517 Qua:-

334 2571 540 2628 cumque
582 2553 718 2607 vobis
761 2550 979 2605 dixerint
1025 2549 1212 2618 facile,
1259 2545 1490 2600 ostendit
1535 2558 1776 2613 quaenam
1822 2541 1906 2595 illa

335 2649 440 2703 sint
469 2666 480 2700 :
513 2661 575 2700 ea
618 2643 825 2698 scilicet
851 2657 969 2712 qua:
996 2639 1096 2710 ipsi
1135 2653 1238 2692 non
1273 2645 1466 2705 praeter
1487 2636 1575 2706 jus
1607 2633 1788 2704 fasque
1832 2633 1908 2686 fe-

335 2739 504 2794 cerint
522 2778 537 2803 ,
571 2752 638 2790 ne
666 2735 839 2788 minus
866 2747 994 2787 sana
1024 2740 1201 2784 mente
1228 2728 1431 2798 praediti
1462 2738 1706 2796 putarent
1731 2727 1906 2779 omnia

335 2846 452 2900 quae
482 2828 554 2883 illi
595 2829 828 2882 facerent
875 2823 1129 2893 permitti.
1177 2823 1264 2875 15.
1316 2817 1405 2873 Va:
1434 2819 1603 2884 vobis,
1651 2817 1825 2871 scriba:
1865 2826 1910 2869 et

341 2921 625 2986 Pharisaei,
679 2920 796 2986 quia
839 2916 1074 2971 clauditis
1111 2931 1316 2986 regnum
1359 2924 1475 2967 ante
1518 2913 1760 2966 homines.
1812 2910 1911 2965 Vos

336 3016 466 3069 enim
496 3031 594 3067 non
623 3011 824 3066 intratis
849 3052 863 3074 ,
896 3025 988 3064 nec
1014 3009 1256 3062 intrantes
1288 3006 1571 3076 permittitis
1601 3006 1809 3057 intrare.
1852 3003 1908 3058 Si

336 3110 476 3163 enim
508 3105 706 3161 nemini
752 3103 1010 3174 prodesse
1037 3102 1240 3156 crimen
1279 3108 1361 3154 est
1383 3140 1399 3166 ,
1445 3113 1639 3152 nocere
1663 3107 1716 3151 et
1746 3097 1912 3164 impe-

335 3201 448 3254 dire
473 3213 629 3268 quam
659 3195 868 3251 veniam
895 3192 1194 3249 mereatur?
1221 3191 1354 3258 Quid
1384 3200 1466 3244 est
1505 3188 1630 3243 illud
1650 3230 1666 3255 ,
1697 3187 1908 3241 Intran~

336 3289 449 3345 tes?
480 3288 532 3342 ld
561 3297 662 3351 est,
691 3287 932 3341 idoneos.
958 3283 1087 3338 Nam
1113 3281 1324 3352 quando
1348 3280 1464 3334 aliis
1492 3291 1754 3350 prmcepta
1781 3277 1911 3332 dare

335 3380 636 3453 oportebat,
666 3394 826 3432 onera
866 3375 1217 3432 intolerabilia
1261 3373 1640 3444 imponebant;
1670 3387 1788 3427 cum
1818 3387 1912 3425 au-

337 3486 443 3528 tem
474 3474 618 3543 ipsos
639 3471 763 3542 quid
795 3480 1047 3541 pra-stare
1079 3484 1171 3538 par
1204 3476 1348 3530 erat,
1383 3477 1508 3521 tunc
1537 3481 1567 3521 e
1597 3465 1866 3532 contrario
1891 3505 1909 3531 ,

337 3582 442 3622 non
469 3565 630 3621 modo
660 3565 789 3619 nihil
834 3563 1134 3627 faciebant,
1167 3561 1257 3616 sed
1289 3559 1429 3630 quod
1472 3561 1630 3630 longe
1677 3558 1910 3614 deterius

337 3667 438 3724 est,
469 3660 602 3714 alios
627 3658 785 3713 etiam
806 3653 1237 3724 corrumpebant.
1269 3652 1332 3707 Hi
1353 3661 1478 3708 sunt
1499 3651 1588 3720 qui
1622 3660 1798 3719 pestes
1819 3665 1914 3720 ap-

338 3751 641 3821 pellantur,
671 3749 760 3818 qui
804 3746 855 3800 in
887 3761 1021 3815 opus
1060 3743 1161 3798 sibi
1187 3749 1424 3798 statuunt
1465 3741 1692 3796 aliorum
1733 3739 1913 3809 perni-

337 3847 475 3900 ciem
496 3885 511 3910 ,
538 3843 678 3897 veris
704 3840 1012 3896 doctoribus
1038 3853 1104 3893 ex
1131 3836 1392 3892 diametro
1423 3833 1673 3903 oppositi.
1703 3832 1835 3886 Nam
1863 3832 1910 3887 si

337 3933 572 3989 doctoris
596 3941 678 3987 est
708 3940 1016 4000 pereuntem
1044 3942 1258 3983 servare
1280 3966 1295 3993 ,
1340 3924 1568 3996 perdere
1610 3939 1730 3979 eum
1757 3964 1774 3989 ,
1820 3921 1912 3992 qui

338 4022 630 4077 servandus
658 4030 771 4076 erat
794 4063 808 4087 ,
849 4018 1082 4090 pestiferi
1133 4015 1363 4071 hominis
1389 4024 1490 4070 est.
1519 4013 1677 4069 Aliud
1718 4011 1912 4068 deinde

339 4114 540 4170 crimen
589 4113 864 4182 sequitur:
897 4111 984 4166 15.
1032 4109 1266 4164 Circuitis
1315 4124 1453 4161 mare
1480 4115 1528 4160 et
1571 4106 1810 4170 aridam,
1857 4115 1911 4159 ut

340 4207 645 4278 proselytum
671 4222 828 4258 unum
856 4203 1086 4276 faciatis;
1132 4212 1180 4257 et
1219 4217 1334 4255 cum
1372 4199 1694 4265 inveneritis,
1744 4197 1911 4266 facitis

339 4298 486 4354 illum
528 4299 688 4368 ﬁlium
732 4297 972 4369 gehenna:
999 4296 1154 4366 duplo
1183 4295 1341 4366 magis
1369 4310 1519 4364 quam
1549 4309 1664 4359 vos,
1697 4291 1749 4346 id
1785 4299 1865 4346 est
1891 4331 1907 4358 ,

339 4389 470 4446 Cum
495 4389 580 4444 vix
605 4405 730 4446 eum
767 4399 821 4444 et
866 4397 985 4458 post
1009 4388 1203 4442 multos
1247 4388 1456 4442 labores
1483 4385 1734 4456 ceperitis
1754 4426 1768 4449 ,
1803 4399 1911 4439 non

341 4483 555 4554 parcitis
580 4491 758 4536 tamen
797 4480 908 4547 illi;
952 4495 1074 4535 eum
1104 4488 1280 4534 tamen
1321 4493 1382 4532 ea
1419 4494 1536 4547 quae
1562 4477 1648 4535 vix
1689 4490 1910 4545 compa-

343 4589 463 4628 rare
502 4573 772 4644 potuimus
796 4613 810 4636 ,
843 4570 1030 4640 majori
1059 4570 1235 4625 studio
1275 4583 1581 4623 servemus:
1614 4583 1710 4622 vos
1735 4577 1912 4620 autem

341 4682 410 4721 ne
457 4665 508 4720 id
552 4665 761 4736 quidem
807 4664 1190 4720 moderatiores
1225 4660 1420 4717 reddit.
1472 4659 1568 4714 llic
1610 4674 1768 4729 porro
1805 4657 1912 4713 duo

340 4759 445 4814 illis
473 4759 694 4814 crimina
736 4757 926 4823 offert;
960 4756 1165 4826 primo,
1202 4754 1342 4825 quod
1377 4753 1441 4807 ad
1467 4755 1688 4807 salutem
1716 4751 1913 4805 multo-

341 4868 460 4907 rum
486 4851 697 4906 inutiles
726 4852 865 4915 sint,
898 4865 1019 4904 cum
1061 4848 1228 4902 multo
1255 4846 1450 4902 sudore
1484 4861 1619 4917 opus
1649 4845 1875 4900 habeant
1895 4886 1910 4911 ,

342 4953 401 4999 ut
443 4960 604 4998 unum
635 4943 937 5008 attrahant;
980 4940 1214 4996 secundo
1235 4982 1250 5007 ,
1279 4940 1418 5010 quod
1446 4941 1769 5010 negligentes
1808 4938 1916 4992 sint

341 5035 408 5091 ad
433 5036 724 5091 custodiam
759 5036 872 5105 ejus
896 5050 1050 5105 quem
1080 5033 1257 5103 adepti
1287 5041 1443 5097 sunt;
1473 5033 1580 5086 imo
1617 5049 1720 5087 non
1753 5030 1912 5086 modo

344 5127 664 5198 negligentes
688 5169 702 5192 ,
733 5126 826 5181 sed
855 5127 1012 5181 etiam
1039 5124 1365 5195 proditores,
1395 5139 1512 5180 cum
1555 5139 1649 5179 eos
1676 5140 1740 5178 ex
1769 5124 1904 5179 male

342 5219 552 5274 vivendi
580 5218 825 5289 exemplo
867 5217 1162 5272 deteriores
1188 5216 1401 5270 faciant.
1451 5214 1581 5270 Cum
1611 5216 1750 5270 enim
1785 5215 1915 5270 tales

343 5312 592 5368 doctores
612 5311 900 5381 discipulus
927 5308 1134 5373 viderit,
1168 5308 1318 5377 pejor
1343 5306 1578 5362 redditur
1602 5325 1616 5360 :
1647 5323 1751 5362 non
1775 5308 1915 5362 enim

347 5401 565 5472 gradum
593 5403 733 5456 sistit
762 5403 813 5456 in
842 5398 1074 5456 doctoris
1103 5400 1181 5454 sui
1213 5399 1480 5470 nequitia;
1510 5399 1603 5454 sed
1645 5400 1688 5455 si
1720 5401 1916 5470 probus

348 5494 542 5562 fuerit,
570 5494 742 5564 ipsum
771 5492 1041 5557 imitatur;
1072 5493 1152 5547 sin
1180 5491 1449 5561 improbus
1470 5533 1484 5556 ,
1514 5492 1676 5547 etiam
1702 5502 1918 5562 superat

347 5589 418 5643 ob
457 5588 758 5644 facilitatem
795 5587 861 5644 ad
902 5587 1080 5658 pejora
1111 5585 1450 5656 procedendi.
1499 5584 1693 5640 Filium
1739 5596 1914 5642 autent

377 5825 389 5836 O
412 5762 559 5836 (CQ-III
579 5771 756 5836 urgeo,
781 5778 1034 5836 "1.:potptiq-Iu
1176 5739 1456 5836 -ιροσιυχόμξνοι
1469 5801 1483 5821 ς
1515 5777 1625 5829 (Ῑυῖἓ
1646 5764 1706 5815 ad
1730 5762 1920 5816 Ιὶῐθηιω

349 5826 634 5890 signiﬁcant,
657 5828 709 5879 in
731 5826 944 5894 speciali
957 5826 1180 5880 ἀίων-πε
1201 5833 1470 5891 precantes.

2003 870 2245 940 gehennte
2265 879 2440 936 vocat,
2474 873 2524 926 id
2548 882 2649 940 est,
2675 873 2841 944 ipsam
2867 875 3183 945 gehennam.
3218 878 3357 934 Dixit
3383 888 3584 948 autem,

2004 961 2179 1033 Duplo
2204 965 2366 1035 magis
2407 982 2558 1036 quam
2587 982 2672 1020 vos
2692 1007 2707 1030 ,
2755 976 2812 1022 ut
2849 977 2904 1023 et
2933 968 3058 1023 illos
3099 979 3362 1037 terreret;
3405 982 3459 1027 et
3489 972 3587 1028 hos

2005 1054 2372 1109 vehementius
2420 1058 2834 1127 perstringeret,
2881 1061 3004 1129 quia
3049 1059 3296 1115 doetores
3340 1063 3590 1132 nequitia:

2004 1153 2148 1198 sunt.
2195 1143 2379 1214 Neque
2411 1144 2514 1199 hoc
2553 1155 2794 1215 tantum,
2839 1148 2933 1203 sed
2957 1149 3120 1204 etiam
3160 1150 3300 1218 quod
3333 1153 3588 1220 majorem

2005 1233 2282 1304 discipulis
2326 1237 2586 1292 malitiam
2619 1238 2803 1294 indere
2834 1248 3061 1308 curent,
3099 1241 3409 1297 inducentes
3447 1244 3590 1311 ipsos

2007 1325 2072 1380 ad
2101 1325 2380 1396 majorem,
2409 1343 2565 1392 quam
2595 1329 2698 1399 ipsi
2719 1330 2969 1397 habeant,
2995 1333 3286 1401 nequitiam
3312 1351 3325 1386 :
3355 1333 3407 1388 id
3437 1334 3578 1404 quod

2007 1416 2236 1472 maxime
2251 1417 2316 1472 ad
2343 1418 2573 1473 animam
2586 1429 2890 1491 corruptam
2909 1421 3157 1490 pertinet.
3179 1423 3376 1480 Deinde
3401 1439 3590 1480 amen-

2011 1508 2137 1561 tiam
2169 1508 2298 1577 ipsis
2327 1511 2631 1578 exprobrat,
2659 1510 2800 1581 quod
2829 1512 3029 1582 majora
3057 1523 3320 1583 praecepta
3347 1514 3592 1584 despice-

2008 1615 2066 1654 re
2087 1600 2334 1669 juberent
2359 1619 2373 1656 :
2401 1601 2546 1672 atqui
2567 1605 2890 1658 contrarium
2919 1620 3078 1675 supra
3105 1606 3336 1672 dicebat,
3365 1607 3592 1678 Altigant

2009 1708 2162 1745 onera
2198 1693 2429 1763 graviora
2455 1704 2501 1747 et
2528 1695 2867 1766 importabilia
2893 1696 3103 1766 (Matth.
3128 1698 3216 1753 25.
3237 1700 3313 1769 4).
3341 1700 3444 1754 Sed
3476 1699 3591 1755 hmc

2009 1784 2169 1836 etiam
2200 1799 2384 1837 rursus
2405 1783 2669 1839 faciebant
2701 1827 2715 1850 ,
2747 1785 2983 1857 nihilque
3013 1803 3118 1842 non
3144 1793 3372 1859 agebant
3407 1799 3462 1842 ut
3488 1791 3588 1844 sibi

2009 1874 2249 1930 subditos
2310 1886 2760 1948 corrumperent,
2809 1879 2862 1933 in
2913 1880 3149 1936 minimis
3198 1884 3588 1938 accnrationem

2009 1979 2327 2038 quaarentes,
2352 1980 2405 2025 et
2426 1986 2613 2041 magna
2627 1971 3001 2042 despicientes.
3020 1973 3111 2028 ‘23.
3135 1974 3405 2031 Decimatis
3421 1977 3584 2040 enim,

2011 2060 2200 2131 inquit,
2233 2062 2486 2116 ment/tam
2510 2071 2556 2117 et
2575 2063 2830 2126 anethum,
2852 2072 2897 2116 et
2924 2064 3195 2134 reliquistis
3219 2081 3332 2133 qua:
3359 2069 3590 2136 graviora

2010 2161 2126 2205 sunt
2169 2151 2322 2222 legis,
2347 2153 2597 2224 judicium
2639 2162 2687 2207 et
2728 2153 3124 2208 misericordiam
3157 2165 3206 2210 et
3242 2157 3414 2221 ﬁdem.
3464 2157 3590 2212 Han:

2008 2242 2266 2311 oportebat
2291 2247 2454 2314 facere
2476 2284 2492 2311 ,
2531 2252 2578 2297 et
2617 2245 2709 2298 illa
2755 2261 2858 2299 non
2895 2246 3137 2300 omittere.
3175 2247 3284 2302 Hoc
3311 2249 3430 2304 loco
3464 2266 3590 2320 ergo

2010 2349 2041 2388 e
2067 2349 2126 2389 re
2153 2334 2390 2404 loquitur
2419 2353 2432 2390 :
2457 2335 2544 2390 ubi
2570 2335 2775 2390 decima
2805 2345 2906 2400 est,
2938 2337 3010 2392 ibi
3037 2337 3197 2392 etiam
3222 2340 3583 2411 eleemosyna.

2010 2425 2146 2492 Quid
2176 2427 2317 2482 enim
2361 2428 2756 2500 eleemosynam
2802 2429 2930 2483 dare
2966 2431 3164 2486 nocet?
3191 2430 3295 2486 Sed
3339 2434 3438 2488 hoc
3481 2449 3586 2486 non

2011 2517 2139 2571 dicit
2183 2518 2337 2588 quasi
2376 2520 2473 2589 ipsi
2499 2520 2669 2589 legem
2712 2520 3100 2586 observarent;
3129 2538 3301 2592 neque
3329 2525 3470 2578 enim
3512 2527 3589 2578 sic

2013 2610 2126 2678 ipse
2171 2611 2422 2681 loquitur.
2457 2611 2583 2667 Ideo
2627 2613 2712 2666 hic
2753 2613 2966 2682 quidem
3011 2614 3179 2670 dicit:
3211 2611 3334 2670 an
3369 2621 3591 2687 oportuit

2013 2704 2178 2771 facere
2208 2743 2223 2768 ,
2256 2711 2304 2756 et
2340 2703 2432 2757 illa
2459 2721 2559 2758 non
2581 2705 2824 2760 omittere.
2858 2705 2958 2762 Ubi
2988 2716 3163 2762 autem
3205 2708 3272 2763 de
3297 2709 3508 2765 mundis
3537 2721 3592 2766 et

2013 2793 2299 2849 immundis
2327 2794 2580 2865 disputat,
2613 2811 2718 2850 non
2739 2797 2875 2850 ultra
2907 2796 3010 2853 hoc
3038 2798 3238 2868 adjicit,
3272 2800 3364 2854 sed
3392 2801 3585 2855 distin-

2012 2885 2163 2954 guit,
2195 2895 2250 2940 et
2277 2886 2512 2941 ostendit
2557 2903 2624 2942 ex
2672 2889 2923 2943 interiore
2967 2890 3224 2945 munditia
3267 2892 3586 2947 exteriorem

2014 2979 2316 3033 necessario
2342 2981 2490 3050 sequi
2522 2997 2536 3034 :
2568 2994 2672 3034 non
2703 2988 2880 3035 autem
2898 2981 3014 3036 vice
3041 2997 3215 3037 versa.
3243 2981 3339 3038 Ubi
3359 2985 3500 3038 enim
3523 2985 3591 3040 de

2014 3071 2376 3126 misericordia
2405 3071 2676 3142 agebatur,
2716 3072 3173 3128 indiscriminatim
3201 3074 3330 3129 illud
3369 3085 3591 3146 praitcr-

2014 3163 2190 3228 mittit,
2217 3171 2328 3217 tum
2360 3172 2577 3233 propter
2604 3163 2832 3232 idipsum
2852 3206 2867 3231 ,
2894 3173 2949 3219 et
2966 3166 3086 3235 quia
3114 3166 3348 3221 nondum
3380 3178 3592 3237 tempus
3631 3170 3646 3186 ⁸

2013 3255 2333 3325 eratlegalia
2363 3264 2546 3324 aperte
2577 3255 2832 3320 tollendi;
2863 3255 2952 3310 ubi
2983 3266 3159 3312 autem
3182 3258 3482 3314 observatio
3511 3271 3595 3313 est

2013 3345 2371 3414 corporalium
2400 3345 2844 3414 puriﬁcationum,
2873 3346 3065 3400 clarius
3090 3346 3206 3401 htee
3225 3350 3432 3403 evertit.
3466 3349 3592 3404 Ideo

2013 3435 2082 3491 de
2111 3435 2414 3507 elemosyna
2438 3436 2606 3490 dicit:
2634 3434 2760 3491 Haec
2787 3439 3009 3506 oportuit
3037 3437 3205 3506 facere
3232 3480 3247 3505 ,
3291 3448 3338 3492 et
3371 3439 3463 3492 illa
3490 3457 3592 3493 nou

2014 3529 2282 3591 ontittere;
2311 3528 2377 3582 de
2405 3528 2808 3598 purgationibus
2836 3543 2966 3583 vero
2995 3545 3100 3583 non
3142 3529 3220 3584 sic
3248 3546 3263 3584 :
3293 3531 3386 3585 sed
3416 3532 3539 3600 quid
3563 3532 3587 3584 ξ’

2013 3617 2104 3672 25.
2135 3617 2421 3684 Mundatis,
2447 3618 2633 3688 inquit,
2663 3618 2798 3685 quod
2827 3619 3014 3690 deforis
3053 3629 3128 3673 est
3163 3621 3335 3674 colicis
3357 3631 3406 3674 et
3439 3639 3593 3691 paro-

2018 3707 2179 3777 psidis
2203 3725 2222 3774 ;
2249 3709 2383 3762 intra
2425 3719 2591 3762 autem
2622 3709 2755 3778 pleni
2785 3709 2902 3763 estis
2937 3710 3119 3778 rapina
3154 3719 3199 3763 et
3234 3712 3466 3764 avaritia.
3495 3712 3586 3766 26.

2017 3799 2213 3854 Munda
2242 3817 2360 3872 ergo
2385 3802 2592 3855 calicem
2614 3811 2662 3855 et
2685 3802 2971 3872 paropsidis
2986 3804 3247 3871 interiora,
3266 3815 3320 3858 ut
3340 3807 3589 3860 exteriora

2013 3890 2206 3945 munda
2231 3891 2378 3960 ﬁant.
2406 3891 2452 3946 A
2479 3906 2538 3946 re
2565 3892 2836 3947 communi
2871 3902 2927 3948 et
2964 3893 3244 3950 manifesta
3287 3899 3591 3968 exemplum

2013 3982 2238 4051 accepit,
2264 3996 2295 4036 a
2316 3982 2482 4037 calice
2503 3989 2558 4037 et
2582 3981 2884 4052 paropside.

2082 4073 2138 4127 2.
2170 4073 2372 4129 Deinde
2397 4074 2706 4142 ostendens,
2730 4075 2933 4130 nullum
2971 4076 3100 4132 oriri
3127 4076 3379 4134 damnum
3400 4094 3468 4134 ex
3493 4097 3589 4136 ne-

2013 4167 2186 4236 glectu
2232 4167 2587 4236 corporalium
2651 4167 3075 4237 mundationum,
3126 4186 3372 4242 magnum
3420 4185 3595 4231 autem

2016 4259 2294 4314 imminere
2327 4260 2640 4329 supplicium
2695 4260 2760 4314 iis
2814 4261 2902 4331 qui
2950 4264 3142 4317 anima:
3192 4266 3591 4323 mumlationem

2015 4365 2122 4405 non
2147 4360 2352 4417 curant,
2384 4367 2502 4422 qua:
2523 4349 2795 4406 mundatio
2841 4361 2922 4407 est
2966 4353 3154 4421 virtus,
3209 4355 3320 4410 haec
3372 4360 3594 4414 culicem

2015 4443 2244 4507 vocavit,
2289 4458 2450 4511 parva
2475 4444 2615 4498 enim
2663 4443 2901 4514 nihilque
2943 4457 3128 4510 erant;
3175 4451 3434 4506 camelum
3469 4469 3597 4506 vero

2015 4535 2105 4590 illa
2127 4577 2142 4599 ,
2174 4534 2528 4590 intolerabilia
2560 4537 2757 4606 quippe
2800 4548 2972 4593 erant.
3017 4539 3142 4595 Ideo
3185 4543 3260 4596 ait
3288 4561 3301 4596 :
3332 4542 3421 4598 24.
3454 4545 3596 4600 Culi-

2016 4645 2122 4683 cem
2148 4629 2452 4692 excolantes,
2487 4638 2534 4682 et
2579 4628 2824 4683 camelum
2865 4631 3218 4703 deglutientcs.
3261 4634 3392 4689 Nam
3430 4646 3485 4692 et
3514 4639 3597 4694 illa

2018 4733 2234 4792 prapter
2267 4722 2381 4776 haec
2423 4721 2590 4790 posita
2632 4731 2776 4790 sunt,
2829 4735 3047 4794 propter
3084 4727 3505 4784 misericordiam
3547 4743 3600 4786 et

2012 4815 2288 4886 judicium.
2309 4815 2490 4884 Itaque
2516 4829 2614 4870 nec
2636 4825 2760 4870 tunc
2782 4815 3056 4886 juvabant,
3084 4818 3196 4872 sola
3227 4834 3349 4874 cum
3385 4831 3599 4876 essent:

2018 4921 2139 4961 cum
2164 4905 2305 4961 enim
2336 4919 2494 4974 parva
2530 4913 2746 4974 propter
2770 4921 2960 4976 magna
2991 4907 3130 4965 dicta
3159 4909 3403 4977 fuissent,
3449 4911 3603 4968 dein—

2018 4997 2189 5067 deque
2208 4996 2412 5066 magnis
2436 4995 2708 5066 neglectis,
2741 5011 2900 5067 parva
2946 5000 3118 5053 solum
3147 5001 3494 5070 eurabantur,
3521 5007 3606 5059 ni-

2020 5088 2095 5143 hil
2120 5088 2242 5143 inde
2263 5088 2380 5158 plus
2406 5089 2713 5158 emergebat
2739 5106 2754 5142 :
2782 5104 2969 5159 magna
2994 5091 3134 5145 enim
3159 5101 3276 5160 post
3296 5107 3456 5162 parva
3486 5111 3594 5152 non

2019 5177 2412 5250 sequebantur;
2461 5187 2644 5233 contra
2691 5193 2820 5234 vero
2861 5188 2982 5251 post
3027 5195 3215 5251 magna
3256 5197 3414 5253 parva
3444 5185 3603 5255 plane

2020 5278 2330 5340 sequuntur.
2367 5268 2490 5324 Haec
2518 5284 2648 5323 vero
2688 5269 2836 5335 dicit,
2869 5271 3180 5339 ostendens,
3239 5274 3402 5330 etiam
3443 5285 3598 5331 antc-

2019 5377 2179 5434 quam
2218 5362 2385 5434 gratia
2430 5361 2740 5430 adveniret,
2786 5377 2891 5418 non
2949 5365 3213 5435 pracipue
3254 5365 3342 5422 illa
3374 5370 3597 5439 quresita

2020 5452 2205 5519 fuisse,
2235 5452 2330 5508 sed
2357 5452 2458 5506 alia
2475 5453 2704 5523 potiora.
2747 5452 2802 5508 Si
2851 5465 3029 5508 autem
3081 5465 3204 5511 ante
3247 5458 3470 5527 gratiam
3502 5462 3592 5513 tali

2020 5543 2180 5600 modo
2204 5559 2290 5599 res
2313 5559 2373 5598 se
2394 5543 2640 5610 habebat,
2665 5544 2830 5598 multo
2846 5545 3034 5615 magis,
3057 5555 3336 5617 postquam
3353 5549 3599 5606 sublimia

2022 5633 2110 5690 illa
2137 5643 2403 5703 praecepta
2429 5643 2710 5700 venerunt,
2741 5633 2855 5689 hare
2890 5636 3092 5691 inutilia
3121 5646 3265 5704 sunt,
3295 5653 3394 5695 nec
3417 5639 3605 5695 obser—

2021 5726 2214 5781 vanda.
2269 5724 2475 5794 Ubique
2524 5739 2652 5794 ergo
2699 5725 2933 5796 nequitia
2981 5729 3176 5783 malum
3227 5738 3346 5796 est;
3376 5731 3609 5787 maxime

2025 5833 2151 5875 vero
2171 5832 2292 5874 cum
2341 5817 2475 5872 nihil
2521 5827 2671 5888 putat
2715 5819 3090 5877 emendatione
3142 5835 3328 5892 egere;
3381 5831 3436 5880 et
3462 5826 3610 5896 quod
