4130 6374
560 352 664 402 675

554 464 767 536 gravius
804 473 921 533 est,
953 481 1072 521 cum
1121 475 1267 537 putat
1316 468 1443 521 satis
1475 482 1592 522 esse
1630 467 1672 519 si
1702 465 1835 518 alios
1864 463 2126 533 corrigat;

553 575 672 628 qua!
726 558 1028 629 signiﬁcars
1084 559 1325 614 Christus
1374 559 1537 613 duces
1607 553 1725 606 illos
1760 564 1915 611 vocat
1963 569 2134 609 czccos

552 668 811 707 cmeornm
883 654 901 723 (
944 652 1088 706 Vera.
1131 651 1196 706 16
1227 651 1266 719 ).
1323 651 1454 708 Nam
1498 656 1543 711 si
1598 664 1716 703 cum
1745 662 1916 702 CIIBCUS
1944 662 2047 701 non
2077 661 2135 701 Sc

553 753 701 812 putat
724 744 858 797 duce
887 758 1021 812 opus
1047 743 1262 806 habere,
1297 741 1347 795 id
1377 750 1611 797 extrema
1641 740 1913 794 calamitas
1939 748 1992 794 et
2038 739 2136 792 mi-

550 836 685 887 seria
709 843 789 887 est
820 853 832 887 :
856 850 974 886 cum
1001 834 1115 902 ipse
1143 833 1275 886 alios
1310 831 1424 885 vult
1448 831 1662 893 ducere,
1691 832 1861 899 cogita
1893 830 1941 883 in
1966 845 2133 899 quan-

553 938 663 979 tum
702 925 1009 981 barathrum
1039 924 1274 993 dejiciat.
1305 923 1428 977 Haec
1469 935 1644 977 autem
1690 922 1919 986 diccbat,
1952 922 2134 974 subin-

551 1022 733 1074 dicans
764 1021 973 1074 illorum
1020 1021 1251 1075 stadium
1279 1019 1345 1075 ad
1376 1036 1562 1073 vanam
1605 1020 1824 1087 glorianti
1865 1034 2132 1086 aucupan-

546 1113 690 1178 dam,
716 1123 767 1168 et
795 1114 1014 1185 hujusce
1045 1114 1214 1168 morbi
1243 1114 1497 1183 grandem
1529 1114 1578 1167 in
1618 1114 1719 1165 illis
1747 1113 1967 1165 rabiem.
2021 1112 2131 1166 lloe

546 1204 687 1256 enim
742 1204 868 1271 ipsis
909 1204 1146 1257 omnium
1191 1203 1450 1257 malorum
1506 1218 1663 1256 causa
1713 1201 1837 1264 fuit,
1879 1202 2016 1269 quod
2065 1201 2130 1254 ad

543 1296 952 1350 ostentationem
971 1298 1149 1348 omnia
1171 1293 1425 1348 facerent.
1454 1294 1563 1347 Hoc
1584 1310 1611 1344 a
1632 1292 1733 1346 ﬁde
1757 1294 1875 1346 illos
1890 1293 2127 1357 abduxit,

545 1401 834 1455 veramque
884 1386 1133 1440 virtutem
1179 1386 1450 1455 negligere
1485 1386 1672 1449 suasit,
1705 1394 1758 1437 et
1785 1386 1913 1438 solis
1943 1400 2133 1453 corpo-

544 1481 739 1534 ralibus
789 1479 1223 1533 mundationibus
1270 1478 1602 1543 incumbere,
1644 1478 1836 1531 anima:
1890 1477 2128 1547 neglecta

543 1571 906 1626 mundatione.
960 1571 1079 1625 Ideo
1104 1570 1168 1624 ad
1200 1586 1378 1624 veram
1406 1570 1658 1624 virtutem
1690 1570 1809 1623 illos
1837 1568 2125 1632 deducens,

541 1674 596 1717 et
625 1664 690 1717 ad
719 1663 1118 1717 mundationem
1171 1662 1384 1728 animm,
1432 1661 1712 1732 judicium,
1761 1661 2020 1729 justitiam
2076 1671 2130 1715 et

544 1756 699 1810 ﬁdem
728 1763 1005 1809 memorat.
1040 1754 1163 1808 [hec
1183 1755 1379 1823 quippe
1405 1761 1529 1807 sunt
1554 1770 1671 1822 qua:
1705 1754 1861 1806 vitam
1891 1762 2126 1806 nostram

542 1847 742 1911 fovent,
773 1862 889 1915 qnte
934 1846 1165 1899 animam
1208 1855 1434 1915 purgant
1467 1863 1478 1897 :
1506 1845 1732 1915 justitia,
1793 1844 2088 1915 benignitas
2109 1886 2123 1909 ,

543 1940 771 2003 veritas;
805 1954 1027 2007 quarum
1078 1938 1200 1999 alia,
1254 1953 1445 2007 nempe
1497 1937 1880 2003 misericordia,
1925 1937 1991 1992 ad
2039 1952 2130 1992 ve-

543 2032 682 2084 niam
717 2044 812 2084 nos
856 2030 1089 2093 deducit,
1120 2045 1218 2084 nec
1249 2030 1503 2099 permittit
1528 2038 1584 2083 ut
1626 2030 1923 2084 severiores
1943 2043 2127 2099 pecca-

544 2124 743 2177 toribus
772 2124 958 2187 simus,
992 2138 1163 2191 neque
1193 2122 1258 2175 ad
1290 2122 1496 2175 veniam
1538 2120 1933 2176 concedendam
1982 2120 2126 2175 dilﬁ-

542 2216 671 2270 ciles
726 2215 848 2282 (sic
901 2216 1042 2269 enim
1100 2214 1291 2282 duplex
1344 2214 1548 2268 lucrum
1596 2222 1951 2282 reportamus,
2000 2212 2125 2266 dum

543 2307 913 2363 misericordes
941 2306 1220 2371 efﬁcimur,
1246 2315 1293 2359 et
1326 2304 1745 2360 misericordiam
1779 2305 1995 2358 multam
2032 2318 2128 2357 no-

543 2400 623 2453 bis
648 2415 676 2453 a
705 2399 813 2454 Deo
843 2398 1211 2452 universorum
1236 2395 1549 2450 attrahimus
1572 2395 1623 2465 ),
1654 2395 1739 2449 illa
1766 2410 1974 2465 quoque
1999 2409 2124 2448 sna-

542 2490 630 2546 det
660 2491 811 2545 nobis
835 2497 893 2543 ut
916 2488 1185 2558 oppressis
1227 2487 1603 2541 coudoleamus
1639 2486 1859 2555 illosque
1886 2485 2123 2539 vindice-

543 2596 698 2645 mus;
750 2580 953 2647 justitia
1002 2594 1127 2632 vero
1179 2578 1536 2631 fraudulentos
1564 2586 1616 2631 et
1644 2577 1823 2631 vafras
1861 2592 1980 2633 esse
2018 2591 2122 2631 non

542 2674 686 2726 sinit.
714 2670 936 2740 Quando
965 2679 1141 2725 autem
1172 2669 1333 2732 dixit,
1358 2669 1484 2723 llaec
1504 2671 1723 2739 oportuit
1752 2670 1937 2738 facere,
1967 2680 2012 2723 et
2031 2669 2125 2723 illa

545 2780 643 2817 non
669 2762 913 2825 omittere,
941 2778 1044 2815 non
1069 2762 1117 2813 id
1156 2770 1211 2814 ut
1255 2760 1475 2830 legalem
1522 2761 2122 2816 observationcmindu-

541 2855 645 2918 cit;
690 2853 873 2907 absit:
909 2854 1009 2906 hoc
1061 2854 1201 2907 enim
1244 2852 1353 2922 jam
1403 2867 1559 2921 supra
1606 2853 2119 2919 demonstravimus;

541 2960 767 3015 cumque
796 2945 864 2999 de
890 2944 1170 3014 paropside
1194 2954 1249 2998 et
1276 2945 1342 2999 de
1370 2945 1536 2999 calice
1581 2945 1732 3011 dixit,
1782 2946 1975 2999 Munda
1998 2948 2124 3000 inte-

540 3038 677 3090 riora
704 3038 876 3090 calt'cis
900 3048 945 3091 et
968 3037 1271 3108 paropsidis,
1314 3046 1365 3089 ut
1392 3037 1479 3106 ﬁat
1518 3038 1571 3090 id
1615 3039 1749 3101 quod
1794 3039 2010 3092 exterius
2049 3048 2122 3093 est

526 3131 805 3196 mundum,
840 3148 942 3184 non
973 3130 1040 3185 ad
1070 3140 1278 3184 veteres
1304 3145 1402 3183 nos
1447 3131 1696 3184 minutias
1724 3131 1925 3185 reducit
1951 3149 1965 3197 ;
1991 3147 2121 3185 con-

543 3235 621 3280 tra
650 3240 774 3279 vero
798 3225 912 3279 hzec
935 3224 1197 3294 superﬂua
1224 3239 1342 3278 esse
1363 3224 1615 3279 ostendit.
1648 3224 1761 3278 Non
1786 3226 1926 3280 enim
1956 3225 2118 3292 dixit,

541 3318 595 3371 Id
625 3318 807 3382 etiam,
833 3314 971 3385 quod
1002 3316 1234 3369 exterius
1271 3325 1371 3377 est,
1398 3324 1633 3383 purgate,
1658 3315 1774 3381 sed,
1804 3316 1953 3382 Quod
1979 3317 2121 3371 intus

486 3416 491 3421 ‘
539 3420 621 3462 est
643 3425 657 3474 ;
678 3416 731 3461 et
756 3408 974 3461 omnino
999 3406 1098 3459 hoc
1124 3406 1189 3459 ab
1216 3406 1306 3459 illo
1351 3408 1610 3474 sequitur.
1640 3406 1888 3476 Alioquin
1942 3418 2118 3462 autem

540 3514 645 3555 non
674 3498 741 3554 de
761 3500 925 3553 calice
953 3508 1005 3551 et
1028 3498 1307 3568 paropside
1338 3499 1584 3566 loquitur,
1617 3498 1712 3552 sed
1753 3499 1820 3553 de
1864 3500 2037 3554 anima
2069 3509 2123 3554 et

538 3606 763 3660 corpore
797 3607 810 3644 :
841 3589 979 3659 quod
1029 3590 1262 3643 exterius
1314 3599 1434 3650 est,
1484 3606 1677 3659 corpus
1725 3607 1941 3657 vocans,
1979 3594 2117 3663 quod

538 3694 712 3737 autem
738 3683 974 3744 interius,
1009 3682 1256 3735 animam.
1302 3681 1357 3735 Si
1406 3697 1532 3736 vero
1584 3683 1635 3736 in
1685 3684 1962 3752 parOpside
1987 3700 2120 3753 opus

539 3783 620 3829 est
660 3774 908 3828 interiora
952 3788 1055 3826 non
1106 3773 1394 3842 negligere,
1427 3773 1593 3826 multo
1629 3775 1796 3844 magis
1828 3775 1877 3828 in
1912 3786 1981 3830 te.
2012 3776 2117 3829 Vos

540 3883 666 3921 vero
703 3878 886 3920 contra
930 3864 1119 3930 facitis,
1152 3865 1351 3934 inquit;
1387 3881 1505 3918 nam
1553 3882 1711 3934 parva
1760 3878 1813 3921 et
1855 3869 2117 3923 exteriora

539 3960 903 4021 observantes,
956 3972 1144 4026 magna
1198 3968 1251 4010 et
1308 3957 1556 4010 interiora
1609 3957 1873 4026 ncgligitis
1920 3977 1930 4010 :
1980 3960 2118 4015 unde

542 4051 826 4103 maximum
855 4047 1075 4102 infertur
1094 4049 1365 4109 damnum,
1392 4048 1531 4116 quod
1558 4058 1799 4117 putantes
1825 4065 1917 4101 vos
1949 4059 2114 4104 totmn

541 4141 869 4210 priPSllllSSC,
902 4140 1099 4209 reliqua
1131 4139 1450 4209 negligatis;
1483 4155 1602 4194 cum
1649 4152 1823 4193 autem
1847 4157 1907 4195 ca
1936 4143 2115 4210 des-pi-

540 4233 712 4296 ciatis,
765 4231 850 4285 illa
905 4232 1192 4285 emendare
1244 4230 1372 4285 nihil
1419 4233 1635 4286 curatis.
1685 4233 1885 4288 Deinde
1928 4250 2020 4288 eos
2050 4235 2117 4290 de

541 4340 689 4378 vana:
720 4324 900 4393 glorim
926 4338 1108 4378 amore
1141 4324 1467 4394 perstringit,
1495 4325 1736 4394 sepulcra
1763 4325 2001 4380 dealbata
2026 4342 2119 4381 vo-

538 4430 667 4470 cans
695 4416 833 4479 illos,
862 4415 1267 4485 hypocritasque
1288 4415 1591 4484 appellans;
1615 4418 1753 4485 quod
1780 4428 1861 4471 est
1880 4419 2114 4472 omnium

537 4524 695 4562 causa
724 4507 1001 4570 malorum,
1036 4515 1089 4560 et
1118 4507 1368 4575 perniciei
1398 4516 1794 4576 argumentum.
1822 4508 2001 4578 Neque
2031 4524 2117 4564 so-

539 4599 647 4653 lum
676 4598 794 4652 illos
822 4597 1065 4667 sepulcra
1111 4597 1353 4652 dealbata
1380 4601 1606 4663 vocavit,
1663 4599 1754 4654 sed
1811 4602 1969 4655 etiam
2020 4602 2115 4655 im-

539 4690 794 4744 mnnditia
834 4699 886 4743 et
920 4690 1185 4761 hypocrisi
1229 4691 1414 4758 plenos
1450 4706 1567 4745 esse
1607 4692 1758 4746 dixit.
1812 4693 1903 4748 llis
1956 4710 2116 4765 porro

537 4796 751 4838 Causam
807 4782 1073 4848 ostendit,
1136 4792 1349 4851 propter
1396 4797 1552 4851 quam
1608 4798 1711 4836 non
1754 4785 2110 4851 crediderunt,

537 4875 784 4943 quoniam
818 4874 957 4942 pleni
979 4883 1130 4927 erant
1158 4874 1422 4943 hypocrisi
1452 4884 1507 4927 et
1534 4875 1826 4943 iniquitate.
1866 4876 1988 4931 ΙΙωο
2014 4893 2113 4943 au-

540 4978 643 5021 tem
668 4983 771 5021 non
792 4967 1035 5021 Christus
1065 4967 1243 5033 modo,
1274 4968 1366 5022 sed
1388 4968 1547 5023 etiam
1571 4969 1843 5038 pr0phet2c
1865 4970 2116 5043 frequen-

539 5068 620 5111 ter
647 5060 1011 5124 criminantur,
1063 5059 1202 5128 quod
1248 5074 1466 5128 rapaces
1489 5061 1614 5125 sint,
1660 5062 1801 5131 quod
1849 5064 2114 5135 principes

548 5166 738 5205 eorum
769 5167 871 5203 non
909 5152 1201 5206 secundum
1227 5154 1313 5219 jus
1357 5162 1413 5208 et
1463 5154 1720 5209 rationem
1743 5155 1980 5224 judicent
2012 5175 2025 5212 :
2058 5166 2114 5213 et

539 5243 731 5313 ubique
758 5242 989 5310 reperias
1028 5243 1286 5299 sacriﬁcia
1312 5246 1527 5313 reiecta,
1577 5246 1691 5300 haic
1733 5256 1910 5302 autem
1936 5250 2114 5319 requi-

537 5335 659 5388 sita.
708 5335 887 5401 Itaque
939 5334 1069 5388 nihil
1116 5336 1412 5411 insolitnm,
1452 5337 1579 5391 nihil
1610 5353 1824 5405 novum,
1858 5356 2028 5410 neque
2058 5343 2111 5397 in

538 5426 672 5493 lege,
703 5440 871 5494 neque
909 5427 959 5477 in
1000 5429 1355 5490 accusatione,
1391 5445 1562 5499 neque
1591 5431 1748 5484 etiam
1802 5431 1854 5485 in
1882 5434 2112 5503 imagine

536 5533 588 5571 et
616 5518 860 5586 exemplo
899 5517 1150 5586 sepulcri.
1182 5520 1291 5573 Hoc
1320 5522 1511 5589 quippe
1542 5523 2106 5592 memoratPropbeta,

538 5625 643 5663 non
675 5610 977 5677 sepulcrum
1008 5609 1166 5663 modo
1206 5625 1427 5676 vocans,
1482 5611 1573 5665 sed
1605 5628 1617 5664 :
1664 5613 1964 5682 Sepulcrum
2014 5633 2108 5685 pa-

536 5717 645 5755 tens
665 5714 734 5756 est
763 5715 936 5772 guttur
956 5720 1127 5758 eorum
1152 5702 1330 5775 (Ριαί.
1362 5705 1414 5759 5.
1439 5706 1499 5760 Η
1532 5704 1572 5775 ).
1602 5705 1756 5760 Tales
1780 5715 1903 5762 sunt
1926 5707 2108 5763 bodie-

537 5807 641 5863 que
670 5795 839 5855 multi.
865 5797 952 5865 qui
983 5810 1103 5851 sese
1127 5797 1357 5850 exterius
1395 5806 1607 5864 ornant,
1672 5797 1916 5869 intusque
1960 5800 2101 5870 pleni

1254 352 1311 409 S.
1353 348 1628 409 JOANNIS
1651 347 2123 407 CHRYSOSTOMI
2178 348 2490 406 ARCHIEP.
2525 351 3053 413 CONSTANTINOP.

3722 362 3825 419 676

2241 465 2383 517 onmi
2417 463 2693 535 iniquitate
2721 478 2864 522 sunt.
2893 470 3039 524 Nunc
3066 470 3209 525 enim
3236 470 3428 526 multus
3459 470 3629 538 labor,
3659 475 3826 527 multa

2239 556 2541 611 sollicitudo
2570 567 2802 613 externae
2848 561 3125 615 munditiei
3158 563 3512 630 impenditur;
3548 564 3824 619 munditiei

2238 660 2367 699 νυΓο
2394 646 2584 700 animm
2612 648 2753 702 nulla
2784 666 2930 704 cura.
2961 650 3063 705 Sed
3101 652 3144 705 si
3171 654 3549 708 conscientiam
3580 655 3822 725 singulo-

2239 752 2357 790 rum
2386 737 2507 806 quis
2538 740 2785 807 aperiret,
2824 742 3019 797 multos
3064 758 3295 806 vermes.
3352 746 3571 799 multam
3617 747 3823 801 saniem

2240 828 2518 896 inveniret,
2569 830 2917 901 fmtoremque
2963 834 3654 891 incredibilem:ahsurdas
3701 836 3828 891 dico

2238 930 2291 972 et
2320 922 2484 975 malas
2515 924 2973 992 concupiscentias
2996 967 3011 991 ,
3044 942 3161 995 qua:
3193 936 3317 981 sunt
3339 928 3610 982 vermibus
3653 928 3819 999 impu.

2238 1012 2428 1068 rim'es.

2309 1105 2360 1158 5.
2391 1104 2494 1160 Sed
2524 1106 2662 1174 quod
2702 1107 2774 1161 illi
2800 1107 2934 1163 tales
2963 1109 3087 1173 sint,
3119 1126 3224 1164 non
3256 1111 3322 1164 ita
3352 1128 3511 1182 grave
3534 1123 3649 1180 est,
3683 1125 3818 1169 tam-

2237 1196 2332 1248 etsi
2363 1212 2521 1264 grave
2562 1208 2640 1251 est
2674 1215 2688 1251 :
2719 1199 2859 1268 quod
2890 1215 3016 1253 vero
3044 1216 3140 1254 nos
3166 1242 3181 1265 ,
3226 1202 3314 1271 qni
3350 1204 3541 1271 templa
3585 1203 3679 1258 Dei
3706 1206 3820 1263 ﬁeri

2235 1285 2431 1356 dignati
2463 1303 2663 1355 sumus,
2694 1294 2933 1360 sepulcra
2960 1294 3135 1346 statim
3169 1304 3366 1348 tantum
3396 1295 3637 1351 faetorem
3666 1300 3824 1353 emit-

2238 1378 2398 1431 tentia
2420 1378 2732 1448 efﬁciamur,
2764 1384 2862 1437 hoc
2888 1396 3141 1439 extrema:
3156 1372 3395 1441 miseriae
3417 1399 3517 1443 est.
3550 1388 3645 1445 Ubi
3672 1390 3823 1444 Chri-

2236 1478 2348 1522 stus
2395 1469 2627 1536 habitat,
2661 1473 2891 1542 Spiritus
2928 1489 3143 1533 sanctus
3185 1489 3435 1549 operatus
3471 1491 3586 1547 est,
3638 1492 3822 1551 totque

2237 1562 2483 1631 mysteria
2536 1574 2765 1631 peracta,
2823 1566 2922 1621 hoc
2965 1568 3263 1636 sepulcrum
3314 1586 3453 1636 esse,
3503 1581 3697 1641 quanta
3729 1574 3819 1627 illa

2233 1653 2446 1707 miseria
2478 1657 2595 1709 est?
2624 1669 2751 1726 quot
2796 1659 3004 1715 ﬂetibus
3033 1670 3086 1715 et
3112 1663 3393 1731 gemitibus
3436 1665 3652 1734 dignum
3694 1678 3816 1733 est,

2234 1757 2354 1797 cum
2397 1746 2635 1800 membra
2684 1749 2878 1803 Christi
2924 1754 3224 1820 sepulcrum
3280 1756 3607 1810 immundum
3643 1757 3822 1812 ﬁunt?

2232 1831 2414 1903 Cogita
2445 1837 2711 1904 quomodo
2761 1850 2914 1893 natus
2940 1840 3049 1908 sis,
3096 1843 3286 1912 quibus
3327 1845 3573 1914 dignatus
3620 1846 3815 1911 fueris.

2233 1939 2389 1993 quem
2416 1932 2685 1998 acceperis
2715 1932 2988 1997 amictum,
3033 1935 3295 2003 quomodo
3323 1938 3578 2007 templum
3609 1940 3819 1995 ﬁrmum

2232 2018 2549 2071 constitutus
2574 2020 2667 2084 sis,
2709 2036 2865 2090 quam
2892 2024 3170 2092 pulchrum
3199 2042 3213 2091 ;
3241 2041 3345 2081 non
3385 2042 3515 2082 auro
3544 2039 3817 2099 ornatum,

2232 2124 2403 2179 neque
2448 2114 2761 2181 margaritis,
2815 2115 2907 2169 sed
2950 2115 3030 2170 his
3075 2117 3229 2187 longe
3266 2120 3578 2189 pretiosiore
3617 2122 3820 2193 Spiritu

2230 2213 2436 2258 sancto.
2487 2204 2669 2275 Cogita
2723 2210 2988 2263 neminem
3040 2210 3090 2264 in
3149 2213 3277 2267 urbe
3321 2216 3619 2285 sepulcrum
3675 2233 3815 2272 con-

2231 2301 2437 2349 struere
2461 2296 2537 2375 (q)
2564 2313 2577 2359 ;
2623 2312 2750 2366 ergo
2776 2314 2949 2368 neque
2982 2310 3033 2354 tu
3064 2302 3114 2356 in
3147 2317 3376 2372 superna
3421 2307 3633 2362 civitate
3660 2324 3813 2363 com-

2236 2400 2423 2454 parere
2478 2391 2694 2456 poteris.
2727 2389 2857 2444 Nam
2907 2392 2949 2445 si
2982 2392 3065 2447 hic
3112 2394 3239 2448 illud
3288 2395 3618 2466 prohibetur,
3650 2406 3818 2454 multo

2231 2477 2398 2547 magis
2431 2478 2554 2533 illic.
2586 2479 2697 2534 lmo
2741 2496 2867 2535 vero
2894 2483 3051 2537 etiam
3096 2484 3182 2538 hic
3209 2486 3315 2539 risu
3344 2487 3533 2557 dignus
3564 2491 3817 2545 omnibus

2229 2584 2470 2640 appares,
2500 2571 2622 2625 dum
2654 2583 2913 2626 inortuam
2940 2576 3251 2630 circumfers
3278 2578 3544 2643 animam;
3576 2596 3673 2634 nec
3702 2582 3814 2636 risu

2229 2661 2422 2733 dignus
2456 2673 2682 2731 tantum,
2711 2666 2801 2720 scd
2833 2668 2990 2721 etiam
3039 2668 3335 2738 fugiendus.
3366 2670 3460 2724 Dic
3489 2676 3628 2725 enim
3658 2673 3811 2738 mihi,

2229 2757 2271 2808 si
2299 2756 2417 2825 quis
2446 2767 2711 2811 mortuum
2736 2759 2961 2814 cadaver
2988 2762 3371 2826 circumferret,
3404 2779 3580 2818 annon
3626 2781 3816 2821 omnes

2229 2848 2513 2913 resilirent,
2552 2863 2727 2903 annon
2776 2866 2964 2905 clunes
3002 2850 3283 2922 fugerent?
3331 2854 3441 2909 lioc
3468 2855 3626 2910 etiam
3672 2874 3813 2914 nunc

2228 2951 2403 2997 tecum
2425 2953 2630 3011 reputa.
2681 2942 2813 2997 Nam
2855 2944 3011 3015 longe
3040 2945 3277 3002 deterius
3306 2950 3659 3018 spectaculum
3706 2951 3813 3005 cir-

2226 3034 2476 3099 cumfers,
2514 3036 2743 3088 animam
2789 3048 3124 3102 peccatorum
3167 3040 3308 3095 mole
3355 3051 3637 3107 mortuam,
3692 3045 3811 3098 ani-

2226 3142 2367 3181 mam
2394 3126 2721 3181 dissnlutam.
2744 3128 2871 3195 Quis
2894 3129 3011 3182 talis
3034 3129 3260 3184 hominis
3285 3132 3658 3188 miserebitur?
3677 3132 3809 3190 Cum

2225 3219 2365 3270 enim
2399 3228 2451 3271 tu
2482 3219 2672 3272 anima:
2702 3227 2803 3272 tua:
2833 3236 2936 3273 non
2986 3222 3310 3288 miserearis,
3357 3225 3625 3294 quomodo
3672 3227 3810 3281 alius

2227 3318 2277 3363 te
2330 3310 2665 3377 miserabitnr
2710 3312 2778 3363 ita
2827 3313 3096 3367 crudelem
3146 3324 3200 3368 et
3240 3315 3510 3369 inimicum
3544 3316 3633 3370 tibi
3666 3318 3810 3387 ipsi?

2224 3401 2279 3455 Si
2307 3405 2424 3470 quis
2444 3401 2584 3455 enim
2610 3416 2714 3471 quo
2740 3406 2854 3456 loco
2888 3413 2940 3457 tu
2971 3404 3172 3457 dormis
3211 3415 3265 3459 et
3294 3407 3549 3471 comedis,
3578 3409 3810 3464 cadaver

2223 3494 2323 3548 sub
2346 3504 2483 3547 terra
2510 3504 2749 3562 poneret,
2779 3495 2903 3564 quid
2930 3510 3033 3549 non
3067 3494 3309 3550 faceres?
3341 3507 3394 3550 tu
3423 3513 3549 3552 vero
3573 3500 3805 3553 animam

2224 3597 2488 3641 mortuam
2512 3588 2756 3657 deponis,
2786 3604 2890 3642 nun
2921 3604 3025 3658 quo
3055 3589 3173 3643 loco
3210 3590 3439 3659 prandes
3470 3591 3553 3647 vel
3580 3590 3803 3657 dormis,

2223 3678 2316 3734 sed
2347 3679 2399 3733 in
2430 3679 2687 3733 membris
2708 3678 2922 3744 Christi,
2950 3695 3121 3748 neque
3148 3681 3300 3736 times
3327 3698 3393 3737 ne
3415 3682 3559 3737 mille
3585 3682 3803 3737 fulmina

2224 3773 2274 3824 in
2305 3782 2461 3838 caput
2498 3783 2641 3825 tuum
2681 3771 2982 3842 jaciantnr?
3010 3772 3286 3839 Quomodo
3333 3773 3498 3829 audes
3548 3777 3804 3830 ecclesias

2225 3864 2318 3919 Dei
2351 3865 2703 3934 frequentare,
2729 3874 2782 3917 et
2805 3879 2951 3918 sacra
2983 3865 3196 3933 templa,
3227 3881 3345 3920 cum
3366 3860 3504 3920 intus
3525 3877 3627 3920 tam
3650 3883 3803 3923 exse-

2221 3955 2479 4010 crantlum
2515 3955 2755 4011 faetorem
2786 3954 3019 4010 habeas"
3048 3955 3177 4010 Nam
3204 3958 3246 4010 si
3269 3957 3384 4027 quis
3409 3959 3459 4011 in
3491 3959 3684 4029 regiam
3713 3973 3804 4012 ca-

2220 4048 2382 4103 daver
2413 4048 2571 4101 ferret
2596 4056 2651 4101 et
2678 4047 2769 4101 tibi
2797 4047 3089 4114 defodcrct,
3115 4060 3382 4104 extremas
3409 4048 3560 4104 daret
3589 4066 3799 4118 punias,

2225 4151 2275 4194 tu
2298 4156 2425 4193 vero
2446 4140 2531 4207 qui
2560 4154 2710 4193 sacra
2736 4152 2887 4209 septa
2917 4140 3053 4206 adis,
3085 4153 3138 4195 et
3169 4151 3313 4195 tanto
3350 4140 3541 4197 foetore
3582 4144 3798 4196 domum

2223 4234 2414 4301 reples,
2447 4233 2618 4303 cogita
2644 4243 2895 4303 quantum
2920 4233 3032 4287 lues
3061 4234 3398 4304 snpplicium.
3434 4233 3645 4290 Imitare
3687 4251 3798 4290 me-

2221 4326 2465 4380 retricem
2516 4324 2681 4390 illam,
2710 4342 2827 4395 qua:
2866 4339 3135 4396 unguento
3162 4326 3312 4380 unxit
3367 4328 3528 4396 pedes
3564 4325 3796 4393 Christi,

2220 4426 2274 4471 et
2302 4419 2439 4471 bono
2465 4417 2628 4472 odore
2657 4426 2819 4471 totam
2844 4419 3059 4472 domum
3105 4419 3341 4488 implevit
3369 4418 3534 4492 (Luc.
3567 4422 3618 4475 7.
3647 4421 3755 4493 38}
3779 4440 3794 4487 ;

2223 4517 2274 4562 tu
2299 4523 2423 4562 vero
2451 4509 2773 4563 contrarium
2822 4510 2873 4562 in
2905 4509 3063 4563 domo
3096 4510 3183 4565 Dei
3217 4510 3364 4565 facis.
3396 4509 3531 4577 Quid
3560 4527 3720 4577 emm,
3750 4514 3795 4566 si

2223 4609 2273 4653 tu
2298 4601 2409 4668 ipse
2458 4609 2651 4654 tetrum
2697 4600 2914 4655 odorem
2944 4618 3049 4655 non
3087 4602 3323 4656 sentias?
3352 4601 3407 4657 id
3434 4619 3561 4657 sane
3582 4605 3797 4657 morbus

2220 4702 2301 4746 est
2324 4694 2701 4762 gravissimus;
2737 4691 2855 4748 ideo
2905 4694 3182 4748 incurabili
3228 4695 3416 4750 morbo
3460 4696 3689 4762 laboras,
3741 4709 3795 4750 et

2219 4787 2459 4856 graviore
2500 4802 2654 4855 quam
2702 4787 2737 4840 ii
2786 4788 2874 4857 qui
2904 4802 3130 4857 corpore
3179 4790 3347 4844 mutili
3372 4806 3433 4845 ac
3454 4791 3618 4845 vitiati
3652 4795 3790 4845 male

2219 4877 2378 4930 olent.
2400 4878 2490 4932 ille
2518 4894 2744 4948 namque
2771 4880 2989 4934 morbus
3015 4880 3083 4934 ab
3108 4882 3262 4951 aegris
3284 4897 3445 4936 sensu
3476 4884 3789 4952 percipitur,

2219 4967 2453 5037 nihilque
2472 4969 2765 5036 culpandus
2788 4982 2888 5034 est,
2915 4970 3021 5025 imo
3038 4972 3196 5025 etiam
3218 4982 3299 5026 est
3320 4974 3791 5030 commiseratione

2218 5060 2447 5129 dignus;
2502 5061 2588 5115 hic
2635 5077 2764 5117 vero
2814 5064 3031 5118 morbus
3057 5063 3131 5117 ira
3171 5076 3225 5118 et
3254 5067 3505 5121 vindicta.
3532 5069 3795 5136 Quoniam

2215 5168 2341 5223 ergo
2367 5152 2481 5207 haec
2507 5155 2749 5225 graviora
2781 5166 2924 5222 sunt,
2956 5173 3077 5211 cum
3104 5161 3333 5213 maxime
3360 5177 3500 5231 aeger
3536 5163 3647 5232 ipse
3677 5178 3793 5216 ma-

2219 5247 2325 5300 lum
2348 5262 2451 5300 non
2478 5248 2658 5313 sentit,
2686 5258 2746 5302 ut
2773 5258 3065 5317 Oporteret,
3083 5265 3201 5321 age,
3224 5252 3425 5307 intento
3445 5253 3565 5307 andi
3589 5255 3788 5318 animo,

2216 5345 2274 5390 ut
2301 5347 2351 5391 te
2392 5337 2562 5391 morbi
2613 5338 2902 5406 perniciem
2935 5340 3174 5395 doceam.
3226 5341 3403 5403 Pcimo
3450 5355 3624 5398 autem
3670 5348 3790 5399 audi

2213 5429 2336 5498 quid
2368 5428 2639 5499 psallendo
2664 5428 2808 5484 dicas
2833 5448 2847 5485 :
2881 5428 3141 5501 Dirigatur
3166 5435 3326 5487 oratio
3346 5451 3456 5487 mea
3479 5436 3606 5489 sicut
3624 5438 3790 5490 incen-

2211 5535 2322 5573 sum
2372 5522 2426 5572 in
2453 5530 2721 5589 conspectu
2759 5530 2843 5574 tuo
2866 5522 2883 5589 (
2906 5520 3051 5575 Psal.
3081 5524 3203 5578 HO.
3235 5524 3268 5576 2
3290 5525 3331 5595 ).
3357 5525 3486 5580 Cum
3535 5543 3662 5597 ergo
3683 5545 3787 5583 non

2213 5610 2508 5678 incensum,
2541 5612 2635 5665 sed
2662 5627 2690 5664 a
2735 5622 2786 5667 te
2825 5621 2877 5667 et
2903 5628 2931 5666 a
2957 5615 3119 5683 gestis
3148 5615 3250 5669 tuis
3282 5617 3418 5671 male
3440 5618 3588 5672 olens
3614 5618 3787 5673 fumus

2210 5701 2480 5768 ascendit,
2508 5718 2665 5771 quam
2697 5717 2803 5758 non
2848 5706 3071 5759 mereris
3112 5704 3405 5762 ultionem?
3432 5706 3567 5776 Quid
3588 5721 3668 5765 est
3694 5710 3786 5766 ille

2279 5814 2351 5876 (σῖ)
2384 5814 2609 5878 sepulcra
2629 5817 2677 5865 in
2700 5817 2902 5868 urbibus
2918 5819 3336 5871 construebtmtur.
