4130 6374
276 373 379 427 επ

278 488 415 540 male
444 485 595 539 olens
615 480 980 537 fumus?MuIti
997 476 1495 548 ingrediuntur,qui
1510 476 1712 534 formas
1733 491 1853 529 mu-

277 577 466 632 lierum
513 572 972 642 circumspiciunt;
1023 571 1237 638 aliique,
1276 571 1363 639 qui
1411 584 1694 636 puerorum
1741 583 1860 635 spe-

276 670 412 722 ciem
466 664 726 721 curiosius
778 671 1041 733 spectant.
1093 663 1285 715 Annon
1330 661 1562 723 miraris,
1594 659 1861 728 quomodo

277 759 495 813 fulmina
545 772 651 811 non
704 754 988 824 jaciantur,
1047 767 1145 808 nec
1195 753 1373 807 omnia
1427 768 1456 807 a
1501 751 1859 807 fundamentis

276 851 619 906 evertuntur?
657 848 789 903 Nam
826 848 983 918 digna
1032 856 1155 903 sunt
1205 848 1292 902 illa
1338 846 1645 902 fulminibus
1689 855 1744 901 et
1770 861 1860 916 ge.

280 944 453 997 henua
483 960 496 997 :
526 942 620 998 sed
649 942 810 1007 Deus,
864 941 1068 1010 patiens
1111 951 1165 996 et
1215 940 1395 995 multis
1446 938 1855 1002 misericordiae,

280 1035 411 1089 iram
441 1049 590 1089 suam
624 1034 836 1097 retinet,
868 1041 929 1087 ut
954 1031 1021 1086 ad
1051 1032 1416 1101 paenitentiam
1444 1039 1497 1085 et
1526 1029 1858 1085 emendatio-

279 1141 397 1179 nem
426 1135 478 1180 te
498 1124 745 1179 adducat.
769 1124 904 1190 Quid
933 1122 1085 1189 facis,
1108 1123 1301 1177 homo?
1326 1125 1545 1178 formam
1575 1122 1856 1176 mulierum

281 1216 493 1269 curiose
520 1215 766 1284 respicis,
796 1223 848 1269 et
883 1230 987 1268 non
1020 1214 1287 1269 horrescis
1317 1222 1458 1267 tanta
1486 1213 1740 1282 templum
1766 1212 1859 1267 Dei

278 1306 519 1361 afficiens
562 1306 923 1361 contumelia?
952 1322 1018 1359 an
1062 1305 1410 1375 prostibulum
1439 1318 1560 1359 esse
1589 1313 1739 1373 putas
1767 1318 1857 1358 ec-

277 1398 517 1463 clesiam,
550 1409 603 1452 et
633 1400 745 1453 foro
772 1399 887 1468 ipso
917 1397 1326 1469 ignobiliorem?
1356 1397 1410 1451 lu
1437 1396 1549 1451 foro
1567 1399 1854 1461 erubescis,

280 1504 346 1543 ne
392 1488 618 1542 videaris
668 1489 946 1544 mulierem
985 1490 1197 1544 curiose
1244 1498 1527 1559 spectare:
1561 1489 1615 1543 in
1661 1488 1858 1559 templo

278 1591 455 1635 autem
506 1580 622 1644 Dei,
672 1580 799 1635 dum
849 1581 989 1636 Deus
1029 1581 1142 1650 ipse
1185 1590 1356 1635 tecum
1383 1581 1632 1649 loquitur,
1663 1579 1859 1649 tibique

279 1672 417 1726 circa
445 1686 558 1726 rem
605 1670 742 1726 hanc
782 1672 1155 1737 comminatur,
1196 1670 1472 1725 loruicaris
1496 1679 1550 1725 et
1576 1669 1859 1724 mmcbaris

278 1763 465 1820 eodem
492 1773 752 1834 tempore,
779 1779 885 1834 quo
904 1765 1056 1820 audis
1083 1763 1152 1819 ab
1178 1764 1259 1819 his
1280 1778 1401 1819 esse
1426 1762 1803 1818 abstinendum
1840 1780 1853 1814 :

280 1872 449 1927 neque
475 1856 762 1923 horrescis,
786 1873 958 1927 neque
980 1856 1197 1927 stupes?
1223 1856 1348 1911 Haec
1376 1870 1473 1910 vos
1500 1855 1693 1910 docent
1713 1855 1861 1909 thea-

283 1962 359 2005 tra
416 1951 667 2016 lasciviae,
714 1952 880 2020 pestis
916 1951 1007 2005 illa
1054 1960 1241 2006 curatu
1296 1949 1548 2015 difficilis,
1598 1958 1873 2003 venenata

281 2042 584 2111 pharmace,
615 2056 807 2110 graves
846 2042 922 2096 illi
971 2042 1192 2097 irretitis
1220 2041 1418 2111 laquei,
1441 2040 1754 2109 voluptuosa
1781 2040 1857 2093 la-

280 2135 565 2188 sciviorum
593 2136 879 2204 pernicies.
901 2133 1107 2191 Idcirco
1131 2134 1382 2190 incusans
1406 2134 1667 2203 propheta
1709 2133 1858 2188 dice-

283 2226 371 2280 bat
402 2243 415 2280 :
450 2225 626 2297 Neque
652 2228 785 2280 oculi
813 2228 906 2291 tui,
936 2244 1026 2280 nec
1069 2243 1156 2281 cor
1194 2238 1334 2280 tuum
1373 2228 1556 2280 bonum
1603 2237 1674 2279 est
1705 2224 1856 2292 (Jer.

281 2318 367 2371 ΕΞ.
402 2320 525 2390 17).
551 2320 737 2375 Melius
759 2329 903 2376 esset
927 2319 1228 2390 huiusmodi
1256 2321 1498 2374 homines
1519 2333 1637 2374 esse
1655 2332 1858 2383 caecos;

279 2412 470 2466 melius
497 2423 548 2467 et
576 2427 748 2483 aegros
772 2427 913 2477 esse,
937 2428 1095 2483 quam
1124 2412 1190 2467 ad
1210 2411 1346 2467 hanc
1372 2427 1486 2468 rem
1503 2412 1671 2466 oculis
1690 2410 1855 2466 abuti.

280 2499 561 2571 Oporteret
591 2504 773 2573 utique
800 2505 941 2560 intus
969 2518 1090 2559 esse
1117 2519 1345 2570 murum,
1375 2507 1464 2574 qui
1494 2518 1589 2559 vos
1615 2518 1648 2558 a
1674 2502 1861 2559 mulie-

281 2595 427 2649 ribus
456 2605 816 2666 sequestraret
849 2615 863 2650 :
888 2598 1013 2668 quia
1037 2612 1168 2652 vero
1192 2596 1247 2651 id
1276 2612 1381 2652 non
1410 2597 1589 2661 vultis,
1619 2610 1864 2651 necessa-

282 2686 417 2740 rium
448 2702 567 2743 esse
596 2698 848 2759 putarunt
888 2699 1065 2759 patres
1112 2689 1301 2754 nostri,
1339 2696 1399 2742 ut
1442 2687 1633 2743 saltem
1677 2687 1863 2758 ligneis

282 2770 474 2827 tabulis
502 2788 597 2827 vos
623 2788 996 2842 separaremus
1026 2774 1101 2846 (α)
1137 2792 1151 2827 :
1188 2789 1309 2828 nam
1358 2789 1388 2827 a
1438 2772 1738 2829 senioribus
1763 2786 1864 2842 ego

281 2861 478 2926 audivi,
502 2863 653 2918 initio
674 2864 773 2919 hos
802 2866 1033 2935 parietes
1053 2880 1157 2920 non
1187 2864 1371 2919 fuisse.
1400 2864 1465 2918 In
1488 2863 1689 2919 Christo
1729 2866 1864 2917 enim

281 2954 405 3008 Jesu
426 2971 526 3009 non
551 2965 625 3011 est
650 2973 757 3013 mas
779 2973 935 3028 neque
962 2957 1148 3027 femina
1174 2956 1329 3029 (Gal.
1349 2958 1402 3012 5.
1427 2956 1497 3011 28
1513 2957 1554 3026 ).
1585 2956 1865 3026 Apostolo-

284 3062 402 3101 rum
426 3064 637 3119 quoque
660 3060 900 3120 tempore
924 3066 1025 3105 una
1052 3051 1149 3105 viri
1180 3059 1234 3104 et
1261 3049 1510 3105 mulieres
1539 3057 1708 3104 erant.
1731 3048 1862 3103 Nam

284 3146 408 3193 tunc
434 3139 534 3193 viri
559 3155 688 3196 vere
713 3141 809 3194 viri
835 3148 1008 3205 erant,
1036 3148 1093 3196 et
1116 3140 1387 3206 mulieres,
1416 3140 1699 3195 mulieres:
1724 3154 1864 3194 nunc

284 3245 408 3285 vero
432 3242 637 3298 contra,
674 3234 926 3289 mulieres
968 3232 1307 3290 meretricum
1335 3232 1435 3287 sibi
1457 3247 1634 3287 mores
1658 3245 1865 3287 assum-

284 3336 523 3392 pserunt,
550 3325 650 3380 viri
670 3335 847 3381 autem
868 3326 935 3381 ab
956 3325 1105 3396 equis
1123 3324 1420 3380 furentibus
1441 3323 1571 3378 nihil
1589 3323 1860 3381 ditl'erunt.

283 3414 399 3468 Non
428 3416 669 3483 audistis,
718 3426 1067 3488 congregatos
1119 3418 1171 3471 in
1217 3416 1493 3472 caenaculo
1530 3415 1693 3470 fuisse
1721 3417 1864 3471 viros

281 3521 344 3561 ac
382 3509 650 3572 mulieres,
702 3510 951 3579 illumque
994 3519 1191 3564 emtum
1243 3509 1389 3563 cmlis
1436 3508 1650 3578 dignum
1697 3507 1863 3563 fuisse

281 3596 427 3667 (Act.
458 3600 509 3653 1.
534 3600 787 3669 15.14)?
816 3600 879 3654 Et
906 3601 1025 3669 jure
1054 3600 1267 3670 quidem
1291 3618 1304 3653 :
1337 3601 1500 3653 multa
1523 3599 1662 3653 enim
1686 3598 1860 3668 philo-

281 3690 468 3758 sOpbia
495 3702 618 3746 tunc
637 3693 888 3748 mulieres
914 3693 1183 3747 instructae
1208 3698 1383 3757 erant,
1402 3699 1457 3747 et
1479 3690 1579 3745 viri
1599 3690 1858 3745 modestia

281 3790 441 3851 atque
463 3784 726 3838 castitate.
776 3783 969 3838 Audite
1018 3783 1161 3837 enim
1216 3796 1464 3851 purpura:
1511 3780 1859 3837 venditriecm

281 3874 545 3929 dicentem
579 3892 591 3927 :
622 3874 684 3930 Si
722 3876 919 3944 ﬁdelem
945 3891 1024 3929 me
1069 3873 1286 3928 Domino
1327 3870 1631 3946 judicastis,
1678 3874 1860 3927 intrate

280 3965 333 4018 in
360 3965 563 4019 domum
592 3984 791 4033 meam,
835 3978 881 4021 et
927 3975 1124 4021 manete
1172 3966 1309 4036 apud
1355 3983 1435 4020 me
1463 3965 1608 4036 (Act.
1637 3967 1724 4021 46.
1765 3966 1852 4021 15.

283 4059 444 4114 ρι18.
477 4060 598 4132 18).
636 4062 835 4119 Audite
856 4060 1137 4124 mulieres,
1182 4072 1301 4128 quae
1350 4058 1491 4112 virili
1544 4058 1722 4112 animo
1776 4059 1857 4113 in-

285 4158 503 4206 structae
528 4153 823 4207 circuibant
872 4166 993 4207 cum
1037 4150 1326 4220 apostolis,
1378 4147 1666 4203 Priscillam
1687 4189 1701 4213 ,
1729 4149 1855 4205 Per-

285 4240 453 4293 sidem
480 4251 534 4296 et
559 4243 689 4296 alias
734 4243 753 4313 (
778 4242 924 4296 Rom.
953 4240 1041 4295 16.
1082 4239 1150 4294 12
1174 4240 1194 4311 )
1230 4257 1245 4293 :
1274 4253 1302 4291 a
1330 4238 1518 4308 quibus
1542 4248 1747 4293 tantum
1770 4240 1855 4295 di-

281 4343 422 4389 stant
467 4334 740 4390 hodierna:
782 4335 1033 4389 mulieres
1052 4376 1067 4399 ,
1099 4342 1355 4403 quantum
1382 4332 1480 4386 viri
1508 4347 1537 4385 a
1567 4332 1695 4387 viris
1726 4333 1850 4388 illis.

352 4427 406 4480 4.
431 4425 705 4481 Mulierum
734 4442 838 4479 sua:
861 4426 1023 4479 (etatis
1050 4425 1338 4487 vanitatem,
1368 4422 1615 4475 connubia
1659 4440 1750 4491 pro
1767 4440 1855 4491 pe-

281 4516 443 4571 cuniis
469 4518 805 4586 adipiscendis
833 4526 978 4585 pacta
999 4556 1014 4579 ,
1043 4524 1089 4567 et
1116 4512 1465 4567 Parasiterum
1491 4528 1651 4567 mores
1674 4513 1853 4566 redar-

280 4611 387 4680 guit
415 4609 822 4679 Chrysostomus.
848 4638 917 4649 —
937 4608 1085 4662 Tunc
1110 4608 1251 4661 enim
1278 4605 1519 4676 quamvis
1549 4606 1854 4674 peregrina-

282 4710 486 4764 rentur,
517 4702 565 4754 id
592 4701 708 4755 sine
734 4702 887 4754 famae
912 4700 1231 4754 detrimento
1254 4705 1373 4751 erat
1393 4712 1410 4761 ;
1434 4710 1573 4750 nunc
1601 4705 1776 4750 autem
1801 4696 1852 4749 in

281 4794 397 4863 ipso
433 4795 666 4848 thalamo
700 4794 944 4848 enutritae
986 4792 1073 4846 vix
1109 4791 1266 4846 talem
1304 4788 1560 4858 ell’ugiunt
1591 4789 1851 4858 suspicio-

280 4899 427 4939 nem.
458 4884 582 4939 llzec
624 4899 782 4953 porro
818 4884 885 4939 ab
913 4882 1188 4937 ornatibus
1230 4888 1284 4936 et
1320 4894 1351 4934 a
1389 4879 1594 4934 deliciis
1637 4879 1851 4948 prolici-

276 4972 518 5030 seuntur.
548 4975 699 5030 Tunc
719 4976 934 5029 illarum
959 4986 1094 5042 opus
1116 4981 1250 5038 erat,
1268 4970 1701 5041 prmdicationem
1731 4986 1853 5039 pro-

277 5081 506 5137 pagare;
541 5082 680 5122 nunc
704 5076 880 5121 autem
907 5066 958 5120 id
984 5071 1170 5120 curant
1191 5072 1251 5117 ut
1278 5063 1521 5117 formosae
1548 5071 1602 5118 et
1620 5062 1853 5132 pulchrae

276 5158 573 5213 videantur.
606 5159 717 5213 Hoc
755 5158 858 5212 illis
898 5157 1103 5227 gloria,
1146 5155 1249 5210 hoc
1287 5155 1390 5210 illis
1419 5154 1563 5209 salus
1581 5164 1697 5220 est;
1732 5171 1850 5211 nam

280 5250 346 5304 de
373 5252 581 5322 magnis
606 5251 980 5321 prmclarisque
1006 5248 1172 5319 gestis
1210 5262 1279 5301 ne
1320 5261 1415 5315 per
1436 5246 1701 5301 somnium
1731 5247 1849 5316 qni-

276 5340 394 5395 dem
426 5351 631 5397 curant.
666 5343 796 5409 Quae
825 5343 1015 5396 mulier
1050 5356 1117 5395 eo
1139 5339 1317 5396 studia
1346 5340 1570 5393 contulit
1590 5349 1649 5393 ut
1672 5342 1847 5393 virum

276 5431 473 5488 faceret
513 5435 829 5489 meliorem?
855 5434 943 5504 qui
986 5434 1066 5487 vir
1083 5447 1200 5488 eam
1226 5431 1409 5486 habuit
1441 5431 1849 5487 sollicitudinem

277 5533 335 5577 ut
362 5539 581 5580 uxorem
618 5524 970 5581 emendaret?
996 5523 1164 5578 Nemo
1202 5533 1383 5578 certe:
1428 5521 1522 5578 sed
1552 5523 1702 5577 uxori
1747 5536 1849 5576 una

269 5755 658 5865 bglasuyuliercs
680 5772 705 5808 a
720 5761 838 5809 viris
854 5772 899 5810 tn
927 5758 1136 5809 ecclesia
1161 5758 1340 5809 tabulis
1361 5756 1541 5819 ligneis
1563 5769 1845 5821 sequestra-

624 5918 896 5978 Parnon.
948 5915 1066 5976 Gtt.
1122 5912 1331 5974 LVIII.

1137 370 1200 424 IN
1238 366 1641 424 blATTll/EUM
1681 360 1909 419 HOMIL.
1952 358 2187 415 LXXIII.
2225 359 2297 413 al.
2336 360 2570 415 LXXIV.

3433 368 3535 423 ϋῖὸ

1967 488 2094 529 cura
2120 472 2186 529 de
2209 476 2388 530 aureis
2414 478 2711 542 ornatibus,
2731 479 2797 533 de
2829 480 3061 537 vestibus
3084 486 3120 545 ¹,
3142 484 3312 553 deque
3339 491 3548 544 caeteris

1964 567 2029 621 ad
2056 568 2294 637 corporis
2319 577 2566 622 ornatum
2597 572 2993 639 Spectantibus,
3016 587 3174 644 atque
3205 588 3261 631 ut
3289 593 3419 647 opes
3449 598 3546 635 au-

1963 666 2222 724 geantur;
2250 657 2366 713 viro
2395 667 2573 713 autem
2618 670 2673 713 et
2709 660 2822 716 hmc
2867 672 3132 731 postrema
3171 675 3225 720 et
3266 669 3385 723 alite
3428 671 3545 740 plu-

1964 748 2113 802 rima:
2139 764 2281 803 cura:
2308 758 2467 814 sunt,
2491 764 2784 820 omnesque
2821 755 3123 809 saeculares.
3164 756 3293 825 Quis
3323 774 3545 815 uxorem

1965 838 2252 907 ducturus,
2278 855 2458 896 mores
2484 853 2537 896 et
2567 843 2934 898 educationem
2976 846 3165 916 puellae
3203 851 3546 919 exploravit?

1964 930 2167 997 Nemo;
2194 932 2290 988 sed
2317 933 2384 989 de
2409 934 2648 1003 pecuniis
2678 944 2879 989 tantum
2905 936 3179 1006 quaeritur,
3210 940 3277 995 de
3305 943 3543 1012 praediis,

1965 1023 2135 1093 deque
2160 1024 2420 1079 bonorum
2444 1026 2719 1087 varietate,
2749 1041 2812 1080 ac
2837 1026 2882 1081 si
2911 1027 3036 1097 quid
3064 1039 3342 1099 empturus
3369 1045 3544 1098 esset,

1964 1123 2056 1169 aut
2077 1114 2146 1169 de
2174 1118 2563 1185 permutatione
2600 1118 2845 1188 quapiam
2876 1130 3140 1189 ageretur.
3188 1122 3414 1193 Ideoque
3445 1125 3546 1181 hoc

1965 1207 2181 1262 nomine
2203 1208 2524 1262 connubium
2557 1217 2765 1263 vocant.
2784 1208 2975 1264 Multos
2990 1212 3131 1265 enim
3158 1213 3330 1268 audivi
3360 1213 3545 1269 dicen-

1965 1307 2048 1354 tes
2069 1340 2085 1365 ,
2117 1298 2442 1354 Permutavit
2481 1301 2566 1355 hic
2591 1315 2714 1355 cum
2752 1300 2863 1368 illa,
2892 1302 2945 1356 id
2971 1311 3072 1369 est,
3096 1304 3245 1358 duxit
3272 1304 3437 1358 illatn.
3471 1306 3546 1361 Ita

1963 1393 2099 1445 dona
2126 1393 2221 1446 Dei
2248 1393 2580 1462 vituperant,
2609 1401 2769 1462 atque
2794 1408 2857 1447 ac
2883 1393 2929 1448 si
2958 1394 3250 1450 venderent
3276 1409 3547 1452 emerent-

1962 1500 2066 1553 que
2089 1526 2104 1550 ,
2135 1484 2211 1539 sic
2236 1484 2435 1539 ducunt
2460 1494 2512 1539 et
2537 1473 2824 1539 ducuntur.
2866 1486 3144 1555 Rescripta
3190 1502 3313 1542 vero
3358 1490 3545 1559 majori

1964 1576 2210 1628 cautione
2234 1589 2368 1642 Opus
2394 1574 2589 1629 habent
2610 1578 2650 1640 ³,
2682 1591 2839 1646 quam
2867 1577 2910 1631 si
2937 1576 3007 1632 de
3032 1579 3259 1633 venditis
3275 1590 3330 1634 et
3353 1583 3547 1651 emptis

1963 1676 2225 1735 ageretur.
2256 1667 2453 1723 Discite
2479 1684 2583 1737 quo
2610 1678 2764 1737 pacto
2787 1677 2999 1725 veteres
3027 1685 3219 1727 uxores
3245 1672 3542 1739 ducerent,

1964 1756 2189 1827 illosque
2224 1758 2523 1813 imitamini.
2565 1758 2841 1826 Quomodo
2878 1776 3007 1830 ergo
3051 1777 3245 1818 uxores
3279 1764 3543 1821 ducebant

1966 1847 2076 1902 illi?
2102 1848 2281 1903 Bonos
2320 1864 2499 1905 mores
2542 1860 2597 1905 et
2638 1850 2870 1905 indolem
2899 1853 3248 1922 quterebant,
3279 1856 3545 1927 animique

1966 1940 2234 1996 virtutem.
2263 1942 2493 2012 Ideoque
2535 1944 2752 2012 scriptis
2789 1960 2923 2011 opus
2958 1961 3065 2000 non
3108 1946 3407 2014 habebant,
3439 1966 3542 2004 non

1964 2031 2147 2086 charta
2170 2072 2186 2098 ,
2228 2048 2333 2087 non
2379 2041 2717 2089 atramento:
2752 2049 2961 2103 Sponsae
2988 2052 3164 2092 mores
3197 2040 3327 2093 satis
3352 2052 3504 2095 erant
3526 2083 3541 2107 ,

1964 2122 2309 2193 omniumque
2338 2124 2512 2179 locum
2561 2126 2833 2181 tenebant.
2867 2127 2972 2183 Vos
3010 2143 3140 2202 ergo
3176 2131 3437 2201 obsecro,
3479 2151 3543 2190 ne

1968 2213 2217 2281 pecunias
2235 2256 2250 2279 ,
2280 2230 2347 2270 ne
2369 2216 2497 2285 opes
2522 2218 2771 2285 quaeratis
2791 2260 2806 2284 ,
2839 2218 2933 2273 sed
2962 2234 3161 2289 mores,
3188 2224 3501 2281 modestiam
3524 2268 3542 2295 ,

1969 2305 2237 2372 pietatem,
2266 2308 2632 2377 philosophum
2664 2310 2889 2378 puellam
2919 2328 2933 2373 ;
2960 2320 3015 2366 et
3047 2313 3160 2367 haec
3191 2319 3355 2386 magis
3384 2334 3542 2388 quam

1968 2394 2112 2451 mille
2142 2397 2374 2453 thesauri
2401 2400 2553 2454 vobis
2575 2399 2884 2469 proderunt.
2915 2402 2972 2458 Si
2998 2420 3115 2474 qua:
3134 2406 3226 2461 Dei
3253 2419 3377 2463 sunt
3400 2426 3545 2480 quae-

1967 2503 2088 2557 ras,
2116 2491 2231 2546 haec
2258 2507 2471 2562 quoque
2506 2494 2596 2547 tibi
2629 2493 2927 2562 addentur;
2959 2496 3004 2551 si
3031 2513 3157 2553 vero
3193 2500 3297 2554 illis
3346 2504 3545 2557 relicti.-

1965 2581 2034 2636 ad
2061 2582 2176 2637 haec
2202 2593 2402 2639 tantum
2423 2600 2629 2652 curras,
2654 2602 2826 2656 neque
2847 2586 2963 2642 haec
2981 2600 3286 2659 sequentur.
3315 2593 3415 2648 Sed
3437 2596 3542 2663 ille,

1970 2677 2196 2745 inquies,
2226 2677 2294 2732 ab
2320 2693 2486 2735 uxore
2503 2678 2701 2734 ditatus
2718 2690 2821 2735 est.
2840 2680 2956 2736 Non
2980 2691 3031 2737 te
3058 2684 3216 2752 pudet
3243 2688 3353 2741 lucc
3374 2705 3545 2744 exem-

1970 2769 2051 2838 pla
2077 2769 2322 2826 referre?
2349 2771 2541 2829 Multos
2568 2772 2748 2828 audivi
2775 2775 3037 2841 dicentes,
3067 2776 3283 2833 Mallem
3308 2791 3544 2839 extrema

1968 2870 2277 2930 paupertate
2298 2862 2565 2931 laborare,
2584 2880 2742 2934 quam
2768 2866 2836 2920 ab
2859 2882 3023 2921 uxore
3046 2868 3225 2923 ditari.
3245 2870 3379 2939 Quid
3400 2875 3545 2930 enim

1968 2951 2236 3008 insuavius
2266 2954 2370 3009 illis
2403 2955 2639 3010 divitiis?
2676 2958 2803 3027 quid
2830 2960 3065 3033 amarius
3107 2960 3207 3017 hac
3234 2965 3544 3033 epulentia?

1968 3044 2092 3113 quid
2121 3047 2325 3116 turpius
2345 3062 2500 3117 quam
2526 3048 2788 3119 insignem
2818 3049 2921 3105 hoc
2946 3052 3105 3106 modo
3134 3068 3271 3118 esse,
3306 3058 3373 3112 ita
3405 3068 3460 3113 ut
3477 3060 3544 3116 ah

1967 3136 2218 3191 omnibus
2246 3136 2484 3205 dicatur,
2515 3138 2611 3194 Ille
2638 3140 2706 3193 ab
2735 3155 2902 3197 uxore
2946 3141 3181 3212 locuples
3221 3145 3391 3203 factus
3425 3150 3545 3206 est?

1967 3226 2207 3283 Internas
2249 3230 2390 3284 enim
2432 3238 2487 3284 et
2525 3231 2846 3287 domesticas
2885 3235 3157 3290 molestias
3197 3247 3383 3305 taceo,
3413 3257 3545 3311 quas

1967 3323 2090 3378 inde
2125 3324 2251 3378 oriri
2298 3338 2521 3380 necesse
2566 3334 2686 3391 est;
2735 3326 2975 3382 mulieris
3021 3333 3412 3400 arrogantiam,
3446 3334 3543 3390 viri

1967 3414 2272 3471 servitutem
2297 3457 2313 3481 ,
2342 3432 2564 3488 pugnas,
2596 3434 2871 3474 servorum
2896 3421 3166 3487 convicia,
3199 3423 3489 3482 dicentium
3519 3448 3532 3482 ;

1966 3509 2192 3577 Pauper,
2210 3524 2497 3579 pannosus,
2512 3511 2755 3580 ignobilis
2772 3528 2835 3567 ex
2852 3513 3170 3582 ignobilibus
3187 3532 3201 3579 ;
3217 3516 3339 3585 quid
3363 3517 3542 3574 habuit

1964 3599 2175 3669 quando
2186 3599 2355 3655 venit?
2366 3616 2539 3655 annon
2553 3603 2729 3656 omnia
2743 3616 2864 3656 sunt
2876 3603 3130 3659 dominae?
3141 3605 3245 3661 Sed
3259 3607 3372 3663 ha:c
3386 3611 3543 3666 verba

1965 3691 2094 3745 nihil
2124 3706 2279 3746 curas
2306 3708 2320 3745 :
2353 3707 2527 3763 neque
2551 3696 2694 3748 enim
2721 3694 2858 3749 liber
2881 3710 2961 3750 es.
2988 3695 3124 3752 Nam
3145 3707 3201 3754 et
3222 3703 3434 3768 parasiti
3461 3702 3544 3756 his

1963 3784 2229 3840 deteriora
2254 3784 2495 3851 audiunt,
2529 3801 2702 3855 neque
2728 3786 2849 3842 ideo
2872 3787 3078 3854 dolent,
3108 3791 3203 3845 sed
3234 3791 3394 3847 etiam
3422 3796 3538 3863 glo-

1962 3877 2167 3930 riantur
2192 3876 2261 3931 de
2286 3875 2590 3944 hujusmodi
2616 3877 2898 3935 dedecore.
2928 3880 3007 3934 Ac
3031 3894 3152 3934 cum
3181 3881 3232 3936 id
3260 3881 3389 3951 ipsis
3413 3885 3541 3941 dici-

1962 3982 2081 4023 mus
2104 4007 2122 4035 ,
2154 3968 2237 4024 Sit
2258 3968 2387 4022 mihi
2409 4008 2423 4034 ,
2454 3968 2719 4039 inquiunt,
2748 3970 2873 4040 quid
2893 3969 3046 4026 dulce
3075 3982 3125 4028 et
3148 3972 3458 4041 jucundum,
3483 3992 3539 4035 et

1961 4061 2186 4118 suﬂ‘oeet
2211 4076 2317 4117 me.
2348 4061 2392 4117 Ο
2418 4062 2728 4118 diabolum!
2769 4079 2888 4133 quae
2929 4066 3208 4134 proverbia
3252 4068 3339 4124 ille
3380 4071 3433 4125 in
3460 4073 3538 4126 vi-

1964 4164 2068 4209 tam
2105 4155 2377 4210 hominum
2410 4155 2620 4221 intulit,
2647 4156 2838 4225 quibus
2875 4166 2985 4212 tota
3028 4158 3215 4214 talium
3260 4160 3532 4220 hominum

1960 4250 2065 4303 vita
2095 4250 2260 4318 possit
2284 4250 2449 4304 everti
2472 4250 2485 4305 !
2511 4250 2787 4319 Perpende
2818 4265 2947 4321 ergo
2974 4251 3104 4306 illud
3131 4253 3447 4312 diabolicum
3474 4277 3538 4315 ac

1961 4343 2241 4396 exitiosum
2267 4343 2463 4397 dictum
2487 4382 2505 4409 ,
2534 4352 2730 4412 quanta
2758 4342 2829 4398 sit
2851 4343 3088 4412 pernicie
3115 4345 3329 4414 plenum
3352 4391 3365 4404 .
3395 4349 3537 4406 Nihil

1962 4436 2104 4491 enim
2125 4434 2270 4490 aliud
2293 4435 2443 4502 dicit,
2473 4450 2631 4505 quam
2655 4434 2769 4490 haec
2795 4435 2954 4490 verba
2979 4453 2992 4488 :
3018 4436 3168 4489 Nulla
3200 4438 3291 4494 tibi
3320 4440 3497 4497 decori
3520 4484 3538 4512 ,

1960 4531 2101 4585 nulla
2129 4529 2221 4585 tibi
2243 4529 2461 4598 iustitiae
2488 4529 2559 4584 sit
2603 4529 2772 4583 ratio:
2806 4526 2926 4584 haec
2971 4530 3145 4584 omnia
3174 4530 3535 4598 abjiciantnr:

1962 4640 2118 4678 unam
2150 4632 2353 4678 tantum
2379 4637 2561 4693 quaere
2586 4622 2933 4691 voluptatem.
2965 4622 3185 4677 Etiamsi
3215 4634 3268 4678 te
3303 4641 3387 4680 res
3416 4627 3533 4682 haec

1959 4716 2266 4782 suifocarit,
2296 4714 2387 4769 tibi
2432 4713 2681 4783 Optabilis
2710 4714 2815 4779 sit;
2842 4713 3050 4768 etiamsi
3074 4728 3263 4769 omnes
3301 4717 3440 4772 obvii
3485 4728 3536 4774 te

1958 4816 2273 4878 conspuant,
2296 4806 2501 4861 etiamsi
2531 4806 2695 4860 lutum
2715 4805 2844 4858 inos
2866 4804 3129 4875 ingerant,
3151 4806 3250 4863 etsi
3274 4815 3331 4861 ut
3348 4824 3533 4863 canem

1959 4901 2161 4969 pellant
2183 4941 2197 4963 ,
2228 4899 2405 4953 omnia
2426 4897 2587 4953 feras.
2623 4896 2823 4967 Ecquid
2852 4896 2995 4951 aliud
3020 4897 3251 4952 dixerint
3279 4900 3427 4968 porci
3446 4943 3459 4963 .
3492 4903 3536 4957 si

1956 4991 2101 5061 loqui
2122 4989 2368 5060 possent?
2389 4987 2515 5059 quid
2540 4989 2731 5057 impuri
2754 4990 2947 5043 canes?
2971 4986 3153 5058 Neque
3176 4989 3398 5045 fortasse
3419 4993 3537 5047 talia

1958 5084 2322 5154 loquerentur,
2347 5082 2520 5152 qualia
2545 5081 2789 5136 diabolus
2808 5081 3008 5135 rabidis
3038 5086 3343 5138 nominibus
3357 5088 3534 5139 dicere

1958 5183 2144 5237 suasit.
2172 5181 2459 5249 Propterea
2496 5179 2754 5245 obsecro,
2788 5186 2845 5232 ut
2872 5177 3055 5231 talium
3100 5176 3384 5233 verborum
3430 5173 3534 5233 im;

1960 5273 2261 5344 pudentiam
2287 5271 2684 5327 considerantes
2707 5312 2723 5337 ,
2763 5267 2878 5324 hac
2908 5269 3187 5339 proverbia
3218 5268 3451 5339 fugiatis,
3480 5279 3537 5324 et

1954 5368 2040 5421 his
2062 5365 2327 5422 contraria
2366 5380 2430 5419 ex
2468 5364 2757 5434 Scripturis
2779 5362 3043 5434 deligatis.
3075 5361 3205 5429 Quae
3247 5370 3377 5418 sunt
3403 5361 3540 5417 illa?

1957 5456 2042 5512 Ne
2063 5456 2287 5512 ambules
2316 5465 2427 5527 post
2452 5455 2878 5525 concupiscentiae
2905 5453 3091 5508 anima
3114 5460 3249 5521 tute,
3276 5462 3324 5507 et
3341 5453 3541 5523 appeti-

2020 5574 2037 5602 ι
2064 5568 2159 5618 Alii
2182 5568 2377 5625 habent,
2397 5566 2460 5619 de
2481 5562 2644 5617 uitreis
2664 5564 2934 5628 ornatibus,
2960 5564 3022 5616 de
3053 5562 3282 5629 gemmis,
3304 5564 3364 5615 de
3386 5564 3537 5615 vesti-

1956 5630 2203 5743 burtuxta
2240 5698 2428 5740 textum
2451 5688 2592 5741 Savil.
2612 5688 2876 5749 legendum
2900 5696 3035 5739 esset
3059 5700 3168 5737 cum
3188 5686 3399 5749 Georgio
3426 5689 3539 5735 Tra-

1960 5757 2182 5817 pezuntio
2224 5754 2516 5816 interprete,
2540 5749 2865 5816 stipulationes
2900 5763 3085 5815 quoque
3122 5749 3403 5812 nuptiarum
3443 5761 3541 5798 ma-

1946 5820 2061 5885 jore
2092 5817 2271 5868 astutia
2287 5822 2585 5878 componunt.

3170 5895 3242 5955 Ib
