4130 6374
592 371 695 430 679

581 503 673 545 tus
703 498 812 542 tuos
838 480 1202 552 coerce(Eccli.
1225 479 1311 533 18.
1330 477 1443 544 50).
1460 476 1524 530 Et
1546 475 1610 529 de
1629 471 1904 527 meretrice
1926 481 2157 533 rursum,

589 592 774 638 contra
791 593 946 650 quam
971 560 1023 629 in
1045 571 1322 644 proverbio
1343 568 1511 623 fertur
1534 585 1546 621 :
1579 565 1658 619 Ne
1677 562 1903 618 attendas
1924 557 2163 629 improba-

594 671 800 725 mulieri
817 684 836 734 ;
851 667 949 721 mel
967 665 1097 720 enim
1117 661 1305 718 stillate
1327 660 1471 714 labiis
1494 657 1715 711 mulieris
1737 652 2029 716 meretricis,
2051 663 2162 718 qua:

594 763 661 816 ad
687 775 879 831 tempus
905 768 1080 828 guttur
1102 765 1242 808 tuum
1266 752 1545 822 impinguat
1571 763 1587 801 :
1617 754 1784 817 postea
1813 759 1925 797 vero
1943 741 2162 795 amarius

594 855 711 925 felle
749 852 967 906 invenies
996 859 1044 904 et
1081 849 1276 902 acutius
1301 846 1468 916 gladio
1488 841 1694 909 ancipiti
1738 838 1913 910 (Prov.
1940 838 1992 890 5.
2020 835 2159 903 9-4).

591 946 720 1000 Hmc
741 945 915 1013 itaque
936 941 1228 1003 audiamus,
1260 953 1363 991 non
1386 935 1493 989 illa.
1528 933 1657 986 Nam
1687 930 1808 984 inde
1839 926 2120 980 illiberales
2145 966 2160 990 ,

591 1037 715 1092 inde
745 1036 963 1091 serviles
1005 1032 1350 1102 cogitationes
1368 1027 1641 1088 oriuntur;
1688 1020 1811 1076 inde
1842 1019 2082 1074 homines
2109 1016 2163 1070 in

591 1131 744 1184 bruta
795 1125 1044 1182 animalia
1080 1127 1473 1178 commutantur
1508 1159 1523 1183 ,
1582 1114 1704 1185 quia
1753 1113 1947 1181 ubique
1973 1109 2162 1178 volup-

593 1231 757 1277 tatem
786 1221 934 1290 sequi
963 1215 1252 1273 secundum
1273 1214 1373 1267 hoc
1397 1207 1735 1282 proverbium
1773 1204 1958 1259 volunt
1982 1243 1996 1268 ,
2023 1200 2166 1271 quod

594 1329 689 1382 per
717 1327 775 1367 se
799 1313 870 1366 ita
915 1307 1191 1364 ridiculum
1217 1312 1323 1371 est,
1354 1312 1410 1357 ut
1436 1301 1502 1356 ad
1527 1300 1578 1356 id
1617 1296 1944 1369 probandum
1988 1294 2162 1348 verbis

1310 363 1367 418 S.
1407 357 1678 417 JOANNIS
1713 353 2176 414 CIIRYSOSTOMI
2217 353 2530 408 ARCHIEP.
2573 352 3098 411 CONSTANTINOP.

3734 371 3838 430 680

2275 479 2378 518 non
2433 466 2502 519 sit
2550 480 2703 534 opus.
2745 465 2876 520 Nam
2933 477 3209 537 postquam
3258 471 3499 529 suffocati
3527 491 3687 546 sunt,
3717 499 3838 553 quae

2273 569 2337 608 ex
2385 555 2652 624 voluptate
2686 557 2923 610 utilitas?
2967 557 3150 613 Finem
3177 575 3303 631 ergo
3331 563 3485 620 facite
3528 571 3656 623 tanti
3698 574 3837 630 risus

2268 644 3158 720 parandi,acgehennamignemque
3173 653 3644 727 inexstinguibilem
3659 678 3838 720 accen-

2267 734 2423 788 dendi
2449 752 2463 800 ;
2496 751 2557 790 ac
2585 737 2665 790 vel
2693 752 2812 792 sero
2834 739 3042 794 tandem
3073 741 3138 794 ad
3161 741 3331 798 futura
3359 755 3415 800 ut
3436 761 3642 818 oportet
3668 757 3840 824 respi-

2267 827 2489 889 ciamus,
2521 826 2727 881 detersa
2755 829 2955 884 scilicet
2977 831 3247 888 oculorum
3275 835 3586 907 lippitudine
3609 844 3624 874 ‘
3653 860 3669 899 :
3704 855 3760 900 ut
3785 859 3838 902 et

2270 916 2405 970 hanc
2453 919 2612 970 vitam
2655 930 2842 974 ornate
2869 962 2883 986 ,
2912 936 3035 975 cum
3064 924 3225 978 mu!ta
3280 928 3536 984 modestia
3564 943 3616 987 et
3644 937 3842 1003 pietate

2271 1017 2615 1072 transeamus,
2662 1019 2716 1064 et
2766 1010 2940 1066 futura
2969 1026 3354 1084 consequamur
3378 1019 3510 1074 bona
3531 1065 3546 1089 ,
3591 1029 3754 1094 gratia
3784 1041 3839 1084 et

2271 1099 2630 1155 misericordia
2660 1103 2864 1158 Domini
2892 1107 3058 1160 nostri
3084 1106 3206 1162 Jesu
3231 1109 3448 1181 Christi,
3482 1118 3563 1170 cui
3591 1119 3757 1188 gloria
3785 1124 3836 1176 in

2269 1191 2459 1245 saecula
2487 1192 2818 1248 saeculorum.
2851 1196 3042 1252 Amen.

2334 1305 2352 1336 ι
2373 1312 2496 1365 Hrec,
2517 1306 2705 1357 detersa
2717 1306 2802 1358 illa
2815 1308 3059 1358 oculorum
3075 1308 3377 1376 lippitudine,
3402 1317 3579 1371 desunt
3603 1325 3650 1371 in
3672 1327 3838 1376 Morel.

1892 1423 3415 1450 _________________—__

1673 1502 2010 1566 HOMILIA
2054 1502 2340 1562 LXXIV.
2390 1502 2473 1562 al.
2520 1504 2772 1565 LXXV.

596 1675 723 1729 Car.
771 1673 862 1726 ‘25.
893 1686 948 1725 v.
1001 1667 1097 1722 ‘29.
1139 1664 1223 1719 Va:
1252 1663 1385 1716 vobis
1411 1703 1425 1726 ,
1460 1657 1634 1713 scribte
1683 1664 1730 1711 et
1772 1648 2020 1704 Pharisari
2065 1649 2160 1718 Ity-

671 1767 914 1838 pocritw,
971 1762 1056 1832 qui
1110 1755 1372 1827 tediﬁcatis
1416 1752 1647 1822 sepulcra
1694 1745 2084 1818 praphetarum,
2119 1748 2165 1794 et

671 1832 862 1912 ornatis
892 1859 1208 1905 monumenta
1248 1861 1439 1909 eorum,
1472 1841 1560 1896 50.
1593 1848 1638 1893 et
1667 1836 1829 1891 dicitis
1850 1852 1868 1889 :
1893 1833 1954 1888 Si
1980 1832 2161 1903 fuisse-

670 1966 783 2003 mus
843 1948 896 2001 in
949 1944 1120 1998 diebus
1167 1949 1366 2011 patrum
1420 1943 1742 1993 nostrorum,
1771 1943 1871 1981 non
1900 1925 2168 1996 fuissemus

671 2039 796 2094 socii
833 2051 1004 2091 eorum
1033 2034 1084 2086 in
1101 2029 1345 2100 sanguine
1365 2023 1741 2094 prophetarum.

668 2134 720 2186 1.
754 2128 874 2183 Νοη
900 2124 1149 2195 improbos
1179 2119 1357 2173 habere
1385 2125 1550 2188 patres
1576 2120 1716 2166 nocet
1735 2152 1750 2177 ,
1782 2109 1868 2163 sed
1896 2107 2018 2177 ipsis
2048 2120 2164 2174 per-

594 2238 736 2278 versa
760 2193 1013 2274 voluntate
1035 2211 1330 2268 consentire.
1357 2237 1430 2248 ——
1464 2205 1553 2260 Va:
1576 2204 1725 2266 dicit,
1759 2215 1864 2256 non
1891 2198 2013 2267 quia
2035 2193 2165 2249 tedi-

597 2320 787 2380 ticant,
809 2328 911 2370 nec
946 2312 1069 2382 quia
1110 2316 1286 2380 patres
1320 2317 1446 2359 suos
1482 2305 1765 2362 accusant,
1807 2293 1901 2349 sed
1942 2290 2062 2361 quia
2091 2289 2168 2343 sic

597 2411 849 2467 facientes
868 2449 883 2474 ,
914 2403 1126 2477 quando
1155 2400 1310 2456 dictis
1337 2398 1448 2453 suis
1472 2409 1531 2449 se
1559 2400 1736 2462 patres
1765 2401 1890 2442 suos
1918 2395 2169 2438 accusare

597 2503 876 2566 simulant,
932 2475 1111 2569 pejora
1161 2498 1486 2564 perpetrant.
1536 2483 1688 2553 Quod
1735 2480 1876 2534 enim
1927 2475 2169 2530 simulate

600 2605 804 2651 tantum
833 2601 1011 2661 patres
1041 2584 1436 2656 improbarent,
1472 2579 1642 2632 Lucas
1666 2574 1856 2635 docet,
1886 2569 2015 2636 Quia
2042 2580 2170 2618 eon-

599 2657 980 2753 sentitis,‘quia
1009 2677 1303 2734 aedificatis.
1342 2673 1431 2727 Va:
1456 2671 1614 2735 vobis,
1641 2667 1828 2737 inquit,
1859 2663 1976 2734 quia
2003 2657 2168 2725 (ediﬁ-

600 2781 724 2834 catis
753 2783 1075 2830 monumenta
1103 2767 1459 2840 praphetarum
1483 2779 1501 2827 ,'
1532 2770 1698 2831 patres
1723 2766 1887 2810 autem
1911 2750 2056 2805 vestri
2083 2764 2170 2802 occ

601 2871 828 2925 ciderunt
865 2883 965 2921 eos.
999 2863 1136 2934 Ergo
1163 2857 1411 2916 testamini
1438 2864 1484 2909 et
1513 2850 1798 2907 consentitis
1823 2845 2053 2918 operibus
2081 2857 2174 2910 pa-

603 2973 736 3016 trum
762 2968 1063 3018 vestrorum,
1097 2953 1216 3022 quia
1240 2950 1322 3004 illi
1350 2946 1635 3002 occiderunt
1656 2957 1737 2995 eos
1760 2957 1777 3005 ;
1802 2954 1886 2991 vos
1915 2944 2078 2989 autem
2102 2946 2173 2985 te-

604 3053 820 3124 diﬁcatis
845 3050 1073 3121 sepulcra
1098 3059 1269 3099 eorum
1301 3040 1466 3113 (Luc.
1499 3037 1586 3090 H.
1618 3035 1704 3089 47.
1734 3030 1856 3100 48).
1883 3027 1978 3081 llic
1997 3033 2171 3078 autem

605 3153 836 3201 mentem
868 3154 1048 3196 eorum
1089 3137 1339 3199 damnat,
1371 3145 1473 3200 qua
1502 3124 1872 3184 aedificabant;
1904 3118 2026 3187 quia
2066 3129 2172 3168 non

605 3239 657 3293 in
685 3236 979 3292 occisorum
1007 3230 1267 3284 honorem
1290 3265 1304 3290 ,
1337 3221 1430 3278 sed
1461 3217 1613 3289 quasi
1639 3213 1810 3271 caedes
1839 3223 1957 3264 cum
1986 3218 2175 3276 pompa

606 3328 917 3389 efferentes,
947 3331 1001 3377 et
1029 3321 1274 3375 timentes
1294 3356 1308 3379 ,
1343 3329 1410 3368 ne
1440 3321 1735 3379 temporum
1771 3301 1958 3371 injuria
1990 3296 2177 3352 dirutis

607 3419 866 3490 sepulcris
887 3457 900 3482 ,
928 3413 1058 3468 tanti
1088 3424 1248 3465 ausus
1275 3402 1530 3461 memoria
1571 3409 1624 3456 et
1652 3399 2053 3453 monumentum
2092 3388 2174 3440 in—

609 3479 792 3569 teriret
816 3529 829 3565 :
860 3479 936 3564 sic
957 3505 1195 3576 sepulcra
1222 3495 1622 3556 construebant,
1651 3485 1924 3560 splendida
1953 3479 2173 3536 aedificia

607 3605 759 3677 quasi
803 3612 1059 3672 tropaaum
1091 3597 1355 3666 erigentes
1375 3632 1389 3657 ,
1421 3604 1483 3644 ac
1524 3587 1590 3642 de
1617 3585 1828 3639 illorum
1856 3573 2177 3632 facinoribus

610 3664 920 3769 gloriantes.
951 3693 1081 3747 Nam
1113 3664 1230 3759 qua:
1257 3697 1397 3740 nunc
1420 3679 1646 3744 audetis,
1679 3673 1867 3743 inquit,
1897 3664 2181 3724 ostendunt

607 3806 704 3846 vos
729 3790 844 3844 haec
868 3788 958 3842 illo
985 3785 1162 3839 animo
1190 3780 1381 3835 facere.
1408 3775 1556 3831 Licet
1583 3771 1724 3826 enim
1751 3762 2010 3822 contraria
2038 3759 2184 3813 dica-

610 3883 695 3948 tis,
726 3880 873 3950 quasi
905 3877 1223 3932 damnantes
1253 3871 1392 3934 illos,
1420 3865 1554 3933 Quia
1579 3876 1684 3916 non
1715 3857 1996 3913 fuissemus
2021 3851 2074 3905 in
2100 3848 2182 3903 his

611 3975 743 4031 socii
774 3973 983 4027 illorum
1005 4009 1019 4033 ,
1051 3967 1094 4021 si
1124 3966 1176 4019 in
1221 3962 1326 4017 illis
1353 3958 1540 4014 diebus
1567 3953 1887 4008 vixissemus
1915 3964 1927 4000 :
1958 3941 2053 3999 sed
2081 3953 2182 4011 qua

614 4074 793 4124 mente
813 4065 864 4119 id
896 4060 1081 4116 dicatis
1110 4064 1311 4113 certum
1340 4061 1440 4107 est.
1468 4049 1802 4117 Quapropter
1827 4040 1970 4095 illam
2002 4033 2182 4090 decla-

614 4175 759 4221 rans,
779 4153 1106 4225 amigmatice
1123 4149 1200 4205 sic
1219 4149 1468 4216 loquutus
1490 4149 1590 4196 est.
1613 4138 1742 4193 Cum
1765 4132 1984 4188 dixisset
2003 4125 2142 4182 enim
2167 4140 2180 4177 :

615 4244 798 4305 Dicitis
819 4289 833 4314 ,
862 4248 904 4300 si
929 4245 1196 4316 fuissemus
1225 4241 1278 4292 in
1305 4237 1476 4290 diebus
1505 4241 1702 4301 patrum
1731 4234 2016 4280 nostrorum
2038 4260 2052 4284 ,
2083 4233 2184 4271 non

617 4342 882 4413 fuissemus
919 4335 1040 4390 socii
1076 4347 1248 4386 eorum
1273 4331 1327 4382 in
1355 4324 1596 4396 sanguine
1622 4318 2015 4390 prophetarum;
2063 4308 2188 4364 sub-

614 4399 790 4506 junxit
812 4448 826 4486 :
852 4431 941 4484 5L
976 4426 1154 4496 Itaque
1194 4419 1471 4476 testimonio
1497 4414 1613 4469 estis
1641 4407 2022 4474 vobismetipsis,
2053 4399 2187 4473 quod

620 4491 712 4596 filii
741 4522 848 4578 sitis
873 4534 1047 4574 eorum
1073 4491 1162 4583 qui
1206 4511 1472 4582 prophetas
1499 4504 1807 4559 occiderunt.
1836 4493 2052 4565 Ecquod
2077 4491 2186 4546 cri-

618 4584 740 4670 men
767 4619 850 4667 est
875 4609 1036 4664 filium
1063 4620 1182 4660 esse
1209 4598 1516 4658 homicidae,
1547 4594 1592 4648 si
1621 4605 1726 4645 non
1757 4600 1978 4643 consors
2001 4584 2069 4637 sit
2092 4596 2187 4650 pa-

619 4719 786 4763 ternae
816 4697 1132 4757 voluntatis?
1157 4694 1388 4749 Nullum.
1412 4687 1564 4744 Unde
1585 4681 1924 4737 manifestum
1943 4686 2042 4738 est,
2071 4673 2189 4728 ideo

619 4799 672 4854 id
697 4797 826 4867 ipsis
854 4791 1158 4864 protulisse,
1186 4798 1241 4839 ut
1267 4797 1452 4838 eorum
1477 4792 1598 4833 cum
1627 4773 1861 4844 patribus
1886 4771 1995 4824 suis
2022 4768 2071 4820 in
2096 4780 2190 4819 ne-

620 4854 784 4962 quiiia
806 4854 1144 4942 concordiam
1172 4875 1514 4947 significaret.
1542 4869 1608 4922 Et
1629 4867 1730 4920 hoc
1751 4863 1947 4919 indicat
1975 4859 2027 4913 id
2050 4854 2191 4927 quod

615 4949 859 5052 slequitur
888 4993 904 5044 ;
955 4971 1225 5043 subiunxit
1263 4967 1403 5022 enim
1433 4982 1446 5018 :
1497 4962 1586 5018 52.
1620 4958 1910 5028 Serpentes,
1942 4949 2193 5022 genimina

620 5043 932 5147 viperarum.
974 5067 1122 5121 Sicut
1168 5060 1310 5117 enim
1352 5058 1547 5127 vipera:
1574 5049 1877 5122 parentibus
1902 5043 2192 5100 secundum

618 5138 811 5222 veneni
838 5158 1123 5230 perniciem
1149 5154 1349 5209 similes
1371 5159 1518 5212 sunt,
1549 5148 1626 5201 sic
1645 5152 1699 5200 et
1720 5156 1815 5198 vos
1839 5138 2074 5210 patribus
2102 5151 2190 5189 se-

621 5256 853 5318 cundum
883 5249 1278 5321 sanguinarium
1300 5245 1554 5299 animum.
1586 5236 1786 5294 Deinde
1812 5235 1932 5304 quia
1963 5239 2195 5286 mentem

627 5360 818 5405 eorum
843 5320 1027 5397 multis
1051 5336 1317 5392 occultam
1347 5340 1621 5388 scrutatus
1644 5335 1746 5390 est,
1777 5340 1808 5378 a
1831 5321 2031 5377 futuris
2053 5320 2206 5389 ipso-

631 5456 754 5498 rum
775 5433 1128 5497 facinoribus,
1145 5443 1265 5500 quaa
1287 5423 1560 5482 universis
1579 5419 1861 5490 patebunt,
1881 5414 2024 5468 dicta
2051 5426 2205 5467 com-

634 5525 990 5605 probat.Quia
1006 5523 1150 5578 enim
1163 5521 1274 5591 jam
1291 5519 1447 5584 dixit,
1470 5515 1657 5584 Itaque
1673 5505 2030 5576 testificatnini
2049 5503 2209 5558 vobis-

639 5598 1027 5692 inetipsis,quia
1043 5616 1145 5684 ﬁlii
1162 5615 1284 5668 estis
1299 5626 1479 5666 eorum
1490 5608 1578 5678 qui
1590 5605 1870 5677 prophetas
1884 5598 2210 5658 occiderunt,

640 5717 746 5771 hoc
761 5711 1075 5785 significans
1092 5721 1150 5763 se
1162 5706 1229 5762 de
1246 5703 1571 5774 cognatione
1585 5695 1885 5754 secundum
1904 5690 2198 5761 nequitiam

641 5783 1186 5880 loqui,simulathue
1203 5798 1408 5858 dixisse
1423 5811 1538 5863 eos,
1557 5791 1676 5849 Non
1694 5791 1972 5863 fuissemus
1994 5783 2209 5839 illorum

2264 1648 2421 1712 socii;
2452 1646 2857 1716 subjunxit:52.
2881 1645 2948 1700 Et
2964 1661 3052 1700 vos
3074 1647 3284 1715 implete
3308 1663 3603 1700 mensuram
3627 1660 3834 1716 patrum

2264 1751 2548 1797 vestrorum
2569 1757 2586 1793 :
2606 1756 2710 1794 non
2729 1741 3019 1810 imperans,
3035 1741 3127 1793 sed
3149 1740 3292 1808 quod
3311 1739 3552 1794 futurum
3571 1751 3684 1795 erat
3701 1755 3836 1809 pra:-

2273 1832 2542 1895 nuntians,
2571 1834 2769 1889 caulem
2803 1836 3048 1893 videlicet
3073 1856 3245 1894 suam.
3279 1841 3504 1912 Ideoque
3533 1845 3636 1899 hoc
3665 1846 3838 1914 prola-

2272 1933 2326 1980 to
2371 1935 2715 1996 argumento,
2764 1943 2884 1983 cum
2925 1931 3244 1986 ostendisset
3289 1935 3533 2002 figmenta
3577 1937 3658 1989 illa
3697 1951 3832 2000 esse,

2274 2032 2390 2087 qua:
2416 2017 2481 2072 ad
2508 2019 2587 2072 sui
2616 2017 2976 2074 defensionem
2997 2020 3261 2088 dicebant,
3290 2022 3407 2076 Non
3435 2027 3696 2094 fuissemus
3719 2025 3838 2078 illo-

2270 2125 2385 2161 rum
2412 2110 2564 2172 socii,
2597 2108 2616 2181 (
2651 2124 2770 2164 nam
2799 2111 2886 2180 qui
2917 2111 3139 2166 Domino
3169 2129 3272 2166 non
3303 2124 3676 2182 pepercerunt,
3710 2131 3839 2184 quo-

2274 2202 2432 2257 modo
2452 2204 2622 2257 servis
2647 2206 3002 2274 pepercissent
3031 2207 3072 2276 ?)
3110 2207 3313 2262 acriore
3339 2216 3519 2278 postea
3542 2209 3701 2262 utitur
3721 2223 3841 2261 ora-

2276 2296 2452 2361 tione,
2493 2305 2767 2365 serpentes
2797 2311 2990 2352 vocans
3017 2306 3069 2352 et
3110 2299 3376 2367 genimina
3420 2298 3717 2368 viperarum
3740 2338 3756 2362 ,
3787 2309 3840 2353 et

2273 2387 2487 2443 dicens:
2515 2387 2775 2454 Quomodo
2798 2391 2997 2461 fugietis
3018 2406 3048 2442 a
3063 2391 3265 2460 judicio
3289 2391 3545 2461 gehennw,
3573 2405 3691 2444 cum
3716 2391 3837 2444 talia

2275 2482 2535 2548 audeatis,
2564 2491 2617 2537 et
2645 2490 2764 2552 post
2793 2483 3012 2551 negetis,
3043 2493 3378 2551 mentemque
3405 2490 3633 2536 vestram
3661 2481 3840 2535 occul-

2278 2575 2436 2628 tetis?
2463 2575 2650 2628 Postea
2693 2573 2903 2628 aliunde
2945 2588 3036 2628 eos
3075 2589 3260 2643 magna
3280 2573 3331 2626 vi
3370 2587 3658 2642 coarguens
3679 2613 3693 2636 ,
3723 2573 3838 2624 ait:

2277 2668 2366 2722 5i.
2400 2667 2599 2720 Mittam
2624 2669 2691 2720 ad
2717 2683 2802 2721 vos
2851 2667 3119 2738 praphetas
3137 2708 3152 2734 ,
3179 2674 3225 2720 et
3260 2666 3525 2735 sapientes,
3552 2675 3598 2718 et
3617 2665 3803 2718 scribas
3823 2706 3839 2727 ,

2279 2768 2322 2811 et
2353 2773 2414 2812 ea:
2450 2759 2571 2827 ipsis
2592 2759 2918 2825 interﬁcietis,
2947 2766 2992 2811 et
3016 2757 3337 2827 cruciﬁgetis,
3370 2767 3416 2810 et
3445 2755 3760 2825 flagellabitis
3786 2755 3840 2807 in

2278 2851 2547 2921 sgnagogis
2569 2851 2759 2903 vestris.
2783 2847 2857 2903 Ne
2875 2848 3109 2902 dicerent
3129 2848 3292 2913 enim,
3316 2847 3537 2900 Etiamsi
3562 2845 3840 2900 Dominum

2278 2941 2694 2996 cruciﬁxerimus
2717 2980 2732 3006 ,
2763 2948 2816 2993 at
2844 2955 2874 2993 a
2918 2939 3087 2994 servis
3124 2939 3563 2993 abstinuissemus
3583 2977 3597 3000 .
3625 2938 3670 2989 si
3716 2946 3843 2989 tunc

2280 3033 2599 3086 fuissemus:
2633 3032 2770 3086 Ecce
2794 3073 2808 3096 ,
2841 3031 3042 3099 inquit,
3075 3042 3257 3084 servos
3285 3028 3437 3082 mitto
3466 3027 3633 3092 vobis,
3667 3026 3842 3094 ipsos-

2283 3141 2386 3195 que
2415 3125 2721 3195 prOphetas,
2751 3140 2919 3194 neque
2946 3124 3071 3193 ipsis
3091 3124 3334 3194 parcetis.
3367 3123 3488 3177 llaec
3515 3137 3671 3190 porro
3690 3120 3847 3185 dixit,

2283 3218 2567 3274 ostendens
2592 3218 2721 3271 nihil
2747 3232 2863 3272 esse
2889 3217 3076 3270 mirum
3099 3258 3114 3283 ,
3145 3217 3190 3270 si
3224 3215 3493 3270 occidatur
3519 3228 3548 3266 a
3578 3212 3698 3266 filiis
3727 3211 3849 3265 illo-

2284 3325 2430 3376 rum,
2457 3309 2544 3379 qui
2571 3319 2622 3363 et
2648 3307 2968 3378 sanguinarii
3006 3315 3157 3361 erant
3187 3313 3239 3360 et
3265 3304 3582 3361 fraudulenti
3605 3342 3619 3366 ,
3647 3302 3849 3357 dolosi-

2285 3419 2416 3473 que,
2449 3402 2534 3472 qui
2561 3409 2736 3470 patres
2761 3401 2962 3455 scelere
2990 3400 3282 3454 vincerent.
3313 3396 3389 3452 Ad
3418 3396 3531 3451 hinc
3557 3405 3732 3450 autem
3760 3409 3853 3448 os—

2287 3493 2454 3548 tendit
2482 3508 2574 3547 eos
2601 3490 2883 3546 admodum
2911 3504 3060 3544 vana:
3088 3489 3270 3559 gloriae
3298 3486 3519 3557 cupidos
3545 3499 3683 3541 esse.
3715 3483 3852 3539 Cum

2286 3585 2426 3639 enim
2452 3583 2651 3650 dicunt,
2677 3581 2738 3637 Si
2758 3581 3025 3651 fuissemus
3049 3580 3100 3632 in
3121 3579 3293 3632 diebus
3319 3587 3518 3648 patrum
3543 3586 3847 3638 nostrorum,

2287 3694 2386 3731 non
2415 3676 2680 3746 fuissemus
2722 3674 2988 3744 participes
3015 3688 3186 3726 eorum
3206 3712 3220 3734 ,
3254 3669 3306 3724 id
3348 3669 3531 3724 dicunt
3559 3677 3616 3721 ut
3659 3680 3850 3720 vanam

2287 3769 2504 3840 gloriam
2552 3776 2798 3836 captent;
2849 3764 3129 3833 verbisque
3180 3759 3650 3832 philosophantur,
3689 3771 3856 3827 opere

2289 3871 2466 3916 autem
2492 3857 2758 3914 contraria
2784 3855 3000 3910 faciunt.
3043 3853 3342 3923 Serpentes,
3375 3851 3625 3920 genimina
3651 3849 3855 3918 vipera-

2288 3967 2441 4016 rum;
2468 3949 2569 4004 hoc
2593 3958 2710 4015 est,
2737 3946 2854 4000 Mali
2883 3945 3139 3999 malorum
3179 3943 3271 3996 lilii
3295 3982 3310 4008 ,
3343 3949 3396 3996 et
3422 3938 3724 4009 parentibus
3753 3937 3857 3990 ini-

2289 4042 2521 4111 quiores.
2550 4037 2791 4094 Ostendit
2819 4037 3012 4106 quippe
3042 4035 3184 4104 ipsos
3209 4033 3408 4102 majora
3434 4031 3635 4085 scelera
3663 4043 3856 4098 perpe-

2293 4143 2494 4196 trasse,
2544 4139 2652 4184 tum
2696 4129 2836 4198 quod
2879 4135 3002 4197 post
3032 4127 3152 4180 illos
3182 4124 3235 4178 id
3275 4123 3390 4178 ausi
3424 4130 3572 4186 sunt,
3606 4129 3658 4175 et
3700 4120 3861 4189 longe

2291 4225 2530 4296 graviora
2560 4238 2715 4292 quam
2742 4221 2853 4287 illi,
2883 4219 2980 4274 etsi
3004 4219 3306 4288 jactitarent
3334 4230 3392 4270 se
3420 4227 3703 4283 numquam
3730 4211 3860 4266 talia

2293 4325 2688 4388 perpetraturos
2731 4313 2910 4368 fuisse.
2943 4312 3045 4383 Ipsi
3074 4325 3301 4381 namque
3329 4308 3489 4363 ﬁnem
3537 4307 3858 4375 imponunt,

2295 4410 2659 4477 malorumque
2685 4403 3013 4461 coronidem.
3040 4403 3144 4457 Alii
3169 4401 3311 4456 enim
3331 4412 3423 4454 eos
3443 4399 3533 4468 qui
3559 4396 3624 4451 ad
3648 4396 3862 4449 vineam

2294 4508 2550 4556 venerant
2573 4497 2911 4560 occiderunt;
2938 4495 2990 4548 hi
3016 4509 3142 4548 vero
3162 4493 3333 4561 ipsum
3356 4490 3542 4554 filium,
3573 4495 3626 4542 et
3652 4501 3744 4541 eos
3765 4487 3863 4554 qui

2295 4592 2360 4646 ad
2407 4591 2616 4661 nuptias
2646 4588 2960 4643 invitabant.
2992 4586 3116 4640 Haec
3145 4597 3302 4654 porro
3327 4581 3482 4646 dicit,
3510 4587 3568 4633 ut
3595 4593 3686 4632 eos
3710 4592 3740 4630 a
3767 4591 3865 4629 eoa

2297 4686 2546 4756 gnatione
2588 4681 2858 4737 Abraham
2885 4685 3210 4742 removeret,
3259 4671 3702 4740 ostenderetque,
3730 4667 3867 4723 nihil

2299 4779 2426 4848 ipsis
2474 4777 2596 4832 inde
2639 4775 2770 4830 lucri
2815 4781 3192 4844 proventurum
3235 4784 3383 4835 esse,
3416 4767 3513 4821 nisi
3562 4780 3720 4833 opera
3749 4761 3868 4829 ejus

2298 4873 2647 4926 imitarentur.
2677 4868 3011 4937 Quapropter
3039 4863 3338 4933 subiungit,
3375 4858 3637 4926 Quomodo
3668 4855 3871 4924 fugietis

2300 4981 2332 5017 a
2371 4964 2564 5035 judicio
2616 4961 2894 5032 gehennte,
2939 4972 3060 5013 cum
3107 4955 3226 5010 illos
3275 4949 3553 5008 imitemini
3592 4949 3680 5018 qui
3721 4946 3870 5016 paria

2300 5052 2706 5124 perpetrarunt?
2752 5051 2849 5105 llic
2873 5064 3002 5104 vero
3031 5047 3135 5102 illis
3171 5045 3392 5101 Joannis
3437 5039 3868 5096 criminationem

2303 5145 2355 5199 in
2387 5145 2696 5200 memoriam
2738 5141 3040 5197 revocavit:
3077 5153 3195 5193 nam
3221 5145 3276 5192 et
3304 5137 3424 5191 illos
3453 5135 3530 5189 sic
3559 5129 3868 5203 appellavit,

2302 5237 2626 5307 etjudicium
2653 5235 2884 5290 futurum
2909 5230 3364 5289 commemoravit.
3391 5225 3594 5282 Deinde
3615 5223 3736 5293 quia
3759 5237 3869 5275 non

2305 5329 2420 5383 illos
2462 5327 2730 5382 terrebant
2765 5324 3022 5395 judicium
3067 5333 3226 5392 atque
3273 5319 3550 5390 gehenna,
3585 5323 3694 5369 tum
3724 5310 3868 5382 quod

2306 5435 2412 5475 non
2439 5419 2752 5484 crederent,
2784 5429 2896 5470 tum
2922 5414 3062 5485 quod
3090 5415 3142 5467 in
3173 5413 3401 5466 futurum
3431 5422 3517 5463 res
3547 5407 3870 5467 mitteretur,

2305 5528 2334 5565 a
2364 5510 2713 5581 praesentibus
2762 5509 2880 5562 illos
2917 5505 3158 5574 reprimit
3184 5512 3236 5556 et
3271 5500 3397 5555 dicit
3427 5517 3439 5553 :
3483 5497 3611 5550 Ideo
3640 5509 3754 5547 ecce
3781 5505 3874 5559 ego

2306 5603 2447 5655 mitto
2475 5602 2542 5654 ad
2571 5617 2654 5654 vos
2681 5599 2950 5671 prOpltetas
2971 5639 2986 5663 ,
3021 5606 3066 5650 et
3094 5595 3343 5664 sapientes
3362 5631 3377 5656 ,
3408 5599 3455 5644 et
3486 5587 3703 5646 scribas,
3737 5593 3784 5637 et
3817 5597 3881 5634 ex

2305 5695 2408 5750 illis
2434 5693 2666 5749 occidetis
2687 5736 2700 5759 ,
2731 5703 2776 5746 et
2803 5690 3118 5760 cruciﬁgetis,
3145 5697 3189 5741 et
3214 5683 3574 5757 flagellabitis;
3604 5680 3690 5735 55.
3723 5687 3774 5729 ut
3797 5693 3883 5729 re—

2311 5787 2418 5841 niat
2441 5801 2592 5852 super
2617 5800 2701 5839 vos
2726 5783 2888 5838 omnis
2917 5781 3119 5852 sanguis
3143 5780 3311 5850 just-us
3330 5817 3347 5846 ,
3372 5775 3457 5844 qui
3482 5771 3672 5840 effusus
3695 5779 3764 5824 est
3794 5784 3875 5822 δυο
