4130 6374
326 356 429 415 681

343 488 432 541 per
456 481 661 534 terram,
693 482 725 519 a
748 462 991 535 sanguine
1021 460 1141 515 Abel
1159 459 1313 531 justi,
1342 474 1498 529 usque
1518 457 1587 510 ad
1612 456 1909 527 sanguinem

336 560 603 617 Zacharia'
629 557 725 626 ﬁlii
749 553 1036 619 Barac/tiae,
1062 567 1207 622 quem
1234 549 1488 603 occidistis
1510 548 1641 601 inter
1668 546 1910 616 templum

337 661 383 708 et
408 652 590 705 altare.
619 646 710 703 56.
736 645 897 700 Amen
924 642 1039 697 dico
1066 641 1203 696 vobis
1227 681 1245 709 ,
1272 640 1468 695 uenient
1497 639 1603 693 Ittec
1632 638 1801 691 omnia
1827 651 1913 688 su-

339 761 427 813 per
448 740 816 814 generationem
844 738 997 791 hanc.

407 834 465 891 2.
513 832 644 888 Vide
667 847 732 887 ex
761 838 891 900 quot
934 824 1259 897 argumentis
1302 837 1417 878 rem
1453 820 1558 875 illis
1582 829 1781 875 certam
1807 826 1913 872 sta-

338 926 556 984 tuebat?
599 925 758 992 Dixit,
786 923 974 978 Patres
1015 928 1227 975 vestros
1268 915 1532 971 damnatis
1561 928 1682 968 cum
1713 910 1910 977 dicitis,

335 1020 453 1077 Non
489 1016 1033 1073 communicassemus
1057 1025 1179 1066 cum
1210 1008 1356 1071 illis;
1410 1021 1509 1061 nec
1557 994 1741 1075 parum
1787 1000 1912 1056 illud

335 1117 533 1166 eratut
559 1107 681 1163 illos
716 1104 916 1176 pudore
940 1101 1194 1157 afﬁceret.
1232 1098 1390 1161 Dixit,
1420 1096 1555 1150 Dum
1606 1094 1723 1148 illos
1764 1091 1912 1146 dam-

336 1202 495 1266 natis,
528 1202 709 1270 pejora
739 1196 950 1261 facitis;
994 1193 1046 1249 id
1071 1191 1211 1263 quod
1239 1189 1487 1244 ruborem
1533 1180 1659 1257 ipsis
1697 1184 1914 1254 injicere

335 1294 583 1351 debebat.
618 1290 775 1355 Dixit,
807 1286 923 1342 Non
961 1285 1183 1354 impune
1210 1281 1326 1335 hmc
1351 1286 1528 1343 erunt,
1560 1286 1613 1331 et
1650 1276 1732 1329 his
1760 1275 1914 1328 timo-

339 1403 452 1445 rem
504 1384 610 1440 illis
664 1382 931 1451 ingentem
983 1374 1170 1431 incutit
1202 1392 1216 1429 :
1246 1372 1544 1443 gehennam
1592 1367 1732 1422 enim
1786 1364 1915 1434 ipsis

338 1473 797 1534 commemoravit.
817 1467 1020 1525 Deinde
1038 1464 1161 1537 quia
1182 1464 1426 1534 gehenna
1455 1460 1624 1513 futura
1648 1472 1751 1511 non
1782 1470 1914 1527 prm-

339 1586 462 1626 sens
488 1575 623 1635 erat,
652 1563 789 1621 mala
816 1563 944 1634 ipsis
985 1556 1265 1630 prtesentia
1297 1553 1631 1626 significavit,
1661 1567 1779 1605 cum
1809 1550 1912 1605 ait:

350 1661 554 1716 Venient
580 1660 686 1713 lucc
715 1656 886 1711 omnia
914 1669 1065 1722 super
1093 1648 1467 1721 generationem
1502 1645 1670 1698 istam.
1702 1640 1918 1696 Addidit

341 1762 518 1809 autem
549 1746 796 1819 supplicii
831 1743 1223 1799 vehementiam
1269 1740 1561 1809 ingentem,
1592 1733 1774 1789 dicens
1799 1731 1917 1786 illos

341 1843 579 1897 omnium
609 1837 917 1909 gravissima
947 1847 1070 1890 esse
1094 1842 1384 1903 passuros;
1432 1842 1498 1882 ex
1540 1823 1693 1879 nullo
1735 1831 1915 1878 tamen

341 1935 527 1989 horum
554 1932 912 2000 resipuerunt.
934 1926 989 1982 Si
1012 1924 1130 1997 quis
1159 1938 1287 1978 vero
1315 1920 1528 1985 dixerit,
1547 1917 1657 1974 Cur
1680 1917 1915 1971 omnium

340 2025 650 2096 gravissima
697 2020 839 2093 passi
884 2016 1049 2074 sunt?
1092 2012 1458 2085 responderim
1501 2024 1621 2081 ego,
1647 2008 1769 2079 quia
1797 2023 1916 2063 om-

343 2118 492 2172 nium
517 2114 829 2185 gravissima
850 2111 1050 2166 scelera
1079 2112 1471 2178 perpetrarunt,
1489 2118 1555 2158 ex
1576 2101 1718 2156 nullo
1743 2110 1916 2155 tamen

343 2210 532 2264 borum
576 2207 825 2263 meliores
860 2202 1032 2260 effecti
1062 2210 1204 2255 sunt.
1244 2200 1438 2255 Annon
1468 2195 1661 2251 audisti
1688 2192 1917 2249 Lamech

341 2302 630 2363 dicentem,
660 2297 744 2352 Ea:
771 2295 898 2353 Cain
946 2294 1253 2348 vindicatum
1282 2299 1353 2344 est
1384 2288 1585 2359 septies,
1614 2303 1677 2342 ea:
1700 2284 1921 2340 Lamech

341 2413 455 2452 vero
481 2393 762 2465 septuagies
790 2389 971 2460 septies
997 2386 1145 2461 (Gen.
1173 2386 1228 2441 4.
1254 2382 1382 2453 24)?
1414 2381 1469 2437 Id
1494 2389 1597 2446 est,
1625 2380 1774 2450 plura
1795 2393 1920 2448 sup-

343 2490 501 2562 plicia
532 2501 743 2571 mereqr
768 2499 868 2555 ego
892 2498 1049 2554 quam
1079 2480 1230 2535 Cain.
1267 2476 1484 2546 Quare?
1530 2474 1657 2530 Nam
1702 2473 1918 2528 fratrem

345 2600 451 2639 non
498 2568 729 2638 occidit}
760 2577 855 2635 sed
898 2576 1022 2647 quia
1070 2589 1175 2628 non
1221 2569 1466 2640 exemplo
1504 2568 1790 2636 castigatus
1817 2575 1917 2621 est.

346 2676 581 2745 ldipsum
609 2671 734 2726 alibi
763 2668 891 2725 dicit
921 2668 1098 2723 Deus:
1130 2662 1365 2719 Reddens
1413 2669 1623 2732 peccata.
1654 2666 1920 2728 parentum

346 2768 399 2820 in
432 2765 565 2834 ﬁlios
603 2764 657 2817 in
692 2760 890 2815 tertiam
919 2767 965 2813 et
992 2766 1226 2828 quartam
1254 2753 1622 2825 generationem
1647 2748 1710 2801 iis
1735 2747 1817 2819 qui
1844 2762 1923 2800 me

348 2858 466 2913 odio
506 2854 687 2910 habent
715 2851 909 2922 (Exod.
937 2850 1027 2905 20.
1055 2848 1154 2918 5);
1201 2862 1308 2902 non
1335 2842 1474 2915 quod
1521 2842 1681 2896 alieni
1722 2839 1923 2910 peccati

346 2950 467 3021 quis
494 2946 809 3018 supplicium
834 2944 966 3010 luat,
995 2940 1089 2998 sed
1115 2938 1255 3010 quod
1284 2938 1318 2992 ii
1343 2935 1453 3006 qui,
1480 2944 1599 3006 post
1624 2933 1758 2987 alios
1788 2931 1923 2986 mul-

350 3051 435 3096 tos
463 3040 517 3094 in
545 3045 758 3110 peccata
797 3035 973 3105 lapsos
1000 3042 1055 3088 et
1076 3031 1379 3101 castigatos,
1407 3042 1515 3083 non
1562 3026 1810 3081 meliores
1848 3023 1923 3076 ef-

350 3132 497 3197 fecti,
550 3129 737 3185 eadem
779 3142 898 3198 quas
941 3126 1015 3179 illi
1047 3129 1374 3193 perpetrant,
1406 3119 1592 3174 eadem
1642 3116 1754 3186 ipsa
1795 3130 1922 3184 sup-

355 3225 509 3295 plicia
530 3223 651 3293 jure
673 3222 840 3276 luant.
864 3217 995 3274 Vide
1010 3222 1187 3271 autem
1207 3211 1473 3284 quomodo
1497 3209 1713 3265 Abelem
1733 3219 1925 3277 oppor-

351 3326 479 3373 tune
506 3314 558 3368 in
588 3311 821 3367 medium
866 3306 1194 3379 produxerit,
1225 3302 1515 3359 ostendens
1558 3299 1694 3354 hanc
1719 3310 1926 3367 quoque

352 3421 536 3462 necem
567 3419 630 3459 ex
661 3400 853 3457 invidia
884 3396 1118 3470 prodire.
1149 3394 1286 3463 Quid
1313 3408 1441 3463 ergo
1465 3391 1645 3447 dicere
1677 3386 1926 3459 possitis?

352 3514 527 3553 annon
550 3495 696 3551 scitis
716 3491 842 3564 quid
869 3505 1055 3562 passus
1081 3487 1328 3544 sitCaiu?
1357 3502 1423 3540 an
1447 3492 1566 3555 post
1583 3480 1926 3538 commissum

354 3589 531 3643 scelus
558 3585 759 3657 quievit
782 3583 922 3638 Deus
938 3583 962 3636 ’ἔ
1002 3594 1177 3636 annon
1231 3588 1505 3636 extremas
1540 3579 1766 3652 expetiit
1810 3585 1927 3639 pa:-

356 3680 489 3734 nas‘l
518 3680 712 3733 Annon
739 3673 961 3730 audistis
987 3672 1111 3743 quid
1141 3669 1280 3741 passi
1305 3670 1409 3722 sint
1434 3674 1610 3737 patres
1630 3663 1814 3729 vestri,
1840 3661 1929 3731 qui

358 3769 644 3841 pr0phetas
668 3765 1017 3823 occiderunt?
1063 3778 1237 3818 annon
1266 3760 1409 3815 mille
1452 3756 1724 3841 suppliciis
1749 3753 1927 3810 traditi

355 3838 517 3912 sunt?
545 3853 653 3909 Cur
673 3868 801 3923 ergo
829 3866 937 3907 non
967 3849 1213 3905 meliores
1230 3844 1403 3901 effecti
1431 3842 1596 3897 estis?
1618 3838 1726 3896 Cur
1750 3849 1928 3893 autem

361 3958 568 4019 patrum
596 3955 899 4002 vestrorum
926 3942 1206 4013 supplicia,
1236 3948 1292 3995 et
1318 3937 1445 4010 quid
1469 3935 1610 4008 passi
1637 3934 1743 3990 sint
1768 3947 1927 3988 enar-

359 4042 516 4098 rem?
545 4051 598 4093 tu
643 4038 756 4108 ipse
780 4036 869 4107 qui
902 4044 1079 4107 patres
1106 4042 1223 4087 tuos
1253 4030 1596 4092 condemnas,
1626 4041 1722 4081 cur
1752 4024 1929 4095 pejora

363 4128 534 4186 facis?
585 4128 797 4183 Etenim
847 4141 942 4181 vos
993 4125 1092 4193 ipsi
1142 4122 1280 4176 hanc
1333 4118 1649 4174 sententiam
1696 4114 1928 4171 tulistis:

362 4221 531 4277 Malos
558 4220 690 4274 male
721 4218 892 4288 perdet
920 4215 1129 4287 (Matth.
1158 4213 1246 4268 21.
1273 4209 1387 4284 41).
1426 4209 1593 4277 Quam
1621 4221 1748 4276 ergo
1778 4205 1931 4273 dein-

362 4330 489 4384 ceps
531 4312 738 4369 veniam
790 4309 1071 4376 habebitis,
1107 4307 1197 4378 qui
1243 4315 1364 4376 post
1406 4304 1567 4359 talem
1615 4301 1934 4358 sententiam

366 4407 487 4461 talia
510 4403 750 4461 audetis?
781 4402 885 4459 Sed
902 4403 1018 4473 quis
1044 4408 1127 4456 est
1154 4399 1239 4454 hic
1261 4396 1578 4453 Zacharias?
1604 4395 1706 4451 Alii
1729 4404 1931 4465 patrem

364 4497 583 4553 Joannis
601 4510 721 4551 esse
737 4494 946 4560 dicunt;
976 4493 1062 4548 alii
1091 4491 1400 4565 prophetam
1419 4505 1434 4556 ;
1462 4489 1550 4543 alii
1574 4487 1733 4542 alium
1751 4501 1935 4556 quem-

366 4590 488 4646 dam
519 4587 844 4644 binominem
870 4586 1223 4649 sacerdotem,
1242 4599 1397 4656 quem
1422 4581 1588 4638 Jodae
1613 4588 1768 4635 vocat
1788 4579 1935 4635 Scri-

370 4690 519 4750 ptura
541 4678 639 4751 (a).
670 4677 752 4733 Tu
782 4692 908 4733 vero
950 4676 1083 4731 illud
1121 4673 1503 4737 animadverte,
1530 4671 1702 4727 scelus
1741 4670 1935 4740 duplex

368 4771 549 4826 fuisse.
600 4768 716 4824 Non
762 4768 904 4825 enim
950 4776 1161 4822 sanctos
1213 4764 1525 4821 occidebant
1577 4771 1802 4829 tantum,
1844 4760 1939 4815 sed

366 4864 524 4917 etiam
558 4862 609 4915 in
633 4860 768 4916 locis
806 4858 1025 4915 sanctis.
1056 4857 1181 4913 Hazc
1206 4866 1381 4911 autem
1409 4855 1594 4911 dicens
1620 4867 1723 4906 non
1767 4853 1939 4906 solum

366 4953 488 5009 illos
537 4953 803 5020 terrebat,
854 4948 965 5007 sed
1000 4950 1160 5006 etiam
1205 4949 1495 5019 discipulos
1546 4945 1939 5011 consolabatur,

368 5047 660 5104 ostendens
684 5047 858 5118 justos
883 5045 1013 5100 olim
1040 5042 1225 5099 eadem
1250 5057 1370 5097 esse
1396 5054 1600 5112 passos.
1632 5039 1738 5093 llos
1764 5045 1942 5091 autem

372 5142 607 5198 torrebat
632 5136 1056 5210 praeuuntiando,
1086 5144 1143 5192 ut
1180 5135 1258 5189 illi
1285 5150 1471 5204 pinnas
1495 5132 1773 5196 dederant,
1803 5130 1871 5182 ita
1892 5136 1946 5182 et

371 5237 517 5304 ipsos
542 5240 782 5289 extrema
810 5245 931 5285 esse
956 5242 1223 5299 passuros.
1270 5226 1395 5281 Ideo
1424 5224 1542 5279 illos
1566 5232 1621 5277 et
1662 5220 1946 5292 prophetas

372 5338 427 5382 et
452 5326 720 5398 sapientes
746 5334 801 5380 et
825 5322 1030 5378 scribas
1066 5328 1242 5386 vocat,
1270 5319 1452 5388 sicque
1479 5330 1691 5370 omnem
1719 5312 1822 5368 illis
1850 5325 1945 5367 ex-

373 5418 705 5474 cusationem
744 5414 935 5471 aufert.
978 5411 1095 5469 Non
1141 5409 1382 5483 potestis,
1414 5408 1605 5479 inquit,
1630 5407 1831 5471 dicere,
1863 5418 1948 5458 me

439 5595 512 5659 (a)
532 5604 632 5646 Non
654 5595 801 5646 Jodae
822 5596 930 5648 sive
946 5594 1158 5659 Joradam
1178 5600 1402 5659 vocatum
1419 5589 1572 5659 fuisse
1594 5589 1872 5659 zachariatn
1894 5585 1952 5635 il-

372 5651 476 5722 lum
494 5651 632 5709 'dicit
663 5660 933 5722 scriptura,
956 5659 987 5705 2
1024 5654 1175 5705 Paral.
1198 5654 1285 5711 24,
1320 5653 1381 5703 20
1405 5667 1417 5701 :
1443 5652 1529 5722 sed
1573 5653 1665 5722 ait‘
1683 5651 1952 5699 Zachariam

746 5713 1091 5780 fuisse,'contra
1114 5730 1256 5781 quam
1271 5722 1431 5765 narrat
1449 5713 1829 5778 Cbrysostomus,
1845 5722 1951 5762 me-

1233 345 1299 403 lN
1335 341 1741 401 MATTHEUM
1780 339 2007 398 HOMIL.
2049 342 2283 399 LXXIV.
2325 344 2395 399 al.
2435 344 2645 404 LXXV.

3491 329 3597 386 682

2014 456 2376 528 exggentibus
2424 456 2654 522 misisse,
2700 454 2925 525 ideoque
2972 470 3070 509 vos
3121 454 3354 509 offensos
3406 454 3598 510 fuisse:

2017 549 2111 604 sed
2157 564 2223 605 eo
2252 549 2464 604 adducti
2503 548 2634 604 estis
2669 547 2812 619 quod
2851 547 3131 604 homicida.
3160 548 3277 601 sitis
3302 556 3355 600 ct
3390 548 3605 618 sangui-

2018 656 2141 696 nem
2172 640 2386 696 sitiatis.
2421 639 2545 695 Ideo
2592 639 2852 709 praedixit,
2885 654 2946 695 se
2990 639 3280 693 missurum
3309 652 3429 693 esse
3473 653 3603 707 pro-

2019 730 2206 801 phetas
2233 740 2287 785 et
2313 731 2533 787 scribas.
2569 729 2679 785 Hac
2734 730 2801 785 de
2850 745 2912 785 re
2960 729 3281 785 accusabant
3328 728 3448 783 illos
3477 743 3603 798 pro-

2020 825 2193 894 pheta:
2234 838 2443 889 omnes,
2471 823 2731 889 dicentes,
2760 823 3075 895 Sanguinem
3113 823 3348 894 sanguini
3395 824 3604 876 miscent

2019 915 2173 989 (Osee
2224 918 2279 973 4.
2306 916 2389 988 2),
2418 926 2474 973 et
2502 919 2646 987 ipsos
2691 918 2834 973 viros
2883 917 3200 987 sanguinum
3248 931 3370 972 esse
3411 917 3602 971 testifi-

2020 1017 2224 1062 cantes.
2273 1008 2397 1064 ldeo
2427 1009 2737 1079 sanguinem
2806 1008 2915 1067 sibi
2980 1009 3146 1081 jussit
3202 1008 3385 1066 offerri
3438 1007 3599 1072 Deus,

2018 1097 2308 1154 ostendens
2337 1099 2381 1152 si
2405 1101 2456 1152 in
2485 1099 2653 1154 brutis
2675 1098 2745 1152 ita
2776 1098 3041 1169 pretiosus
3070 1097 3285 1166 sanguis
3310 1105 3411 1163 est,
3435 1097 3600 1151 multo

2019 1189 2187 1259 magis
2217 1190 2269 1242 in
2301 1189 2515 1244 homine
2542 1203 2681 1244 esse.
2714 1187 2838 1244 ideo
2872 1197 2927 1243 et
2953 1187 3079 1242 Noa:
3109 1187 3241 1242 dixit
3274 1209 3285 1242 :
3323 1186 3600 1242 l’indicabo

2023 1295 2221 1333 omnem
2264 1280 2560 1349 sanguinem
2586 1279 2801 1347 effusum
2842 1277 2992 1349 (Gen.
3026 1277 3079 1333 9.
3109 1278 3182 1349 6).
3218 1279 3602 1349 lnnumeraque

2021 1370 2123 1425 alia
2173 1370 2398 1425 inveniri
2438 1379 2681 1439 possunt,
2715 1370 2801 1423 ubi
2846 1369 2986 1424 Deus
3023 1378 3167 1423 vetat
3212 1385 3280 1423 ne
3322 1370 3596 1424 occidant:

2019 1462 2266 1532 quocirca
2294 1476 2364 1516 ne
2388 1460 2697 1516 suﬁ'ocatum
2736 1460 2934 1531 aliquid
2964 1459 3305 1514 comederent
3336 1460 3526 1514 vetuit.
3557 1461 3601 1514 0

2022 1553 2114 1608 Dei
2163 1553 2605 1620 misericordiam,
2638 1552 2731 1624 qui
2755 1552 2997 1623 quamvis
3037 1552 3200 1606 sciret
3243 1551 3294 1605 id
3334 1552 3438 1606 illis
3469 1551 3599 1606 nihil

2021 1643 2357 1715 profuturum
2401 1658 2549 1710 esse,
2581 1658 2675 1698 sua
2723 1652 2980 1714 prteslare
3032 1657 3138 1697 non
3182 1641 3376 1697 desiit!
3427 1641 3597 1709 Mitto,

2021 1736 2211 1805 inquit,
2244 1735 2369 1791 licet
2412 1735 2575 1789 sciam
2605 1734 2838 1788 occisum
2880 1734 2944 1787 iri
2988 1732 3128 1787 illos.
3158 1732 3339 1801 Itaque
3368 1731 3493 1786 hinc
3518 1740 3600 1785 tc-

2022 1844 2168 1883 merc
2212 1827 2354 1897 loqui
2399 1824 2933 1897 deprehendebantur
2974 1839 3095 1877 cum
3141 1822 3378 1877 dicereut
3421 1840 3435 1876 :
3484 1821 3601 1875 Non

2021 1920 2153 1975 socii
2175 1919 2455 1973 fuissemus
2477 1927 2702 1986 patrum.
2729 1915 2860 1969 Nam
2890 1926 2943 1970 et
2971 1914 3025 1967 hi
3054 1914 3339 1984 prophetas
3365 1914 3416 1966 in
3444 1927 3601 1984 syna-

2021 2015 2170 2084 gogis
2200 2013 2536 2077 occidebant,
2566 2025 2665 2065 nec
2709 2010 2884 2064 locum
2928 2007 3142 2064 reveriti
3179 2016 3322 2071 sunt,
3347 2021 3446 2061 nec
3484 2022 3602 2075 per-

2022 2122 2276 2162 sonarum
2321 2105 2630 2177 dignitatem
2680 2122 2693 2156 :
2751 2116 2926 2172 neque
2973 2100 3115 2156 enim
3169 2099 3314 2154 viros
3363 2114 3393 2153 e
3446 2099 3602 2167 vulgo

2022 2198 2355 2264 occidebant,
2388 2196 2482 2252 sed
2535 2194 2825 2265 prophetas
2863 2201 2917 2247 et
2960 2191 3249 2261 sapientes,
3296 2205 3363 2243 ne
3413 2204 3471 2243 se
3513 2204 3602 2243 re-

2026 2290 2434 2361 prehenderent.
2476 2288 2584 2343 Hos
2624 2285 2872 2356 intelligit
2912 2299 3033 2339 esse
3075 2283 3347 2352 apostolos
3386 2297 3603 2336 eorum-

2022 2398 2126 2452 que
2175 2393 2513 2435 successores
2550 2395 2564 2431 :
2614 2393 2737 2431 nam
2772 2375 2923 2431 multi
2954 2373 3357 2445 prophetabant.
3404 2371 3603 2426 Deinde

2026 2483 2081 2527 ut
2112 2483 2368 2528 terrorem
2398 2478 2636 2541 augeret,
2670 2469 2744 2523 ait
2775 2485 2789 2522 :
2841 2468 3001 2521 Amen
3030 2482 3173 2520 auten
3201 2466 3313 2519 dico
3340 2465 3497 2533 vobis,
3525 2481 3603 2519 ve-

2025 2566 2161 2619 nient
2209 2565 2315 2618 lucc
2343 2562 2512 2616 omnia
2535 2576 2684 2631 super
2709 2558 3081 2631 generationem
3110 2557 3241 2610 hanc
3262 2573 3280 2621 ;
3332 2555 3385 2611 id
3414 2566 3516 2620 est,
3543 2553 3604 2609 In

2025 2658 2198 2727 capita
2227 2663 2404 2710 vestra
2453 2653 2569 2707 hinc
2594 2652 2770 2707 omnia
2819 2660 3044 2715 vertam,
3077 2656 3132 2703 et
3159 2662 3404 2718 magnam
3449 2662 3602 2702 exer-

2025 2751 2158 2806 cebo
2179 2748 2485 2803 vindictam.
2515 2745 2647 2801 Nam
2674 2745 2765 2815 qui
2794 2744 2990 2799 multos
3018 2750 3301 2812 peccantes
3327 2738 3475 2804 vidit,
3506 2754 3605 2793 nec

2025 2856 2319 2898 conversus
2344 2849 2447 2907 est,
2478 2837 2572 2893 sed
2599 2836 2787 2894 eadem
2831 2835 2944 2905 ipsa
2973 2841 3188 2904 peccata
3223 2831 3474 2896 admittit,
3504 2846 3602 2886 nec

2026 2931 2215 2987 eadem
2260 2931 2372 3000 ipsa
2429 2927 2610 2995 modo,
2640 2925 2735 2982 sed
2779 2925 2941 2980 etiam
2986 2924 3145 2993 longe
3184 2922 3449 2993 graviora,
3480 2936 3603 2991 gra-

2027 3023 2204 3077 viores
2224 3036 2379 3091 quam
2422 3019 2498 3075 illi
2541 3032 2727 3088 poenas
2760 3015 2942 3071 subire
2967 3022 3221 3069 meretur.
3246 3011 3605 3080 Quemadmo-

2027 3118 2154 3172 dum
2182 3114 2347 3179 enim,
2377 3111 2423 3167 si
2463 3110 2741 3174 voluisset,
2768 3119 2959 3178 magna
3004 3119 3070 3160 ex
3097 3103 3322 3159 aliorum
3364 3102 3608 3171 exemplo

2028 3210 2264 3265 lucratus
2293 3202 2480 3259 fuisset
2505 3201 2696 3256 melior
2723 3197 2981 3254 effectus:
3016 3195 3112 3263 sic,
3141 3194 3263 3265 quia
3292 3193 3608 3262 resipiscere

2030 3298 2218 3363 noluit,
2246 3292 2437 3364 majori
2465 3300 2549 3347 est
2572 3288 2834 3360 supplicio
2860 3286 3140 3352 obnoxius,
3170 3292 3353 3355 utpote
3382 3284 3469 3354 qui
3496 3298 3609 3337 ma.

2026 3389 2145 3461 jora
2173 3389 2373 3444 monita
2394 3400 2491 3457 per
2515 3398 2610 3440 eos
2634 3383 2724 3454 qui
2749 3381 2857 3453 jam
2879 3386 3229 3452 peccaverant
3251 3386 3305 3432 et
3324 3376 3466 3447 plexi
3496 3376 3605 3430 fue-

2032 3491 2153 3537 rant
2180 3486 2476 3549 receperat,
2508 3475 2604 3532 sed
2644 3475 2761 3530 sine
2790 3474 2983 3529 fructu.

2104 3576 2160 3629 5.
2201 3572 2404 3627 Deinde
2451 3570 2517 3626 ad
2548 3570 2819 3625 civitatem
2868 3579 3169 3622 sermonem
3214 3562 3495 3628 convertit,
3535 3562 3612 3616 sic

2032 3665 2301 3720 auditores
2349 3663 2625 3717 instituere
2671 3660 2876 3726 volens,
2906 3658 3130 3727 aitque:
3167 3656 3255 3711 57.
3304 3652 3607 3718 Jerusalem,

2034 3755 2338 3811 Jerusalem.
2362 3753 2498 3820 Quid
2529 3751 2630 3808 sibi
2659 3750 2776 3805 vult
2800 3750 2915 3803 haec
2944 3746 3269 3817 duplicatio?
3310 3745 3607 3800 Miserantis

2033 3859 2117 3904 est
2142 3845 2391 3918 loquendi
2420 3843 2629 3911 modus,
2653 3851 2708 3898 et
2730 3840 3016 3897 admodum
3036 3839 3282 3898 amantis.
3301 3837 3448 3893 Sicut
3467 3838 3609 3893 enim

2035 3940 2177 4011 apud
2210 3939 2479 4004 dilectam,
2507 3950 2720 4006 semper
2757 3943 3007 3999 amatam,
3038 3947 3155 4003 qua:
3184 3942 3446 3986 amantem
3477 3946 3610 3986 con-

2037 4039 2348 4101 tempserat,
2398 4028 2623 4097 ideoque
2670 4024 2932 4095 supplicio
2975 4022 3330 4093 plectendam,
3382 4022 3451 4076 ita
3492 4036 3612 4077 sese

2037 4123 2278 4181 defendit
2303 4121 2539 4189 demum,
2568 4133 2691 4174 cum
2734 4132 2857 4173 mox
2884 4116 3199 4187 supplicium
3237 4124 3319 4170 est
3347 4114 3610 4169 illaturus.

2039 4214 2192 4283 Quod
2222 4214 2381 4269 etiam
2410 4211 2466 4266 in
2488 4207 2760 4281 prophetis
2783 4207 2907 4262 facit
2934 4205 3017 4261 his
3040 4205 3217 4262 verbis
3252 4222 3265 4259 :
3311 4204 3452 4271 Dixi,
3482 4204 3615 4259 Con-

2039 4319 2227 4364 vertere
2275 4306 2342 4360 ad
2383 4304 2515 4371 me‘,
2556 4313 2603 4357 et
2643 4318 2745 4356 non
2789 4308 2860 4355 est
2902 4315 3137 4353 conversa
3182 4297 3391 4369 (Jerem.
3433 4298 3486 4353 5.
3531 4297 3610 4368 7).

2043 4398 2243 4455 Deinde
2289 4410 2488 4451 vocans
2534 4394 2702 4461 illam,
2732 4390 3014 4447 homicidia
3046 4388 3161 4459 ejus
3206 4388 3455 4458 subjicit:
3489 4387 3613 4455 Qua:

2043 4491 2231 4546 occidis
2265 4487 2556 4559 prophetas,
2585 4494 2629 4539 et
2668 4482 2867 4553 lepidas
2896 4496 2978 4534 eos
3015 4480 3097 4550 qui
3126 4478 3193 4533 ad
3231 4487 3278 4533 te
3303 4479 3442 4533 missi
3477 4490 3614 4544 sunt,

2043 4580 2235 4651 quoties
2274 4578 2412 4632 volui
2452 4589 2756 4647 congregare
2797 4572 2932 4642 ﬁlios
2982 4581 3112 4634 tuos,
3139 4579 3186 4624 et
3229 4570 3507 4624 noluistis?
3549 4570 3621 4623 ita

2045 4673 2185 4727 circa
2214 4685 2277 4726 ea
2303 4683 2424 4740 qua:
2451 4676 2636 4722 contra
2666 4679 2726 4721 se
2753 4663 2997 4720 fecerunt
3022 4677 3144 4718 sese
3170 4662 3439 4717 defendit:
3485 4661 3620 4730 Quia

2046 4778 2219 4834 neque
2247 4770 2464 4832 propter
2486 4759 2603 4815 haec
2640 4773 2673 4813 a
2703 4768 2755 4813 te
2795 4772 3013 4812 aversus
3037 4770 3181 4821 sum,
3222 4771 3393 4827 neque
3430 4771 3518 4810 me
3555 4757 3622 4812 ab

2050 4859 2141 4913 illa
2168 4870 2358 4927 magna
2387 4868 2512 4926 erga
2542 4861 2596 4908 te
2635 4849 3005 4908 benevolentia
3048 4848 3305 4919 repulisti,
3348 4849 3442 4903 sed
3474 4856 3527 4903 te
3553 4850 3623 4902 ita

2048 4950 2291 5005 affectam
2312 4945 2479 5006 volui,
2501 4959 2605 5000 non
2624 4942 2790 4998 semel
2806 4950 2861 4997 et
2881 4941 2982 5006 bis,
3003 4940 3095 4995 sed
3121 4939 3317 5010 pluries
3336 4942 3625 4993 attrahere.

2054 5042 2260 5110 Quoties
2309 5039 2473 5102 enim,
2526 5034 2717 5105 inquit,
2766 5033 2904 5088 volui
2954 5047 3259 5103 congregare
3309 5031 3443 5100 ﬁlios
3489 5041 3625 5097 tuos,

2050 5128 2471 5203 quemadmodum
2496 5125 2690 5197 gallina
2714 5132 2982 5196 congregat
3028 5122 3194 5193 pullos
3216 5138 3336 5177 suos
3377 5121 3469 5177 sub
3496 5123 3630 5187 alas,

2052 5233 2098 5277 et
2127 5221 2397 5278 noluistis?
2426 5219 2537 5274 Hoc
2560 5219 2707 5284 dicit,
2727 5216 3015 5273 ostendens
3044 5216 3163 5270 illos
3191 5230 3336 5285 saepe
3362 5217 3633 5285 peccando

2054 5330 2173 5371 sese
2201 5312 2551 5384 dispersisse;
2580 5319 2635 5366 et
2661 5326 2729 5365 ex
2758 5309 2989 5379 imagine
3018 5306 3108 5362 illa
3129 5322 3368 5362 amorem
3399 5306 3635 5361 declarat

2056 5423 2210 5463 suum
2239 5424 2252 5461 :
2280 5406 2449 5461 fervet
2471 5403 2614 5463 enim
2636 5417 2788 5457 amor
2807 5400 3054 5456 animalis
3082 5400 3223 5455 illius
3245 5401 3385 5455 circa
3407 5401 3633 5471 prolem.

2056 5502 2210 5571 Stepe
2238 5508 2415 5554 autem
2438 5496 2553 5552 haec
2579 5496 2782 5551 alarum
2805 5494 2983 5564 imago
3010 5494 3061 5547 in
3092 5492 3366 5563 prophetis
3393 5492 3635 5557 habetur,

2060 5607 2266 5648 necnon
2296 5591 2348 5644 in
2381 5589 2588 5644 cantico
2625 5586 2842 5657 Moysis,
2871 5594 2924 5639 et
2956 5585 3008 5639 in
3038 5584 3285 5651 Psalmis,
3315 5600 3432 5653 quze
3458 5592 3636 5654 prote.

2059 5703 2338 5819 “imagis:
2371 5705 2551 5763 habet,
2578 5706 2847 5753 convertere
2871 5700 2936 5752 ad
2956 5712 3033 5752 me
3072 5706 3174 5765 post
3198 5699 3307 5751 illas
3338 5710 3499 5751 omnes
3530 5712 3636 5764 pro.
