4130 6374
512 373 619 427 683

510 487 765 548 ctioncm,
798 490 849 538 et
882 479 1269 552 providentiam
1318 493 1565 548 magnam
1598 476 1816 531 indicat.
1844 475 1950 532 Sed
1992 490 2089 530 no-

515 578 711 645 luistis,
745 576 936 645 inquit.
971 574 1057 629 38.
1103 570 1228 625 Ecce
1253 571 1563 639 relinquetur
1602 570 1781 623 domus
1810 578 1977 622 vestra
2000 567 2095 621 de-

510 680 665 734 serta,
700 667 995 738 patrocinio
1033 663 1238 718 scilicet
1262 678 1384 717 meo
1409 676 1595 716 vacua.
1640 661 1755 728 Ipse
1796 660 1954 727 igitur
1979 668 2096 714 erat

510 762 599 832 qui
650 761 797 830 prius
837 759 909 812 illi
960 756 1413 827 patrocinabatur,
1466 754 1741 823 ipsamque
1792 751 2006 806 tenebat
2031 766 2095 805 ac

512 853 760 908 servabat
791 868 804 903 :
848 850 961 918 ipse
1007 850 1182 918 itaque
1213 856 1314 912 est,
1346 845 1434 915 qui
1467 845 1585 898 illos
1611 858 1823 913 semper
1849 844 2090 913 castigat.

510 942 578 998 Et
605 942 920 1012 supplicium
952 940 1081 1009 ipsis
1113 938 1294 1003 infert,
1317 936 1457 1007 quod
1488 936 1561 990 illi
1587 935 1871 989 admodum
1904 932 2092 988 formi-

508 1034 705 1088 dabant
735 1050 748 1087 :
782 1033 883 1087 hoc
909 1033 1051 1087 enim
1096 1030 1335 1084 omnium
1383 1044 1563 1082 rerum
1613 1042 1827 1081 suarum
1856 1026 2093 1080 eversio-

511 1143 632 1181 nem
660 1126 993 1195 designabat.
1025 1122 1114 1179 ‘59.
1142 1121 1268 1176 Dico
1293 1121 1423 1175 enim
1450 1120 1604 1184 vobis,
1635 1136 1734 1172 non
1762 1135 1841 1171 me
1867 1116 2094 1171 videbitis

507 1217 692 1271 amodo
721 1216 879 1269 donec
927 1215 1128 1278 dicatis,
1158 1212 1457 1267 Benedictus
1500 1212 1585 1281 qui
1628 1210 1758 1263 venit
1800 1209 1853 1262 iu
1895 1209 2095 1262 nomine

508 1309 737 1363 Domini.
771 1310 881 1362 lloc
928 1308 1052 1361 item
1082 1306 1280 1360 dictum
1312 1303 1565 1358 ferventis
1594 1312 1675 1356 est
1701 1300 1973 1366 amatoris,
2004 1299 2092 1369 qui

508 1400 629 1456 illos
690 1408 745 1454 et
798 1398 990 1451 futuris
1041 1395 1319 1452 eventibus
1382 1392 1696 1463 pertrahere
1751 1392 2094 1446 vehementer

505 1500 655 1562 optat
692 1513 704 1546 z
748 1506 921 1560 neque
968 1506 999 1544 a
1044 1487 1357 1559 prmteritis'
1407 1486 1577 1539 solmn
1629 1485 1920 1539 hortatur:
1968 1499 2091 1538 nam

504 1586 645 1637 diem
693 1582 927 1637 futurum
958 1579 1178 1635 secundi
1211 1579 1325 1648 ejus
1350 1576 1613 1631 adventus
1641 1584 1921 1630 memorat.
1954 1574 2092 1642 Quid

507 1676 703 1745 igitur?
734 1690 801 1728 an
840 1689 908 1729 ex
950 1673 1044 1727 illo
1072 1682 1312 1740 tempore
1340 1686 1445 1724 non
1475 1670 1610 1723 ultra
1644 1668 1892 1723 viderunt
1930 1667 2093 1723 eum?

505 1767 613 1823 Sed
636 1767 785 1831 illud,
816 1765 1035 1829 Amodo,
1064 1779 1170 1817 non
1198 1763 1339 1816 illam
1372 1762 1554 1816 horam
1582 1760 1864 1831 signiﬁcat,
1892 1760 1985 1815 sed
2014 1770 2088 1814 to-

507 1870 617 1913 tum
651 1870 857 1927 tempus
899 1855 1030 1911 illud
1059 1853 1200 1925 quod
1232 1868 1399 1923 usque
1433 1852 1499 1906 ad
1524 1867 1738 1907 crucem
1790 1852 2088 1907 intercedit.

504 1954 635 2022 Quia
663 1953 805 2009 enim
829 1951 977 2004 illum
1005 1963 1219 2018 semper
1250 1946 1347 2001 hac
1376 1945 1443 2001 de
1483 1961 1541 1999 re
1580 1946 1919 2011 accusabant,
1948 1945 2089 2015 quod

506 2048 615 2101 lico
634 2043 972 2099 adversarius
993 2049 1136 2095 esset
1161 2048 1215 2094 et
1240 2038 1506 2104 inimicus,
1528 2037 1651 2091 hinc
1680 2038 1824 2106 ipsos
1852 2037 1917 2091 ad
1944 2052 2090 2091 amo-

503 2153 619 2194 rem
648 2135 726 2190 sui
764 2134 1028 2197 hortatur,
1055 2130 1196 2202 quod
1242 2146 1302 2186 se
1346 2128 1489 2184 Patri
1529 2127 1845 2183 concordem
1877 2143 2091 2197 semper

500 2230 851 2291 demonstret,
879 2236 933 2280 et
959 2225 1193 2294 seipsum
1223 2222 1457 2277 declarat
1499 2221 1550 2274 in
1596 2221 1868 2292 prophetis
1891 2220 2085 2275 fuisse:

503 2332 785 2391 prepterea
810 2316 996 2371 iisdem
1026 2316 1153 2385 ipsis
1175 2314 1338 2368 utitur
1362 2312 1560 2377 verbis,
1589 2312 1779 2382 quibus
1810 2310 2082 2382 pr0pheta.

504 2415 607 2468 l’er
632 2412 747 2465 lucc
780 2411 941 2466 etiam
973 2407 1422 2463 resurrectionem
1464 2405 1837 2471 subindicavit,
1880 2420 2086 2459 necnon

501 2503 795 2561 secundum
813 2501 1097 2557 adventum
1123 2514 1301 2565 suum,
1320 2499 1590 2568 etiamque
1613 2498 1675 2551 iis
1691 2497 1778 2566 qui
1801 2496 2085 2551 admodum

504 2596 759 2652 increduli
790 2602 993 2659 essent,
1023 2590 1165 2661 quod
1208 2591 1381 2661 ipsum
1435 2600 1559 2645 tunc
1588 2598 1770 2645 essent
1794 2589 2083 2644 adoraturi.

504 2695 569 2749 Et
594 2690 863 2763 quomodo
912 2687 1042 2743 illud
1069 2685 1423 2756 significavit?
1448 2684 1581 2739 Cum
1632 2683 1796 2738 multa
1828 2685 1975 2752 prius
2001 2681 2084 2735 fu-

502 2795 618 2839 tura
653 2783 878 2837 dixisset
910 2797 924 2833 :
968 2778 1110 2850 quod
1140 2778 1401 2833 missurus
1438 2786 1582 2832 esset
1610 2776 1914 2845 prophetas,
1943 2772 2085 2844 quod

501 2877 621 2932 illos
648 2871 977 2929 interfecturi
1005 2879 1204 2933 essent,
1228 2870 1495 2940 etiamque
1519 2870 1570 2923 in
1601 2868 1916 2940 synagogis;
1944 2869 2085 2939 quod

501 2966 574 3021 illi
600 2975 846 3021 extrema
868 2972 1047 3019 essent
1070 2962 1296 3033 passuri,
1314 2961 1455 3031 quod
1475 2961 1665 3015 domus
1683 2960 1894 3015 deserta
1918 2960 2082 3026 foret;

498 3056 641 3127 quod
691 3056 847 3111 malis
896 3053 1224 3126 gravissimis
1274 3061 1457 3109 essent
1504 3051 1860 3121 subjiciendi,
1911 3053 2085 3123 qualia

498 3161 787 3217 numquam
816 3145 1043 3203 fuerant.
1077 3144 1203 3199 Hinc
1236 3146 1431 3215 quippe
1455 3144 1631 3198 omnia
1670 3144 1758 3199 vel
1787 3154 1964 3198 mente
1993 3160 2084 3199 ca-

402 3268 413 3283 -
502 3241 605 3309 ptis
630 3248 685 3296 et
711 3238 1065 3294 contentiosis
1091 3236 1378 3293 adventum
1402 3236 1518 3307 ejus
1539 3235 1909 3291 demonstrare
1938 3248 2086 3307 pote-

500 3339 639 3387 rant.
673 3331 1066 3399 lnterrogemus
1090 3342 1321 3397 namque
1363 3342 1459 3382 eos
1492 3348 1504 3382 :
1545 3327 1755 3381 Misitne
1801 3328 2085 3397 prophetas

499 3434 553 3479 et
580 3423 886 3494 sapientes?
912 3436 1091 3476 annon
1117 3420 1427 3475 occiderunt
1446 3434 1540 3474 eos
1569 3420 1621 3473 in
1654 3420 1976 3491 synagogis?
2003 3437 2086 3474 re-

500 3516 691 3572 lictane
712 3514 1005 3569 estdomus
1025 3512 1271 3567 deserta?
1294 3518 1624 3567 veneruntne
1644 3511 1900 3581 supplicia
1924 3526 2085 3581 super

498 3608 898 3679 generationem
924 3606 1107 3661 illam?
1134 3605 1189 3660 Id
1217 3604 1556 3659 manifestum
1596 3614 1742 3659 certe
1768 3614 1870 3667 est,
1902 3620 2083 3660 nemo-

498 3716 603 3770 que
626 3699 973 3755 eontradicet.
1003 3698 1151 3752 Sicut
1170 3712 1299 3766 ergo
1322 3697 1435 3750 haec
1459 3696 1638 3751 omnia
1668 3707 1982 3763 evenerunt,
2007 3700 2084 3752 sic

501 3801 554 3847 et
599 3792 684 3845 illa
728 3791 997 3855 evenient,
1029 3796 1084 3843 et
1132 3796 1255 3841 tunc
1296 3787 1489 3842 cedent
1518 3801 1683 3856 seque
1729 3786 2079 3852 submittent;

500 3884 593 3939 sed
620 3883 842 3938 nihilad
883 3882 963 3937 sui
990 3880 1390 3937 excusationem
1432 3888 1686 3950 poterunt
1728 3879 1999 3951 proferre;
2028 3890 2084 3935 ut

502 3990 675 4046 neque
696 3975 767 4029 illi
788 3973 877 4045 qui
905 3987 1107 4029 eversae
1126 3972 1353 4027 civitatis
1373 3987 1531 4027 causa
1566 3982 1688 4027 tunc
1716 3972 2081 4043 paenitentiam

498 4076 742 4140 egerun’t.
774 4067 1126 4136 Quapropter,
1160 4065 1330 4120 donec
1360 4073 1567 4135 tempus
1602 4074 1701 4130 est,
1729 4066 1883 4120 bonis
1907 4066 2080 4136 operi—

503 4160 602 4215 hus
647 4174 746 4213 nos
788 4157 1066 4213 dedamus.
1107 4155 1563 4224 Quemadmodum
1612 4157 1759 4211 enim
1818 4158 1893 4210 illi
1958 4166 2083 4212 tunc

502 4252 633 4307 nihil
657 4267 722 4307 ex
748 4250 1050 4320 cognitione
1077 4248 1280 4304 fruetus
1318 4248 1641 4319 percipient,
1669 4250 1747 4304 sic
1786 4250 1928 4303 nulla
1958 4258 2083 4305 tunc

503 4345 658 4402 nobis
681 4361 746 4400 ex
780 4344 1088 4414 paenitentia
1127 4343 1193 4398 de
1224 4344 1455 4413 peccatis
1498 4344 1694 4398 utilitas
1719 4344 1977 4399 accedet:
2026 4353 2083 4400 ut

504 4455 678 4510 neque
702 4437 1069 4509 gubernatori,
1088 4451 1208 4492 cum
1233 4438 1381 4491 navis
1409 4452 1503 4506 per
1530 4437 1645 4507 ejus
1671 4437 1929 4493 desidiam
1959 4439 2084 4493 sub-

501 4548 675 4588 mersa
718 4540 822 4593 est,
866 4545 967 4585 nec
1013 4529 1243 4597 medico,
1291 4538 1410 4600 post
1455 4531 1638 4601 :cgroti
1687 4541 1910 4587 mortem
1943 4552 1955 4586 :
1987 4533 2081 4588 sed

501 4640 690 4681 omnes
738 4631 865 4679 ante
911 4623 1071 4678 linem
1122 4622 1252 4677 nihil
1300 4638 1405 4677 non
1452 4623 1746 4679 machinari
1775 4634 1830 4681 et
1872 4628 2081 4698 operari

500 4723 733 4786 oportet,
764 4723 823 4769 ut
852 4729 919 4770 ne
942 4714 993 4767 in
1027 4714 1317 4783 periculum
1346 4716 1433 4769 vel
1462 4716 1842 4784 turpitudinem
1869 4717 2081 4772 decida-

502 4817 629 4863 tur:
657 4817 841 4878 postea
867 4808 1011 4861 enim
1056 4806 1143 4862 illa
1178 4807 1357 4861 omnia
1387 4816 1513 4861 sunt
1540 4807 1766 4863 inutilia.
1802 4810 1908 4865 Nos
1936 4820 2082 4867 certe

501 4900 717 4970 quando
763 4912 1102 4971 apetamus,
1146 4899 1382 4955 medicos
1425 4915 1781 4968 accersamus,
1832 4905 2081 4972 pecunias

501 4992 892 5063 impendamus,
913 4989 1287 5060 assiduamque
1315 5006 1533 5061 operam
1562 4991 1773 5059 demus,
1801 5004 1855 5046 ut
1885 5010 1948 5047 ex
1991 5010 2083 5049 ne-

504 5086 669 5155 quitia
696 5093 996 5152 surgentes,
1026 5082 1153 5137 inde
1192 5084 1307 5138 sani
1355 5083 1704 5151 recedamus;
1747 5094 1803 5141 et
1831 5098 2079 5155 quantam

502 5178 641 5230 circa
699 5188 886 5229 servos
939 5182 1153 5229 nostros
1199 5189 1380 5229 curam
1438 5174 1822 5245 impendimus,
1854 5194 1975 5232 cum
2028 5180 2081 5233 in

503 5268 747 5324 morbum
792 5264 1097 5332 inciderint,
1129 5274 1324 5320 tantam
1349 5265 1488 5320 circa
1517 5282 1616 5321 nos
1647 5268 1789 5337 ipsos
1826 5269 2080 5326 exhibea-

500 5377 643 5427 mus,
675 5374 802 5415 cum
837 5358 1015 5411 anima
1045 5367 1283 5427 aegrotat.
1318 5357 1480 5428 Atqui
1509 5359 1662 5414 nobis
1697 5360 1828 5430 ipsis
1867 5364 2082 5433 propin-

504 5460 713 5525 quiores
755 5466 962 5518 sumus,
992 5469 1146 5522 quam
1196 5452 1385 5515 servis,
1435 5462 1488 5507 et
1533 5454 1845 5523 corporibus
1893 5457 2084 5511 animre

505 5547 907 5618 prmstantiores
937 5557 1060 5601 sunt
1090 5563 1104 5608 ;
1150 5554 1383 5599 attamen
1416 5546 1501 5600 vix
1542 5562 1723 5616 parem
1753 5562 1935 5603 curam
1978 5548 2084 5603 im-

507 5642 805 5709 pendimus.
855 5639 967 5695 Nisi
998 5639 1138 5695 enim
1187 5639 1239 5693 id
1292 5655 1432 5695 nunc
1480 5642 1756 5711 faciamus,
1806 5653 2083 5715 postquam

558 5813 571 5842 ι
612 5808 779 5861 Morel.
805 5811 968 5869 habet.
993 5822 1141 5872 neque
1166 5822 1195 5858 a
1218 5810 1547 5873 prtesentibus.

1189 364 1246 422 S.
1286 362 1564 421 JOANNIS
1602 362 2069 419 CIIBYSOSTOMI
2110 363 2427 419 ARCHIEP.
2470 362 3000 420 CONSTANTINOP.

3673 363 3771 420 εει

2203 476 2626 545 decesserimus,
2683 478 2822 532 nulla
2880 478 3033 533 nobis
3089 478 3406 543 relinquitur
3456 478 3778 536 defensionis

2203 582 2361 620 I‘illlO.

2270 660 2323 714 4.
2355 660 2590 714 Animam
2606 678 2784 716 curare
2804 662 3112 734 negligentes
3131 662 3521 735 redarguuntur,
3551 664 3777 720 modum-

2200 768 2296 822 que
2319 754 2595 808 curationis
2618 756 2878 810 docentur.
2912 787 2982 796 —
3010 757 3203 825 Ecquis
3235 760 3305 813 ita
3332 759 3515 822 miser,
3543 761 3769 831 inquies,

2202 852 2259 896 ut
2291 860 2394 899 non
2426 861 2604 914 parem
2632 847 3043 903 sollicitudinem
3062 849 3288 903 habeat?
3317 850 3424 904 lloc
3444 862 3590 905 certe
3617 852 3777 905 mim-

2202 933 2305 987 bile
2334 945 2436 1002 est,
2469 937 2609 1006 quod
2635 953 2733 992 nos
2761 939 2905 1008 ipsos
2932 948 3209 1010 plusquam
3240 957 3426 997 servos
3455 944 3781 1013 negligamus

2199 1025 2677 1098 deSpieiamusque.
2710 1029 2845 1085 Nam
2888 1032 3057 1087 servis
3102 1032 3519 1088 febricitantibus
3544 1034 3780 1091 medicos

2198 1114 2543 1184 advocamus,
2574 1119 2928 1175 habitaculum
2961 1122 3088 1193 ipsis
3112 1122 3450 1192 deputamus,
3474 1124 3619 1195 ipsos
3646 1127 3778 1182 artis

2200 1207 2402 1278 legibus
2426 1210 2647 1281 obsequi
2678 1213 2953 1282 cogimus;
2983 1214 3027 1268 si
3060 1215 3330 1285 negligant
3358 1216 3493 1284 ipsi,
3527 1233 3623 1272 nos
3650 1233 3777 1287 gra-

2198 1303 2334 1357 viter
2380 1303 2637 1368 ferimus,
2684 1306 2934 1362 custodes
2984 1308 3217 1377 ipsorum
3254 1310 3657 1373 constituimus,
3686 1312 3777 1381 qui

2200 1394 2514 1464 prohibeant
2539 1412 2606 1451 ne
2633 1399 2897 1468 appetitus
2928 1400 2999 1454 illi
3022 1414 3148 1455 suos
3164 1411 3453 1472 sequantur
3477 1420 3490 1457 :
3516 1403 3603 1473 qui
3632 1404 3675 1458 si
3691 1403 3776 1457 di-

2198 1486 2375 1541 xerint
2403 1488 2581 1557 magni
2628 1488 2784 1558 pretii
2814 1489 3073 1544 medicina
3108 1504 3228 1546 esse
3254 1506 3407 1562 Opus,
3437 1491 3661 1548 libenter
3684 1508 3778 1548 an-

2200 1577 2447 1632 nuimus:
2480 1587 2534 1633 et
2559 1579 2813 1650 quidquid
2855 1582 3139 1637 statuerint
3159 1622 3175 1646 ,
3204 1597 3303 1638 nos
3323 1583 3775 1654 obtemperamus,

2195 1678 2354 1738 atque
2394 1668 2699 1740 hujusmodi
2738 1680 3055 1727 statutorum
3098 1674 3397 1729 mercedem
3444 1676 3573 1746 ipsis
3609 1678 3774 1732 solvi-

2196 1776 2332 1815 mus.
2364 1760 2497 1816 Cum
2538 1772 2718 1818 autem
2762 1780 2859 1820 nos
2889 1765 3077 1821 morbo
3106 1765 3439 1832 laboramus;
3470 1768 3577 1824 imo
3614 1785 3775 1824 num-

2193 1866 2351 1921 quam
2374 1868 2480 1907 non
2502 1852 2837 1921 laboramus;
2869 1872 2974 1911 non
3003 1856 3264 1912 medicum
3290 1860 3632 1925 accersimus,
3666 1876 3773 1917 non

2194 1946 2445 2013 pecunias
2471 1947 2823 2017 impendimus
2848 1990 2866 2016 ,
2892 1949 2985 2005 sed
3002 1951 3235 2005 animam
3261 1953 3409 2022 quasi
3434 1953 3700 2009 inimicum
3720 1962 3775 2010 et

2197 2038 2403 2093 hostem
2429 2040 2764 2110 negligimus.
2787 2040 2912 2096 ﬂzec
2944 2058 3101 2113 porro
3120 2042 3259 2109 dico,
3290 2060 3394 2098 non
3424 2045 3563 2115 quod
3591 2062 3771 2102 curam

2194 2128 2337 2182 illam
2382 2129 2523 2184 circa
2568 2146 2753 2186 servos
2796 2132 3087 2188 adhibitam
3131 2134 3427 2204 improbem
3453 2178 3467 2204 ,
3502 2137 3595 2193 sed
3631 2139 3773 2209 quod

2192 2222 2400 2291 cupiam
2426 2231 2483 2277 ut
2509 2239 2690 2293 parem
2718 2225 2904 2281 saltem
2935 2227 3074 2282 circa
3103 2231 3332 2282 animam
3368 2238 3601 2285 nostram
3629 2232 3776 2286 solli-

2192 2314 2478 2369 citudinem
2509 2316 2876 2373 adhibeamus.
2911 2319 2980 2374 Et
2999 2335 3104 2389 quo
3129 2330 3305 2389 pacto.
3338 2321 3576 2391 inquies,
3608 2324 3660 2378 id
3692 2324 3771 2378 fa-

2192 2406 2435 2461 ciemus?
2462 2406 2680 2479 Aigram
2728 2410 2871 2464 illam
2912 2411 3076 2467 Paulo
3103 2413 3359 2476 ostende;
3390 2429 3607 2471 accerse
3635 2416 3771 2471 Mat-

2194 2496 2422 2563 thmum;
2458 2499 2716 2556 Joannem
2762 2502 2997 2557 assidere
3022 2518 3196 2559 cures.
3246 2504 3330 2559 Ab
3365 2506 3469 2560 illis
3496 2506 3616 2561 audi
3643 2508 3768 2577 quid

2194 2589 2281 2643 tali
2307 2590 2494 2645 morbo
2514 2590 2775 2647 laboranti
2801 2593 2870 2647 sit
2892 2592 3209 2649 faciendum.
3236 2595 3419 2651 Dicent
3439 2598 3616 2668 utique
3634 2639 3649 2663 ,
3673 2614 3772 2655 nec

2189 2681 2436 2737 celabunt
2466 2702 2479 2738 :
2510 2699 2613 2737 non
2662 2684 2803 2739 enim
2854 2686 3047 2740 mortui
3078 2696 3235 2755 sunt,
3282 2688 3375 2742 sed
3403 2688 3586 2743 vivunt
3614 2699 3666 2745 et
3689 2689 3768 2744 lo-

2189 2782 2445 2843 quuntur.
2474 2775 2579 2830 Sed
2625 2792 2731 2831 non
2773 2776 2998 2831 attendit
3040 2778 3216 2832 anima
3253 2794 3311 2834 se
3341 2778 3474 2835 febri
3505 2780 3771 2836 detineri?

2191 2866 2273 2920 Ad
2303 2865 2355 2921 id
2386 2866 2532 2921 illam
2562 2877 2617 2921 tu
2639 2882 2791 2937 coge,
2820 2876 2874 2923 et
2900 2869 3265 2924 rationabilem
3301 2870 3416 2940 ejus
3444 2881 3645 2941 partem
3668 2886 3766 2927 ex-

2188 2960 2312 3013 cita.
2345 2958 2508 3015 Indue
2556 2959 2875 3030 prophetas;
2904 2960 2987 3016 his
3034 2961 3255 3016 medicis
3294 2977 3399 3017 non
3444 2963 3767 3019 numeranda

2191 3051 2413 3119 pecunia
2455 3059 2537 3105 est
2564 3068 2578 3105 :
2609 3067 2782 3120 neque
2809 3052 2953 3107 enim
2999 3053 3331 3119 mercedem,
3359 3070 3529 3123 neque
3560 3052 3763 3125 impen-

2189 3156 2302 3195 sam
2329 3142 2548 3212 exigunt
2575 3142 2655 3197 vel
2683 3158 2781 3213 pro
2818 3157 2979 3212 opera
3007 3143 3088 3198 vel
3118 3158 3215 3213 pro
3253 3144 3503 3200 remediis
3532 3146 3663 3201 suis.
3709 3146 3766 3200 In

2193 3234 2563 3289 necessitatem
2595 3244 2771 3289 tamen
2804 3235 3057 3304 impensae
3085 3244 3136 3291 te
3162 3235 3483 3305 conjiciunt,
3510 3238 3602 3292 sed
3628 3238 3771 3294 elec-

2190 3339 2428 3397 mosyna:
2454 3326 2772 3396 erogandae;
2806 3326 2858 3380 in
2880 3326 3088 3381 caateris
3116 3337 3295 3381 autem
3322 3326 3388 3383 de
3413 3342 3512 3383 suo
3538 3328 3768 3400 largiun-

2191 3426 2275 3469 tur
2308 3432 2469 3472 :cum
2496 3417 2639 3473 enim
2687 3428 2738 3473 te
2782 3428 3140 3488 temperanter
3174 3435 3335 3489 agere
3377 3420 3600 3490 jubent,
3628 3432 3677 3477 te
3702 3423 3769 3478 ab

2190 3511 2572 3581 intempestivis
2599 3520 2653 3567 et
2677 3512 2921 3567 absurdis
2950 3513 3201 3583 impensis
3242 3515 3498 3581 liberant;
3530 3531 3650 3570 cum
3678 3516 3767 3586 ju-

2189 3600 2317 3654 bvnt
2345 3601 2611 3657 abstinere
2639 3602 2707 3657 ab
2732 3603 2989 3659 ebrietate
3008 3646 3024 3671 ,
3056 3604 3442 3675 opulentiorem
3472 3616 3522 3661 te
3548 3606 3766 3663 faciunt.

2192 3696 2375 3751 Viden’
2403 3697 2731 3753 medicorum
2753 3707 2920 3753 artem
2941 3741 2957 3767 ,
2981 3699 3071 3770 qui
3097 3715 3217 3754 cum
3240 3702 3465 3755 sanitate
3488 3703 3764 3770 pecuniam

2186 3788 2452 3844 afferunt?
2495 3790 2686 3845 Asside
2728 3790 2885 3861 igitur
2925 3791 3056 3858 illis,
3098 3791 3167 3847 ab
3193 3792 3376 3862 eisque
3418 3793 3565 3849 disce
3594 3794 3767 3849 morbi

2187 3890 2456 3936 naturam.
2506 3880 2751 3952 Exempli
2791 3897 2986 3949 causa,
3030 3897 3178 3937 amas
3208 3883 3459 3952 pecunias
3498 3892 3553 3939 et
3589 3886 3766 3939 avari-

2189 3977 2313 4031 tiam
2334 4018 2348 4042 ,
2381 3984 2440 4032 ut
2464 3976 2828 4032 febricitantes
2847 3991 3039 4047 aquam
3068 3975 3346 4047 frigidam?
3370 3977 3504 4031 Audi
3532 3977 3655 4048 quid
3691 3978 3765 4031 illi

2186 4068 2393 4123 consilii
2423 4066 2667 4124 aderant.
2722 4068 2871 4123 Sicut
2911 4069 3053 4123 enim
3084 4068 3322 4123 medicus
3350 4069 3511 4123 edicit
3540 4070 3631 4123 tibi
3665 4087 3678 4124 :
3710 4069 3769 4125 Si

2186 4159 2525 4228 cupiditatem
2570 4159 2848 4230 sequaris,
2883 4159 3115 4229 peribis,
3160 4167 3216 4214 et
3261 4160 3390 4213 illud
3436 4169 3594 4230 atque
3636 4161 3768 4218 illud

2189 4250 2321 4306 mali
2349 4252 2438 4308 tibi
2465 4253 2676 4308 eveniet
2704 4269 2718 4307 :
2748 4252 2826 4307 sic
2872 4261 2926 4307 et
2954 4252 3147 4307 Paulus
3175 4268 3188 4304 :
3219 4252 3320 4319 Qui
3362 4253 3516 4305 ditari
3557 4253 3764 4319 volunt,

2190 4343 2379 4413 inquit,
2410 4343 2638 4397 incidunt
2667 4344 2718 4396 in
2745 4352 3068 4398 tentattonem
3095 4354 3141 4398 et
3168 4343 3372 4414 laqueos
3401 4343 3622 4409 diaboli,
3650 4357 3695 4397 et
3717 4348 3771 4400 iu

2187 4435 2613 4504 concupiscentias
2642 4434 2821 4488 stultas
2865 4443 2911 4488 et
2945 4434 3159 4500 noxias,
3201 4450 3315 4505 qua:
3354 4435 3407 4488 in
3457 4436 3764 4506 profundum

2187 4529 2416 4582 interitus
2444 4536 2491 4582 et
2518 4528 2809 4597 perditionis
2838 4527 3064 4581 homines
3090 4530 3408 4599 prtecipitaut
3438 4530 3509 4599 (tl.
3545 4528 3678 4583 Tim.
3711 4530 3744 4585 6

2187 4618 2264 4687 9).
2298 4618 2403 4675 Sed
2432 4620 2713 4687 impatiens
2752 4621 2846 4673 es?
2874 4619 3011 4673 Audi
3062 4620 3207 4673 illum
3246 4620 3510 4675 dicentem
3546 4638 3559 4673 :
3588 4620 3766 4675 Adhuc

2188 4711 2470 4781 paululum,
2504 4722 2550 4764 et
2589 4712 2674 4781 qui
2708 4720 2939 4764 venturus
2966 4721 3037 4765 est
3075 4712 3265 4778 veniet,
3304 4722 3350 4766 et
3402 4729 3502 4766 nou
3553 4714 3773 4768 tardabit

2189 4802 2207 4872 (
2232 4801 2385 4856 Ilebr.
2420 4802 2504 4857 10.
2532 4800 2651 4874 57).
2674 4800 2922 4855 Dominus
2951 4819 3108 4872 prope
3131 4813 3205 4857 est
3232 4819 3250 4858 :
3282 4802 3411 4857 nihil
3433 4804 3637 4858 solliciti
3662 4805 3771 4857 sitis

2188 4893 2445 4961 (Philipp.
2482 4894 2534 4947 4.
2562 4893 2616 4948 5.
2649 4893 2727 4962 6).
2772 4892 2839 4946 Ει
2878 4908 3087 4948 rursum
3119 4911 3131 4949 :
3161 4893 3393 4949 Praeterit
3422 4896 3587 4966 ﬁgura
3618 4897 3771 4965 lutjus

2188 4985 2363 5037 mundi
2392 4983 2486 5056 (1.
2515 4983 2632 5039 Cor.
2668 4984 2719 5037 7.
2752 4984 2863 5055 51).
2895 4984 3010 5038 Non
3044 4985 3187 5040 enim
3236 4988 3477 5057 prmeipit
3527 4997 3727 5041 tantum
3749 5028 3762 5051 ,

2188 5078 2277 5131 sed
2306 5078 2465 5131 etiam
2491 5076 2797 5130 consolatur
2819 5086 2875 5130 ut
2900 5077 3156 5132 medicus.
3188 5083 3265 5133 Ac
3292 5080 3428 5133 sicut
3459 5081 3648 5134 medici
3673 5096 3765 5149 pro

2189 5166 2391 5235 frigidis
2432 5166 2536 5219 alia
2564 5165 2807 5235 quaedam
2838 5169 3173 5239 excogitant,
3204 5169 3281 5225 sic
3310 5180 3363 5224 et
3393 5170 3493 5225 iste
3518 5172 3764 5240 concupio

2188 5258 2444 5313 scentiam
2475 5257 2745 5313 transfert.
2777 5258 2870 5313 Vis
2891 5301 2906 5327 ,
2938 5260 3149 5329 inquit,
3179 5260 3481 5317 ditescere?
3524 5262 3582 5317 In
3615 5263 3767 5318 bonis

2188 5349 2439 5419 cperibus
2485 5349 2636 5405 dives
2664 5360 2799 5405 esto.
2830 5351 2922 5406 Vis
2966 5353 3244 5408 thesauros
3296 5354 3625 5409 recondere?
3654 5355 3766 5411 Non

2191 5458 2456 5512 repugno;
2485 5444 2577 5497 sed
2610 5445 2659 5497 in
2682 5445 2817 5499 cmlo
2848 5447 3098 5500 reconde.
3140 5447 3216 5501 Ac
3242 5446 3379 5501 sicut
3416 5448 3656 5502 medicus
3682 5447 3765 5503 di-

2189 5535 2290 5599 cit,
2318 5538 2481 5607 .Aqua
2522 5536 2710 5606 frigida
2754 5548 2910 5592 nocet
2938 5538 3219 5604 dentibus,
3270 5541 3481 5606 nervis,
3512 5541 3721 5596 ossibus
3752 5563 3764 5596 :

2190 5641 2268 5680 διο
2294 5638 2348 5680 et
2376 5628 2496 5691 ille;
2546 5628 2759 5682 brevius
2800 5629 3051 5698 quidem,
3101 5646 3220 5684 nam
3271 5630 3515 5687 brevitati
3559 5633 3765 5699 studet,

2192 5716 2286 5771 sed
2317 5718 2513 5772 clarius
2540 5727 2591 5773 et
2621 5719 2845 5774 validius
2874 5738 2884 5772 :
2916 5719 3089 5774 Radix
3110 5761 3124 5787 ,
3158 5723 3359 5791 inquit,
3394 5724 3623 5778 omnium
3652 5742 3764 5778 ma-

2198 5808 2359 5863 lorum
2375 5821 2448 5866 est
2469 5813 2681 5866 avaritia
2704 5812 2778 5886 (Ι.
2803 5813 2932 5868 Tim.
2958 5814 3009 5868 6.
3035 5814 3142 5887 10).
3167 5816 3283 5883 Quo
3306 5817 3465 5891 igitur
3490 5816 3771 5876 utendum?
