  <div class='ocr_page' id='page_1' title='image "/cluster/home/n/w/nwhite01/storage/ocr_20150623/58/nnc1.0046979956/226.png"; bbox 0 0 2065 3187; ppageno 0'>
   <div class='ocr_carea' id='block_1_1' title="bbox 209 174 262 201">
    <p class='ocr_par' dir='ltr' id='par_1_1' title="bbox 209 174 262 201">
     <span class='ocr_line' id='line_1_1' title="bbox 209 174 262 201; baseline 0 0"><span class='ocrx_word' id='word_1_1' title='bbox 209 174 262 201; x_wconf 80' lang='grc'><strong>685</strong></span> 
     </span>
    </p>
   </div>
   <div class='ocr_carea' id='block_1_2' title="bbox 210 234 1000 271">
    <p class='ocr_par' dir='ltr' id='par_1_2' title="bbox 210 234 1000 271">
     <span class='ocr_line' id='line_1_2' title="bbox 210 234 1000 271; baseline 0 -11"><span class='ocrx_word' id='word_1_2' title='bbox 210 234 266 262; x_wconf 88' lang='lat' dir='ltr'><strong>Hoc</strong></span> <span class='ocrx_word' id='word_1_3' title='bbox 278 243 384 271; x_wconf 85' lang='lat' dir='ltr'><strong>quoque</strong></span> <span class='ocrx_word' id='word_1_4' title='bbox 398 235 463 264; x_wconf 91' lang='lat' dir='ltr'><strong>dicit</strong></span> <span class='ocrx_word' id='word_1_5' title='bbox 474 244 482 263; x_wconf 89' lang='lat'><strong>:</strong></span> <span class='ocrx_word' id='word_1_6' title='bbox 492 235 663 268; x_wconf 80' lang='lat' dir='ltr'><strong>Snilicientia,</strong></span> <span class='ocrx_word' id='word_1_7' title='bbox 678 235 795 263; x_wconf 65' lang='lat' dir='ltr'><strong>avaritiae</strong></span> <span class='ocrx_word' id='word_1_8' title='bbox 806 236 875 267; x_wconf 88' lang='lat' dir='ltr'><strong>loco;</strong></span> <span class='ocrx_word' id='word_1_9' title='bbox 889 234 1000 269; x_wconf 78' lang='lat' dir='ltr'><strong>Magnus</strong></span> 
     </span>
    </p>
   </div>
   <div class='ocr_carea' id='block_1_3' title="bbox 209 279 996 317">
    <p class='ocr_par' dir='ltr' id='par_1_3' title="bbox 209 279 996 317">
     <span class='ocr_line' id='line_1_3' title="bbox 209 279 996 317; baseline 0 -10"><span class='ocrx_word' id='word_1_10' title='bbox 209 281 282 310; x_wconf 89' lang='lat' dir='ltr'><strong>enim</strong></span> <span class='ocrx_word' id='word_1_11' title='bbox 293 287 401 317; x_wconf 70' lang='lat' dir='ltr'><strong>quaeslus</strong></span> <span class='ocrx_word' id='word_1_12' title='bbox 411 288 447 310; x_wconf 82' lang='lat' dir='ltr'><strong>est</strong></span> <span class='ocrx_word' id='word_1_13' title='bbox 457 282 603 317; x_wconf 65' lang='lat' dir='ltr'><strong>suﬁcientia</strong></span> <span class='ocrx_word' id='word_1_14' title='bbox 613 289 670 308; x_wconf 86' lang='lat' dir='ltr'><strong>cum</strong></span> <span class='ocrx_word' id='word_1_15' title='bbox 679 282 770 316; x_wconf 84' lang='lat' dir='ltr'><strong>pietate</strong></span> <span class='ocrx_word' id='word_1_16' title='bbox 780 281 790 316; x_wconf 94' lang='lat'><strong>(</strong></span> <span class='ocrx_word' id='word_1_17' title='bbox 803 281 829 308; x_wconf 81' lang='grc'><strong>1.</strong></span> <span class='ocrx_word' id='word_1_18' title='bbox 840 279 908 307; x_wconf 85' lang='lat' dir='ltr'><strong>Tim.</strong></span> <span class='ocrx_word' id='word_1_19' title='bbox 917 280 944 308; x_wconf 88' lang='lat'><strong>6.</strong></span> <span class='ocrx_word' id='word_1_20' title='bbox 957 280 996 316; x_wconf 86' lang='lat'><strong>6).</strong></span> 
     </span>
    </p>
   </div>
   <div class='ocr_carea' id='block_1_4' title="bbox 210 326 998 363">
    <p class='ocr_par' dir='ltr' id='par_1_4' title="bbox 210 326 998 363">
     <span class='ocr_line' id='line_1_4' title="bbox 210 326 998 363; baseline -0.003 -8"><span class='ocrx_word' id='word_1_21' title='bbox 210 328 286 361; x_wconf 82' lang='lat' dir='ltr'><strong>Quod</strong></span> <span class='ocrx_word' id='word_1_22' title='bbox 300 329 321 355; x_wconf 85' lang='lat' dir='ltr'><strong>si</strong></span> <span class='ocrx_word' id='word_1_23' title='bbox 332 335 402 363; x_wconf 67' lang='lat' dir='ltr'><strong>aegre</strong></span> <span class='ocrx_word' id='word_1_24' title='bbox 417 328 495 361; x_wconf 88' lang='lat' dir='ltr'><strong>I&#39;eras,</strong></span> <span class='ocrx_word' id='word_1_25' title='bbox 511 332 538 355; x_wconf 90' lang='lat' dir='ltr'><strong>et</strong></span> <span class='ocrx_word' id='word_1_26' title='bbox 551 327 625 362; x_wconf 86' lang='lat' dir='ltr'><strong>plura</strong></span> <span class='ocrx_word' id='word_1_27' title='bbox 639 327 791 360; x_wconf 84' lang='lat' dir='ltr'><strong>desideres,</strong></span> <span class='ocrx_word' id='word_1_28' title='bbox 807 326 920 354; x_wconf 88' lang='lat' dir='ltr'><strong>necdum</strong></span> <span class='ocrx_word' id='word_1_29' title='bbox 936 334 998 361; x_wconf 83' lang='lat' dir='ltr'><strong>pos-</strong></span> 
     </span>
    </p>
   </div>
   <div class='ocr_carea' id='block_1_5' title="bbox 210 373 999 409">
    <p class='ocr_par' dir='ltr' id='par_1_5' title="bbox 210 373 999 409">
     <span class='ocr_line' id='line_1_5' title="bbox 210 373 999 409; baseline -0.003 -8"><span class='ocrx_word' id='word_1_30' title='bbox 210 374 247 401; x_wconf 81' lang='lat' dir='ltr'><strong>sis</strong></span> <span class='ocrx_word' id='word_1_31' title='bbox 266 373 400 408; x_wconf 78' lang='lat' dir='ltr'><strong>superﬂua</strong></span> <span class='ocrx_word' id='word_1_32' title='bbox 410 381 524 409; x_wconf 62' lang='lat' dir='ltr'><strong>quaeque</strong></span> <span class='ocrx_word' id='word_1_33' title='bbox 542 373 673 408; x_wconf 85' lang='lat' dir='ltr'><strong>abjicere;</strong></span> <span class='ocrx_word' id='word_1_34' title='bbox 696 373 735 400; x_wconf 85' lang='lat' dir='ltr'><strong>sic</strong></span> <span class='ocrx_word' id='word_1_35' title='bbox 755 376 928 407; x_wconf 77' lang='lat' dir='ltr'><strong>:egrotantem</strong></span> <span class='ocrx_word' id='word_1_36' title='bbox 942 380 999 399; x_wconf 89' lang='lat' dir='ltr'><strong>mo-</strong></span> 
     </span>
    </p>
   </div>
   <div class='ocr_carea' id='block_1_6' title="bbox 211 419 999 456">
    <p class='ocr_par' dir='ltr' id='par_1_6' title="bbox 211 419 999 456">
     <span class='ocr_line' id='line_1_6' title="bbox 211 419 999 456; baseline -0.003 -9"><span class='ocrx_word' id='word_1_37' title='bbox 211 425 268 453; x_wconf 90' lang='lat' dir='ltr'><strong>net,</strong></span> <span class='ocrx_word' id='word_1_38' title='bbox 282 420 415 456; x_wconf 89' lang='lat' dir='ltr'><strong>quomodo</strong></span> <span class='ocrx_word' id='word_1_39' title='bbox 437 420 470 448; x_wconf 88' lang='lat' dir='ltr'><strong>iis</strong></span> <span class='ocrx_word' id='word_1_40' title='bbox 491 420 527 448; x_wconf 91' lang='lat' dir='ltr'><strong>sit</strong></span> <span class='ocrx_word' id='word_1_41' title='bbox 546 420 673 448; x_wconf 83' lang='lat' dir='ltr'><strong>utendum</strong></span> <span class='ocrx_word' id='word_1_42' title='bbox 689 429 696 447; x_wconf 90' lang='lat'><strong>:</strong></span> <span class='ocrx_word' id='word_1_43' title='bbox 712 419 746 446; x_wconf 89' lang='lat' dir='ltr'><strong><em>Ut</em></strong></span> <span class='ocrx_word' id='word_1_44' title='bbox 767 419 810 454; x_wconf 84' lang='lat' dir='ltr'><strong>qui</strong></span> <span class='ocrx_word' id='word_1_45' title='bbox 830 419 948 446; x_wconf 75' lang='lat' dir='ltr'><strong>ltetnntur</strong></span> <span class='ocrx_word' id='word_1_46' title='bbox 972 419 999 446; x_wconf 84' lang='lat' dir='ltr'><strong>in</strong></span> 
     </span>
    </p>
   </div>
   <div class='ocr_carea' id='block_1_7' title="bbox 211 464 997 500">
    <p class='ocr_par' dir='ltr' id='par_1_7' title="bbox 211 464 997 500">
     <span class='ocr_line' id='line_1_7' title="bbox 211 464 997 500; baseline -0.001 -8"><span class='ocrx_word' id='word_1_47' title='bbox 211 466 423 500; x_wconf 79' lang='lat' dir='ltr'><strong>possessionibus,</strong></span> <span class='ocrx_word' id='word_1_48' title='bbox 440 466 504 494; x_wconf 75' lang='lat' dir='ltr'><strong>sicut</strong></span> <span class='ocrx_word' id='word_1_49' title='bbox 519 474 570 492; x_wconf 89' lang='lat' dir='ltr'><strong>non</strong></span> <span class='ocrx_word' id='word_1_50' title='bbox 589 466 703 492; x_wconf 63' lang='lat' dir='ltr'><strong>laetantes</strong></span> <span class='ocrx_word' id='word_1_51' title='bbox 715 466 764 492; x_wconf 81' lang='lat' dir='ltr'><strong>sint</strong></span> <span class='ocrx_word' id='word_1_52' title='bbox 777 473 788 492; x_wconf 90' lang='lat'><strong><em>:</em></strong></span> <span class='ocrx_word' id='word_1_53' title='bbox 800 469 823 492; x_wconf 85' lang='lat' dir='ltr'><strong>et</strong></span> <span class='ocrx_word' id='word_1_54' title='bbox 834 465 877 500; x_wconf 83' lang='lat' dir='ltr'><strong>qui</strong></span> <span class='ocrx_word' id='word_1_55' title='bbox 889 464 997 498; x_wconf 87' lang='lat' dir='ltr'><strong>habent,</strong></span> 
     </span>
    </p>
   </div>
   <div class='ocr_carea' id='block_1_8' title="bbox 208 509 997 547">
    <p class='ocr_par' dir='ltr' id='par_1_8' title="bbox 208 509 997 547">
     <span class='ocr_line' id='line_1_8' title="bbox 208 509 997 547; baseline -0.004 -9"><span class='ocrx_word' id='word_1_56' title='bbox 208 517 335 546; x_wconf 87' lang='lat' dir='ltr'><strong>tamquam</strong></span> <span class='ocrx_word' id='word_1_57' title='bbox 358 520 408 538; x_wconf 89' lang='lat' dir='ltr'><strong>non</strong></span> <span class='ocrx_word' id='word_1_58' title='bbox 428 512 561 539; x_wconf 81' lang='lat' dir='ltr'><strong>retinentes</strong></span> <span class='ocrx_word' id='word_1_59' title='bbox 568 519 578 543; x_wconf 85' lang='lat'><strong>,&#39;</strong></span> <span class='ocrx_word' id='word_1_60' title='bbox 591 516 616 538; x_wconf 86' lang='lat' dir='ltr'><strong>et</strong></span> <span class='ocrx_word' id='word_1_61' title='bbox 628 511 673 547; x_wconf 85' lang='lat' dir='ltr'><strong>qui</strong></span> <span class='ocrx_word' id='word_1_62' title='bbox 690 516 795 538; x_wconf 82' lang='lat' dir='ltr'><strong>utuntur</strong></span> <span class='ocrx_word' id='word_1_63' title='bbox 815 511 863 537; x_wconf 84' lang='lat' dir='ltr'><strong>hoc</strong></span> <span class='ocrx_word' id='word_1_64' title='bbox 886 509 997 541; x_wconf 86' lang='lat' dir='ltr'><strong>mundo,</strong></span> 
     </span>
    </p>
   </div>
   <div class='ocr_carea' id='block_1_9' title="bbox 207 556 997 592">
    <p class='ocr_par' dir='ltr' id='par_1_9' title="bbox 207 556 997 592">
     <span class='ocr_line' id='line_1_9' title="bbox 207 556 997 592; baseline -0.003 -8"><span class='ocrx_word' id='word_1_65' title='bbox 207 562 336 592; x_wconf 85' lang='lat' dir='ltr'><strong>tamquam</strong></span> <span class='ocrx_word' id='word_1_66' title='bbox 359 566 411 585; x_wconf 88' lang='lat' dir='ltr'><strong>non</strong></span> <span class='ocrx_word' id='word_1_67' title='bbox 430 558 554 592; x_wconf 85' lang='lat' dir='ltr'><strong>utantur(</strong></span> <span class='ocrx_word' id='word_1_68' title='bbox 571 558 596 585; x_wconf 82' lang='lat' dir='ltr'><strong>L</strong></span> <span class='ocrx_word' id='word_1_69' title='bbox 612 557 672 584; x_wconf 89' lang='lat' dir='ltr'><strong>Cor.</strong></span> <span class='ocrx_word' id='word_1_70' title='bbox 688 557 714 584; x_wconf 91' lang='lat'><strong>7.</strong></span> <span class='ocrx_word' id='word_1_71' title='bbox 729 556 773 585; x_wconf 75' lang='lat'><strong>30.</strong></span> <span class='ocrx_word' id='word_1_72' title='bbox 791 557 822 584; x_wconf 79' lang='grc'><strong>51</strong></span> <span class='ocrx_word' id='word_1_73' title='bbox 837 556 859 592; x_wconf 91' lang='grc'><strong>).</strong></span> <span class='ocrx_word' id='word_1_74' title='bbox 876 556 997 583; x_wconf 81' lang='lat' dir='ltr'><strong>Vidistin’</strong></span> 
     </span>
    </p>
   </div>
   <div class='ocr_carea' id='block_1_10' title="bbox 207 602 996 639">
    <p class='ocr_par' dir='ltr' id='par_1_10' title="bbox 207 602 996 639">
     <span class='ocr_line' id='line_1_10' title="bbox 207 602 996 639; baseline -0.003 -9"><span class='ocrx_word' id='word_1_75' title='bbox 207 611 267 638; x_wconf 61' lang='lat' dir='ltr'><strong>qua:</strong></span> <span class='ocrx_word' id='word_1_76' title='bbox 281 604 437 639; x_wconf 67' lang='lat' dir='ltr'><strong>praecipiat?</strong></span> <span class='ocrx_word' id='word_1_77' title='bbox 451 603 497 631; x_wconf 85' lang='lat' dir='ltr'><strong>Vis</strong></span> <span class='ocrx_word' id='word_1_78' title='bbox 512 604 593 631; x_wconf 89' lang='lat' dir='ltr'><strong>alium</strong></span> <span class='ocrx_word' id='word_1_79' title='bbox 615 603 737 630; x_wconf 87' lang='lat' dir='ltr'><strong>inducam</strong></span> <span class='ocrx_word' id='word_1_80' title='bbox 763 602 913 630; x_wconf 87' lang='lat' dir='ltr'><strong>medicum?</strong></span> <span class='ocrx_word' id='word_1_81' title='bbox 934 602 996 629; x_wconf 84' lang='lat' dir='ltr'><strong>Mihi</strong></span> 
     </span>
    </p>
   </div>
   <div class='ocr_carea' id='block_1_11' title="bbox 206 648 996 685">
    <p class='ocr_par' dir='ltr' id='par_1_11' title="bbox 206 648 996 685">
     <span class='ocr_line' id='line_1_11' title="bbox 206 648 996 685; baseline -0.003 -8"><span class='ocrx_word' id='word_1_82' title='bbox 206 654 280 677; x_wconf 84' lang='lat' dir='ltr'><strong>certe</strong></span> <span class='ocrx_word' id='word_1_83' title='bbox 293 650 390 685; x_wconf 87' lang='lat' dir='ltr'><strong>placet.</strong></span> <span class='ocrx_word' id='word_1_84' title='bbox 405 649 495 684; x_wconf 78' lang='lat' dir='ltr'><strong>Neque</strong></span> <span class='ocrx_word' id='word_1_85' title='bbox 507 650 577 677; x_wconf 91' lang='lat' dir='ltr'><strong>enim</strong></span> <span class='ocrx_word' id='word_1_86' title='bbox 593 653 656 676; x_wconf 90' lang='lat' dir='ltr'><strong>sunt</strong></span> <span class='ocrx_word' id='word_1_87' title='bbox 669 649 695 676; x_wconf 90' lang='lat' dir='ltr'><strong>hi</strong></span> <span class='ocrx_word' id='word_1_88' title='bbox 707 648 817 682; x_wconf 88' lang='lat' dir='ltr'><strong>medici,</strong></span> <span class='ocrx_word' id='word_1_89' title='bbox 835 648 944 683; x_wconf 83' lang='lat' dir='ltr'><strong>perinde</strong></span> <span class='ocrx_word' id='word_1_90' title='bbox 956 653 996 675; x_wconf 87' lang='lat' dir='ltr'><strong>at-</strong></span> 
     </span>
    </p>
   </div>
   <div class='ocr_carea' id='block_1_12' title="bbox 206 695 994 731">
    <p class='ocr_par' dir='ltr' id='par_1_12' title="bbox 206 695 994 731">
     <span class='ocr_line' id='line_1_12' title="bbox 206 695 994 731; baseline -0.001 -8"><span class='ocrx_word' id='word_1_91' title='bbox 206 704 258 731; x_wconf 88' lang='lat' dir='ltr'><strong>que</strong></span> <span class='ocrx_word' id='word_1_92' title='bbox 272 704 413 731; x_wconf 84' lang='lat' dir='ltr'><strong>corporum</strong></span> <span class='ocrx_word' id='word_1_93' title='bbox 427 696 521 723; x_wconf 82' lang='lat' dir='ltr'><strong>medici</strong></span> <span class='ocrx_word' id='word_1_94' title='bbox 533 717 540 729; x_wconf 90' lang='lat'><strong>,</strong></span> <span class='ocrx_word' id='word_1_95' title='bbox 552 696 595 731; x_wconf 84' lang='lat' dir='ltr'><strong>qni</strong></span> <span class='ocrx_word' id='word_1_96' title='bbox 612 703 684 730; x_wconf 62' lang='lat' dir='ltr'><strong>saepe</strong></span> <span class='ocrx_word' id='word_1_97' title='bbox 699 703 755 730; x_wconf 64' lang='lat' dir='ltr'><strong>prie</strong></span> <span class='ocrx_word' id='word_1_98' title='bbox 770 695 868 722; x_wconf 84' lang='lat' dir='ltr'><strong>invidia</strong></span> <span class='ocrx_word' id='word_1_99' title='bbox 882 702 994 723; x_wconf 88' lang='lat' dir='ltr'><strong>concer-</strong></span> 
     </span>
    </p>
   </div>
   <div class='ocr_carea' id='block_1_13' title="bbox 207 740 996 776">
    <p class='ocr_par' dir='ltr' id='par_1_13' title="bbox 207 740 996 776">
     <span class='ocr_line' id='line_1_13' title="bbox 207 740 996 776; baseline -0.003 -8"><span class='ocrx_word' id='word_1_100' title='bbox 207 747 302 775; x_wconf 81' lang='lat' dir='ltr'><strong>tantes,</strong></span> <span class='ocrx_word' id='word_1_101' title='bbox 314 747 441 776; x_wconf 78' lang='lat' dir='ltr'><strong>:egrotum</strong></span> <span class='ocrx_word' id='word_1_102' title='bbox 454 742 636 776; x_wconf 86' lang='lat' dir='ltr'><strong>pessumdant.</strong></span> <span class='ocrx_word' id='word_1_103' title='bbox 647 742 680 768; x_wconf 78' lang='lat' dir='ltr'><strong>At</strong></span> <span class='ocrx_word' id='word_1_104' title='bbox 689 748 741 768; x_wconf 90' lang='lat' dir='ltr'><strong>non</strong></span> <span class='ocrx_word' id='word_1_105' title='bbox 750 741 788 768; x_wconf 90' lang='lat' dir='ltr'><strong>sic</strong></span> <span class='ocrx_word' id='word_1_106' title='bbox 796 740 847 773; x_wconf 90' lang='lat' dir='ltr'><strong>isti,</strong></span> <span class='ocrx_word' id='word_1_107' title='bbox 857 740 902 775; x_wconf 91' lang='lat' dir='ltr'><strong>qui</strong></span> <span class='ocrx_word' id='word_1_108' title='bbox 911 748 996 775; x_wconf 75' lang='lat' dir='ltr'><strong>:egro-</strong></span> 
     </span>
    </p>
   </div>
   <div class='ocr_carea' id='block_1_14' title="bbox 206 786 994 823">
    <p class='ocr_par' dir='ltr' id='par_1_14' title="bbox 206 786 994 823">
     <span class='ocr_line' id='line_1_14' title="bbox 206 786 994 823; baseline -0.003 -7"><span class='ocrx_word' id='word_1_109' title='bbox 206 796 263 816; x_wconf 93' lang='lat' dir='ltr'><strong>rum</strong></span> <span class='ocrx_word' id='word_1_110' title='bbox 278 789 391 816; x_wconf 92' lang='lat' dir='ltr'><strong>salutem</strong></span> <span class='ocrx_word' id='word_1_111' title='bbox 412 792 547 823; x_wconf 89' lang='lat' dir='ltr'><strong>spectant,</strong></span> <span class='ocrx_word' id='word_1_112' title='bbox 562 796 612 816; x_wconf 88' lang='lat' dir='ltr'><strong>nec</strong></span> <span class='ocrx_word' id='word_1_113' title='bbox 633 788 778 815; x_wconf 86' lang='lat' dir='ltr'><strong>ambitione</strong></span> <span class='ocrx_word' id='word_1_114' title='bbox 798 787 940 815; x_wconf 91' lang='lat' dir='ltr'><strong>ducuntur.</strong></span> <span class='ocrx_word' id='word_1_115' title='bbox 956 786 994 814; x_wconf 86' lang='lat' dir='ltr'><strong>Ne</strong></span> 
     </span>
    </p>
   </div>
   <div class='ocr_carea' id='block_1_15' title="bbox 205 834 993 870">
    <p class='ocr_par' dir='ltr' id='par_1_15' title="bbox 205 834 993 870">
     <span class='ocr_line' id='line_1_15' title="bbox 205 834 993 870; baseline -0.001 -8"><span class='ocrx_word' id='word_1_116' title='bbox 205 835 293 870; x_wconf 83' lang='lat' dir='ltr'><strong>itaque</strong></span> <span class='ocrx_word' id='word_1_117' title='bbox 306 835 411 862; x_wconf 90' lang='lat' dir='ltr'><strong>illorum</strong></span> <span class='ocrx_word' id='word_1_118' title='bbox 427 834 623 862; x_wconf 85' lang='lat' dir='ltr'><strong>muiiitudinem</strong></span> <span class='ocrx_word' id='word_1_119' title='bbox 646 834 773 862; x_wconf 81' lang='lat' dir='ltr'><strong>formides</strong></span> <span class='ocrx_word' id='word_1_120' title='bbox 788 843 794 861; x_wconf 88' lang='lat'><strong>:</strong></span> <span class='ocrx_word' id='word_1_121' title='bbox 809 842 877 862; x_wconf 91' lang='lat' dir='ltr'><strong>unus</strong></span> <span class='ocrx_word' id='word_1_122' title='bbox 893 835 918 861; x_wconf 94' lang='lat' dir='ltr'><strong>in</strong></span> <span class='ocrx_word' id='word_1_123' title='bbox 933 841 993 862; x_wconf 91' lang='lat' dir='ltr'><strong>om-</strong></span> 
     </span>
    </p>
   </div>
   <div class='ocr_carea' id='block_1_16' title="bbox 205 880 695 916">
    <p class='ocr_par' dir='ltr' id='par_1_16' title="bbox 205 880 695 916">
     <span class='ocr_line' id='line_1_16' title="bbox 205 880 695 916; baseline -0.002 -8"><span class='ocrx_word' id='word_1_124' title='bbox 205 881 281 909; x_wconf 90' lang='lat' dir='ltr'><strong>nibus</strong></span> <span class='ocrx_word' id='word_1_125' title='bbox 296 881 411 916; x_wconf 88' lang='lat' dir='ltr'><strong>loquitur</strong></span> <span class='ocrx_word' id='word_1_126' title='bbox 425 881 549 915; x_wconf 83' lang='lat' dir='ltr'><strong>magister</strong></span> <span class='ocrx_word' id='word_1_127' title='bbox 563 880 695 908; x_wconf 83' lang='lat' dir='ltr'><strong>Christus.</strong></span> 
     </span>
    </p>
   </div>
   <div class='ocr_carea' id='block_1_17' title="bbox 227 926 992 961">
    <p class='ocr_par' dir='ltr' id='par_1_17' title="bbox 227 926 992 961">
     <span class='ocr_line' id='line_1_17' title="bbox 227 926 992 961; baseline 0 -7"><span class='ocrx_word' id='word_1_128' title='bbox 227 927 265 955; x_wconf 50' lang='lat'><strong>»5.</strong></span> <span class='ocrx_word' id='word_1_129' title='bbox 287 926 353 954; x_wconf 88' lang='lat' dir='ltr'><strong>Vide</strong></span> <span class='ocrx_word' id='word_1_130' title='bbox 367 934 460 954; x_wconf 87' lang='lat' dir='ltr'><strong>rursus</strong></span> <span class='ocrx_word' id='word_1_131' title='bbox 472 927 616 954; x_wconf 91' lang='lat' dir='ltr'><strong>intrantem</strong></span> <span class='ocrx_word' id='word_1_132' title='bbox 628 926 719 958; x_wconf 87' lang='lat' dir='ltr'><strong>alium.</strong></span> <span class='ocrx_word' id='word_1_133' title='bbox 733 931 759 953; x_wconf 94' lang='lat' dir='ltr'><strong>ct</strong></span> <span class='ocrx_word' id='word_1_134' title='bbox 768 926 885 961; x_wconf 87' lang='lat' dir='ltr'><strong>graviter</strong></span> <span class='ocrx_word' id='word_1_135' title='bbox 895 926 928 953; x_wconf 93' lang='lat' dir='ltr'><strong>de</strong></span> <span class='ocrx_word' id='word_1_136' title='bbox 942 926 992 954; x_wconf 90' lang='lat' dir='ltr'><strong>hoc</strong></span> 
     </span>
    </p>
   </div>
   <div class='ocr_carea' id='block_1_18' title="bbox 204 970 989 1008">
    <p class='ocr_par' dir='ltr' id='par_1_18' title="bbox 204 970 989 1008">
     <span class='ocr_line' id='line_1_18' title="bbox 204 970 989 1008; baseline 0 -8"><span class='ocrx_word' id='word_1_137' title='bbox 204 974 298 1001; x_wconf 90' lang='lat' dir='ltr'><strong>morbo</strong></span> <span class='ocrx_word' id='word_1_138' title='bbox 317 973 468 1008; x_wconf 87' lang='lat' dir='ltr'><strong>loquentem</strong></span> <span class='ocrx_word' id='word_1_139' title='bbox 482 994 490 1005; x_wconf 92' lang='lat'><strong>,</strong></span> <span class='ocrx_word' id='word_1_140' title='bbox 505 970 558 1000; x_wconf 90' lang='lat' dir='ltr'><strong>imo</strong></span> <span class='ocrx_word' id='word_1_141' title='bbox 579 973 666 1007; x_wconf 91' lang='lat' dir='ltr'><strong>ipsum</strong></span> <span class='ocrx_word' id='word_1_142' title='bbox 681 973 752 1000; x_wconf 89' lang='lat' dir='ltr'><strong>illius</strong></span> <span class='ocrx_word' id='word_1_143' title='bbox 766 980 813 1000; x_wconf 91' lang='lat' dir='ltr'><strong>ore</strong></span> <span class='ocrx_word' id='word_1_144' title='bbox 826 973 989 1008; x_wconf 75' lang='lat' dir='ltr'><strong>Magistrum.</strong></span> 
     </span>
    </p>
   </div>
   <div class='ocr_carea' id='block_1_19' title="bbox 204 1019 989 1056">
    <p class='ocr_par' dir='ltr' id='par_1_19' title="bbox 204 1019 989 1056">
     <span class='ocr_line' id='line_1_19' title="bbox 204 1019 989 1056; baseline 0 -9"><span class='ocrx_word' id='word_1_145' title='bbox 204 1019 264 1047; x_wconf 87' lang='lat' dir='ltr'><strong>Non</strong></span> <span class='ocrx_word' id='word_1_146' title='bbox 280 1021 382 1056; x_wconf 81' lang='lat' dir='ltr'><strong>potestis</strong></span> <span class='ocrx_word' id='word_1_147' title='bbox 398 1021 464 1047; x_wconf 82' lang='lat' dir='ltr'><strong>enim</strong></span> <span class='ocrx_word' id='word_1_148' title='bbox 477 1019 531 1047; x_wconf 84' lang='lat' dir='ltr'><strong>Deo</strong></span> <span class='ocrx_word' id='word_1_149' title='bbox 548 1020 640 1047; x_wconf 75' lang='lat' dir='ltr'><strong>servire</strong></span> <span class='ocrx_word' id='word_1_150' title='bbox 661 1024 684 1047; x_wconf 85' lang='lat' dir='ltr'><strong>et</strong></span> <span class='ocrx_word' id='word_1_151' title='bbox 697 1027 820 1047; x_wconf 64' lang='lat' dir='ltr'><strong>mamonae</strong></span> <span class='ocrx_word' id='word_1_152' title='bbox 832 1020 841 1055; x_wconf 91' lang='lat'><strong>(</strong></span> <span class='ocrx_word' id='word_1_153' title='bbox 854 1019 948 1048; x_wconf 81' lang='lat' dir='ltr'><strong><em>Matth.</em></strong></span> <span class='ocrx_word' id='word_1_154' title='bbox 963 1020 989 1047; x_wconf 86' lang='lat'><strong>6.</strong></span> 
     </span>
    </p>
   </div>
   <div class='ocr_carea' id='block_1_20' title="bbox 201 1065 989 1101">
    <p class='ocr_par' dir='ltr' id='par_1_20' title="bbox 201 1065 989 1101">
     <span class='ocr_line' id='line_1_20' title="bbox 201 1065 989 1101; baseline 0 -9"><span class='ocrx_word' id='word_1_155' title='bbox 201 1065 236 1093; x_wconf 68' lang='grc' dir='ltr'><strong>ει</strong></span> <span class='ocrx_word' id='word_1_156' title='bbox 249 1066 269 1101; x_wconf 93' lang='grc'><strong>).</strong></span> <span class='ocrx_word' id='word_1_157' title='bbox 283 1066 379 1098; x_wconf 84' lang='lat' dir='ltr'><strong>Etiam,</strong></span> <span class='ocrx_word' id='word_1_158' title='bbox 394 1066 507 1101; x_wconf 85' lang='lat' dir='ltr'><strong>inquies,</strong></span> <span class='ocrx_word' id='word_1_159' title='bbox 521 1065 566 1093; x_wconf 91' lang='lat' dir='ltr'><strong>sed</strong></span> <span class='ocrx_word' id='word_1_160' title='bbox 579 1065 714 1100; x_wconf 87' lang='lat' dir='ltr'><strong>quomodo</strong></span> <span class='ocrx_word' id='word_1_161' title='bbox 730 1065 787 1092; x_wconf 64' lang='lat' dir='ltr'><strong>haec</strong></span> <span class='ocrx_word' id='word_1_162' title='bbox 801 1065 900 1093; x_wconf 86' lang='lat' dir='ltr'><strong>erunt?</strong></span> <span class='ocrx_word' id='word_1_163' title='bbox 915 1065 989 1099; x_wconf 80' lang='lat' dir='ltr'><strong>Quo-</strong></span> 
     </span>
    </p>
   </div>
   <div class='ocr_carea' id='block_1_21' title="bbox 202 1111 990 1147">
    <p class='ocr_par' dir='ltr' id='par_1_21' title="bbox 202 1111 990 1147">
     <span class='ocr_line' id='line_1_21' title="bbox 202 1111 990 1147; baseline 0 -8"><span class='ocrx_word' id='word_1_164' title='bbox 202 1111 280 1139; x_wconf 93' lang='lat' dir='ltr'><strong>modo</strong></span> <span class='ocrx_word' id='word_1_165' title='bbox 303 1112 544 1147; x_wconf 86' lang='lat' dir='ltr'><strong>concupiscentiam</strong></span> <span class='ocrx_word' id='word_1_166' title='bbox 569 1111 753 1146; x_wconf 84' lang='lat' dir='ltr'><strong>deponemus?</strong></span> <span class='ocrx_word' id='word_1_167' title='bbox 777 1111 844 1139; x_wconf 85' lang='lat' dir='ltr'><strong>Hinc</strong></span> <span class='ocrx_word' id='word_1_168' title='bbox 870 1111 990 1140; x_wconf 83' lang='lat' dir='ltr'><strong>ediscere</strong></span> 
     </span>
    </p>
   </div>
   <div class='ocr_carea' id='block_1_22' title="bbox 201 1156 988 1191">
    <p class='ocr_par' dir='ltr' id='par_1_22' title="bbox 201 1156 988 1191">
     <span class='ocr_line' id='line_1_22' title="bbox 201 1156 988 1191; baseline 0.001 -8"><span class='ocrx_word' id='word_1_169' title='bbox 201 1157 272 1184; x_wconf 85' lang='lat' dir='ltr'><strong>licet.</strong></span> <span class='ocrx_word' id='word_1_170' title='bbox 287 1156 322 1184; x_wconf 85' lang='lat' dir='ltr'><strong>Et</strong></span> <span class='ocrx_word' id='word_1_171' title='bbox 334 1156 468 1191; x_wconf 87' lang='lat' dir='ltr'><strong>quomodo</strong></span> <span class='ocrx_word' id='word_1_172' title='bbox 482 1156 632 1184; x_wconf 82' lang='lat' dir='ltr'><strong>discemus?</strong></span> <span class='ocrx_word' id='word_1_173' title='bbox 652 1156 721 1184; x_wconf 79' lang='lat' dir='ltr'><strong>Audi</strong></span> <span class='ocrx_word' id='word_1_174' title='bbox 744 1157 830 1191; x_wconf 89' lang='lat' dir='ltr'><strong>ipsum</strong></span> <span class='ocrx_word' id='word_1_175' title='bbox 850 1156 902 1184; x_wconf 87' lang='lat' dir='ltr'><strong>hoc</strong></span> <span class='ocrx_word' id='word_1_176' title='bbox 920 1165 988 1190; x_wconf 87' lang='lat' dir='ltr'><strong>quo-</strong></span> 
     </span>
    </p>
   </div>
   <div class='ocr_carea' id='block_1_23' title="bbox 199 1201 988 1238">
    <p class='ocr_par' dir='ltr' id='par_1_23' title="bbox 199 1201 988 1238">
     <span class='ocr_line' id='line_1_23' title="bbox 199 1201 988 1238; baseline -0.001 -8"><span class='ocrx_word' id='word_1_177' title='bbox 199 1211 251 1238; x_wconf 87' lang='lat' dir='ltr'><strong>que</strong></span> <span class='ocrx_word' id='word_1_178' title='bbox 265 1203 397 1230; x_wconf 86' lang='lat' dir='ltr'><strong>dicentem</strong></span> <span class='ocrx_word' id='word_1_179' title='bbox 410 1211 417 1230; x_wconf 89' lang='lat'>:</span> <span class='ocrx_word' id='word_1_180' title='bbox 432 1201 521 1230; x_wconf 82' lang='lat' dir='ltr'><strong>Nolite</strong></span> <span class='ocrx_word' id='word_1_181' title='bbox 532 1202 702 1229; x_wconf 83' lang='lat' dir='ltr'><strong>thesaurisare</strong></span> <span class='ocrx_word' id='word_1_182' title='bbox 725 1202 793 1229; x_wconf 79' lang='lat' dir='ltr'><strong>vobis</strong></span> <span class='ocrx_word' id='word_1_183' title='bbox 816 1202 947 1229; x_wconf 72' lang='lat' dir='ltr'><strong>thesauros</strong></span> <span class='ocrx_word' id='word_1_184' title='bbox 962 1203 988 1229; x_wconf 89' lang='lat' dir='ltr'><strong>in</strong></span> 
     </span>
    </p>
   </div>
   <div class='ocr_carea' id='block_1_24' title="bbox 198 1249 987 1286">
    <p class='ocr_par' dir='ltr' id='par_1_24' title="bbox 198 1249 987 1286">
     <span class='ocr_line' id='line_1_24' title="bbox 198 1249 987 1286; baseline -0.001 -9"><span class='ocrx_word' id='word_1_185' title='bbox 198 1255 274 1284; x_wconf 83' lang='lat' dir='ltr'><strong>terra,</strong></span> <span class='ocrx_word' id='word_1_186' title='bbox 289 1251 332 1277; x_wconf 85' lang='lat' dir='ltr'><strong>ubi</strong></span> <span class='ocrx_word' id='word_1_187' title='bbox 344 1258 429 1286; x_wconf 67' lang='lat' dir='ltr'><strong>aerugo</strong></span> <span class='ocrx_word' id='word_1_188' title='bbox 445 1255 468 1278; x_wconf 89' lang='lat' dir='ltr'><strong>et</strong></span> <span class='ocrx_word' id='word_1_189' title='bbox 491 1251 556 1277; x_wconf 81' lang='lat' dir='ltr'><strong>tinea</strong></span> <span class='ocrx_word' id='word_1_190' title='bbox 569 1249 720 1282; x_wconf 80' lang='lat' dir='ltr'><strong>demolitur,</strong></span> <span class='ocrx_word' id='word_1_191' title='bbox 734 1253 757 1276; x_wconf 91' lang='lat' dir='ltr'><strong>et</strong></span> <span class='ocrx_word' id='word_1_192' title='bbox 770 1249 812 1276; x_wconf 89' lang='lat' dir='ltr'><strong>ubi</strong></span> <span class='ocrx_word' id='word_1_193' title='bbox 833 1251 901 1284; x_wconf 77' lang='lat' dir='ltr'><strong>fures</strong></span> <span class='ocrx_word' id='word_1_194' title='bbox 922 1249 987 1281; x_wconf 80' lang='lat' dir='ltr'><strong>elfo-</strong></span> 
     </span>
    </p>
   </div>
   <div class='ocr_carea' id='block_1_25' title="bbox 198 1294 988 1331">
    <p class='ocr_par' dir='ltr' id='par_1_25' title="bbox 198 1294 988 1331">
     <span class='ocr_line' id='line_1_25' title="bbox 198 1294 988 1331; baseline -0.004 -8"><span class='ocrx_word' id='word_1_195' title='bbox 198 1297 269 1323; x_wconf 82' lang='lat' dir='ltr'><strong>diunt</strong></span> <span class='ocrx_word' id='word_1_196' title='bbox 285 1301 308 1323; x_wconf 85' lang='lat' dir='ltr'><strong>et</strong></span> <span class='ocrx_word' id='word_1_197' title='bbox 319 1296 437 1331; x_wconf 79' lang='lat' dir='ltr'><strong>{urantur</strong></span> <span class='ocrx_word' id='word_1_198' title='bbox 451 1295 565 1331; x_wconf 83' lang='lat' dir='ltr'><strong>(Matth.</strong></span> <span class='ocrx_word' id='word_1_199' title='bbox 582 1296 608 1322; x_wconf 85' lang='lat'><strong>6.</strong></span> <span class='ocrx_word' id='word_1_200' title='bbox 624 1294 689 1331; x_wconf 82' lang='grc'><strong>19).</strong></span> <span class='ocrx_word' id='word_1_201' title='bbox 707 1294 799 1321; x_wconf 83' lang='lat' dir='ltr'><strong>Viden’</strong></span> <span class='ocrx_word' id='word_1_202' title='bbox 814 1294 948 1329; x_wconf 87' lang='lat' dir='ltr'><strong>quomodo</strong></span> <span class='ocrx_word' id='word_1_203' title='bbox 961 1300 988 1321; x_wconf 91' lang='lat' dir='ltr'><strong>et</strong></span> 
     </span>
    </p>
   </div>
   <div class='ocr_carea' id='block_1_26' title="bbox 197 1341 985 1377">
    <p class='ocr_par' dir='ltr' id='par_1_26' title="bbox 197 1341 985 1377">
     <span class='ocr_line' id='line_1_26' title="bbox 197 1341 985 1377; baseline -0.003 -8"><span class='ocrx_word' id='word_1_204' title='bbox 197 1351 210 1369; x_wconf 69' lang='grc' dir='ltr'><strong>ει</strong></span> <span class='ocrx_word' id='word_1_205' title='bbox 226 1342 284 1370; x_wconf 90' lang='lat' dir='ltr'><strong>loco</strong></span> <span class='ocrx_word' id='word_1_206' title='bbox 293 1347 319 1370; x_wconf 88' lang='lat' dir='ltr'><strong>et</strong></span> <span class='ocrx_word' id='word_1_207' title='bbox 332 1350 347 1370; x_wconf 89' lang='lat' dir='ltr'><strong>a</strong></span> <span class='ocrx_word' id='word_1_208' title='bbox 359 1342 560 1377; x_wconf 87' lang='lat' dir='ltr'><strong>corruptoribus</strong></span> <span class='ocrx_word' id='word_1_209' title='bbox 570 1341 603 1369; x_wconf 90' lang='lat' dir='ltr'><strong>ab</strong></span> <span class='ocrx_word' id='word_1_210' title='bbox 615 1341 664 1368; x_wconf 85' lang='lat' dir='ltr'><strong>hac</strong></span> <span class='ocrx_word' id='word_1_211' title='bbox 679 1345 784 1369; x_wconf 89' lang='lat' dir='ltr'><strong>terrena</strong></span> <span class='ocrx_word' id='word_1_212' title='bbox 795 1341 985 1375; x_wconf 80' lang='lat' dir='ltr'><strong>concupiscen-</strong></span> 
     </span>
    </p>
   </div>
   <div class='ocr_carea' id='block_1_27' title="bbox 198 1387 985 1423">
    <p class='ocr_par' dir='ltr' id='par_1_27' title="bbox 198 1387 985 1423">
     <span class='ocr_line' id='line_1_27' title="bbox 198 1387 985 1423; baseline -0.004 -7"><span class='ocrx_word' id='word_1_213' title='bbox 198 1390 232 1416; x_wconf 88' lang='lat' dir='ltr'><strong>tia</strong></span> <span class='ocrx_word' id='word_1_214' title='bbox 246 1394 365 1421; x_wconf 86' lang='lat' dir='ltr'><strong>avertat,</strong></span> <span class='ocrx_word' id='word_1_215' title='bbox 381 1393 409 1417; x_wconf 88' lang='lat' dir='ltr'><strong>ot</strong></span> <span class='ocrx_word' id='word_1_216' title='bbox 432 1388 504 1416; x_wconf 88' lang='lat' dir='ltr'><strong>illam</strong></span> <span class='ocrx_word' id='word_1_217' title='bbox 526 1388 591 1421; x_wconf 74' lang='lat' dir='ltr'><strong>czelo</strong></span> <span class='ocrx_word' id='word_1_218' title='bbox 614 1387 722 1423; x_wconf 80' lang='lat' dir='ltr'><strong>alligat,</strong></span> <span class='ocrx_word' id='word_1_219' title='bbox 738 1387 781 1415; x_wconf 93' lang='lat' dir='ltr'><strong>ubi</strong></span> <span class='ocrx_word' id='word_1_220' title='bbox 802 1391 856 1414; x_wconf 91' lang='lat' dir='ltr'><strong>tuta</strong></span> <span class='ocrx_word' id='word_1_221' title='bbox 875 1387 985 1414; x_wconf 86' lang='lat' dir='ltr'><strong>omnia?</strong></span> 
     </span>
    </p>
   </div>
   <div class='ocr_carea' id='block_1_28' title="bbox 195 1433 985 1469">
    <p class='ocr_par' dir='ltr' id='par_1_28' title="bbox 195 1433 985 1469">
     <span class='ocr_line' id='line_1_28' title="bbox 195 1433 985 1469; baseline -0.003 -8"><span class='ocrx_word' id='word_1_222' title='bbox 195 1434 222 1462; x_wconf 90' lang='lat' dir='ltr'><strong>Si</strong></span> <span class='ocrx_word' id='word_1_223' title='bbox 236 1434 306 1461; x_wconf 86' lang='lat' dir='ltr'><strong>enim</strong></span> <span class='ocrx_word' id='word_1_224' title='bbox 318 1455 326 1468; x_wconf 91' lang='lat'><strong>,</strong></span> <span class='ocrx_word' id='word_1_225' title='bbox 341 1435 443 1469; x_wconf 89' lang='lat' dir='ltr'><strong>inquit,</strong></span> <span class='ocrx_word' id='word_1_226' title='bbox 460 1434 507 1461; x_wconf 90' lang='lat' dir='ltr'><strong>illo</strong></span> <span class='ocrx_word' id='word_1_227' title='bbox 520 1434 625 1461; x_wconf 82' lang='lat' dir='ltr'><strong>divitias</strong></span> <span class='ocrx_word' id='word_1_228' title='bbox 641 1433 824 1466; x_wconf 79' lang='lat' dir='ltr'><strong>transferatis,</strong></span> <span class='ocrx_word' id='word_1_229' title='bbox 839 1433 882 1460; x_wconf 93' lang='lat' dir='ltr'><strong>ubi</strong></span> <span class='ocrx_word' id='word_1_230' title='bbox 899 1441 985 1467; x_wconf 86' lang='lat' dir='ltr'><strong>neque</strong></span> 
     </span>
    </p>
   </div>
   <div class='ocr_carea' id='block_1_29' title="bbox 194 1479 985 1516">
    <p class='ocr_par' dir='ltr' id='par_1_29' title="bbox 194 1479 985 1516">
     <span class='ocr_line' id='line_1_29' title="bbox 194 1479 985 1516; baseline -0.001 -8"><span class='ocrx_word' id='word_1_231' title='bbox 194 1488 292 1516; x_wconf 70' lang='lat' dir='ltr'><strong>aerugo,</strong></span> <span class='ocrx_word' id='word_1_232' title='bbox 309 1488 394 1516; x_wconf 91' lang='lat' dir='ltr'><strong>neque</strong></span> <span class='ocrx_word' id='word_1_233' title='bbox 406 1481 475 1508; x_wconf 84' lang='lat' dir='ltr'><strong>tinea</strong></span> <span class='ocrx_word' id='word_1_234' title='bbox 489 1481 631 1511; x_wconf 85' lang='lat' dir='ltr'><strong>consumit,</strong></span> <span class='ocrx_word' id='word_1_235' title='bbox 650 1479 695 1506; x_wconf 92' lang='lat' dir='ltr'><strong>ubi</strong></span> <span class='ocrx_word' id='word_1_236' title='bbox 711 1480 782 1507; x_wconf 81' lang='lat' dir='ltr'><strong>iures</strong></span> <span class='ocrx_word' id='word_1_237' title='bbox 795 1487 845 1507; x_wconf 86' lang='lat' dir='ltr'><strong>nec</strong></span> <span class='ocrx_word' id='word_1_238' title='bbox 856 1479 985 1507; x_wconf 76' lang='lat' dir='ltr'><strong>eﬂ&#39;odiunt</strong></span> 
     </span>
    </p>
   </div>
   <div class='ocr_carea' id='block_1_30' title="bbox 194 1526 983 1561">
    <p class='ocr_par' dir='ltr' id='par_1_30' title="bbox 194 1526 983 1561">
     <span class='ocr_line' id='line_1_30' title="bbox 194 1526 983 1561; baseline 0 -7"><span class='ocrx_word' id='word_1_239' title='bbox 194 1534 244 1554; x_wconf 87' lang='lat' dir='ltr'><strong>nec</strong></span> <span class='ocrx_word' id='word_1_240' title='bbox 258 1527 395 1560; x_wconf 79' lang='lat' dir='ltr'><strong>furantur,</strong></span> <span class='ocrx_word' id='word_1_241' title='bbox 406 1531 433 1555; x_wconf 92' lang='lat' dir='ltr'><strong>et</strong></span> <span class='ocrx_word' id='word_1_242' title='bbox 445 1527 517 1554; x_wconf 90' lang='lat' dir='ltr'><strong>hunc</strong></span> <span class='ocrx_word' id='word_1_243' title='bbox 530 1526 667 1561; x_wconf 88' lang='lat' dir='ltr'><strong>depelletis</strong></span> <span class='ocrx_word' id='word_1_244' title='bbox 680 1526 817 1558; x_wconf 85' lang='lat' dir='ltr'><strong>morbum.</strong></span> <span class='ocrx_word' id='word_1_245' title='bbox 830 1531 857 1553; x_wconf 89' lang='lat' dir='ltr'><strong>et</strong></span> <span class='ocrx_word' id='word_1_246' title='bbox 868 1527 983 1554; x_wconf 87' lang='lat' dir='ltr'><strong>animam</strong></span> 
     </span>
    </p>
   </div>
   <div class='ocr_carea' id='block_1_31' title="bbox 194 1563 982 1608">
    <p class='ocr_par' dir='ltr' id='par_1_31' title="bbox 194 1563 982 1608">
     <span class='ocr_line' id='line_1_31' title="bbox 194 1563 982 1608; baseline -0.003 -8"><span class='ocrx_word' id='word_1_247' title='bbox 194 1573 219 1600; x_wconf 91' lang='lat' dir='ltr'><strong>in</strong></span> <span class='ocrx_word' id='word_1_248' title='bbox 234 1573 369 1608; x_wconf 85' lang='lat' dir='ltr'><strong>opulentia</strong></span> <span class='ocrx_word' id='word_1_249' title='bbox 393 1580 487 1607; x_wconf 88' lang='lat' dir='ltr'><strong>magna</strong></span> <span class='ocrx_word' id='word_1_250' title='bbox 501 1572 679 1600; x_wconf 88' lang='lat' dir='ltr'><strong>constituetis.</strong></span> <span class='ocrx_word' id='word_1_251' title='bbox 706 1563 746 1598; x_wconf 71' lang='lat' dir='ltr'><strong>Ad</strong></span> <span class='ocrx_word' id='word_1_252' title='bbox 760 1571 819 1599; x_wconf 69' lang='lat' dir='ltr'><strong>haec</strong></span> <span class='ocrx_word' id='word_1_253' title='bbox 830 1572 982 1607; x_wconf 87' lang='lat' dir='ltr'><strong>exemplum</strong></span> 
     </span>
    </p>
   </div>
   <div class='ocr_carea' id='block_1_32' title="bbox 192 1617 984 1654">
    <p class='ocr_par' dir='ltr' id='par_1_32' title="bbox 192 1617 984 1654">
     <span class='ocr_line' id='line_1_32' title="bbox 192 1617 984 1654; baseline -0.003 -7"><span class='ocrx_word' id='word_1_254' title='bbox 192 1619 269 1647; x_wconf 85' lang='lat' dir='ltr'><strong>ali&#39;ert</strong></span> <span class='ocrx_word' id='word_1_255' title='bbox 292 1627 345 1654; x_wconf 93' lang='lat' dir='ltr'><strong>quo</strong></span> <span class='ocrx_word' id='word_1_256' title='bbox 371 1625 396 1646; x_wconf 87' lang='lat' dir='ltr'><strong>te</strong></span> <span class='ocrx_word' id='word_1_257' title='bbox 420 1626 517 1654; x_wconf 88' lang='lat' dir='ltr'><strong>sapere</strong></span> <span class='ocrx_word' id='word_1_258' title='bbox 542 1619 644 1646; x_wconf 85' lang='lat' dir='ltr'><strong>doceat.</strong></span> <span class='ocrx_word' id='word_1_259' title='bbox 665 1618 699 1646; x_wconf 87' lang='lat' dir='ltr'><strong>Et</strong></span> <span class='ocrx_word' id='word_1_260' title='bbox 722 1619 791 1645; x_wconf 88' lang='lat' dir='ltr'><strong>sicut</strong></span> <span class='ocrx_word' id='word_1_261' title='bbox 809 1617 928 1645; x_wconf 90' lang='lat' dir='ltr'><strong>medicus</strong></span> <span class='ocrx_word' id='word_1_262' title='bbox 955 1622 984 1645; x_wconf 92' lang='lat' dir='ltr'><strong>ut</strong></span> 
     </span>
    </p>
   </div>
   <div class='ocr_carea' id='block_1_33' title="bbox 192 1665 981 1702">
    <p class='ocr_par' dir='ltr' id='par_1_33' title="bbox 192 1665 981 1702">
     <span class='ocr_line' id='line_1_33' title="bbox 192 1665 981 1702; baseline -0.003 -9"><span class='ocrx_word' id='word_1_263' title='bbox 192 1674 291 1702; x_wconf 83' lang='lat' dir='ltr'><strong>a-grum</strong></span> <span class='ocrx_word' id='word_1_264' title='bbox 308 1671 406 1694; x_wconf 89' lang='lat' dir='ltr'><strong>terreat</strong></span> <span class='ocrx_word' id='word_1_265' title='bbox 418 1665 501 1698; x_wconf 90' lang='lat' dir='ltr'><strong>dicit,</strong></span> <span class='ocrx_word' id='word_1_266' title='bbox 515 1665 563 1694; x_wconf 88' lang='lat' dir='ltr'><strong>llle</strong></span> <span class='ocrx_word' id='word_1_267' title='bbox 576 1665 647 1700; x_wconf 92' lang='lat' dir='ltr'><strong>quod</strong></span> <span class='ocrx_word' id='word_1_268' title='bbox 663 1673 730 1700; x_wconf 86' lang='lat' dir='ltr'><strong>aqua</strong></span> <span class='ocrx_word' id='word_1_269' title='bbox 745 1665 838 1700; x_wconf 81' lang='lat' dir='ltr'><strong>frigida</strong></span> <span class='ocrx_word' id='word_1_270' title='bbox 851 1669 981 1699; x_wconf 92' lang='lat' dir='ltr'><strong>uteretur,</strong></span> 
     </span>
    </p>
   </div>
   <div class='ocr_carea' id='block_1_34' title="bbox 193 1710 982 1746">
    <p class='ocr_par' dir='ltr' id='par_1_34' title="bbox 193 1710 982 1746">
     <span class='ocr_line' id='line_1_34' title="bbox 193 1710 982 1746; baseline -0.003 -7"><span class='ocrx_word' id='word_1_271' title='bbox 193 1712 291 1740; x_wconf 88' lang='lat' dir='ltr'><strong>interiit</strong></span> <span class='ocrx_word' id='word_1_272' title='bbox 304 1721 310 1740; x_wconf 92' lang='lat'><strong><em>:</em></strong></span> <span class='ocrx_word' id='word_1_273' title='bbox 325 1712 364 1739; x_wconf 90' lang='lat' dir='ltr'><strong>sic</strong></span> <span class='ocrx_word' id='word_1_274' title='bbox 377 1717 405 1739; x_wconf 91' lang='lat' dir='ltr'><strong>et</strong></span> <span class='ocrx_word' id='word_1_275' title='bbox 419 1712 464 1739; x_wconf 89' lang='lat' dir='ltr'><strong>ille</strong></span> <span class='ocrx_word' id='word_1_276' title='bbox 478 1711 588 1738; x_wconf 83' lang='lat' dir='ltr'><strong>divitem</strong></span> <span class='ocrx_word' id='word_1_277' title='bbox 607 1710 708 1738; x_wconf 87' lang='lat' dir='ltr'><strong>inducit</strong></span> <span class='ocrx_word' id='word_1_278' title='bbox 720 1718 831 1746; x_wconf 74' lang='lat' dir='ltr'><strong>aegrum,</strong></span> <span class='ocrx_word' id='word_1_279' title='bbox 845 1711 889 1745; x_wconf 90' lang='lat' dir='ltr'><strong>qui</strong></span> <span class='ocrx_word' id='word_1_280' title='bbox 904 1715 930 1738; x_wconf 90' lang='lat' dir='ltr'><strong>et</strong></span> <span class='ocrx_word' id='word_1_281' title='bbox 941 1711 982 1738; x_wconf 85' lang='lat' dir='ltr'><strong>vi-</strong></span> 
     </span>
    </p>
   </div>
   <div class='ocr_carea' id='block_1_35' title="bbox 192 1757 980 1793">
    <p class='ocr_par' dir='ltr' id='par_1_35' title="bbox 192 1757 980 1793">
     <span class='ocr_line' id='line_1_35' title="bbox 192 1757 980 1793; baseline -0.003 -8"><span class='ocrx_word' id='word_1_282' title='bbox 192 1763 245 1793; x_wconf 76' lang='lat' dir='ltr'><strong>tam</strong></span> <span class='ocrx_word' id='word_1_283' title='bbox 259 1763 285 1786; x_wconf 91' lang='lat' dir='ltr'><strong>et</strong></span> <span class='ocrx_word' id='word_1_284' title='bbox 297 1758 476 1785; x_wconf 86' lang='lat' dir='ltr'><strong>valetudinem</strong></span> <span class='ocrx_word' id='word_1_285' title='bbox 497 1761 606 1792; x_wconf 88' lang='lat' dir='ltr'><strong>cuperet</strong></span> <span class='ocrx_word' id='word_1_286' title='bbox 617 1778 625 1790; x_wconf 82' lang='lat'><strong>,</strong></span> <span class='ocrx_word' id='word_1_287' title='bbox 638 1764 688 1784; x_wconf 89' lang='lat' dir='ltr'><strong>nec</strong></span> <span class='ocrx_word' id='word_1_288' title='bbox 702 1757 819 1792; x_wconf 82' lang='lat' dir='ltr'><strong>potuerit</strong></span> <span class='ocrx_word' id='word_1_289' title='bbox 832 1757 959 1791; x_wconf 88' lang='lat' dir='ltr'><strong>consequi</strong></span> <span class='ocrx_word' id='word_1_290' title='bbox 972 1776 980 1789; x_wconf 87' lang='lat'><strong>,</strong></span> 
     </span>
    </p>
   </div>
   <div class='ocr_carea' id='block_1_36' title="bbox 191 1802 982 1839">
    <p class='ocr_par' dir='ltr' id='par_1_36' title="bbox 191 1802 982 1839">
     <span class='ocr_line' id='line_1_36' title="bbox 191 1802 982 1839; baseline 0 -10"><span class='ocrx_word' id='word_1_291' title='bbox 191 1804 260 1839; x_wconf 78' lang='lat' dir='ltr'><strong>quod</strong></span> <span class='ocrx_word' id='word_1_292' title='bbox 274 1804 391 1831; x_wconf 65' lang='lat' dir='ltr'><strong>avaritia:</strong></span> <span class='ocrx_word' id='word_1_293' title='bbox 403 1804 541 1835; x_wconf 89' lang='lat' dir='ltr'><strong>studeret,</strong></span> <span class='ocrx_word' id='word_1_294' title='bbox 555 1803 603 1830; x_wconf 91' lang='lat' dir='ltr'><strong>sed</strong></span> <span class='ocrx_word' id='word_1_295' title='bbox 618 1803 662 1837; x_wconf 86' lang='lat' dir='ltr'><strong>qui</strong></span> <span class='ocrx_word' id='word_1_296' title='bbox 678 1810 776 1829; x_wconf 85' lang='lat' dir='ltr'><strong>vacuus</strong></span> <span class='ocrx_word' id='word_1_297' title='bbox 798 1802 902 1830; x_wconf 86' lang='lat' dir='ltr'><strong>abierit.</strong></span> <span class='ocrx_word' id='word_1_298' title='bbox 918 1803 982 1829; x_wconf 86' lang='lat' dir='ltr'><strong>Post</strong></span> 
     </span>
    </p>
   </div>
   <div class='ocr_carea' id='block_1_37' title="bbox 193 1847 980 1883">
    <p class='ocr_par' dir='ltr' id='par_1_37' title="bbox 193 1847 980 1883">
     <span class='ocr_line' id='line_1_37' title="bbox 193 1847 980 1883; baseline -0.001 -7"><span class='ocrx_word' id='word_1_299' title='bbox 193 1850 262 1876; x_wconf 91' lang='lat' dir='ltr'><strong>hunc</strong></span> <span class='ocrx_word' id='word_1_300' title='bbox 276 1850 338 1876; x_wconf 85' lang='lat' dir='ltr'><strong>item</strong></span> <span class='ocrx_word' id='word_1_301' title='bbox 350 1849 430 1876; x_wconf 82' lang='lat' dir='ltr'><strong>alium</strong></span> <span class='ocrx_word' id='word_1_302' title='bbox 445 1849 492 1876; x_wconf 90' lang='lat' dir='ltr'><strong>tibi</strong></span> <span class='ocrx_word' id='word_1_303' title='bbox 507 1848 584 1875; x_wconf 74' lang='lat' dir='ltr'><strong>aliert</strong></span> <span class='ocrx_word' id='word_1_304' title='bbox 597 1848 664 1875; x_wconf 87' lang='lat' dir='ltr'><strong>alius</strong></span> <span class='ocrx_word' id='word_1_305' title='bbox 674 1848 837 1882; x_wconf 85' lang='lat' dir='ltr'><strong>evangelista</strong></span> <span class='ocrx_word' id='word_1_306' title='bbox 849 1847 924 1883; x_wconf 84' lang='lat' dir='ltr'><strong>(Luc.</strong></span> <span class='ocrx_word' id='word_1_307' title='bbox 935 1847 980 1875; x_wconf 79' lang='lat' dir='ltr'><strong>i6.</strong></span> 
     </span>
    </p>
   </div>
   <div class='ocr_carea' id='block_1_38' title="bbox 191 1894 980 1931">
    <p class='ocr_par' dir='ltr' id='par_1_38' title="bbox 191 1894 980 1931">
     <span class='ocr_line' id='line_1_38' title="bbox 191 1894 980 1931; baseline -0.003 -8"><span class='ocrx_word' id='word_1_308' title='bbox 191 1895 225 1923; x_wconf 71' lang='grc'><strong>24</strong></span> <span class='ocrx_word' id='word_1_309' title='bbox 236 1895 258 1931; x_wconf 82' lang='grc'><strong>),</strong></span> <span class='ocrx_word' id='word_1_310' title='bbox 285 1896 398 1923; x_wconf 86' lang='lat' dir='ltr'><strong>ﬂammis</strong></span> <span class='ocrx_word' id='word_1_311' title='bbox 411 1895 533 1923; x_wconf 86' lang='lat' dir='ltr'><strong>adustum</strong></span> <span class='ocrx_word' id='word_1_312' title='bbox 542 1915 549 1928; x_wconf 93' lang='lat'><strong>,</strong></span> <span class='ocrx_word' id='word_1_313' title='bbox 564 1895 608 1930; x_wconf 93' lang='lat' dir='ltr'><strong>qui</strong></span> <span class='ocrx_word' id='word_1_314' title='bbox 627 1902 660 1922; x_wconf 90' lang='lat' dir='ltr'><strong>ne</strong></span> <span class='ocrx_word' id='word_1_315' title='bbox 673 1895 771 1922; x_wconf 86' lang='lat' dir='ltr'><strong>stillam</strong></span> <span class='ocrx_word' id='word_1_316' title='bbox 782 1894 889 1929; x_wconf 91' lang='lat' dir='ltr'><strong>quidem</strong></span> <span class='ocrx_word' id='word_1_317' title='bbox 903 1902 980 1929; x_wconf 65' lang='lat' dir='ltr'><strong>aquae</strong></span> 
     </span>
    </p>
   </div>
   <div class='ocr_carea' id='block_1_39' title="bbox 190 1940 980 1975">
    <p class='ocr_par' dir='ltr' id='par_1_39' title="bbox 190 1940 980 1975">
     <span class='ocr_line' id='line_1_39' title="bbox 190 1940 980 1975; baseline -0.001 -7"><span class='ocrx_word' id='word_1_318' title='bbox 190 1941 311 1969; x_wconf 87' lang='lat' dir='ltr'><strong>haberet.</strong></span> <span class='ocrx_word' id='word_1_319' title='bbox 330 1941 432 1969; x_wconf 90' lang='lat' dir='ltr'><strong>Deinde</strong></span> <span class='ocrx_word' id='word_1_320' title='bbox 449 1941 593 1968; x_wconf 90' lang='lat' dir='ltr'><strong>ostendens</strong></span> <span class='ocrx_word' id='word_1_321' title='bbox 615 1940 702 1968; x_wconf 78' lang='lat' dir='ltr'><strong>facilia</strong></span> <span class='ocrx_word' id='word_1_322' title='bbox 716 1948 776 1967; x_wconf 87' lang='lat' dir='ltr'><strong>esse</strong></span> <span class='ocrx_word' id='word_1_323' title='bbox 791 1945 923 1975; x_wconf 75' lang='lat' dir='ltr'><strong>prmcepta</strong></span> <span class='ocrx_word' id='word_1_324' title='bbox 937 1940 980 1967; x_wconf 90' lang='lat' dir='ltr'><strong>di-</strong></span> 
     </span>
    </p>
   </div>
   <div class='ocr_carea' id='block_1_40' title="bbox 190 1986 980 2023">
    <p class='ocr_par' dir='ltr' id='par_1_40' title="bbox 190 1986 980 2023">
     <span class='ocr_line' id='line_1_40' title="bbox 190 1986 980 2023; baseline -0.001 -8"><span class='ocrx_word' id='word_1_325' title='bbox 190 1988 246 2020; x_wconf 86' lang='lat' dir='ltr'><strong>cit,</strong></span> <span class='ocrx_word' id='word_1_326' title='bbox 262 1988 388 2022; x_wconf 72' lang='lat' dir='ltr'><strong>Respicite</strong></span> <span class='ocrx_word' id='word_1_327' title='bbox 400 1988 514 2015; x_wconf 81' lang='lat' dir='ltr'><strong>volatilia</strong></span> <span class='ocrx_word' id='word_1_328' title='bbox 528 1988 583 2015; x_wconf 70' lang='lat' dir='ltr'><strong>curti</strong></span> <span class='ocrx_word' id='word_1_329' title='bbox 598 1987 711 2023; x_wconf 80' lang='lat' dir='ltr'><strong>(Matth.</strong></span> <span class='ocrx_word' id='word_1_330' title='bbox 726 1987 752 2015; x_wconf 86' lang='lat'><strong>6.</strong></span> <span class='ocrx_word' id='word_1_331' title='bbox 768 1986 834 2023; x_wconf 74' lang='lat'><strong>26).</strong></span> <span class='ocrx_word' id='word_1_332' title='bbox 851 1988 916 2015; x_wconf 91' lang='lat' dir='ltr'><strong>Cum</strong></span> <span class='ocrx_word' id='word_1_333' title='bbox 931 1995 980 2014; x_wconf 85' lang='lat' dir='ltr'><strong>au-</strong></span> 
     </span>
    </p>
   </div>
   <div class='ocr_carea' id='block_1_41' title="bbox 190 2033 979 2067">
    <p class='ocr_par' dir='ltr' id='par_1_41' title="bbox 190 2033 979 2067">
     <span class='ocr_line' id='line_1_41' title="bbox 190 2033 979 2067; baseline 0 -6"><span class='ocrx_word' id='word_1_334' title='bbox 190 2038 244 2061; x_wconf 85' lang='lat' dir='ltr'><strong>tem</strong></span> <span class='ocrx_word' id='word_1_335' title='bbox 260 2033 396 2062; x_wconf 89' lang='lat' dir='ltr'><strong>hominum</strong></span> <span class='ocrx_word' id='word_1_336' title='bbox 418 2033 565 2061; x_wconf 84' lang='lat' dir='ltr'><strong>inﬁrmitati</strong></span> <span class='ocrx_word' id='word_1_337' title='bbox 587 2041 616 2060; x_wconf 86' lang='lat' dir='ltr'><strong>se</strong></span> <span class='ocrx_word' id='word_1_338' title='bbox 638 2038 812 2067; x_wconf 87' lang='lat' dir='ltr'><strong>attemperct,</strong></span> <span class='ocrx_word' id='word_1_339' title='bbox 837 2041 870 2061; x_wconf 92' lang='lat' dir='ltr'><strong>ne</strong></span> <span class='ocrx_word' id='word_1_340' title='bbox 884 2033 979 2061; x_wconf 87' lang='lat' dir='ltr'><strong>divites</strong></span> 
     </span>
    </p>
   </div>
   <div class='ocr_carea' id='block_1_42' title="bbox 190 2080 979 2115">
    <p class='ocr_par' dir='ltr' id='par_1_42' title="bbox 190 2080 979 2115">
     <span class='ocr_line' id='line_1_42' title="bbox 190 2080 979 2115; baseline 0.001 -9"><span class='ocrx_word' id='word_1_341' title='bbox 190 2080 296 2114; x_wconf 83' lang='lat' dir='ltr'><strong>quidem</strong></span> <span class='ocrx_word' id='word_1_342' title='bbox 311 2080 455 2114; x_wconf 88' lang='lat' dir='ltr'><strong>desperare</strong></span> <span class='ocrx_word' id='word_1_343' title='bbox 468 2080 542 2108; x_wconf 88' lang='lat' dir='ltr'><strong>sinit.</strong></span> <span class='ocrx_word' id='word_1_344' title='bbox 560 2080 624 2114; x_wconf 73' lang='lat' dir='ltr'><strong>Qua:</strong></span> <span class='ocrx_word' id='word_1_345' title='bbox 634 2080 705 2107; x_wconf 87' lang='lat' dir='ltr'><strong>enim</strong></span> <span class='ocrx_word' id='word_1_346' title='bbox 718 2100 724 2112; x_wconf 93' lang='lat'><strong>,</strong></span> <span class='ocrx_word' id='word_1_347' title='bbox 736 2080 839 2115; x_wconf 89' lang='lat' dir='ltr'><strong>inquit,</strong></span> <span class='ocrx_word' id='word_1_348' title='bbox 854 2080 924 2115; x_wconf 82' lang='lat' dir='ltr'><strong>apud</strong></span> <span class='ocrx_word' id='word_1_349' title='bbox 935 2080 979 2107; x_wconf 88' lang='lat' dir='ltr'><strong>ho-</strong></span> 
     </span>
    </p>
   </div>
   <div class='ocr_carea' id='block_1_43' title="bbox 191 2148 348 2155">
    <p class='ocr_par' dir='ltr' id='par_1_43' title="bbox 191 2148 348 2155">
     <span class='ocr_line' id='line_1_43' title="bbox 191 2148 348 2155; baseline 0 -1"><span class='ocrx_word' id='word_1_350' title='bbox 191 2148 348 2155; x_wconf 60' lang='grc'><strong>...-</strong></span> 
     </span>
    </p>
   </div>
   <div class='ocr_carea' id='block_1_44' title="bbox 667 174 1367 206">
    <p class='ocr_par' dir='ltr' id='par_1_44' title="bbox 667 174 1367 206">
     <span class='ocr_line' id='line_1_44' title="bbox 667 174 1367 206; baseline 0.006 -4"><span class='ocrx_word' id='word_1_351' title='bbox 667 174 700 202; x_wconf 80' lang='grc' dir='ltr'><strong>ΙΝ</strong></span> <span class='ocrx_word' id='word_1_352' title='bbox 718 174 920 203; x_wconf 73' lang='grc' dir='ltr'><strong>ΜΑΤΤΗᾹΞΗΜ</strong></span> <span class='ocrx_word' id='word_1_353' title='bbox 941 174 1055 202; x_wconf 74' lang='lat' dir='ltr'><strong>llOMlL.</strong></span> <span class='ocrx_word' id='word_1_354' title='bbox 1073 175 1177 204; x_wconf 76' lang='lat' dir='ltr'><strong>LXXV.</strong></span> <span class='ocrx_word' id='word_1_355' title='bbox 1194 177 1229 204; x_wconf 86' lang='lat' dir='ltr'><strong>al.</strong></span> <span class='ocrx_word' id='word_1_356' title='bbox 1250 177 1367 206; x_wconf 77' lang='lat' dir='ltr'><strong>LXXVI.</strong></span> 
     </span>
    </p>
   </div>
   <div class='ocr_carea' id='block_1_45' title="bbox 1796 184 1849 213">
    <p class='ocr_par' dir='ltr' id='par_1_45' title="bbox 1796 184 1849 213">
     <span class='ocr_line' id='line_1_45' title="bbox 1796 184 1849 213; baseline 0.038 -2"><span class='ocrx_word' id='word_1_357' title='bbox 1796 184 1849 213; x_wconf 52' lang='grc' dir='ltr'><strong>(ΞΕ</strong></span> 
     </span>
    </p>
   </div>
   <div class='ocr_carea' id='block_1_46' title="bbox 1055 235 1846 274">
    <p class='ocr_par' dir='ltr' id='par_1_46' title="bbox 1055 235 1846 274">
     <span class='ocr_line' id='line_1_46' title="bbox 1055 235 1846 274; baseline 0.009 -13"><span class='ocrx_word' id='word_1_358' title='bbox 1055 235 1133 262; x_wconf 83' lang='lat' dir='ltr'><strong>mines</strong></span> <span class='ocrx_word' id='word_1_359' title='bbox 1157 235 1321 271; x_wconf 79' lang='lat' dir='ltr'><strong>impossibilia</strong></span> <span class='ocrx_word' id='word_1_360' title='bbox 1342 242 1417 271; x_wconf 85' lang='lat' dir='ltr'><strong>sunt,</strong></span> <span class='ocrx_word' id='word_1_361' title='bbox 1440 238 1569 273; x_wconf 75' lang='lat' dir='ltr'><strong>possibilia</strong></span> <span class='ocrx_word' id='word_1_362' title='bbox 1592 244 1651 265; x_wconf 87' lang='lat' dir='ltr'><strong>sunt</strong></span> <span class='ocrx_word' id='word_1_363' title='bbox 1668 240 1737 274; x_wconf 82' lang='lat' dir='ltr'><strong>apud</strong></span> <span class='ocrx_word' id='word_1_364' title='bbox 1762 240 1846 268; x_wconf 88' lang='lat' dir='ltr'><strong>Deum</strong></span> 
     </span>
    </p>
   </div>
   <div class='ocr_carea' id='block_1_47' title="bbox 1055 282 1847 322">
    <p class='ocr_par' dir='ltr' id='par_1_47' title="bbox 1055 282 1847 322">
     <span class='ocr_line' id='line_1_47' title="bbox 1055 282 1847 322; baseline 0.006 -12"><span class='ocrx_word' id='word_1_365' title='bbox 1055 282 1137 319; x_wconf 89' lang='lat' dir='ltr'><strong>(Luc.</strong></span> <span class='ocrx_word' id='word_1_366' title='bbox 1152 284 1195 312; x_wconf 76' lang='grc'><strong>18.</strong></span> <span class='ocrx_word' id='word_1_367' title='bbox 1211 284 1245 311; x_wconf 73' lang='grc'><strong>27</strong></span> <span class='ocrx_word' id='word_1_368' title='bbox 1257 284 1278 321; x_wconf 95' lang='grc'><strong>).</strong></span> <span class='ocrx_word' id='word_1_369' title='bbox 1295 285 1351 321; x_wconf 80' lang='lat' dir='ltr'><strong>Etsi</strong></span> <span class='ocrx_word' id='word_1_370' title='bbox 1365 293 1479 322; x_wconf 85' lang='lat' dir='ltr'><strong>namque</strong></span> <span class='ocrx_word' id='word_1_371' title='bbox 1491 286 1565 314; x_wconf 87' lang='lat' dir='ltr'><strong>dives</strong></span> <span class='ocrx_word' id='word_1_372' title='bbox 1581 286 1618 313; x_wconf 90' lang='lat' dir='ltr'><strong>sis</strong></span> <span class='ocrx_word' id='word_1_373' title='bbox 1629 307 1636 319; x_wconf 93' lang='lat'><strong>,</strong></span> <span class='ocrx_word' id='word_1_374' title='bbox 1652 292 1738 319; x_wconf 85' lang='lat' dir='ltr'><strong>potest</strong></span> <span class='ocrx_word' id='word_1_375' title='bbox 1751 292 1777 314; x_wconf 92' lang='lat' dir='ltr'><strong>te</strong></span> <span class='ocrx_word' id='word_1_376' title='bbox 1788 296 1847 315; x_wconf 86' lang='lat' dir='ltr'><strong>me-</strong></span> 
     </span>
    </p>
   </div>
   <div class='ocr_carea' id='block_1_48' title="bbox 1053 330 1845 367">
    <p class='ocr_par' dir='ltr' id='par_1_48' title="bbox 1053 330 1845 367">
     <span class='ocr_line' id='line_1_48' title="bbox 1053 330 1845 367; baseline 0.008 -11"><span class='ocrx_word' id='word_1_377' title='bbox 1053 330 1129 357; x_wconf 88' lang='lat' dir='ltr'><strong>dicus</strong></span> <span class='ocrx_word' id='word_1_378' title='bbox 1142 339 1247 358; x_wconf 86' lang='lat' dir='ltr'><strong>curare.</strong></span> <span class='ocrx_word' id='word_1_379' title='bbox 1269 332 1360 367; x_wconf 86' lang='lat' dir='ltr'><strong>Neque</strong></span> <span class='ocrx_word' id='word_1_380' title='bbox 1371 332 1442 360; x_wconf 89' lang='lat' dir='ltr'><strong>enim</strong></span> <span class='ocrx_word' id='word_1_381' title='bbox 1457 332 1563 361; x_wconf 88' lang='lat' dir='ltr'><strong>divitias</strong></span> <span class='ocrx_word' id='word_1_382' title='bbox 1578 334 1702 367; x_wconf 91' lang='lat' dir='ltr'><strong>sustulit,</strong></span> <span class='ocrx_word' id='word_1_383' title='bbox 1714 334 1760 361; x_wconf 81' lang='lat' dir='ltr'><strong>sed</strong></span> <span class='ocrx_word' id='word_1_384' title='bbox 1774 339 1845 362; x_wconf 88' lang='lat' dir='ltr'><strong>vetat</strong></span> 
     </span>
    </p>
   </div>
   <div class='ocr_carea' id='block_1_49' title="bbox 1053 378 1842 410">
    <p class='ocr_par' dir='ltr' id='par_1_49' title="bbox 1053 378 1842 410">
     <span class='ocr_line' id='line_1_49' title="bbox 1053 378 1842 410; baseline 0.005 -7"><span class='ocrx_word' id='word_1_385' title='bbox 1053 383 1112 403; x_wconf 83' lang='lat' dir='ltr'><strong>esse</strong></span> <span class='ocrx_word' id='word_1_386' title='bbox 1128 381 1153 403; x_wconf 89' lang='lat' dir='ltr'><strong>te</strong></span> <span class='ocrx_word' id='word_1_387' title='bbox 1169 378 1339 410; x_wconf 85' lang='lat' dir='ltr'><strong>pecuniarum</strong></span> <span class='ocrx_word' id='word_1_388' title='bbox 1365 385 1470 405; x_wconf 83' lang='lat' dir='ltr'><strong>servum</strong></span> <span class='ocrx_word' id='word_1_389' title='bbox 1482 399 1489 410; x_wconf 93' lang='lat'><strong>,</strong></span> <span class='ocrx_word' id='word_1_390' title='bbox 1513 382 1540 406; x_wconf 90' lang='lat' dir='ltr'><strong>et</strong></span> <span class='ocrx_word' id='word_1_391' title='bbox 1554 379 1672 406; x_wconf 67' lang='lat' dir='ltr'><strong>avariticc</strong></span> <span class='ocrx_word' id='word_1_392' title='bbox 1695 380 1842 408; x_wconf 89' lang='lat' dir='ltr'><strong>addictum.</strong></span> 
     </span>
    </p>
   </div>
   <div class='ocr_carea' id='block_1_50' title="bbox 1052 422 1844 461">
    <p class='ocr_par' dir='ltr' id='par_1_50' title="bbox 1052 422 1844 461">
     <span class='ocr_line' id='line_1_50' title="bbox 1052 422 1844 461; baseline 0.006 -13"><span class='ocrx_word' id='word_1_393' title='bbox 1052 422 1193 456; x_wconf 82' lang='lat' dir='ltr'><strong>Quomodo</strong></span> <span class='ocrx_word' id='word_1_394' title='bbox 1217 428 1305 457; x_wconf 89' lang='lat' dir='ltr'><strong>potest</strong></span> <span class='ocrx_word' id='word_1_395' title='bbox 1320 431 1384 459; x_wconf 89' lang='lat' dir='ltr'><strong>ergo</strong></span> <span class='ocrx_word' id='word_1_396' title='bbox 1400 424 1475 451; x_wconf 87' lang='lat' dir='ltr'><strong>dives</strong></span> <span class='ocrx_word' id='word_1_397' title='bbox 1490 424 1579 451; x_wconf 86' lang='lat' dir='ltr'><strong>salvus</strong></span> <span class='ocrx_word' id='word_1_398' title='bbox 1592 426 1669 452; x_wconf 82' lang='lat' dir='ltr'><strong>esse?</strong></span> <span class='ocrx_word' id='word_1_399' title='bbox 1681 426 1708 452; x_wconf 90' lang='lat' dir='ltr'><strong>Si</strong></span> <span class='ocrx_word' id='word_1_400' title='bbox 1724 426 1768 453; x_wconf 90' lang='lat' dir='ltr'><strong>illa</strong></span> <span class='ocrx_word' id='word_1_401' title='bbox 1784 435 1844 461; x_wconf 69' lang='lat' dir='ltr'><strong>qua:</strong></span> 
     </span>
    </p>
   </div>
   <div class='ocr_carea' id='block_1_51' title="bbox 1053 468 1844 504">
    <p class='ocr_par' dir='ltr' id='par_1_51' title="bbox 1053 468 1844 504">
     <span class='ocr_line' id='line_1_51' title="bbox 1053 468 1844 504; baseline 0.004 -10"><span class='ocrx_word' id='word_1_402' title='bbox 1053 468 1171 502; x_wconf 89' lang='lat' dir='ltr'><strong>possidet</strong></span> <span class='ocrx_word' id='word_1_403' title='bbox 1184 468 1236 495; x_wconf 91' lang='lat' dir='ltr'><strong>sint</strong></span> <span class='ocrx_word' id='word_1_404' title='bbox 1249 469 1340 503; x_wconf 84' lang='lat' dir='ltr'><strong>egenis</strong></span> <span class='ocrx_word' id='word_1_405' title='bbox 1353 469 1516 500; x_wconf 86' lang='lat' dir='ltr'><strong>communia,</strong></span> <span class='ocrx_word' id='word_1_406' title='bbox 1532 469 1617 504; x_wconf 88' lang='lat' dir='ltr'><strong>qualis</strong></span> <span class='ocrx_word' id='word_1_407' title='bbox 1631 470 1681 498; x_wconf 84' lang='lat' dir='ltr'><strong>Job</strong></span> <span class='ocrx_word' id='word_1_408' title='bbox 1693 476 1766 503; x_wconf 88' lang='lat' dir='ltr'><strong>erat,</strong></span> <span class='ocrx_word' id='word_1_409' title='bbox 1782 477 1809 499; x_wconf 86' lang='lat' dir='ltr'><strong>et</strong></span> <span class='ocrx_word' id='word_1_410' title='bbox 1822 471 1844 498; x_wconf 89' lang='lat' dir='ltr'><strong>si</strong></span> 
     </span>
    </p>
   </div>
   <div class='ocr_carea' id='block_1_52' title="bbox 1052 513 1840 552">
    <p class='ocr_par' dir='ltr' id='par_1_52' title="bbox 1052 513 1840 552">
     <span class='ocr_line' id='line_1_52' title="bbox 1052 513 1840 552; baseline 0.005 -12"><span class='ocrx_word' id='word_1_411' title='bbox 1052 513 1294 548; x_wconf 88' lang='lat' dir='ltr'><strong>concupiscentiam</strong></span> <span class='ocrx_word' id='word_1_412' title='bbox 1309 515 1423 549; x_wconf 91' lang='lat' dir='ltr'><strong>plurium</strong></span> <span class='ocrx_word' id='word_1_413' title='bbox 1437 523 1544 549; x_wconf 87' lang='lat' dir='ltr'><strong>semper</strong></span> <span class='ocrx_word' id='word_1_414' title='bbox 1564 515 1745 543; x_wconf 87' lang='lat' dir='ltr'><strong>habendarum</strong></span> <span class='ocrx_word' id='word_1_415' title='bbox 1761 525 1840 552; x_wconf 91' lang='lat' dir='ltr'><strong>opum</strong></span> 
     </span>
    </p>
   </div>
   <div class='ocr_carea' id='block_1_53' title="bbox 1051 559 1839 596">
    <p class='ocr_par' dir='ltr' id='par_1_53' title="bbox 1051 559 1839 596">
     <span class='ocr_line' id='line_1_53' title="bbox 1051 559 1839 596; baseline 0.008 -11"><span class='ocrx_word' id='word_1_416' title='bbox 1051 559 1186 593; x_wconf 88' lang='lat' dir='ltr'><strong>eliminet,</strong></span> <span class='ocrx_word' id='word_1_417' title='bbox 1203 565 1230 587; x_wconf 92' lang='lat' dir='ltr'><strong>et</strong></span> <span class='ocrx_word' id='word_1_418' title='bbox 1245 569 1389 596; x_wconf 89' lang='lat' dir='ltr'><strong>numquam</strong></span> <span class='ocrx_word' id='word_1_419' title='bbox 1413 562 1593 589; x_wconf 84' lang='lat' dir='ltr'><strong>necessarium</strong></span> <span class='ocrx_word' id='word_1_420' title='bbox 1618 571 1694 590; x_wconf 91' lang='lat' dir='ltr'><strong>usum</strong></span> <span class='ocrx_word' id='word_1_421' title='bbox 1718 564 1839 592; x_wconf 82' lang='lat' dir='ltr'><strong>excedat.</strong></span> 
     </span>
    </p>
   </div>
   <div class='ocr_carea' id='block_1_54' title="bbox 1051 605 1838 644">
    <p class='ocr_par' dir='ltr' id='par_1_54' title="bbox 1051 605 1838 644">
     <span class='ocr_line' id='line_1_54' title="bbox 1051 605 1838 644; baseline 0.01 -13"><span class='ocrx_word' id='word_1_422' title='bbox 1051 605 1112 631; x_wconf 87' lang='lat' dir='ltr'><strong>Post</strong></span> <span class='ocrx_word' id='word_1_423' title='bbox 1126 606 1196 633; x_wconf 91' lang='lat' dir='ltr'><strong>hunc</strong></span> <span class='ocrx_word' id='word_1_424' title='bbox 1209 607 1256 634; x_wconf 90' lang='lat' dir='ltr'><strong>tibi</strong></span> <span class='ocrx_word' id='word_1_425' title='bbox 1270 607 1438 642; x_wconf 90' lang='lat' dir='ltr'><strong>publicanum</strong></span> <span class='ocrx_word' id='word_1_426' title='bbox 1452 613 1583 636; x_wconf 81' lang='lat' dir='ltr'><strong>monstrat</strong></span> <span class='ocrx_word' id='word_1_427' title='bbox 1593 630 1601 642; x_wconf 57' lang='grc' dir='ltr'>τ</span> <span class='ocrx_word' id='word_1_428' title='bbox 1613 609 1656 644; x_wconf 89' lang='lat' dir='ltr'><strong>qui</strong></span> <span class='ocrx_word' id='word_1_429' title='bbox 1673 610 1706 637; x_wconf 83' lang='lat' dir='ltr'><strong>ab</strong></span> <span class='ocrx_word' id='word_1_430' title='bbox 1720 611 1838 639; x_wconf 57' lang='lat' dir='ltr'><strong>avaritia).</strong></span> 
     </span>
    </p>
   </div>
   <div class='ocr_carea' id='block_1_55' title="bbox 1049 649 1837 690">
    <p class='ocr_par' dir='ltr' id='par_1_55' title="bbox 1049 649 1837 690">
     <span class='ocr_line' id='line_1_55' title="bbox 1049 649 1837 690; baseline 0.01 -14"><span class='ocrx_word' id='word_1_431' title='bbox 1049 649 1123 677; x_wconf 74' lang='lat' dir='ltr'><strong>febre</strong></span> <span class='ocrx_word' id='word_1_432' title='bbox 1136 651 1189 678; x_wconf 92' lang='lat' dir='ltr'><strong>cito</strong></span> <span class='ocrx_word' id='word_1_433' title='bbox 1204 651 1331 679; x_wconf 80' lang='lat' dir='ltr'><strong>liberatus</strong></span> <span class='ocrx_word' id='word_1_434' title='bbox 1345 657 1388 679; x_wconf 86' lang='lat' dir='ltr'><strong>est</strong></span> <span class='ocrx_word' id='word_1_435' title='bbox 1402 652 1476 687; x_wconf 80' lang='lat' dir='ltr'><strong>(Luc.</strong></span> <span class='ocrx_word' id='word_1_436' title='bbox 1492 654 1518 681; x_wconf 82' lang='lat'><strong>5.</strong></span> <span class='ocrx_word' id='word_1_437' title='bbox 1534 653 1578 680; x_wconf 74' lang='lat'><strong>‘27.</strong></span> <span class='ocrx_word' id='word_1_438' title='bbox 1593 655 1673 690; x_wconf 85' lang='lat' dir='ltr'><strong>sqq.).</strong></span> <span class='ocrx_word' id='word_1_439' title='bbox 1686 655 1751 688; x_wconf 86' lang='lat' dir='ltr'><strong>Quis</strong></span> <span class='ocrx_word' id='word_1_440' title='bbox 1765 657 1837 683; x_wconf 93' lang='lat' dir='ltr'><strong>enim</strong></span> 
     </span>
    </p>
   </div>
   <div class='ocr_carea' id='block_1_56' title="bbox 1050 696 1837 735">
    <p class='ocr_par' dir='ltr' id='par_1_56' title="bbox 1050 696 1837 735">
     <span class='ocr_line' id='line_1_56' title="bbox 1050 696 1837 735; baseline 0.009 -13"><span class='ocrx_word' id='word_1_441' title='bbox 1050 696 1190 730; x_wconf 83' lang='lat' dir='ltr'><strong>publicano</strong></span> <span class='ocrx_word' id='word_1_442' title='bbox 1211 697 1274 724; x_wconf 88' lang='lat' dir='ltr'><strong>lucri</strong></span> <span class='ocrx_word' id='word_1_443' title='bbox 1297 698 1438 732; x_wconf 89' lang='lat' dir='ltr'><strong>cupidior?</strong></span> <span class='ocrx_word' id='word_1_444' title='bbox 1458 700 1584 726; x_wconf 82' lang='lat' dir='ltr'><strong>Attamen</strong></span> <span class='ocrx_word' id='word_1_445' title='bbox 1607 708 1672 734; x_wconf 87' lang='lat' dir='ltr'><strong>opes</strong></span> <span class='ocrx_word' id='word_1_446' title='bbox 1695 701 1837 735; x_wconf 80' lang='lat' dir='ltr'><strong>deposuit,</strong></span> 
     </span>
    </p>
   </div>
   <div class='ocr_carea' id='block_1_57' title="bbox 1047 742 1835 781">
    <p class='ocr_par' dir='ltr' id='par_1_57' title="bbox 1047 742 1835 781">
     <span class='ocr_line' id='line_1_57' title="bbox 1047 742 1835 781; baseline 0.008 -13"><span class='ocrx_word' id='word_1_447' title='bbox 1047 742 1108 777; x_wconf 88' lang='lat' dir='ltr'><strong>quia</strong></span> <span class='ocrx_word' id='word_1_448' title='bbox 1123 743 1217 770; x_wconf 84' lang='lat' dir='ltr'><strong>medici</strong></span> <span class='ocrx_word' id='word_1_449' title='bbox 1232 743 1334 779; x_wconf 83' lang='lat' dir='ltr'><strong>legibus</strong></span> <span class='ocrx_word' id='word_1_450' title='bbox 1347 745 1443 779; x_wconf 87' lang='lat' dir='ltr'><strong>paruit.</strong></span> <span class='ocrx_word' id='word_1_451' title='bbox 1459 745 1524 772; x_wconf 86' lang='lat' dir='ltr'><strong>Nam</strong></span> <span class='ocrx_word' id='word_1_452' title='bbox 1542 746 1607 773; x_wconf 79' lang='lat' dir='ltr'><strong>talos</strong></span> <span class='ocrx_word' id='word_1_453' title='bbox 1621 747 1699 774; x_wconf 86' lang='lat' dir='ltr'><strong>habet</strong></span> <span class='ocrx_word' id='word_1_454' title='bbox 1718 747 1835 781; x_wconf 82' lang='lat' dir='ltr'><strong>discipu-</strong></span> 
     </span>
    </p>
   </div>
   <div class='ocr_carea' id='block_1_58' title="bbox 1047 788 1834 827">
    <p class='ocr_par' dir='ltr' id='par_1_58' title="bbox 1047 788 1834 827">
     <span class='ocr_line' id='line_1_58' title="bbox 1047 788 1834 827; baseline 0.006 -11"><span class='ocrx_word' id='word_1_455' title='bbox 1047 788 1088 816; x_wconf 92' lang='lat' dir='ltr'><strong>los</strong></span> <span class='ocrx_word' id='word_1_456' title='bbox 1099 810 1106 822; x_wconf 97' lang='lat'><strong>,</strong></span> <span class='ocrx_word' id='word_1_457' title='bbox 1122 790 1168 824; x_wconf 92' lang='lat' dir='ltr'><strong>qui</strong></span> <span class='ocrx_word' id='word_1_458' title='bbox 1182 790 1276 818; x_wconf 91' lang='lat' dir='ltr'><strong>iisdem</strong></span> <span class='ocrx_word' id='word_1_459' title='bbox 1290 811 1297 823; x_wconf 94' lang='lat'><strong>,</strong></span> <span class='ocrx_word' id='word_1_460' title='bbox 1312 791 1409 825; x_wconf 89' lang='lat' dir='ltr'><strong>quibus</strong></span> <span class='ocrx_word' id='word_1_461' title='bbox 1429 800 1494 825; x_wconf 91' lang='lat' dir='ltr'><strong>nos,</strong></span> <span class='ocrx_word' id='word_1_462' title='bbox 1518 793 1617 820; x_wconf 89' lang='lat' dir='ltr'><strong>morbis</strong></span> <span class='ocrx_word' id='word_1_463' title='bbox 1638 793 1834 827; x_wconf 84' lang='lat' dir='ltr'><strong>laboraverint,</strong></span> 
     </span>
    </p>
   </div>
   <div class='ocr_carea' id='block_1_59' title="bbox 1046 836 1836 875">
    <p class='ocr_par' dir='ltr' id='par_1_59' title="bbox 1046 836 1836 875">
     <span class='ocr_line' id='line_1_59' title="bbox 1046 836 1836 875; baseline 0.008 -13"><span class='ocrx_word' id='word_1_464' title='bbox 1046 839 1073 863; x_wconf 87' lang='lat' dir='ltr'><strong>et</strong></span> <span class='ocrx_word' id='word_1_465' title='bbox 1094 836 1148 863; x_wconf 88' lang='lat' dir='ltr'><strong>cito</strong></span> <span class='ocrx_word' id='word_1_466' title='bbox 1172 838 1313 866; x_wconf 82' lang='lat' dir='ltr'><strong>sanitatem</strong></span> <span class='ocrx_word' id='word_1_467' title='bbox 1335 841 1530 874; x_wconf 85' lang='lat' dir='ltr'><strong>recuperarint.</strong></span> <span class='ocrx_word' id='word_1_468' title='bbox 1557 839 1733 875; x_wconf 74' lang='lat' dir='ltr'><strong>Singulosque</strong></span> <span class='ocrx_word' id='word_1_469' title='bbox 1760 841 1836 868; x_wconf 89' lang='lat' dir='ltr'><strong>nobis</strong></span> 
     </span>
    </p>
   </div>
   <div class='ocr_carea' id='block_1_60' title="bbox 1046 883 1834 921">
    <p class='ocr_par' dir='ltr' id='par_1_60' title="bbox 1046 883 1834 921">
     <span class='ocr_line' id='line_1_60' title="bbox 1046 883 1834 921; baseline 0.008 -12"><span class='ocrx_word' id='word_1_470' title='bbox 1046 883 1179 917; x_wconf 87' lang='lat' dir='ltr'><strong>ostendit,</strong></span> <span class='ocrx_word' id='word_1_471' title='bbox 1209 892 1242 912; x_wconf 92' lang='lat' dir='ltr'><strong>ne</strong></span> <span class='ocrx_word' id='word_1_472' title='bbox 1264 885 1445 920; x_wconf 88' lang='lat' dir='ltr'><strong>desperemus.</strong></span> <span class='ocrx_word' id='word_1_473' title='bbox 1462 886 1528 913; x_wconf 86' lang='lat' dir='ltr'><strong>Vide</strong></span> <span class='ocrx_word' id='word_1_474' title='bbox 1549 894 1613 921; x_wconf 89' lang='lat' dir='ltr'><strong>ergo</strong></span> <span class='ocrx_word' id='word_1_475' title='bbox 1633 886 1702 914; x_wconf 87' lang='lat' dir='ltr'><strong>hunc</strong></span> <span class='ocrx_word' id='word_1_476' title='bbox 1716 887 1834 921; x_wconf 86' lang='lat' dir='ltr'><strong>publica-</strong></span> 
     </span>
    </p>
   </div>
   <div class='ocr_carea' id='block_1_61' title="bbox 1046 929 1833 967">
    <p class='ocr_par' dir='ltr' id='par_1_61' title="bbox 1046 929 1833 967">
     <span class='ocr_line' id='line_1_61' title="bbox 1046 929 1833 967; baseline 0.008 -13"><span class='ocrx_word' id='word_1_477' title='bbox 1046 935 1119 956; x_wconf 89' lang='lat' dir='ltr'><strong>num.</strong></span> <span class='ocrx_word' id='word_1_478' title='bbox 1134 929 1202 957; x_wconf 85' lang='lat' dir='ltr'><strong>Vide</strong></span> <span class='ocrx_word' id='word_1_479' title='bbox 1224 938 1317 958; x_wconf 87' lang='lat' dir='ltr'><strong>rursus</strong></span> <span class='ocrx_word' id='word_1_480' title='bbox 1341 931 1421 958; x_wconf 84' lang='lat' dir='ltr'><strong>aiinm</strong></span> <span class='ocrx_word' id='word_1_481' title='bbox 1445 931 1592 966; x_wconf 90' lang='lat' dir='ltr'><strong>principem</strong></span> <span class='ocrx_word' id='word_1_482' title='bbox 1614 933 1833 967; x_wconf 88' lang='lat' dir='ltr'><strong>publicanorum,</strong></span> 
     </span>
    </p>
   </div>
   <div class='ocr_carea' id='block_1_62' title="bbox 1044 975 1833 1014">
    <p class='ocr_par' dir='ltr' id='par_1_62' title="bbox 1044 975 1833 1014">
     <span class='ocr_line' id='line_1_62' title="bbox 1044 975 1833 1014; baseline 0.006 -13"><span class='ocrx_word' id='word_1_483' title='bbox 1044 975 1089 1010; x_wconf 92' lang='lat' dir='ltr'><strong>qui</strong></span> <span class='ocrx_word' id='word_1_484' title='bbox 1100 976 1248 1011; x_wconf 87' lang='lat' dir='ltr'><strong>quadruplo</strong></span> <span class='ocrx_word' id='word_1_485' title='bbox 1263 977 1337 1012; x_wconf 85' lang='lat' dir='ltr'><strong>plura</strong></span> <span class='ocrx_word' id='word_1_486' title='bbox 1349 986 1427 1012; x_wconf 86' lang='lat' dir='ltr'><strong>quam</strong></span> <span class='ocrx_word' id='word_1_487' title='bbox 1442 983 1566 1013; x_wconf 82' lang='lat' dir='ltr'><strong>rapuerat</strong></span> <span class='ocrx_word' id='word_1_488' title='bbox 1587 986 1616 1006; x_wconf 85' lang='lat' dir='ltr'><strong>se</strong></span> <span class='ocrx_word' id='word_1_489' title='bbox 1632 979 1754 1006; x_wconf 84' lang='lat' dir='ltr'><strong>daturum</strong></span> <span class='ocrx_word' id='word_1_490' title='bbox 1775 979 1833 1014; x_wconf 88' lang='lat' dir='ltr'><strong>pol-</strong></span> 
     </span>
    </p>
   </div>
   <div class='ocr_carea' id='block_1_63' title="bbox 1044 1020 1834 1060">
    <p class='ocr_par' dir='ltr' id='par_1_63' title="bbox 1044 1020 1834 1060">
     <span class='ocr_line' id='line_1_63' title="bbox 1044 1020 1834 1060; baseline 0.008 -13"><span class='ocrx_word' id='word_1_491' title='bbox 1044 1020 1189 1053; x_wconf 89' lang='lat' dir='ltr'><strong>licebatur,</strong></span> <span class='ocrx_word' id='word_1_492' title='bbox 1204 1027 1230 1049; x_wconf 90' lang='lat' dir='ltr'><strong>et</strong></span> <span class='ocrx_word' id='word_1_493' title='bbox 1243 1023 1383 1051; x_wconf 92' lang='lat' dir='ltr'><strong>dimidium</strong></span> <span class='ocrx_word' id='word_1_494' title='bbox 1397 1024 1527 1052; x_wconf 89' lang='lat' dir='ltr'><strong>bonorum</strong></span> <span class='ocrx_word' id='word_1_495' title='bbox 1542 1032 1651 1052; x_wconf 89' lang='lat' dir='ltr'><strong>suorum</strong></span> <span class='ocrx_word' id='word_1_496' title='bbox 1662 1046 1670 1058; x_wconf 91' lang='lat'><strong>,</strong></span> <span class='ocrx_word' id='word_1_497' title='bbox 1688 1030 1716 1052; x_wconf 92' lang='lat' dir='ltr'><strong>ut</strong></span> <span class='ocrx_word' id='word_1_498' title='bbox 1728 1025 1834 1060; x_wconf 79' lang='lat' dir='ltr'><strong>excipe-</strong></span> 
     </span>
    </p>
   </div>
   <div class='ocr_carea' id='block_1_64' title="bbox 1043 1066 1832 1105">
    <p class='ocr_par' dir='ltr' id='par_1_64' title="bbox 1043 1066 1832 1105">
     <span class='ocr_line' id='line_1_64' title="bbox 1043 1066 1832 1105; baseline 0.005 -12"><span class='ocrx_word' id='word_1_499' title='bbox 1043 1070 1085 1094; x_wconf 83' lang='lat' dir='ltr'><strong>ret</strong></span> <span class='ocrx_word' id='word_1_500' title='bbox 1097 1066 1187 1094; x_wconf 79' lang='lat' dir='ltr'><strong>Jesum</strong></span> <span class='ocrx_word' id='word_1_501' title='bbox 1204 1067 1280 1103; x_wconf 87' lang='lat' dir='ltr'><strong>(Luc.</strong></span> <span class='ocrx_word' id='word_1_502' title='bbox 1297 1069 1340 1096; x_wconf 81' lang='lat' dir='ltr'><strong>l9.</strong></span> <span class='ocrx_word' id='word_1_503' title='bbox 1352 1068 1390 1104; x_wconf 88' lang='grc'><strong>8).</strong></span> <span class='ocrx_word' id='word_1_504' title='bbox 1403 1069 1455 1097; x_wconf 89' lang='lat' dir='ltr'><strong>Sed</strong></span> <span class='ocrx_word' id='word_1_505' title='bbox 1475 1074 1501 1096; x_wconf 93' lang='lat' dir='ltr'><strong>lu</strong></span> <span class='ocrx_word' id='word_1_506' title='bbox 1517 1070 1660 1097; x_wconf 89' lang='lat' dir='ltr'><strong>admodum</strong></span> <span class='ocrx_word' id='word_1_507' title='bbox 1685 1071 1769 1097; x_wconf 63' lang='lat' dir='ltr'><strong>ferres</strong></span> <span class='ocrx_word' id='word_1_508' title='bbox 1786 1079 1832 1105; x_wconf 88' lang='lat' dir='ltr'><strong>pe-</strong></span> 
     </span>
    </p>
   </div>
   <div class='ocr_carea' id='block_1_65' title="bbox 1042 1112 1831 1150">
    <p class='ocr_par' dir='ltr' id='par_1_65' title="bbox 1042 1112 1831 1150">
     <span class='ocr_line' id='line_1_65' title="bbox 1042 1112 1831 1150; baseline 0.005 -12"><span class='ocrx_word' id='word_1_509' title='bbox 1042 1112 1180 1139; x_wconf 88' lang='lat' dir='ltr'><strong>cuniarum</strong></span> <span class='ocrx_word' id='word_1_510' title='bbox 1195 1114 1304 1141; x_wconf 87' lang='lat' dir='ltr'><strong>amore?</strong></span> <span class='ocrx_word' id='word_1_511' title='bbox 1328 1114 1392 1148; x_wconf 66' lang='lat' dir='ltr'><strong>Quae</strong></span> <span class='ocrx_word' id='word_1_512' title='bbox 1414 1115 1532 1142; x_wconf 89' lang='lat' dir='ltr'><strong>omnium</strong></span> <span class='ocrx_word' id='word_1_513' title='bbox 1558 1120 1621 1142; x_wconf 84' lang='lat' dir='ltr'><strong>sunt.</strong></span> <span class='ocrx_word' id='word_1_514' title='bbox 1633 1115 1710 1150; x_wconf 88' lang='lat' dir='ltr'><strong>quasi</strong></span> <span class='ocrx_word' id='word_1_515' title='bbox 1725 1121 1767 1142; x_wconf 87' lang='lat' dir='ltr'><strong>tua</strong></span> <span class='ocrx_word' id='word_1_516' title='bbox 1782 1115 1831 1143; x_wconf 88' lang='lat' dir='ltr'><strong>ha-</strong></span> 
     </span>
    </p>
   </div>
   <div class='ocr_carea' id='block_1_66' title="bbox 1042 1158 1829 1196">
    <p class='ocr_par' dir='ltr' id='par_1_66' title="bbox 1042 1158 1829 1196">
     <span class='ocr_line' id='line_1_66' title="bbox 1042 1158 1829 1196; baseline 0.005 -12"><span class='ocrx_word' id='word_1_517' title='bbox 1042 1158 1115 1185; x_wconf 86' lang='lat' dir='ltr'><strong>beto.</strong></span> <span class='ocrx_word' id='word_1_518' title='bbox 1130 1158 1196 1186; x_wconf 87' lang='lat' dir='ltr'><strong>Nam</strong></span> <span class='ocrx_word' id='word_1_519' title='bbox 1222 1159 1314 1194; x_wconf 85' lang='lat' dir='ltr'><strong>plura,</strong></span> <span class='ocrx_word' id='word_1_520' title='bbox 1339 1167 1418 1195; x_wconf 88' lang='lat' dir='ltr'><strong>quam</strong></span> <span class='ocrx_word' id='word_1_521' title='bbox 1440 1161 1557 1195; x_wconf 65' lang='lat' dir='ltr'><strong>quaeris,</strong></span> <span class='ocrx_word' id='word_1_522' title='bbox 1581 1160 1616 1188; x_wconf 92' lang='lat' dir='ltr'><strong>do</strong></span> <span class='ocrx_word' id='word_1_523' title='bbox 1636 1161 1701 1193; x_wconf 90' lang='lat' dir='ltr'><strong>tibi,</strong></span> <span class='ocrx_word' id='word_1_524' title='bbox 1724 1161 1829 1196; x_wconf 91' lang='lat' dir='ltr'><strong>inquit,</strong></span> 
     </span>
    </p>
   </div>
   <div class='ocr_carea' id='block_1_67' title="bbox 1041 1204 1831 1242">
    <p class='ocr_par' dir='ltr' id='par_1_67' title="bbox 1041 1204 1831 1242">
     <span class='ocr_line' id='line_1_67' title="bbox 1041 1204 1831 1242; baseline 0.005 -11"><span class='ocrx_word' id='word_1_525' title='bbox 1041 1204 1104 1231; x_wconf 93' lang='lat' dir='ltr'><strong>dum</strong></span> <span class='ocrx_word' id='word_1_526' title='bbox 1129 1205 1240 1233; x_wconf 87' lang='lat' dir='ltr'><strong>divitum</strong></span> <span class='ocrx_word' id='word_1_527' title='bbox 1265 1207 1402 1240; x_wconf 87' lang='lat' dir='ltr'><strong>omnium,</strong></span> <span class='ocrx_word' id='word_1_528' title='bbox 1426 1207 1471 1242; x_wconf 93' lang='lat' dir='ltr'><strong>qui</strong></span> <span class='ocrx_word' id='word_1_529' title='bbox 1495 1215 1543 1242; x_wconf 90' lang='lat' dir='ltr'><strong>per</strong></span> <span class='ocrx_word' id='word_1_530' title='bbox 1561 1207 1652 1235; x_wconf 92' lang='lat' dir='ltr'><strong>orbem</strong></span> <span class='ocrx_word' id='word_1_531' title='bbox 1676 1212 1757 1239; x_wconf 87' lang='lat' dir='ltr'><strong>sunt.</strong></span> <span class='ocrx_word' id='word_1_532' title='bbox 1784 1207 1831 1235; x_wconf 90' lang='lat' dir='ltr'><strong>tibi</strong></span> 
     </span>
    </p>
   </div>
   <div class='ocr_carea' id='block_1_68' title="bbox 1039 1250 1828 1288">
    <p class='ocr_par' dir='ltr' id='par_1_68' title="bbox 1039 1250 1828 1288">
     <span class='ocr_line' id='line_1_68' title="bbox 1039 1250 1828 1288; baseline 0.004 -11"><span class='ocrx_word' id='word_1_533' title='bbox 1039 1250 1133 1279; x_wconf 88' lang='lat' dir='ltr'><strong>domos</strong></span> <span class='ocrx_word' id='word_1_534' title='bbox 1147 1251 1247 1285; x_wconf 88' lang='lat' dir='ltr'><strong>aperio.</strong></span> <span class='ocrx_word' id='word_1_535' title='bbox 1259 1251 1325 1279; x_wconf 87' lang='lat' dir='ltr'><strong>Nam</strong></span> <span class='ocrx_word' id='word_1_536' title='bbox 1339 1252 1388 1285; x_wconf 80' lang='lat' dir='ltr'><strong>Qui</strong></span> <span class='ocrx_word' id='word_1_537' title='bbox 1402 1253 1530 1287; x_wconf 81' lang='lat' dir='ltr'><strong>reliquerit</strong></span> <span class='ocrx_word' id='word_1_538' title='bbox 1542 1258 1648 1288; x_wconf 88' lang='lat' dir='ltr'><strong>patrem,</strong></span> <span class='ocrx_word' id='word_1_539' title='bbox 1658 1258 1700 1280; x_wconf 91' lang='lat' dir='ltr'><strong>aut</strong></span> <span class='ocrx_word' id='word_1_540' title='bbox 1712 1258 1828 1287; x_wconf 80' lang='lat' dir='ltr'><strong>matrem,</strong></span> 
     </span>
    </p>
   </div>
   <div class='ocr_carea' id='block_1_69' title="bbox 1039 1298 1827 1333">
    <p class='ocr_par' dir='ltr' id='par_1_69' title="bbox 1039 1298 1827 1333">
     <span class='ocr_line' id='line_1_69' title="bbox 1039 1298 1827 1333; baseline 0.005 -12"><span class='ocrx_word' id='word_1_541' title='bbox 1039 1301 1082 1322; x_wconf 84' lang='lat' dir='ltr'><strong>aut</strong></span> <span class='ocrx_word' id='word_1_542' title='bbox 1092 1304 1167 1331; x_wconf 85' lang='lat' dir='ltr'><strong>agros</strong></span> <span class='ocrx_word' id='word_1_543' title='bbox 1177 1318 1183 1328; x_wconf 79' lang='lat'><strong>,</strong></span> <span class='ocrx_word' id='word_1_544' title='bbox 1197 1302 1240 1323; x_wconf 85' lang='lat' dir='ltr'><strong>aut</strong></span> <span class='ocrx_word' id='word_1_545' title='bbox 1254 1298 1355 1323; x_wconf 85' lang='lat' dir='ltr'><strong>domum</strong></span> <span class='ocrx_word' id='word_1_546' title='bbox 1367 1319 1374 1330; x_wconf 79' lang='grc'>,</span> <span class='ocrx_word' id='word_1_547' title='bbox 1389 1299 1532 1333; x_wconf 83' lang='lat' dir='ltr'><strong>centuplum</strong></span> <span class='ocrx_word' id='word_1_548' title='bbox 1547 1299 1651 1333; x_wconf 81' lang='lat' dir='ltr'><strong>accipiet</strong></span> <span class='ocrx_word' id='word_1_549' title='bbox 1666 1300 1771 1333; x_wconf 74' lang='lat' dir='ltr'><strong>(Matth.</strong></span> <span class='ocrx_word' id='word_1_550' title='bbox 1786 1300 1827 1326; x_wconf 80' lang='lat' dir='ltr'><strong>l9.</strong></span> 
     </span>
    </p>
   </div>
   <div class='ocr_carea' id='block_1_70' title="bbox 1038 1342 1828 1378">
    <p class='ocr_par' dir='ltr' id='par_1_70' title="bbox 1038 1342 1828 1378">
     <span class='ocr_line' id='line_1_70' title="bbox 1038 1342 1828 1378; baseline 0.005 -10"><span class='ocrx_word' id='word_1_551' title='bbox 1038 1342 1073 1369; x_wconf 75' lang='lat'><strong>29</strong></span> <span class='ocrx_word' id='word_1_552' title='bbox 1085 1343 1104 1376; x_wconf 91' lang='lat'><strong>).</strong></span> <span class='ocrx_word' id='word_1_553' title='bbox 1120 1343 1155 1369; x_wconf 89' lang='lat' dir='ltr'><strong>ita</strong></span> <span class='ocrx_word' id='word_1_554' title='bbox 1174 1352 1226 1370; x_wconf 89' lang='lat' dir='ltr'><strong>non</strong></span> <span class='ocrx_word' id='word_1_555' title='bbox 1242 1344 1359 1378; x_wconf 88' lang='lat' dir='ltr'><strong>pluribus</strong></span> <span class='ocrx_word' id='word_1_556' title='bbox 1374 1349 1474 1371; x_wconf 86' lang='lat' dir='ltr'><strong>tantum</strong></span> <span class='ocrx_word' id='word_1_557' title='bbox 1492 1346 1600 1377; x_wconf 76' lang='lat' dir='ltr'><strong>frueris,</strong></span> <span class='ocrx_word' id='word_1_558' title='bbox 1618 1345 1664 1372; x_wconf 77' lang='lat' dir='ltr'><strong>sed</strong></span> <span class='ocrx_word' id='word_1_559' title='bbox 1681 1350 1706 1372; x_wconf 87' lang='lat' dir='ltr'><strong>et</strong></span> <span class='ocrx_word' id='word_1_560' title='bbox 1722 1354 1828 1378; x_wconf 66' lang='lat' dir='ltr'><strong>gravem</strong></span> 
     </span>
    </p>
   </div>
   <div class='ocr_carea' id='block_1_71' title="bbox 1038 1388 1828 1425">
    <p class='ocr_par' dir='ltr' id='par_1_71' title="bbox 1038 1388 1828 1425">
     <span class='ocr_line' id='line_1_71' title="bbox 1038 1388 1828 1425; baseline 0.004 -10"><span class='ocrx_word' id='word_1_561' title='bbox 1038 1388 1107 1416; x_wconf 85' lang='lat' dir='ltr'><strong>hanc</strong></span> <span class='ocrx_word' id='word_1_562' title='bbox 1122 1389 1192 1416; x_wconf 87' lang='lat' dir='ltr'><strong>sitim</strong></span> <span class='ocrx_word' id='word_1_563' title='bbox 1208 1390 1317 1416; x_wconf 87' lang='lat' dir='ltr'><strong>omnino</strong></span> <span class='ocrx_word' id='word_1_564' title='bbox 1332 1391 1480 1425; x_wconf 75' lang='lat' dir='ltr'><strong>restingues</strong></span> <span class='ocrx_word' id='word_1_565' title='bbox 1491 1412 1498 1422; x_wconf 91' lang='lat'><strong>,</strong></span> <span class='ocrx_word' id='word_1_566' title='bbox 1515 1396 1538 1417; x_wconf 84' lang='lat' dir='ltr'><strong>et</strong></span> <span class='ocrx_word' id='word_1_567' title='bbox 1555 1392 1642 1417; x_wconf 78' lang='lat' dir='ltr'><strong>oninia</strong></span> <span class='ocrx_word' id='word_1_568' title='bbox 1666 1391 1742 1418; x_wconf 64' lang='lat' dir='ltr'><strong>facile</strong></span> <span class='ocrx_word' id='word_1_569' title='bbox 1758 1391 1828 1418; x_wconf 78' lang='lat' dir='ltr'><strong>feres</strong></span> 
     </span>
    </p>
   </div>
   <div class='ocr_carea' id='block_1_72' title="bbox 1037 1435 1826 1471">
    <p class='ocr_par' dir='ltr' id='par_1_72' title="bbox 1037 1435 1826 1471">
     <span class='ocr_line' id='line_1_72' title="bbox 1037 1435 1826 1471; baseline 0.003 -10"><span class='ocrx_word' id='word_1_570' title='bbox 1037 1441 1097 1461; x_wconf 90' lang='lat' dir='ltr'><strong>cum</strong></span> <span class='ocrx_word' id='word_1_571' title='bbox 1111 1443 1164 1461; x_wconf 89' lang='lat' dir='ltr'><strong>non</strong></span> <span class='ocrx_word' id='word_1_572' title='bbox 1181 1435 1260 1462; x_wconf 85' lang='lat' dir='ltr'><strong>modo</strong></span> <span class='ocrx_word' id='word_1_573' title='bbox 1276 1436 1351 1470; x_wconf 85' lang='lat' dir='ltr'><strong>plura</strong></span> <span class='ocrx_word' id='word_1_574' title='bbox 1369 1444 1420 1462; x_wconf 89' lang='lat' dir='ltr'><strong>non</strong></span> <span class='ocrx_word' id='word_1_575' title='bbox 1435 1436 1572 1462; x_wconf 79' lang='lat' dir='ltr'><strong>desideres</strong></span> <span class='ocrx_word' id='word_1_576' title='bbox 1584 1457 1590 1467; x_wconf 88' lang='lat'><strong>,</strong></span> <span class='ocrx_word' id='word_1_577' title='bbox 1607 1436 1652 1463; x_wconf 88' lang='lat' dir='ltr'><strong>sed</strong></span> <span class='ocrx_word' id='word_1_578' title='bbox 1679 1445 1709 1462; x_wconf 79' lang='lat' dir='ltr'><strong>ne</strong></span> <span class='ocrx_word' id='word_1_579' title='bbox 1720 1436 1826 1471; x_wconf 84' lang='lat' dir='ltr'><strong>quidem</strong></span> 
     </span>
    </p>
   </div>
   <div class='ocr_carea' id='block_1_73' title="bbox 1036 1480 1826 1516">
    <p class='ocr_par' dir='ltr' id='par_1_73' title="bbox 1036 1480 1826 1516">
     <span class='ocr_line' id='line_1_73' title="bbox 1036 1480 1826 1516; baseline 0.003 -10"><span class='ocrx_word' id='word_1_580' title='bbox 1036 1480 1187 1507; x_wconf 80' lang='lat' dir='ltr'><strong>necessaria</strong></span> <span class='ocrx_word' id='word_1_581' title='bbox 1204 1488 1284 1514; x_wconf 66' lang='lat' dir='ltr'><strong>swpc.</strong></span> <span class='ocrx_word' id='word_1_582' title='bbox 1297 1480 1341 1507; x_wconf 88' lang='lat' dir='ltr'><strong>Sic</strong></span> <span class='ocrx_word' id='word_1_583' title='bbox 1355 1481 1450 1507; x_wconf 80' lang='lat' dir='ltr'><strong>Paulus</strong></span> <span class='ocrx_word' id='word_1_584' title='bbox 1461 1482 1553 1507; x_wconf 87' lang='lat' dir='ltr'><strong>csuriit</strong></span> <span class='ocrx_word' id='word_1_585' title='bbox 1564 1503 1570 1513; x_wconf 87' lang='lat'><strong>,</strong></span> <span class='ocrx_word' id='word_1_586' title='bbox 1586 1487 1613 1508; x_wconf 87' lang='lat' dir='ltr'><strong>et</strong></span> <span class='ocrx_word' id='word_1_587' title='bbox 1630 1482 1712 1515; x_wconf 78' lang='lat' dir='ltr'><strong>magis</strong></span> <span class='ocrx_word' id='word_1_588' title='bbox 1726 1482 1826 1516; x_wconf 80' lang='lat' dir='ltr'><strong>gloria-</strong></span> 
     </span>
    </p>
   </div>
   <div class='ocr_carea' id='block_1_74' title="bbox 1036 1524 1826 1561">
    <p class='ocr_par' dir='ltr' id='par_1_74' title="bbox 1036 1524 1826 1561">
     <span class='ocr_line' id='line_1_74' title="bbox 1036 1524 1826 1561; baseline 0.003 -10"><span class='ocrx_word' id='word_1_589' title='bbox 1036 1524 1123 1556; x_wconf 82' lang='lat' dir='ltr'><strong>batur,</strong></span> <span class='ocrx_word' id='word_1_590' title='bbox 1139 1533 1217 1559; x_wconf 86' lang='lat' dir='ltr'><strong>quam</strong></span> <span class='ocrx_word' id='word_1_591' title='bbox 1234 1534 1293 1552; x_wconf 88' lang='lat' dir='ltr'><strong>cum</strong></span> <span class='ocrx_word' id='word_1_592' title='bbox 1307 1527 1459 1553; x_wconf 73' lang='lat' dir='ltr'><strong>conroderet</strong></span> <span class='ocrx_word' id='word_1_593' title='bbox 1474 1526 1608 1561; x_wconf 77' lang='lat' dir='ltr'><strong>(Philipp.</strong></span> <span class='ocrx_word' id='word_1_594' title='bbox 1621 1527 1645 1553; x_wconf 73' lang='lat' dir='ltr'><strong>lt.</strong></span> <span class='ocrx_word' id='word_1_595' title='bbox 1662 1528 1707 1561; x_wconf 76' lang='lat' dir='ltr'><strong>ll)</strong></span> <span class='ocrx_word' id='word_1_596' title='bbox 1723 1536 1728 1552; x_wconf 89' lang='lat'>:</span> <span class='ocrx_word' id='word_1_597' title='bbox 1743 1527 1826 1561; x_wconf 81' lang='lat' dir='ltr'><strong>siqui-</strong></span> 
     </span>
    </p>
   </div>
   <div class='ocr_carea' id='block_1_75' title="bbox 1035 1571 1825 1607">
    <p class='ocr_par' dir='ltr' id='par_1_75' title="bbox 1035 1571 1825 1607">
     <span class='ocr_line' id='line_1_75' title="bbox 1035 1571 1825 1607; baseline 0.001 -9"><span class='ocrx_word' id='word_1_598' title='bbox 1035 1571 1095 1598; x_wconf 88' lang='lat' dir='ltr'><strong>dem</strong></span> <span class='ocrx_word' id='word_1_599' title='bbox 1111 1576 1137 1598; x_wconf 89' lang='lat' dir='ltr'><strong>ct</strong></span> <span class='ocrx_word' id='word_1_600' title='bbox 1151 1571 1249 1598; x_wconf 85' lang='lat' dir='ltr'><strong>athleta</strong></span> <span class='ocrx_word' id='word_1_601' title='bbox 1263 1572 1307 1606; x_wconf 92' lang='lat' dir='ltr'><strong>qui</strong></span> <span class='ocrx_word' id='word_1_602' title='bbox 1323 1577 1460 1599; x_wconf 85' lang='lat' dir='ltr'><strong>conccrlat</strong></span> <span class='ocrx_word' id='word_1_603' title='bbox 1473 1577 1499 1599; x_wconf 91' lang='lat' dir='ltr'><strong>et</strong></span> <span class='ocrx_word' id='word_1_604' title='bbox 1510 1577 1653 1599; x_wconf 79' lang='lat' dir='ltr'><strong>coronatur</strong></span> <span class='ocrx_word' id='word_1_605' title='bbox 1663 1594 1670 1605; x_wconf 89' lang='lat'><strong>,</strong></span> <span class='ocrx_word' id='word_1_606' title='bbox 1684 1581 1736 1599; x_wconf 91' lang='lat' dir='ltr'><strong>non</strong></span> <span class='ocrx_word' id='word_1_607' title='bbox 1751 1580 1825 1607; x_wconf 71' lang='lat' dir='ltr'><strong>qua:-</strong></span> 
     </span>
    </p>
   </div>
   <div class='ocr_carea' id='block_1_76' title="bbox 1034 1617 1823 1653">
    <p class='ocr_par' dir='ltr' id='par_1_76' title="bbox 1034 1617 1823 1653">
     <span class='ocr_line' id='line_1_76' title="bbox 1034 1617 1823 1653; baseline 0.001 -9"><span class='ocrx_word' id='word_1_608' title='bbox 1034 1617 1070 1645; x_wconf 87' lang='lat' dir='ltr'><strong>rit</strong></span> <span class='ocrx_word' id='word_1_609' title='bbox 1085 1618 1167 1645; x_wconf 89' lang='lat' dir='ltr'><strong>otium</strong></span> <span class='ocrx_word' id='word_1_610' title='bbox 1184 1623 1211 1644; x_wconf 87' lang='lat' dir='ltr'><strong>et</strong></span> <span class='ocrx_word' id='word_1_611' title='bbox 1230 1619 1362 1652; x_wconf 84' lang='lat' dir='ltr'><strong>quietem;</strong></span> <span class='ocrx_word' id='word_1_612' title='bbox 1385 1619 1427 1645; x_wconf 81' lang='lat' dir='ltr'><strong>vel</strong></span> <span class='ocrx_word' id='word_1_613' title='bbox 1451 1623 1603 1651; x_wconf 87' lang='lat' dir='ltr'><strong>mercator,</strong></span> <span class='ocrx_word' id='word_1_614' title='bbox 1627 1619 1670 1653; x_wconf 90' lang='lat' dir='ltr'><strong>qui</strong></span> <span class='ocrx_word' id='word_1_615' title='bbox 1693 1619 1823 1646; x_wconf 83' lang='lat' dir='ltr'><strong>marinum</strong></span> 
     </span>
    </p>
   </div>
   <div class='ocr_carea' id='block_1_77' title="bbox 1033 1664 1824 1699">
    <p class='ocr_par' dir='ltr' id='par_1_77' title="bbox 1033 1664 1824 1699">
     <span class='ocr_line' id='line_1_77' title="bbox 1033 1664 1824 1699; baseline 0.001 -8"><span class='ocrx_word' id='word_1_616' title='bbox 1033 1664 1236 1691; x_wconf 87' lang='lat' dir='ltr'><strong>mercimonium</strong></span> <span class='ocrx_word' id='word_1_617' title='bbox 1248 1669 1288 1691; x_wconf 87' lang='lat' dir='ltr'><strong>est</strong></span> <span class='ocrx_word' id='word_1_618' title='bbox 1300 1672 1451 1699; x_wconf 77' lang='lat' dir='ltr'><strong>aggressus,</strong></span> <span class='ocrx_word' id='word_1_619' title='bbox 1468 1672 1520 1691; x_wconf 85' lang='lat' dir='ltr'><strong>non</strong></span> <span class='ocrx_word' id='word_1_620' title='bbox 1534 1664 1629 1699; x_wconf 68' lang='lat' dir='ltr'><strong>qumrit</strong></span> <span class='ocrx_word' id='word_1_621' title='bbox 1648 1665 1731 1691; x_wconf 87' lang='lat' dir='ltr'><strong>otium</strong></span> <span class='ocrx_word' id='word_1_622' title='bbox 1750 1665 1824 1692; x_wconf 83' lang='lat' dir='ltr'><strong>dein-</strong></span> 
     </span>
    </p>
   </div>
   <div class='ocr_carea' id='block_1_78' title="bbox 1034 1709 1826 1744">
    <p class='ocr_par' dir='ltr' id='par_1_78' title="bbox 1034 1709 1826 1744">
     <span class='ocr_line' id='line_1_78' title="bbox 1034 1709 1826 1744; baseline 0.001 -8"><span class='ocrx_word' id='word_1_623' title='bbox 1034 1717 1106 1744; x_wconf 89' lang='lat' dir='ltr'><strong>ceps.</strong></span> <span class='ocrx_word' id='word_1_624' title='bbox 1122 1710 1155 1736; x_wconf 84' lang='lat' dir='ltr'><strong>Et</strong></span> <span class='ocrx_word' id='word_1_625' title='bbox 1171 1717 1219 1737; x_wconf 91' lang='lat' dir='ltr'><strong>nos</strong></span> <span class='ocrx_word' id='word_1_626' title='bbox 1237 1710 1315 1744; x_wconf 78' lang='lat' dir='ltr'><strong>igitur</strong></span> <span class='ocrx_word' id='word_1_627' title='bbox 1327 1731 1333 1743; x_wconf 89' lang='lat'><strong>,</strong></span> <span class='ocrx_word' id='word_1_628' title='bbox 1351 1710 1371 1737; x_wconf 88' lang='lat' dir='ltr'><strong>si</strong></span> <span class='ocrx_word' id='word_1_629' title='bbox 1387 1710 1540 1744; x_wconf 85' lang='lat' dir='ltr'><strong>spirituales</strong></span> <span class='ocrx_word' id='word_1_630' title='bbox 1559 1709 1661 1737; x_wconf 79' lang='lat' dir='ltr'><strong>fructus</strong></span> <span class='ocrx_word' id='word_1_631' title='bbox 1677 1715 1705 1736; x_wconf 89' lang='lat' dir='ltr'><strong>ut</strong></span> <span class='ocrx_word' id='word_1_632' title='bbox 1720 1715 1826 1744; x_wconf 61' lang='lat' dir='ltr'><strong>oportet</strong></span> 
     </span>
    </p>
   </div>
   <div class='ocr_carea' id='block_1_79' title="bbox 1033 1755 1823 1791">
    <p class='ocr_par' dir='ltr' id='par_1_79' title="bbox 1033 1755 1823 1791">
     <span class='ocr_line' id='line_1_79' title="bbox 1033 1755 1823 1791; baseline -0.001 -9"><span class='ocrx_word' id='word_1_633' title='bbox 1033 1760 1168 1791; x_wconf 83' lang='lat' dir='ltr'><strong>gustemus</strong></span> <span class='ocrx_word' id='word_1_634' title='bbox 1181 1776 1187 1788; x_wconf 91' lang='lat'><strong>,</strong></span> <span class='ocrx_word' id='word_1_635' title='bbox 1206 1760 1268 1782; x_wconf 89' lang='lat' dir='ltr'><strong>tunc</strong></span> <span class='ocrx_word' id='word_1_636' title='bbox 1283 1756 1424 1790; x_wconf 71' lang='lat' dir='ltr'><strong>prmsenlia</strong></span> <span class='ocrx_word' id='word_1_637' title='bbox 1440 1756 1529 1782; x_wconf 88' lang='lat' dir='ltr'><strong>omnia</strong></span> <span class='ocrx_word' id='word_1_638' title='bbox 1549 1764 1598 1790; x_wconf 87' lang='lat' dir='ltr'><strong>pro</strong></span> <span class='ocrx_word' id='word_1_639' title='bbox 1618 1755 1701 1782; x_wconf 87' lang='lat' dir='ltr'><strong>nihilo</strong></span> <span class='ocrx_word' id='word_1_640' title='bbox 1712 1755 1823 1783; x_wconf 86' lang='lat' dir='ltr'><strong>habebi-</strong></span> 
     </span>
    </p>
   </div>
   <div class='ocr_carea' id='block_1_80' title="bbox 1033 1801 1860 1836">
    <p class='ocr_par' dir='ltr' id='par_1_80' title="bbox 1033 1801 1860 1836">
     <span class='ocr_line' id='line_1_80' title="bbox 1033 1801 1860 1836; baseline 0 -8"><span class='ocrx_word' id='word_1_641' title='bbox 1033 1809 1103 1834; x_wconf 89' lang='lat' dir='ltr'><strong>mus,</strong></span> <span class='ocrx_word' id='word_1_642' title='bbox 1117 1801 1263 1828; x_wconf 82' lang='lat' dir='ltr'><strong>luturorum</strong></span> <span class='ocrx_word' id='word_1_643' title='bbox 1275 1801 1419 1836; x_wconf 85' lang='lat' dir='ltr'><strong>cupiditate</strong></span> <span class='ocrx_word' id='word_1_644' title='bbox 1433 1809 1481 1828; x_wconf 88' lang='lat' dir='ltr'><strong>ceu</strong></span> <span class='ocrx_word' id='word_1_645' title='bbox 1495 1801 1609 1836; x_wconf 82' lang='lat' dir='ltr'><strong>quadam</strong></span> <span class='ocrx_word' id='word_1_646' title='bbox 1623 1802 1722 1836; x_wconf 87' lang='lat' dir='ltr'><strong>optima</strong></span> <span class='ocrx_word' id='word_1_647' title='bbox 1735 1802 1823 1829; x_wconf 86' lang='lat' dir='ltr'><strong>ebrie-</strong></span> <span class='ocrx_word' id='word_1_648' title='bbox 1857 1805 1860 1808; x_wconf 83' lang='lat'>&#39;</span> 
     </span>
    </p>
   </div>
   <div class='ocr_carea' id='block_1_81' title="bbox 1034 1848 1822 1883">
    <p class='ocr_par' dir='ltr' id='par_1_81' title="bbox 1034 1848 1822 1883">
     <span class='ocr_line' id='line_1_81' title="bbox 1034 1848 1822 1883; baseline -0.001 -8"><span class='ocrx_word' id='word_1_649' title='bbox 1034 1850 1087 1876; x_wconf 74' lang='lat' dir='ltr'><strong>tate</strong></span> <span class='ocrx_word' id='word_1_650' title='bbox 1098 1849 1177 1882; x_wconf 82' lang='lat' dir='ltr'><strong>capti.</strong></span> <span class='ocrx_word' id='word_1_651' title='bbox 1194 1849 1336 1875; x_wconf 81' lang='lat' dir='ltr'><strong>Gustemus</strong></span> <span class='ocrx_word' id='word_1_652' title='bbox 1348 1848 1438 1883; x_wconf 77' lang='lat' dir='ltr'><strong>igitur,</strong></span> <span class='ocrx_word' id='word_1_653' title='bbox 1451 1852 1480 1875; x_wconf 92' lang='lat' dir='ltr'><strong>ut</strong></span> <span class='ocrx_word' id='word_1_654' title='bbox 1493 1855 1507 1874; x_wconf 91' lang='lat' dir='ltr'><strong>a</strong></span> <span class='ocrx_word' id='word_1_655' title='bbox 1525 1849 1637 1875; x_wconf 89' lang='lat' dir='ltr'><strong>tumultu</strong></span> <span class='ocrx_word' id='word_1_656' title='bbox 1652 1849 1822 1882; x_wconf 62' lang='lat' dir='ltr'><strong>praesentium</strong></span> 
     </span>
    </p>
   </div>
   <div class='ocr_carea' id='block_1_82' title="bbox 1032 1895 1823 1929">
    <p class='ocr_par' dir='ltr' id='par_1_82' title="bbox 1032 1895 1823 1929">
     <span class='ocr_line' id='line_1_82' title="bbox 1032 1895 1823 1929; baseline -0.001 -7"><span class='ocrx_word' id='word_1_657' title='bbox 1032 1896 1177 1923; x_wconf 88' lang='lat' dir='ltr'><strong>liberemur</strong></span> <span class='ocrx_word' id='word_1_658' title='bbox 1190 1916 1196 1926; x_wconf 93' lang='lat'><strong>,</strong></span> <span class='ocrx_word' id='word_1_659' title='bbox 1222 1901 1249 1922; x_wconf 78' lang='lat' dir='ltr'><strong>et</strong></span> <span class='ocrx_word' id='word_1_660' title='bbox 1272 1895 1358 1922; x_wconf 82' lang='lat' dir='ltr'><strong>futura</strong></span> <span class='ocrx_word' id='word_1_661' title='bbox 1379 1902 1575 1929; x_wconf 87' lang='lat' dir='ltr'><strong>consequamur</strong></span> <span class='ocrx_word' id='word_1_662' title='bbox 1596 1895 1676 1927; x_wconf 86' lang='lat' dir='ltr'><strong>bona,</strong></span> <span class='ocrx_word' id='word_1_663' title='bbox 1691 1895 1773 1929; x_wconf 86' lang='lat' dir='ltr'><strong>gratia</strong></span> <span class='ocrx_word' id='word_1_664' title='bbox 1796 1900 1823 1921; x_wconf 86' lang='lat' dir='ltr'><strong>et</strong></span> 
     </span>
    </p>
   </div>
   <div class='ocr_carea' id='block_1_83' title="bbox 1032 1939 1823 1976">
    <p class='ocr_par' dir='ltr' id='par_1_83' title="bbox 1032 1939 1823 1976">
     <span class='ocr_line' id='line_1_83' title="bbox 1032 1939 1823 1976; baseline -0.003 -8"><span class='ocrx_word' id='word_1_665' title='bbox 1032 1941 1196 1976; x_wconf 85' lang='lat' dir='ltr'><strong>benignitate</strong></span> <span class='ocrx_word' id='word_1_666' title='bbox 1212 1941 1316 1967; x_wconf 87' lang='lat' dir='ltr'><strong>Domini</strong></span> <span class='ocrx_word' id='word_1_667' title='bbox 1339 1940 1425 1967; x_wconf 86' lang='lat' dir='ltr'><strong>nostri</strong></span> <span class='ocrx_word' id='word_1_668' title='bbox 1438 1940 1500 1967; x_wconf 84' lang='lat' dir='ltr'><strong>Jesu</strong></span> <span class='ocrx_word' id='word_1_669' title='bbox 1514 1939 1631 1972; x_wconf 76' lang='lat' dir='ltr'><strong>Christi,</strong></span> <span class='ocrx_word' id='word_1_670' title='bbox 1643 1940 1685 1967; x_wconf 88' lang='lat' dir='ltr'><strong>cui</strong></span> <span class='ocrx_word' id='word_1_671' title='bbox 1700 1940 1784 1974; x_wconf 84' lang='lat' dir='ltr'><strong>gloria</strong></span> <span class='ocrx_word' id='word_1_672' title='bbox 1797 1945 1823 1966; x_wconf 82' lang='lat' dir='ltr'><strong>ct</strong></span> 
     </span>
    </p>
   </div>
   <div class='ocr_carea' id='block_1_84' title="bbox 1032 1987 1809 2023">
    <p class='ocr_par' dir='ltr' id='par_1_84' title="bbox 1032 1987 1809 2023">
     <span class='ocr_line' id='line_1_84' title="bbox 1032 1987 1809 2023; baseline -0.003 -8"><span class='ocrx_word' id='word_1_673' title='bbox 1032 1989 1190 2023; x_wconf 87' lang='lat' dir='ltr'><strong>imperium,</strong></span> <span class='ocrx_word' id='word_1_674' title='bbox 1205 1996 1275 2014; x_wconf 90' lang='lat' dir='ltr'><strong>nunc</strong></span> <span class='ocrx_word' id='word_1_675' title='bbox 1288 1991 1315 2014; x_wconf 88' lang='lat' dir='ltr'><strong>et</strong></span> <span class='ocrx_word' id='word_1_676' title='bbox 1327 1995 1444 2021; x_wconf 83' lang='lat' dir='ltr'><strong>semper,</strong></span> <span class='ocrx_word' id='word_1_677' title='bbox 1456 1991 1483 2014; x_wconf 81' lang='lat' dir='ltr'><strong>et</strong></span> <span class='ocrx_word' id='word_1_678' title='bbox 1497 1987 1523 2013; x_wconf 91' lang='lat' dir='ltr'><strong>in</strong></span> <span class='ocrx_word' id='word_1_679' title='bbox 1538 1987 1633 2014; x_wconf 85' lang='lat' dir='ltr'><strong>saecula</strong></span> <span class='ocrx_word' id='word_1_680' title='bbox 1650 1987 1809 2014; x_wconf 63' lang='lat' dir='ltr'><strong>saeculorum</strong></span> 
     </span>
    </p>
   </div>
   <div class='ocr_carea' id='block_1_85' title="bbox 1032 2035 1128 2063">
    <p class='ocr_par' dir='ltr' id='par_1_85' title="bbox 1032 2035 1128 2063">
     <span class='ocr_line' id='line_1_85' title="bbox 1032 2035 1128 2063; baseline -0.031 0"><span class='ocrx_word' id='word_1_681' title='bbox 1032 2035 1128 2063; x_wconf 87' lang='lat' dir='ltr'><strong>Amen.</strong></span> 
     </span>
    </p>
   </div>
   <div class='ocr_carea' id='block_1_86' title="bbox 744 2182 1301 2214">
    <p class='ocr_par' dir='ltr' id='par_1_86' title="bbox 744 2182 1301 2214">
     <span class='ocr_line' id='line_1_86' title="bbox 744 2182 1301 2214; baseline 0 -1"><span class='ocrx_word' id='word_1_682' title='bbox 744 2183 917 2214; x_wconf 72' lang='lat' dir='ltr'><strong>HOMILIA</strong></span> <span class='ocrx_word' id='word_1_683' title='bbox 940 2182 1068 2213; x_wconf 82' lang='lat' dir='ltr'><strong>LXXV.</strong></span> <span class='ocrx_word' id='word_1_684' title='bbox 1091 2183 1135 2213; x_wconf 87' lang='lat' dir='ltr'><strong>al.</strong></span> <span class='ocrx_word' id='word_1_685' title='bbox 1157 2183 1301 2213; x_wconf 83' lang='lat' dir='ltr'><strong>LXXVI.</strong></span> 
     </span>
    </p>
   </div>
   <div class='ocr_carea' id='block_1_87' title="bbox 190 2254 977 2290">
    <p class='ocr_par' dir='ltr' id='par_1_87' title="bbox 190 2254 977 2290">
     <span class='ocr_line' id='line_1_87' title="bbox 190 2254 977 2290; baseline -0.001 -9"><span class='ocrx_word' id='word_1_686' title='bbox 190 2255 254 2282; x_wconf 76' lang='grc' dir='ltr'><strong>(ΣΑΡ.</strong></span> <span class='ocrx_word' id='word_1_687' title='bbox 268 2255 314 2282; x_wconf 66' lang='lat' dir='ltr'><strong>2i.</strong></span> <span class='ocrx_word' id='word_1_688' title='bbox 327 2263 354 2282; x_wconf 86' lang='grc' dir='ltr'><strong>ν.</strong></span> <span class='ocrx_word' id='word_1_689' title='bbox 371 2256 397 2282; x_wconf 80' lang='grc' dir='ltr'><strong>Ι.</strong></span> <span class='ocrx_word' id='word_1_690' title='bbox 422 2255 454 2282; x_wconf 84' lang='lat' dir='ltr'><strong>Et</strong></span> <span class='ocrx_word' id='word_1_691' title='bbox 481 2263 593 2290; x_wconf 75' lang='lat' dir='ltr'><strong>egressus</strong></span> <span class='ocrx_word' id='word_1_692' title='bbox 616 2254 692 2281; x_wconf 80' lang='lat' dir='ltr'><strong>Jesus</strong></span> <span class='ocrx_word' id='word_1_693' title='bbox 715 2254 745 2281; x_wconf 82' lang='lat' dir='ltr'><strong>de</strong></span> <span class='ocrx_word' id='word_1_694' title='bbox 766 2254 874 2289; x_wconf 81' lang='lat' dir='ltr'><strong>templo,</strong></span> <span class='ocrx_word' id='word_1_695' title='bbox 889 2254 977 2280; x_wconf 86' lang='lat' dir='ltr'><strong>ambu-</strong></span> 
     </span>
    </p>
   </div>
   <div class='ocr_carea' id='block_1_88' title="bbox 226 2302 980 2336">
    <p class='ocr_par' dir='ltr' id='par_1_88' title="bbox 226 2302 980 2336">
     <span class='ocr_line' id='line_1_88' title="bbox 226 2302 980 2336; baseline -0.001 -7"><span class='ocrx_word' id='word_1_696' title='bbox 226 2302 303 2329; x_wconf 81' lang='lat' dir='ltr'><strong>labat.</strong></span> <span class='ocrx_word' id='word_1_697' title='bbox 319 2302 350 2329; x_wconf 83' lang='lat' dir='ltr'><strong>Et</strong></span> <span class='ocrx_word' id='word_1_698' title='bbox 362 2308 519 2329; x_wconf 83' lang='lat' dir='ltr'><strong>accesserunt</strong></span> <span class='ocrx_word' id='word_1_699' title='bbox 539 2302 573 2329; x_wconf 84' lang='lat' dir='ltr'><strong>ad</strong></span> <span class='ocrx_word' id='word_1_700' title='bbox 593 2310 650 2328; x_wconf 78' lang='lat' dir='ltr'><strong>eum</strong></span> <span class='ocrx_word' id='word_1_701' title='bbox 658 2302 777 2336; x_wconf 80' lang='lat' dir='ltr'><strong>discipuli</strong></span> <span class='ocrx_word' id='word_1_702' title='bbox 785 2303 848 2336; x_wconf 83' lang='lat' dir='ltr'><strong>ejus,</strong></span> <span class='ocrx_word' id='word_1_703' title='bbox 860 2307 886 2328; x_wconf 86' lang='lat' dir='ltr'><strong>ut</strong></span> <span class='ocrx_word' id='word_1_704' title='bbox 898 2306 980 2328; x_wconf 84' lang='lat' dir='ltr'><strong>osten-</strong></span> 
     </span>
    </p>
   </div>
   <div class='ocr_carea' id='block_1_89' title="bbox 225 2348 979 2383">
    <p class='ocr_par' dir='ltr' id='par_1_89' title="bbox 225 2348 979 2383">
     <span class='ocr_line' id='line_1_89' title="bbox 225 2348 979 2383; baseline -0.001 -8"><span class='ocrx_word' id='word_1_705' title='bbox 225 2349 311 2375; x_wconf 82' lang='lat' dir='ltr'><strong>derent</strong></span> <span class='ocrx_word' id='word_1_706' title='bbox 321 2348 344 2375; x_wconf 88' lang='lat' dir='ltr'><strong>ei</strong></span> <span class='ocrx_word' id='word_1_707' title='bbox 354 2349 533 2383; x_wconf 74' lang='lat' dir='ltr'><strong>tediﬁcationes</strong></span> <span class='ocrx_word' id='word_1_708' title='bbox 555 2349 652 2383; x_wconf 80' lang='lat' dir='ltr'><strong>templi.</strong></span> <span class='ocrx_word' id='word_1_709' title='bbox 666 2348 693 2376; x_wconf 74' lang='grc'><strong>2.</strong></span> <span class='ocrx_word' id='word_1_710' title='bbox 709 2348 760 2376; x_wconf 85' lang='lat' dir='ltr'><strong>Ille</strong></span> <span class='ocrx_word' id='word_1_711' title='bbox 781 2353 863 2375; x_wconf 85' lang='lat' dir='ltr'><strong>autent</strong></span> <span class='ocrx_word' id='word_1_712' title='bbox 876 2356 979 2383; x_wconf 80' lang='lat' dir='ltr'><strong>respon-</strong></span> 
     </span>
    </p>
   </div>
   <div class='ocr_carea' id='block_1_90' title="bbox 228 2394 979 2422">
    <p class='ocr_par' dir='ltr' id='par_1_90' title="bbox 228 2394 979 2422">
     <span class='ocr_line' id='line_1_90' title="bbox 228 2394 979 2422; baseline -0.001 -1"><span class='ocrx_word' id='word_1_713' title='bbox 228 2395 288 2422; x_wconf 78' lang='lat' dir='ltr'><strong>dens</strong></span> <span class='ocrx_word' id='word_1_714' title='bbox 298 2395 362 2422; x_wconf 74' lang='lat' dir='ltr'><strong>dixit</strong></span> <span class='ocrx_word' id='word_1_715' title='bbox 374 2395 410 2422; x_wconf 80' lang='lat' dir='ltr'><strong>eis</strong></span> <span class='ocrx_word' id='word_1_716' title='bbox 421 2402 431 2421; x_wconf 91' lang='lat'><strong><em>:</em></strong></span> <span class='ocrx_word' id='word_1_717' title='bbox 443 2394 536 2421; x_wconf 83' lang='lat' dir='ltr'><strong>Nonne</strong></span> <span class='ocrx_word' id='word_1_718' title='bbox 547 2394 635 2421; x_wconf 79' lang='lat' dir='ltr'><strong>videtis</strong></span> <span class='ocrx_word' id='word_1_719' title='bbox 649 2395 702 2421; x_wconf 67' lang='lat' dir='ltr'><strong>[nec</strong></span> <span class='ocrx_word' id='word_1_720' title='bbox 714 2395 818 2421; x_wconf 86' lang='lat' dir='ltr'><strong>omnia?</strong></span> <span class='ocrx_word' id='word_1_721' title='bbox 830 2394 909 2420; x_wconf 83' lang='lat' dir='ltr'><strong>Amen</strong></span> <span class='ocrx_word' id='word_1_722' title='bbox 922 2394 979 2420; x_wconf 86' lang='lat' dir='ltr'><strong>dico</strong></span> 
     </span>
    </p>
   </div>
   <div class='ocr_carea' id='block_1_91' title="bbox 226 2440 978 2476">
    <p class='ocr_par' dir='ltr' id='par_1_91' title="bbox 226 2440 978 2476">
     <span class='ocr_line' id='line_1_91' title="bbox 226 2440 978 2476; baseline -0.001 -9"><span class='ocrx_word' id='word_1_723' title='bbox 226 2441 294 2467; x_wconf 72' lang='lat' dir='ltr'><strong>vobis</strong></span> <span class='ocrx_word' id='word_1_724' title='bbox 304 2462 310 2474; x_wconf 90' lang='lat'><strong>,</strong></span> <span class='ocrx_word' id='word_1_725' title='bbox 335 2449 385 2467; x_wconf 90' lang='lat' dir='ltr'><strong>non</strong></span> <span class='ocrx_word' id='word_1_726' title='bbox 403 2441 557 2475; x_wconf 83' lang='lat' dir='ltr'><strong>relinquetur</strong></span> <span class='ocrx_word' id='word_1_727' title='bbox 570 2440 611 2467; x_wconf 84' lang='lat' dir='ltr'><strong>hic</strong></span> <span class='ocrx_word' id='word_1_728' title='bbox 625 2440 691 2476; x_wconf 83' lang='lat' dir='ltr'><strong>lupis</strong></span> <span class='ocrx_word' id='word_1_729' title='bbox 705 2448 781 2475; x_wconf 84' lang='lat' dir='ltr'><strong>super</strong></span> <span class='ocrx_word' id='word_1_730' title='bbox 802 2440 922 2476; x_wconf 83' lang='lat' dir='ltr'><strong>lapidem,</strong></span> <span class='ocrx_word' id='word_1_731' title='bbox 937 2441 978 2475; x_wconf 84' lang='lat' dir='ltr'><strong>qui</strong></span> 
     </span>
    </p>
   </div>
   <div class='ocr_carea' id='block_1_92' title="bbox 226 2487 443 2514">
    <p class='ocr_par' dir='ltr' id='par_1_92' title="bbox 226 2487 443 2514">
     <span class='ocr_line' id='line_1_92' title="bbox 226 2487 443 2514; baseline -0.005 0"><span class='ocrx_word' id='word_1_732' title='bbox 226 2496 275 2514; x_wconf 86' lang='lat' dir='ltr'><strong>non</strong></span> <span class='ocrx_word' id='word_1_733' title='bbox 289 2487 443 2514; x_wconf 72' lang='lat' dir='ltr'><strong>destruatur.</strong></span> 
     </span>
    </p>
   </div>
   <div class='ocr_carea' id='block_1_93' title="bbox 226 2532 979 2568">
    <p class='ocr_par' dir='ltr' id='par_1_93' title="bbox 226 2532 979 2568">
     <span class='ocr_line' id='line_1_93' title="bbox 226 2532 979 2568; baseline -0.004 -7"><span class='ocrx_word' id='word_1_734' title='bbox 226 2534 254 2561; x_wconf 76' lang='lat' dir='ltr'><strong>l.</strong></span> <span class='ocrx_word' id='word_1_735' title='bbox 273 2533 405 2567; x_wconf 83' lang='lat' dir='ltr'><strong>Quoniam</strong></span> <span class='ocrx_word' id='word_1_736' title='bbox 420 2533 543 2568; x_wconf 90' lang='lat' dir='ltr'><strong>superius</strong></span> <span class='ocrx_word' id='word_1_737' title='bbox 554 2532 622 2561; x_wconf 77' lang='lat' dir='ltr'><strong>dixit</strong></span> <span class='ocrx_word' id='word_1_738' title='bbox 638 2541 644 2559; x_wconf 88' lang='lat'><strong>:</strong></span> <span class='ocrx_word' id='word_1_739' title='bbox 657 2532 823 2568; x_wconf 75' lang='lat' dir='ltr'><strong>Relinquetur</strong></span> <span class='ocrx_word' id='word_1_740' title='bbox 839 2533 928 2559; x_wconf 82' lang='lat' dir='ltr'><strong>domus</strong></span> <span class='ocrx_word' id='word_1_741' title='bbox 939 2541 979 2559; x_wconf 84' lang='lat' dir='ltr'><strong>ve-</strong></span> 
     </span>
    </p>
   </div>
   <div class='ocr_carea' id='block_1_94' title="bbox 189 2579 977 2614">
    <p class='ocr_par' dir='ltr' id='par_1_94' title="bbox 189 2579 977 2614">
     <span class='ocr_line' id='line_1_94' title="bbox 189 2579 977 2614; baseline -0.001 -8"><span class='ocrx_word' id='word_1_742' title='bbox 189 2585 242 2607; x_wconf 85' lang='lat' dir='ltr'><strong>stru</strong></span> <span class='ocrx_word' id='word_1_743' title='bbox 258 2579 366 2611; x_wconf 75' lang='lat' dir='ltr'><strong>deserta,</strong></span> <span class='ocrx_word' id='word_1_744' title='bbox 389 2584 416 2606; x_wconf 89' lang='lat' dir='ltr'><strong>et</strong></span> <span class='ocrx_word' id='word_1_745' title='bbox 438 2579 577 2606; x_wconf 85' lang='lat' dir='ltr'><strong>innumera</strong></span> <span class='ocrx_word' id='word_1_746' title='bbox 598 2579 663 2614; x_wconf 90' lang='lat' dir='ltr'><strong>ipsis</strong></span> <span class='ocrx_word' id='word_1_747' title='bbox 682 2579 750 2606; x_wconf 86' lang='lat' dir='ltr'><strong>mala</strong></span> <span class='ocrx_word' id='word_1_748' title='bbox 775 2580 977 2613; x_wconf 71' lang='lat' dir='ltr'><strong>praenuntiavit;</strong></span> 
     </span>
    </p>
   </div>
   <div class='ocr_carea' id='block_1_95' title="bbox 192 2625 978 2660">
    <p class='ocr_par' dir='ltr' id='par_1_95' title="bbox 192 2625 978 2660">
     <span class='ocr_line' id='line_1_95' title="bbox 192 2625 978 2660; baseline 0 -8"><span class='ocrx_word' id='word_1_749' title='bbox 192 2626 253 2652; x_wconf 92' lang='lat' dir='ltr'><strong>hinc</strong></span> <span class='ocrx_word' id='word_1_750' title='bbox 268 2625 390 2659; x_wconf 85' lang='lat' dir='ltr'><strong>discipuli</strong></span> <span class='ocrx_word' id='word_1_751' title='bbox 407 2625 449 2652; x_wconf 89' lang='lat' dir='ltr'><strong>his</strong></span> <span class='ocrx_word' id='word_1_752' title='bbox 463 2625 569 2658; x_wconf 87' lang='lat' dir='ltr'><strong>auditis,</strong></span> <span class='ocrx_word' id='word_1_753' title='bbox 584 2633 632 2653; x_wconf 89' lang='lat' dir='ltr'><strong>ceu</strong></span> <span class='ocrx_word' id='word_1_754' title='bbox 645 2625 808 2653; x_wconf 89' lang='lat' dir='ltr'><strong>admirantes</strong></span> <span class='ocrx_word' id='word_1_755' title='bbox 820 2626 910 2660; x_wconf 89' lang='lat' dir='ltr'><strong>templi</strong></span> <span class='ocrx_word' id='word_1_756' title='bbox 926 2625 978 2660; x_wconf 85' lang='lat' dir='ltr'><strong>pul-</strong></span> 
     </span>
    </p>
   </div>
   <div class='ocr_carea' id='block_1_96' title="bbox 191 2672 978 2707">
    <p class='ocr_par' dir='ltr' id='par_1_96' title="bbox 191 2672 978 2707">
     <span class='ocr_line' id='line_1_96' title="bbox 191 2672 978 2707; baseline 0.001 -9"><span class='ocrx_word' id='word_1_757' title='bbox 191 2672 369 2699; x_wconf 83' lang='lat' dir='ltr'><strong>chritudinem</strong></span> <span class='ocrx_word' id='word_1_758' title='bbox 386 2672 570 2699; x_wconf 88' lang='lat' dir='ltr'><strong>monstrabant</strong></span> <span class='ocrx_word' id='word_1_759' title='bbox 584 2672 619 2704; x_wconf 88' lang='lat' dir='ltr'><strong>ei,</strong></span> <span class='ocrx_word' id='word_1_760' title='bbox 633 2677 659 2699; x_wconf 90' lang='lat' dir='ltr'><strong>et</strong></span> <span class='ocrx_word' id='word_1_761' title='bbox 673 2672 837 2707; x_wconf 81' lang='lat' dir='ltr'><strong>ambigentes</strong></span> <span class='ocrx_word' id='word_1_762' title='bbox 848 2680 911 2700; x_wconf 90' lang='lat' dir='ltr'><strong>num</strong></span> <span class='ocrx_word' id='word_1_763' title='bbox 927 2676 978 2699; x_wconf 87' lang='lat' dir='ltr'><strong>tam</strong></span> 
     </span>
    </p>
   </div>
   <div class='ocr_carea' id='block_1_97' title="bbox 191 2717 979 2754">
    <p class='ocr_par' dir='ltr' id='par_1_97' title="bbox 191 2717 979 2754">
     <span class='ocr_line' id='line_1_97' title="bbox 191 2717 979 2754; baseline 0 -9"><span class='ocrx_word' id='word_1_764' title='bbox 191 2720 296 2754; x_wconf 84' lang='lat' dir='ltr'><strong>egregia</strong></span> <span class='ocrx_word' id='word_1_765' title='bbox 311 2718 421 2745; x_wconf 61' lang='lat' dir='ltr'><strong>aedilicia</strong></span> <span class='ocrx_word' id='word_1_766' title='bbox 433 2718 593 2745; x_wconf 89' lang='lat' dir='ltr'><strong>destruenda</strong></span> <span class='ocrx_word' id='word_1_767' title='bbox 603 2717 700 2752; x_wconf 85' lang='lat' dir='ltr'><strong>forent,</strong></span> <span class='ocrx_word' id='word_1_768' title='bbox 716 2723 770 2745; x_wconf 86' lang='lat' dir='ltr'><strong>tam</strong></span> <span class='ocrx_word' id='word_1_769' title='bbox 786 2719 878 2754; x_wconf 84' lang='lat' dir='ltr'><strong>ingens</strong></span> <span class='ocrx_word' id='word_1_770' title='bbox 892 2722 979 2745; x_wconf 84' lang='lat' dir='ltr'><strong>mate-</strong></span> 
     </span>
    </p>
   </div>
   <div class='ocr_carea' id='block_1_98' title="bbox 193 2764 982 2799">
    <p class='ocr_par' dir='ltr' id='par_1_98' title="bbox 193 2764 982 2799">
     <span class='ocr_line' id='line_1_98' title="bbox 193 2764 982 2799; baseline -0.001 -8"><span class='ocrx_word' id='word_1_771' title='bbox 193 2766 242 2797; x_wconf 84' lang='lat' dir='ltr'><strong>ria,</strong></span> <span class='ocrx_word' id='word_1_772' title='bbox 259 2770 312 2791; x_wconf 88' lang='lat' dir='ltr'><strong>tam</strong></span> <span class='ocrx_word' id='word_1_773' title='bbox 329 2764 461 2792; x_wconf 73' lang='lat' dir='ltr'><strong>ineti&#39;abiie</strong></span> <span class='ocrx_word' id='word_1_774' title='bbox 478 2765 620 2792; x_wconf 85' lang='lat' dir='ltr'><strong>artiﬁcium</strong></span> <span class='ocrx_word' id='word_1_775' title='bbox 636 2773 643 2791; x_wconf 77' lang='grc' dir='ltr'><strong><em>ι</em></strong></span> <span class='ocrx_word' id='word_1_776' title='bbox 659 2772 711 2792; x_wconf 92' lang='lat' dir='ltr'><strong>non</strong></span> <span class='ocrx_word' id='word_1_777' title='bbox 727 2764 796 2791; x_wconf 90' lang='lat' dir='ltr'><strong>ultra</strong></span> <span class='ocrx_word' id='word_1_778' title='bbox 815 2764 849 2791; x_wconf 89' lang='lat' dir='ltr'><strong>de</strong></span> <span class='ocrx_word' id='word_1_779' title='bbox 859 2764 982 2799; x_wconf 80' lang='lat' dir='ltr'><strong>vastitate</strong></span> 
     </span>
    </p>
   </div>
   <div class='ocr_carea' id='block_1_99' title="bbox 193 2809 980 2845">
    <p class='ocr_par' dir='ltr' id='par_1_99' title="bbox 193 2809 980 2845">
     <span class='ocr_line' id='line_1_99' title="bbox 193 2809 980 2845; baseline -0.001 -9"><span class='ocrx_word' id='word_1_780' title='bbox 193 2811 321 2845; x_wconf 88' lang='lat' dir='ltr'><strong>loquitur,</strong></span> <span class='ocrx_word' id='word_1_781' title='bbox 347 2810 395 2837; x_wconf 92' lang='lat' dir='ltr'><strong>sed</strong></span> <span class='ocrx_word' id='word_1_782' title='bbox 416 2810 549 2839; x_wconf 83' lang='lat' dir='ltr'><strong>excidium</strong></span> <span class='ocrx_word' id='word_1_783' title='bbox 573 2815 600 2838; x_wconf 91' lang='lat' dir='ltr'><strong>et</strong></span> <span class='ocrx_word' id='word_1_784' title='bbox 625 2810 833 2838; x_wconf 87' lang='lat' dir='ltr'><strong>destructionem</strong></span> <span class='ocrx_word' id='word_1_785' title='bbox 852 2809 980 2845; x_wconf 73' lang='lat' dir='ltr'><strong>prmdicit.</strong></span> 
     </span>
    </p>
   </div>
   <div class='ocr_carea' id='block_1_100' title="bbox 195 2856 984 2892">
    <p class='ocr_par' dir='ltr' id='par_1_100' title="bbox 195 2856 984 2892">
     <span class='ocr_line' id='line_1_100' title="bbox 195 2856 984 2892; baseline 0 -9"><span class='ocrx_word' id='word_1_786' title='bbox 195 2856 287 2884; x_wconf 79' lang='lat' dir='ltr'><strong>Nonne</strong></span> <span class='ocrx_word' id='word_1_787' title='bbox 296 2857 384 2884; x_wconf 76' lang='lat' dir='ltr'><strong>videtis</strong></span> <span class='ocrx_word' id='word_1_788' title='bbox 392 2860 445 2885; x_wconf 68' lang='lat' dir='ltr'><strong>haec</strong></span> <span class='ocrx_word' id='word_1_789' title='bbox 458 2862 552 2891; x_wconf 71' lang='lat' dir='ltr'><strong>omnia,</strong></span> <span class='ocrx_word' id='word_1_790' title='bbox 565 2857 658 2892; x_wconf 90' lang='lat' dir='ltr'><strong>inquit,</strong></span> <span class='ocrx_word' id='word_1_791' title='bbox 672 2862 699 2884; x_wconf 89' lang='lat' dir='ltr'><strong>et</strong></span> <span class='ocrx_word' id='word_1_792' title='bbox 709 2857 841 2884; x_wconf 87' lang='lat' dir='ltr'><strong>miramini</strong></span> <span class='ocrx_word' id='word_1_793' title='bbox 854 2861 932 2891; x_wconf 90' lang='lat' dir='ltr'><strong>atque</strong></span> <span class='ocrx_word' id='word_1_794' title='bbox 940 2856 984 2883; x_wconf 91' lang='lat' dir='ltr'><strong>ob-</strong></span> 
     </span>
    </p>
   </div>
   <div class='ocr_carea' id='block_1_101' title="bbox 194 2903 980 2940">
    <p class='ocr_par' dir='ltr' id='par_1_101' title="bbox 194 2903 980 2940">
     <span class='ocr_line' id='line_1_101' title="bbox 194 2903 980 2940; baseline 0.001 -10"><span class='ocrx_word' id='word_1_795' title='bbox 194 2903 361 2938; x_wconf 80' lang='lat' dir='ltr'><strong>stupescitis?</strong></span> <span class='ocrx_word' id='word_1_796' title='bbox 374 2903 398 2930; x_wconf 80' lang='grc' dir='ltr'><strong><em>Ν</em></strong></span> <span class='ocrx_word' id='word_1_797' title='bbox 400 2912 432 2932; x_wconf 82' lang='grc' dir='ltr'><strong>οη</strong></span> <span class='ocrx_word' id='word_1_798' title='bbox 441 2904 547 2932; x_wconf 86' lang='lat' dir='ltr'><strong>manebit</strong></span> <span class='ocrx_word' id='word_1_799' title='bbox 558 2904 622 2940; x_wconf 80' lang='lat' dir='ltr'><strong>lapis</strong></span> <span class='ocrx_word' id='word_1_800' title='bbox 632 2912 707 2939; x_wconf 83' lang='lat' dir='ltr'><strong>super</strong></span> <span class='ocrx_word' id='word_1_801' title='bbox 714 2904 834 2939; x_wconf 79' lang='lat' dir='ltr'><strong>lapidem.</strong></span> <span class='ocrx_word' id='word_1_802' title='bbox 842 2903 980 2937; x_wconf 86' lang='lat' dir='ltr'><strong>Quomodo</strong></span> 
     </span>
    </p>
   </div>
   <div class='ocr_carea' id='block_1_102' title="bbox 1032 2253 1824 2291">
    <p class='ocr_par' dir='ltr' id='par_1_102' title="bbox 1032 2253 1824 2291">
     <span class='ocr_line' id='line_1_102' title="bbox 1032 2253 1824 2291; baseline -0.004 -8"><span class='ocrx_word' id='word_1_803' title='bbox 1032 2255 1112 2291; x_wconf 79' lang='lat' dir='ltr'><strong>igitur</strong></span> <span class='ocrx_word' id='word_1_804' title='bbox 1123 2256 1231 2288; x_wconf 87' lang='lat' dir='ltr'><strong>mansit,</strong></span> <span class='ocrx_word' id='word_1_805' title='bbox 1252 2255 1365 2290; x_wconf 88' lang='lat' dir='ltr'><strong>inquies,</strong></span> <span class='ocrx_word' id='word_1_806' title='bbox 1385 2258 1413 2283; x_wconf 90' lang='lat' dir='ltr'><strong>et</strong></span> <span class='ocrx_word' id='word_1_807' title='bbox 1425 2255 1488 2290; x_wconf 93' lang='lat' dir='ltr'><strong>quid</strong></span> <span class='ocrx_word' id='word_1_808' title='bbox 1502 2255 1553 2282; x_wconf 85' lang='lat' dir='ltr'><strong>hoc</strong></span> <span class='ocrx_word' id='word_1_809' title='bbox 1571 2254 1622 2282; x_wconf 89' lang='lat' dir='ltr'><strong>sibi</strong></span> <span class='ocrx_word' id='word_1_810' title='bbox 1646 2254 1723 2281; x_wconf 74' lang='lat' dir='ltr'><strong>vult?</strong></span> <span class='ocrx_word' id='word_1_811' title='bbox 1733 2253 1824 2287; x_wconf 84' lang='lat' dir='ltr'><strong>Neque</strong></span> 
     </span>
    </p>
   </div>
   <div class='ocr_carea' id='block_1_103' title="bbox 1032 2299 1824 2331">
    <p class='ocr_par' dir='ltr' id='par_1_103' title="bbox 1032 2299 1824 2331">
     <span class='ocr_line' id='line_1_103' title="bbox 1032 2299 1824 2331; baseline -0.005 -1"><span class='ocrx_word' id='word_1_812' title='bbox 1032 2305 1103 2331; x_wconf 91' lang='lat' dir='ltr'><strong>enim</strong></span> <span class='ocrx_word' id='word_1_813' title='bbox 1118 2303 1153 2329; x_wconf 89' lang='lat' dir='ltr'><strong>ita</strong></span> <span class='ocrx_word' id='word_1_814' title='bbox 1166 2301 1264 2329; x_wconf 88' lang='lat' dir='ltr'><strong>cecidit</strong></span> <span class='ocrx_word' id='word_1_815' title='bbox 1285 2302 1328 2329; x_wconf 80' lang='lat' dir='ltr'><strong>illa</strong></span> <span class='ocrx_word' id='word_1_816' title='bbox 1348 2302 1491 2329; x_wconf 88' lang='lat' dir='ltr'><strong>sententia.</strong></span> <span class='ocrx_word' id='word_1_817' title='bbox 1513 2301 1561 2328; x_wconf 87' lang='lat' dir='ltr'><strong>Vel</strong></span> <span class='ocrx_word' id='word_1_818' title='bbox 1583 2299 1763 2327; x_wconf 89' lang='lat' dir='ltr'><strong>omnimodam</strong></span> <span class='ocrx_word' id='word_1_819' title='bbox 1777 2299 1824 2326; x_wconf 89' lang='lat' dir='ltr'><strong>de-</strong></span> 
     </span>
    </p>
   </div>
   <div class='ocr_carea' id='block_1_104' title="bbox 1033 2343 1822 2381">
    <p class='ocr_par' dir='ltr' id='par_1_104' title="bbox 1033 2343 1822 2381">
     <span class='ocr_line' id='line_1_104' title="bbox 1033 2343 1822 2381; baseline -0.004 -6"><span class='ocrx_word' id='word_1_820' title='bbox 1033 2348 1190 2376; x_wconf 90' lang='lat' dir='ltr'><strong>solationem</strong></span> <span class='ocrx_word' id='word_1_821' title='bbox 1204 2347 1340 2381; x_wconf 86' lang='lat' dir='ltr'><strong>declarat;</strong></span> <span class='ocrx_word' id='word_1_822' title='bbox 1354 2348 1396 2375; x_wconf 91' lang='lat' dir='ltr'><strong>vel</strong></span> <span class='ocrx_word' id='word_1_823' title='bbox 1406 2347 1440 2375; x_wconf 89' lang='lat' dir='ltr'><strong>de</strong></span> <span class='ocrx_word' id='word_1_824' title='bbox 1453 2343 1500 2374; x_wconf 80' lang='lat' dir='ltr'><strong>illo</strong></span> <span class='ocrx_word' id='word_1_825' title='bbox 1517 2351 1618 2374; x_wconf 84' lang='lat' dir='ltr'><strong>tantum</strong></span> <span class='ocrx_word' id='word_1_826' title='bbox 1633 2346 1692 2373; x_wconf 92' lang='lat' dir='ltr'><strong>loco</strong></span> <span class='ocrx_word' id='word_1_827' title='bbox 1705 2345 1778 2378; x_wconf 92' lang='lat' dir='ltr'><strong>dicit,</strong></span> <span class='ocrx_word' id='word_1_828' title='bbox 1795 2345 1822 2372; x_wconf 91' lang='lat' dir='ltr'><strong>in</strong></span> 
     </span>
    </p>
   </div>
   <div class='ocr_carea' id='block_1_105' title="bbox 1022 2390 1823 2431">
    <p class='ocr_par' dir='ltr' id='par_1_105' title="bbox 1022 2390 1823 2431">
     <span class='ocr_line' id='line_1_105' title="bbox 1022 2390 1823 2431; baseline -0.005 -9"><span class='ocrx_word' id='word_1_829' title='bbox 1022 2401 1084 2431; x_wconf 85' lang='lat' dir='ltr'><strong>&#39;quo</strong></span> <span class='ocrx_word' id='word_1_830' title='bbox 1096 2395 1151 2429; x_wconf 90' lang='lat' dir='ltr'><strong>ipse</strong></span> <span class='ocrx_word' id='word_1_831' title='bbox 1164 2394 1259 2422; x_wconf 87' lang='lat' dir='ltr'><strong>stabat.</strong></span> <span class='ocrx_word' id='word_1_832' title='bbox 1275 2394 1342 2422; x_wconf 90' lang='lat' dir='ltr'><strong>Sunt</strong></span> <span class='ocrx_word' id='word_1_833' title='bbox 1356 2393 1427 2421; x_wconf 92' lang='lat' dir='ltr'><strong>enim</strong></span> <span class='ocrx_word' id='word_1_834' title='bbox 1442 2393 1563 2429; x_wconf 72' lang='lat' dir='ltr'><strong>quatdam</strong></span> <span class='ocrx_word' id='word_1_835' title='bbox 1585 2392 1676 2427; x_wconf 88' lang='lat' dir='ltr'><strong>templi</strong></span> <span class='ocrx_word' id='word_1_836' title='bbox 1690 2396 1779 2426; x_wconf 89' lang='lat' dir='ltr'><strong>partes</strong></span> <span class='ocrx_word' id='word_1_837' title='bbox 1790 2390 1823 2418; x_wconf 86' lang='lat' dir='ltr'><strong>ad</strong></span> 
     </span>
    </p>
   </div>
   <div class='ocr_carea' id='block_1_106' title="bbox 1033 2437 1822 2476">
    <p class='ocr_par' dir='ltr' id='par_1_106' title="bbox 1033 2437 1822 2476">
     <span class='ocr_line' id='line_1_106' title="bbox 1033 2437 1822 2476; baseline -0.004 -8"><span class='ocrx_word' id='word_1_838' title='bbox 1033 2442 1101 2468; x_wconf 86' lang='lat' dir='ltr'><strong>hanc</strong></span> <span class='ocrx_word' id='word_1_839' title='bbox 1116 2448 1199 2476; x_wconf 90' lang='lat' dir='ltr'><strong>usque</strong></span> <span class='ocrx_word' id='word_1_840' title='bbox 1206 2440 1276 2468; x_wconf 88' lang='lat' dir='ltr'><strong>diem</strong></span> <span class='ocrx_word' id='word_1_841' title='bbox 1292 2441 1395 2474; x_wconf 88' lang='lat' dir='ltr'><strong>penitus</strong></span> <span class='ocrx_word' id='word_1_842' title='bbox 1403 2439 1498 2466; x_wconf 63' lang='lat' dir='ltr'><strong>deleta:</strong></span> <span class='ocrx_word' id='word_1_843' title='bbox 1507 2446 1589 2473; x_wconf 89' lang='lat' dir='ltr'><strong>usque</strong></span> <span class='ocrx_word' id='word_1_844' title='bbox 1596 2438 1629 2465; x_wconf 89' lang='lat' dir='ltr'><strong>ad</strong></span> <span class='ocrx_word' id='word_1_845' title='bbox 1640 2437 1822 2465; x_wconf 84' lang='lat' dir='ltr'><strong>fundamenta.</strong></span> 
     </span>
    </p>
   </div>
   <div class='ocr_carea' id='block_1_107' title="bbox 1032 2484 1822 2521">
    <p class='ocr_par' dir='ltr' id='par_1_107' title="bbox 1032 2484 1822 2521">
     <span class='ocr_line' id='line_1_107' title="bbox 1032 2484 1822 2521; baseline -0.006 -6"><span class='ocrx_word' id='word_1_846' title='bbox 1032 2488 1072 2514; x_wconf 78' lang='lat' dir='ltr'><strong>Ad</strong></span> <span class='ocrx_word' id='word_1_847' title='bbox 1084 2487 1141 2515; x_wconf 69' lang='lat' dir='ltr'><strong>haec</strong></span> <span class='ocrx_word' id='word_1_848' title='bbox 1153 2495 1216 2514; x_wconf 88' lang='lat' dir='ltr'><strong>vero</strong></span> <span class='ocrx_word' id='word_1_849' title='bbox 1229 2494 1262 2514; x_wconf 80' lang='lat' dir='ltr'><strong>ex</strong></span> <span class='ocrx_word' id='word_1_850' title='bbox 1273 2486 1354 2521; x_wconf 88' lang='lat' dir='ltr'><strong>gestis</strong></span> <span class='ocrx_word' id='word_1_851' title='bbox 1367 2486 1496 2513; x_wconf 87' lang='lat' dir='ltr'><strong>hactenus</strong></span> <span class='ocrx_word' id='word_1_852' title='bbox 1511 2485 1550 2511; x_wconf 92' lang='lat' dir='ltr'><strong>vel</strong></span> <span class='ocrx_word' id='word_1_853' title='bbox 1566 2484 1747 2511; x_wconf 87' lang='lat' dir='ltr'><strong>contentiosos</strong></span> <span class='ocrx_word' id='word_1_854' title='bbox 1762 2491 1822 2511; x_wconf 90' lang='lat' dir='ltr'><strong>cre-</strong></span> 
     </span>
    </p>
   </div>
   <div class='ocr_carea' id='block_1_108' title="bbox 1033 2529 1822 2568">
    <p class='ocr_par' dir='ltr' id='par_1_108' title="bbox 1033 2529 1822 2568">
     <span class='ocr_line' id='line_1_108' title="bbox 1033 2529 1822 2568; baseline -0.005 -8"><span class='ocrx_word' id='word_1_855' title='bbox 1033 2533 1098 2561; x_wconf 87' lang='lat' dir='ltr'><strong>dere</strong></span> <span class='ocrx_word' id='word_1_856' title='bbox 1119 2537 1236 2568; x_wconf 88' lang='lat' dir='ltr'><strong>oportet,</strong></span> <span class='ocrx_word' id='word_1_857' title='bbox 1259 2532 1330 2567; x_wconf 87' lang='lat' dir='ltr'><strong>ipsas</strong></span> <span class='ocrx_word' id='word_1_858' title='bbox 1345 2532 1470 2566; x_wconf 90' lang='lat' dir='ltr'><strong>reliquias</strong></span> <span class='ocrx_word' id='word_1_859' title='bbox 1490 2539 1549 2559; x_wconf 88' lang='lat' dir='ltr'><strong>esse</strong></span> <span class='ocrx_word' id='word_1_860' title='bbox 1574 2531 1714 2566; x_wconf 79' lang='lat' dir='ltr'><strong>perituras.</strong></span> <span class='ocrx_word' id='word_1_861' title='bbox 1729 2530 1755 2557; x_wconf 77' lang='grc'><strong>5.</strong></span> <span class='ocrx_word' id='word_1_862' title='bbox 1773 2529 1822 2557; x_wconf 84' lang='lat' dir='ltr'><strong>Se-</strong></span> 
     </span>
    </p>
   </div>
   <div class='ocr_carea' id='block_1_109' title="bbox 1033 2574 1823 2613">
    <p class='ocr_par' dir='ltr' id='par_1_109' title="bbox 1033 2574 1823 2613">
     <span class='ocr_line' id='line_1_109' title="bbox 1033 2574 1823 2613; baseline -0.005 -7"><span class='ocrx_word' id='word_1_863' title='bbox 1033 2579 1106 2606; x_wconf 82' lang='lat' dir='ltr'><strong>dente</strong></span> <span class='ocrx_word' id='word_1_864' title='bbox 1119 2584 1202 2606; x_wconf 89' lang='lat' dir='ltr'><strong>autem</strong></span> <span class='ocrx_word' id='word_1_865' title='bbox 1215 2578 1320 2613; x_wconf 16' lang='lat' dir='ltr'><strong>ipso‘in</strong></span> <span class='ocrx_word' id='word_1_866' title='bbox 1344 2577 1431 2604; x_wconf 81' lang='lat' dir='ltr'><strong>Monte</strong></span> <span class='ocrx_word' id='word_1_867' title='bbox 1451 2577 1592 2609; x_wconf 83' lang='lat' dir='ltr'><strong>olivarum,</strong></span> <span class='ocrx_word' id='word_1_868' title='bbox 1614 2580 1772 2603; x_wconf 76' lang='lat' dir='ltr'><strong>accesserunt</strong></span> <span class='ocrx_word' id='word_1_869' title='bbox 1788 2574 1823 2601; x_wconf 76' lang='lat' dir='ltr'><strong>ad</strong></span> 
     </span>
    </p>
   </div>
   <div class='ocr_carea' id='block_1_110' title="bbox 1033 2621 1823 2660">
    <p class='ocr_par' dir='ltr' id='par_1_110' title="bbox 1033 2621 1823 2660">
     <span class='ocr_line' id='line_1_110' title="bbox 1033 2621 1823 2660; baseline -0.008 -7"><span class='ocrx_word' id='word_1_870' title='bbox 1033 2633 1089 2653; x_wconf 90' lang='lat' dir='ltr'><strong>eum</strong></span> <span class='ocrx_word' id='word_1_871' title='bbox 1102 2624 1221 2660; x_wconf 77' lang='lat' dir='ltr'><strong>discipuli</strong></span> <span class='ocrx_word' id='word_1_872' title='bbox 1231 2629 1326 2651; x_wconf 82' lang='lat' dir='ltr'><strong>secreto</strong></span> <span class='ocrx_word' id='word_1_873' title='bbox 1340 2623 1450 2650; x_wconf 80' lang='lat' dir='ltr'><strong>dicentes</strong></span> <span class='ocrx_word' id='word_1_874' title='bbox 1462 2631 1471 2649; x_wconf 97' lang='lat'><strong><em>:</em></strong></span> <span class='ocrx_word' id='word_1_875' title='bbox 1486 2622 1533 2649; x_wconf 84' lang='lat' dir='ltr'><strong>Dic</strong></span> <span class='ocrx_word' id='word_1_876' title='bbox 1549 2622 1619 2649; x_wconf 82' lang='lat' dir='ltr'><strong>nobis</strong></span> <span class='ocrx_word' id='word_1_877' title='bbox 1629 2643 1636 2655; x_wconf 90' lang='lat'><strong>,</strong></span> <span class='ocrx_word' id='word_1_878' title='bbox 1653 2622 1754 2657; x_wconf 88' lang='lat' dir='ltr'><strong>quando</strong></span> <span class='ocrx_word' id='word_1_879' title='bbox 1768 2621 1823 2648; x_wconf 67' lang='lat' dir='ltr'><strong>haec</strong></span> 
     </span>
    </p>
   </div>
   <div class='ocr_carea' id='block_1_111' title="bbox 1033 2666 1822 2705">
    <p class='ocr_par' dir='ltr' id='par_1_111' title="bbox 1033 2666 1822 2705">
     <span class='ocr_line' id='line_1_111' title="bbox 1033 2666 1822 2705; baseline -0.005 -8"><span class='ocrx_word' id='word_1_880' title='bbox 1033 2670 1125 2698; x_wconf 82' lang='lat' dir='ltr'><strong>erunt?</strong></span> <span class='ocrx_word' id='word_1_881' title='bbox 1136 2675 1156 2697; x_wconf 91' lang='lat' dir='ltr'><strong>et</strong></span> <span class='ocrx_word' id='word_1_882' title='bbox 1172 2670 1239 2704; x_wconf 85' lang='lat' dir='ltr'><strong>quod</strong></span> <span class='ocrx_word' id='word_1_883' title='bbox 1253 2670 1353 2705; x_wconf 82' lang='lat' dir='ltr'><strong>signant</strong></span> <span class='ocrx_word' id='word_1_884' title='bbox 1364 2669 1486 2695; x_wconf 83' lang='lat' dir='ltr'><strong>adventus</strong></span> <span class='ocrx_word' id='word_1_885' title='bbox 1499 2668 1536 2694; x_wconf 85' lang='lat' dir='ltr'><strong>tui</strong></span> <span class='ocrx_word' id='word_1_886' title='bbox 1558 2672 1581 2695; x_wconf 85' lang='lat' dir='ltr'><strong>et</strong></span> <span class='ocrx_word' id='word_1_887' title='bbox 1601 2666 1822 2694; x_wconf 75' lang='lat' dir='ltr'><strong>consummationis</strong></span> 
     </span>
    </p>
   </div>
   <div class='ocr_carea' id='block_1_112' title="bbox 1035 2712 1823 2748">
    <p class='ocr_par' dir='ltr' id='par_1_112' title="bbox 1035 2712 1823 2748">
     <span class='ocr_line' id='line_1_112' title="bbox 1035 2712 1823 2748; baseline -0.004 -5"><span class='ocrx_word' id='word_1_888' title='bbox 1035 2716 1142 2743; x_wconf 71' lang='lat' dir='ltr'><strong>steculi?</strong></span> <span class='ocrx_word' id='word_1_889' title='bbox 1156 2715 1216 2743; x_wconf 89' lang='lat' dir='ltr'><strong>Ideo</strong></span> <span class='ocrx_word' id='word_1_890' title='bbox 1226 2722 1346 2742; x_wconf 83' lang='lat' dir='ltr'><strong>seorsum</strong></span> <span class='ocrx_word' id='word_1_891' title='bbox 1353 2719 1534 2746; x_wconf 87' lang='lat' dir='ltr'><strong>accesserunt,</strong></span> <span class='ocrx_word' id='word_1_892' title='bbox 1548 2713 1617 2748; x_wconf 88' lang='lat' dir='ltr'><strong>quod</strong></span> <span class='ocrx_word' id='word_1_893' title='bbox 1626 2713 1659 2740; x_wconf 92' lang='lat' dir='ltr'><strong>de</strong></span> <span class='ocrx_word' id='word_1_894' title='bbox 1672 2712 1823 2747; x_wconf 90' lang='lat' dir='ltr'><strong>hujusmodi</strong></span> 
     </span>
    </p>
   </div>
   <div class='ocr_carea' id='block_1_113' title="bbox 1035 2759 1821 2797">
    <p class='ocr_par' dir='ltr' id='par_1_113' title="bbox 1035 2759 1821 2797">
     <span class='ocr_line' id='line_1_113' title="bbox 1035 2759 1821 2797; baseline -0.005 -7"><span class='ocrx_word' id='word_1_895' title='bbox 1035 2763 1116 2790; x_wconf 90' lang='lat' dir='ltr'><strong>rebus</strong></span> <span class='ocrx_word' id='word_1_896' title='bbox 1140 2762 1327 2797; x_wconf 85' lang='lat' dir='ltr'><strong>interrogatnri</strong></span> <span class='ocrx_word' id='word_1_897' title='bbox 1354 2766 1452 2788; x_wconf 85' lang='lat' dir='ltr'><strong>essent.</strong></span> <span class='ocrx_word' id='word_1_898' title='bbox 1481 2760 1631 2787; x_wconf 83' lang='lat' dir='ltr'><strong>Admodum</strong></span> <span class='ocrx_word' id='word_1_899' title='bbox 1656 2760 1726 2787; x_wconf 87' lang='lat' dir='ltr'><strong>enim</strong></span> <span class='ocrx_word' id='word_1_900' title='bbox 1751 2759 1821 2786; x_wconf 88' lang='lat' dir='ltr'><strong>diem</strong></span> 
     </span>
    </p>
   </div>
   <div class='ocr_carea' id='block_1_114' title="bbox 1035 2804 1822 2843">
    <p class='ocr_par' dir='ltr' id='par_1_114' title="bbox 1035 2804 1822 2843">
     <span class='ocr_line' id='line_1_114' title="bbox 1035 2804 1822 2843; baseline -0.006 -7"><span class='ocrx_word' id='word_1_901' title='bbox 1035 2809 1107 2837; x_wconf 89' lang='lat' dir='ltr'><strong>illam</strong></span> <span class='ocrx_word' id='word_1_902' title='bbox 1118 2809 1248 2836; x_wconf 88' lang='lat' dir='ltr'><strong>adventus</strong></span> <span class='ocrx_word' id='word_1_903' title='bbox 1261 2808 1319 2843; x_wconf 80' lang='lat' dir='ltr'><strong>ejus</strong></span> <span class='ocrx_word' id='word_1_904' title='bbox 1328 2807 1447 2835; x_wconf 87' lang='lat' dir='ltr'><strong>ediscere</strong></span> <span class='ocrx_word' id='word_1_905' title='bbox 1459 2806 1620 2841; x_wconf 85' lang='lat' dir='ltr'><strong>cupiebant,</strong></span> <span class='ocrx_word' id='word_1_906' title='bbox 1634 2804 1705 2840; x_wconf 90' lang='lat' dir='ltr'><strong>quod</strong></span> <span class='ocrx_word' id='word_1_907' title='bbox 1720 2812 1822 2832; x_wconf 90' lang='lat' dir='ltr'><strong>summe</strong></span> 
     </span>
    </p>
   </div>
   <div class='ocr_carea' id='block_1_115' title="bbox 1035 2851 1821 2888">
    <p class='ocr_par' dir='ltr' id='par_1_115' title="bbox 1035 2851 1821 2888">
     <span class='ocr_line' id='line_1_115' title="bbox 1035 2851 1821 2888; baseline -0.008 -6"><span class='ocrx_word' id='word_1_908' title='bbox 1035 2855 1219 2882; x_wconf 88' lang='lat' dir='ltr'><strong>desiderarent</strong></span> <span class='ocrx_word' id='word_1_909' title='bbox 1229 2854 1339 2888; x_wconf 86' lang='lat' dir='ltr'><strong>gloriam</strong></span> <span class='ocrx_word' id='word_1_910' title='bbox 1356 2853 1427 2880; x_wconf 90' lang='lat' dir='ltr'><strong>illam</strong></span> <span class='ocrx_word' id='word_1_911' title='bbox 1443 2852 1534 2880; x_wconf 88' lang='lat' dir='ltr'><strong>videre</strong></span> <span class='ocrx_word' id='word_1_912' title='bbox 1544 2873 1551 2885; x_wconf 94' lang='lat'><strong>,</strong></span> <span class='ocrx_word' id='word_1_913' title='bbox 1564 2859 1623 2886; x_wconf 73' lang='lat' dir='ltr'><strong>qua:</strong></span> <span class='ocrx_word' id='word_1_914' title='bbox 1637 2855 1676 2878; x_wconf 87' lang='lat' dir='ltr'><strong>tot</strong></span> <span class='ocrx_word' id='word_1_915' title='bbox 1690 2851 1821 2878; x_wconf 87' lang='lat' dir='ltr'><strong>bonorum</strong></span> 
     </span>
    </p>
   </div>
   <div class='ocr_carea' id='block_1_116' title="bbox 1035 2898 1830 2933">
    <p class='ocr_par' dir='ltr' id='par_1_116' title="bbox 1035 2898 1830 2933">
     <span class='ocr_line' id='line_1_116' title="bbox 1035 2898 1830 2933; baseline -0.006 -5"><span class='ocrx_word' id='word_1_916' title='bbox 1035 2908 1116 2929; x_wconf 83' lang='lat' dir='ltr'><strong>causa</strong></span> <span class='ocrx_word' id='word_1_917' title='bbox 1127 2900 1213 2928; x_wconf 78' lang='lat' dir='ltr'><strong>futura</strong></span> <span class='ocrx_word' id='word_1_918' title='bbox 1226 2904 1307 2928; x_wconf 84' lang='lat' dir='ltr'><strong>esset.</strong></span> <span class='ocrx_word' id='word_1_919' title='bbox 1319 2900 1380 2928; x_wconf 68' lang='lat' dir='ltr'><strong>Haec</strong></span> <span class='ocrx_word' id='word_1_920' title='bbox 1392 2903 1481 2928; x_wconf 89' lang='lat' dir='ltr'><strong>autem</strong></span> <span class='ocrx_word' id='word_1_921' title='bbox 1494 2899 1547 2927; x_wconf 93' lang='lat' dir='ltr'><strong>duo</strong></span> <span class='ocrx_word' id='word_1_922' title='bbox 1556 2898 1731 2933; x_wconf 85' lang='lat' dir='ltr'><strong>interrogant,</strong></span> <span class='ocrx_word' id='word_1_923' title='bbox 1745 2904 1830 2932; x_wconf 79' lang='lat' dir='ltr'><strong>quan—</strong></span> 
     </span>
    </p>
   </div>
  </div>
