4130 6374
450 385 552 447 687

446 504 642 560 domum
674 502 789 558 [nec
810 499 984 555 futura
1012 506 1211 563 essent,
1235 492 1417 563 templi
1446 504 1635 559 nempe
1662 485 1945 547 desolatio,
1968 486 2021 534 ct

445 595 586 667 quod
610 595 817 665 signum
854 592 1115 646 adventus
1158 589 1273 658 ejus
1301 585 1457 640 foret.
1488 582 1659 637 Lucas
1680 576 1829 651 (Cap.
1852 576 1944 630 2i.
1969 572 2025 645 7)

447 703 574 742 vero
611 702 772 742 unam
801 685 964 739 fuisse
992 679 1458 751 interrogationem
1479 677 1552 730 ait
1567 673 1634 728 de
1659 669 2025 740 Jerosolymis,

446 777 588 849 quod
632 784 877 847 putarent
920 773 1019 844 ipsi
1058 781 1184 827 tunc
1227 771 1343 839 ejus
1382 767 1664 821 adventum
1708 762 1842 816 fore.
1885 760 2021 813 Mar-

448 884 544 924 cus
587 868 755 943 (Cap.
788 868 874 922 15.
914 864 988 936 4)
1030 872 1207 918 autem
1257 876 1363 915 non
1410 858 1539 913 dicit
1580 868 1768 912 omnes
1804 854 2030 905 interro-

448 975 603 1030 gasse
644 958 711 1014 de
755 957 1210 1025 Jerosolymorum
1252 951 1549 1013 eversione,
1582 947 1677 1003 sed
1720 947 1933 1001 Petrum
1973 950 2029 997 et

449 1049 726 1112 Joannem,
744 1048 830 1116 qui
859 1046 1114 1115 majorem
1143 1043 1400 1098 haberent
1421 1040 1686 1095 fiduciam.
1708 1036 1844 1106 Quid
1871 1035 2029 1105 igitur

453 1141 611 1212 ipse?
637 1139 691 1194 4.
731 1138 904 1191 Videte
938 1153 1001 1190 ne
1035 1137 1146 1207 quis
1192 1151 1278 1188 vos
1319 1133 1546 1187 seducet.
1588 1130 1642 1186 5.
1692 1128 1841 1182 Multi
1894 1126 2029 1181 enim

452 1234 645 1285 venient
669 1231 723 1283 in
748 1230 951 1283 nomine
971 1244 1099 1291 meo,
1131 1225 1350 1279 dicentes
1384 1241 1402 1277 :
1423 1221 1535 1293 Ego
1565 1236 1676 1274 sum
1695 1218 1951 1279 Christus,
1978 1224 2029 1269 et

454 1324 639 1377 multos
667 1320 922 1376 seducent.
955 1319 1008 1374 6.
1036 1317 1271 1370 Audituri
1314 1315 1444 1368 enim
1482 1312 1597 1366 estis
1624 1310 1801 1381 prtelia
1837 1317 1882 1361 et
1914 1306 2030 1375 api-

455 1417 628 1468 niones
659 1413 967 1483 prteliorum.
1011 1408 1186 1464 Videte
1214 1424 1276 1461 ne
1322 1403 1586 1459 turbemini
1614 1419 1632 1457 .'
1659 1409 1854 1471 Oportet
1895 1398 2031 1453 enim

457 1508 565 1561 htec
607 1505 736 1575 ﬁeri,
771 1504 858 1559 sed
896 1501 1121 1555 nondum
1148 1509 1221 1554 est
1250 1498 1384 1567 ﬁnis.
1415 1496 1547 1563 Quia
1577 1493 1718 1549 enim
1746 1493 1816 1547 ita
1854 1489 2029 1544 affecti

456 1606 626 1662 erant,
655 1607 713 1651 ut
733 1594 1046 1665 supplicium
1073 1590 1420 1661 Jerosolymte
1448 1584 1777 1642 inferendum
1799 1582 2031 1637 alienum

455 1706 488 1745 a
517 1705 574 1745 se
598 1704 718 1745 esse
746 1695 1011 1757 putarent,
1038 1693 1092 1739 et
1115 1682 1268 1754 quasi
1294 1681 1392 1751 ipsi
1422 1688 1576 1735 extra
1602 1677 1856 1731 tumultus
1872 1672 2033 1728 futuri

457 1791 655 1847 essent,
699 1780 765 1835 de
793 1778 1062 1850 prosperis
1092 1777 1263 1831 Solum
1306 1771 1643 1841 cogitabant,
1687 1782 1807 1838 qua:
1853 1764 2033 1819 omnia

458 1878 564 1930 cito
592 1881 843 1930 eventura
883 1884 1005 1925 esse
1046 1865 1446 1939 exspectabant.
1479 1861 1602 1916 ldeo
1646 1858 1776 1929 ipsis
1822 1870 2033 1911 rursum

457 1967 634 2037 gravia
666 1965 1005 2034 praenuntiat,
1039 1958 1295 2015 sollicitos
1323 1953 1553 2010 reddens
1575 1992 1591 2019 ,
1632 1959 1687 2005 et
1729 1948 1925 2018 duplici
1966 1946 2036 2001 de

459 2072 617 2113 causa
643 2056 861 2127 vigilare
883 2054 1096 2123 jubens,
1126 2060 1182 2105 ut
1214 2062 1389 2117 neque
1409 2062 1438 2099 a
1464 2044 1670 2099 fallacia
1696 2041 2035 2097 seductorum

458 2147 990 2211 circumvenirentur,
1017 2157 1188 2213 neque
1216 2156 1281 2195 ex
1307 2140 1357 2193 vi
1388 2136 1745 2208 ingruentium
1774 2133 2035 2187 malorum

460 2243 832 2299 obruerentur.
877 2238 1112 2306 Duplex,
1146 2233 1347 2304 inquit,
1375 2231 1577 2287 bellum
1619 2228 1755 2295 erit,
1788 2225 2036 2281 seducto-

462 2350 577 2390 rum
621 2342 675 2388 et
712 2330 1079 2393 inimicorum;
1107 2325 1200 2382 sed
1251 2325 1396 2394 prius
1448 2321 1615 2377 multo
1657 2321 1870 2390 gravius
1912 2315 2033 2379 erit,

462 2434 644 2497 utpote
681 2423 823 2495 quod
864 2423 1074 2478 eveniat
1100 2420 1152 2474 in
1188 2416 1502 2473 confusione
1539 2422 1595 2469 et
1640 2409 2037 2483 perturbatione

460 2533 660 2584 rerum,
708 2514 1014 2569 hominibus
1064 2510 1362 2582 perterritis
1408 2517 1568 2578 atque
1611 2504 1854 2560 turbatis.
1903 2502 2034 2558 Nam

463 2620 586 2663 tunc
612 2605 775 2661 multa
798 2613 1082 2673 tempestas
1100 2601 1275 2656 futura
1302 2607 1435 2665 erat,
1450 2596 1705 2652 Romanis
1730 2594 2037 2665 imperanti-

463 2702 581 2766 bus,
610 2699 778 2768 captis
806 2698 1044 2762 urbibus,
1086 2694 1367 2750 commotis
1394 2690 1713 2747 exercitibus
1748 2698 1803 2744 et
1851 2688 2034 2753 armis,

463 2792 751 2861 nmltisque
796 2789 951 2845 facile
989 2785 1330 2843 credentibus
1354 2785 1393 2837 ¹.
1441 2781 1585 2837 Bella
1614 2797 1740 2836 vero
1762 2779 2037 2849 Jerosoly-

464 2883 661 2937 mitana
691 2880 839 2947 dicit,
883 2894 986 2934 non
1031 2887 1206 2932 autem
1249 2884 1498 2931 extranea
1533 2873 1638 2927 alia
1685 2872 1880 2942 ubique
1926 2880 2038 2925 ter-

465 2988 644 3028 rarum
671 2980 787 3026 orta
826 2988 839 3024 :
882 2970 1007 3041 quid
1038 2969 1178 3025 enim
1211 2967 1290 3023 eis
1319 2983 1461 3023 cura:
1487 2966 1555 3021 de
1588 2966 1691 3019 illis
1716 2964 1869 3019 erat?
1895 2964 2041 3017 Alio-

463 3064 591 3135 quin
621 3061 751 3118 nihil
789 3061 909 3115 novi
928 3060 1166 3116 dicturus
1208 3068 1321 3114 erat
1341 3099 1354 3121 ,
1380 3058 1423 3112 si
1452 3057 1589 3111 mala
1624 3056 1769 3111 orbis
1794 3053 2036 3121 dixisset,

463 3173 583 3226 qua:
607 3170 816 3225 semper
842 3155 1058 3209 evenire
1075 3153 1265 3207 solent.
1297 3150 1431 3206 Nam
1458 3158 1511 3205 et
1536 3156 1690 3203 antea
1719 3146 1857 3202 bella
1883 3154 2040 3201 erant

467 3250 723 3304 tumultus
743 3256 796 3303 et
818 3247 995 3318 prmlia
1027 3264 1040 3300 :
1065 3260 1248 3300 verum
1265 3244 1484 3299 Iudaica
1512 3241 1650 3297 bella
1679 3255 1783 3295 non
1813 3238 1901 3293 diu
1922 3246 2042 3308 post

468 3354 687 3397 ventura
716 3339 1035 3410 przenuntiat
1067 3355 1080 3392 :
1103 3338 1214 3407 jam
1254 3337 1396 3391 enim
1424 3334 1491 3389 de
1521 3333 1664 3388 bello
1694 3347 1813 3387 cum
1843 3330 2040 3385 Roma-

467 3434 549 3487 nis
582 3431 793 3486 sollieiti
822 3440 996 3486 erant.
1033 3429 1295 3495 Quoniam
1330 3427 1485 3497 igitur
1515 3426 1629 3479 haec
1656 3423 1777 3478 illos
1824 3422 2041 3476 turbare

469 3531 748 3595 poterant,
779 3522 895 3578 hmo
920 3521 1097 3577 omnia
1124 3519 1383 3592 praedicit.
1430 3515 1628 3573 Deinde
1656 3514 1958 3585 signiﬁcans
1984 3526 2042 3567 se

465 3635 677 3690 quoque
701 3618 915 3675 Judmos
953 3630 1325 3687 aggressurum
1351 3653 1368 3679 ,
1399 3621 1452 3667 et
1478 3620 1662 3666 contra
1689 3609 1806 3663 illos
1842 3622 2044 3678 pugna-

467 3725 643 3769 turum
673 3728 812 3779 esse,
836 3727 941 3767 non
974 3724 1175 3781 pugnas
1198 3708 1371 3763 solum
1395 3712 1657 3760 memorat
1674 3744 1689 3767 ,
1721 3703 1815 3758 sed
1836 3712 1890 3757 et
1910 3703 2045 3757 divi-

467 3808 609 3863 nitus
652 3804 918 3859 immissas
958 3802 1160 3872 plagas,
1208 3799 1423 3861 famem,
1485 3795 1831 3866 pestilentias,
1885 3802 2043 3848 terra:

468 3909 663 3963 motus,
694 3896 981 3953 ostendens
1004 3909 1064 3950 se
1090 3902 1145 3950 et
1172 3892 1414 3949 inimicos
1441 3888 1689 3945 invadere
1709 3887 1917 3952 sivisse,
1952 3901 2047 3941 ne-

466 4007 571 4062 que
601 3991 713 4044 baac
744 4000 943 4043 temere
973 3985 1107 4051 fieri,
1126 3982 1415 4039 secundum
1444 3988 1753 4036 consuetum
1775 3976 1913 4047 apud
1942 3976 2044 4031 ho-

471 4082 644 4137 mines
671 4095 895 4145 morem,
929 4077 1023 4133 sed
1050 4093 1113 4131 ex
1141 4074 1318 4129 divina
1342 4073 1441 4126 ira.
1471 4070 1594 4126 ldeo
1622 4069 1737 4124 haec
1777 4084 1887 4123 non
1916 4082 2042 4121 casu

473 4176 585 4231 ﬁeri
608 4174 756 4240 dicit,
796 4187 970 4243 neque
991 4179 1248 4238 repente,
1294 4166 1388 4221 sed
1423 4172 1543 4235 post
1581 4163 1721 4218 edita
1766 4162 1938 4231 signa.
1968 4159 2047 4214 Ne

468 4271 709 4325 dicerent
732 4265 874 4321 enim
903 4263 1094 4327 Judaei,
1125 4275 1239 4327 eos,
1269 4258 1360 4330 qui
1385 4266 1509 4312 tunc
1532 4254 1842 4318 credebant,
1875 4253 2045 4307 malo-

470 4378 589 4419 rum
629 4375 748 4417 esse
796 4372 1034 4422 causam,
1081 4355 1201 4410 ideo
1248 4366 1464 4407 causam
1510 4348 1641 4404 illati
1682 4346 1807 4401 mali
1837 4344 2046 4415 aperit:

467 4459 629 4512 Amen
651 4456 847 4526 quippe
882 4453 995 4507 dico
1023 4450 1178 4516 vobis,
1218 4456 1376 4504 antea
1425 4446 1652 4512 dixerat,
1693 4444 1812 4509 quia
1854 4442 2049 4495 venient

473 4551 578 4605 htec
598 4549 769 4603 omnia
789 4563 939 4615 super
957 4544 1325 4617 generationem
1349 4541 1499 4593 istam
1524 4537 1541 4608 (
1572 4535 1757 4589 Matth.
1786 4533 1872 4587 25.
1909 4531 1978 4586 56
2006 4532 2046 4602 ).

470 4641 672 4699 εωάθιη
716 4639 783 4693 ab
811 4637 941 4708 ipsis
991 4641 1346 4705 perpetratam
1392 4643 1712 4686 memorans.
1745 4624 1944 4681 Deinde
1984 4639 2050 4678 ne

472 4737 654 4793 audito
690 4744 769 4790 tot
794 4733 1058 4789 malorum
1103 4730 1319 4784 incursu
1345 4732 1592 4796 putarent
1617 4719 2047 4789 praedicationem

475 4826 896 4885 labefactandam
918 4837 1058 4887 esse,
1105 4818 1380 4890 subiunxit
1406 4832 1421 4870 :
1460 4812 1632 4869 Videte
1654 4829 1717 4867 ne
1737 4809 2002 4865 turbemini
2030 4823 2050 4861 :

474 4928 669 4991 oportet
693 4918 825 4972 enim
850 4915 958 4969 htec
981 4913 1093 4983 ﬁeri
1120 4927 1139 4967 :
1165 4910 1218 4965 id
1261 4916 1372 4972 est,
1423 4921 1541 4977 quae
1577 4918 1676 4974 ego
1721 4900 1963 4973 praedixi,
1990 4912 2053 4952 ac

475 5011 828 5067 tentationum
854 5009 1098 5062 incursus
1128 5017 1215 5058 res
1259 5017 1289 5056 a
1332 5016 1417 5054 me
1448 4997 1728 5068 praedictas
1751 5008 1857 5048 non
1884 4991 2051 5045 inter-

474 5104 750 5162 turbabit:
781 5100 877 5157 sed
902 5101 1004 5156 erit
1043 5097 1259 5170 quidem
1299 5092 1553 5149 tumultus
1596 5098 1651 5145 et
1701 5084 2050 5157 perturbatio,

473 5213 594 5269 quae
620 5194 831 5249 oracula
860 5206 975 5247 mea
1019 5205 1124 5244 non
1152 5187 1414 5258 quatiant.
1460 5179 1664 5238 Deinde
1710 5176 1831 5247 quia
1857 5172 2055 5229 Iudaeis

473 5266 686 5345 dixerat
714 5301 729 5339 :
762 5283 884 5339 Non
908 5300 986 5336 me
1008 5280 1236 5337 uidebitis
1255 5276 1438 5332 amodo
1477 5276 1634 5328 donec
1659 5271 1858 5337 dicatis,
1888 5266 2052 5320 Bene-

476 5382 639 5436 dictus
668 5379 753 5449 qui
798 5377 929 5431 venit
954 5376 1008 5428 in
1051 5374 1253 5427 nomine
1277 5368 1484 5425 Domini
1511 5367 1529 5437 (
1564 5364 1749 5419 Matth.
1779 5363 1870 5418 2'5.
1896 5360 1966 5418 39
1995 5361 2050 5430 );

480 5472 841 5542 putabantque
866 5465 1110 5535 discipuli
1139 5479 1260 5518 cum
1286 5460 1499 5518 excidio
1529 5458 1687 5514 etiam
1707 5468 2054 5511 consumma-

478 5565 679 5619 tionem
702 5560 837 5623 fore,
867 5558 1007 5613 banc
1037 5571 1221 5610 eorum
1249 5554 1557 5624 opinionem
1577 5549 1871 5619 corrigens,
1903 5546 2051 5600 dice-

477 5656 570 5711 bat
599 5672 615 5711 :
643 5652 752 5710 Sed
790 5649 1017 5707 nondum
1040 5657 1111 5703 est
1129 5647 1266 5718 ﬁnis.
1292 5646 1445 5714 Quod
1483 5653 1659 5698 autem
1705 5640 1757 5695 id
1782 5636 1924 5710 quod
1956 5650 2053 5706 ego

477 5811 559 5927 “8‘
588 5818 705 5879 Alii.
728 5813 979 5877 multisque
999 5810 1112 5864 aliis
1161 5803 1443 5859 instantibus
1477 5800 1888 5868 perturbatioran
1936 5804 2048 5846 cau-

1149 376 1203 436 S.
1244 372 1519 433 JOANNIS
1554 360 2032 427 CllRYSOSTOMl
2069 358 2385 420 ARCHIEP.
2424 364 2953 425 CONSTANTINOP.

3597 375 3698 429 688

2136 477 2243 532 dixi
2276 479 2695 549 suspicarentur,
2745 497 2814 538 ex
2852 497 3036 538 eorum
3080 482 3491 554 interrogatione
3532 485 3698 540 disce.

2141 525 2243 532 _-_-
2276 525 2695 549 -..-,..._.........,
2746 525 2814 538 ν..
2853 525 3036 538 πη...
3314 525 3491 541 -..νην
3533 525 3698 540 ...πω

2134 572 2271 640 Quid
2300 574 2442 628 enim
2488 574 2929 646 interrogabant?
2976 576 3193 642 Quando
3239 525 3345 632 Ιινιέο
3382 579 3566 633 erunt?
3604 580 3703 634 hoc

2132 677 2235 733 est,
2266 666 2611 736 Quandonam
2638 667 2965 741 Jerosolyma
2988 668 3221 739 peribit?
3247 667 3317 722 Et
3343 668 3478 739 quod
3507 670 3703 739 signum

2132 761 2373 815 adventus
2392 761 2467 813 tui
2490 770 2536 815 et
2560 762 3003 815 consummationis
3039 760 3249 816 seaculi?
3275 760 3393 831 Ipse
3417 777 3544 816 vero
3573 760 3703 814 nihil

2132 852 2310 906 statim
2336 851 2402 906 ad
2427 851 2565 931 hanc
2608 852 3074 922 interrogationem
3099 851 3404 923 respondit;
3434 852 3525 906 sed
3557 853 3703 920 prius

2133 942 2221 996 illa
2249 942 2377 997 dicit
2401 959 2520 1013 quae
2547 943 2665 1012 plus
2700 942 2955 997 intererat
2995 942 3220 999 discere.
3262 940 3445 1014 Neque
3469 943 3610 998 enim
3637 943 3702 999 de

2132 1035 2481 1107 Jerosolymis
2517 1038 2716 1101 statim,
2763 1050 2936 1106 neque
2982 1036 3050 1092 de
3076 1036 3308 1091 secundo
3336 1051 3435 1090 suo
3475 1035 3702 1089 adventu

2134 1130 2383 1200 loquutus
2412 1138 2514 1193 est,
2544 1130 2639 1186 sed
2669 1129 2737 1185 de
2762 1129 2916 1184 malis
2946 1145 3064 1199 qua:
3084 1128 3195 1198 jam
3223 1128 3464 1198 proxima
3511 1136 3693 1189 erant,

2133 1222 2359 1292 ideoque
2382 1222 2503 1277 illos
2530 1222 2787 1277 sollicitos
2807 1220 2981 1276 reddit
3017 1220 3203 1275 dicens
3236 1218 3451 1273 :Cavete
3492 1235 3556 1272 ne
3594 1220 3705 1285 quis

2132 1330 2220 1369 vos
2244 1313 2470 1369 seducat.
2500 1313 2553 1367 tl!
2562 1314 2655 1367 ulti
2678 1314 2810 1368 enim
2834 1313 3029 1367 venient
3057 1313 3112 1366 in
3138 1312 3337 1365 nomine
3364 1327 3474 1364 meo
3493 1352 3509 1375 ,
3536 1310 3706 1363 dicen-

2134 1417 2206 1462 tes
2232 1422 2253 1461 :
2275 1405 2388 1478 Ego
2410 1422 2522 1460 sum
2545 1404 2790 1461 Christus.
2812 1403 3009 1460 Deinde
3035 1404 3271 1458 excitans
3293 1402 3410 1456 illos
3430 1401 3495 1455 ad
3520 1401 3705 1454 harum

2133 1513 2311 1554 rerum
2332 1497 2589 1561 auditum,
2618 1496 2813 1561 Cavete,
2845 1496 3033 1566 inquit,
3058 1511 3119 1548 ne
3134 1495 3245 1563 quis
3264 1509 3349 1547 vos
3377 1491 3582 1547 seducet
3607 1507 3626 1544 :
3653 1500 3709 1546 et

2134 1606 2256 1646 cum
2276 1589 2529 1645 sollicitos
2549 1597 2707 1659 atque
2723 1587 2791 1642 ad
2811 1586 3129 1657 vigilandum
3144 1594 3356 1655 paratos
3368 1581 3705 1648 reddidisset,

2136 1693 2415 1753 postquam
2453 1682 2762 1737 seductores
2799 1690 2852 1735 et
2889 1678 3346 1749 pseudo-ebristos
3372 1676 3704 1740 memoravit,

2139 1783 2265 1830 tunc
2306 1774 2762 1844 Jerosolymorttm
2816 1771 2952 1825 mala
2994 1778 3193 1837 narrat,
3240 1784 3307 1823 ex
3334 1768 3399 1822 iis
3440 1782 3559 1837 quae
3598 1766 3707 1835 jam

2137 1876 2426 1925 evenerant
2467 1864 2642 1919 futura
2697 1877 2944 1919 asserens
2971 1861 3111 1932 apud
3156 1860 3371 1915 insanos
3407 1866 3461 1914 et
3486 1866 3709 1913 conten-

2139 1962 2331 2017 tiosos.

2207 2051 2264 2107 2.
2308 2050 2451 2106 Bella
2475 2058 2652 2105 autem
2675 2058 2729 2104 et
2753 2047 3036 2117 opiniones
3063 2044 3340 2107 bellorum,
3363 2052 3420 2097 ut
3444 2043 3552 2112 jam
3574 2042 3707 2107 dixi,

2139 2143 2398 2198 tumultus
2418 2142 2507 2213 qui
2536 2143 2679 2210 ipsos
2708 2138 2943 2193 invasuri
2974 2144 3099 2191 sunt
3138 2143 3312 2189 vocat.
3348 2133 3549 2188 Deinde
3587 2134 3709 2203 quia

2140 2234 2417 2304 putabant,
2449 2243 2506 2287 ut
2533 2230 2641 2287 dixi
2670 2272 2683 2296 ,
2712 2238 2835 2300 post
2862 2226 3060 2283 bellum
3089 2225 3220 2281 illud
3267 2233 3549 2280 venturum
3590 2236 3712 2276 esse

2140 2328 2322 2392 finem,
2352 2325 2470 2380 vide
2494 2322 2761 2394 quomodo
2810 2320 2930 2374 illos
2972 2316 3321 2388 praemuniat,
3355 2314 3538 2369 dicens
3565 2331 3579 2368 :
3609 2310 3713 2366 Sed

2141 2420 2365 2475 nondum
2392 2426 2464 2472 est
2493 2416 2629 2485 ﬁnis.
2675 2415 2729 2468 7.
2776 2411 3029 2482 Exsurget
3076 2410 3228 2474 enim,
3278 2406 3467 2476 inquit,
3514 2419 3634 2475 gens
3661 2402 3715 2454 in

2139 2522 2334 2586 gentem
2354 2520 2399 2563 et
2424 2523 2634 2579 regnum
2661 2506 2716 2559 in
2754 2518 2979 2573 regnum.
3010 2499 3160 2555 Initia
3188 2497 3526 2554 Judaieorum
3548 2492 3717 2548 malo-

2142 2581 2261 2660 rum
2285 2603 2432 2658 dicit.
2457 2601 2508 2657 8.
2542 2599 2666 2653 Htec
2691 2603 2859 2650 autem
2886 2593 3055 2648 omnia
3080 2591 3224 2643 initia
3247 2586 3607 2643 suntdolorum
3622 2598 3641 2646 ;
3661 2581 3713 2636 id

2140 2706 2243 2761 est,
2270 2709 2453 2750 eorum
2484 2691 2572 2763 qui
2617 2690 2745 2760 ipsis
2786 2685 3028 2743 eventuri
3075 2692 3217 2738 sunt.
3249 2681 3303 2737 9.
3343 2679 3487 2733 Tunc
3516 2675 3714 2730 tradent

2141 2805 2230 2843 vos
2257 2789 2310 2842 in
2338 2786 2731 2850 tribulationem,
2756 2792 2803 2836 et
2845 2779 3074 2836 occident
3098 2792 3203 2830 vos.
3235 2772 3543 2842 Opportune
3566 2768 3711 2835 ipso-

2143 2895 2262 2935 rum
2284 2878 2420 2933 mala
2444 2875 2684 2939 inseruit,
2716 2888 2834 2944 qua:
2874 2886 2905 2925 a
2937 2864 3309 2925 communibus
3337 2861 3488 2916 malis
3516 2856 3714 2928 aliquid

2143 2969 2525 3027 consolationis
2548 2965 2853 3036 accipiunt;
2888 2976 2986 3017 nec
3017 2959 3141 3014 inde
3191 2966 3427 3019 tantum,
3460 2950 3554 3007 sed
3592 2949 3713 3019 quia

2143 3061 2361 3125 addidit,
2395 3057 2613 3129 PrOpter
2649 3070 2829 3129 nomen
2873 3065 3075 3105 meum:
3100 3046 3259 3101 Eritis
3280 3045 3422 3100 enim
3445 3083 3462 3111 ,
3505 3039 3712 3109 inquit,

2143 3154 2260 3208 odio
2286 3127 2515 3205 omnibus
2541 3127 2745 3217 propter
2774 3160 2954 3198 nomen
2981 3155 3165 3194 meum.
3195 3136 3285 3191 10.
3317 3133 3458 3189 Tunc
3495 3130 3717 3185 scanda—

2144 3243 2430 3299 lizabuntur
2482 3238 2667 3305 multi,
2714 3246 2761 3290 et
2803 3234 3013 3289 invicem
3066 3229 3303 3293 tradent,
3336 3227 3423 3281 11.
3474 3233 3519 3278 et
3570 3221 3719 3276 multi

2144 3331 2539 3408 pseudo-christi
2562 3372 2577 3396 ,
2606 3338 2653 3383 et
2682 3322 3147 3397 pseudo-propheta:
3192 3328 3358 3384 erunt,
3400 3326 3445 3370 et
3482 3314 3717 3369 seducent

2149 3406 2351 3481 inultos.
2383 3422 2469 3478 12.
2508 3421 2572 3476 Et
2600 3419 2836 3489 quoniam
2852 3413 3125 3470 abundabit
3148 3411 3406 3479 iniquitas,
3434 3406 3717 3477 refrigescet

2145 3518 2334 3573 caritas
2362 3515 2658 3568 multorum.
2690 3510 2779 3565 15.
2814 3506 2914 3574 Qui
2958 3514 3126 3559 autem
3156 3499 3539 3572 perseveraverit
3569 3511 3721 3565 usque

2145 3613 2199 3667 in
2226 3612 2401 3681 ﬁnem,
2427 3608 2507 3662 hic
2532 3605 2701 3661 salvus
2729 3602 2842 3656 erit.
2869 3600 2980 3655 Hoc
3007 3596 3181 3665 majus
3206 3594 3400 3648 malum
3428 3598 3511 3645 est
3531 3630 3546 3654 ,
3583 3590 3721 3642 inte-

2147 3679 2345 3760 stinum
2370 3714 2563 3770 nempe
2597 3696 2797 3753 bellum
2831 3691 3023 3751 :multi
3070 3688 3211 3745 enim
3242 3684 3359 3740 falsi
3389 3682 3584 3737 fratres
3609 3679 3722 3734 fue-

2148 3808 2290 3858 runt.
2317 3796 2501 3852 Viden‘
2519 3792 2709 3863 triplex
2743 3788 2961 3853 bellum,
2991 3800 3022 3839 a
3042 3779 3429 3841 seductoribus,
3452 3775 3519 3829 ab
3546 3772 3723 3829 inimi-

2147 3896 2247 3959 cis,
2273 3906 2302 3944 a
2324 3888 2472 3944 falsis
2500 3882 2783 3940 fratribus?
2809 3879 2941 3934 Vide
2969 3875 3189 3932 Paulum
3206 3872 3306 3926 hoc
3319 3868 3719 3938 deplorantem:

2151 3986 2302 4041 Foris
2332 3996 2536 4052 pugnte,
2568 3979 2702 4031 intus
2730 3975 2953 4037 timores,
2981 3978 3028 4024 et
3059 3966 3283 4037 pericula
3330 3962 3384 4016 in
3425 3960 3568 4030 falsis
3610 3960 3719 4028 fra-

2151 4078 2305 4134 tribus
2451 4072 2568 4127 Cor.
2598 4070 2651 4124 7.
2693 4069 2746 4122 5.
2776 4074 2826 4120 et
2906 4064 2995 4118 11.
3021 4060 3094 4115 26
3119 4060 3137 4130 )
3162 4076 3176 4124 ;
3207 4072 3271 4112 ac
3294 4069 3502 4111 rursum
3529 4072 3542 4104 :
3570 4050 3721 4104 Tales

2150 4172 2281 4225 enim
2309 4165 2429 4237 falsi
2455 4161 2670 4234 apostoli
2692 4166 2829 4224 sunt,
2848 4153 3069 4226 operarii
3092 4150 3277 4215 dolosi,
3307 4146 3722 4214 transformantes

2151 4279 2203 4316 se
2225 4262 2279 4315 in
2301 4257 2554 4329 apostolos
2583 4251 2767 4309 Christi
2797 4251 2815 4320 (
2850 4247 2985 4302 Ibid.
3025 4246 3114 4301 11.
3162 4243 3229 4297 15
3252 4243 3289 4311 ).
3322 4239 3456 4293 Hinc
3510 4249 3720 4291 rursum

2152 4355 2205 4410 id
2250 4326 2390 4423 quod
2445 4351 2683 4404 omnium
2734 4339 3103 4414 gravissimum
3154 4343 3257 4399 est,
3310 4331 3451 4402 quod
3492 4326 3727 4389 caritatis

2152 4420 2570 4503 consolationem
2612 4454 2718 4495 non
2768 4432 2995 4490 habituri
3025 4431 3150 4486 sint.
3202 4426 3401 4483 Deinde
3438 4420 3727 4478 ostendens

2153 4551 2470 4611 generosum
2498 4542 2553 4587 et
2577 4532 2864 4601 patientem
2894 4524 3018 4578 hinc
3054 4520 3177 4576 ιωάί
3219 4535 3322 4573 non
3357 4530 3528 4586 posse,
3558 4512 3634 4568 Ne
3661 4512 3729 4566 ti-

2156 4610 2344 4687 mentis
2363 4670 2378 4692 ,
2405 4625 2612 4696 inquit,
2643 4635 2815 4689 neque
2844 4614 3153 4672 turbemini.
3181 4612 3237 4667 Si
3263 4610 3405 4665 enim
3431 4619 3728 4676 congruen-

2157 4733 2261 4778 tem
2295 4718 2604 4792 patientiam
2634 4707 3003 4771 exltibueritis,
3045 4705 3161 4760 haec
3186 4703 3323 4757 mala
3365 4716 3469 4756 non
3502 4710 3727 4767 supera-

2158 4815 2288 4869 bunt
2312 4827 2426 4866 vos.
2454 4808 2730 4876 Hujusque
2758 4802 2833 4857 rei
2874 4800 3018 4855 clara
3045 4790 3428 4851 demonstratio
3454 4798 3555 4853 est,
3584 4785 3727 4857 quod

2159 4903 2464 4975 praedicatio
2487 4900 2683 4969 ubique
2713 4909 2808 4964 per
2826 4892 3009 4947 orbem
3040 4885 3291 4958 pervadat
3315 4902 3328 4939 :
3350 4883 3423 4939 ita
3453 4878 3727 4935 sublimio-

2158 4972 2246 5053 res
2266 4996 2619 5064 eritis;quam
2647 4997 2704 5044 ut
2730 4987 2843 5041 haec
2887 4982 3024 5038 mala
3048 4978 3256 5050 possint
3297 4989 3397 5033 vos
3444 4972 3725 5042 attingere.

2158 5091 2237 5147 Ne
2260 5061 2499 5145 dicerent
2522 5084 2687 5147 enim,
2705 5075 2974 5150 quomodo
2993 5088 3119 5143 ergo
3146 5066 3427 5125 vivemus?
3454 5064 3572 5135 plus
3587 5061 3734 5116 addi-

2158 5186 2256 5249 dit,
2291 5181 2357 5236 Et
2378 5177 2568 5233 vivetis
2595 5183 2649 5230 et
2674 5172 2871 5240 ubique
2898 5164 3176 5223 docebitis.
3205 5158 3561 5230 Quamobrem
3591 5154 3735 5206 intu~

2161 5277 2224 5333 lit
2253 5274 2387 5331 :14.
2452 5265 2827 5325 Prtedicabitur
2878 5261 2972 5315 hoc
3017 5254 3349 5326 Evangelium
3398 5251 3453 5304 in
3503 5248 3735 5302 universo

2160 5368 2349 5425 mundo
2371 5367 2422 5420 in
2449 5361 2784 5418 testimonium
2805 5351 3034 5410 onmibus
3060 5347 3285 5420 gentibus
3311 5360 3330 5398 :
3360 5352 3404 5398 et
3425 5352 3545 5395 tunc
3577 5337 3736 5392 veniet

2155 5463 2298 5533 ﬁnis,
2321 5465 2512 5521 nempe
2524 5430 3522 5503 consummationisHierosolymorum
3538 5421 3738 5488 ‘.Quod

2157 5517 2304 5609 enim
2374 5517 2565 5601 de_illo
2597 5540 2705 5594 line
2760 5532 2979 5597 dixerit,
3025 5536 3081 5584 et
3138 5524 3284 5596 quod
3314 5530 3441 5576 ante
3462 5517 3737 5574 excidium

2171 5607 2528 5708 Evangelium
2555 5628 2908 5704 pradicatum
2933 5619 3121 5685 fuerit,
3143 5616 3272 5672 audi
3293 5612 3422 5685 quid
3437 5611 3581 5667 dicat
3602 5607 3741 5661 Pau-

2235 5772 2250 5801 ¹
2272 5771 2443 5822 Monii.
2470 5772 2580 5830 post
2603 5764 2841 5830 Savil..."
2884 5756 3026 5827 pnis,
3060 5768 3154 5809 non
3184 5746 3631 5808 consummationis,
3654 5744 3740 5797 sed

2168 5826 2641 5903 Hierosolymorum.
2664 5826 2800 5878 Ευιτ.
