4130 6374
400 369 506 427 689

398 483 469 535 ἐν
489 479 655 545 πάσῃ
678 476 753 545 τῇ
788 476 978 531 κτίσει
1005 473 1078 543 τῇ
1112 472 1231 528 ὑπὸ
1263 473 1370 527 τὸν
1409 473 1686 540 οὐρανόν.
1720 470 1830 526 Καὶ
1859 472 1991 543 δρᾷς
2020 470 2064 545 ξσ

399 559 561 611 αὑτὸν
592 544 700 610 ἀπὸ
724 544 1082 627 Ἰερουσαλὴμ
1114 555 1192 617 εἰς
1224 552 1463 607 Σπανίαν
1495 552 1776 622 τρέχοντα.
1807 552 1869 604 Εἰ
1900 551 1957 604 δὲ
1984 544 2065 612 εἷς

399 636 652 689 τοσοῦτον
703 635 865 706 μέρος
899 637 941 669 ³⁷
992 632 1310 693 κατέλαϐεν,
1365 632 1616 702 ἐννόησον
1661 634 1756 685 ml
1789 632 1838 683 οἰ
1887 628 2065 682 λοιποὶ

400 717 545 770 πόσα
572 715 915 785 εἰργάσαντο.
945 712 1053 765 Καὶ
1077 711 1185 779 γὰρ
1213 710 1306 763 καὶ
1338 711 1548 780 έτέροις
1579 711 1808 781 γράφων
1842 708 2003 764 πάλιν
2035 710 2064 762 ὁ

398 795 611 858 Παῦλος
649 794 800 861 ἔλεγε
835 792 962 861 περὶ
990 790 1084 843 τοῦ
1125 790 1482 857 Εὑαγγελίου,
1517 792 1601 844 ὅτι
1646 791 1812 844 Ἔστι
1852 803 2066 858 καρπο-

398 875 772 944 φορούμενον
793 870 891 923 καὶ
914 869 1328 937 αὐξανόμενον
1361 868 1431 921 ἐν
1462 868 1627 936 πάσῃ
1655 867 1730 935 τῇ
1762 869 1953 922 κτίσει
1989 867 2066 937 τῇ

401 952 517 1007 ὑπὸ
552 954 658 1004 τὸν
690 948 968 1016 οὐρανόν.
1000 947 1064 998 Τί
1104 946 1161 998 δέ
1203 948 1373 1012 ἐστιν,
1404 950 1510 1011 Εἰς
1552 948 1875 1017 μαρτύριον
1914 948 2065 1002 πᾶσι

398 1030 524 1094 τοῖς
549 1029 791 1083 ἔθνεσιν
810 1028 883 1091 ¹³;
935 1024 1152 1095 Ἐπειδὴ
1183 1024 1461 1095 ἐκηρύχθη
1495 1026 1591 1096 μὲν
1626 1025 1925 1096 πανταχοῦ,
1963 1026 2064 1079 οὐκ

398 1106 693 1177 ἐπιστεύθη
721 1106 778 1158 δέ
801 1104 1079 1173 πανταχοῦ
1103 1104 1167 1166 ³⁸,
1190 1107 1300 1168 Εἰς
1325 1106 1670 1173 μαρτύριον,
1707 1106 1838 1175 φησὶ
1858 1106 1923 1172 ὀ,
1952 1109 2064 1170 τοῖς

396 1188 731 1256 ἀπιστήσασι
753 1202 767 1216 ·
797 1183 1089 1247 τουτέστιν,
1119 1183 1198 1244 εἰς
1232 1181 1472 1251 ἔλεγχον,
1497 1184 1576 1244 εἰς
1604 1183 1955 1253 κατηγορίαν,
1984 1187 2065 1248 εἰς

402 1266 705 1336 μαρτυρίαν
733 1265 776 1294 ¹¹
803 1279 817 1292 ·
854 1263 903 1314 οἰ
950 1261 1058 1330 γάρ
1097 1259 1483 1323 πιστεύσαντες
1515 1263 2065 1332 καταμαρτυρήσουσι

397 1344 507 1397 τῶν
553 1344 629 1414 μὴ
668 1340 1104 1401 πιστευσάντων,
1134 1339 1227 1392 ml
1269 1338 1686 1410 κατακρινοῦσιν
1716 1340 1930 1403 αὐτούς.
1966 1339 2064 1394 Διά

397 1424 553 1476 τοῦτο
574 1422 630 1475 δέ
654 1420 790 1492 μετά
811 1421 869 1472 τὸ
887 1418 1228 1488 κηρυχθῆναι
1253 1416 1313 1470 τὸ
1332 1417 1660 1486 Εὐαγγέλιον
1677 1418 1951 1489 πανταχοῦ
1969 1420 2065 1489 τῆς

396 1502 721 1570 οἰκουμένης
753 1498 1047 1551 ἀπόλλυται
1089 1496 1158 1550 τὰ
1190 1496 1538 1567 Ἰεροσόλυμα
1562 1539 1575 1562 ,
1621 1498 1707 1551 ἵνα
1738 1498 1871 1569 μηδὲ
1906 1498 2064 1552 σκιὰν

397 1582 693 1648 ἀπολογίας
731 1576 1391 1648 ἐχωσινάγνωμονοῦντες
1414 1578 1480 1630 ’³.
1513 1578 1576 1631 Ol
1606 1578 1714 1647 γάρ
1746 1578 1943 1639 ἰδόντες
1965 1578 2063 1648 τὴν

397 1661 560 1714 αὑτοῦ
586 1659 815 1726 δύναμιν
846 1654 1120 1725 πανταχοῦ
1149 1654 1551 1723 διαλάμψασαν,
1576 1657 1670 1709 καὶ
1707 1659 1764 1708 ἐν
1791 1656 2062 1728 ἀκαριαίῳ

396 1741 495 1810 τὴν
521 1738 842 1807 οἰκουμένην
883 1732 1108 1786 ἑλοῦσαν
1131 1734 1196 1798 ³³,
1244 1732 1393 1805 [726]
1417 1734 1537 1787 τίνα
1576 1735 1643 1787 ἂν
1674 1733 1847 1804 ἔχοιεν
1881 1735 2063 1789 λοιπὸν

399 1822 747 1889 συγγνώμην,
771 1816 863 1867 ἐπὶ
885 1815 984 1884 τῆς
1009 1813 1175 1883 αὐτῆς
1198 1814 1585 1884 ἀγνωμοσύνης
1614 1813 1921 1883 μείναντες;
1943 1816 2066 1869 ’Ότι

395 1900 503 1969 γὰρ
534 1895 806 1965 πανταχοῦ
840 1891 1117 1963 ἐκηρύχθη
1148 1891 1291 1957 τότε,
1326 1894 1556 1947 ἄκουσον
1583 1894 1635 1945 τί
1672 1910 1834 1962 φησιν
1864 1897 1892 1947 ὁ
1918 1894 2065 1947 Παῦ-

396 1982 522 2043 λος·
557 1978 665 2034 Τοῦ
699 1974 1066 2044 Εὐαγγελίου
1100 1972 1207 2026 τοῦ
1244 1970 1647 2040 κηρυχθέντος
1685 1973 1755 2026 ἐν
1789 1973 1957 2043 πάσῃ
1991 1974 2065 2044 τῇ

398 2060 595 2113 κτίσει
622 2056 697 2124 τῇ
724 2055 843 2109 ὑπὸ
874 2053 981 2106 τὸν
1011 2051 1290 2119 οίιρανόν.
1330 2052 1395 2104 '0
1424 2052 1517 2104 ml
1553 2052 1807 2120 μέγιστον
1842 2056 2066 2123 σημεῖον

393 2140 493 2209 τῆς
529 2140 622 2193 τοῦ
669 2133 903 2207 Χριστοῦ
943 2132 1245 2199 δυνάμεως,
1280 2131 1363 2183 ὅτι
1401 2130 1460 2182 ἐν
1502 2131 1674 2184 εἰκοσι
1708 2130 1740 2201 ἢ
1782 2132 1876 2185 καὶ
1909 2131 2065 2202 τριά-

395 2237 561 2273 κοντα
592 2219 733 2278 ὅλοις
761 2216 905 2267 ἔτεσι
938 2212 1008 2265 τά
1046 2210 1258 2281 πέρατα
1291 2209 1383 2279 τῆς
1417 2209 1739 2279 οἰκουμένης
1769 2210 2065 2263 κατέλαϐεν

395 2301 424 2351 ὁ
445 2299 621 2365 λόγος.
649 2296 802 2351 Μετὰ
825 2294 983 2347 τοῦτο
1013 2288 1127 2352 οὖν,
1155 2290 1341 2360 φησὶν,
1365 2288 1484 2359 ἥξει
1504 2289 1564 2341 τὸ
1592 2289 1740 2352 τέλος
1760 2290 1868 2341 τῶν
1902 2291 2064 2361 Ἰερο-

397 2376 663 2447 σολύμων.
693 2373 818 2429 ’Ότι
852 2373 959 2441 γάρ
985 2369 1143 2423 τοῦτο
1178 2369 1496 2433 αἰνίττεται,
1527 2369 1585 2422 τὸ
1615 2370 1742 2440 ἑξῆς
1774 2370 2061 2440 ἐδήλωσεν.

408 2458 685 2527 Ἐπήγαγε
711 2454 817 2525 γὰρ
850 2451 945 2505 καὶ
985 2447 1345 2520 προφητείαν,
1376 2447 1736 2517 πιστούμενος
1765 2448 1941 2501 αὐτῶν
1974 2450 2065 2503 τὺν

396 2538 720 2607 ἀφανισμὸν,
764 2535 858 2588 καὶ
885 2533 1059 2601 λέγων
1078 2549 1092 2563 ⁸
1128 2534 1315 2584 Ὅταν
1355 2530 1423 2583 δὲ
1462 2530 1626 2597 ἴδητε
1651 2531 1718 2584 τὸ
1748 2532 2067 2602 βδέλυγμα

398 2617 503 2684 τῆς
530 2616 897 2685 ἐρημώσεως,
927 2613 994 2666 τὸ
1015 2611 1203 2680 ῥηθὲν
1232 2609 1325 2663 διὰ
1346 2611 1570 2678 Δανιὴλ
1599 2610 1703 2664 τοῦ
1733 2612 2063 2681 προφήτου,

396 2698 584 2763 ἑστὼς
614 2698 683 2749 ἐν
726 2697 889 2757 τόπῳ
915 2693 1087 2759 ἁγίῳ·
1115 2694 1148 2745 ὁ
1180 2688 1609 2756 ἀναγινώσκων
1645 2692 1872 2746 νοείτω.
1916 2693 2066 2764 Παρ-

396 2776 642 2847 έπεμψεν
671 2773 864 2834 αὐτοὺς
892 2772 984 2824 ἐπὶ
1023 2771 1114 2823 τὸν
1137 2768 1333 2838 Δανιήλ
1355 2770 1419 2822 ἰ.
1453 2769 1734 2839 Βδέλυγμα
1767 2770 1824 2823 δὲ
1855 2771 1947 2823 τὸν
1974 2774 2066 2824 ἀν-

328 2863 334 2869 ’
395 2856 621 2928 δριάντα
646 2854 741 2907 τοῦ
771 2853 890 2904 τότε
914 2850 1012 2921 τὴν
1044 2850 1197 2928 πόλιν
1220 2848 1432 2911 ἑλόντος
1458 2848 1644 2928 φησὶν,
1667 2848 1695 2900 ὃ
1728 2850 1773 2880 ’⁸
1797 2850 1826 2901 ὁ
1846 2851 2066 2920 ἔρημά).

398 2952 499 2998 σας
521 2934 620 3005 τὴν
652 2932 806 2985 πόλιν
835 2931 928 2984 ml
960 2929 1051 2982 τὸν
1084 2927 1209 3005 ναὸν
1232 2927 1458 2997 ἔστησεν
1491 2927 1636 2981 ἔνδον
1656 2943 1670 2958 °
1701 2928 1781 2982 διὸ
1805 2931 1899 2982 ml
1931 2931 2064 3000 ἐρη-

400 3004 625 3083 μώσεως
644 3011 773 3064 αὐτὸ
789 3011 833 3041 ’⁸
855 3008 1029 3063 καλεῖ.
1054 3004 1210 3072 Εἶτα,
1238 3007 1323 3059 ἵνα
1351 3006 1613 3076 μάθωσιν,
1630 3008 1712 3061 ὅτι
1738 3010 1830 3061 ml
1853 3007 2069 3072 ζώντων

399 3091 555 3144 ἐνίων
577 3091 755 3143 αὐτῶν
776 3088 951 3141 ταῦτα
974 3087 1147 3149 ἐσται,
1164 3086 1251 3140 διὰ
1276 3085 1433 3139 τοῦτο
1461 3085 1645 3155 ἔλεγεν
1667 3104 1679 3117 ·
1701 3088 1887 3145 Ὅταν
1908 3087 2071 3156 ἴδητε

398 3169 465 3225 τὸ
497 3169 815 3237 ,βδέλυγμα
842 3164 949 3233 τῆς
977 3163 1349 3236 ἐρημώσεως.

469 3322 537 3386 γ’.
589 3315 678 3383 Ἐξ
707 3310 781 3370 ὧν
810 3315 1042 3386 μάλιστα
1065 3315 1129 3369 άν
1156 3331 1239 3377 τις
1265 3311 1563 3383 θαυμάσειε
1585 3312 1679 3369 τοῦ
1715 3314 1948 3386 Χριστοῦ
1974 3319 2074 3389 τὴν

397 3395 625 3467 δύναμιν
658 3395 752 3448 ml
781 3395 876 3464 τὴν
900 3393 1121 3467 ἐκείνων
1150 3392 1421 3463 ἀνδρείαν,
1464 3393 1545 3446 ὅτι
1579 3394 1635 3447 ἐν
1667 3397 1926 3459 τοιούτοις
1955 3416 2076 3452 καιο

402 3476 517 3547 ροῖς
539 3466 864 3544 ἐκήρυττον,
898 3473 958 3525 ὲν
975 3466 1056 3535 οἷς
1085 3471 1319 3542 μάλιστα
1343 3470 1411 3524 τά
1444 3472 1708 3526 Ἰουδαϊκὰ
1735 3475 2072 3545 ἐπολεμεῖτο,

401 3556 461 3608 ἐν
487 3549 569 3617 οἷς
608 3553 842 3624 μάλιστα
880 3551 954 3615 ὡς
993 3553 1346 3613 στασιασταῖς
1379 3554 1663 3621 προσεῖχον
1692 3553 1897 3621 αὐτοῖς,
1926 3557 2013 3608 ὅτε
2046 3559 2073 3610 ὁ

402 3634 619 3702 Καῖσαρ
653 3631 936 3684 ἐκέλευσεν
971 3629 1216 3693 ἅπαντας
1260 3628 1677 3685 ἀπελαύνεσθαι.
1726 3632 1837 3685 Καὶ
1882 3634 2075 3689 ταύτὸν

404 3713 742 3778 συνέϐαινεν,
770 3711 959 3782 ῶσπερ
988 3710 1054 3765 ἂν
1091 3710 1145 3763 εἰ
1174 3727 1280 3772 τις,
1316 3709 1417 3779 τῆς
1449 3709 1720 3781 θαλάττης
1756 3711 2077 3785 ἐγερθείσης

404 3792 690 3859 πάντοθεν,
739 3793 835 3844 ml
881 3791 1047 3860 ζόφου
1090 3790 1181 3842 τὸν
1214 3788 1353 3860 ἀέρα
1382 3788 1562 3842 πάντα
1604 3791 1947 3859 κατέχοντος,
1984 3794 2076 3847 ml

404 3870 678 3940 ναυαγίων
728 3870 1044 3941 ἐπαλλήλων
1095 3870 1414 3938 γινομένων,
1462 3869 1557 3921 ml
1610 3869 1826 3923 πάντων
1869 3869 2076 3926 ἀνωθεν

404 3950 512 4004 τῶν
544 3949 926 4019 συμπλεόντων
958 3946 1380 4012 στασιαζόντων,
1415 3947 1509 4000 καὶ
1541 3946 1724 4018 θηρῶν
1757 3949 1800 3980 ’τ
1833 3949 2076 4003 κάτωθεν

406 4029 684 4092 ἀνιόντων,
731 4029 827 4081 ml
873 4026 1009 4097 μετά
1056 4027 1167 4078 τῶν
1213 4025 1469 4095 κυμάτων
1509 4025 1906 4080 ἀναλισκόντων
1950 4028 2076 4093 τοὺς

407 4107 691 4172 πλέοντας,
730 4107 825 4158 ml
872 4104 1129 4174 σκηπτῶν
1163 4104 1497 4174 φερομένων,
1532 4105 1626 4156 ml
1670 4106 1943 4175 πειρατῶν
1990 4108 2077 4161 ὅν-

406 4204 538 4251 των,
589 4187 682 4240 καὶ
724 4184 833 4237 τῶν
862 4184 1008 4239 ἔνδον
1039 4184 1290 4255 ἀλλήλοις
1336 4182 1813 4249 ἐπιϐουλευόντων,
1863 4186 2075 4258 ἀνθρώ-

408 4283 545 4330 πους
582 4265 840 4335 ἀπείρους
872 4262 965 4316 τοῦ
1007 4263 1161 4317 πλεῖν
1190 4264 1283 4317 ml
1310 4263 1431 4317 οὐδὲ
1474 4265 1740 4318 θάλατταν
1800 4267 2000 4330 ἰδόντας
2033 4267 2077 4298 ²⁸

408 4344 621 4401 κελεύοι
666 4342 896 4396 ἐπὶτῶν
945 4341 1147 4395 οἰάκων
1184 4341 1477 4412 καθῆσθαι,
1522 4343 1617 4396 καὶ
1662 4344 1929 4417 κυϐερνᾷν
1984 4346 2077 4400 ml

409 4424 729 4495 ναυμαχεῖν,
780 4422 873 4474 ml
922 4420 1106 4475 στόλον
1144 4420 1367 4493 ἄπειρον
1413 4419 1637 4473 ἐπιόντα
1689 4424 1824 4490 μετὰ
1876 4422 2077 4492 πολλῆς

411 4500 787 4573 παρατάξεως,
848 4498 929 4551 ἐνὶ
980 4499 1291 4570 χρωμένους
1346 4498 1574 4569 ἀκατίῳ,
1633 4499 1709 4567 τῷ
1770 4499 1940 4565 οὕτως
2000 4501 2075 4564 ώς

410 4578 560 4634 εἷπον
593 4577 976 4650 ταραττομένῳ
1006 4581 1072 4645 ’⁸,
1104 4578 1388 4632 καταδύειν
1404 4579 1448 4609 ³ο
1482 4578 1575 4631 ml
1604 4579 1935 4650 χειροῦσθαι.
1966 4582 2075 4635 Καὶ

410 4660 517 4728 γάρ
547 4658 650 4712 ὑπὸ
679 4655 847 4709 ἐθνῶν
881 4656 1185 4728 ἐμισοῦντο,
1233 4657 1307 4720 ὡς
1350 4658 1619 4710 Ἰουδαῖοιο
1673 4662 1764 4731 καὶ
1794 4660 1898 4713 ὑπὸ
1943 4662 2075 4712 Ἰου-

408 4737 575 4790 δαίων
608 4734 936 4799 ἐλιθάζοντο,
983 4735 1059 4799 ὡς
1085 4737 1198 4798 τοῖς
1241 4735 1420 4789 αὐτῶν
1458 4736 1817 4806 πολεμοῦντες
1860 4739 2073 4809 νόμοιςο

412 4816 508 4869 καὶ
534 4814 769 4886 οὐδαμοῦ
804 4816 993 4886 στῆναι
1019 4811 1109 4885 ἦν.
1154 4814 1308 4868 Οῦτω
1342 4815 1517 4869 πάντα
1546 4818 1779 4886 κρημνοὶ
1813 4820 1907 4872 καὶ
1949 4821 2077 4873 σκό-

412 4895 565 4950 πελοι
608 4897 701 4949 ml
739 4895 992 4968 πρόϐολοι
1019 4892 1180 4967 ἦσαν,
1208 4895 1276 4950 τὰ
1306 4897 1363 4949 ἐν
1390 4897 1510 4958 ταῖς
1539 4896 1746 4959 πόλεσι,
1776 4897 1844 4951 τὰ
1872 4899 1929 4951 ἐν
1959 4902 2077 4964 ταῖς

413 4974 638 5045 χώραις,
664 4975 734 5029 τὰ
770 4977 827 5027 ἐν
850 4975 1045 5038 οἰκίαις
1064 4993 1077 5006 ο
1114 4975 1206 5028 καὶ
1238 4969 1315 5037 εἷς
1344 4974 1571 5037 ἕκαστος
1594 4975 1774 5040 αὐτοῖς
1802 4976 2077 5047 ἐπολέμει,

417 5055 512 5108 καὶ
543 5052 865 5125 στρατηγὸς,
895 5054 990 5108 ml
1018 5053 1220 5125 ἄρχων,
1267 5054 1361 5106 ml
1401 5051 1634 5123 ἰδιώτης,
1675 5054 1768 5107 ml
1796 5054 1923 5127 ἔθνη
1949 5073 2080 5110 παν-

1176 364 1235 419 S.
1278 359 1563 418 JOANNIS
1602 359 2095 416 CHRYSOSTOMI
2135 360 2459 415 ARCHIEP.
2504 359 3050 415 CONSTANTINUI’.

3721 367 3824 422 690

2166 488 2252 534 τα,
2290 472 2381 524 ml
2423 471 2585 540 δῆμοι
2617 471 2847 533 πάντες·
2880 472 2973 524 ml
3002 471 3213 541 ταραχή
3243 487 3327 533 τις
3365 465 3433 542 ἦν
3464 470 3607 541 λόγῳ
3648 476 3822 529 παρα·

2166 552 2355 620 στῆναι
2383 549 2457 620 μὴ
2484 550 2779 620 δυναμένη.
2807 550 2917 601 Kal
2945 551 3054 621 γὰρ
3081 549 3284 619 σφόδρα
3311 553 3376 622 τῇ
3405 552 3514 604 τῶν
3545 547 3827 620 Ῥωμαίων

2164 627 2306 698 ἀρχῇ
2349 626 2572 697 μισητὸν
2607 628 2668 680 τὸ
2709 627 2974 681 Ἰουδαίων
3019 628 3174 696 γένος
3204 624 3293 698 ἦν,
3333 630 3427 683 ἆτε
3460 630 3628 701 μυρία
3652 626 3828 697 πράγ-

2168 719 2314 773 ματα
2347 705 2529 764 αὑτοῖς
2562 704 2937 775 παρεσχηκόςο
2978 705 3077 759 καὶ
3102 705 3222 759 οὐδὲ
3248 706 3494 760 ἐντεῦθεν
3534 706 3735 775 ἐϐλάϐη
3766 701 3829 755 τὸ

2164 784 2426 854 κήρυγμα
2444 799 2458 812 '
2489 781 2603 836 ἀλλ⁹
2626 784 2660 852 ή
2685 783 2783 853 μὲν
2814 782 2965 848 πόλις
2990 784 3335 856 ἀνάρπαστος
3360 782 3427 856 ῆν
3456 786 3549 839 καὶ
3579 780 3827 855 ἐμπεπύ-

2168 881 2337 935 ριστο,
2391 864 2483 916 ml
2512 864 2681 935 μυρία
2707 865 2832 928 τοὺς
2863 866 3140 930 οἰκοῦντας
3159 866 3373 936 διέθηκε
3412 867 3556 920 κακά
3587 866 3629 897 ³⁸
3648 881 3661 894 ·
3693 866 3742 916 οἱ
3772 862 3829 914 δέ

2162 940 2409 993 ἐντεῦθεν
2455 940 2604 1004 ὄντες
2637 940 2945 1005 ἀπόστολοι,
2992 944 3190 1010 νόμους
3236 943 3545 1011 εἰσάγοντες
3587 943 3827 1003 καινοὺς,

2163 1019 2258 1071 καὶ
2282 1019 2391 1072 τῶν
2418 1019 2461 1049 ⁸⁸
2499 1019 2782 1088 Ῥωμαίων
2808 1022 3093 1091 ἐκράτουν.
3143 1023 3206 1074 Ὢ
3233 1022 3435 1075 καινῶν
3462 1023 3556 1075 καὶ
3595 1018 3831 1091 παραδό-

2165 1096 2269 1162 ξων
2323 1097 2699 1168 πραγμάτωνί
2749 1100 3030 1171 Μυριάδας
3074 1101 3333 1167 ἀπείρους
3390 1100 3655 1152 Ἰουδαίων
3707 1099 3829 1150 τότε

2162 1176 2524 1247 ἐχειρώσαντο
2565 1176 2842 1247 Ῥωμαῖοι,
2878 1179 2970 1233 καί¹
2996 1179 3204 1233 δώδεκα
3247 1179 3453 1249 ἀνδρῶν
3487 1179 3544 1230 οὐ
3578 1176 3829 1247 περιεγέ-

2164 1272 2333 1318 νοντο,
2361 1254 2603 1324 γυμνῶν,
2644 1256 2858 1311 ἀόπλων
2902 1258 3219 1328 μαχομένων
3262 1260 3464 1318 αὐτοῖς.
3511 1257 3604 1319 Τίς
3656 1271 3830 1325 παρα-

2166 1331 2358 1401 στῆσαι
2375 1331 2653 1403 δυνήσεται
2670 1334 2823 1403 λόγος
2841 1334 2901 1388 τὸ
2914 1335 2960 1366 ³³
2980 1335 3161 1405 θαῦμα
3190 1335 3378 1399 τοῦτο;
3414 1334 3524 1388 Καὶ
3549 1331 3696 1405 [72η
3723 1331 3829 1402 γὰρ

2162 1408 2257 1462 δύο
2295 1408 2466 1485 ταῦτα
2493 1412 2604 1472 τοῖς
2642 1411 2980 1466 διδάσκουσιν
3014 1414 3276 1485 ὑπάρχειν
3315 1413 3443 1483 χρὴ,
3483 1412 3545 1464 τό
3581 1428 3640 1463 τε
3683 1410 3829 1474 ἀξιο-

2162 1486 2388 1549 πίστους
2414 1482 2574 1549 εἰναι,
2605 1489 2700 1543 καί⁵
2727 1490 2790 1544 τὸ
2834 1491 3100 1560 φιλεῖσθαι
3126 1482 3276 1562 παρὰ
3308 1482 3417 1543 τῶν
3455 1488 3830 1561 μαθητευομέ-

2163 1583 2268 1619 νων
2289 1582 2301 1594 ·
2340 1565 2435 1618 καὶ
2466 1565 2604 1634 μετὰ
2630 1567 2830 1622 τούτων
2868 1571 2962 1622 καὶ
2993 1571 3127 1641 πρὸς
3158 1569 3388 1634 τούτοις,
3426 1570 3520 1621 ml
3554 1568 3614 1620 τὸ
3647 1567 3712 1619 τά
3739 1567 3828 1617 λε-

2164 1643 2391 1714 γόμενα,
2438 1644 2817 1715 εὐπαράδεκτα
2861 1644 3021 1713 εἶναι,
3072 1649 3165 1702 ml
3216 1648 3304 1702 τὴν
3348 1648 3533 1718 καιρὸν
3588 1645 3831 1715 ταραχῆς

2165 1720 2506 1793 ἀπηλλάχθαι
2539 1724 2634 1776 καί⁵
2665 1725 2927 1795 θορύϐων.
2978 1726 3109 1779 Τότε
3148 1727 3205 1779 δέ
3246 1727 3458 1779 ἅπαντα
3500 1724 3569 1777 τά
3613 1725 3830 1776 ἐναντία

2164 1796 2253 1871 ἦν.
2284 1801 2419 1854 Οὔτε
2459 1800 2563 1871 γάρ
2585 1803 2883 1869 ἀξιόπιστοι
2909 1800 3046 1857 εἶναι
3078 1805 3312 1870 ἐδόκουν,
3350 1805 3442 1858 καὶ
3480 1804 3587 1856 τῶν
3615 1800 3829 1855 δοκούν-

2164 1896 2271 1931 των
2320 1878 2644 1941 ἀξιοπίστων
2677 1877 2813 1935 εἷναι
2844 1884 2968 1946 τοὺς
3009 1884 3391 1954 ἠπατημένους
3414 1882 3683 1948 ἀφίστων·
3729 1880 3829 1932 οὐκ

2166 1956 2466 2025 ἐφιλοῦντο,
2510 1956 2646 2010 ἀλλά
2692 1960 2788 2011 καὶ
2842 1961 3147 2030 ἐμισοῦντο,
3196 1962 3290 2013 καὶ
3342 1959 3449 2013 τῶν
3497 1958 3830 2028 φιλουμένων

2165 2035 2377 2104 ἀπῆγον
2410 2034 2477 2099 ³⁸,
2523 2036 2617 2089 ml
2653 2037 2813 2101 ἐθῶν,
2859 2040 2953 2092 ml
2995 2041 3257 2110 πατρίων,
3290 2040 3384 2093 καὶ
3418 2039 3615 2107 νόμων.
3662 2036 3832 2091 Πάλιν

2162 2114 2232 2167 τά
2287 2114 2635 2185 ἐπιτάγματα
2687 2117 2887 2187 πολλὴν
2936 2119 3033 2188 τὴν
3083 2119 3365 2171 δυσκολίαν
3407 2115 3584 2188 εἶχενο
3646 2111 3719 2171 ὧν
3773 2116 3831 2169 δὲ

2165 2192 2504 2259 ἀφείλκοντο,
2540 2194 2739 2267 πολλὴν
2766 2196 2861 2266 τὴν
2884 2197 3098 2267 ἡδονήν.
3148 2196 3379 2259 Πολλοὺς
3426 2197 3520 2249 καὶ
3547 2195 3699 2248 αὐτοὶ
3736 2194 3833 2247 m.l

2164 2274 2213 2324 οἱ
2244 2272 2554 2341 πειθόμενοι
2601 2276 2725 2338 τοὺς
2780 2275 3076 2339 κινδύνους,
3126 2275 3351 2339 πολλοὺς
3400 2276 3524 2337 τοὺς
3570 2274 3833 2336 θανάτους

2166 2351 2464 2421 ὑπέμενον·
2506 2352 2601 2404 καὶ
2640 2352 2777 2423 μετά
2802 2354 3005 2407 τούτων
3035 2354 3284 2407 ἀπάντων
3326 2356 3354 2407 ὁ
3399 2353 3587 2423 καιρὸς
3634 2350 3832 2421 πολλὴν

2165 2435 2393 2501 παρεῖχε
2426 2429 2524 2500 τὴν
2566 2432 2867 2502 δυσκολίαν,
2902 2435 3153 2505 πολέμων
3196 2434 3405 2504 γέμων,
3437 2433 3697 2503 θορύϐων,
3739 2449 3833 2483 τα-

2167 2510 2337 2580 ραχῆς
2360 2525 2375 2538 ’
2415 2509 2490 2573 ὡς
2520 2510 2564 2541 ³⁸
2594 2515 2643 2565 εἰ
2685 2513 2776 2565 ml
2812 2513 2976 2583 μηδὲν
3016 2512 3124 2566 τῶν
3156 2512 3457 2582 εἰρημένων
3501 2509 3588 2580 ἧν,
3632 2509 3831 2573 ἱκανῶς

2165 2588 2339 2642 πάντα
2371 2587 2708 2660 διαταράξαι.
2742 2592 3009 2664 Εὓκαιρον
3030 2593 3073 2624 ³⁸
3093 2594 3282 2644 εἰπεῖν·
3320 2592 3416 2657 Τίς
3442 2590 3698 2655 λαλήσει
3725 2588 3833 2654 τὰς

2165 2666 2522 2733 δυναστείας
2555 2670 2662 2723 τοῦ
2709 2674 2951 2740 Κυρίου,
2999 2673 3302 2736 ἀκουστὰς
3350 2668 3587 2735 ποιήσει
3630 2668 3833 2734 πάσας

2165 2745 2268 2810 τὰς
2302 2745 2563 2813 αἰνέσεις
2588 2750 2803 2814 αὐτοῦ;
2848 2752 2911 2803 Εἰ
2956 2751 3063 2823 γὰρ
3095 2753 3142 2803 οἱ
3186 2752 3372 2803 οἰκεῖοι
3418 2749 3555 2818 μετά
3594 2748 3835 2818 σημείων

2165 2823 2443 2898 ὶίωῡ-σέως
2487 2827 2587 2880 οὐκ
2634 2828 2889 2898 ἥκουσαν,
2937 2829 3024 2882 διά
3070 2830 3158 2881 τὸν
3196 2828 3363 2898 πηλὸν
3399 2826 3569 2898 μόνον
3595 2826 3690 2878 καὶ
3736 2825 3836 2895 τὴν

2168 2892 2442 2947 πλινθείαν
2478 2897 2604 2959 τοὺς
2654 2892 2773 2950 καθ’
2803 2899 3037 2970 ἑκάστην
3076 2892 3286 2970 ἡμέραν
3335 2892 3697 2967 κοπτομένους
3742 2892 3836 2948 κάξ

2170 2974 2568 3040 σφαττομένους
2597 2976 2692 3029 καὶ
2718 2976 2788 3029 τά
2831 2979 3102 3049 ἀνήκεστα
3133 2978 3458 3047 πάσχοντας,
3506 2975 3589 3036 τίς
3624 2973 3837 3026 ἔπεισεν

2169 3049 2470 3121 ἀποστῆναι
2519 3053 2619 3124 μὲν
2665 3056 3015 3127 ἀπράγμονος
3065 3056 3203 3127 βίου,
3253 3055 3344 3108 τὸν
3398 3054 3455 3107 δὲ
3503 3052 3839 3106 ἐπικίνδυνον

2168 3129 2358 3182 τοῦτον
2402 3133 2496 3185 καὶ
2537 3136 2781 3204 αἱμάτων
2815 3138 2907 3189 ml
2958 3136 3202 3189 θανάτων
3234 3135 3470 3205 γέμοντα
3504 3133 3837 3203 προτιμῆσαι

2170 3208 2402 3270 ἐκείνου,
2475 3213 2569 3265 καὶ
2636 3215 2810 3269 ταῦτα
2855 3216 3164 3286 ἀλλοφύλων
3203 3215 3309 3268 τῶν
3366 3213 3737 3284 κηρυττόντων
3789 3213 3833 3243 ³⁷

2170 3287 2353 3350 αὐτοῖς
2386 3288 2573 3358 ὄντων,
2603 3294 2696 3346 ml
2730 3295 2931 3367 σφόδρα
2957 3295 3227 3366 πολεμίων
3255 3295 3545 3361 πάντοθεν;
3598 3294 3689 3364 Μὴ
3728 3294 3838 3367 γάρ

2170 3382 2264 3446 τις.
2294 3369 2373 3430 εἰς
2399 3367 2525 3441 ἔθνη
2557 3372 2647 3423 ml
2679 3374 2859 3437 πόλεις
2898 3375 2991 3428 ml
3018 3374 3241 3446 δήμους,
3291 3374 3403 3427 ἀλλ’
3435 3376 3515 3436 εἰς
3546 3374 3723 3426 οἰκίαν
3756 3392 3839 3442 μι-

2174 3444 2311 3514 κράν
2340 3448 2679 3517 εἰσαγαγέτω
2727 3453 2817 3505 τὸν
2851 3444 3174 3524 μισούμενον
3206 3453 3355 3523 παρά
3381 3454 3594 3506 πάντων
3630 3451 3737 3504 τῶν
3779 3454 3839 3504 ὲν

2172 3524 2239 3592 τῇ
2284 3525 2451 3597 οἰκίᾳ,
2498 3531 2591 3582 ml
2649 3529 2716 3582 δι’
2742 3530 2907 3585 αὐτοῦ
2961 3531 3307 3594 σπουδαζέτω
3347 3531 3455 3583 τῶν
3507 3530 3839 3599 φιλουμένων

2173 3601 2428 3669 ἀπάγειν,
2461 3607 2665 3677 πατρὸς
2697 3609 2790 3661 ml
2829 3610 3086 3677 γυναικὸς
3121 3612 3215 3663 ml
3254 3609 3457 3662 παίδων
3484 3608 3528 3649 ³·
3548 3626 3559 3641 ο
3593 3604 3702 3678 ἄρα
3740 3610 3840 3662 οὐκ

2179 3680 2477 3760 όφθήσεται
2507 3686 2549 3719 ³⁹
2578 3688 2932 3752 διασπασθεὶς
2961 3690 3089 3760 πρὶν
3124 3689 3158 3759 ἦ
3198 3689 3380 3760 διᾶραι
3418 3687 3479 3739 τὸ
3502 3687 3709 3755 στόμα;
3742 3689 3840 3739 Ἂν

2174 3758 2230 3811 δέ
2278 3762 2372 3839 ml
2406 3765 2618 3838 ταραχὴ
2670 3768 2764 3821 καὶ
2812 3768 2957 3839 μάχη
3002 3758 3258 3836 γυναικὸς
3294 3758 3391 3820 καὶ
3424 3766 3614 3837 ἀνδρὸς
3663 3769 3837 3837 προσῇ

2174 3838 2441 3919 κατάλτὴν
2468 3845 2662 3911 οἰκίαν,
2691 3842 2799 3919 ἄρα
2818 3838 2971 3918 οὐχὶ,
3003 3847 3187 3919 πρὶνῆ
3223 3846 3476 3914 ἐπιϐῆναι
3508 3844 3615 3899 τῶν
3644 3844 3836 3908 οὑδῶν,

2174 3916 2559 3997 καταλεύοντες
2591 3916 2750 3978 αὑτὸν
2783 3916 3196 3997 ἀναιρήσουσινξ
3245 3926 3345 3979 “Av
3390 3925 3445 3979 δέ
3482 3924 3576 3978 καὶ
3609 3925 3840 3977 εὐκατα-

2176 3995 2445 4077 φρόνητος
2475 3998 2532 4075 ᾖ,
2572 4004 2663 4057 ml
2693 3995 2926 4077 φορτικά
2956 3995 3237 4077 ἐπιτάττῃ,
3266 4006 3360 4057 ml
3389 4003 3690 4074 φιλοσοφεῖν
3714 4002 3840 4065 τοὺς

2175 4076 2496 4154 τρυφῶντας
2549 4082 2767 4153 κελεύῃ,
2832 4084 2928 4138 καὶ
2998 4084 3134 4154 μετά
3191 4076 3403 4136 τούτων
3466 4083 3603 4153 πρὸς
3662 4078 3840 4151 πολλῷ

2177 4152 2428 4233 πλείονας
2460 4162 2554 4215 ml
2586 4152 3020 4233 ὑπερϐάλλοντας
3053 4162 3212 4217 αὐτὸν
3229 4163 3274 4194 ⁸⁸⁵
3303 4165 3330 4216 ὁ
3358 4152 3590 4231 ἀγὼνίῇ,
3622 4163 3721 4219 οὐκ
3751 4164 3841 4218 εῦ-

2175 4227 2334 4313 δηλον
2365 4238 2446 4292 ὄτι
2493 4227 2836 4295 παντάπασιν
2890 4242 3209 4309 ἀπολεῖται;
3276 4227 3417 4294 Ἀλλί
3460 4227 3608 4309 ὅμως
3662 4243 3837 4313 τοῦτο,

2181 4311 2317 4393 ὅπερ
2339 4316 2594 4372 ἀδύνατον
2623 4323 2680 4374 ἐν
2712 4321 2859 4392 οἰκίᾳ
2881 4321 3130 4389 γενέσθαι
3164 4322 3281 4391 μιᾷ,
3305 4320 3461 4374 τοῦτο
3492 4325 3549 4375 ἐν
3574 4323 3638 4393 τῇ
3670 4311 3845 4375 οἰκουέ

2184 4392 2320 4465 μένῃ
2348 4396 2708 4469 κατώρθωσεν
2751 4398 2779 4451 ὁ
2810 4399 3043 4470 Χριστὸς
3076 4400 3282 4471 ἁπάσῃ,
3331 4400 3419 4454 διὰ
3443 4392 3702 4471 κρημνῶν
3747 4400 3840 4453 καὶ

2180 4474 2425 4543 καμίνων
2452 4477 2546 4529 ml
2580 4478 2878 4549 φαράγγων
2912 4478 3005 4531 καὶ
3045 4478 3319 4531 σκοπέλων
3348 4479 3442 4531 ml
3472 4479 3576 4549 γῆς
3617 4479 3708 4532 ml
3742 4478 3837 4531 θα-

2179 4550 2378 4625 λάττης
2429 4557 2865 4629 πολεμουμένης,
2915 4558 3041 4619 τοὺς
3100 4558 3313 4629 ἰατροὺς
3369 4559 3470 4629 τῆς
3523 4559 3839 4628 οἰκουμένης

2178 4636 2431 4704 εἰσάγων.
2473 4637 2581 4690 Kal
2614 4638 2663 4689 εἰ
2694 4636 2871 4707 βούλει
2904 4636 3237 4708 σαφέστερον
3263 4637 3432 4691 ταῦτα
3473 4636 3682 4708 μαθεῖν,
3718 4638 3839 4700 τοὺς

2178 4714 2367 4787 λιμοὺς
2396 4715 2559 4784 λέγω,
2590 4716 2717 4778 τοὺς
2744 4714 2962 4785 λοιμοὺς
2983 4715 3050 4782 δί,
3087 4716 3214 4779 τοὺς
3247 4717 3521 4787 σεισμοὺς,
3557 4717 3653 4777 τάς
3680 4714 3838 4779 ἄλλας

2178 4792 2504 4865 τραγῳδίας,
2534 4792 2631 4864 τὴν
2661 4793 2898 4861 ἱστορίαν
2919 4792 3019 4862 τὴν
3050 4794 3178 4863 περί
3200 4793 3400 4848 τούτων
3436 4795 3681 4865 Ἰωσήπῳ
3712 4810 3837 4859 συγ-

2182 4873 2441 4943 κειμένην
2483 4871 2698 4934 έπελθε,
2729 4872 2824 4924 ml
2850 4871 3027 4924 πάντα
3066 4871 3187 4945 εῐσῃ
3220 4873 3355 4942 μετά
3390 4873 3693 4945 ἀκριϐείας.
3744 4872 3839 4925 Διά

2181 4952 2339 5006 τοῦτο
2364 4953 2459 5007 ml
2484 4952 2645 5014 αὐτὸς
2676 4950 2849 5018 ἔλεγε,
2878 4949 2974 5017 Μὴ
3003 4951 3269 5018 θροεῖσθε
3300 4953 3346 4985 δ’
3363 4970 3377 4984 ο
3407 4951 3503 5007 δεῖ
3524 4952 3631 5021 γὰρ
3649 4950 3839 5004 πάντα

2182 5031 2460 5103 γενέσθαι
2478 5046 2492 5061 ο
2516 5032 2631 5096 ml,
2670 5031 2732 5083 Ὀ
2761 5028 3088 5099 ὑπομείνας
3111 5032 3198 5097 εἰς
3220 5031 3414 5100 τέλος,
3446 5027 3623 5098 οὗτος
3651 5030 3836 5100 σωθή-

458 5194 616 5262 ¹⁸ὄρα
637 5190 700 5245 L.
720 5207 771 5263 ρ.
795 5208 850 5260 p.
868 5185 1302 5263 ’_lq;z;ay_£ay§._ﬂ.
1369 5187 1411 5263 ‘_"
1432 5185 1761 5263 μέροςλιιύιι.
1780 5188 1878 5263 τῆς
1898 5190 2069 5263 οἰκουι

2165 5206 2225 5260 ης
2238 5188 2381 5263 Edd:
2417 5188 2475 5263 ἐξ
2489 5192 2602 5263 τοῖς
2625 5192 2830 5248 ἔθνεσιν
2851 5191 3039 5249 om.G.
3148 5191 3220 5246 M.
3284 5188 3327 5221 ²⁹
3358 5190 3546 5263 ἔκτοτε
3562 5186 3838 5263 ,πανταχοῦ

417 5256 597 5333 Ι..ούκ
616 5256 892 5333 ἐπ.δέςπ.]
923 5258 1092 5333 Sigﬂ.
1120 5257 1186 5333 K._
1331 5256 1449 5333 οὐκ
1467 5256 1794 5333 ἐπείσθησαν
1894 5256 2079 5312 ἔκτοτε
2107 5256 2394 5333 πανταχοῦ.
2498 5260 2701 5333 Μηοὺκ
2735 5262 3131 5333 ἐπίστευσανλδέ
3149 5276 3330 5333 τινεςη
3345 5260 3465 5313 οὐδὲ
3492 5258 3680 5333 ἐδέχθη
3702 5256 3839 5333 παν-

417 5330 586 5402 ταχοῦ
628 5333 759 5402 Sav._
790 5330 919 5385 Beli.

422 5396 827 5472 εἰς’μαρτυρίαν
853 5397 1056 5472 οιηᾼς.
1098 5399 1176 5472 _“
1214 5396 1263 5472 οἰ
1299 5396 1540 5472 Ἰουδαῖοι
1568 5400 1686 5472 ἀγν.

419 5470 844 5590 i’ﬁﬁ‘xé‘fﬁab
864 5465 1148 5590 ιέίξνῗῖνίι

425 5542 490 5623 Η.
514 5538 577 5596 L.
613 5539 845 5623 κελεύοι]
886 5540 976 5593 Sic
1008 5538 1069 5592 L.

424 5622 560 5679 terp.
588 5622 693 5663 των
729 5652 743 5665 .
774 5650 787 5664 .

995 5330 1040 5359 ’θ
1067 5325 1402 5398 φησὶνίιιιίἀ.
1426 5326 1577 5379 ἔσται
1608 5325 1741 5381 Εόιί.
1818 5329 1860 5360 ²¹
1882 5346 2069 5400 μαρτυι

995 5397 1056 5451 Κ.
1130 5399 1176 5430 ¹¹
1214 5399 1263 5450 οἰ
1299 5396 1540 5450 Ἰουδαῖοι
1568 5400 1686 5451 ἀγν.
1722 5396 1820 5451 En.
1896 5401 1942 5431 ²⁸
1981 5398 2069 5451 Vid

2165 5328 2206 5402 ν]
2238 5325 2329 5382 δῖε
2349 5326 2414 5383 H.
2441 5330 2497 5386 L.
2520 5331 2605 5386 Cf.
2626 5351 2679 5404 p.
2694 5336 2797 5390 510
2822 5333 2881 5388 Β.
2899 5329 3270 5415 μαρτύριονῦ.
3286 5330 3353 5385 Μ.
3374 5325 3692 5451 κατάκὸρίσιν
3710 5327 3840 5381 Sav.

2166 5403 2317 5451 dnol.
2392 5400 2441 5432 “
2479 5404 2699 5451 Δανιὴλ]
2731 5404 2855 5451 add.
2901 5402 3097 5451 μᾶλλον
3127 5401 3192 5451 G.
3218 5399 3282 5451 Η.
3313 5400 3381 5451 Μ.
3458 5400 3505 5431 ³³
3571 5396 3589 5451 ἰ
3626 5397 3685 5450 ὃν
3702 5396 3838 5450 Edd.

1896 5401 1942 5431 “
1967 5398 2103 5456 iVid.
2131 5398 2317 5454 ad'nol.
2392 5400 2441 5486 ξι
2479 5398 2704 5529 Δανιὲλὲ
2731 5404 2855 5459 add.
2900 5398 3097 5474 μᾶλλον
3127 5401 3192 5455 G.
3218 5399 3282 5455 ll.
3313 5400 3381 5454 M.
3458 5400 3505 5431 ³³

1896 5469 1943 5526 ri.
1972 5478 2027 5526 et
2050 5487 2132 5529 Dr.
2162 5469 2227 5526 G.
2262 5467 2436 5529 καλειί
2456 5473 2578 5528 add.
2647 5475 2675 5528 δ
2707 5476 2887 5529 λυγμα
2908 5473 2968 5526 L.
2996 5471 3095 5526 Μ..
3140 5472 3183 5505 ⁸⁷
3208 5470 3410 5529 θηρίων
3439 5468 3499 5523 L.

1164 5404 1176 5430 '
1214 5404 1263 5450 οἰ
1299 5404 1540 5450 Ἰουδαῖοι
1568 5404 1686 5464 ἀγν.
1722 5404 1820 5467 Ep.
1896 5404 1942 5431 ³⁸
1982 5404 2103 5456 Vid.
2131 5404 2317 5454 adnol.
2392 5404 2441 5432 ”
2479 5406 2607 5456 Δανι

1164 5465 1425 5556 μέσονὲξο.
1452 5466 1514 5521 ιλ·
1590 5467 1637 5556 '2
1671 5468 1853 5556 σείτδι.
1873 5469 1943 5526 Μ·
1972 5478 2132 5556 ειμι
2162 5469 2227 5526 G-
2262 5467 2578 5556 καὶξηέιάἀ
2612 5404 2644 5556 ἒ

1150 5535 1239 5611 οη.
1271 5537 1467 5611 κριεύῃ
1497 5556 1579 5611 τις
1599 5536 1663 5592 G.
1692 5536 1761 5611 Μ.
1800 5539 1942 5611 ΔΜοι·.
1973 5535 2068 5611 κελ

2165 5558 2184 5611 5
2213 5556 2298 5603 τις
2347 5535 2510 5611 ῌῘΚι
2547 5535 2756 5599 κελεύοι
2784 5535 3008 5606 τούτους
3041 5543 3167 5596 Sav.
3228 5610 3234 5611 γ
3261 5535 3433 5611 Sic
3464 5538 3626 5611 codd.
3660 5547 3728 5611 Διιι
3748 5535 3839 5611 [ης

3626 5397 3685 5450 δν
3702 5396 3838 5450 Edd.

2647 5466 2968 5545 δέλυγμαῖι.
2996 5471 3095 5545 Mr
3140 5472 3183 5505 ⁸⁷
3208 5470 3410 5545 θηρίων
3439 5468 3499 5523 L.
3550 5466 3621 5545 1‘
3636 5466 3839 5545 εἰδότας

822 5593 845 5665 .’
871 5608 1288 5684 ταραττομένων
1318 5593 1495 5684 Edd:
1529 5593 1906 5684 ’δηκαταλύειν
1924 5593 2002 5665 (ἱ.
2130 5593 2295 5684 Μοιχ-
2341 5609 2385 5641 ³⁸
2409 5593 3266 5684 τοῖς’ίοίκοῦσιδίέθηκαν-ῖκα-κά
3283 5593 3446 5684 Κε-Ι..
3458 5593 3487 5684 ς
3512 5610 3559 5640 ³⁸
3579 5608 3683 5684 _m_l
3706 5604 3838 5684 τῷν]

425 5676 566 5736 κατὰ
604 5681 737 5757 Mor.
774 5689 829 5735 el
860 5676 1437 5757 99(ii_ces._’[3ecti9‘ne_ql
1459 5677 1610 5757 Regii
1640 5678 1765 5757 688_,
1797 5682 2069 5757 prazeyngil

2188 5676 2782 5757 Sa\'._etBenr.,irecepi.
2859 5676 3024 5757 “_'ib]
3065 5681 3118 5757 ’ξς
3142 5681 3202 5757 ’ξὸ
3223 5680 3305 5757 βλ
3330 5678 3396 5734 Η.
3540 5676 3839 5757 ,³⁵,ξίτξξίρλ

425 5769 581 5827 γοντο
602 5752 677 5827 GL
708 5767 773 5827 p_._
795 5750 1036 5827 p_._ébydw
1056 5748 1255 5827 _\:ilio_s_e
1378 5747 1449 5827 θΙί
1473 5744 1565 5802 sed
1588 5744 1831 5827 πατρίων
1846 5751 2069 5827 exuiisd}:

2165 5749 2338 5827 regem
2372 5744 3024 5827 pro_y|jlgal_9'1rgcelév_.‘
3073 5751 3119 5783 ³⁸
3272 5749 3412 5803 ὥστε
3445 5750 3507 5803 L.
3536 5747 3595 5827 ἥς
3622 5746 3685 5800 Η.
3714 5744 3839 5827 MO!

427 5814 607 5902 ἱκανὸς
1052 5818 1099 5849 ³⁸
1134 5836 1167 5902 ι’
1191 5817 1367 5902 Malim
1385 5818 1642 5902 εὔκαιρον
1664 5814 1775 5902 οξν.
1828 5819 2069 5902 »Ᾰζειιιίιξ

2183 5814 2302 5902 .Sic;
2322 5814 2405 5902 ιλῖ,
2458 5823 2504 5856 ⁸⁷
2545 5814 2634 5902 δῖε
2659 5825 2736 5902 Η.¹
2752 5824 2828 5902 ΔΚ.
2957 5821 3054 5902 G_e.
3083 5814 3243 5902 v_ulgé
3266 5838 3330 5902 κη
3341 5818 3695 5902 ρυτΞομένωχ.
3715 5814 3838 5899 Μοιι

428 5892 521 5944 ml
554 5891 796 5960 σφοδρῶν
819 5889 1071 5960 πολέμων
1100 5886 1361 5960 πάντοθεν
1384 5890 1444 5942 Ιλ.

1521 5886 1566 5921 ³⁸
1600 5889 1825 5944 παιδίων
1856 5889 1987 5943 Edd.
2062 5892 2069 5921 ³

1521 5960 1751 6013 ιοὺςοω.
1785 5958 1846 6013 L.
1923 5961 1967 5993 “
2006 5959 2066 6013 θο

2165 5886 2568 6013 ξύ.φὲαἵίήσεται
2588 5895 2630 5950 L
2726 5897 2771 5928 ⁸⁰
2810 5892 2958 5963 αὐτῷ
2981 5891 3041 5947 L.
3065 5886 3243 5945 αὐτῶν
3277 5886 3414 5948 Μὸΐ.
3438 5886 3567 5947 Bch.
3642 5888 3684 5919 “
3713 5887 3839 5949 τοὺς

2165 5976 2263 6012 ιεισ
2299 5977 2324 6012 ε
2399 5999 2414 6013 .

428 5956 644 6023 λοιμοῦς
676 5956 787 6015 οω.
810 5959 874 6014 G.
899 5956 965 6014 Κζ
1004 5956 1074 6010 Μ.
1098 5958 1193 6012 Ge.
1217 5958 1340 6020 τοὺς
1373 5960 1627 6026 σεισμοὺς
1643 5976 1751 6015 om.
1785 5958 1846 6013 L.
1923 5961 1967 5993 “
2006 5959 2066 6014 θο

2165 5960 2324 6013 ἰείσθε
