4130 6374
348 420 454 477 689

349 532 470 586 lus:
499 529 561 584 1η
590 545 787 584 omnem
812 536 996 581 terram
1022 522 1171 579 exivit
1210 534 1364 575 sonus
1402 531 1572 571 eorum
1602 513 1620 583 (
1653 512 1800 566 Rom.
1832 509 1920 565 10.

350 623 438 693 18)
466 638 482 688 ;
512 631 565 677 et
583 636 818 683 rursum,
845 616 1109 688 Evangelii
1132 613 1267 685 quod
1286 610 1617 682 pra’dicalum
1647 615 1716 660 est
1746 606 1798 657 in
1819 604 1935 657 uni-

351 733 494 771 uersa
524 724 753 768 creatura
776 727 889 782 qua:
916 710 1005 764 sub
1030 706 1154 762 caelo
1182 715 1254 759 est
1301 702 1434 774 (Col.
1462 702 1515 755 1.
1538 699 1653 769 25).
1682 698 1751 753 Et
1782 696 1932 750 vides

351 825 474 863 eum
506 804 856 876 Jerosolymis
898 803 951 856 in
994 798 1300 868 llispauiam
1347 801 1672 849 currentem.
1703 789 1759 845 Si
1786 788 1930 843 enim

349 918 487 957 unus
517 909 715 955 tantam
745 897 889 951 orbis
916 902 1118 965 partem
1139 888 1435 959 occupavit,
1463 886 1586 940 hinc
1613 884 1783 953 cogita
1812 896 1932 951 qua:

351 994 441 1048 alii
476 991 721 1047 fecerint.
768 989 975 1044 Etenim
1016 985 1135 1039 aliis
1171 982 1413 1038 scribens
1446 977 1639 1034 Paulus
1664 976 1729 1030 de
1752 972 1928 1026 Evan-

349 1087 490 1159 gelio
516 1084 747 1149 dicebat,
793 1080 933 1152 quod
975 1078 1203 1134 fructum
1236 1073 1369 1128 ferat
1395 1082 1449 1127 et
1475 1075 1681 1125 crescat
1710 1062 1932 1119 inomni

352 1191 596 1237 creatura
626 1193 744 1248 qua:
784 1176 883 1230 sub
906 1172 1037 1228 caelo
1067 1168 1188 1241 est(
1214 1167 1348 1223 Ibid.
1368 1182 1416 1221 υ.
1451 1166 1483 1221 6
1508 1165 1548 1235 ).
1592 1162 1725 1230 Quid
1755 1169 1931 1214 autem

354 1274 483 1331 illud
514 1282 618 1338 est,
660 1270 726 1325 In
778 1266 1113 1324 testimonium
1152 1262 1383 1317 omnibus
1416 1256 1689 1329 gentibus?
1726 1252 1934 1321 Ubique

353 1367 699 1440 praedicatum
746 1370 850 1428 est,
896 1359 991 1415 sed
1022 1373 1128 1413 non
1157 1370 1346 1410 omnes
1372 1349 1735 1412 crediderunt,
1762 1359 1935 1414 neque

353 1438 627 1530 receptum
655 1466 737 1512 est
762 1455 977 1525 ubique.
1009 1450 1076 1504 In
1102 1445 1461 1508 testimonium,
1486 1442 1675 1519 inquit,
1705 1438 1807 1493 erit
1828 1451 1932 1490 non

354 1552 698 1610 credentibus
729 1566 745 1615 ;
775 1548 826 1603 id
856 1554 957 1611 est,
990 1546 1041 1598 in
1069 1539 1528 1611 redargutionem,
1560 1535 1612 1588 in
1637 1530 1935 1587 accusatio-

356 1661 503 1701 nem.
543 1641 611 1696 In
652 1638 1030 1695 testimonium:
1056 1648 1178 1688 nam
1212 1631 1300 1701 qui
1331 1626 1674 1683 crediderunt
1699 1621 1939 1677 testimo-

357 1739 502 1793 nium
531 1735 701 1789 ferent
723 1737 906 1786 contra
931 1743 1023 1783 eos
1051 1724 1140 1797 qui
1170 1721 1388 1778 credere
1405 1717 1709 1779 noluerunt,
1729 1721 1783 1768 et
1810 1726 1939 1767 con-

359 1826 688 1886 demnahunt
715 1839 827 1879 eos.
864 1820 1093 1889 Ideoque
1124 1825 1403 1886 postquam
1430 1804 1771 1877 Evangelium
1795 1817 1936 1873 prae-

354 1920 589 1977 dicatum
622 1917 718 1970 fuit
742 1929 838 1984 per
865 1920 1031 1966 totum
1062 1908 1268 1969 orbem,
1290 1902 1620 1971 Jcrosolyma
1644 1895 1935 1966 perierunt,

359 2023 419 2068 ut
440 2027 507 2067 ne
529 2009 773 2065 umbram
794 2003 1010 2076 quidem
1056 1995 1414 2055 excusationis
1441 1991 1633 2063 ingrati
1660 1989 1737 2044 illi
1770 1985 1938 2041 habe-

359 2112 498 2158 rent.
528 2100 660 2156 Nam
692 2098 779 2167 qui
800 2096 1044 2149 viderunt
1064 2089 1178 2160 ejus
1200 2086 1488 2158 potentiam
1515 2082 1708 2152 ubique
1737 2078 1942 2147 fulgen-

361 2203 491 2257 tem,
524 2199 577 2245 et
603 2189 752 2260 quasi
804 2186 862 2241 in
919 2192 1198 2238 momento
1255 2178 1388 2233 orbe
1443 2177 1716 2246 potitam,
1779 2182 1938 2239 quam

360 2286 573 2341 veniam
603 2280 831 2335 habeant
854 2277 904 2330 in
926 2274 1121 2331 duritie
1141 2267 1456 2327 manentes?
1482 2264 1633 2334 Quod
1660 2263 1803 2321 enim
1826 2260 1942 2315 ubi-

361 2392 465 2447 que
496 2385 621 2429 tunc
648 2369 988 2441 praadicatum
1015 2364 1196 2427 fuerit,
1233 2360 1356 2413 audi
1386 2357 1605 2413 Paulum
1631 2371 1646 2407 :
1683 2349 1944 2422 Evangelii

361 2467 498 2540 quod
518 2464 845 2536 praedicatum
869 2470 943 2515 est
968 2459 1023 2512 in
1050 2457 1283 2510 universa
1310 2461 1563 2514 creatura,
1580 2462 1691 2516 qute
1711 2444 1800 2499 sub
1821 2441 1944 2497 cazlo

364 2571 435 2615 est
466 2558 627 2632 (Ibid.
658 2574 706 2611 υ.
731 2554 846 2622 '25).
872 2551 1023 2620 Quod
1055 2547 1249 2605 Christi
1270 2545 1517 2617 potentim
1548 2541 1834 2597 maximum
1865 2543 1947 2591 est

365 2658 755 2723 argumentum,
782 2646 921 2718 quod
949 2643 1189 2699 doctrina
1216 2641 1370 2694 annis
1399 2636 1579 2707 viginti
1606 2634 1692 2689 vel
1709 2632 1943 2702 triginta,

366 2745 513 2801 orbis
542 2743 794 2798 terminos
836 2736 1152 2809 pervaserit.
1204 2734 1331 2788 Post
1372 2730 1490 2785 haec
1538 2728 1716 2798 igitur,
1757 2723 1943 2793 inquit,

366 2839 546 2893 veniet
574 2836 694 2890 ﬁnis
719 2808 1196 2901 Jerosolymorum.
1228 2821 1380 2893 Quod
1408 2808 1549 2877 enim
1578 2817 1680 2873 hoc
1705 2812 1945 2871 subindi-

366 2938 472 2996 cet,
500 2934 724 2998 arguunt
750 2922 1043 2993 sequentia.
1067 2916 1258 2974 Attulit
1301 2914 1443 2971 enim
1490 2908 1821 2981 prophetiam
1847 2947 1860 2969 ,
1890 2911 1949 2958 ut

366 3021 485 3091 ejus
510 3018 774 3074 excidium
806 3019 1093 3078 assereret,
1123 3009 1303 3078 aitque
1330 3024 1343 3060 :
1375 3004 1465 3059 15.
1494 3003 1620 3058 Cum
1662 3009 1829 3053 autem
1866 2996 1945 3050 vi-

368 3112 539 3167 deritis
567 3107 989 3163 abominationem
1028 3098 1370 3163 desolationis,
1418 3110 1532 3167 quae
1573 3093 1707 3146 dicta
1752 3098 1822 3144 est
1862 3104 1950 3158 per

370 3205 636 3261 Danielem
661 3201 980 3273 praphetam,
1010 3203 1222 3250 stantem
1261 3192 1315 3245 in
1344 3190 1452 3245 loco
1474 3197 1646 3242 sancto
1672 3202 1691 3240 :
1716 3184 1802 3255 qui
1830 3181 1950 3252 legit

368 3295 617 3365 intelligat
676 3290 836 3364 (Dan.
867 3290 921 3345 9.
942 3287 1058 3358 27).
1106 3284 1188 3340 Ad
1232 3281 1504 3337 Danielem
1556 3279 1675 3332 illos
1720 3275 1948 3330 remisit.

371 3384 834 3469 Abominationem
864 3390 1042 3436 autem
1082 3384 1239 3432 vocat
1278 3383 1507 3430 statuam
1543 3370 1657 3440 ejus
1692 3368 1786 3439 qui
1826 3375 1952 3421 tune

371 3462 557 3537 orbem
586 3486 834 3549 ceperat,
866 3490 1024 3547 quam
1053 3471 1287 3528 desolata
1320 3468 1451 3523 urbe
1489 3475 1544 3521 et
1585 3462 1784 3533 templo
1810 3462 1952 3516 intus

376 3575 591 3646 posuit,
642 3584 808 3642 quare
871 3565 1324 3623 abominationem
1378 3557 1726 3615 desolationis
1774 3560 1948 3609 vocat.

375 3665 577 3723 Deinde
606 3672 662 3719 ut
682 3663 966 3725 discerent,
986 3657 1099 3711 haec
1124 3656 1293 3709 futura
1316 3666 1456 3717 esse,
1476 3647 1743 3704 nonnullis
1766 3658 1954 3699 eorum

375 3760 549 3816 adhuc
576 3755 870 3813 viventibus
887 3794 905 3821 ,
933 3751 1103 3808 dixit:
1129 3750 1253 3805 Cum
1290 3745 1511 3802 videritis
1535 3741 1957 3798 abominationem

376 3837 722 3906 desolationis.
1418 3902 1421 3905 λ

448 3944 502 3998 '5.
537 3942 701 4009 Quam
728 3936 954 4008 diﬁcilia
982 3942 1207 4002 tempora
1232 3925 1606 4003 pradicationis
1633 3921 1954 3993 evangelicaz.

378 4035 622 4091 —Unde
650 4032 767 4104 quis
810 4041 1151 4098 summopere
1197 4025 1421 4079 miretur
1461 4018 1659 4075 Christi
1704 4019 1954 4072 virtutem

380 4130 701 4196 illorumque
727 4122 1089 4179 fortitudinem
1111 4160 1126 4186 ,
1158 4116 1301 4188 quod
1332 4114 1526 4169 talibus
1552 4108 1960 4182 przedicaverint

384 4217 711 4287 temporibus
734 4256 749 4282 ,
779 4213 970 4285 quibus
995 4211 1223 4266 maxime
1243 4206 1463 4263 Judaica
1493 4203 1956 4273 impugnabantur,

383 4311 594 4384 quando
619 4309 786 4364 Judtei
812 4317 870 4362 ut
890 4305 1128 4361 seditiosi
1155 4299 1594 4384 observabantur,
1623 4296 1960 4365 iusseratque

383 4407 563 4461 Ctesar
587 4416 773 4457 omnes
805 4394 1166 4455 exterminari.
1198 4379 1537 4463 ldipsunmque
1574 4386 1795 4450 accidit,
1823 4400 1886 4440 ac
1914 4383 1958 4438 si

384 4498 523 4569 quis,
549 4494 680 4549 mari
706 4491 939 4560 undique
966 4488 1216 4551 excitato,
1246 4494 1299 4540 et
1335 4481 1562 4552 caligine
1586 4489 1752 4535 totum
1780 4491 1960 4532 aerem

385 4596 714 4657 occupante,
759 4580 1049 4652 naufragiis
1100 4575 1502 4648 frequentibus,
1554 4587 1675 4627 cum
1716 4578 1961 4626 vectores

387 4696 574 4740 omnes
603 4677 925 4739 dissideant,
956 4682 1012 4728 et
1035 4680 1271 4727 monstra
1300 4666 1505 4723 marina
1534 4677 1694 4734 supra
1720 4669 1960 4731 surgant,

386 4791 505 4848 qua:
529 4772 689 4829 simul
716 4786 835 4826 cum
864 4767 1111 4823 ﬂuctibus
1135 4764 1445 4833 navigantes
1471 4755 1834 4829 pessumdent,
1863 4753 1963 4808 ful-

388 4846 620 4925 minibus
658 4862 903 4927 emissis,
930 4858 1116 4929 piratis
1154 4853 1523 4912 invadentibus
1542 4892 1558 4917 ,
1584 4858 1640 4906 et
1662 4846 1964 4904 vectoribus

387 4963 488 5020 sibi
515 4968 701 5016 mutuo
728 4953 1118 5017 insidiantibus,
1152 4949 1395 5006 homines
1420 4942 1768 5015 navigationis
1794 4941 1963 5009 impe-

387 5055 612 5129 peritos,
642 5051 733 5123 qui
762 5064 861 5105 nec
892 5061 1041 5102 mare
1076 5042 1351 5106 noverint,
1376 5038 1562 5111 iubeat
1588 5035 1657 5091 ad
1699 5033 1965 5105 guberna-

388 5126 508 5204 cula
548 5145 769 5208 sedere,
810 5138 984 5196 navim
1014 5136 1309 5207 gubernare
1332 5141 1387 5187 et
1414 5142 1683 5201 pugnare,
1713 5126 1966 5180 classem-

387 5250 495 5305 que
524 5234 795 5304 ingentcm
820 5245 886 5285 ex
909 5228 1136 5283 adverso
1157 5224 1486 5289 venientem,
1503 5222 1787 5293 validoque
1812 5236 1970 5278 exer-

390 5332 501 5386 citu
551 5330 897 5391 instructam,
938 5322 1185 5379 navicula
1223 5335 1331 5375 una
1369 5334 1521 5386 usos,
1558 5319 1612 5374 in
1645 5334 1752 5390 qua
1787 5327 1965 5386 tanta,

393 5433 455 5480 ut
507 5422 662 5487 dixi,
713 5418 962 5476 confusio
1010 5422 1168 5478 erat,
1231 5427 1426 5484 capere
1481 5420 1535 5467 et
1595 5412 1967 5481 submergere.

394 5516 531 5572 Nam
575 5532 606 5572 a
648 5514 903 5587 gentibus
939 5510 1068 5566 odio
1118 5507 1458 5565 habebantur
1486 5514 1547 5561 ut
1585 5504 1757 5561 Judaei
1790 5544 1807 5571 ,
1852 5513 1907 5559 et
1939 5518 1971 5558 a

396 5609 597 5666 Judaeis
643 5607 1043 5677 lapidabantur,
1085 5608 1148 5657 ut
1189 5599 1283 5670 qui
1323 5610 1453 5653 suas
1489 5597 1637 5667 leges
1676 5595 1970 5665 impugna-

397 5708 558 5753 rent:
614 5709 887 5767 nusquam
936 5706 1068 5747 vero
1117 5699 1262 5745 stare
1308 5695 1578 5759 poterant.
1637 5684 1729 5741 Sic
1785 5682 1970 5739 omnia

402 5788 926 5863 praecipitia,scopuli
946 5797 1000 5844 et
1018 5802 1149 5843 saxa
1178 5784 1400 5841 latentia
1427 5789 1603 5843 erant.
1630 5780 1686 5836 in
1723 5779 1973 5845 urbibus,

408 5885 465 5941 in
486 5886 643 5953 vicis,
666 5886 720 5941 in
758 5882 1033 5949 domibus,
1073 5878 1382 5952 singulique
1422 5876 1547 5933 illos
1580 5874 1720 5933 bello
1749 5873 1947 5953 impete

1269 406 1334 463 IN
1372 401 1776 459 MATTHIEUM
1820 396 2058 458 ilO.\llL.
2096 400 2309 456 LXXV.
2352 400 2425 456 al,
2466 395 2700 451 LXXVI,

3506 395 3608 444 suo

2038 515 2192 579 baut,
2210 516 2343 581 dux,
2360 515 2636 585 princeps,
2656 512 2921 581 privatus,
2937 518 3125 581 gentes
3145 508 3383 578 integne,
3433 506 3621 583 populi

2037 624 2251 673 omnes,
2274 617 2328 660 ct
2350 605 2688 674 perturbatio
2705 610 2823 657 erat
2839 609 3042 670 quanta
3061 614 3164 653 nec
3180 600 3346 665 possit
3369 597 3611 651 oratione

2046 707 2319 778 explicari.
2351 705 2484 760 Nam
2513 719 2760 774 perosum
2802 703 2955 773 plane
2996 719 3111 758 erat
3140 702 3417 759 Judateum
3458 718 3626 776 genus

2046 799 2099 852 in
2146 798 2391 853 Romano
2432 796 2656 866 imperio
2679 838 2694 861 ,
2723 795 2864 866 quod
2896 795 3040 850 mille
3079 794 3286 864 negotia
3316 793 3620 849 incesseret.

2045 888 2227 961 Neque
2256 898 2431 944 tamen
2461 888 2584 943 inde
2610 886 2970 958 praedicationi
2994 886 3283 941 nocebatur
3313 903 3326 938 :
3351 885 3445 941 sed
3470 894 3624 956 capta

2046 984 2179 1038 urbe
2208 993 2368 1053 atque
2390 991 2624 1038 cremata
2646 1022 2662 1047 ,
2693 997 2754 1036 ac
2778 989 2933 1051 gente
2962 980 3014 1034 vi
3044 980 3303 1035 malorum
3332 994 3586 1049 oppressa
3607 1020 3622 1045 ,

2048 1076 2169 1130 inde
2198 1074 2417 1145 profecti
2449 1075 2695 1145 apostoli,
2728 1074 2813 1142 qui
2847 1088 3010 1127 novas
3036 1072 3356 1127 inducebant
3383 1071 3527 1139 leges
3558 1070 3575 1101 ί
3606 1111 3622 1134 ,

2046 1168 2299 1221 Romanis
2327 1168 2671 1236 imperarunt.
2696 1166 2740 1220 0
2777 1181 2860 1220 res
2898 1179 3061 1218 novas
3100 1174 3151 1218 et
3176 1162 3465 1233 stupendas
3496 1160 3626 1215 llu-

2044 1261 2281 1314 dmorum
2310 1259 2584 1313 innumera
2613 1257 2775 1311 millia
2799 1256 3022 1311 Romani
3049 1262 3325 1324 ceperunt,
3348 1264 3398 1308 et
3426 1250 3626 1306 duode-

2044 1354 2146 1408 cim
2175 1353 2318 1407 viros
2347 1352 2559 1407 vincere
2590 1367 2693 1405 non
2724 1358 3027 1420 potuerunt,
3051 1349 3139 1419 qui
3174 1347 3295 1401 nudi
3323 1346 3437 1399 sine
3463 1345 3626 1398 armis

2044 1462 2164 1500 cum
2193 1445 2323 1513 ipsis
2350 1443 2655 1515 pugnabant
2681 1444 2693 1497 !
2727 1442 2857 1510 Quis
2883 1456 3064 1495 sermo
3094 1439 3261 1509 possit
3292 1448 3491 1491 tantum
3522 1436 3625 1489 mi-

2045 1538 2283 1592 raculum
2304 1535 2650 1591 describere?
2675 1537 2786 1589 Duo
2808 1534 2947 1589 enim
2975 1533 3087 1587 haec
3111 1529 3424 1586 docentibus
3451 1528 3628 1582 inesse

2045 1640 2291 1701 oportet,
2325 1640 2381 1684 ut
2426 1629 2529 1684 ﬁde
2571 1629 2713 1699 digni
2765 1629 2907 1694 sint,
2938 1637 2990 1681 et
3040 1634 3100 1681 ut
3151 1625 3257 1679 sint
3298 1622 3628 1679 auditoribus

2043 1724 2178 1794 grati
2212 1740 2224 1775 :
2257 1723 2322 1777 ad
2352 1722 2467 1777 hinc
2490 1737 2619 1777 vero
2641 1763 2657 1786 ,
2685 1730 2742 1776 ut
2766 1720 3004 1775 doctrina
3033 1719 3152 1773 talis
3177 1719 3283 1782 sit,
3325 1733 3443 1787 quae
3474 1715 3629 1769 facile

2046 1816 2373 1881 admittatur,
2405 1816 2726 1885 insuperque
2755 1822 2811 1867 ut
2841 1823 3048 1882 tempus
3075 1812 3143 1867 sit
3171 1811 3394 1865 tumultu
3419 1818 3472 1863 et
3502 1824 3627 1878 per-

2045 1908 2346 1964 turbatione
2397 1924 2642 1963 vacuum.
2694 1907 2843 1962 Tunc
2898 1915 3075 1961 autem
3133 1906 3310 1959 omnia
3358 1901 3625 1957 contraria

2046 2009 2218 2056 erant.
2250 2000 2433 2069 Neque
2460 2001 2599 2053 enim
2629 1998 2731 2053 ﬁde
2758 1999 2901 2068 digni
2943 2013 3062 2053 esse
3090 1996 3406 2051 videbantur
3427 2037 3442 2062 ,
3474 1994 3626 2048 illos-

2046 2106 2148 2163 que
2173 2091 2259 2162 qui
2285 2091 2491 2161 deccpti
2517 2089 2730 2145 fuerant
2768 2089 2929 2143 abiis
2972 2089 3061 2159 qui
3112 2088 3217 2143 ﬁde
3247 2087 3403 2157 digna
3448 2085 3628 2140 dicere

2046 2183 2388 2254 putabantur,
2423 2198 2454 2237 a
2492 2198 2550 2237 se
2579 2181 2890 2236 avertebant
2922 2199 2935 2234 :
2965 2197 3069 2233 non
3096 2179 3486 2249 diligebantur;
3520 2177 3629 2231 imo

2047 2278 2172 2332 odio
2220 2276 2585 2341 habebantur;
2614 2274 2681 2328 ab
2722 2274 2785 2328 iis
2829 2289 2947 2343 qua:
2990 2272 3219 2326 maxime
3247 2270 3439 2340 placita
3474 2276 3631 2324 erant

2047 2368 2399 2432 abducebant,
2433 2382 2461 2420 a
2488 2365 2893 2429 consuetudine,
2921 2379 2950 2417 a
2980 2363 3167 2433 patria,
3190 2378 3219 2415 a
3245 2361 3465 2432 legibus.
3493 2360 3629 2414 Prte-

2048 2469 2198 2530 cepta
2224 2460 2356 2514 dura
2386 2458 2725 2528 difﬁciliaque
2751 2465 2904 2512 erant
2927 2498 2941 2522 ,
2974 2472 3090 2526 quae
3118 2470 3247 2509 vero
3276 2451 3631 2523 prohibebant

2048 2554 2319 2622 voluptate
2345 2553 2519 2622 plena.
2548 2551 2707 2605 Multa
2739 2560 2847 2604 tum
2893 2550 3024 2619 ipsi,
3059 2557 3166 2603 tum
3198 2548 3433 2618 ipsorum
3462 2545 3628 2600 disci-

2051 2647 2155 2716 puli
2204 2645 2451 2699 subibant
2487 2644 2719 2714 pericula
2740 2685 2755 2709 ,
2788 2642 2981 2697 multas
3015 2649 3247 2706 mortes;
3278 2654 3343 2695 ac
3380 2654 3502 2694 cum
3545 2638 3631 2693 his

2049 2739 2296 2795 omnibus
2325 2747 2531 2807 tempus
2560 2752 2805 2806 magnam
2832 2734 3085 2789 afferebat
3108 2732 3497 2797 difﬁcultatem,
3525 2729 3631 2785 bel-

2051 2831 2117 2885 lis
2147 2830 2349 2885 scilicet
2384 2830 2717 2898 tumultuque
2765 2827 3015 2897 plenutn;
3047 2825 3115 2879 ita
3145 2833 3202 2879 ut
3241 2822 3341 2878 etsi
3378 2822 3510 2877 nihil
3542 2837 3631 2876 su-

2050 2924 2405 2994 pradictorum
2454 2922 2749 2987 adfuisset,
2782 2920 2906 2976 hinc
2947 2918 3123 2973 omnia
3157 2916 3357 2993 turbari
3391 2924 3628 2987 possent.

2050 3016 2361 3087 Opportune
2410 3014 2615 3069 dicatur
2646 3029 2659 3066 :
2694 3012 2818 3081 Quis
2847 3012 3076 3081 loquetur
3114 3008 3361 3081 potentias
3399 3006 3629 3072 Domini,

2050 3110 2250 3163 auditas
2293 3108 2441 3180 faciet
2465 3123 2635 3160 omnes
2661 3105 2834 3159 laudes
2859 3107 2966 3174 ejus
2992 3104 3011 3177 (
3043 3102 3187 3157 Psal.
3210 3101 3334 3158 105.
3367 3101 3427 3170 2)
3448 3099 3472 3153 ?
3495 3098 3629 3155 Nam

2051 3201 2095 3254 si
2118 3200 2445 3254 contribules
2466 3197 2698 3268 Moysem
2738 3204 2859 3266 post
2905 3204 2984 3250 tot
3024 3194 3166 3249 edita
3201 3194 3350 3264 signa
3397 3207 3502 3246 non
3530 3207 3631 3246 au-

2052 3291 2287 3352 diebant,
2318 3291 2389 3343 ob
2416 3290 2580 3342 lutum
2609 3296 2663 3342 et
2693 3287 2884 3341 lateres
2910 3285 3059 3355 queis
3099 3284 3511 3354 premebantur;
3537 3297 3631 3336 eos

2052 3386 2143 3457 qui
2172 3383 2407 3454 quotidie
2444 3383 2566 3438 (χιὶεί
2610 3389 2663 3435 et
2702 3380 2861 3435 occisi
2898 3378 3229 3434 intoleranda
3258 3375 3628 3447 patiebantur,

2053 3479 2173 3549 quis
2213 3476 2419 3532 induxit
2459 3483 2516 3529 ut
2556 3474 2781 3529 etiosam
2831 3472 2991 3526 vitam
3032 3470 3400 3540 repudiarent,
3432 3476 3486 3522 et
3531 3468 3627 3537 ipsi

2054 3573 2211 3626 aliam
2236 3574 2641 3639 anteponerent,
2665 3564 2936 3637 periculis,
2961 3563 3238 3633 sanguine,
3267 3560 3632 3628 mortibusque

2052 3662 2267 3732 plenam
2295 3678 2308 3713 :
2343 3675 2466 3713 cum
2499 3656 2785 3711 maximeii
2826 3648 3632 3724 quiprzedicabantalienigente

2059 3750 2424 3817 omnibusque
2438 3761 2667 3816 prorsus
2696 3744 2902 3799 inimici
2934 3751 3115 3797 essent
3139 3744 3162 3794 ?
3191 3741 3246 3795 Si
3273 3740 3394 3808 quis
3420 3740 3471 3791 in
3497 3754 3630 3808 gen-

2056 3856 2155 3911 tes,
2193 3847 2244 3900 in
2270 3846 2450 3907 urbes,
2478 3843 2531 3896 in
2563 3838 2785 3910 populos
2808 3877 2824 3902 ,
2856 3836 2963 3890 imo
2991 3834 3043 3887 in
3075 3846 3231 3886 unam
3258 3828 3632 3883 domuuculam

2058 3942 2332 3997 induceret
2363 3937 2530 3991 virum
2556 3931 2803 3988 omnibus
2835 3925 3190 3982 habitantibus
3216 3938 3331 3977 eam
3359 3935 3631 3991 perosum,

2057 4045 2110 4090 et
2143 4048 2238 4103 per
2264 4045 2385 4085 eum
2415 4034 2696 4082 conaretur
2724 4020 2957 4091 singulos
2985 4033 3013 4071 a
3045 4015 3249 4070 dilectis
3290 4012 3570 4073 abducere,
3602 4026 3632 4065 a

2059 4136 2239 4199 patre,
2267 4141 2297 4178 a
2322 4132 2526 4186 matre,
2557 4117 2625 4172 ab
2655 4129 2854 4180 uxore,
2883 4127 2914 4166 a
2953 4110 3111 4165 ﬁliis:
3145 4122 3321 4161 annon
3360 4104 3447 4159 ille
3485 4112 3636 4157 ante-

2058 4198 2215 4292 quam
2237 4232 2298 4271 os
2324 4214 2555 4284 aperiret
2583 4202 3012 4277 discerperetur?
3039 4200 3095 4256 Si
3120 4208 3297 4253 autem
3318 4198 3397 4250 vir
3425 4204 3479 4249 et
3504 4210 3638 4249 uxor

2059 4290 2217 4369 simul
2247 4309 2543 4378 litigareut,
2571 4315 2746 4356 annon
2784 4297 2867 4352 vel
2898 4294 3041 4364 prius
3082 4307 3237 4362 quam
3270 4290 3430 4343 limen
3458 4296 3637 4340 trans-

2062 4408 2184 4471 iret,
2215 4400 2475 4471 lapidibus
2505 4390 2853 4449 obrueretur?
2882 4386 2937 4442 Si
2966 4394 3141 4439 autem
3174 4382 3262 4436 ille
3288 4396 3383 4451 per
3422 4393 3483 4433 se
3509 4391 3637 4432 cou-

2062 4504 2294 4566 tcmptus
2333 4502 2560 4546 onerosa
2590 4484 2931 4556 prmciperet,
2965 4477 3167 4534 deliciis
3200 4474 3435 4529 fruentes
3465 4470 3638 4541 philo—
3692 4479 3697 4485 ‘

2061 4591 2275 4663 sophari
2300 4586 2547 4659 iuberet,
2578 4583 2645 4637 ad
2672 4580 2786 4647 hazc
2812 4590 2938 4630 vero
2967 4580 3151 4628 contra
3181 4568 3349 4623 multo
3374 4566 3558 4636 plures
3588 4570 3638 4615 ct

2063 4657 2315 4742 fortiores
2354 4688 2623 4736 certamen
2673 4669 3067 4730 committeret,
3115 4675 3291 4715 annon
3341 4657 3510 4727 palam
3558 4660 3638 4706 est

2064 4782 2211 4836 illum
2250 4774 2468 4832 omnino
2496 4770 2784 4841 periturum
2817 4760 2974 4818 esse?
3018 4760 3263 4811 Attamen
3297 4749 3426 4806 illud
3467 4750 3638 4817 ipsum

2064 4870 2206 4943 quod
2229 4870 2281 4924 in
2310 4881 2414 4922 una
2439 4837 2598 4918 domo
2625 4858 2736 4913 fieri
2782 4853 2962 4924 nequit
2979 4892 2996 4919 ,
3023 4847 3267 4903 Christus
3296 4843 3348 4897 in
3374 4850 3485 4896 toto
3511 4837 3640 4892 orbe

2066 4940 2209 5027 fecit,
2237 4974 2332 5031 per
2358 4952 2671 5028 praecipitia,
2696 4963 2792 5018 per
2820 4946 3082 5005 fornaces,
3114 4954 3209 5009 per
3237 4940 3521 5005 prmrupta,
3546 4943 3641 4999 per

2066 5023 2317 5125 scopulos
2339 5023 2482 5119 {per
2508 5054 2703 5100 terram
2732 5050 2787 5095 et
2815 5050 2961 5092 mare
2984 5074 3000 5100 ,
3030 5034 3165 5087 inter
3208 5027 3345 5083 bella
3375 5023 3601 5095 plurima
3621 5061 3638 5084 ,

2066 5115 2210 5202 orbis
2234 5115 2467 5198 medicos
2489 5136 2763 5191 inducens.
2778 5131 2906 5197 Quae
2923 5124 3099 5181 omnia
3124 5121 3168 5177 si
3189 5117 3385 5176 certius
3405 5115 3642 5170 ediscere

2070 5238 2230 5298 velis;
2263 5245 2453 5302 nempe
2480 5227 2694 5291 famem,
2721 5218 3096 5293 pestilentiam.
3130 5224 3286 5268 terra:
3316 5218 3512 5272 motus,
3539 5219 3641 5259 ca:-

2070 5340 2315 5397 terasque
2342 5320 2625 5393 tragoedias
2646 5358 2662 5383 ,
2693 5314 2778 5370 adi
2804 5309 3019 5380 Josephi
3046 5304 3318 5361 historiam
3338 5343 3355 5369 ,
3384 5308 3441 5354 ut
3482 5311 3642 5351 aecu-

2068 5433 2184 5477 rate
2212 5387 2390 5473 omnia
2418 5387 2644 5469 ediscas.
2661 5407 2785 5464 Ideo
2810 5402 3019 5460 dicebat
3044 5400 3135 5454 ille
3164 5414 3178 5452 :
3212 5393 3295 5449 Ne
3323 5387 3642 5446 terreamini:

2070 5521 2264 5585 Oportet
2291 5510 2424 5565 enim
2455 5506 2622 5562 omnia
2651 5500 2803 5572 ﬁeri;
2832 5507 2886 5554 et
2909 5538 2924 5562 ,
2958 5494 3058 5562 Qui
3087 5486 3465 5563 perseveraverit
3488 5495 3644 5551 usque

2071 5574 2124 5660 in
2150 5606 2318 5674 ﬁnem,
2348 5601 2428 5654 hic
2452 5597 2619 5653 salvus
2646 5594 2775 5655 erit;
2800 5598 2875 5654 et,
2907 5584 3272 5641 Prtedicabitur
3298 5580 3390 5633 hoc
3415 5574 3639 5638 Evange-

2070 5697 2200 5753 lium
2221 5695 2278 5749 in
2298 5693 2542 5747 universo
2567 5684 2784 5741 mundo.
2810 5679 2940 5735 lllos
2963 5675 3113 5734 enim
3142 5689 3208 5729 ex
3235 5669 3507 5726 dictorum
3535 5669 3648 5718 ter-

2080 5805 2449 5923 m:nl‘p’whlorel.
2483 5803 2689 5867 legitur,
2718 5794 2801 5863 qui
2829 5807 2976 5849 nouas
3012 5785 3297 5845 intlucebant
3333 5781 3462 5847 leges
3484 5782 3650 5830 contra

2288 5883 2329 5920 s.
