4130 6374
521 338 617 393 691

518 470 640 508 rore
667 455 866 513 fractos
896 457 1214 528 solutosque
1244 460 1307 515 ad
1333 476 1484 531 spem
1519 460 1798 515 meliorem
1830 460 2099 515 convertit

518 550 726 614 dicens,
768 551 982 605 etiamsi
1024 552 1194 606 millia
1224 551 1402 607 forent
1442 553 1813 617 incommoda,
1846 559 2099 620 oportere

520 646 700 693 tamen
741 640 1081 709 evangelium
1118 642 1400 711 praedicari
1430 657 1526 711 per
1557 650 1731 696 totum
1772 640 1959 695 orbem
1988 651 2101 695 ter-

518 745 725 792 rarum,
759 744 815 785 et
841 745 969 788 tunc
1001 746 1290 789 venturum
1324 734 1485 790 tinem
1513 749 1657 789 esse.

592 825 643 877 4.
691 823 819 889 Quot
848 826 978 879 bella
999 826 1242 895 apostolis
1272 825 1415 879 illata
1454 834 1675 890 tempore
1701 822 2092 892 prtedicationis.

520 913 709 970 Contra
757 916 1194 987 genethlialogiam
1227 926 1273 971 et
1302 926 1583 986 temporum
1621 915 1998 969 revolutionem.
2026 943 2097 954 —

524 1006 764 1059 Vidistin‘
788 1024 888 1075 qua
916 1009 1219 1063 conditione
1246 1018 1356 1062 tum
1385 1023 1471 1062 res
1499 1015 1699 1072 essent,
1729 1014 1783 1060 et
1809 1021 1968 1075 quam
1999 1021 2095 1059 va-

518 1099 597 1153 ria
629 1098 749 1153 belli
784 1099 967 1166 facies,
995 1111 1049 1156 et
1088 1101 1200 1156 haec
1232 1101 1284 1155 in
1315 1099 1595 1170 principio,
1623 1112 1742 1152 eum
1789 1096 1857 1151 ad
1890 1096 2095 1167 singula

518 1190 652 1244 bona
679 1206 839 1258 opera
861 1232 874 1254 ,
908 1207 1094 1262 magna
1121 1206 1252 1261 opus
1282 1200 1364 1246 est
1395 1189 1820 1260 tranquillitate?
1847 1188 1963 1255 Quo
2009 1204 2096 1243 res

519 1284 571 1338 in
615 1294 752 1338 statu
795 1285 988 1338 erant?
1014 1285 1150 1338 Nihil
1177 1284 1317 1339 enim
1349 1283 1500 1338 obest
1522 1324 1536 1348 ,
1566 1283 1693 1353 quin
1732 1281 1918 1336 eadem
1948 1296 2096 1334 resu-

518 1392 744 1431 mamus.
771 1376 1004 1431 Primum
1037 1377 1231 1431 bellum
1274 1385 1389 1432 erat
1438 1375 1774 1431 seductorum
1809 1392 1822 1429 :
1863 1372 2090 1437 Veniant,

518 1470 707 1540 inquit,
740 1471 1148 1539 pseudo-christi,
1181 1480 1227 1523 et
1257 1469 1736 1540 pseudovpmpheta:
1754 1484 1773 1532 ;
1802 1466 2092 1521 secundum

524 1561 884 1616 Romanorum
920 1580 932 1615 :
970 1562 1207 1615 Audituri
1241 1563 1377 1614 enim
1424 1563 1538 1615 estis
1592 1561 1807 1629 prazlia;
1838 1558 2049 1613 tertium
2076 1599 2091 1621 ,

516 1653 656 1720 quod
687 1653 878 1709 famem
910 1655 1157 1719 inducet;
1188 1667 1467 1723 quartum,
1494 1653 1632 1724 quod
1677 1653 2001 1723 pestilentias
2039 1662 2093 1705 et

516 1754 673 1801 terra:
701 1760 876 1802 motus
906 1765 918 1800 :
949 1749 1210 1817 quintum,
1246 1747 1678 1801 tribulationum:
1708 1745 1926 1799 Tradent
1951 1744 2091 1799 enim

516 1856 600 1894 vos
629 1841 681 1895 in
708 1850 955 1903 mortem;
985 1850 1193 1894 sextum
1213 1880 1228 1905 ,
1259 1839 1416 1893 Eritis
1463 1840 1579 1892 odio
1623 1838 1851 1891 omnibus
1890 1848 2093 1907 prapter

517 1946 696 1985 nomen
720 1948 882 1985 meum
907 1948 926 1996 ,°
952 1934 1235 2001 septimum
1265 1973 1279 1993 ,
1308 1930 1530 1984 Tradcnt
1555 1946 1607 1983 se
1636 1931 1845 1983 invicem
1863 1971 1877 1993 ,
1902 1942 1947 1983 et
1976 1930 2093 1983 odio

516 2025 763 2079 habebunt
794 2024 1041 2088 invicem;
1071 2023 1156 2079 hic
1182 2024 1377 2079 bellum
1419 2024 1577 2077 civile
1606 2023 1856 2077 declarat.
1890 2022 2093 2079 Deinde

516 2117 954 2186 pseudo-Christi
998 2127 1052 2172 et
1100 2117 1213 2170 falsi
1258 2117 1449 2171 fratres
1481 2132 1495 2169 :
1532 2126 1710 2185 postea
1739 2157 1755 2182 ,
1788 2116 2093 2187 Refrigescet

513 2208 701 2261 caritas
729 2208 1020 2273 multorum,
1048 2208 1185 2278 quod
1230 2216 1311 2262 est
1345 2208 1580 2262 omnium
1618 2222 1777 2262 causa
1808 2208 2087 2262 malorum.

517 2298 701 2352 Viden‘
728 2299 875 2353 mille
910 2299 1166 2353 bellorum
1212 2315 1406 2370 genera
1430 2341 1445 2366 ,
1496 2316 1629 2354 nova
1659 2300 1836 2355 omnia
1877 2310 1931 2356 et
1970 2310 2087 2356 stu-

515 2388 724 2457 penda?
752 2390 1022 2454 Attamen,
1055 2390 1191 2444 inter
1218 2390 1331 2445 h:re
1360 2400 1413 2445 et
1434 2390 1534 2444 alia
1563 2393 1724 2445 multa
1754 2390 1775 2463 (
1801 2408 1919 2445 nam
1944 2392 2089 2446 civili

513 2478 652 2533 bello
681 2480 838 2534 etiam
865 2491 1211 2549 cognatorum
1242 2481 1436 2536 bellum
1458 2494 1571 2537 erat
1599 2483 1928 2553 adjunctum)
1956 2500 2090 2553 prte-

512 2568 706 2623 dicatio
734 2580 897 2623 totmn
928 2571 1111 2625 orbem
1153 2572 1431 2642 occupavit
1463 2590 1477 2627 :
1507 2589 1627 2627 nam
1656 2575 1750 2639 ait,
1779 2572 2091 2627 Prazdicabi-

512 2667 593 2712 tur
629 2658 721 2711 hoc
744 2656 1068 2729 Evangelia»:
1117 2662 1169 2715 in
1215 2663 1443 2716 universo
1483 2664 1687 2717 mundo.
1721 2664 1817 2718 Ubi
1849 2676 1969 2718 sunt
1998 2664 2087 2734 qui

511 2751 720 2818 genesis
772 2753 1100 2823 tyrannidem
1149 2761 1553 2825 temporumque
1606 2757 1989 2811 revolutionem
2034 2756 2083 2811 in

511 2841 764 2897 Ecclesire
806 2843 1050 2913 dogmata
1088 2844 1320 2899 inferunt
1362 2844 1477 2917 (a)?
1505 2846 1632 2915 Quis
1676 2863 1925 2918 umquam
1968 2864 2083 2903 me-

510 2934 764 2996 moravit,
796 2934 962 2988 visum
1006 2935 1169 2991 fuisse
1207 2936 1474 2992 Christum
1526 2939 1682 2992 alium
1705 2980 1719 3000 ,
1752 2940 2086 3010 similemque

509 3038 622 3078 rem
656 3033 708 3079 et
732 3037 986 3080 eventum
1017 3026 1209 3083 fuisse?
1232 3028 1329 3084 etsi
1363 3030 1463 3083 alia
1494 3031 1654 3084 multa
1685 3031 1816 3085 falso
1843 3040 2081 3097 narrent,

509 3132 700 3185 nempe
729 3129 940 3172 centum
983 3134 1241 3174 annorum
1292 3121 1453 3175 millia
1491 3123 1809 3192 przeteriisse
1836 3161 1851 3186 ,
1904 3140 2093 3179 verum

508 3206 640 3261 nihil
667 3206 752 3262 hic
776 3209 948 3262 simile
977 3210 1279 3280 confingere
1298 3212 1511 3266 audent.
1541 3212 1706 3280 Quam
1729 3229 1856 3283 ergo
1880 3216 2086 3270 revolu-

507 3300 703 3352 tionem
746 3298 1023 3354 dixeritis?
1051 3301 1231 3371 Neque
1272 3303 1413 3357 enim
1462 3302 1709 3359 Sodomae
1758 3320 1929 3375 neque
1975 3306 2083 3362 Go-

506 3390 736 3443 morrhaa
785 3405 979 3456 casus,
1012 3407 1181 3462 neque
1234 3392 1529 3457 diluvium,
1580 3395 1813 3450 secundo
1862 3413 2079 3453 venere.

506 3477 791 3550 Usquequo
818 3495 944 3552 ergo
969 3482 1193 3549 ludetis,
1226 3484 1610 3540 revolutionem
1636 3500 1699 3541 ac
1730 3488 1966 3557 genesim
1995 3488 2079 3543 in-

503 3570 798 3628 ducentes?
822 3573 1098 3641 Quomodo
1121 3590 1249 3646 ergo
1273 3618 1286 3640 ,
1320 3576 1529 3648 inquies
1546 3619 1562 3643 ,
1590 3578 1754 3633 multa
1779 3580 2080 3649 praedicun-

502 3674 609 3732 tur,
632 3676 687 3722 et
711 3666 996 3722 eveniunt?
1018 3666 1150 3734 Quia
1178 3679 1229 3723 tu
1254 3669 1474 3739 teipsum
1501 3670 1593 3725 Dei
1619 3671 1814 3727 auxilio
1839 3673 2076 3743 privasti,

502 3765 558 3811 et
603 3765 654 3812 te
691 3757 999 3825 prodidisti,
1025 3766 1184 3828 atque
1222 3768 1367 3813 extra
1400 3760 1782 3829 providentiam
1820 3765 2075 3833 posuisti,

504 3847 624 3903 ideo
650 3848 857 3903 daemon
890 3864 985 3919 pro
1012 3849 1178 3905 lubito
1200 3864 1298 3904 suo
1324 3866 1411 3905 res
1432 3854 1698 3906 convertit
1722 3862 1776 3907 et
1804 3853 2075 3911 transfert.

503 3937 701 3993 Verum
734 3938 783 3993 id
826 3955 930 3995 non
970 3940 1079 4010 agit
1114 3941 1164 3994 in
1210 3941 1428 4005 sanctis,
1473 3942 1582 3997 imo
1630 3958 1799 4013 neque
1842 3945 1893 3999 in
1926 3946 2078 4001 nobis

500 4030 886 4099 peccatoribus,
906 4030 994 4101 qui
1026 4031 1113 4086 illa
1138 4032 1422 4087 admodum
1444 4032 1783 4104 despicimus.
1818 4036 1948 4090 Nam
1976 4037 2076 4091 etsi

501 4120 607 4173 vita
637 4130 817 4176 nostra
847 4137 950 4175 non
996 4123 1065 4176 sit
1106 4123 1378 4178 toleranda
1403 4166 1417 4190 ,
1448 4134 1679 4180 attamen
1707 4128 1828 4197 quia
1858 4143 1953 4197 per
1984 4128 2075 4184 Dei

501 4212 724 4281 gratiam
755 4215 990 4269 veritatis
1038 4215 1280 4286 dogmata
1322 4218 1719 4274 accuratissime
1749 4221 2070 4289 retinemus,

501 4302 799 4356 dmmonum
836 4303 1039 4359 insidiis
1082 4307 1383 4374 superiores
1426 4324 1629 4363 sumus.
1658 4310 1763 4365 Sed
1794 4312 1917 4381 quid
1961 4322 2074 4366 tau«

440 4460 454 4475 _
499 4393 622 4450 dem
669 4403 751 4450 est
778 4395 861 4450 illa
892 4399 1147 4466 genesis?
1189 4399 1328 4454 Nihil
1366 4401 1508 4456 aliud
1547 4417 1703 4471 quam
1743 4402 1992 4474 iniquitas
2020 4416 2074 4461 et

486 4482 742 4542 confusio
764 4527 780 4554 ,
807 4497 862 4543 et
890 4489 1030 4559 quod
1062 4491 1241 4544 omnia
1284 4505 1511 4577 casuoet
1553 4501 1754 4548 temere
1801 4494 2069 4561 ferantur;

500 4578 608 4633 imo
637 4594 743 4634 non
775 4588 975 4635 temere
1005 4591 1203 4636 tantum
1229 4624 1244 4647 ,
1272 4582 1366 4637 sed
1389 4584 1548 4638 etiam
1575 4596 1761 4640 contra
1790 4587 2070 4642 rationem.

502 4672 663 4742 Atqui
695 4674 738 4726 si
780 4688 883 4727 non
920 4683 1001 4727 est
1033 4674 1261 4743 genesis,
1287 4674 1511 4744 inquies,
1541 4690 1636 4730 cur
1661 4677 1748 4730 ille
1775 4676 1923 4732 dives
1947 4688 2068 4744 est,

500 4766 590 4821 ille
616 4767 859 4838 pauper?
884 4766 1092 4821 Nescio.
1125 4766 1198 4821 ita
1226 4769 1369 4821 enim
1400 4779 1573 4823 tecum
1601 4768 1903 4839 disputabo,
1936 4781 1991 4825 ut
2022 4783 2073 4827 te

500 4858 718 4914 doceam
759 4875 863 4913 non
890 4860 1063 4914 omnia
1108 4860 1184 4913 sic
1211 4859 1420 4915 curiose
1448 4861 1768 4930 exploranda
1797 4878 1944 4926 esse,
1975 4879 2068 4919 ne-

507 4964 600 5021 que
624 4951 944 5005 credendum
987 4966 1105 5006 esse
1148 4952 1224 5005 sic
1260 4966 1346 5006 res
1372 4960 1571 5006 temere
1597 4952 1742 5007 ferri.
1773 4952 1888 5009 Non
1928 4957 2069 5009 enim

496 5041 615 5111 quia
647 5040 760 5096 lucc
783 5042 994 5113 ignoras
1013 5086 1028 5108 ,
1060 5042 1224 5097 debes
1261 5058 1322 5097 ea
1359 5058 1478 5112 qua:
1502 5058 1629 5098 vere
1658 5059 1763 5099 non
1793 5054 1916 5099 sunt
1945 5059 2073 5099 con-

498 5133 719 5205 fingere.
744 5135 965 5189 Praestat
993 5136 1132 5190 enim
1166 5137 1327 5206 probe
1353 5137 1618 5207 ignorare,
1644 5154 1798 5207 quam
1831 5138 2071 5205 improbe

496 5227 724 5282 discere.
753 5225 885 5283 Nam
911 5228 998 5298 qui
1025 5244 1236 5284 causam
1266 5229 1489 5300 ignorat,
1520 5228 1674 5285 facile
1700 5232 1903 5286 ratione
1924 5231 2073 5285 duci-

498 5329 619 5384 tur;
650 5320 736 5389 qui
764 5329 960 5385 autem,
987 5323 1109 5391 quia
1138 5336 1316 5375 veram
1354 5336 1457 5376 non
1494 5323 1666 5387 novit,
1706 5322 1889 5376 falsam
1924 5338 2071 5377 com-

497 5411 794 5465 miniscitur
816 5452 830 5477 ,
861 5428 966 5466 non
1016 5413 1168 5469 facile
1199 5414 1392 5483 poterit
1432 5428 1612 5469 veram
1662 5416 1903 5483 accipere
1924 5453 1943 5480 ,
1974 5414 2067 5469 sed

559 5610 631 5672 (a)
654 5610 895 5667 Geuesim,
920 5610 1023 5658 sive
1056 5608 1511 5672 genethlialogiam,
1539 5615 1590 5658 et
1625 5606 1754 5672 illam
1794 5616 2067 5669 temporum

493 5670 1089 5742 revolutionemnexagita't
1119 5670 1506 5742 thsostoinus,
1532 5678 1606 5742 ut‘
1624 5670 1750 5742 libro
1783 5678 1949 5742 contra
1986 5677 2067 5742 Ju-

493 5731 624 5781 dzcoe
650 5740 701 5781 et
723 5732 952 5803 gentiles.
973 5730 1025 5780 Ὗ.
1052 5733 1098 5791 1,
1124 5730 1374 5803 0011κὸἒᾷ
1400 5732 1479 5780 ubi
1504 5738 1667 5803 contra
1686 5730 1933 5803 illosagit.
1959 5733 2043 5803 qui

495 5804 653 5855 genus
678 5792 748 5843 vel
770 5794 1014 5846 stellarum
1036 5793 1417 5845 conversimibus
1458 5794 1618 5843 omnia
1640 5792 1999 5843 adscribebant.

1279 339 1337 397 S.
1376 336 1656 395 JOANNIS
1682 331 2150 391 CilRYSOSTOMI
2198 334 2513 393 ABCHIEP.
2554 338 3086 403 CONSTANTINOP.

3678 356 3780 411 692

2207 456 2373 509 multo
2426 456 2629 526 majore
2672 473 2807 528 opus
2850 460 3067 517 habebit
3115 462 3299 519 labore
3350 467 3679 539 sudoreque,
3726 483 3779 527 ut

2204 547 2433 614 priorem
2464 547 2638 603 deleat
2661 550 2985 619 opinionem.
3018 553 3073 607 in
3105 557 3445 625 pugillaribus
3471 562 3665 632 quippe
3696 563 3777 616 de—

2203 636 2324 691 lctis
2350 638 2506 695 facile
2533 641 2773 710 quiSquis
2794 658 2910 713 quae
2934 646 3160 700 voluerit
3188 649 3385 704 scribet
3412 651 3487 720 (a)
3513 668 3527 716 ;
3560 653 3610 705 in
3653 667 3779 707 exa-

2202 729 2332 783 ratis
2353 745 2479 783 vero
2510 746 2613 785 non
2646 732 2769 787 item
2794 751 2805 786 :
2830 745 3038 804 oportet
3063 738 3204 793 enim
3238 740 3462 809 primum
3490 757 3550 797 ea
3578 742 3777 805 delere.

2201 832 2322 887 qua:
2349 819 2487 874 male
2512 822 2705 892 scripta
2737 822 2968 879 fuerant.
2993 827 3053 882 Et
3084 828 3222 883 inter
3249 831 3505 898 medicos,
3534 834 3620 903 qui
3652 834 3779 889 nihil

2203 908 2374 975 affert,
2404 921 2621 981 pra:th
2649 915 2696 968 ei
2728 916 2817 985 qui
2855 917 3145 985 perniciosa
3177 922 3391 977 attulit:
3421 933 3475 978 et
3502 927 3589 994 qui
3616 926 3780 981 azdifi-

2202 1013 2289 1057 cat
2315 1021 2421 1058 non
2470 1007 2636 1061 solida
2667 1019 2929 1064 structura
2959 1012 3109 1081 pejor
3136 1013 3229 1068 illo
3257 1024 3337 1070 est
3372 1018 3461 1087 qui
3493 1018 3622 1072 nihil
3651 1034 3776 1073 con-

2202 1094 2387 1160 struit;
2417 1104 2476 1149 ut
2502 1106 2557 1151 et
2588 1108 2725 1151 terra
2755 1115 2872 1170 quae
2899 1101 3026 1155 nihil
3057 1104 3294 1171 profert,
3327 1107 3515 1162 melior
3544 1109 3628 1163 illa
3661 1126 3777 1179 quae

2201 1185 2381 1251 sninas
2421 1187 2604 1257 gignit.
2635 1189 2711 1244 Ne
2738 1191 2913 1261 itaque
2947 1192 3012 1247 ad
3038 1196 3214 1250 omnia
3244 1198 3527 1254 ediscenda
3560 1200 3777 1257 festine-

2203 1290 2321 1329 mus
2345 1318 2359 1342 ,
2390 1278 2481 1333 sed
2513 1296 2579 1334 ne
2608 1296 2748 1351 aegre
2774 1282 3006 1340 feramus
3030 1285 3077 1340 si
3105 1286 3302 1357 aliquid
3332 1290 3636 1360 ignoremus
3660 1310 3674 1358 ;
3707 1310 3776 1349 ne

2201 1368 2243 1421 si
2268 1367 2539 1424 doctorem
2568 1372 2896 1429 inveniamus
2919 1416 2934 1442 ,
2970 1376 3233 1446 duplicem
3266 1378 3337 1433 illi
3372 1380 3660 1436 inferamus
3698 1384 3775 1437 la-

2200 1458 2418 1526 borem;
2453 1462 2559 1516 imo
2588 1480 2714 1519 vero
2756 1466 2906 1520 multi
2938 1483 3078 1537 sazpe
3108 1468 3384 1525 incurabili
3416 1473 3600 1528 morbo
3631 1475 3776 1531 labo—

2200 1561 2398 1611 rantes.
2426 1568 2547 1607 cum
2576 1556 2626 1608 in
2659 1572 2816 1625 prava
2850 1558 3092 1627 dogmata
3137 1563 3301 1617 semel
3346 1564 3687 1631 incidissent,
3719 1568 3771 1622 in

2200 1644 2263 1697 iis
2292 1648 2653 1713 perstiterunt.
2682 1650 2861 1720 Neque
2889 1653 3029 1707 enim
3060 1655 3279 1724 aequalis
3306 1657 3456 1713 labor
3496 1669 3577 1714 est
3627 1662 3772 1731 prius

2196 1737 2425 1792 evellere
2454 1754 2515 1793 ea
2559 1757 2677 1811 quae
2716 1743 2851 1798 male
2900 1744 3103 1799 radices
3133 1759 3458 1817 posuerant,
3485 1759 3539 1805 et
3567 1752 3617 1806 iu
3645 1768 3771 1823 agro

2199 1840 2331 1891 puro
2373 1828 2639 1884 seminare
2668 1841 2822 1901 atque
2854 1833 3113 1903 plantare.
3142 1836 3255 1891 Illic
3293 1838 3433 1893 enim
3483 1842 3770 1899 emundare

2196 1918 2341 1986 prius
2363 1931 2591 1989 oportet,
2620 1933 2673 1978 et
2698 1932 2818 1994 post
2844 1926 2942 1981 alia
2971 1928 3234 1994 inserere;
3264 1928 3351 1985 hic
3370 1943 3545 1987 autem
3574 1945 3769 2003 parata:

2194 2019 2320 2066 sunt
2364 2028 2540 2069 aures.
2583 2014 2731 2072 Unde
2774 2033 2901 2089 ergo
2942 2019 3000 2074 fit
3027 2029 3084 2074 ut
3111 2022 3198 2076 ille
3227 2024 3296 2077 sit
3336 2023 3522 2080 dives?
3547 2026 3660 2081 iam
3689 2028 3770 2082 di-

2193 2115 2309 2156 cam
2337 2121 2352 2159 :
2379 2105 2466 2159 alii
2511 2107 2618 2162 Deo
2646 2108 2843 2178 dante,
2872 2111 2960 2165 alii
2994 2113 3354 2181 permittente,
3385 2118 3471 2171 alii
3513 2117 3582 2172 ob
3608 2120 3765 2175 aliam

2192 2206 2437 2249 arcanam
2464 2196 2910 2267 diSpcnsationem
2934 2243 2949 2267 ,
2972 2202 3494 2275 divitiaspossident.
3529 2209 3653 2264 Haec
3682 2226 3768 2265 ra-

2196 2283 2268 2337 tio
2292 2285 2467 2342 brevis
2510 2297 2589 2343 est
2634 2298 2792 2360 atque
2817 2291 3060 2362 simplex.
3092 2294 3199 2349 Cur
3226 2311 3372 2367 ergo,
3407 2299 3628 2369 inquies.
3659 2300 3765 2355 for-

2194 2375 2484 2431 nicatorem
2520 2378 2739 2435 divitem
2775 2382 2984 2449 effecit,
3012 2399 3217 2440 necnon
3261 2387 3523 2442 mtecbum
3549 2431 3564 2456 ,
3606 2391 3763 2447 lasci-

2192 2479 2349 2533 vum,
2383 2483 2609 2536 eumque
2637 2472 2727 2539 qui
2761 2473 2899 2528 male
2934 2474 3093 2531 rebus
3122 2477 3233 2531 suis
3259 2478 3458 2533 utitur?
3483 2480 3598 2536 Non
3641 2482 3765 2537 facit

2191 2556 2426 2625 divitem,
2460 2561 2550 2616 sed
2594 2564 2846 2631 permittit
2875 2580 2993 2621 esse
3022 2567 3236 2623 divitem
3268 2588 3280 2623 :
3315 2586 3558 2641 magnum
3587 2583 3759 2628 autem

2189 2660 2272 2705 est
2316 2652 2646 2709 intervallum
2676 2657 2813 2712 inter
2850 2657 3026 2715 facere
3052 2669 3105 2715 et
3131 2663 3454 2732 permittere.
3485 2666 3593 2720 Cur
3632 2682 3761 2737 ergo

2189 2744 2407 2798 omnino
2432 2748 2729 2815 permittit?
2757 2749 2889 2818 Quia
2919 2753 3154 2808 nondum
3183 2755 3396 2811 advenit
3416 2758 3599 2825 judicii
3629 2770 3760 2814 tem-

2189 2849 2287 2905 pus
2313 2875 2328 2900 ,
2357 2845 2413 2891 ut
2442 2853 2538 2907 pro
2564 2841 2752 2895 merito
2778 2843 3002 2914 quisque
3046 2846 3284 2917 recipiat.
3315 2849 3447 2916 Quid
3493 2852 3632 2905 enim
3669 2853 3760 2908 illo

2187 2924 2348 2981 divite
2384 2930 2617 2983 deterius
2637 2973 2651 2996 ,
2699 2934 2785 3001 qui
2828 2949 2894 2987 ne
2921 2936 3083 2990 micas
3110 2937 3321 3007 quidem
3346 2940 3543 2996 Lazaro
3569 2943 3755 3003 dabat.

2186 3025 2241 3070 et
2267 3028 2440 3073 tamen
2468 3022 2702 3076 omnium
2733 3025 3213 3083 miserabilissimus
3238 3028 3336 3084 fuit
3359 3031 3509 3099 (Luc.
3532 3032 3615 3087 i6.
3635 3033 3759 3104 22)?

2185 3106 2315 3163 Nam
2346 3125 2518 3180 neque
2548 3114 2741 3167 stillam
2773 3130 2924 3185 aqua:
2947 3116 3142 3173 habere
3170 3120 3357 3189 potuit,
3386 3122 3506 3176 ideo
3534 3133 3754 3191 tantum,

2185 3201 2306 3271 quia
2335 3202 2486 3258 dives
2511 3219 2629 3258 cmn
2670 3218 2849 3274 esset,
2878 3209 3198 3268 inhumanus
3241 3223 3374 3269 erat.
3401 3215 3531 3271 Nam
3570 3218 3613 3271 si
3651 3217 3757 3271 duo

2185 3291 2404 3361 imparis
2433 3297 2654 3353 fortunae
2685 3300 2907 3369 improbi
2939 3302 3153 3372 fuerint,
3181 3322 3405 3375 quorum
3433 3310 3567 3365 alius
3608 3311 3756 3366 dives

2184 3385 2272 3451 sit,
2304 3386 2438 3441 alius
2464 3402 2682 3457 pauper,
2716 3407 2819 3444 non
2849 3407 3003 3461 pares
3046 3395 3152 3450 illic
3191 3397 3394 3453 dabunt
3423 3414 3629 3469 pennas,
3660 3402 3754 3457 sed

2183 3479 2481 3548 opulentior
2508 3484 2720 3550 gravius
2746 3484 3025 3553 plectetur.

2252 3569 2304 3624 5.
2340 3569 2555 3626 Peccata
2599 3576 2858 3644 gravitatis
2886 3588 2930 3632 et
2957 3595 3115 3648 patum
3163 3582 3442 3637 auctionem
3468 3593 3557 3637 aut
3583 3585 3752 3639 immi-

2181 3660 2432 3714 nutionem
2456 3680 2486 3715 a
2513 3664 3000 3722 circumstantiarum
3026 3678 3070 3723 et
3097 3688 3423 3740 personarum
3462 3674 3754 3742 differentiis

2180 3754 2724 3811 ammentum—Vides
2749 3773 2876 3828 ergo
2900 3759 3037 3815 hunc
3057 3764 3295 3831 graviore
3314 3764 3451 3821 affici
3476 3768 3749 3838 supplicio,

2179 3845 2297 3913 quia
2328 3846 2377 3899 in
2408 3846 2504 3903 hac
2532 3849 2637 3902 vita
2662 3850 2797 3905 bona
2828 3856 3142 3923 acceperat?
3167 3857 3231 3910 Et
3252 3866 3304 3911 tu
3326 3860 3500 3929 igitur,
3528 3877 3645 3915 cum
3671 3863 3750 3916 vi-

2180 3935 2322 3990 deris
2348 3937 2527 4008 inique
2558 3938 2773 3995 divitem
2799 3940 3015 3998 feliciter
3040 3959 3217 4014 agere,
3246 3947 3551 4018 iugemisce,
3583 3952 3753 4024 lacry—

2181 4041 2363 4081 mare:
2398 4044 2518 4082 nam
2566 4030 2762 4084 divitiae
2790 4032 2863 4086 illi
2892 4035 3133 4104 supplicii
3182 4040 3417 4095 accessio
3459 4052 3633 4096 erunt.
3684 4043 3753 4099 Ut

2178 4120 2321 4175 enim
2349 4120 2422 4176 illi
2457 4123 2543 4192 qui
2583 4124 2802 4179 multum
2844 4139 3145 4196 peccarunt,
3184 4145 3355 4200 neque
3391 4134 3749 4201 pmniteutiain

2177 4225 2332 4281 agere
2350 4212 2552 4281 volunt,
2580 4213 2671 4269 ira:
2699 4215 3000 4271 thesaurum
3023 4218 3120 4273 sibi
3152 4230 3336 4289 parant
3354 4222 3526 4293 (Rom.
3560 4224 3614 4279 2.
3651 4225 3705 4295 5)
3732 4243 3744 4279 :

2177 4302 2255 4357 sic
2296 4303 2366 4358 illi
2407 4305 2496 4374 qui
2542 4305 2625 4360 hic
2667 4322 2852 4378 pmnas
2904 4325 3008 4365 non
3037 4311 3317 4377 dederunt,
3345 4314 3438 4368 sed
3468 4315 3624 4370 rebus
3669 4318 3749 4371 usi

2176 4402 2300 4446 sunt
2328 4396 2593 4464 prosperis
2612 4436 2628 4463 ,
2662 4398 2847 4467 majori
2871 4400 3127 4469 supplicio
3152 4401 3465 4459 afficientur.
3503 4405 3559 4459 id
3586 4407 3746 4475 quod,

2175 4484 2220 4538 si
2248 4484 2438 4554 placet,
2464 4501 2566 4539 non
2597 4502 2660 4541 ex
2692 4486 2867 4542 futura
2900 4498 3100 4545 tantum
3148 4493 3285 4558 vita,
3330 4494 3425 4549 sed
3474 4496 3633 4550 etiam
3680 4512 3747 4551 ex

2176 4576 2424 4645 praesenti
2457 4577 2549 4632 tibi
2576 4581 2822 4649 exemplo
2868 4582 3121 4649 probabo.
3152 4584 3345 4639 Beatus
3378 4587 3521 4642 enim
3562 4588 3743 4656 David,

2174 4666 2386 4736 quando
2423 4672 2663 4738 peccavit
2706 4686 2826 4726 cum
2876 4672 3139 4729 Bersabee
3163 4717 3178 4741 ,
3209 4690 3327 4729 cum
3372 4689 3678 4747 argueretur
3716 4695 3745 4735 a

2176 4758 2471 4827 propheta,
2519 4760 2640 4816 ideo
2693 4764 2920 4819 maxime
2970 4765 3332 4822 vehementius
3374 4770 3744 4837 incusabatur,

2174 4851 2315 4921 quod
2347 4853 2522 4909 multis
2545 4855 2763 4911 affectus
2793 4858 3080 4925 beneficiis,
3114 4862 3231 4916 talis
3271 4863 3377 4933 jam
3416 4873 3577 4921 esset.
3610 4868 3747 4922 Audi

2174 4945 2315 4999 enim
2341 4946 2505 5001 Deum
2533 4948 2583 5002 id
2603 4949 2675 5004 illi
2697 4952 3099 5021 exprobrantem
3133 4972 3146 5009 :
3175 4954 3354 5009 Annon
3378 4959 3502 5011 anxi
3530 4968 3576 5012 te
3595 4960 3648 5013 in
3668 4976 3747 5015 re-

2173 5054 2303 5108 gem,
2322 5047 2368 5092 et
2393 5040 2499 5093 erui
2529 5049 2576 5094 te
2599 5042 2661 5094 de
2686 5058 2837 5097 manu
2866 5043 3038 5099 Saulis
3059 5061 3079 5099 :
3099 5047 3309 5117 dedique
3329 5049 3414 5102 tibi
3441 5051 3609 5103 omnia
3634 5068 3749 5120 qua:

2174 5130 2365 5182 domini
2393 5132 2466 5184 tui
2493 5135 2709 5202 fuerant,
2732 5143 2779 5187 et
2804 5136 3080 5190 universam
3100 5137 3305 5192 domum
3324 5138 3490 5195 Israel
3509 5149 3556 5195 et
3573 5140 3749 5197 Juda.’

2173 5218 2240 5274 Et
2268 5221 2311 5274 si
2339 5221 2443 5274 lucc
2470 5240 2631 5291 pauca
2660 5225 2744 5277 tibi
2765 5235 2944 5293 essent,
2970 5228 3205 5281 adderem
3243 5230 3331 5283 tibi
3368 5232 3495 5285 sicut
3532 5232 3647 5286 ista.
3681 5232 3748 5286 Et

2171 5310 2292 5379 quid
2324 5311 2485 5382 fecisti
2513 5316 2698 5367 malum
2722 5328 2888 5369 coram
2917 5334 2996 5371 me
3032 5316 3119 5387 (2.
3143 5320 3269 5391 Reg.
3301 5322 3386 5374 12.
3410 5322 3528 5377 7-9
3554 5322 3745 5388 )?Non

2173 5412 2298 5458 sunt
2338 5406 2531 5474 quippe
2564 5407 2746 5461 eadem
2779 5423 2874 5475 pro
2902 5410 3146 5465 omnibus
3177 5412 3426 5481 peccatis,
3458 5414 3551 5469 sed
3579 5417 3744 5471 multa

2173 5494 2421 5564 variaque
2450 5496 2724 5564 supplicia,
2746 5499 3034 5553 secundum
3057 5510 3287 5569 aetatem,
3306 5504 3595 5559 secundum
3623 5521 3740 5575 per-

2171 5600 2350 5651 sonas,
2369 5586 2657 5641 secundum
2675 5589 2999 5657 dignitatem,
3025 5592 3353 5661 prudentiam
3391 5596 3596 5664 aliaque
3625 5598 3743 5666 pluo

2171 5679 2325 5733 rima.
2379 5678 2553 5748 thue
2580 5680 2773 5735 clarius
2810 5682 3016 5751 loquar,
3048 5700 3207 5739 unum
3236 5687 3286 5740 in
3316 5688 3491 5743 medio
3517 5698 3745 5758 ponatur

2235 5792 2307 5855 (a)
2332 5791 2598 5856 Pugillares
2618 5793 2885 5857 hujusmodi
2908 5793 3268 5860 palimpsestum
3293 5808 3429 5850 vocat
3451 5796 3655 5849 Tullius.
