4130 6374
363 352 469 411 693

352 468 471 537 τοῦ,
505 470 620 527 ἀλλ’
647 468 753 523 ἀπὸ
777 468 881 521 τῶν
923 466 1082 521 θείων
1126 465 1378 537 Γραφῶν.
1435 466 1761 537 Ἐπόρνευσέ
1796 485 1880 530 τις
1916 468 2023 537 πρὸ

353 552 449 605 τοῦ
472 552 677 623 νόμου;
717 548 888 611 άλλως
930 547 1245 612 κολάζεταιο
1296 546 1391 598 καὶ
1431 545 1588 598 τοῦτο
1618 548 1645 599 ὁ
1674 547 1883 610 Παῦλος
1917 547 2022 600 δεί-

355 646 545 685 κνυσιν
564 644 579 660 ·
610 630 781 681 Ὅσοι
800 627 906 697 γάρ
932 625 1166 695 ἀνόμως
1190 625 1473 693 ἥμαρτον,
1508 626 1743 693 ἀνόμως
1777 628 1871 679 καὶ
1903 628 2018 680 ἀπ-

354 708 655 763 ολοῦνται.
704 704 1024 775 Ἐπόρνευσέ
1049 721 1132 767 τις
1173 704 1309 773 μετά
1332 703 1424 756 τὸν
1445 703 1641 773 νόμον;
1668 704 2022 776 χαλεπώτερα

356 787 604 840 πείσεται
624 802 639 817 ο
666 785 840 838 ’Ὀσοι
873 783 981 853 γὰρ
1011 784 1081 835 ἐν
1106 783 1268 852 νόμῳ
1296 782 1583 851 ἥμαρτον,
1609 784 1762 853 φησὶ,
1798 784 1897 837 διὰ
1924 786 2021 837 νό-

350 884 470 936 μου
501 864 903 933 κριθήσονται.
946 862 1267 933 Ἐπόρνευσέ
1289 879 1374 923 τις
1423 862 1601 931 ἱερεὺς
1641 862 1753 928 ῶν;
1789 861 2023 932 προσθή-

355 961 459 1013 κην
490 943 596 995 ἀπὸ
624 945 723 1012 τῆς
744 940 897 1006 ἀξίας
925 942 1004 1003 είς
1026 940 1124 1010 τὴν
1144 940 1412 1011 τιμωρίαν
1439 940 1703 1009 λαμϐάνει
1736 940 2017 1009 μεγίστην.

354 1022 455 1074 Διά
475 1022 538 1092 δὴ
575 1021 731 1073 τοῦτο
756 1022 811 1073 αί
848 1019 947 1089 μὲν
984 1019 1139 1073 ἄλλαι
1165 1018 1460 1090 ἀνῃροῦντο
1497 1019 1887 1089 πορνευόμεναι
1910 1036 1923 1049 ⁸
1963 1022 2019 1071 αἱ

354 1102 411 1155 δέ
446 1103 551 1154 τῶν
582 1100 770 1173 ἱερέων
804 1099 1097 1170 θυγατέρες
1128 1099 1494 1162 κατεκαίοντο,
1526 1098 1618 1152 τοῦ
1648 1099 1931 1169 νομοθέτου
1957 1100 2020 1153 ἐκ

354 1180 671 1252 περιουσίας
693 1177 997 1250 δηλοῦντος,
1026 1179 1123 1249 ὅση
1149 1178 1237 1231 τὸν
1265 1179 1415 1248 ἱερέα
1438 1178 1587 1249 μένει
1619 1178 1837 1241 κόλασις
1864 1178 2021 1231 τοῦτο

354 1262 756 1335 ἁμαρτάνοντα.
805 1261 868 1312 Εἰ
900 1258 1008 1328 γὰρ
1052 1259 1151 1328 τὴν
1199 1258 1472 1330 θυγατέρα
1506 1259 1724 1329 μείζονα
1771 1258 2019 1328 ἀπῄτησε

352 1341 507 1411 δίκην
526 1340 612 1394 διὰ
638 1340 699 1392 τὸ
728 1339 918 1410 ἱερέως
938 1336 1076 1390 εἶναι
1099 1338 1390 1410 θυγατέρα,
1426 1338 1605 1408 πολλῷ
1644 1338 1841 1409 μᾶλλον
1862 1339 2019 1392 αὑτὸν

352 1422 444 1473 τὸν
476 1419 787 1490 ἱερωμένον.
838 1416 1165 1487 Ἐπορνεύθη
1195 1434 1281 1480 τις
1305 1418 1522 1487 βιαίως;
1555 1418 1691 1489 αῦτη
1723 1418 1817 1471 καὶ
1842 1418 2019 1489 ἀπήλ-

353 1499 549 1551 λακται
592 1495 865 1558 κολάσεως
886 1511 900 1524 '
954 1495 1256 1567 ἐπορνεύθη
1284 1513 1369 1559 τις
1401 1496 1723 1559 πλουτοῦσα,
1774 1497 1936 1567 ἐτέρα
1964 1496 2020 1548 δέ

354 1576 625 1647 πενομένη
652 1592 665 1640 ;
694 1575 856 1629 πάλιν
880 1575 974 1627 καὶ
993 1574 1224 1627 ἐνταῦθα
1252 1575 1500 1645 διαφορά.
1528 1576 1638 1629 Kal
1666 1575 1823 1629 τοῦτο
1840 1576 2017 1646 δῆλον,

354 1657 449 1726 ἀφ’
487 1651 561 1712 ὧν
611 1654 918 1726 ἔμπροσθεν
950 1656 1252 1725 εἰρήκαμεν
1291 1656 1416 1726 περὶ
1470 1654 1563 1707 τοῦ
1609 1656 1789 1708 Δαυῒδ.
1830 1657 2020 1724 Ἐπόρ-

357 1736 510 1788 νευσέ
537 1752 620 1797 τις
653 1733 788 1803 μετά
831 1732 928 1803 τὴν
982 1734 1283 1803 παρουσίαν
1306 1733 1399 1785 τοῦ
1444 1732 1677 1805 Χριστοῦ
1706 1752 1719 1801 ;
1747 1733 1811 1788 ἂν
1844 1734 2020 1805 ἀμύη-

354 1832 446 1878 τος
475 1816 517 1847 ⁸⁸
552 1813 781 1884 ἀπέλθῃ,
816 1813 1033 1866 πάντων
1070 1812 1291 1865 ἐκείνων
1334 1811 1719 1885 χαλεπωτέραν
1757 1813 1917 1867 δώσει
1942 1814 2015 1867 δί-

356 1911 479 1965 κην.
523 1890 846 1960 Ἐπόρνευσέ
897 1907 983 1953 τις
1017 1890 1151 1960 μετά
1176 1890 1237 1943 τὸ
1264 1891 1489 1962 λουτρόν
1512 1892 1557 1923 ⁷⁶
1586 1892 1854 1956 ;ἐνταῦθα
1897 1892 2019 1947 ούδέ

358 1971 682 2043 παραμυθία
707 1969 891 2023 λοιπὸν
925 1969 1002 2039 τῷ
1044 1971 1399 2041 ἁμαρτήματι
1426 1970 1687 2025 λείπεται.
1732 1972 1843 2024 Kal
1863 1971 2020 2025 τοῦτο

355 2054 486 2108 αὐτὸ
515 2050 688 2121 δηλῶν
741 2052 768 2103 ὁ
801 2049 1012 2113 Παῦλος
1073 2049 1255 2116 ἔλεγεν
1278 2066 1291 2081 ·
1335 2049 1652 2118 Ἀθετήσας
1701 2068 1791 2115 τις
1831 2051 2021 2119 νόμον

352 2130 668 2195 Μωῦσέως,
709 2128 887 2198 χωρὶς
914 2127 1226 2197 οίκτιρμῶν
1256 2127 1353 2180 ἐπὶ
1393 2126 1535 2181 δυσὶ
1570 2128 1666 2181 καί
1698 2128 1855 2196 τρισὶ
1880 2126 2022 2196 μάρ-

354 2226 533 2265 τυσιν
558 2209 929 2273 ἀποθνήσκει
955 2224 969 2239 ο
1005 2210 1175 2275 πόσῳ
1211 2206 1438 2261 δοκεῖτε
1482 2209 1751 2277 χείρονος
1777 2208 2021 2277 ἀξιωθή-

354 2306 521 2344 σεται
556 2287 832 2356 τιμωρίας
865 2288 897 2340 ό
933 2286 1042 2340 τόν
1079 2286 1215 2341 Υίὸν
1248 2286 1353 2340 τοῦ
1384 2286 1530 2340 Θεοῦ
1570 2287 2017 2355 καταπατήσας,

354 2368 454 2421 καὶ
483 2368 548 2421 τὸ
577 2363 719 2434 αίμα
752 2364 860 2431 τῆς
886 2365 1178 2434 διαθήκης
1204 2365 1411 2418 κοινὸν
1434 2365 1898 2434 ήγησάμενοςτί,
1921 2366 2019 2419 καὶ

354 2448 470 2515 τὴν
502 2448 676 2516 χάριν
694 2447 799 2499 τοῦ
833 2447 1175 2515 Πνεύματος
1202 2446 1555 2514 ὲνυϐρίσας;
1587 2446 1910 2515 Ἐπόρνευσέ
1938 2463 2021 2510 τις

355 2528 647 2599 ίερωμένος
682 2525 805 2590 νῦν;
865 2524 1005 2595 αῦτη
1052 2525 1283 2594 μάλιστα
1333 2524 1551 2577 πάντων
1600 2526 1633 2593 ἡ
1672 2524 1882 2594 κορυφὴ
1911 2524 2019 2578 τῶν

355 2607 558 2659 κακῶν.
589 2603 738 2668 Εἶδες
756 2605 871 2667 ἐνὸς
896 2606 1286 2674 ἁμαρτήματος
1307 2603 1470 2656 πόσαι
1503 2603 1782 2672 διαφοραί;
1828 2603 2019 2673 Ἑτέρα

354 2689 389 2757 ἡ
422 2687 528 2757 πρὸ
552 2686 644 2739 τοῦ
673 2685 862 2755 νόμου,
892 2683 1024 2753 ἄλλη
1055 2686 1088 2753 ἡ
1124 2683 1260 2753 μετὰ
1280 2682 1370 2735 τὸν
1391 2684 1574 2753 νόμον,
1607 2685 1639 2751 ή
1670 2682 1764 2735 τοῦ
1794 2683 2021 2753 ἱερωμέ-

356 2782 447 2817 νου
477 2764 631 2833 άλλη,
666 2764 699 2833 ή
726 2764 822 2832 τῆς
866 2761 1198 2831 πλουτούσης
1233 2761 1328 2814 καὶ
1356 2762 1456 2831 τῆς
1485 2761 1805 2831 πενομένης,
1837 2764 1936 2831 τῆς
1972 2764 2019 2795 τί

358 2842 771 2913 κατηχουμένης
793 2841 1008 2910 καὶτῆς
1041 2841 1257 2907 πιστῆς,
1289 2840 1390 2910 τῆς
1422 2840 1515 2894 τοῦ
1545 2840 1752 2910 ίερέως.
1785 2841 1893 2894 Kal
1914 2841 2021 2895 ἀπὸ

358 2923 627 2983 συνέσεως
650 2920 707 2972 δὲ
729 2918 897 2989 πολλὴ
918 2920 950 2987 ή
976 2918 1208 2990 διαφορά
1226 2935 1239 2949 ·
1276 2920 1329 2971 '0
1357 2918 1465 2990 γὰρ
1493 2920 1661 2986 εἰδὼς
1685 2922 1751 2974 τὸ
1793 2921 2021 2991 θέλημα

355 2997 466 3053 τοῦ
497 3000 716 3067 Κυρίου
744 2998 949 3061 αὑτοῦ,
980 2997 1079 3050 καί
1102 2998 1191 3067 μὴ
1222 2997 1498 3065 ποιήσας,
1526 2999 1848 3067 δαρήσεται
1881 3003 2023 3054 πολ-

356 3080 494 3144 λάς.
552 3079 662 3132 Kal
717 3078 778 3130 τὸ
822 3078 958 3148 μετὰ
1002 3077 1072 3130 τὰ
1138 3078 1554 3147 παραδείγματα
1593 3079 1638 3110 ⁷³
1690 3079 2024 3149 ἁμαρτάνειν

358 3158 579 3211 πλείονα
623 3156 777 3226 φέρει
824 3156 922 3228 τὴν
955 3155 1243 3227 τιμωρίαν.
1275 3157 1372 3210 Διά
1408 3156 1567 3210 τοῦτό
1599 3174 1794 3228 φησιν’
1841 3155 2027 3225 Ὑμεῖς

357 3237 427 3290 δὲ
459 3236 599 3290 οὐδὲ
639 3237 867 3301 ἰδόντες
887 3238 1145 3304 ὕστερον
1166 3236 1590 3304 μετενοήσατε,
1622 3237 1797 3289 καίτοι
1831 3236 2029 3307 πολλῆς

1106 351 1166 408 S.
1203 347 1484 406 JOANNIS
1509 347 1995 407 CHRYSOSTOMI
2020 346 2338 407 ARCHIEP.
2373 350 2921 409 CONSTANTINOP.

3683 362 3789 423 694

2125 466 2529 531 ἀπολαύσαντες
2563 467 2879 539 θεραπείας.
2923 466 3025 521 Διά
3054 467 3212 521 τοῦτο
3255 468 3350 523 καὶ
3388 470 3487 540 τὴν
3526 470 3777 541 Ἰερουσα-

2123 547 2235 619 λὴμ
2264 546 2422 600 τοῦτο
2458 548 2505 579 ⁷⁸
2533 547 2780 612 ὀνειδίζει
2805 547 3015 617 λέγων·
3056 546 3319 612 Ποσάκις
3357 549 3628 615 ἠθέλησα
3668 550 3787 601 ἐπι-

2123 625 2488 696 συναγαγεῖν
2511 628 2585 680 τὰ
2611 625 2792 680 τέκνα
2806 625 2990 695 ὑμῶν,
3012 627 3109 680 καὶ
3140 628 3251 681 οὐκ
3277 628 3615 695 ἠθελήσατε
3640 629 3785 692 ;Kal

2122 706 2182 758 τὸ
2204 707 2260 758 ἐν
2292 708 2467 777 τρυφῇ
2500 705 2659 768 ὄντας
2685 720 2699 734 ⁶
2726 704 2883 764 τοῦτο
2908 706 2971 776 δὴ
2990 705 3137 777 [751]
3158 706 3217 759 τὸ
3249 706 3341 759 τοῦ
3375 708 3647 777 Λαζάρου.
3678 708 3786 760 Kal

2122 785 2230 838 ἀπὸ
2261 786 2354 837 τοῦ
2386 785 2551 838 τόπου
2596 783 2653 836 δὲ
2678 782 3053 856 χαλεπώτερον
3078 784 3139 837 τὸ
3189 786 3490 856 ἁμάρτημα
3538 785 3744 853 γίνεται
3768 801 3782 814 ’

2121 865 2256 932 ὅπερ
2288 863 2381 916 καὶ
2410 863 2570 926 αὐτὸς
2611 863 2787 932 δηλῶν
2819 862 2971 932 ἔλεγε
3001 879 3015 893 ’
3049 864 3287 927 Μεταξὺ
3339 864 3445 917 τοῦ
3484 864 3635 917 ναοῦ
3685 862 3783 917 καὶ

2122 943 2226 995 τοῦ
2265 944 2720 1011 θυσιαστηρίου.
2763 944 2874 997 Καὶ
2898 944 3005 997 ἀπὸ
3047 945 3146 1014 τῆς
3198 945 3477 1015 ποιότητος
3502 944 3559 997 δέ
3605 944 3784 997 αὐτῶν

2120 1021 2228 1075 τῶν
2258 1021 2744 1093 πλημμελημάτων
2770 1038 2784 1053 ο
2807 1025 2891 1077 Οὐ
2930 1025 3295 1091 θαυμαστὸν.
3329 1024 3435 1076 ἐὰν
3477 1024 3521 1053 ⁷⁸
3543 1022 3669 1086 ἁλῷ
3694 1039 3785 1087 τις

2123 1100 2396 1154 κλέπτων
2415 1118 2428 1132 ·
2480 1103 2576 1155 καὶ
2602 1102 2785 1165 πάλιν,
2815 1104 3131 1171 Ἐσφαξας
3172 1103 3314 1165 τοὺς
3343 1103 3512 1168 υἱούς
3539 1118 3655 1155 σου
3686 1102 3785 1153 καί

2120 1180 2227 1244 τὰς
2249 1179 2572 1248 θυγατέρας
2598 1194 2713 1233 σου
2733 1196 2746 1210 ·
2779 1179 2953 1235 τοῦτο
2978 1182 3128 1248 ὑπὲρ
3158 1181 3359 1247 πάσας
3383 1182 3488 1247 τὰς
3508 1181 3786 1247 πορνείας

2121 1274 2237 1311 σου
2252 1258 2298 1288 ⁷⁸
2325 1257 2424 1310 καί
2445 1258 2516 1311 τὰ
2530 1258 2915 1328 ,βδελύγματά
2944 1276 3079 1313 σου.
3102 1260 3211 1313 Καὶ
3231 1260 3337 1313 ἀπὸ
3354 1259 3461 1312 τῶν
3482 1258 3785 1330 προσώπων

2122 1335 2316 1390 πάλινο
2376 1337 2517 1390 Ἐὰν
2569 1337 2844 1405 ἁμαρτὼν
2893 1337 3120 1406 ἁμάρτῃ
3174 1354 3265 1402 τις
3319 1340 3407 1402 είς
3450 1337 3781 1405 ἄνθρωπον,

2123 1414 2558 1483 προσεύξονται
2581 1416 2715 1484 περὶ
2737 1416 2925 1470 αὐτοῦ
2944 1434 2958 1448 ·
2990 1415 3099 1469 ἐὰν
3134 1415 3201 1468 δὲ
3236 1418 3323 1481 είς
3359 1417 3505 1470 Θεὸν
3532 1417 3780 1489 ἁμάρτῃ,

2122 1496 2213 1559 τίς
2238 1495 2631 1562 προσεύξεται
2678 1496 2808 1563 περὶ
2856 1496 3078 1559 αὑτοῦ;
3114 1495 3220 1547 Kal
3252 1495 3379 1547 ὅταν
3434 1497 3556 1559 τοῦς

2121 1573 2371 1644 χείρονάς
2416 1590 2500 1636 τις
2557 1573 2861 1645 ὑπερδαίνῃ
2892 1576 2959 1644 τῇ
2998 1573 3274 1644 ῥαθυμίᾳ·
3317 1574 3453 1643 ὅπερ
3491 1575 3585 1626 καὶ
3617 1575 3676 1628 ἐν
3704 1576 3783 1645 τῷ

2134 1650 2391 1723 ἰεζεκιὴλ
2432 1652 2681 1721 ἐγκαλεῖ·
2738 1652 2890 1706 Οὐδὲ
2931 1652 3081 1706 κατὰ
3136 1652 3209 1706 τὰ
3254 1652 3613 1723 δικαιώματα
3667 1656 3785 1709 τῶν

2120 1731 2310 1785 ἐθνῶν
2333 1732 2644 1800 ἐποίησας.
2672 1733 2782 1786 Kal
2812 1734 2937 1786 ὅταν
2975 1733 3107 1803 μηδὲ
3146 1736 3255 1797 τοῖς
3294 1734 3495 1803 ἑτέρων
3525 1735 3782 1804 παραδεί-

2118 1828 2293 1881 γμασι
2334 1810 2673 1882 σωφρονισθῇ
2730 1830 2844 1875 τις·
2891 1807 3024 1866 Εῖδε
3084 1811 3198 1880 τὴν
3250 1812 3527 1881 ἀδελφὴν
3575 1813 3779 1882 αὐτῆς,

2119 1888 2273 1959 φησὶ,
2298 1890 2395 1943 καί
2417 1890 2765 1944 ἐδικαίωσεν
2812 1890 3024 1957 αὐτήν.
3066 1892 3177 1944 Kal
3222 1892 3351 1944 ὅταν
3383 1891 3621 1955 πλείονος
3649 1894 3781 1946 ἀπο-

2118 1966 2291 2040 λαύσῃ
2324 1968 2671 2037 ἐπιμελείας·
2698 1970 2889 2041 Είγάρ
2914 1969 2983 2023 ἐν
3011 1970 3206 2038 Τύρῳ,
3238 1971 3392 2041 φησὶ,
3442 1970 3539 2024 καί
3572 1970 3783 2025 Σιδῶνι

2117 2045 2397 2115 ἐγένοντο
2424 2049 2484 2099 αἱ
2521 2047 2803 2117 δυνάμεις
2831 2044 3028 2115 αὗται,
3050 2048 3237 2102 πάλαι
3274 2049 3350 2102 ἂν
3369 2051 3780 2117 μετενόησανο

2117 2124 2287 2192 πλὴν
2312 2126 2701 2195 ἀνεκτότερον
2730 2128 2902 2180 ἔσται
2936 2129 3094 2197 Τύρῳ
3125 2128 3223 2182 καὶ
3249 2128 3479 2191 Σιδῶνι,
3509 2129 3546 2193 ἢ
3577 2126 3649 2197 τῇ
3678 2130 3783 2181 ad-

2116 2208 2208 2257 ,κει
2232 2205 2434 2272 ἐκείνῃ
2464 2206 2531 2257 ⁷⁷.
2564 2202 2715 2268 Εἶδες
2737 2206 3018 2277 ἀκρίϐειαν
3043 2209 3475 2278 ἀπηρτισμένην,
3522 2210 3615 2261 καὶ
3644 2208 3782 2262 πάν-

2116 2301 2216 2347 τας
2236 2284 2537 2337 τῶναύτῶν
2569 2285 3069 2355 ἀμαρτημάτωνόύ
3107 2285 3205 2357 τὴν
3243 2288 3412 2354 αὐτὴν
3445 2287 3679 2351 διδόντας
3704 2287 3784 2340 δί-

2118 2380 2257 2434 κην;
2287 2365 2397 2417 Kal
2424 2363 2533 2435 γὰρ
2568 2364 2696 2417 ὅταν
2732 2365 3112 2436 μακροθυμίας
3166 2365 3570 2428 ἀπολαύσαντες
3619 2367 3784 2436 μηδὲν

2117 2442 2485 2512 κερδάνωμεν,
2511 2446 2728 2511 χείρονα
2759 2443 3080 2513 πεισόμεθα.
3114 2444 3225 2497 Kal
3253 2443 3411 2497 τοῦτο
3456 2444 3604 2514 δηλοῖ
3635 2445 3781 2497 Παῦ-

2117 2521 2207 2585 λος
2232 2521 2403 2589 λέγων
2426 2539 2441 2554 ·
2469 2522 2630 2577 Κατὰ
2660 2521 2729 2575 δὲ
2764 2522 2879 2592 τὴν
2901 2523 3287 2591 σκληρότητά
3307 2541 3422 2577 σου
3445 2525 3543 2578 καὶ
3575 2526 3783 2593 ἀμετα-

2118 2606 2338 2670 νόητον
2373 2603 2627 2673 καρδίαν
2673 2604 3047 2673 θησαυρίζεις
3086 2604 3318 2670 σεαυτῷ
3366 2604 3570 2673 ὀργήν.
3619 2604 3783 2659 Ταῦτ’

2116 2679 2211 2738 οῦν
2238 2683 2457 2746 εἰδότες,
2486 2682 2561 2754 μὴ
2594 2676 3097 2755 σκανδαλιζώμεθα,
3127 2684 3259 2755 μηδέ
3294 2684 3648 2756 θορυὸώμεθα
3682 2703 3786 2757 μη-

2117 2765 2227 2819 δενὶ
2252 2763 2360 2817 τῶν
2388 2764 2708 2834 γινομένων,
2741 2765 2877 2836 μηδέ
2901 2766 3000 2836 τὴν
3035 2764 3145 2819 τῶν
3184 2766 3462 2836 λογισμῶν
3486 2766 3789 2834 ἐπεισάγω-

2122 2860 2222 2915 μεν
2247 2843 2416 2913 ζάλην
2438 2859 2453 2875 ο
2482 2842 2618 2896 ἀλλά
2635 2844 2714 2914 τῷ
2744 2845 3108 2916 ἀκαταλήπτῳ
3128 2845 3227 2914 τῆς
3254 2845 3347 2898 τοῦ
3378 2845 3510 2899 Θεοῦ
3532 2847 3786 2917 προνοίας

2120 2920 2577 2993 παραχωροῦντες
2604 2962 2621 2986 ,
2660 2924 2863 2994 ἀρετῆς
2906 2923 3289 2994 ἐπιμελώμεθα
3313 2963 3328 2989 ,
3373 2924 3468 2978 καὶ
3498 2923 3787 2994 φεύγωμεν

2119 3002 2351 3056 κακίανο
2408 3000 2495 3053 ῖνα
2526 3002 2622 3054 καὶ
2668 3002 2777 3054 τῶν
2809 3002 3109 3072 μελλόντων
3154 3002 3495 3073 ἐπιτύχωμεν
3543 3003 3784 3071 ἀγαθῶν,

2118 3082 2299 3151 χάριτι
2334 3080 2438 3153 καὶ,
2458 3078 2837 3153 φιλανθρωπίᾳ
2863 3081 2955 3133 τοῦ
2991 3082 3196 3153 Κυρίου
3235 3081 3391 3153 ἡμῶν
3434 3081 3607 3151 Ἰησοῦ
3650 3083 3785 3151 Χρι-

2123 3160 2269 3222 στοῦ,
2296 3158 2362 3211 δι’
2381 3152 2442 3212 οῦ
2465 3160 2558 3212 καὶ
2582 3160 2699 3229 μεθ’
2719 3152 2779 3212 οὗ
2798 3160 2876 3230 τῷ
2900 3162 3013 3213 Πατ
3022 3161 3073 3231 pl
3093 3159 3221 3224 δόξα
3242 3160 3356 3231 ἆμα
3373 3160 3450 3231 τῷ
3472 3160 3609 3230 ἁγίῳ
3626 3161 3788 3213 Πνεύ-

2128 3255 2277 3308 ματι,
2307 3238 2401 3293 νῦν
2419 3240 2512 3292 καὶ
2524 3240 2610 3293 ἀεὶ
2635 3239 2727 3292 καὶ
2742 3239 2821 3302 είς
2837 3240 2965 3303 τοὺς
2988 3239 3190 3303 αίῶνας
3217 3239 3324 3292 τῶν
3344 3238 3573 3294 αἰώνων.
3591 3240 3783 3312 ’Δμήν.

435 3352 480 3383 ⁶⁹
518 3351 881 3426 ἀμετανόητος
928 3349 996 3426 M.
1068 3351 1396 3426 ⁷⁸ηλουτρδν]
1410 3353 1554 3426 _add.
1586 3351 1685 3426 τοῦ
1721 3351 1865 3426 θείου
1894 3351 2023 3426 β-απι

2124 3353 2445 3426 ἑστός-βόα.
2488 3352 2757 3426 λείπεται]
2790 3354 2882 3408 Sic
2914 3352 2994 3426 Η.
3031 3352 3093 3426 [3.
3131 3353 3229 3426 Ep.
3276 3356 3454 3426 cgaleri
3486 3372 3609 3411 cum
3647 3357 3781 3412 Mor.

359 3422 576 3477 ἕπεται.

681 3423 740 3502 τί.
764 3417 1135 3502 ᾗγησάμενος]
1169 3417 1295 3502 διΙάξ
1321 3417 1444 3502 ay};
1467 3423 1714 3502 3171ang
1732 3421 1792 3474 L.
1831 3423 1855 3475 1
1894 3417 2071 3493 Mosq.

2136 3421 2231 3499 [Μ.
2272 3422 2537 3499 M_atthmi.
2579 3423 2644 3499 {id
2678 3421 2817 3499 loé.__
2858 3426 2904 3456 ⁷¹
2944 3422 3067 3499 τῆς]
3102 3426 3134 3495 ὴ
3169 3421 3439 3499 Ειιςὶῌ.
3511 3428 3562 3499 ⁷³
3616 3445 3789 3499 παρα-

362 3489 648 3576 δείγματα]
677 3489 817 3576 αιιέζ.
842 3489 1083 3576 τοσαῦτα
1117 3489 1227 3576 ’κριὶ
1268 3489 1566 3576 τηλικαῦτα
1604 3489 1736 3576 ΕιΙᾴ.
1781 3502 1978 3576 ξουρτ-α
2001 3512 2023 3576 ρ

2124 3494 2169 3545 LI.
2205 3501 2279 3576 ‘el.
2310 3492 2508 3576 Ilmqrp.
2552 3493 2733 3576 ""fﬁ
2779 3496 2902 3576 Ἱερ.
2953 3489 3134 3576 ταῦτα’
3169 3489 3307 3576 Εᾲεῒ.
3346 3497 3428 3576 ,⁷⁵
3468 3497 3532 3549 οὐ
3575 3489 3707 3569 γὰρ’
3732 3499 3784 3576 ΘΣ

362 3564 548 3647 φησιν,
595 3560 691 3613 ἐὰν
743 3560 877 3614 Edd.
906 3560 1187 3684 xlémwv£
1226 3560 1349 3615 add.
1393 3562 1613 3645 κλέπτει
1647 3563 1753 3631 γὰρ
1781 3562 1866 3614 ἵνα
1884 3562 2142 3636 ἐμπλήσῃ
2166 3562 2267 3632 τὴν
2294 3560 2472 3634 ψυχὴν
2506 3563 2672 3617 αὑτοῦ
2703 3560 2975 3619 πεινῶσαν
3003 3564 3138 3620 Edd.
3218 3567 3265 3597 ⁷⁸
3287 3566 3468 3630 πάσας
3492 3584 3544 3621 τ.
3576 3560 3787 3641 π.”σου]

364 3648 544 3684 πασαν
568 3632 822 3684 πορνείαν
842 3630 905 3684 G.
931 3630 1002 3684 M.
1078 3632 1122 3663 ⁷⁷
1193 3631 1367 3684 κείνη]
1404 3648 1574 3684 ταυτη
1605 3632 1669 3684 Κ.

364 3630 544 3687 πᾶσαν
568 3632 822 3702 πορνείαν
842 3630 905 3686 G.
931 3630 1002 3685 Μ.
1078 3632 1122 3663 ⁷⁷
1161 3630 1368 3702 ἐκείνῃ]
1404 3632 1577 3703 ταύτῃ
1605 3630 1669 3685 Κ.

1936 3865 2182 3918 OMIAIA
2212 3867 2348 3933 οφ.

374 3992 514 4076 Τότε
535 3993 588 4076 οξ
610 3988 791 4076 ὲνςτὶἰ
812 3988 1093 4076 νἰουδαίᾳ,
1128 3988 1514 4076 φευγέτωσαν
1540 3990 1626 4074 εἰς
1657 3988 1729 4043 τὰ
1748 3989 1866 4076 ⁸ὅρη
1886 4006 1900 4019 ·
1927 3990 2025 4070 καί

438 4060 587 4115 όὲπί
610 4060 715 4113 τοῦ
749 4053 1054 4129 ’δώματος-,⁷
1073 4053 1157 4126 μὴ
1197 4053 1500 4129 καταϐάτω
1539 4053 1671 4126 ἆραι
1700 4053 1871 4129 τᾲ
1915 4060 2026 4127 τῆς

438 4131 630 4193 οίκίας
648 4126 872 4183 αὐτοῦ’·
895 4129 992 4182 καὶ
1021 4132 1052 4181 ό
1075 4130 1143 4181 ἐν
1178 4128 1259 4197 τξῷ
1292 4126 1449 4197 ἀγρῷ
1490 4130 1697 4195 αὑτοῦ,
1720 4127 1766 4160 ⁷⁸
1801 4128 1886 4197 μὴ
1909 4126 2028 4182 ἐπι-

434 4192 747 4267 στρεψάτω
764 4201 849 4263 είς
868 4199 938 4251 τὰ
967 4200 1161 4251 ὀπίσω
1186 4192 1321 4263 ἆραι
1341 4192 1425 4251 ’τὰ
1452 4198 1650 4267 ἱμάτια
1673 4192 1887 4253 αὺτὸῦζ

438 4299 505 4351 α’.
538 4296 720 4350 Εἰπὼν
754 4295 883 4365 περ)⁵
912 4295 1018 4347 τῶν
1051 4294 1237 4348 κακῶν
1268 4296 1375 4348 τῶν
1397 4293 1496 4365 τὴν
1527 4296 1683 4349 πόλιν
1712 4296 2025 4367 καταληψο-

371 4377 568 4446 μένων,
598 4375 693 4428 καὶ
739 4375 845 4427 τῶν
878 4374 1197 4444 πειρασμῶν
1225 4374 1330 4427 τῶν
1377 4375 1765 4438 ἁποστολικῶν,
1812 4380 1906 4428 καὶ
1944 4377 2027 4428 ὅτι

366 4454 653 4523 ἀχείρωτοι
684 4451 922 4521 μενοῦσι,
953 4452 1045 4503 καὶ
1075 4453 1253 4505 πᾶσαν
1281 4452 1697 4522 διαδραμοῦνται
1718 4454 1817 4525 τὴν
1849 4456 2028 4508 οίκου-

371 4534 558 4603 μένην,
593 4531 739 4599 λέγει
770 4532 928 4583 πάλιν
960 4531 1060 4594 τὰς
1113 4531 1405 4595 Ἰουδαῖκάς
1454 4533 1771 4603 συμφορὰς,
1814 4534 2027 4598 δεικνὺς

366 4614 451 4664 δτι
475 4613 599 4664 ὅταν
630 4604 760 4663 ὦσιν
780 4603 925 4662 οὗτοι
956 4610 1218 4681 λαμπροὶ,
1240 4612 1336 4682 τὴν
1366 4613 1684 4683 οἰκουμένην
1725 4614 2027 4679 διδάξαντες

371 4692 605 4753 ἃπασαν,
631 4690 751 4743 τότε
782 4690 974 4743 ἐκεῖνοι
1005 4691 1060 4742 ἐν
1087 4694 1407 4760 συμφοραῖς.
1431 4692 1538 4744 Kal
1560 4694 1659 4764 ὅρα
1681 4693 1795 4755 πῶς
1828 4693 2029 4764 διηγεῖσ-

368 4786 455 4821 ται
484 4769 575 4821 τὸν
608 4769 862 4837 πόλεμον,
896 4768 984 4820 διὰ
1020 4768 1127 4820 τῶν
1156 4768 1452 4823 δοκούντων
1481 4766 1619 4823 εἶναι
1655 4771 1863 4841 μικρῶν
1891 4789 2029 4843 παρ-

370 4847 531 4899 ιστῶν
568 4847 730 4900 αὑτοῦ
760 4846 818 4899 τὸ
844 4846 1137 4917 ἀφόρητον.
1172 4848 1307 4900 Τότε
1342 4848 1470 4919 γὰρ,
1515 4850 1698 4918 φησὶν,
1756 4853 1809 4904 οἱ
1853 4852 1922 4904 ἐν
1953 4851 2029 4920 τῇ

380 4926 659 4992 Ἰουδαίᾳ,
699 4924 1082 4994 φευγέτωσαν
1106 4927 1193 4991 είς
1214 4927 1286 4980 τὰ
1330 4926 1456 4994 ὅρη.
1494 4926 1643 4999 [752]
1679 4931 1833 4992 Τότε,
1860 4930 2025 4997 πότε;

373 5006 538 5058 Ὅταν
570 5002 741 5056 ταῦτα
771 5003 1013 5073 γένηται,
1036 5004 1164 5056 ὅταν
1192 5004 1252 5056 τὸ
1283 5003 1553 5075 βδέλυγμα
1579 5008 1678 5076 τῆς
1698 5008 2028 5078 ἐρημώσεως

373 5084 471 5153 στῇ
499 5082 558 5134 ἐν
588 5082 733 5151 τόπῳ
765 5080 922 5150 ἁγίῳ.
972 5080 1133 5134 Ὅθεν
1180 5098 1267 5151 μοι
1293 5081 1441 5135 δοκεῖ
1473 5084 1541 5137 τά
1590 5086 1921 5153 στρατόπεδα
1945 5086 2031 5138 λέ-

370 5179 510 5228 γειν.
540 5160 771 5227 Φεύγετε
811 5160 989 5213 τοίνυν
1012 5160 1132 5212 τότε
1155 5200 1169 5224 ,
1218 5161 1378 5230 φησίν
1404 5176 1417 5191 ·
1453 5162 1675 5233 οὐδεμία
1712 5165 1817 5234 γὰρ
1845 5164 2032 5218 λοιπὸν

372 5242 525 5303 ἐλπὶς
560 5239 825 5309 σωτηρίας
850 5239 996 5308 ὑμῖν.
1042 5238 1259 5309 Ἐπειδὴ
1291 5238 1399 5309 γὰρ
1423 5243 1619 5311 συνέϐη
1648 5242 1903 5305 πολλάκις
1931 5246 2029 5295 αὖ-

370 5323 497 5384 τοὺς
533 5320 840 5385 ἀνενεγκεῖν
868 5318 925 5368 ἐν
960 5318 1212 5389 πολέμοις
1246 5318 1519 5389 χαλεποῖς,
1551 5317 1663 5375 οἷον
1690 5323 1781 5374 ἐπὶ
1815 5321 1906 5374 τοῦ
1931 5324 2029 5375 Σε-

372 5418 507 5470 ναχη
518 5399 661 5470 ρεὶμ,
690 5397 781 5449 ἐπὶ
821 5396 1089 5466 Ἀντιόχου
1110 5397 1269 5451 πάλιν
1289 5415 1302 5429 ο
1336 5399 1580 5471 (καὶγὰρ
1608 5402 1700 5454 καὶ
1721 5402 1838 5454 τότε
1862 5418 2028 5470 στρα-

371 5479 609 5531 τοπέδων
637 5476 1051 5529 ἐπεισελθόντων
1077 5478 1170 5531 καὶ
1194 5476 1286 5530 τοῦ
1314 5479 1443 5533 ναοῦ
1467 5480 2025 5551 προκαταληφθέντος,

372 5558 771 5626 συστραφέντες
790 5556 839 5607 οἱ
866 5556 1210 5610 Μακκαϐαἰοι
1243 5559 1575 5631 μετέστησαν
1604 5562 1683 5624 είς
1706 5560 1768 5613 τὸ
1789 5562 2029 5615 ἐναντίον

372 5637 442 5690 τὰ
477 5638 838 5706 πράγματα’)
869 5634 953 5686 ἵνα
983 5631 1073 5687 οῦν
1104 5635 1179 5707 μὴ
1230 5638 1323 5689 καὶ
1355 5638 1449 5693 νῦν
1481 5640 1639 5694 τοῦτο
1676 5642 2028 5697 ὑποπτεύσω-

445 5765 490 5836 ἰς
526 5762 688 5817 αὐτοῦ
707 5778 814 5836 om.
853 5759 911 5836 ις
951 5761 986 5813 2
1014 5762 1222 5836 Μρδίὶίιο

375 5903 467 5956 dd.

2130 4008 2237 4052 σιν.
2269 3993 2348 4045 δτι
2376 3992 2527 4046 ἔσται
2571 4009 2655 4056 τις
2700 3994 2972 4067 μεταϐολὴ
3005 3995 3249 4066 τοιαύτη,
3310 3997 3417 4051 πᾶν
3460 3996 3520 4050 τὸ
3549 3999 3790 4053 τοιοῦτον

2127 4071 2307 4135 αὐτοῖς
2336 4072 2686 4144 ἀπαγορεύει.
2733 4075 3039 4146 Ἀγαπητὸν
3058 4076 3186 4147 γὰρ.
3220 4076 3370 4147 φησὶ,
3411 4076 3470 4129 τὸ
3494 4078 3682 4147 γυμνῷ
3708 4079 3790 4149 τῷ

2129 4150 2340 4221 σώματι
2385 4155 2622 4224 σωθῆναι
2676 4155 2880 4210 λοιπόν.
2936 4156 3035 4210 Διά
3087 4157 3242 4210 τοῦτο
3275 4156 3369 4209 καὶ
3396 4157 3522 4221 τοὺς
3564 4158 3657 4211 ἐπὶ
3678 4160 3788 4212 τῶν

2126 4231 2390 4301 δωμάτων
2420 4234 2515 4286 ούκ
2540 4234 2763 4305 ἀφίησιν
2812 4237 2891 4299 εἰς
2924 4235 3021 4307 τὴν
3050 4237 3228 4289 οὶκίαν
3257 4235 3517 4288 εἰσελθεῖν
3546 4237 3611 4302 ⁷⁸,
3645 4237 3788 4292 ὥστε

2128 4308 2255 4379 ἆραι
2281 4311 2347 4364 τὰ
2375 4313 2584 4381 ἱμάτια,
2615 4313 2684 4365 τά
2709 4314 2955 4381 ἁφευκτα
2981 4316 3153 4386 δηλῶν
3194 4316 3339 4369 κακὰ
3362 4355 3377 4380 ,
3410 4315 3503 4369 καὶ
3526 4316 3623 4388 τὴν
3655 4319 3791 4371 ἀπέ-

2129 4405 2319 4458 ραντον
2349 4390 2629 4461 συμφοράν
2652 4408 2667 4423 ο
2697 4393 2790 4445 καὶ
2819 4395 2900 4446 ὅτι
2928 4394 3017 4446 τὸν
3063 4396 3373 4464 ἐμπεσόντα
3419 4395 3626 4466 ἀνάγκη
3660 4398 3792 4451 πάν-

2127 4484 2234 4531 τως
2263 4469 2574 4521 ἁπολέσθαι.
2609 4470 2706 4523 Διά
2733 4472 2889 4524 τοῦτο
2916 4473 3008 4525 καὶ
3032 4473 3122 4526 τὸν
3153 4475 3210 4525 ἐν
3255 4472 3333 4543 τῷ
3354 4474 3525 4545 ἀγρῷ
3561 4478 3788 4545 προστί-

2129 4545 2253 4614 θησι
2287 4547 2479 4615 λέγων.
2506 4548 2669 4614 Μηδὲ
2698 4545 2875 4614 οὗτος
2900 4550 3313 4619 ἐπιστρεψάτω
3334 4544 3469 4619 ἆραι
3496 4553 3540 4583 ⁸ο
3573 4556 3641 4607 τὰ
3660 4555 3789 4622 lyd-

2127 4642 2222 4704 τια
2243 4626 2444 4679 αὑτοῦ.
2476 4628 2535 4679 Et
2561 4627 2669 4698 γὰρ
2709 4629 2757 4680 οί
2783 4628 2923 4681 ἔνδον
2952 4630 3103 4693 ὄντες
3133 4630 3412 4699 φεύγουσι.
3442 4632 3620 4703 πολλῷ
3654 4634 3791 4704 μᾶλ-

2129 4702 2217 4754 λον
2242 4706 2363 4766 τοὺς
2384 4703 2580 4768 ἔξωθεν
2611 4708 2670 4758 ού
2702 4708 2806 4777 χρὴ
2846 4708 3209 4775 καταφεύγειν
3235 4710 3367 4762 ἐκεῖ.
3406 4711 3546 4764 Οὐαί
3569 4702 3636 4763 δὲ
3656 4702 3791 4778 ταῖς

2129 4780 2199 4832 ἐν
2227 4784 2434 4850 γαστρί
2487 4784 2770 4852 ἐχούσαις
2810 4784 2909 4840 καὶ
2964 4786 3090 4849 ταῖς
3116 4786 3510 4852 θηλαζούσαις
3554 4789 3597 4821 ⁶¹
3624 4807 3639 4821 ’
3670 4794 3790 4855 ταῖς

2133 4858 2250 4928 μὲν,
2282 4859 2367 4911 διὰ
2392 4860 2451 4913 τὸ
2488 4861 2818 4933 νωθρότερον
2848 4864 2942 4916 καὶ
2980 4863 3039 4916 τὺ
3075 4865 3147 4934 μὴ
3191 4864 3448 4919 δύνασθαι
3495 4868 3715 4937 φεύγειν
3744 4872 3788 4902 ⁸⁸

2130 4937 2382 5001 εὐκόλως,
2418 4938 2494 5007 τῷ
2524 4940 2725 5011 φορτίῳ
2748 4942 2847 5010 τῆς
2873 4942 3119 5010 κυήσεως
3159 4942 3498 5014 βαρουμένας
3525 4961 3537 4973 ’
3572 4949 3689 5010 ταῖς
3709 4947 3789 5014 δὲ,

2130 5015 2219 5069 διὰ
2242 5016 2299 5068 τὸ
2320 5016 2501 5086 δεσμῷ
2546 5018 2871 5088 κατέχεσθαι
2896 5018 2974 5088 τῷ
3002 5021 3100 5087 τῆς
3131 5022 3473 5091 συμπαθείας
3504 5024 3611 5077 τῶν
3658 5042 3790 5079 παι-

2130 5094 2274 5177 δίων,
2297 5096 2403 5177 καί
2426 5096 2777 5166 μὴδύνασθαι
2800 5098 3183 5161 συνδιασώζειν
3206 5100 3273 5153 τά
3299 5100 3617 5170 θηλάςοντα.
3638 5106 3680 5157 Χ
3689 5123 3790 5177 ρηο

2136 5175 2318 5258 μάτων
2329 5175 2450 5258 Δμὲν
2481 5177 2589 5258 γὰρ
2612 5177 2721 5258 ,καὶ
2749 5177 3408 5258 ’καταφρονῆσαιᾲεῠκολον
3436 5183 3528 5234 καὶ⁵
3557 5175 3759 5258 προνοῆ

2135 5268 2223 5304 σαι
2255 5253 2453 5324 ῥᾴδιον,
2484 5256 2577 5307 καὶ
2608 5255 2835 5325 ἱματίων
2856 5270 2870 5284 ·
2898 5256 2967 5308 τά
2999 5256 3055 5309 δὲ
3086 5256 3193 5308 ἀπὸ
3214 5258 3315 5328 τῆς
3340 5258 3555 5328 φύσεως
3582 5264 3694 5327 πιῖις
3724 5253 3788 5318 ἄν

2132 5346 2216 5413 τις
2243 5330 2522 5413 διαφύγομ
2548 5331 2665 5413 πῶς
2695 5333 2760 5386 ἂν
2788 5334 2821 5403 ἡ
2849 5332 3043 5413 ἐγκυος
3064 5335 3273 5403 γένοιτο
3295 5337 3502 5409 κούφης
3528 5341 3645 5404 πῶς
3674 5342 3735 5396 δὲ
3757 5347 3790 5413 ἠ

2131 5406 2438 5476 θηλάζουσα
2464 5409 2749 5481 δυνήσεται
2774 5410 2868 5463 τοῦ
2891 5412 3170 5482 τεχθέντος
3197 5406 3501 5487 ὑπεριδεῖνς
3525 5415 3657 5475 Εἶτα
3686 5406 3794 5476 πάλ
3838 5432 3843 5435 ⁷

2131 5488 2214 5541 λιν
2241 5489 2451 5571 δεικνὺς
2471 5490 2529 5543 τὺ
2552 5490 2779 5560 μέγεθος
2804 5492 2903 5562 τῆς
2931 5498 3242 5567 συμφορᾶς,
3275 5498 3437 5568 φησί·
3456 5502 3787 5571 Προσεύχεο

2133 5572 2263 5650 σθε,
2296 5569 2493 5639 ἵναμὴ
2523 5573 2761 5638 γένηται
2790 5573 2828 5640 ἠ
2853 5574 3014 5643 φυγὴ
3045 5574 3211 5644 ὑμῶν
3256 5577 3325 5630 ὲν
3350 5579 3609 5649 χειμῶνι,
3642 5569 3790 5650 μὴίδὲ

2132 5646 2198 5701 ἐν
2238 5651 2527 5714 σαϐϐάτῳ.
2582 5651 2793 5705 Ἔσται
2839 5652 2947 5723 γὰρ
2974 5656 3108 5709 τότε
3149 5646 3653 5728 θλῖψιςη
3694 5646 3792 5716 οῖα

1324 5767 1367 5800 "’
1407 5768 1684 5822 κατελθεῖν
1709 5768 1772 5824 L.
1845 5771 1891 5803 ⁸ο
1933 5768 2023 5859 ἆρε

1324 5839 1333 5859 Ι
1377 5836 1557 5859 _‘-.',--__
1599 5838 1617 5859 Ἰ
1645 5840 1727 5859 σου
1775 5839 1815 5859 ΙΙ
1870 5840 1911 5859 17
1977 5856 1982 5859 .
2018 5858 2021 5859 ,

2124 5774 2212 5859 δίς
2237 5773 2335 5859 Ei):
2376 5783 2430 5828 et
2453 5777 2629 5859 _codd._
2658 5778 2842 5832 λαϐεῖν
2872 5778 3004 5859 ΕόςΙ.
3082 5782 3792 5859 ’ί-θηλαζούσαςῙεάάηέν

374 5832 610 5914 ἐκείναις
637 5835 755 5899 ταῖς
800 5832 1031 5905 ἡμέραις
1059 5833 1122 5892 ΙΙ.
1150 5832 1213 5893 Ε.
1286 5838 1333 5869 ⁸¹
1374 5836 1619 5912 φεύγειν]
1644 5840 1735 5897 Sic
1772 5839 1836 5896 H.
1870 5840 1934 5895 Κ.
1955 5832 2050 5914 Ep.

2128 5844 2241 5900 ulh.
2263 5843 2505 5916 Theoph.
2544 5850 2703 5921 vulgo
2723 5852 3107 5921 καταφεύγειν.
3136 5843 3257 5910 Μοί
3294 5843 3654 5928 βαρουμέναις
3687 5843 3789 5930 Ει).
