  <div class='ocr_page' id='page_1' title='image "/cluster/home/n/w/nwhite01/storage/ocr_20150623/58/nnc1.0046979956/234.png"; bbox 0 0 4130 6374; ppageno 0'>
   <div class='ocr_carea' id='block_1_1' title="bbox 347 395 454 448">
    <p class='ocr_par' dir='ltr' id='par_1_1' title="bbox 347 395 454 448">
     <span class='ocr_line' id='line_1_1' title="bbox 347 395 454 448; baseline 0 -1"><span class='ocrx_word' id='word_1_1' title='bbox 347 395 454 448; x_wconf 76' lang='lat'><strong>693</strong></span> 
     </span>
    </p>
   </div>
   <div class='ocr_carea' id='block_1_2' title="bbox 353 505 1936 581">
    <p class='ocr_par' dir='ltr' id='par_1_2' title="bbox 353 505 1936 581">
     <span class='ocr_line' id='line_1_2' title="bbox 353 505 1936 581; baseline -0.007 -16"><span class='ocrx_word' id='word_1_2' title='bbox 353 519 625 581; x_wconf 81' lang='lat' dir='ltr'><strong>peccatum</strong></span> <span class='ocrx_word' id='word_1_3' title='bbox 650 550 666 573; x_wconf 91' lang='lat'><strong>,</strong></span> <span class='ocrx_word' id='word_1_4' title='bbox 697 508 974 563; x_wconf 90' lang='lat' dir='ltr'><strong>fornicatio</strong></span> <span class='ocrx_word' id='word_1_5' title='bbox 1005 524 1020 560; x_wconf 85' lang='lat'><strong>:</strong></span> <span class='ocrx_word' id='word_1_6' title='bbox 1050 516 1103 561; x_wconf 88' lang='lat' dir='ltr'><strong>et</strong></span> <span class='ocrx_word' id='word_1_7' title='bbox 1131 505 1409 561; x_wconf 89' lang='lat' dir='ltr'><strong>considera</strong></span> <span class='ocrx_word' id='word_1_8' title='bbox 1436 514 1564 575; x_wconf 86' lang='lat' dir='ltr'><strong>quot</strong></span> <span class='ocrx_word' id='word_1_9' title='bbox 1588 518 1781 574; x_wconf 88' lang='lat' dir='ltr'><strong>genera</strong></span> <span class='ocrx_word' id='word_1_10' title='bbox 1812 517 1936 570; x_wconf 86' lang='lat' dir='ltr'><strong>sup-</strong></span> 
     </span>
    </p>
   </div>
   <div class='ocr_carea' id='block_1_3' title="bbox 352 593 1930 672">
    <p class='ocr_par' dir='ltr' id='par_1_3' title="bbox 352 593 1930 672">
     <span class='ocr_line' id='line_1_3' title="bbox 352 593 1930 672; baseline -0.008 -14"><span class='ocrx_word' id='word_1_11' title='bbox 352 604 627 672; x_wconf 89' lang='lat' dir='ltr'><strong>pliciorum</strong></span> <span class='ocrx_word' id='word_1_12' title='bbox 655 609 960 662; x_wconf 82' lang='lat' dir='ltr'><strong>occurram,</strong></span> <span class='ocrx_word' id='word_1_13' title='bbox 992 614 1100 651; x_wconf 92' lang='lat' dir='ltr'><strong>non</strong></span> <span class='ocrx_word' id='word_1_14' title='bbox 1125 613 1155 651; x_wconf 92' lang='lat' dir='ltr'><strong>a</strong></span> <span class='ocrx_word' id='word_1_15' title='bbox 1184 597 1338 653; x_wconf 90' lang='lat' dir='ltr'><strong>nobis</strong></span> <span class='ocrx_word' id='word_1_16' title='bbox 1364 595 1542 659; x_wconf 81' lang='lat' dir='ltr'><strong>allata,</strong></span> <span class='ocrx_word' id='word_1_17' title='bbox 1566 595 1659 649; x_wconf 92' lang='lat' dir='ltr'><strong>sed</strong></span> <span class='ocrx_word' id='word_1_18' title='bbox 1686 610 1755 648; x_wconf 79' lang='lat' dir='ltr'><strong>ex</strong></span> <span class='ocrx_word' id='word_1_19' title='bbox 1788 593 1930 648; x_wconf 84' lang='lat' dir='ltr'><strong>Scri-</strong></span> 
     </span>
    </p>
   </div>
   <div class='ocr_carea' id='block_1_4' title="bbox 351 686 1927 762">
    <p class='ocr_par' dir='ltr' id='par_1_4' title="bbox 351 686 1927 762">
     <span class='ocr_line' id='line_1_4' title="bbox 351 686 1927 762; baseline -0.006 -16"><span class='ocrx_word' id='word_1_20' title='bbox 351 694 518 762; x_wconf 88' lang='lat' dir='ltr'><strong>pturis</strong></span> <span class='ocrx_word' id='word_1_21' title='bbox 544 692 843 760; x_wconf 85' lang='lat' dir='ltr'><strong>desumpta.</strong></span> <span class='ocrx_word' id='word_1_22' title='bbox 874 688 931 745; x_wconf 88' lang='lat' dir='ltr'><strong>Si</strong></span> <span class='ocrx_word' id='word_1_23' title='bbox 965 689 1086 759; x_wconf 87' lang='lat' dir='ltr'><strong>quis</strong></span> <span class='ocrx_word' id='word_1_24' title='bbox 1131 698 1255 743; x_wconf 98' lang='lat' dir='ltr'><strong>ante</strong></span> <span class='ocrx_word' id='word_1_25' title='bbox 1302 690 1470 757; x_wconf 91' lang='lat' dir='ltr'><strong>legem</strong></span> <span class='ocrx_word' id='word_1_26' title='bbox 1510 686 1798 741; x_wconf 77' lang='lat' dir='ltr'><strong>fornicatus</strong></span> <span class='ocrx_word' id='word_1_27' title='bbox 1826 691 1927 745; x_wconf 85' lang='lat' dir='ltr'><strong>est,</strong></span> 
     </span>
    </p>
   </div>
   <div class='ocr_carea' id='block_1_5' title="bbox 350 776 1930 851">
    <p class='ocr_par' dir='ltr' id='par_1_5' title="bbox 350 776 1930 851">
     <span class='ocr_line' id='line_1_5' title="bbox 350 776 1930 851; baseline -0.005 -13"><span class='ocrx_word' id='word_1_28' title='bbox 350 786 455 840; x_wconf 88' lang='lat' dir='ltr'><strong>alio</strong></span> <span class='ocrx_word' id='word_1_29' title='bbox 492 783 651 838; x_wconf 92' lang='lat' dir='ltr'><strong>modo</strong></span> <span class='ocrx_word' id='word_1_30' title='bbox 679 782 998 851; x_wconf 85' lang='lat' dir='ltr'><strong>supplicium</strong></span> <span class='ocrx_word' id='word_1_31' title='bbox 1029 782 1159 846; x_wconf 90' lang='lat' dir='ltr'><strong>luit;</strong></span> <span class='ocrx_word' id='word_1_32' title='bbox 1192 780 1243 835; x_wconf 91' lang='lat' dir='ltr'><strong>id</strong></span> <span class='ocrx_word' id='word_1_33' title='bbox 1269 780 1462 835; x_wconf 85' lang='lat' dir='ltr'><strong>Paulus</strong></span> <span class='ocrx_word' id='word_1_34' title='bbox 1485 779 1718 833; x_wconf 79' lang='lat' dir='ltr'><strong>ostendit</strong></span> <span class='ocrx_word' id='word_1_35' title='bbox 1747 793 1762 829; x_wconf 87' lang='lat'><strong>:</strong></span> <span class='ocrx_word' id='word_1_36' title='bbox 1803 776 1930 838; x_wconf 83' lang='lat' dir='ltr'><strong>Qui-</strong></span> 
     </span>
    </p>
   </div>
   <div class='ocr_carea' id='block_1_6' title="bbox 350 868 1928 947">
    <p class='ocr_par' dir='ltr' id='par_1_6' title="bbox 350 868 1928 947">
     <span class='ocr_line' id='line_1_6' title="bbox 350 868 1928 947; baseline -0.006 -16"><span class='ocrx_word' id='word_1_37' title='bbox 350 894 560 947; x_wconf 84' lang='lat' dir='ltr'><strong>cumque</strong></span> <span class='ocrx_word' id='word_1_38' title='bbox 585 877 692 931; x_wconf 88' lang='lat' dir='ltr'><strong>siue</strong></span> <span class='ocrx_word' id='word_1_39' title='bbox 717 877 825 946; x_wconf 83' lang='lat' dir='ltr'><strong>lege</strong></span> <span class='ocrx_word' id='word_1_40' title='bbox 850 886 1196 945; x_wconf 87' lang='lat' dir='ltr'><strong>peccaverunt,</strong></span> <span class='ocrx_word' id='word_1_41' title='bbox 1216 874 1326 929; x_wconf 88' lang='lat' dir='ltr'><strong>sine</strong></span> <span class='ocrx_word' id='word_1_42' title='bbox 1350 874 1459 944; x_wconf 84' lang='lat' dir='ltr'><strong><em>lege</em></strong></span> <span class='ocrx_word' id='word_1_43' title='bbox 1482 869 1711 943; x_wconf 83' lang='lat' dir='ltr'><strong>peribunt</strong></span> <span class='ocrx_word' id='word_1_44' title='bbox 1740 868 1928 942; x_wconf 78' lang='lat' dir='ltr'><strong>(Rom.</strong></span> 
     </span>
    </p>
   </div>
   <div class='ocr_carea' id='block_1_7' title="bbox 349 963 1931 1039">
    <p class='ocr_par' dir='ltr' id='par_1_7' title="bbox 349 963 1931 1039">
     <span class='ocr_line' id='line_1_7' title="bbox 349 963 1931 1039; baseline -0.007 -15"><span class='ocrx_word' id='word_1_45' title='bbox 349 973 404 1024; x_wconf 63' lang='grc' dir='ltr'><strong>εὶ.</strong></span> <span class='ocrx_word' id='word_1_46' title='bbox 439 969 567 1039; x_wconf 77' lang='lat' dir='ltr'><strong>I2).</strong></span> <span class='ocrx_word' id='word_1_47' title='bbox 610 966 925 1023; x_wconf 81' lang='lat' dir='ltr'><strong>Fornicatus</strong></span> <span class='ocrx_word' id='word_1_48' title='bbox 948 977 1032 1021; x_wconf 90' lang='lat' dir='ltr'><strong>est</strong></span> <span class='ocrx_word' id='word_1_49' title='bbox 1057 970 1176 1038; x_wconf 88' lang='lat' dir='ltr'><strong>quis</strong></span> <span class='ocrx_word' id='word_1_50' title='bbox 1204 976 1325 1037; x_wconf 87' lang='lat' dir='ltr'><strong>post</strong></span> <span class='ocrx_word' id='word_1_51' title='bbox 1349 965 1542 1035; x_wconf 85' lang='lat' dir='ltr'><strong>legem.</strong></span> <span class='ocrx_word' id='word_1_52' title='bbox 1562 963 1803 1035; x_wconf 79' lang='lat' dir='ltr'><strong>graviora</strong></span> <span class='ocrx_word' id='word_1_53' title='bbox 1834 976 1931 1032; x_wconf 80' lang='lat' dir='ltr'><strong>pa-</strong></span> 
     </span>
    </p>
   </div>
   <div class='ocr_carea' id='block_1_8' title="bbox 353 1053 1932 1129">
    <p class='ocr_par' dir='ltr' id='par_1_8' title="bbox 353 1053 1932 1129">
     <span class='ocr_line' id='line_1_8' title="bbox 353 1053 1932 1129; baseline -0.003 -18"><span class='ocrx_word' id='word_1_54' title='bbox 353 1061 511 1115; x_wconf 88' lang='lat' dir='ltr'><strong>tietur</strong></span> <span class='ocrx_word' id='word_1_55' title='bbox 541 1078 553 1115; x_wconf 94' lang='lat'>:</span> <span class='ocrx_word' id='word_1_56' title='bbox 589 1059 843 1129; x_wconf 79' lang='lat' dir='ltr'><strong>Quotquot</strong></span> <span class='ocrx_word' id='word_1_57' title='bbox 876 1059 1007 1112; x_wconf 89' lang='lat' dir='ltr'><strong>enim</strong></span> <span class='ocrx_word' id='word_1_58' title='bbox 1047 1059 1099 1111; x_wconf 91' lang='lat' dir='ltr'><strong>in</strong></span> <span class='ocrx_word' id='word_1_59' title='bbox 1140 1057 1247 1128; x_wconf 85' lang='lat' dir='ltr'><strong>lege</strong></span> <span class='ocrx_word' id='word_1_60' title='bbox 1273 1064 1633 1125; x_wconf 83' lang='lat' dir='ltr'><strong>peccaverunt,</strong></span> <span class='ocrx_word' id='word_1_61' title='bbox 1662 1070 1750 1124; x_wconf 89' lang='lat' dir='ltr'><strong>per</strong></span> <span class='ocrx_word' id='word_1_62' title='bbox 1775 1053 1932 1123; x_wconf 86' lang='lat' dir='ltr'><strong>legem</strong></span> 
     </span>
    </p>
   </div>
   <div class='ocr_carea' id='block_1_9' title="bbox 346 1144 1931 1222">
    <p class='ocr_par' dir='ltr' id='par_1_9' title="bbox 346 1144 1931 1222">
     <span class='ocr_line' id='line_1_9' title="bbox 346 1144 1931 1222; baseline -0.008 -14"><span class='ocrx_word' id='word_1_63' title='bbox 346 1153 737 1222; x_wconf 57' lang='lat' dir='ltr'><strong>judicabitntur.</strong></span> <span class='ocrx_word' id='word_1_64' title='bbox 760 1150 1068 1206; x_wconf 83' lang='lat' dir='ltr'><strong>Fornicatus</strong></span> <span class='ocrx_word' id='word_1_65' title='bbox 1115 1158 1195 1204; x_wconf 89' lang='lat' dir='ltr'><strong>est</strong></span> <span class='ocrx_word' id='word_1_66' title='bbox 1220 1149 1339 1217; x_wconf 87' lang='lat' dir='ltr'><strong>quis</strong></span> <span class='ocrx_word' id='word_1_67' title='bbox 1365 1146 1636 1210; x_wconf 87' lang='lat' dir='ltr'><strong>sacerdos,</strong></span> <span class='ocrx_word' id='word_1_68' title='bbox 1666 1161 1732 1199; x_wconf 81' lang='lat' dir='ltr'><strong>ex</strong></span> <span class='ocrx_word' id='word_1_69' title='bbox 1758 1144 1931 1214; x_wconf 85' lang='lat' dir='ltr'><strong>digni-</strong></span> 
     </span>
    </p>
   </div>
   <div class='ocr_carea' id='block_1_10' title="bbox 352 1236 1931 1310">
    <p class='ocr_par' dir='ltr' id='par_1_10' title="bbox 352 1236 1931 1310">
     <span class='ocr_line' id='line_1_10' title="bbox 352 1236 1931 1310; baseline -0.004 -13"><span class='ocrx_word' id='word_1_70' title='bbox 352 1254 456 1299; x_wconf 88' lang='lat' dir='ltr'><strong>tate</strong></span> <span class='ocrx_word' id='word_1_71' title='bbox 480 1243 896 1298; x_wconf 84' lang='lat' dir='ltr'><strong>additamentum</strong></span> <span class='ocrx_word' id='word_1_72' title='bbox 925 1256 1096 1310; x_wconf 68' lang='lat' dir='ltr'><strong>preme</strong></span> <span class='ocrx_word' id='word_1_73' title='bbox 1121 1240 1314 1309; x_wconf 91' lang='lat' dir='ltr'><strong>accipit</strong></span> <span class='ocrx_word' id='word_1_74' title='bbox 1337 1239 1645 1293; x_wconf 86' lang='lat' dir='ltr'><strong>maximum.</strong></span> <span class='ocrx_word' id='word_1_75' title='bbox 1668 1236 1791 1291; x_wconf 90' lang='lat' dir='ltr'><strong>Ideo</strong></span> <span class='ocrx_word' id='word_1_76' title='bbox 1816 1237 1931 1290; x_wconf 79' lang='lat' dir='ltr'><strong>aliae</strong></span> 
     </span>
    </p>
   </div>
   <div class='ocr_carea' id='block_1_11' title="bbox 352 1330 1932 1406">
    <p class='ocr_par' dir='ltr' id='par_1_11' title="bbox 352 1330 1932 1406">
     <span class='ocr_line' id='line_1_11' title="bbox 352 1330 1932 1406; baseline -0.005 -18"><span class='ocrx_word' id='word_1_77' title='bbox 352 1336 540 1406; x_wconf 77' lang='lat' dir='ltr'><strong>puellae.</strong></span> <span class='ocrx_word' id='word_1_78' title='bbox 598 1334 920 1389; x_wconf 89' lang='lat' dir='ltr'><strong>foruicantes</strong></span> <span class='ocrx_word' id='word_1_79' title='bbox 971 1331 1384 1396; x_wconf 85' lang='lat' dir='ltr'><strong>occidebantur;</strong></span> <span class='ocrx_word' id='word_1_80' title='bbox 1428 1330 1761 1384; x_wconf 85' lang='lat' dir='ltr'><strong>sacerdotum</strong></span> <span class='ocrx_word' id='word_1_81' title='bbox 1803 1343 1932 1382; x_wconf 91' lang='lat' dir='ltr'><strong>vero</strong></span> 
     </span>
    </p>
   </div>
   <div class='ocr_carea' id='block_1_12' title="bbox 352 1421 1933 1491">
    <p class='ocr_par' dir='ltr' id='par_1_12' title="bbox 352 1421 1933 1491">
     <span class='ocr_line' id='line_1_12' title="bbox 352 1421 1933 1491; baseline -0.006 -11"><span class='ocrx_word' id='word_1_82' title='bbox 352 1429 473 1482; x_wconf 68' lang='lat' dir='ltr'><strong>tiliae</strong></span> <span class='ocrx_word' id='word_1_83' title='bbox 499 1425 983 1491; x_wconf 87' lang='lat' dir='ltr'><strong>comburebantur,</strong></span> <span class='ocrx_word' id='word_1_84' title='bbox 1023 1431 1353 1479; x_wconf 76' lang='lat' dir='ltr'><strong>monstrante</strong></span> <span class='ocrx_word' id='word_1_85' title='bbox 1396 1421 1699 1491; x_wconf 86' lang='lat' dir='ltr'><strong>legislatore</strong></span> <span class='ocrx_word' id='word_1_86' title='bbox 1739 1431 1933 1489; x_wconf 84' lang='lat' dir='ltr'><strong>quanta</strong></span> 
     </span>
    </p>
   </div>
   <div class='ocr_carea' id='block_1_13' title="bbox 353 1510 1929 1588">
    <p class='ocr_par' dir='ltr' id='par_1_13' title="bbox 353 1510 1929 1588">
     <span class='ocr_line' id='line_1_13' title="bbox 353 1510 1929 1588; baseline -0.008 -13"><span class='ocrx_word' id='word_1_87' title='bbox 353 1534 507 1588; x_wconf 79' lang='lat' dir='ltr'><strong>ptena</strong></span> <span class='ocrx_word' id='word_1_88' title='bbox 530 1517 796 1573; x_wconf 85' lang='lat' dir='ltr'><strong>sacerdoti</strong></span> <span class='ocrx_word' id='word_1_89' title='bbox 819 1517 885 1570; x_wconf 89' lang='lat' dir='ltr'><strong>ita</strong></span> <span class='ocrx_word' id='word_1_90' title='bbox 910 1515 1148 1587; x_wconf 88' lang='lat' dir='ltr'><strong>peccanti</strong></span> <span class='ocrx_word' id='word_1_91' title='bbox 1167 1514 1467 1570; x_wconf 87' lang='lat' dir='ltr'><strong>immineret</strong></span> <span class='ocrx_word' id='word_1_92' title='bbox 1489 1529 1502 1566; x_wconf 90' lang='lat'><strong>:</strong></span> <span class='ocrx_word' id='word_1_93' title='bbox 1526 1526 1648 1566; x_wconf 88' lang='lat' dir='ltr'><strong>nam</strong></span> <span class='ocrx_word' id='word_1_94' title='bbox 1668 1510 1712 1565; x_wconf 94' lang='lat' dir='ltr'><strong>si</strong></span> <span class='ocrx_word' id='word_1_95' title='bbox 1737 1511 1929 1580; x_wconf 89' lang='lat' dir='ltr'><strong>puella,</strong></span> 
     </span>
    </p>
   </div>
   <div class='ocr_carea' id='block_1_14' title="bbox 350 1601 1934 1680">
    <p class='ocr_par' dir='ltr' id='par_1_14' title="bbox 350 1601 1934 1680">
     <span class='ocr_line' id='line_1_14' title="bbox 350 1601 1934 1680; baseline -0.005 -17"><span class='ocrx_word' id='word_1_96' title='bbox 350 1609 490 1680; x_wconf 90' lang='lat' dir='ltr'><strong>quod</strong></span> <span class='ocrx_word' id='word_1_97' title='bbox 519 1609 621 1662; x_wconf 88' lang='lat' dir='ltr'><strong>filia</strong></span> <span class='ocrx_word' id='word_1_98' title='bbox 639 1606 932 1663; x_wconf 85' lang='lat' dir='ltr'><strong>sacerdotis</strong></span> <span class='ocrx_word' id='word_1_99' title='bbox 955 1614 1119 1672; x_wconf 89' lang='lat' dir='ltr'><strong>esset,</strong></span> <span class='ocrx_word' id='word_1_100' title='bbox 1140 1605 1310 1672; x_wconf 86' lang='lat' dir='ltr'><strong>majus</strong></span> <span class='ocrx_word' id='word_1_101' title='bbox 1326 1604 1422 1659; x_wconf 91' lang='lat' dir='ltr'><strong>Iuit</strong></span> <span class='ocrx_word' id='word_1_102' title='bbox 1446 1602 1785 1672; x_wconf 89' lang='lat' dir='ltr'><strong>supplicium,</strong></span> <span class='ocrx_word' id='word_1_103' title='bbox 1810 1601 1934 1655; x_wconf 90' lang='lat' dir='ltr'><strong>mul-</strong></span> 
     </span>
    </p>
   </div>
   <div class='ocr_carea' id='block_1_15' title="bbox 354 1693 1928 1769">
    <p class='ocr_par' dir='ltr' id='par_1_15' title="bbox 354 1693 1928 1769">
     <span class='ocr_line' id='line_1_15' title="bbox 354 1693 1928 1769; baseline -0.004 -18"><span class='ocrx_word' id='word_1_104' title='bbox 354 1714 406 1755; x_wconf 82' lang='grc' dir='ltr'><strong>ιο</strong></span> <span class='ocrx_word' id='word_1_105' title='bbox 430 1701 599 1769; x_wconf 86' lang='lat' dir='ltr'><strong>majus</strong></span> <span class='ocrx_word' id='word_1_106' title='bbox 620 1700 735 1769; x_wconf 88' lang='lat' dir='ltr'><strong>ipse</strong></span> <span class='ocrx_word' id='word_1_107' title='bbox 759 1697 1005 1753; x_wconf 82' lang='lat' dir='ltr'><strong>Sacerdos</strong></span> <span class='ocrx_word' id='word_1_108' title='bbox 1026 1696 1157 1751; x_wconf 89' lang='lat' dir='ltr'><strong>luet.</strong></span> <span class='ocrx_word' id='word_1_109' title='bbox 1176 1695 1240 1750; x_wconf 93' lang='lat' dir='ltr'><strong>Vi</strong></span> <span class='ocrx_word' id='word_1_110' title='bbox 1262 1709 1565 1765; x_wconf 86' lang='lat' dir='ltr'><strong>compressa</strong></span> <span class='ocrx_word' id='word_1_111' title='bbox 1591 1693 1786 1747; x_wconf 83' lang='lat' dir='ltr'><strong>femina</strong></span> <span class='ocrx_word' id='word_1_112' title='bbox 1811 1693 1928 1755; x_wconf 85' lang='lat' dir='ltr'><strong>fuit,</strong></span> 
     </span>
    </p>
   </div>
   <div class='ocr_carea' id='block_1_16' title="bbox 352 1784 1936 1861">
    <p class='ocr_par' dir='ltr' id='par_1_16' title="bbox 352 1784 1936 1861">
     <span class='ocr_line' id='line_1_16' title="bbox 352 1784 1936 1861; baseline -0.005 -16"><span class='ocrx_word' id='word_1_113' title='bbox 352 1810 379 1846; x_wconf 89' lang='lat' dir='ltr'><strong>a</strong></span> <span class='ocrx_word' id='word_1_114' title='bbox 404 1792 659 1861; x_wconf 89' lang='lat' dir='ltr'><strong>supplicio</strong></span> <span class='ocrx_word' id='word_1_115' title='bbox 685 1791 772 1844; x_wconf 90' lang='lat' dir='ltr'><strong>illa</strong></span> <span class='ocrx_word' id='word_1_116' title='bbox 803 1789 1093 1845; x_wconf 78' lang='lat' dir='ltr'><strong>eximitur:</strong></span> <span class='ocrx_word' id='word_1_117' title='bbox 1122 1788 1235 1842; x_wconf 82' lang='lat' dir='ltr'><strong>haec</strong></span> <span class='ocrx_word' id='word_1_118' title='bbox 1259 1787 1530 1856; x_wconf 85' lang='lat' dir='ltr'><strong>opulenta,</strong></span> <span class='ocrx_word' id='word_1_119' title='bbox 1560 1785 1752 1855; x_wconf 89' lang='lat' dir='ltr'><strong>illaque</strong></span> <span class='ocrx_word' id='word_1_120' title='bbox 1783 1784 1936 1854; x_wconf 80' lang='lat' dir='ltr'><strong>inops</strong></span> 
     </span>
    </p>
   </div>
   <div class='ocr_carea' id='block_1_17' title="bbox 353 1876 1937 1951">
    <p class='ocr_par' dir='ltr' id='par_1_17' title="bbox 353 1876 1937 1951">
     <span class='ocr_line' id='line_1_17' title="bbox 353 1876 1937 1951; baseline -0.003 -15"><span class='ocrx_word' id='word_1_121' title='bbox 353 1882 608 1938; x_wconf 83' lang='lat' dir='ltr'><strong>fornicata</strong></span> <span class='ocrx_word' id='word_1_122' title='bbox 628 1891 710 1938; x_wconf 84' lang='lat' dir='ltr'><strong>est</strong></span> <span class='ocrx_word' id='word_1_123' title='bbox 733 1899 746 1935; x_wconf 91' lang='lat'>:</span> <span class='ocrx_word' id='word_1_124' title='bbox 773 1882 857 1938; x_wconf 87' lang='lat' dir='ltr'><strong>hic</strong></span> <span class='ocrx_word' id='word_1_125' title='bbox 876 1896 1085 1951; x_wconf 87' lang='lat' dir='ltr'><strong>quoque</strong></span> <span class='ocrx_word' id='word_1_126' title='bbox 1101 1894 1378 1951; x_wconf 68' lang='lat' dir='ltr'><strong>pinnarum</strong></span> <span class='ocrx_word' id='word_1_127' title='bbox 1404 1878 1692 1933; x_wconf 89' lang='lat' dir='ltr'><strong>discrimen</strong></span> <span class='ocrx_word' id='word_1_128' title='bbox 1721 1888 1823 1933; x_wconf 91' lang='lat' dir='ltr'><strong>est.</strong></span> <span class='ocrx_word' id='word_1_129' title='bbox 1854 1876 1937 1931; x_wconf 91' lang='lat' dir='ltr'><strong>ld-</strong></span> 
     </span>
    </p>
   </div>
   <div class='ocr_carea' id='block_1_18' title="bbox 351 1970 1933 2044">
    <p class='ocr_par' dir='ltr' id='par_1_18' title="bbox 351 1970 1933 2044">
     <span class='ocr_line' id='line_1_18' title="bbox 351 1970 1933 2044; baseline -0.001 -16"><span class='ocrx_word' id='word_1_130' title='bbox 351 1990 455 2044; x_wconf 88' lang='lat' dir='ltr'><strong>que</strong></span> <span class='ocrx_word' id='word_1_131' title='bbox 482 1974 653 2043; x_wconf 80' lang='lat' dir='ltr'><strong>palam</strong></span> <span class='ocrx_word' id='word_1_132' title='bbox 679 1983 761 2029; x_wconf 89' lang='lat' dir='ltr'><strong>est</strong></span> <span class='ocrx_word' id='word_1_133' title='bbox 788 1989 852 2029; x_wconf 88' lang='lat' dir='ltr'><strong>ex</strong></span> <span class='ocrx_word' id='word_1_134' title='bbox 885 1973 947 2028; x_wconf 89' lang='lat' dir='ltr'><strong>iis</strong></span> <span class='ocrx_word' id='word_1_135' title='bbox 972 1988 1089 2044; x_wconf 85' lang='lat' dir='ltr'><strong>quae</strong></span> <span class='ocrx_word' id='word_1_136' title='bbox 1116 1972 1275 2028; x_wconf 93' lang='lat' dir='ltr'><strong>modo</strong></span> <span class='ocrx_word' id='word_1_137' title='bbox 1299 1972 1606 2028; x_wconf 82' lang='lat' dir='ltr'><strong>dicebamus</strong></span> <span class='ocrx_word' id='word_1_138' title='bbox 1624 1971 1693 2026; x_wconf 89' lang='lat' dir='ltr'><strong>de</strong></span> <span class='ocrx_word' id='word_1_139' title='bbox 1716 1970 1933 2027; x_wconf 81' lang='lat' dir='ltr'><strong>Davide.</strong></span> 
     </span>
    </p>
   </div>
   <div class='ocr_carea' id='block_1_19' title="bbox 355 2062 1930 2135">
    <p class='ocr_par' dir='ltr' id='par_1_19' title="bbox 355 2062 1930 2135">
     <span class='ocr_line' id='line_1_19' title="bbox 355 2062 1930 2135; baseline -0.002 -16"><span class='ocrx_word' id='word_1_140' title='bbox 355 2064 667 2120; x_wconf 80' lang='lat' dir='ltr'><strong>Fornicatus</strong></span> <span class='ocrx_word' id='word_1_141' title='bbox 701 2074 784 2119; x_wconf 87' lang='lat' dir='ltr'><strong>est</strong></span> <span class='ocrx_word' id='word_1_142' title='bbox 819 2065 1078 2135; x_wconf 86' lang='lat' dir='ltr'><strong>quispiam</strong></span> <span class='ocrx_word' id='word_1_143' title='bbox 1106 2073 1223 2133; x_wconf 91' lang='lat' dir='ltr'><strong>post</strong></span> <span class='ocrx_word' id='word_1_144' title='bbox 1256 2062 1543 2118; x_wconf 88' lang='lat' dir='ltr'><strong>adventum</strong></span> <span class='ocrx_word' id='word_1_145' title='bbox 1569 2062 1791 2129; x_wconf 78' lang='lat' dir='ltr'><strong>Christi,</strong></span> <span class='ocrx_word' id='word_1_146' title='bbox 1825 2077 1930 2116; x_wconf 93' lang='lat' dir='ltr'><strong>non</strong></span> 
     </span>
    </p>
   </div>
   <div class='ocr_carea' id='block_1_20' title="bbox 356 2152 1939 2227">
    <p class='ocr_par' dir='ltr' id='par_1_20' title="bbox 356 2152 1939 2227">
     <span class='ocr_line' id='line_1_20' title="bbox 356 2152 1939 2227; baseline -0.001 -19"><span class='ocrx_word' id='word_1_147' title='bbox 356 2156 618 2210; x_wconf 88' lang='lat' dir='ltr'><strong>initiatus:</strong></span> <span class='ocrx_word' id='word_1_148' title='bbox 638 2157 906 2227; x_wconf 76' lang='lat' dir='ltr'><strong>graviores</strong></span> <span class='ocrx_word' id='word_1_149' title='bbox 931 2170 1087 2225; x_wconf 87' lang='lat' dir='ltr'><strong>quam</strong></span> <span class='ocrx_word' id='word_1_150' title='bbox 1110 2155 1182 2209; x_wconf 91' lang='lat' dir='ltr'><strong>illi</strong></span> <span class='ocrx_word' id='word_1_151' title='bbox 1203 2169 1392 2209; x_wconf 90' lang='lat' dir='ltr'><strong>omnes</strong></span> <span class='ocrx_word' id='word_1_152' title='bbox 1406 2152 1553 2208; x_wconf 89' lang='lat' dir='ltr'><strong>dabit</strong></span> <span class='ocrx_word' id='word_1_153' title='bbox 1573 2168 1780 2224; x_wconf 67' lang='lat' dir='ltr'><strong>pinnas.</strong></span> <span class='ocrx_word' id='word_1_154' title='bbox 1804 2152 1939 2208; x_wconf 85' lang='lat' dir='ltr'><strong>For-</strong></span> 
     </span>
    </p>
   </div>
   <div class='ocr_carea' id='block_1_21' title="bbox 354 2244 1928 2318">
    <p class='ocr_par' dir='ltr' id='par_1_21' title="bbox 354 2244 1928 2318">
     <span class='ocr_line' id='line_1_21' title="bbox 354 2244 1928 2318; baseline -0.002 -16"><span class='ocrx_word' id='word_1_155' title='bbox 354 2249 557 2303; x_wconf 81' lang='lat' dir='ltr'><strong>nicatus</strong></span> <span class='ocrx_word' id='word_1_156' title='bbox 572 2257 655 2303; x_wconf 89' lang='lat' dir='ltr'><strong>est</strong></span> <span class='ocrx_word' id='word_1_157' title='bbox 674 2248 792 2318; x_wconf 90' lang='lat' dir='ltr'><strong>quis</strong></span> <span class='ocrx_word' id='word_1_158' title='bbox 818 2256 935 2317; x_wconf 91' lang='lat' dir='ltr'><strong>post</strong></span> <span class='ocrx_word' id='word_1_159' title='bbox 964 2247 1230 2300; x_wconf 85' lang='lat' dir='ltr'><strong>lavacrum</strong></span> <span class='ocrx_word' id='word_1_160' title='bbox 1250 2245 1412 2300; x_wconf 90' lang='lat' dir='ltr'><strong>divini</strong></span> <span class='ocrx_word' id='word_1_161' title='bbox 1430 2245 1762 2315; x_wconf 87' lang='lat' dir='ltr'><strong>baptismatis</strong></span> <span class='ocrx_word' id='word_1_162' title='bbox 1786 2263 1798 2299; x_wconf 92' lang='lat'><strong>:</strong></span> <span class='ocrx_word' id='word_1_163' title='bbox 1818 2244 1928 2316; x_wconf 90' lang='lat' dir='ltr'><strong>jam</strong></span> 
     </span>
    </p>
   </div>
   <div class='ocr_carea' id='block_1_22' title="bbox 358 2337 1938 2410">
    <p class='ocr_par' dir='ltr' id='par_1_22' title="bbox 358 2337 1938 2410">
     <span class='ocr_line' id='line_1_22' title="bbox 358 2337 1938 2410; baseline 0.001 -18"><span class='ocrx_word' id='word_1_164' title='bbox 358 2341 477 2395; x_wconf 87' lang='lat' dir='ltr'><strong>huic</strong></span> <span class='ocrx_word' id='word_1_165' title='bbox 506 2340 648 2394; x_wconf 90' lang='lat' dir='ltr'><strong>nulla</strong></span> <span class='ocrx_word' id='word_1_166' title='bbox 674 2340 988 2410; x_wconf 88' lang='lat' dir='ltr'><strong>relinquitur</strong></span> <span class='ocrx_word' id='word_1_167' title='bbox 1012 2338 1305 2394; x_wconf 87' lang='lat' dir='ltr'><strong>consolatio</strong></span> <span class='ocrx_word' id='word_1_168' title='bbox 1333 2338 1419 2393; x_wconf 88' lang='lat' dir='ltr'><strong>vel</strong></span> <span class='ocrx_word' id='word_1_169' title='bbox 1450 2337 1711 2393; x_wconf 90' lang='lat' dir='ltr'><strong>levamen.</strong></span> <span class='ocrx_word' id='word_1_170' title='bbox 1744 2339 1807 2392; x_wconf 84' lang='lat' dir='ltr'><strong>Et</strong></span> <span class='ocrx_word' id='word_1_171' title='bbox 1834 2338 1938 2394; x_wconf 85' lang='lat' dir='ltr'><strong>hoc</strong></span> 
     </span>
    </p>
   </div>
   <div class='ocr_carea' id='block_1_23' title="bbox 357 2430 1943 2505">
    <p class='ocr_par' dir='ltr' id='par_1_23' title="bbox 357 2430 1943 2505">
     <span class='ocr_line' id='line_1_23' title="bbox 357 2430 1943 2505; baseline -0.004 -15"><span class='ocrx_word' id='word_1_172' title='bbox 357 2436 528 2505; x_wconf 83' lang='lat' dir='ltr'><strong>ipsum</strong></span> <span class='ocrx_word' id='word_1_173' title='bbox 558 2434 849 2489; x_wconf 90' lang='lat' dir='ltr'><strong>ostendens</strong></span> <span class='ocrx_word' id='word_1_174' title='bbox 878 2434 1078 2489; x_wconf 89' lang='lat' dir='ltr'><strong>Paulus</strong></span> <span class='ocrx_word' id='word_1_175' title='bbox 1106 2432 1353 2487; x_wconf 91' lang='lat' dir='ltr'><strong>dicebat:</strong></span> <span class='ocrx_word' id='word_1_176' title='bbox 1379 2430 1441 2487; x_wconf 95' lang='lat' dir='ltr'><strong>Si</strong></span> <span class='ocrx_word' id='word_1_177' title='bbox 1459 2432 1569 2501; x_wconf 89' lang='lat' dir='ltr'><strong>quis</strong></span> <span class='ocrx_word' id='word_1_178' title='bbox 1594 2431 1943 2502; x_wconf 72' lang='lat' dir='ltr'><strong>contempserit</strong></span> 
     </span>
    </p>
   </div>
   <div class='ocr_carea' id='block_1_24' title="bbox 353 2523 1942 2597">
    <p class='ocr_par' dir='ltr' id='par_1_24' title="bbox 353 2523 1942 2597">
     <span class='ocr_line' id='line_1_24' title="bbox 353 2523 1942 2597; baseline -0.003 -16"><span class='ocrx_word' id='word_1_179' title='bbox 353 2533 510 2597; x_wconf 70' lang='lat' dir='ltr'><strong>legem</strong></span> <span class='ocrx_word' id='word_1_180' title='bbox 535 2526 749 2596; x_wconf 78' lang='lat' dir='ltr'><strong>Moysis,</strong></span> <span class='ocrx_word' id='word_1_181' title='bbox 780 2527 889 2580; x_wconf 84' lang='lat' dir='ltr'><strong>sine</strong></span> <span class='ocrx_word' id='word_1_182' title='bbox 918 2525 1266 2579; x_wconf 74' lang='lat' dir='ltr'><strong>misericordia</strong></span> <span class='ocrx_word' id='word_1_183' title='bbox 1292 2524 1485 2579; x_wconf 87' lang='lat' dir='ltr'><strong>duobus</strong></span> <span class='ocrx_word' id='word_1_184' title='bbox 1511 2526 1588 2579; x_wconf 89' lang='lat' dir='ltr'><strong>vel</strong></span> <span class='ocrx_word' id='word_1_185' title='bbox 1619 2523 1776 2578; x_wconf 85' lang='lat' dir='ltr'><strong>tribus</strong></span> <span class='ocrx_word' id='word_1_186' title='bbox 1806 2524 1942 2579; x_wconf 81' lang='lat' dir='ltr'><strong>testi-</strong></span> 
     </span>
    </p>
   </div>
   <div class='ocr_carea' id='block_1_25' title="bbox 354 2615 1943 2686">
    <p class='ocr_par' dir='ltr' id='par_1_25' title="bbox 354 2615 1943 2686">
     <span class='ocr_line' id='line_1_25' title="bbox 354 2615 1943 2686; baseline -0.001 -15"><span class='ocrx_word' id='word_1_187' title='bbox 354 2624 445 2671; x_wconf 86' lang='lat' dir='ltr'><strong>bus</strong></span> <span class='ocrx_word' id='word_1_188' title='bbox 473 2617 907 2686; x_wconf 82' lang='lat' dir='ltr'><strong>moritur(Hebr.</strong></span> <span class='ocrx_word' id='word_1_189' title='bbox 954 2618 1042 2672; x_wconf 90' lang='grc'><strong>10.</strong></span> <span class='ocrx_word' id='word_1_190' title='bbox 1072 2617 1200 2685; x_wconf 72' lang='grc'><strong>28).</strong></span> <span class='ocrx_word' id='word_1_191' title='bbox 1248 2616 1458 2683; x_wconf 87' lang='lat' dir='ltr'><strong>Quanto</strong></span> <span class='ocrx_word' id='word_1_192' title='bbox 1500 2617 1703 2685; x_wconf 83' lang='lat' dir='ltr'><strong>majore</strong></span> <span class='ocrx_word' id='word_1_193' title='bbox 1748 2615 1943 2684; x_wconf 88' lang='lat' dir='ltr'><strong>putatis</strong></span> 
     </span>
    </p>
   </div>
   <div class='ocr_carea' id='block_1_26' title="bbox 358 2708 1942 2780">
    <p class='ocr_par' dir='ltr' id='par_1_26' title="bbox 358 2708 1942 2780">
     <span class='ocr_line' id='line_1_26' title="bbox 358 2708 1942 2780; baseline -0.002 -16"><span class='ocrx_word' id='word_1_194' title='bbox 358 2711 616 2780; x_wconf 80' lang='lat' dir='ltr'><strong>supplicio</strong></span> <span class='ocrx_word' id='word_1_195' title='bbox 664 2710 927 2766; x_wconf 89' lang='lat' dir='ltr'><strong>afficietur</strong></span> <span class='ocrx_word' id='word_1_196' title='bbox 971 2711 1017 2765; x_wconf 90' lang='lat' dir='ltr'><strong>is</strong></span> <span class='ocrx_word' id='word_1_197' title='bbox 1049 2711 1138 2780; x_wconf 91' lang='lat' dir='ltr'><strong>qui</strong></span> <span class='ocrx_word' id='word_1_198' title='bbox 1169 2709 1358 2764; x_wconf 87' lang='lat' dir='ltr'><strong>Filium</strong></span> <span class='ocrx_word' id='word_1_199' title='bbox 1398 2708 1489 2763; x_wconf 88' lang='lat' dir='ltr'><strong>Dei</strong></span> <span class='ocrx_word' id='word_1_200' title='bbox 1531 2708 1942 2773; x_wconf 90' lang='lat' dir='ltr'><strong>conculcaverit,</strong></span> 
     </span>
    </p>
   </div>
   <div class='ocr_carea' id='block_1_27' title="bbox 358 2802 1943 2872">
    <p class='ocr_par' dir='ltr' id='par_1_27' title="bbox 358 2802 1943 2872">
     <span class='ocr_line' id='line_1_27' title="bbox 358 2802 1943 2872; baseline 0 -17"><span class='ocrx_word' id='word_1_201' title='bbox 358 2802 447 2871; x_wconf 88' lang='lat' dir='ltr'><strong>qui</strong></span> <span class='ocrx_word' id='word_1_202' title='bbox 473 2803 781 2872; x_wconf 86' lang='lat' dir='ltr'><strong>sanguinem</strong></span> <span class='ocrx_word' id='word_1_203' title='bbox 832 2802 1157 2857; x_wconf 90' lang='lat' dir='ltr'><strong>Testamenti</strong></span> <span class='ocrx_word' id='word_1_204' title='bbox 1212 2816 1551 2857; x_wconf 87' lang='lat' dir='ltr'><strong>communem</strong></span> <span class='ocrx_word' id='word_1_205' title='bbox 1604 2802 1867 2871; x_wconf 88' lang='lat' dir='ltr'><strong>putaverit</strong></span> <span class='ocrx_word' id='word_1_206' title='bbox 1892 2802 1943 2855; x_wconf 91' lang='lat' dir='ltr'><strong>in</strong></span> 
     </span>
    </p>
   </div>
   <div class='ocr_carea' id='block_1_28' title="bbox 357 2892 1944 2964">
    <p class='ocr_par' dir='ltr' id='par_1_28' title="bbox 357 2892 1944 2964">
     <span class='ocr_line' id='line_1_28' title="bbox 357 2892 1944 2964; baseline 0.002 -20"><span class='ocrx_word' id='word_1_207' title='bbox 357 2908 463 2962; x_wconf 90' lang='lat' dir='ltr'><strong>quo</strong></span> <span class='ocrx_word' id='word_1_208' title='bbox 500 2894 861 2949; x_wconf 88' lang='lat' dir='ltr'><strong>sanctificatus</strong></span> <span class='ocrx_word' id='word_1_209' title='bbox 890 2896 1088 2964; x_wconf 90' lang='lat' dir='ltr'><strong>est,qui</strong></span> <span class='ocrx_word' id='word_1_210' title='bbox 1116 2894 1337 2964; x_wconf 80' lang='lat' dir='ltr'><strong>gratiam</strong></span> <span class='ocrx_word' id='word_1_211' title='bbox 1365 2893 1595 2964; x_wconf 85' lang='lat' dir='ltr'><strong>Spiritus</strong></span> <span class='ocrx_word' id='word_1_212' title='bbox 1624 2892 1944 2947; x_wconf 90' lang='lat' dir='ltr'><strong>contumelia</strong></span> 
     </span>
    </p>
   </div>
   <div class='ocr_carea' id='block_1_29' title="bbox 359 2983 1942 3053">
    <p class='ocr_par' dir='ltr' id='par_1_29' title="bbox 359 2983 1942 3053">
     <span class='ocr_line' id='line_1_29' title="bbox 359 2983 1942 3053; baseline 0.001 -18"><span class='ocrx_word' id='word_1_213' title='bbox 359 2984 637 3039; x_wconf 81' lang='lat' dir='ltr'><strong>affecerit?</strong></span> <span class='ocrx_word' id='word_1_214' title='bbox 686 2984 1000 3040; x_wconf 87' lang='lat' dir='ltr'><strong>Fornieatus</strong></span> <span class='ocrx_word' id='word_1_215' title='bbox 1044 3000 1187 3040; x_wconf 93' lang='lat' dir='ltr'><strong>nunc</strong></span> <span class='ocrx_word' id='word_1_216' title='bbox 1224 2994 1307 3040; x_wconf 89' lang='lat' dir='ltr'><strong>est</strong></span> <span class='ocrx_word' id='word_1_217' title='bbox 1351 2983 1603 3039; x_wconf 89' lang='lat' dir='ltr'><strong>sacerdos</strong></span> <span class='ocrx_word' id='word_1_218' title='bbox 1636 2983 1895 3053; x_wconf 84' lang='lat' dir='ltr'><strong>quispiam</strong></span> <span class='ocrx_word' id='word_1_219' title='bbox 1927 2999 1942 3036; x_wconf 88' lang='lat'><strong>:</strong></span> 
     </span>
    </p>
   </div>
   <div class='ocr_carea' id='block_1_30' title="bbox 362 3076 1943 3145">
    <p class='ocr_par' dir='ltr' id='par_1_30' title="bbox 362 3076 1943 3145">
     <span class='ocr_line' id='line_1_30' title="bbox 362 3076 1943 3145; baseline 0 -15"><span class='ocrx_word' id='word_1_220' title='bbox 362 3078 461 3133; x_wconf 92' lang='lat' dir='ltr'><strong>hoc</strong></span> <span class='ocrx_word' id='word_1_221' title='bbox 483 3078 712 3133; x_wconf 80' lang='lat' dir='ltr'><strong>maxime</strong></span> <span class='ocrx_word' id='word_1_222' title='bbox 737 3079 1002 3134; x_wconf 87' lang='lat' dir='ltr'><strong>malorum</strong></span> <span class='ocrx_word' id='word_1_223' title='bbox 1025 3079 1233 3133; x_wconf 86' lang='lat' dir='ltr'><strong>culmen</strong></span> <span class='ocrx_word' id='word_1_224' title='bbox 1257 3088 1358 3134; x_wconf 90' lang='lat' dir='ltr'><strong>est.</strong></span> <span class='ocrx_word' id='word_1_225' title='bbox 1389 3076 1631 3132; x_wconf 78' lang='lat' dir='ltr'><strong>Vidistin‘</strong></span> <span class='ocrx_word' id='word_1_226' title='bbox 1650 3077 1804 3131; x_wconf 90' lang='lat' dir='ltr'><strong>unius</strong></span> <span class='ocrx_word' id='word_1_227' title='bbox 1825 3090 1943 3145; x_wconf 79' lang='lat' dir='ltr'><strong>pec~</strong></span> 
     </span>
    </p>
   </div>
   <div class='ocr_carea' id='block_1_31' title="bbox 358 3168 1948 3239">
    <p class='ocr_par' dir='ltr' id='par_1_31' title="bbox 358 3168 1948 3239">
     <span class='ocr_line' id='line_1_31' title="bbox 358 3168 1948 3239; baseline 0.001 -19"><span class='ocrx_word' id='word_1_228' title='bbox 358 3170 462 3223; x_wconf 83' lang='lat' dir='ltr'><strong>cati</strong></span> <span class='ocrx_word' id='word_1_229' title='bbox 482 3179 614 3239; x_wconf 92' lang='lat' dir='ltr'><strong>quot</strong></span> <span class='ocrx_word' id='word_1_230' title='bbox 642 3168 1127 3224; x_wconf 82' lang='lat' dir='ltr'><strong>sintdifferentiae?</strong></span> <span class='ocrx_word' id='word_1_231' title='bbox 1154 3169 1266 3224; x_wconf 84' lang='lat' dir='ltr'><strong>Alia</strong></span> <span class='ocrx_word' id='word_1_232' title='bbox 1296 3176 1421 3223; x_wconf 92' lang='lat' dir='ltr'><strong>ante</strong></span> <span class='ocrx_word' id='word_1_233' title='bbox 1462 3168 1657 3238; x_wconf 88' lang='lat' dir='ltr'><strong>legem,</strong></span> <span class='ocrx_word' id='word_1_234' title='bbox 1691 3168 1792 3222; x_wconf 91' lang='lat' dir='ltr'><strong>alia</strong></span> <span class='ocrx_word' id='word_1_235' title='bbox 1830 3174 1948 3236; x_wconf 88' lang='lat' dir='ltr'><strong>post</strong></span> 
     </span>
    </p>
   </div>
   <div class='ocr_carea' id='block_1_32' title="bbox 360 3260 1944 3330">
    <p class='ocr_par' dir='ltr' id='par_1_32' title="bbox 360 3260 1944 3330">
     <span class='ocr_line' id='line_1_32' title="bbox 360 3260 1944 3330; baseline 0.001 -17"><span class='ocrx_word' id='word_1_236' title='bbox 360 3260 552 3330; x_wconf 88' lang='lat' dir='ltr'><strong>legem.</strong></span> <span class='ocrx_word' id='word_1_237' title='bbox 579 3261 871 3317; x_wconf 85' lang='lat' dir='ltr'><strong>sacerdotis</strong></span> <span class='ocrx_word' id='word_1_238' title='bbox 888 3260 1013 3327; x_wconf 90' lang='lat' dir='ltr'><strong>alia,</strong></span> <span class='ocrx_word' id='word_1_239' title='bbox 1032 3260 1212 3315; x_wconf 89' lang='lat' dir='ltr'><strong>divitis</strong></span> <span class='ocrx_word' id='word_1_240' title='bbox 1238 3270 1292 3315; x_wconf 90' lang='lat' dir='ltr'><strong>et</strong></span> <span class='ocrx_word' id='word_1_241' title='bbox 1318 3263 1565 3330; x_wconf 89' lang='lat' dir='ltr'><strong>pauperis</strong></span> <span class='ocrx_word' id='word_1_242' title='bbox 1586 3260 1795 3315; x_wconf 72' lang='lat' dir='ltr'><strong>femina:</strong></span> <span class='ocrx_word' id='word_1_243' title='bbox 1819 3261 1944 3328; x_wconf 90' lang='lat' dir='ltr'><strong>alia,</strong></span> 
     </span>
    </p>
   </div>
   <div class='ocr_carea' id='block_1_33' title="bbox 359 3343 1945 3422">
    <p class='ocr_par' dir='ltr' id='par_1_33' title="bbox 359 3343 1945 3422">
     <span class='ocr_line' id='line_1_33' title="bbox 359 3343 1945 3422; baseline -0.001 -16"><span class='ocrx_word' id='word_1_244' title='bbox 359 3354 461 3407; x_wconf 89' lang='lat' dir='ltr'><strong>alia</strong></span> <span class='ocrx_word' id='word_1_245' title='bbox 485 3368 618 3407; x_wconf 90' lang='lat' dir='ltr'><strong>vero</strong></span> <span class='ocrx_word' id='word_1_246' title='bbox 644 3343 1062 3419; x_wconf 58' lang='lat' dir='ltr'><strong>catech&#39;uniente,</strong></span> <span class='ocrx_word' id='word_1_247' title='bbox 1087 3352 1258 3407; x_wconf 91' lang='lat' dir='ltr'><strong>fidelis</strong></span> <span class='ocrx_word' id='word_1_248' title='bbox 1297 3362 1352 3407; x_wconf 92' lang='lat' dir='ltr'><strong>et</strong></span> <span class='ocrx_word' id='word_1_249' title='bbox 1388 3352 1701 3407; x_wconf 87' lang='lat' dir='ltr'><strong>sacerdotis.</strong></span> <span class='ocrx_word' id='word_1_250' title='bbox 1731 3354 1771 3406; x_wconf 85' lang='lat' dir='ltr'><strong>A</strong></span> <span class='ocrx_word' id='word_1_251' title='bbox 1816 3367 1945 3422; x_wconf 81' lang='lat' dir='ltr'><strong>pru-</strong></span> 
     </span>
    </p>
   </div>
   <div class='ocr_carea' id='block_1_34' title="bbox 359 3442 1948 3514">
    <p class='ocr_par' dir='ltr' id='par_1_34' title="bbox 359 3442 1948 3514">
     <span class='ocr_line' id='line_1_34' title="bbox 359 3442 1948 3514; baseline 0 -17"><span class='ocrx_word' id='word_1_252' title='bbox 359 3444 537 3498; x_wconf 86' lang='lat' dir='ltr'><strong>dentia</strong></span> <span class='ocrx_word' id='word_1_253' title='bbox 576 3459 788 3514; x_wconf 91' lang='lat' dir='ltr'><strong>quoque</strong></span> <span class='ocrx_word' id='word_1_254' title='bbox 828 3444 994 3499; x_wconf 90' lang='lat' dir='ltr'><strong>multa</strong></span> <span class='ocrx_word' id='word_1_255' title='bbox 1041 3454 1123 3499; x_wconf 89' lang='lat' dir='ltr'><strong>est</strong></span> <span class='ocrx_word' id='word_1_256' title='bbox 1170 3442 1468 3499; x_wconf 81' lang='lat' dir='ltr'><strong>differentia</strong></span> <span class='ocrx_word' id='word_1_257' title='bbox 1521 3460 1689 3499; x_wconf 92' lang='lat' dir='ltr'><strong>:nam</strong></span> <span class='ocrx_word' id='word_1_258' title='bbox 1720 3445 1819 3512; x_wconf 91' lang='lat' dir='ltr'><strong>Qui</strong></span> <span class='ocrx_word' id='word_1_259' title='bbox 1853 3445 1948 3499; x_wconf 90' lang='lat' dir='ltr'><strong>scit</strong></span> 
     </span>
    </p>
   </div>
   <div class='ocr_carea' id='block_1_35' title="bbox 361 3536 1948 3608">
    <p class='ocr_par' dir='ltr' id='par_1_35' title="bbox 361 3536 1948 3608">
     <span class='ocr_line' id='line_1_35' title="bbox 361 3536 1948 3608; baseline 0.001 -19"><span class='ocrx_word' id='word_1_260' title='bbox 361 3536 664 3590; x_wconf 90' lang='lat' dir='ltr'><strong>voluntatem</strong></span> <span class='ocrx_word' id='word_1_261' title='bbox 702 3536 909 3591; x_wconf 84' lang='lat' dir='ltr'><strong>Domini</strong></span> <span class='ocrx_word' id='word_1_262' title='bbox 945 3538 1047 3601; x_wconf 87' lang='lat' dir='ltr'><strong>sui,</strong></span> <span class='ocrx_word' id='word_1_263' title='bbox 1073 3547 1119 3592; x_wconf 90' lang='lat' dir='ltr'><strong>et</strong></span> <span class='ocrx_word' id='word_1_264' title='bbox 1148 3553 1250 3591; x_wconf 89' lang='lat' dir='ltr'><strong>non</strong></span> <span class='ocrx_word' id='word_1_265' title='bbox 1296 3538 1438 3608; x_wconf 81' lang='lat' dir='ltr'><strong>facit,</strong></span> <span class='ocrx_word' id='word_1_266' title='bbox 1470 3538 1726 3608; x_wconf 80' lang='lat' dir='ltr'><strong>vapulabit</strong></span> <span class='ocrx_word' id='word_1_267' title='bbox 1777 3539 1948 3592; x_wconf 90' lang='lat' dir='ltr'><strong>multis</strong></span> 
     </span>
    </p>
   </div>
   <div class='ocr_carea' id='block_1_36' title="bbox 360 3626 1944 3701">
    <p class='ocr_par' dir='ltr' id='par_1_36' title="bbox 360 3626 1944 3701">
     <span class='ocr_line' id='line_1_36' title="bbox 360 3626 1944 3701; baseline 0.003 -20"><span class='ocrx_word' id='word_1_268' title='bbox 360 3630 376 3691; x_wconf 97' lang='lat'><strong>(</strong></span> <span class='ocrx_word' id='word_1_269' title='bbox 404 3626 529 3683; x_wconf 88' lang='lat' dir='ltr'><strong>Luc.</strong></span> <span class='ocrx_word' id='word_1_270' title='bbox 562 3628 649 3684; x_wconf 84' lang='lat' dir='ltr'><strong>I2.</strong></span> <span class='ocrx_word' id='word_1_271' title='bbox 673 3631 740 3683; x_wconf 71' lang='lat'><strong>47</strong></span> <span class='ocrx_word' id='word_1_272' title='bbox 760 3630 799 3700; x_wconf 89' lang='lat'><strong>).</strong></span> <span class='ocrx_word' id='word_1_273' title='bbox 820 3634 897 3685; x_wconf 84' lang='lat' dir='ltr'><strong>Ac</strong></span> <span class='ocrx_word' id='word_1_274' title='bbox 919 3638 1039 3699; x_wconf 91' lang='lat' dir='ltr'><strong>post</strong></span> <span class='ocrx_word' id='word_1_275' title='bbox 1070 3638 1147 3685; x_wconf 89' lang='lat' dir='ltr'><strong>tot</strong></span> <span class='ocrx_word' id='word_1_276' title='bbox 1174 3638 1425 3700; x_wconf 89' lang='lat' dir='ltr'><strong>tantaque</strong></span> <span class='ocrx_word' id='word_1_277' title='bbox 1445 3632 1686 3701; x_wconf 79' lang='lat' dir='ltr'><strong>exempla</strong></span> <span class='ocrx_word' id='word_1_278' title='bbox 1716 3646 1944 3701; x_wconf 88' lang='lat' dir='ltr'><strong>peccare</strong></span> 
     </span>
    </p>
   </div>
   <div class='ocr_carea' id='block_1_37' title="bbox 362 3722 1945 3795">
    <p class='ocr_par' dir='ltr' id='par_1_37' title="bbox 362 3722 1945 3795">
     <span class='ocr_line' id='line_1_37' title="bbox 362 3722 1945 3795; baseline 0.004 -21"><span class='ocrx_word' id='word_1_279' title='bbox 362 3722 534 3791; x_wconf 81' lang='lat' dir='ltr'><strong>majus</strong></span> <span class='ocrx_word' id='word_1_280' title='bbox 567 3723 737 3776; x_wconf 85' lang='lat' dir='ltr'><strong>adfert</strong></span> <span class='ocrx_word' id='word_1_281' title='bbox 763 3723 1100 3793; x_wconf 87' lang='lat' dir='ltr'><strong>supplicium.</strong></span> <span class='ocrx_word' id='word_1_282' title='bbox 1128 3722 1279 3779; x_wconf 91' lang='lat' dir='ltr'><strong>Unde</strong></span> <span class='ocrx_word' id='word_1_283' title='bbox 1306 3724 1378 3778; x_wconf 89' lang='lat' dir='ltr'><strong>ait</strong></span> <span class='ocrx_word' id='word_1_284' title='bbox 1404 3741 1417 3777; x_wconf 93' lang='lat'>:</span> <span class='ocrx_word' id='word_1_285' title='bbox 1445 3724 1551 3779; x_wconf 87' lang='lat' dir='ltr'><strong>Vos</strong></span> <span class='ocrx_word' id='word_1_286' title='bbox 1570 3734 1748 3780; x_wconf 91' lang='lat' dir='ltr'><strong>autem</strong></span> <span class='ocrx_word' id='word_1_287' title='bbox 1771 3740 1945 3795; x_wconf 88' lang='lat' dir='ltr'><strong>neque</strong></span> 
     </span>
    </p>
   </div>
   <div class='ocr_carea' id='block_1_38' title="bbox 364 3813 1944 3890">
    <p class='ocr_par' dir='ltr' id='par_1_38' title="bbox 364 3813 1944 3890">
     <span class='ocr_line' id='line_1_38' title="bbox 364 3813 1944 3890; baseline 0.007 -27"><span class='ocrx_word' id='word_1_288' title='bbox 364 3813 641 3879; x_wconf 86' lang='lat' dir='ltr'><strong>videntes,</strong></span> <span class='ocrx_word' id='word_1_289' title='bbox 673 3815 1039 3884; x_wconf 72' lang='lat' dir='ltr'><strong>ptenitentiam</strong></span> <span class='ocrx_word' id='word_1_290' title='bbox 1088 3824 1271 3886; x_wconf 89' lang='lat' dir='ltr'><strong>postea</strong></span> <span class='ocrx_word' id='word_1_291' title='bbox 1317 3817 1536 3887; x_wconf 87' lang='lat' dir='ltr'><strong>egistis,</strong></span> <span class='ocrx_word' id='word_1_292' title='bbox 1577 3818 1702 3873; x_wconf 85' lang='lat' dir='ltr'><strong>licet</strong></span> <span class='ocrx_word' id='word_1_293' title='bbox 1751 3835 1944 3890; x_wconf 90' lang='lat' dir='ltr'><strong>magno</strong></span> 
     </span>
    </p>
   </div>
   <div class='ocr_carea' id='block_1_39' title="bbox 1306 383 2754 442">
    <p class='ocr_par' dir='ltr' id='par_1_39' title="bbox 1306 383 2754 442">
     <span class='ocr_line' id='line_1_39' title="bbox 1306 383 2754 442; baseline -0.001 0"><span class='ocrx_word' id='word_1_294' title='bbox 1306 386 1371 441; x_wconf 81' lang='lat' dir='ltr'><strong>IN</strong></span> <span class='ocrx_word' id='word_1_295' title='bbox 1411 385 1812 442; x_wconf 66' lang='lat' dir='ltr'><strong>MAT&#39;I‘HA‘JUM</strong></span> <span class='ocrx_word' id='word_1_296' title='bbox 1854 383 2078 438; x_wconf 78' lang='lat' dir='ltr'><strong>IIOMIL.</strong></span> <span class='ocrx_word' id='word_1_297' title='bbox 2122 384 2351 439; x_wconf 75' lang='lat' dir='ltr'><strong>LXXVI.</strong></span> <span class='ocrx_word' id='word_1_298' title='bbox 2392 387 2461 441; x_wconf 92' lang='lat' dir='ltr'><strong>al.</strong></span> <span class='ocrx_word' id='word_1_299' title='bbox 2502 387 2754 442; x_wconf 73' lang='lat' dir='ltr'><strong>LXXVII.</strong></span> 
     </span>
    </p>
   </div>
   <div class='ocr_carea' id='block_1_40' title="bbox 3520 397 3624 452">
    <p class='ocr_par' dir='ltr' id='par_1_40' title="bbox 3520 397 3624 452">
     <span class='ocr_line' id='line_1_40' title="bbox 3520 397 3624 452; baseline -0.038 -4"><span class='ocrx_word' id='word_1_300' title='bbox 3520 397 3624 452; x_wconf 60' lang='grc' dir='ltr'><strong>σξη</strong></span> 
     </span>
    </p>
   </div>
   <div class='ocr_carea' id='block_1_41' title="bbox 2043 503 3626 578">
    <p class='ocr_par' dir='ltr' id='par_1_41' title="bbox 2043 503 3626 578">
     <span class='ocr_line' id='line_1_41' title="bbox 2043 503 3626 578; baseline 0.004 -23"><span class='ocrx_word' id='word_1_301' title='bbox 2043 503 2185 557; x_wconf 86' lang='lat' dir='ltr'><strong>cultu</strong></span> <span class='ocrx_word' id='word_1_302' title='bbox 2213 505 2326 556; x_wconf 83' lang='lat' dir='ltr'><strong>sitis</strong></span> <span class='ocrx_word' id='word_1_303' title='bbox 2357 504 2617 558; x_wconf 83' lang='lat' dir='ltr'><strong>honorati.</strong></span> <span class='ocrx_word' id='word_1_304' title='bbox 2662 506 2783 559; x_wconf 93' lang='lat' dir='ltr'><strong>Ideo</strong></span> <span class='ocrx_word' id='word_1_305' title='bbox 2810 515 2862 560; x_wconf 86' lang='lat' dir='ltr'><strong>et</strong></span> <span class='ocrx_word' id='word_1_306' title='bbox 2887 506 3235 578; x_wconf 74' lang='lat' dir='ltr'><strong>Jerosolymre</strong></span> <span class='ocrx_word' id='word_1_307' title='bbox 3282 508 3382 562; x_wconf 83' lang='lat' dir='ltr'><strong>hoc</strong></span> <span class='ocrx_word' id='word_1_308' title='bbox 3426 511 3626 577; x_wconf 85' lang='lat' dir='ltr'><strong>impro-</strong></span> 
     </span>
    </p>
   </div>
   <div class='ocr_carea' id='block_1_42' title="bbox 2042 595 3620 670">
    <p class='ocr_par' dir='ltr' id='par_1_42' title="bbox 2042 595 3620 670">
     <span class='ocr_line' id='line_1_42' title="bbox 2042 595 3620 670; baseline 0.006 -22"><span class='ocrx_word' id='word_1_309' title='bbox 2042 602 2187 661; x_wconf 87' lang='lat' dir='ltr'><strong>perat</strong></span> <span class='ocrx_word' id='word_1_310' title='bbox 2233 595 2456 649; x_wconf 91' lang='lat' dir='ltr'><strong>dicens:</strong></span> <span class='ocrx_word' id='word_1_311' title='bbox 2490 596 2695 663; x_wconf 82' lang='lat' dir='ltr'><strong>Quoties</strong></span> <span class='ocrx_word' id='word_1_312' title='bbox 2734 598 2870 651; x_wconf 85' lang='lat' dir='ltr'><strong>volui</strong></span> <span class='ocrx_word' id='word_1_313' title='bbox 2910 615 3215 670; x_wconf 81' lang='lat' dir='ltr'><strong>congregare</strong></span> <span class='ocrx_word' id='word_1_314' title='bbox 3253 602 3387 669; x_wconf 79' lang='lat' dir='ltr'><strong>ﬁlios</strong></span> <span class='ocrx_word' id='word_1_315' title='bbox 3413 615 3620 667; x_wconf 82' lang='lat' dir='ltr'><strong>vestros,</strong></span> 
     </span>
    </p>
   </div>
   <div class='ocr_carea' id='block_1_43' title="bbox 2039 686 3623 761">
    <p class='ocr_par' dir='ltr' id='par_1_43' title="bbox 2039 686 3623 761">
     <span class='ocr_line' id='line_1_43' title="bbox 2039 686 3623 761; baseline 0.006 -24"><span class='ocrx_word' id='word_1_316' title='bbox 2039 695 2085 737; x_wconf 84' lang='lat' dir='ltr'><strong>et</strong></span> <span class='ocrx_word' id='word_1_317' title='bbox 2112 686 2344 741; x_wconf 81' lang='lat' dir='ltr'><strong>noluistis</strong></span> <span class='ocrx_word' id='word_1_318' title='bbox 2374 689 2392 755; x_wconf 83' lang='lat' dir='ltr'><strong>l</strong></span> <span class='ocrx_word' id='word_1_319' title='bbox 2415 686 2539 741; x_wconf 82' lang='lat' dir='ltr'><strong>Luc.</strong></span> <span class='ocrx_word' id='word_1_320' title='bbox 2565 688 2651 743; x_wconf 83' lang='grc'><strong>15.</strong></span> <span class='ocrx_word' id='word_1_321' title='bbox 2678 687 2823 760; x_wconf 64' lang='lat'><strong>34)?</strong></span> <span class='ocrx_word' id='word_1_322' title='bbox 2851 689 2925 745; x_wconf 91' lang='lat' dir='ltr'><strong>De</strong></span> <span class='ocrx_word' id='word_1_323' title='bbox 2950 692 3288 761; x_wconf 88' lang='lat' dir='ltr'><strong>peccantibus</strong></span> <span class='ocrx_word' id='word_1_324' title='bbox 3315 710 3379 748; x_wconf 89' lang='lat' dir='ltr'><strong>ex</strong></span> <span class='ocrx_word' id='word_1_325' title='bbox 3410 695 3623 749; x_wconf 83' lang='lat' dir='ltr'><strong>delicia-</strong></span> 
     </span>
    </p>
   </div>
   <div class='ocr_carea' id='block_1_44' title="bbox 2041 779 3619 851">
    <p class='ocr_par' dir='ltr' id='par_1_44' title="bbox 2041 779 3619 851">
     <span class='ocr_line' id='line_1_44' title="bbox 2041 779 3619 851; baseline 0.005 -21"><span class='ocrx_word' id='word_1_326' title='bbox 2041 792 2157 830; x_wconf 91' lang='lat' dir='ltr'><strong>rum</strong></span> <span class='ocrx_word' id='word_1_327' title='bbox 2186 779 2336 846; x_wconf 91' lang='lat' dir='ltr'><strong>copia</strong></span> <span class='ocrx_word' id='word_1_328' title='bbox 2382 779 2434 831; x_wconf 92' lang='lat' dir='ltr'><strong>in</strong></span> <span class='ocrx_word' id='word_1_329' title='bbox 2484 779 2685 835; x_wconf 86' lang='lat' dir='ltr'><strong>Lazaro</strong></span> <span class='ocrx_word' id='word_1_330' title='bbox 2711 780 3011 851; x_wconf 87' lang='lat' dir='ltr'><strong>exemplum</strong></span> <span class='ocrx_word' id='word_1_331' title='bbox 3046 782 3233 839; x_wconf 89' lang='lat' dir='ltr'><strong>babes.</strong></span> <span class='ocrx_word' id='word_1_332' title='bbox 3264 786 3304 837; x_wconf 84' lang='lat' dir='ltr'><strong>A</strong></span> <span class='ocrx_word' id='word_1_333' title='bbox 3339 784 3457 838; x_wconf 89' lang='lat' dir='ltr'><strong>loco</strong></span> <span class='ocrx_word' id='word_1_334' title='bbox 3496 791 3619 839; x_wconf 89' lang='lat' dir='ltr'><strong>item</strong></span> 
     </span>
    </p>
   </div>
   <div class='ocr_carea' id='block_1_45' title="bbox 2038 870 3621 945">
    <p class='ocr_par' dir='ltr' id='par_1_45' title="bbox 2038 870 3621 945">
     <span class='ocr_line' id='line_1_45' title="bbox 2038 870 3621 945; baseline 0.006 -22"><span class='ocrx_word' id='word_1_335' title='bbox 2038 870 2251 939; x_wconf 88' lang='lat' dir='ltr'><strong>gravius</strong></span> <span class='ocrx_word' id='word_1_336' title='bbox 2289 870 2523 925; x_wconf 85' lang='lat' dir='ltr'><strong>efficitur</strong></span> <span class='ocrx_word' id='word_1_337' title='bbox 2563 885 2873 941; x_wconf 87' lang='lat' dir='ltr'><strong>peccatum;</strong></span> <span class='ocrx_word' id='word_1_338' title='bbox 2907 874 3047 944; x_wconf 90' lang='lat' dir='ltr'><strong>quod</strong></span> <span class='ocrx_word' id='word_1_339' title='bbox 3080 875 3157 931; x_wconf 92' lang='lat' dir='ltr'><strong>sic</strong></span> <span class='ocrx_word' id='word_1_340' title='bbox 3201 876 3314 945; x_wconf 91' lang='lat' dir='ltr'><strong>ipse</strong></span> <span class='ocrx_word' id='word_1_341' title='bbox 3342 877 3579 935; x_wconf 72' lang='lat' dir='ltr'><strong>declarat</strong></span> <span class='ocrx_word' id='word_1_342' title='bbox 3608 898 3621 932; x_wconf 89' lang='lat'><strong>:</strong></span> 
     </span>
    </p>
   </div>
   <div class='ocr_carea' id='block_1_46' title="bbox 2042 964 3622 1035">
    <p class='ocr_par' dir='ltr' id='par_1_46' title="bbox 2042 964 3622 1035">
     <span class='ocr_line' id='line_1_46' title="bbox 2042 964 3622 1035; baseline 0.006 -18"><span class='ocrx_word' id='word_1_343' title='bbox 2042 964 2184 1017; x_wconf 86' lang='lat' dir='ltr'><strong>Inter</strong></span> <span class='ocrx_word' id='word_1_344' title='bbox 2225 966 2465 1035; x_wconf 84' lang='lat' dir='ltr'><strong>templum</strong></span> <span class='ocrx_word' id='word_1_345' title='bbox 2492 977 2538 1020; x_wconf 89' lang='lat' dir='ltr'><strong>et</strong></span> <span class='ocrx_word' id='word_1_346' title='bbox 2564 967 2744 1023; x_wconf 86' lang='lat' dir='ltr'><strong>altare.</strong></span> <span class='ocrx_word' id='word_1_347' title='bbox 2794 970 2835 1022; x_wconf 81' lang='grc' dir='ltr'><strong>Α</strong></span> <span class='ocrx_word' id='word_1_348' title='bbox 2880 968 3041 1023; x_wconf 91' lang='lat' dir='ltr'><strong>modo</strong></span> <span class='ocrx_word' id='word_1_349' title='bbox 3094 970 3220 1024; x_wconf 92' lang='lat' dir='ltr'><strong>item</strong></span> <span class='ocrx_word' id='word_1_350' title='bbox 3265 970 3622 1027; x_wconf 88' lang='lat' dir='ltr'><strong>delictorum:</strong></span> 
     </span>
    </p>
   </div>
   <div class='ocr_carea' id='block_1_47' title="bbox 2043 1055 3626 1130">
    <p class='ocr_par' dir='ltr' id='par_1_47' title="bbox 2043 1055 3626 1130">
     <span class='ocr_line' id='line_1_47' title="bbox 2043 1055 3626 1130; baseline 0.005 -20"><span class='ocrx_word' id='word_1_351' title='bbox 2043 1055 2161 1110; x_wconf 89' lang='lat' dir='ltr'><strong>Non</strong></span> <span class='ocrx_word' id='word_1_352' title='bbox 2187 1057 2390 1122; x_wconf 88' lang='lat' dir='ltr'><strong>mirum,</strong></span> <span class='ocrx_word' id='word_1_353' title='bbox 2422 1058 2611 1126; x_wconf 91' lang='lat' dir='ltr'><strong>inquit,</strong></span> <span class='ocrx_word' id='word_1_354' title='bbox 2639 1069 2710 1111; x_wconf 85' lang='lat' dir='ltr'><strong>est</strong></span> <span class='ocrx_word' id='word_1_355' title='bbox 2739 1059 2784 1112; x_wconf 86' lang='lat' dir='ltr'><strong>si</strong></span> <span class='ocrx_word' id='word_1_356' title='bbox 2811 1062 2922 1128; x_wconf 88' lang='lat' dir='ltr'><strong>quis</strong></span> <span class='ocrx_word' id='word_1_357' title='bbox 2948 1060 3127 1129; x_wconf 80' lang='lat' dir='ltr'><strong>furans</strong></span> <span class='ocrx_word' id='word_1_358' title='bbox 3164 1063 3578 1130; x_wconf 78' lang='lat' dir='ltr'><strong>apprehendatur</strong></span> <span class='ocrx_word' id='word_1_359' title='bbox 3605 1079 3626 1118; x_wconf 88' lang='lat'><strong><em>:</em></strong></span> 
     </span>
    </p>
   </div>
   <div class='ocr_carea' id='block_1_48' title="bbox 2040 1152 3622 1229">
    <p class='ocr_par' dir='ltr' id='par_1_48' title="bbox 2040 1152 3622 1229">
     <span class='ocr_line' id='line_1_48' title="bbox 2040 1152 3622 1229; baseline 0.008 -28"><span class='ocrx_word' id='word_1_360' title='bbox 2040 1153 2241 1219; x_wconf 77' lang='lat' dir='ltr'><strong>furatur</strong></span> <span class='ocrx_word' id='word_1_361' title='bbox 2254 1152 2385 1203; x_wconf 87' lang='lat' dir='ltr'><strong>enim</strong></span> <span class='ocrx_word' id='word_1_362' title='bbox 2405 1161 2458 1203; x_wconf 88' lang='lat' dir='ltr'><strong>ut</strong></span> <span class='ocrx_word' id='word_1_363' title='bbox 2474 1152 2695 1205; x_wconf 87' lang='lat' dir='ltr'><strong>animam</strong></span> <span class='ocrx_word' id='word_1_364' title='bbox 2716 1168 2858 1205; x_wconf 89' lang='lat' dir='ltr'><strong>suam</strong></span> <span class='ocrx_word' id='word_1_365' title='bbox 2894 1154 3099 1223; x_wconf 80' lang='lat' dir='ltr'><strong>impleat</strong></span> <span class='ocrx_word' id='word_1_366' title='bbox 3124 1157 3422 1209; x_wconf 72' lang='lat' dir='ltr'><strong>esurientem</strong></span> <span class='ocrx_word' id='word_1_367' title='bbox 3439 1155 3622 1229; x_wconf 76' lang='lat' dir='ltr'><strong>(Prov.</strong></span> 
     </span>
    </p>
   </div>
   <div class='ocr_carea' id='block_1_49' title="bbox 2040 1240 3627 1314">
    <p class='ocr_par' dir='ltr' id='par_1_49' title="bbox 2040 1240 3627 1314">
     <span class='ocr_line' id='line_1_49' title="bbox 2040 1240 3627 1314; baseline 0.004 -21"><span class='ocrx_word' id='word_1_368' title='bbox 2040 1240 2093 1293; x_wconf 87' lang='lat'><strong>6.</strong></span> <span class='ocrx_word' id='word_1_369' title='bbox 2125 1240 2257 1311; x_wconf 78' lang='lat'><strong>30):</strong></span> <span class='ocrx_word' id='word_1_370' title='bbox 2288 1250 2341 1293; x_wconf 88' lang='lat' dir='ltr'><strong>et</strong></span> <span class='ocrx_word' id='word_1_371' title='bbox 2369 1256 2598 1303; x_wconf 88' lang='lat' dir='ltr'><strong>rursum,</strong></span> <span class='ocrx_word' id='word_1_372' title='bbox 2653 1241 2895 1297; x_wconf 83' lang='lat' dir='ltr'><strong>Oecidisti</strong></span> <span class='ocrx_word' id='word_1_373' title='bbox 2932 1245 3066 1312; x_wconf 83' lang='lat' dir='ltr'><strong>ﬁlios</strong></span> <span class='ocrx_word' id='word_1_374' title='bbox 3101 1254 3211 1298; x_wconf 88' lang='lat' dir='ltr'><strong>tuos</strong></span> <span class='ocrx_word' id='word_1_375' title='bbox 3245 1254 3289 1298; x_wconf 90' lang='lat' dir='ltr'><strong>et</strong></span> <span class='ocrx_word' id='word_1_376' title='bbox 3318 1246 3452 1314; x_wconf 83' lang='lat' dir='ltr'><strong>ﬁlias</strong></span> <span class='ocrx_word' id='word_1_377' title='bbox 3481 1257 3627 1310; x_wconf 86' lang='lat' dir='ltr'><strong>tuas;</strong></span> 
     </span>
    </p>
   </div>
   <div class='ocr_carea' id='block_1_50' title="bbox 2040 1332 3626 1404">
    <p class='ocr_par' dir='ltr' id='par_1_50' title="bbox 2040 1332 3626 1404">
     <span class='ocr_line' id='line_1_50' title="bbox 2040 1332 3626 1404; baseline 0.004 -20"><span class='ocrx_word' id='word_1_378' title='bbox 2040 1332 2135 1385; x_wconf 89' lang='lat' dir='ltr'><strong>hoc</strong></span> <span class='ocrx_word' id='word_1_379' title='bbox 2182 1348 2331 1401; x_wconf 87' lang='lat' dir='ltr'><strong>super</strong></span> <span class='ocrx_word' id='word_1_380' title='bbox 2359 1349 2553 1387; x_wconf 89' lang='lat' dir='ltr'><strong>omnem</strong></span> <span class='ocrx_word' id='word_1_381' title='bbox 2585 1336 2968 1404; x_wconf 76' lang='lat' dir='ltr'><strong>fornicationem</strong></span> <span class='ocrx_word' id='word_1_382' title='bbox 2994 1346 3132 1388; x_wconf 83' lang='lat' dir='ltr'><strong>luant</strong></span> <span class='ocrx_word' id='word_1_383' title='bbox 3161 1346 3207 1389; x_wconf 88' lang='lat' dir='ltr'><strong>et</strong></span> <span class='ocrx_word' id='word_1_384' title='bbox 3233 1337 3626 1391; x_wconf 72' lang='lat' dir='ltr'><strong>sbominatio‘nes</strong></span> 
     </span>
    </p>
   </div>
   <div class='ocr_carea' id='block_1_51' title="bbox 2041 1424 3630 1498">
    <p class='ocr_par' dir='ltr' id='par_1_51' title="bbox 2041 1424 3630 1498">
     <span class='ocr_line' id='line_1_51' title="bbox 2041 1424 3630 1498; baseline 0.002 -21"><span class='ocrx_word' id='word_1_385' title='bbox 2041 1433 2155 1478; x_wconf 87' lang='lat' dir='ltr'><strong>tuas</strong></span> <span class='ocrx_word' id='word_1_386' title='bbox 2180 1425 2198 1492; x_wconf 86' lang='lat' dir='ltr'><strong>l_</strong></span> <span class='ocrx_word' id='word_1_387' title='bbox 2220 1424 2402 1477; x_wconf 83' lang='lat' dir='ltr'><strong>Ezech.</strong></span> <span class='ocrx_word' id='word_1_388' title='bbox 2438 1426 2523 1479; x_wconf 81' lang='grc'><strong>16.</strong></span> <span class='ocrx_word' id='word_1_389' title='bbox 2562 1425 2689 1494; x_wconf 83' lang='lat'><strong>20).</strong></span> <span class='ocrx_word' id='word_1_390' title='bbox 2723 1427 2766 1480; x_wconf 85' lang='lat' dir='ltr'><strong>A</strong></span> <span class='ocrx_word' id='word_1_391' title='bbox 2800 1427 3042 1495; x_wconf 87' lang='lat' dir='ltr'><strong>personis</strong></span> <span class='ocrx_word' id='word_1_392' title='bbox 3070 1442 3236 1481; x_wconf 85' lang='lat' dir='ltr'><strong>vero:</strong></span> <span class='ocrx_word' id='word_1_393' title='bbox 3265 1426 3326 1482; x_wconf 90' lang='lat' dir='ltr'><strong>Si</strong></span> <span class='ocrx_word' id='word_1_394' title='bbox 3352 1430 3630 1498; x_wconf 75' lang='lat' dir='ltr'><strong>peccaverit</strong></span> 
     </span>
    </p>
   </div>
   <div class='ocr_carea' id='block_1_52' title="bbox 2040 1516 3631 1588">
    <p class='ocr_par' dir='ltr' id='par_1_52' title="bbox 2040 1516 3631 1588">
     <span class='ocr_line' id='line_1_52' title="bbox 2040 1516 3631 1588; baseline 0.002 -20"><span class='ocrx_word' id='word_1_395' title='bbox 2040 1516 2222 1585; x_wconf 86' lang='lat' dir='ltr'><strong>aliquis</strong></span> <span class='ocrx_word' id='word_1_396' title='bbox 2263 1517 2317 1569; x_wconf 85' lang='lat' dir='ltr'><strong>in</strong></span> <span class='ocrx_word' id='word_1_397' title='bbox 2358 1518 2608 1569; x_wconf 86' lang='lat' dir='ltr'><strong>hominem</strong></span> <span class='ocrx_word' id='word_1_398' title='bbox 2635 1558 2649 1580; x_wconf 84' lang='lat'><strong>,</strong></span> <span class='ocrx_word' id='word_1_399' title='bbox 2679 1517 2890 1570; x_wconf 87' lang='lat' dir='ltr'><strong>orabunt</strong></span> <span class='ocrx_word' id='word_1_400' title='bbox 2931 1533 3023 1586; x_wconf 88' lang='lat' dir='ltr'><strong>pro</strong></span> <span class='ocrx_word' id='word_1_401' title='bbox 3062 1534 3154 1581; x_wconf 91' lang='lat' dir='ltr'><strong>eo;</strong></span> <span class='ocrx_word' id='word_1_402' title='bbox 3181 1518 3223 1571; x_wconf 92' lang='lat' dir='ltr'><strong>si</strong></span> <span class='ocrx_word' id='word_1_403' title='bbox 3271 1519 3381 1588; x_wconf 85' lang='lat' dir='ltr'><strong>quis</strong></span> <span class='ocrx_word' id='word_1_404' title='bbox 3422 1535 3536 1573; x_wconf 91' lang='lat' dir='ltr'><strong>vero</strong></span> <span class='ocrx_word' id='word_1_405' title='bbox 3578 1520 3631 1572; x_wconf 85' lang='lat' dir='ltr'><strong>in</strong></span> 
     </span>
    </p>
   </div>
   <div class='ocr_carea' id='block_1_53' title="bbox 2042 1606 3628 1679">
    <p class='ocr_par' dir='ltr' id='par_1_53' title="bbox 2042 1606 3628 1679">
     <span class='ocr_line' id='line_1_53' title="bbox 2042 1606 3628 1679; baseline -0.001 -18"><span class='ocrx_word' id='word_1_406' title='bbox 2042 1606 2207 1661; x_wconf 88' lang='lat' dir='ltr'><strong>Deum</strong></span> <span class='ocrx_word' id='word_1_407' title='bbox 2236 1609 2543 1676; x_wconf 84' lang='lat' dir='ltr'><strong>peccaverit,</strong></span> <span class='ocrx_word' id='word_1_408' title='bbox 2566 1608 2677 1676; x_wconf 88' lang='lat' dir='ltr'><strong>quis</strong></span> <span class='ocrx_word' id='word_1_409' title='bbox 2700 1606 2982 1677; x_wconf 85' lang='lat' dir='ltr'><strong>precabitur</strong></span> <span class='ocrx_word' id='word_1_410' title='bbox 3024 1623 3115 1676; x_wconf 92' lang='lat' dir='ltr'><strong>pro</strong></span> <span class='ocrx_word' id='word_1_411' title='bbox 3153 1608 3242 1661; x_wconf 92' lang='lat' dir='ltr'><strong>illo</strong></span> <span class='ocrx_word' id='word_1_412' title='bbox 3265 1607 3283 1679; x_wconf 97' lang='lat'>(</span> <span class='ocrx_word' id='word_1_413' title='bbox 3305 1610 3354 1662; x_wconf 86' lang='lat' dir='ltr'><strong>I.</strong></span> <span class='ocrx_word' id='word_1_414' title='bbox 3400 1607 3529 1679; x_wconf 87' lang='lat' dir='ltr'><strong>Reg.</strong></span> <span class='ocrx_word' id='word_1_415' title='bbox 3572 1608 3628 1662; x_wconf 96' lang='lat'><strong>2.</strong></span> 
     </span>
    </p>
   </div>
   <div class='ocr_carea' id='block_1_54' title="bbox 2040 1697 3627 1769">
    <p class='ocr_par' dir='ltr' id='par_1_54' title="bbox 2040 1697 3627 1769">
     <span class='ocr_line' id='line_1_54' title="bbox 2040 1697 3627 1769; baseline -0.004 -14"><span class='ocrx_word' id='word_1_416' title='bbox 2040 1697 2112 1755; x_wconf 76' lang='lat'><strong>25</strong></span> <span class='ocrx_word' id='word_1_417' title='bbox 2129 1700 2185 1769; x_wconf 88' lang='lat'><strong>)?</strong></span> <span class='ocrx_word' id='word_1_418' title='bbox 2210 1697 2421 1753; x_wconf 88' lang='lat' dir='ltr'><strong>Etcum</strong></span> <span class='ocrx_word' id='word_1_419' title='bbox 2442 1698 2562 1767; x_wconf 91' lang='lat' dir='ltr'><strong>quis</strong></span> <span class='ocrx_word' id='word_1_420' title='bbox 2582 1713 2694 1763; x_wconf 89' lang='lat' dir='ltr'><strong>eos,</strong></span> <span class='ocrx_word' id='word_1_421' title='bbox 2711 1698 2801 1768; x_wconf 90' lang='lat' dir='ltr'><strong>qui</strong></span> <span class='ocrx_word' id='word_1_422' title='bbox 2831 1697 3040 1752; x_wconf 74' lang='lat' dir='ltr'><strong>caeteris</strong></span> <span class='ocrx_word' id='word_1_423' title='bbox 3068 1698 3226 1768; x_wconf 92' lang='lat' dir='ltr'><strong>longe</strong></span> <span class='ocrx_word' id='word_1_424' title='bbox 3253 1698 3462 1769; x_wconf 89' lang='lat' dir='ltr'><strong>pejores</strong></span> <span class='ocrx_word' id='word_1_425' title='bbox 3483 1710 3627 1763; x_wconf 85' lang='lat' dir='ltr'><strong>sunt,</strong></span> 
     </span>
    </p>
   </div>
   <div class='ocr_carea' id='block_1_55' title="bbox 2041 1789 3629 1862">
    <p class='ocr_par' dir='ltr' id='par_1_55' title="bbox 2041 1789 3629 1862">
     <span class='ocr_line' id='line_1_55' title="bbox 2041 1789 3629 1862; baseline -0.002 -15"><span class='ocrx_word' id='word_1_426' title='bbox 2041 1790 2242 1847; x_wconf 87' lang='lat' dir='ltr'><strong>desidia</strong></span> <span class='ocrx_word' id='word_1_427' title='bbox 2266 1790 2627 1862; x_wconf 86' lang='lat' dir='ltr'><strong>superaverit;</strong></span> <span class='ocrx_word' id='word_1_428' title='bbox 2669 1789 2812 1860; x_wconf 94' lang='lat' dir='ltr'><strong>quod</strong></span> <span class='ocrx_word' id='word_1_429' title='bbox 2838 1789 2977 1860; x_wconf 89' lang='lat' dir='ltr'><strong>apud</strong></span> <span class='ocrx_word' id='word_1_430' title='bbox 3005 1790 3339 1846; x_wconf 82' lang='lat' dir='ltr'><strong>Ezecliicleut</strong></span> <span class='ocrx_word' id='word_1_431' title='bbox 3368 1791 3512 1846; x_wconf 88' lang='lat' dir='ltr'><strong>Deus</strong></span> <span class='ocrx_word' id='word_1_432' title='bbox 3532 1806 3629 1845; x_wconf 80' lang='lat' dir='ltr'><strong>ex—</strong></span> 
     </span>
    </p>
   </div>
   <div class='ocr_carea' id='block_1_56' title="bbox 2043 1883 3632 1955">
    <p class='ocr_par' dir='ltr' id='par_1_56' title="bbox 2043 1883 3632 1955">
     <span class='ocr_line' id='line_1_56' title="bbox 2043 1883 3632 1955; baseline -0.001 -16"><span class='ocrx_word' id='word_1_433' title='bbox 2043 1884 2263 1955; x_wconf 87' lang='lat' dir='ltr'><strong>probrat</strong></span> <span class='ocrx_word' id='word_1_434' title='bbox 2286 1926 2299 1948; x_wconf 94' lang='lat'><strong>,</strong></span> <span class='ocrx_word' id='word_1_435' title='bbox 2328 1884 2509 1939; x_wconf 90' lang='lat' dir='ltr'><strong>dicens</strong></span> <span class='ocrx_word' id='word_1_436' title='bbox 2536 1902 2549 1938; x_wconf 92' lang='lat'>:</span> <span class='ocrx_word' id='word_1_437' title='bbox 2576 1883 2752 1954; x_wconf 84' lang='lat' dir='ltr'><strong>Neque</strong></span> <span class='ocrx_word' id='word_1_438' title='bbox 2793 1884 3068 1938; x_wconf 89' lang='lat' dir='ltr'><strong>secundum</strong></span> <span class='ocrx_word' id='word_1_439' title='bbox 3088 1884 3477 1955; x_wconf 80' lang='lat' dir='ltr'><strong>justiﬁcationes</strong></span> <span class='ocrx_word' id='word_1_440' title='bbox 3510 1900 3632 1954; x_wconf 51' lang='lat' dir='ltr'><strong>gen-</strong></span> 
     </span>
    </p>
   </div>
   <div class='ocr_carea' id='block_1_57' title="bbox 2043 1974 3633 2047">
    <p class='ocr_par' dir='ltr' id='par_1_57' title="bbox 2043 1974 3633 2047">
     <span class='ocr_line' id='line_1_57' title="bbox 2043 1974 3633 2047; baseline -0.001 -17"><span class='ocrx_word' id='word_1_441' title='bbox 2043 1976 2169 2031; x_wconf 89' lang='lat' dir='ltr'><strong>tium</strong></span> <span class='ocrx_word' id='word_1_442' title='bbox 2191 1976 2353 2047; x_wconf 78' lang='lat' dir='ltr'><strong>fecisti</strong></span> <span class='ocrx_word' id='word_1_443' title='bbox 2377 1976 2396 2047; x_wconf 92' lang='lat'><strong>(</strong></span> <span class='ocrx_word' id='word_1_444' title='bbox 2423 1976 2607 2031; x_wconf 75' lang='lat' dir='ltr'><strong>Ezech.</strong></span> <span class='ocrx_word' id='word_1_445' title='bbox 2639 1976 2693 2032; x_wconf 85' lang='lat'><strong>5.</strong></span> <span class='ocrx_word' id='word_1_446' title='bbox 2728 1977 2757 2029; x_wconf 87' lang='lat'><strong>7</strong></span> <span class='ocrx_word' id='word_1_447' title='bbox 2780 1974 2823 2047; x_wconf 94' lang='lat'><strong>).</strong></span> <span class='ocrx_word' id='word_1_448' title='bbox 2849 1977 3058 2031; x_wconf 88' lang='lat' dir='ltr'><strong>Etcum</strong></span> <span class='ocrx_word' id='word_1_449' title='bbox 3082 1991 3149 2032; x_wconf 90' lang='lat' dir='ltr'><strong>ne</strong></span> <span class='ocrx_word' id='word_1_450' title='bbox 3167 1977 3388 2032; x_wconf 89' lang='lat' dir='ltr'><strong>aliorum</strong></span> <span class='ocrx_word' id='word_1_451' title='bbox 3418 1976 3633 2046; x_wconf 86' lang='lat' dir='ltr'><strong>quidem</strong></span> 
     </span>
    </p>
   </div>
   <div class='ocr_carea' id='block_1_58' title="bbox 2044 2064 3635 2136">
    <p class='ocr_par' dir='ltr' id='par_1_58' title="bbox 2044 2064 3635 2136">
     <span class='ocr_line' id='line_1_58' title="bbox 2044 2064 3635 2136; baseline -0.003 -14"><span class='ocrx_word' id='word_1_452' title='bbox 2044 2066 2307 2136; x_wconf 81' lang='lat' dir='ltr'><strong>exemplis</strong></span> <span class='ocrx_word' id='word_1_453' title='bbox 2353 2066 2702 2122; x_wconf 90' lang='lat' dir='ltr'><strong>emendamur</strong></span> <span class='ocrx_word' id='word_1_454' title='bbox 2734 2086 2748 2121; x_wconf 88' lang='lat'><strong>:</strong></span> <span class='ocrx_word' id='word_1_455' title='bbox 2785 2064 2921 2119; x_wconf 84' lang='lat' dir='ltr'><strong>Vidit</strong></span> <span class='ocrx_word' id='word_1_456' title='bbox 2950 2083 3175 2121; x_wconf 85' lang='lat' dir='ltr'><strong>sororem</strong></span> <span class='ocrx_word' id='word_1_457' title='bbox 3218 2066 3377 2134; x_wconf 84' lang='lat' dir='ltr'><strong>ipsius</strong></span> <span class='ocrx_word' id='word_1_458' title='bbox 3398 2106 3412 2131; x_wconf 91' lang='lat'><strong>,</strong></span> <span class='ocrx_word' id='word_1_459' title='bbox 3444 2068 3520 2119; x_wconf 92' lang='lat' dir='ltr'><strong>ait</strong></span> <span class='ocrx_word' id='word_1_460' title='bbox 3543 2106 3559 2130; x_wconf 90' lang='lat'><strong>,</strong></span> <span class='ocrx_word' id='word_1_461' title='bbox 3588 2076 3635 2120; x_wconf 88' lang='lat' dir='ltr'><strong>et</strong></span> 
     </span>
    </p>
   </div>
   <div class='ocr_carea' id='block_1_59' title="bbox 2034 2157 3636 2232">
    <p class='ocr_par' dir='ltr' id='par_1_59' title="bbox 2034 2157 3636 2232">
     <span class='ocr_line' id='line_1_59' title="bbox 2034 2157 3636 2232; baseline -0.005 -19"><span class='ocrx_word' id='word_1_462' title='bbox 2034 2160 2337 2232; x_wconf 72' lang='lat' dir='ltr'><strong>justiﬁcavit</strong></span> <span class='ocrx_word' id='word_1_463' title='bbox 2372 2176 2503 2213; x_wconf 90' lang='lat' dir='ltr'><strong>eam.</strong></span> <span class='ocrx_word' id='word_1_464' title='bbox 2553 2159 2620 2214; x_wconf 84' lang='lat' dir='ltr'><strong>Et</strong></span> <span class='ocrx_word' id='word_1_465' title='bbox 2661 2158 2873 2229; x_wconf 88' lang='lat' dir='ltr'><strong>quando</strong></span> <span class='ocrx_word' id='word_1_466' title='bbox 2911 2158 3115 2229; x_wconf 87' lang='lat' dir='ltr'><strong>majore</strong></span> <span class='ocrx_word' id='word_1_467' title='bbox 3165 2157 3284 2227; x_wconf 91' lang='lat' dir='ltr'><strong>quis</strong></span> <span class='ocrx_word' id='word_1_468' title='bbox 3332 2157 3636 2227; x_wconf 76' lang='lat' dir='ltr'><strong>patrocinio</strong></span> 
     </span>
    </p>
   </div>
   <div class='ocr_carea' id='block_1_60' title="bbox 2047 2247 3637 2320">
    <p class='ocr_par' dir='ltr' id='par_1_60' title="bbox 2047 2247 3637 2320">
     <span class='ocr_line' id='line_1_60' title="bbox 2047 2247 3637 2320; baseline -0.004 -15"><span class='ocrx_word' id='word_1_469' title='bbox 2047 2264 2175 2305; x_wconf 90' lang='lat' dir='ltr'><strong>usus</strong></span> <span class='ocrx_word' id='word_1_470' title='bbox 2200 2260 2282 2305; x_wconf 91' lang='lat' dir='ltr'><strong>est</strong></span> <span class='ocrx_word' id='word_1_471' title='bbox 2308 2268 2321 2304; x_wconf 93' lang='lat'><strong>:</strong></span> <span class='ocrx_word' id='word_1_472' title='bbox 2348 2249 2408 2305; x_wconf 89' lang='lat' dir='ltr'><strong>Si</strong></span> <span class='ocrx_word' id='word_1_473' title='bbox 2434 2250 2567 2303; x_wconf 86' lang='lat' dir='ltr'><strong>enim</strong></span> <span class='ocrx_word' id='word_1_474' title='bbox 2590 2249 2642 2304; x_wconf 89' lang='lat' dir='ltr'><strong>in</strong></span> <span class='ocrx_word' id='word_1_475' title='bbox 2669 2248 2824 2320; x_wconf 78' lang='lat' dir='ltr'><strong>Tyro,</strong></span> <span class='ocrx_word' id='word_1_476' title='bbox 2840 2249 3029 2318; x_wconf 90' lang='lat' dir='ltr'><strong>inquit,</strong></span> <span class='ocrx_word' id='word_1_477' title='bbox 3052 2258 3098 2303; x_wconf 91' lang='lat' dir='ltr'><strong>et</strong></span> <span class='ocrx_word' id='word_1_478' title='bbox 3120 2247 3314 2303; x_wconf 87' lang='lat' dir='ltr'><strong>Sidone</strong></span> <span class='ocrx_word' id='word_1_479' title='bbox 3337 2248 3415 2301; x_wconf 74' lang='lat' dir='ltr'><strong>hie</strong></span> <span class='ocrx_word' id='word_1_480' title='bbox 3433 2251 3637 2300; x_wconf 86' lang='lat' dir='ltr'><strong>virtutes</strong></span> 
     </span>
    </p>
   </div>
   <div class='ocr_carea' id='block_1_61' title="bbox 2049 2339 3639 2415">
    <p class='ocr_par' dir='ltr' id='par_1_61' title="bbox 2049 2339 3639 2415">
     <span class='ocr_line' id='line_1_61' title="bbox 2049 2339 3639 2415; baseline -0.003 -19"><span class='ocrx_word' id='word_1_481' title='bbox 2049 2346 2199 2414; x_wconf 77' lang='lat' dir='ltr'><strong>facta:</strong></span> <span class='ocrx_word' id='word_1_482' title='bbox 2224 2344 2454 2415; x_wconf 80' lang='lat' dir='ltr'><strong>fuissent,</strong></span> <span class='ocrx_word' id='word_1_483' title='bbox 2477 2342 2599 2396; x_wconf 87' lang='lat' dir='ltr'><strong>olim</strong></span> <span class='ocrx_word' id='word_1_484' title='bbox 2621 2342 2964 2412; x_wconf 75' lang='lat' dir='ltr'><strong>pteniteutiam</strong></span> <span class='ocrx_word' id='word_1_485' title='bbox 2984 2340 3216 2411; x_wconf 87' lang='lat' dir='ltr'><strong>egissent.</strong></span> <span class='ocrx_word' id='word_1_486' title='bbox 3246 2339 3489 2394; x_wconf 71' lang='lat' dir='ltr'><strong>Caeterum</strong></span> <span class='ocrx_word' id='word_1_487' title='bbox 3520 2340 3639 2392; x_wconf 86' lang='lat' dir='ltr'><strong>tole-</strong></span> 
     </span>
    </p>
   </div>
   <div class='ocr_carea' id='block_1_62' title="bbox 2047 2429 3636 2507">
    <p class='ocr_par' dir='ltr' id='par_1_62' title="bbox 2047 2429 3636 2507">
     <span class='ocr_line' id='line_1_62' title="bbox 2047 2429 3636 2507; baseline -0.004 -16"><span class='ocrx_word' id='word_1_488' title='bbox 2047 2438 2259 2491; x_wconf 86' lang='lat' dir='ltr'><strong>rabilius</strong></span> <span class='ocrx_word' id='word_1_489' title='bbox 2282 2438 2373 2491; x_wconf 81' lang='lat' dir='ltr'><strong>erit</strong></span> <span class='ocrx_word' id='word_1_490' title='bbox 2396 2435 2533 2507; x_wconf 81' lang='lat' dir='ltr'><strong>Tyro</strong></span> <span class='ocrx_word' id='word_1_491' title='bbox 2561 2446 2609 2489; x_wconf 90' lang='lat' dir='ltr'><strong>et</strong></span> <span class='ocrx_word' id='word_1_492' title='bbox 2638 2434 2842 2498; x_wconf 87' lang='lat' dir='ltr'><strong>Sidoni,</strong></span> <span class='ocrx_word' id='word_1_493' title='bbox 2870 2450 3022 2504; x_wconf 87' lang='lat' dir='ltr'><strong>quam</strong></span> <span class='ocrx_word' id='word_1_494' title='bbox 3047 2432 3234 2485; x_wconf 85' lang='lat' dir='ltr'><strong>civitati</strong></span> <span class='ocrx_word' id='word_1_495' title='bbox 3264 2432 3380 2485; x_wconf 87' lang='lat' dir='ltr'><strong>huic</strong></span> <span class='ocrx_word' id='word_1_496' title='bbox 3403 2430 3423 2502; x_wconf 88' lang='lat'><strong>(</strong></span> <span class='ocrx_word' id='word_1_497' title='bbox 3446 2429 3636 2484; x_wconf 81' lang='lat' dir='ltr'><strong>Matth.</strong></span> 
     </span>
    </p>
   </div>
   <div class='ocr_carea' id='block_1_63' title="bbox 2051 2524 3639 2598">
    <p class='ocr_par' dir='ltr' id='par_1_63' title="bbox 2051 2524 3639 2598">
     <span class='ocr_line' id='line_1_63' title="bbox 2051 2524 3639 2598; baseline -0.006 -12"><span class='ocrx_word' id='word_1_498' title='bbox 2051 2533 2137 2588; x_wconf 89' lang='grc'><strong>11.</strong></span> <span class='ocrx_word' id='word_1_499' title='bbox 2188 2531 2278 2585; x_wconf 89' lang='lat' dir='ltr'><strong>2f.</strong></span> <span class='ocrx_word' id='word_1_500' title='bbox 2318 2530 2388 2584; x_wconf 77' lang='lat'><strong>22</strong></span> <span class='ocrx_word' id='word_1_501' title='bbox 2411 2530 2452 2597; x_wconf 91' lang='lat'><strong>).</strong></span> <span class='ocrx_word' id='word_1_502' title='bbox 2482 2528 2728 2583; x_wconf 83' lang='lat' dir='ltr'><strong>Vidistin’</strong></span> <span class='ocrx_word' id='word_1_503' title='bbox 2767 2525 3057 2598; x_wconf 85' lang='lat' dir='ltr'><strong>perfectam</strong></span> <span class='ocrx_word' id='word_1_504' title='bbox 3087 2524 3509 2588; x_wconf 86' lang='lat' dir='ltr'><strong>accnrationem,</strong></span> <span class='ocrx_word' id='word_1_505' title='bbox 3543 2537 3639 2576; x_wconf 88' lang='lat' dir='ltr'><strong>nec</strong></span> 
     </span>
    </p>
   </div>
   <div class='ocr_carea' id='block_1_64' title="bbox 2049 2614 3640 2688">
    <p class='ocr_par' dir='ltr' id='par_1_64' title="bbox 2049 2614 3640 2688">
     <span class='ocr_line' id='line_1_64' title="bbox 2049 2614 3640 2688; baseline -0.008 -9"><span class='ocrx_word' id='word_1_506' title='bbox 2049 2639 2238 2679; x_wconf 88' lang='lat' dir='ltr'><strong>omnes</strong></span> <span class='ocrx_word' id='word_1_507' title='bbox 2280 2619 2590 2676; x_wconf 91' lang='lat' dir='ltr'><strong>eorumdem</strong></span> <span class='ocrx_word' id='word_1_508' title='bbox 2642 2627 2979 2688; x_wconf 88' lang='lat' dir='ltr'><strong>peccatorum</strong></span> <span class='ocrx_word' id='word_1_509' title='bbox 3035 2631 3191 2685; x_wconf 84' lang='lat' dir='ltr'><strong>pares</strong></span> <span class='ocrx_word' id='word_1_510' title='bbox 3237 2629 3424 2685; x_wconf 66' lang='lat' dir='ltr'><strong>pinnas</strong></span> <span class='ocrx_word' id='word_1_511' title='bbox 3469 2614 3640 2667; x_wconf 80' lang='lat' dir='ltr'><strong>dare?</strong></span> 
     </span>
    </p>
   </div>
   <div class='ocr_carea' id='block_1_65' title="bbox 2048 2705 3640 2781">
    <p class='ocr_par' dir='ltr' id='par_1_65' title="bbox 2048 2705 3640 2781">
     <span class='ocr_line' id='line_1_65' title="bbox 2048 2705 3640 2781; baseline -0.008 -12"><span class='ocrx_word' id='word_1_512' title='bbox 2048 2714 2181 2770; x_wconf 88' lang='lat' dir='ltr'><strong>Nam</strong></span> <span class='ocrx_word' id='word_1_513' title='bbox 2204 2729 2323 2768; x_wconf 93' lang='lat' dir='ltr'><strong>cum</strong></span> <span class='ocrx_word' id='word_1_514' title='bbox 2352 2721 2473 2781; x_wconf 92' lang='lat' dir='ltr'><strong>post</strong></span> <span class='ocrx_word' id='word_1_515' title='bbox 2497 2710 2706 2780; x_wconf 90' lang='lat' dir='ltr'><strong>longam</strong></span> <span class='ocrx_word' id='word_1_516' title='bbox 2729 2708 2822 2763; x_wconf 88' lang='lat' dir='ltr'><strong>Dei</strong></span> <span class='ocrx_word' id='word_1_517' title='bbox 2851 2706 3161 2778; x_wconf 89' lang='lat' dir='ltr'><strong>patientiam</strong></span> <span class='ocrx_word' id='word_1_518' title='bbox 3192 2705 3321 2760; x_wconf 88' lang='lat' dir='ltr'><strong>nihil</strong></span> <span class='ocrx_word' id='word_1_519' title='bbox 3349 2706 3640 2765; x_wconf 86' lang='lat' dir='ltr'><strong>lucramur,</strong></span> 
     </span>
    </p>
   </div>
   <div class='ocr_carea' id='block_1_66' title="bbox 2049 2798 3639 2879">
    <p class='ocr_par' dir='ltr' id='par_1_66' title="bbox 2049 2798 3639 2879">
     <span class='ocr_line' id='line_1_66' title="bbox 2049 2798 3639 2879; baseline -0.007 -17"><span class='ocrx_word' id='word_1_520' title='bbox 2049 2808 2291 2879; x_wconf 87' lang='lat' dir='ltr'><strong>graviora</strong></span> <span class='ocrx_word' id='word_1_521' title='bbox 2324 2805 2617 2875; x_wconf 85' lang='lat' dir='ltr'><strong>patiemur;</strong></span> <span class='ocrx_word' id='word_1_522' title='bbox 2647 2813 2703 2858; x_wconf 89' lang='lat' dir='ltr'><strong>et</strong></span> <span class='ocrx_word' id='word_1_523' title='bbox 2731 2801 2834 2857; x_wconf 88' lang='lat' dir='ltr'><strong>hoc</strong></span> <span class='ocrx_word' id='word_1_524' title='bbox 2867 2801 3058 2856; x_wconf 88' lang='lat' dir='ltr'><strong>Paulus</strong></span> <span class='ocrx_word' id='word_1_525' title='bbox 3096 2800 3391 2868; x_wconf 88' lang='lat' dir='ltr'><strong>significat,</strong></span> <span class='ocrx_word' id='word_1_526' title='bbox 3416 2798 3639 2853; x_wconf 88' lang='lat' dir='ltr'><strong>dicens:</strong></span> 
     </span>
    </p>
   </div>
   <div class='ocr_carea' id='block_1_67' title="bbox 2053 2891 3642 2962">
    <p class='ocr_par' dir='ltr' id='par_1_67' title="bbox 2053 2891 3642 2962">
     <span class='ocr_line' id='line_1_67' title="bbox 2053 2891 3642 2962; baseline -0.008 -6"><span class='ocrx_word' id='word_1_527' title='bbox 2053 2901 2347 2956; x_wconf 87' lang='lat' dir='ltr'><strong>Secundum</strong></span> <span class='ocrx_word' id='word_1_528' title='bbox 2385 2897 2625 2950; x_wconf 88' lang='lat' dir='ltr'><strong>duritiam</strong></span> <span class='ocrx_word' id='word_1_529' title='bbox 2662 2907 2800 2949; x_wconf 89' lang='lat' dir='ltr'><strong>tuam</strong></span> <span class='ocrx_word' id='word_1_530' title='bbox 2822 2934 2838 2960; x_wconf 93' lang='lat'><strong>,</strong></span> <span class='ocrx_word' id='word_1_531' title='bbox 2870 2903 2919 2949; x_wconf 90' lang='lat' dir='ltr'><strong>et</strong></span> <span class='ocrx_word' id='word_1_532' title='bbox 2945 2894 3261 2962; x_wconf 71' lang='lat' dir='ltr'><strong>impmnitens</strong></span> <span class='ocrx_word' id='word_1_533' title='bbox 3287 2909 3374 2946; x_wconf 90' lang='lat' dir='ltr'><strong>cor</strong></span> <span class='ocrx_word' id='word_1_534' title='bbox 3393 2934 3409 2956; x_wconf 90' lang='lat'><strong>,</strong></span> <span class='ocrx_word' id='word_1_535' title='bbox 3442 2891 3642 2945; x_wconf 84' lang='lat' dir='ltr'><strong>thesau-</strong></span> 
     </span>
    </p>
   </div>
   <div class='ocr_carea' id='block_1_68' title="bbox 2050 2986 3643 3061">
    <p class='ocr_par' dir='ltr' id='par_1_68' title="bbox 2050 2986 3643 3061">
     <span class='ocr_line' id='line_1_68' title="bbox 2050 2986 3643 3061; baseline -0.008 -14"><span class='ocrx_word' id='word_1_536' title='bbox 2050 2993 2186 3047; x_wconf 77' lang='lat' dir='ltr'><strong>risas</strong></span> <span class='ocrx_word' id='word_1_537' title='bbox 2214 2991 2302 3044; x_wconf 86' lang='lat' dir='ltr'><strong>tibi</strong></span> <span class='ocrx_word' id='word_1_538' title='bbox 2328 2988 2668 3061; x_wconf 84' lang='lat' dir='ltr'><strong>iram(Rom.</strong></span> <span class='ocrx_word' id='word_1_539' title='bbox 2720 2988 2776 3041; x_wconf 87' lang='lat'><strong>2.</strong></span> <span class='ocrx_word' id='word_1_540' title='bbox 2823 2987 2914 3059; x_wconf 83' lang='lat'><strong>5).</strong></span> <span class='ocrx_word' id='word_1_541' title='bbox 2965 2986 3091 3042; x_wconf 70' lang='lat' dir='ltr'><strong>Haec</strong></span> <span class='ocrx_word' id='word_1_542' title='bbox 3117 3002 3239 3042; x_wconf 91' lang='lat' dir='ltr'><strong>cum</strong></span> <span class='ocrx_word' id='word_1_543' title='bbox 3285 2986 3643 3047; x_wconf 84' lang='lat' dir='ltr'><strong>scianius,ne</strong></span> 
     </span>
    </p>
   </div>
   <div class='ocr_carea' id='block_1_69' title="bbox 2051 3078 3645 3144">
    <p class='ocr_par' dir='ltr' id='par_1_69' title="bbox 2051 3078 3645 3144">
     <span class='ocr_line' id='line_1_69' title="bbox 2051 3078 3645 3144; baseline -0.006 -6"><span class='ocrx_word' id='word_1_544' title='bbox 2051 3083 2384 3138; x_wconf 85' lang='lat' dir='ltr'><strong>offendamur</strong></span> <span class='ocrx_word' id='word_1_545' title='bbox 2425 3082 2510 3135; x_wconf 90' lang='lat' dir='ltr'><strong>vel</strong></span> <span class='ocrx_word' id='word_1_546' title='bbox 2554 3080 2830 3135; x_wconf 70' lang='lat' dir='ltr'><strong>turbamur</strong></span> <span class='ocrx_word' id='word_1_547' title='bbox 2869 3078 2937 3134; x_wconf 91' lang='lat' dir='ltr'><strong>de</strong></span> <span class='ocrx_word' id='word_1_548' title='bbox 2976 3094 3153 3133; x_wconf 89' lang='lat' dir='ltr'><strong>rerum</strong></span> <span class='ocrx_word' id='word_1_549' title='bbox 3201 3087 3425 3142; x_wconf 85' lang='lat' dir='ltr'><strong>eventu,</strong></span> <span class='ocrx_word' id='word_1_550' title='bbox 3470 3089 3645 3144; x_wconf 87' lang='lat' dir='ltr'><strong>neque</strong></span> 
     </span>
    </p>
   </div>
   <div class='ocr_carea' id='block_1_70' title="bbox 2051 3167 3641 3245">
    <p class='ocr_par' dir='ltr' id='par_1_70' title="bbox 2051 3167 3641 3245">
     <span class='ocr_line' id='line_1_70' title="bbox 2051 3167 3641 3245; baseline -0.007 -15"><span class='ocrx_word' id='word_1_551' title='bbox 2051 3175 2431 3245; x_wconf 85' lang='lat' dir='ltr'><strong>cogitationum</strong></span> <span class='ocrx_word' id='word_1_552' title='bbox 2474 3172 2724 3227; x_wconf 90' lang='lat' dir='ltr'><strong>fluctibus</strong></span> <span class='ocrx_word' id='word_1_553' title='bbox 2762 3172 3054 3242; x_wconf 89' lang='lat' dir='ltr'><strong>agitemur;</strong></span> <span class='ocrx_word' id='word_1_554' title='bbox 3091 3170 3188 3225; x_wconf 88' lang='lat' dir='ltr'><strong>sed</strong></span> <span class='ocrx_word' id='word_1_555' title='bbox 3224 3167 3641 3238; x_wconf 83' lang='lat' dir='ltr'><strong>incomprehen-</strong></span> 
     </span>
    </p>
   </div>
   <div class='ocr_carea' id='block_1_71' title="bbox 2051 3260 3639 3334">
    <p class='ocr_par' dir='ltr' id='par_1_71' title="bbox 2051 3260 3639 3334">
     <span class='ocr_line' id='line_1_71' title="bbox 2051 3260 3639 3334; baseline -0.007 -12"><span class='ocrx_word' id='word_1_556' title='bbox 2051 3266 2288 3323; x_wconf 85' lang='lat' dir='ltr'><strong>sibilitati</strong></span> <span class='ocrx_word' id='word_1_557' title='bbox 2315 3266 2507 3320; x_wconf 59' lang='lat' dir='ltr'><strong>divinae</strong></span> <span class='ocrx_word' id='word_1_558' title='bbox 2528 3263 2876 3334; x_wconf 56' lang='lat' dir='ltr'><strong>providentiae</strong></span> <span class='ocrx_word' id='word_1_559' title='bbox 2900 3262 3152 3317; x_wconf 87' lang='lat' dir='ltr'><strong>cedentes</strong></span> <span class='ocrx_word' id='word_1_560' title='bbox 3174 3302 3190 3327; x_wconf 95' lang='lat'><strong>,</strong></span> <span class='ocrx_word' id='word_1_561' title='bbox 3220 3260 3433 3315; x_wconf 89' lang='lat' dir='ltr'><strong>virtutis</strong></span> <span class='ocrx_word' id='word_1_562' title='bbox 3453 3272 3639 3314; x_wconf 89' lang='lat' dir='ltr'><strong>curam</strong></span> 
     </span>
    </p>
   </div>
   <div class='ocr_carea' id='block_1_72' title="bbox 2052 3351 3642 3426">
    <p class='ocr_par' dir='ltr' id='par_1_72' title="bbox 2052 3351 3642 3426">
     <span class='ocr_line' id='line_1_72' title="bbox 2052 3351 3642 3426; baseline -0.005 -14"><span class='ocrx_word' id='word_1_563' title='bbox 2052 3359 2378 3426; x_wconf 88' lang='lat' dir='ltr'><strong>habeamus,</strong></span> <span class='ocrx_word' id='word_1_564' title='bbox 2409 3356 2806 3426; x_wconf 89' lang='lat' dir='ltr'><strong>nequitiamque</strong></span> <span class='ocrx_word' id='word_1_565' title='bbox 2835 3352 3097 3424; x_wconf 88' lang='lat' dir='ltr'><strong>fugiamus</strong></span> <span class='ocrx_word' id='word_1_566' title='bbox 3126 3371 3139 3406; x_wconf 92' lang='lat'>:</span> <span class='ocrx_word' id='word_1_567' title='bbox 3169 3360 3226 3407; x_wconf 89' lang='lat' dir='ltr'><strong>ut</strong></span> <span class='ocrx_word' id='word_1_568' title='bbox 3253 3351 3447 3406; x_wconf 91' lang='lat' dir='ltr'><strong>futuris</strong></span> <span class='ocrx_word' id='word_1_569' title='bbox 3488 3351 3642 3405; x_wconf 88' lang='lat' dir='ltr'><strong>bonis</strong></span> 
     </span>
    </p>
   </div>
   <div class='ocr_carea' id='block_1_73' title="bbox 2052 3443 3644 3523">
    <p class='ocr_par' dir='ltr' id='par_1_73' title="bbox 2052 3443 3644 3523">
     <span class='ocr_line' id='line_1_73' title="bbox 2052 3443 3644 3523; baseline -0.004 -20"><span class='ocrx_word' id='word_1_570' title='bbox 2052 3454 2350 3523; x_wconf 77' lang='lat' dir='ltr'><strong>patiamur,</strong></span> <span class='ocrx_word' id='word_1_571' title='bbox 2383 3450 2551 3520; x_wconf 84' lang='lat' dir='ltr'><strong>gratia</strong></span> <span class='ocrx_word' id='word_1_572' title='bbox 2575 3457 2630 3503; x_wconf 93' lang='lat' dir='ltr'><strong>et</strong></span> <span class='ocrx_word' id='word_1_573' title='bbox 2654 3448 2978 3517; x_wconf 89' lang='lat' dir='ltr'><strong>benignitate</strong></span> <span class='ocrx_word' id='word_1_574' title='bbox 3025 3444 3233 3499; x_wconf 89' lang='lat' dir='ltr'><strong>Domini</strong></span> <span class='ocrx_word' id='word_1_575' title='bbox 3286 3444 3461 3499; x_wconf 90' lang='lat' dir='ltr'><strong>nostri</strong></span> <span class='ocrx_word' id='word_1_576' title='bbox 3514 3443 3644 3498; x_wconf 82' lang='lat' dir='ltr'><strong>Jesu</strong></span> 
     </span>
    </p>
   </div>
   <div class='ocr_carea' id='block_1_74' title="bbox 2052 3538 3644 3614">
    <p class='ocr_par' dir='ltr' id='par_1_74' title="bbox 2052 3538 3644 3614">
     <span class='ocr_line' id='line_1_74' title="bbox 2052 3538 3644 3614; baseline -0.006 -15"><span class='ocrx_word' id='word_1_577' title='bbox 2052 3545 2287 3611; x_wconf 84' lang='lat' dir='ltr'><strong>Christi,</strong></span> <span class='ocrx_word' id='word_1_578' title='bbox 2318 3557 2414 3614; x_wconf 92' lang='lat' dir='ltr'><strong>per</strong></span> <span class='ocrx_word' id='word_1_579' title='bbox 2439 3555 2600 3612; x_wconf 89' lang='lat' dir='ltr'><strong>quem</strong></span> <span class='ocrx_word' id='word_1_580' title='bbox 2630 3550 2687 3595; x_wconf 91' lang='lat' dir='ltr'><strong>et</strong></span> <span class='ocrx_word' id='word_1_581' title='bbox 2723 3555 2844 3595; x_wconf 92' lang='lat' dir='ltr'><strong>cum</strong></span> <span class='ocrx_word' id='word_1_582' title='bbox 2870 3554 2976 3609; x_wconf 90' lang='lat' dir='ltr'><strong>quo</strong></span> <span class='ocrx_word' id='word_1_583' title='bbox 3007 3538 3150 3594; x_wconf 87' lang='lat' dir='ltr'><strong>Patri</strong></span> <span class='ocrx_word' id='word_1_584' title='bbox 3179 3538 3348 3608; x_wconf 88' lang='lat' dir='ltr'><strong>gloria</strong></span> <span class='ocrx_word' id='word_1_585' title='bbox 3389 3552 3494 3591; x_wconf 91' lang='lat' dir='ltr'><strong>una</strong></span> <span class='ocrx_word' id='word_1_586' title='bbox 3521 3552 3644 3590; x_wconf 91' lang='lat' dir='ltr'><strong>cum</strong></span> 
     </span>
    </p>
   </div>
   <div class='ocr_carea' id='block_1_75' title="bbox 2053 3628 3641 3705">
    <p class='ocr_par' dir='ltr' id='par_1_75' title="bbox 2053 3628 3641 3705">
     <span class='ocr_line' id='line_1_75' title="bbox 2053 3628 3641 3705; baseline -0.006 -14"><span class='ocrx_word' id='word_1_587' title='bbox 2053 3647 2240 3692; x_wconf 86' lang='lat' dir='ltr'><strong>sancto</strong></span> <span class='ocrx_word' id='word_1_588' title='bbox 2264 3634 2468 3705; x_wconf 90' lang='lat' dir='ltr'><strong>Spiritu</strong></span> <span class='ocrx_word' id='word_1_589' title='bbox 2502 3672 2520 3701; x_wconf 87' lang='lat'><strong>,</strong></span> <span class='ocrx_word' id='word_1_590' title='bbox 2550 3646 2693 3689; x_wconf 89' lang='lat' dir='ltr'><strong>nunc</strong></span> <span class='ocrx_word' id='word_1_591' title='bbox 2715 3640 2773 3688; x_wconf 91' lang='lat' dir='ltr'><strong>et</strong></span> <span class='ocrx_word' id='word_1_592' title='bbox 2798 3646 3031 3702; x_wconf 87' lang='lat' dir='ltr'><strong>semper,</strong></span> <span class='ocrx_word' id='word_1_593' title='bbox 3062 3639 3117 3686; x_wconf 91' lang='lat' dir='ltr'><strong>et</strong></span> <span class='ocrx_word' id='word_1_594' title='bbox 3146 3630 3201 3684; x_wconf 92' lang='lat' dir='ltr'><strong>in</strong></span> <span class='ocrx_word' id='word_1_595' title='bbox 3238 3628 3434 3684; x_wconf 65' lang='lat' dir='ltr'><strong>saecula</strong></span> <span class='ocrx_word' id='word_1_596' title='bbox 3465 3642 3641 3684; x_wconf 67' lang='lat' dir='ltr'><strong>saecu-</strong></span> 
     </span>
    </p>
   </div>
   <div class='ocr_carea' id='block_1_76' title="bbox 2054 3731 2467 3785">
    <p class='ocr_par' dir='ltr' id='par_1_76' title="bbox 2054 3731 2467 3785">
     <span class='ocr_line' id='line_1_76' title="bbox 2054 3731 2467 3785; baseline -0.005 0"><span class='ocrx_word' id='word_1_597' title='bbox 2054 3731 2249 3785; x_wconf 89' lang='lat' dir='ltr'><strong>lorum.</strong></span> <span class='ocrx_word' id='word_1_598' title='bbox 2275 3731 2467 3785; x_wconf 85' lang='lat' dir='ltr'><strong>Amen.</strong></span> 
     </span>
    </p>
   </div>
   <div class='ocr_carea' id='block_1_77' title="bbox 1451 4023 2628 4091">
    <p class='ocr_par' dir='ltr' id='par_1_77' title="bbox 1451 4023 2628 4091">
     <span class='ocr_line' id='line_1_77' title="bbox 1451 4023 2628 4091; baseline -0.008 -1"><span class='ocrx_word' id='word_1_599' title='bbox 1451 4027 1798 4090; x_wconf 85' lang='lat' dir='ltr'><strong>HOMILIA</strong></span> <span class='ocrx_word' id='word_1_600' title='bbox 1841 4029 2133 4091; x_wconf 82' lang='lat' dir='ltr'><strong>LXXVI.</strong></span> <span class='ocrx_word' id='word_1_601' title='bbox 2178 4027 2263 4089; x_wconf 87' lang='lat' dir='ltr'><strong>al.</strong></span> <span class='ocrx_word' id='word_1_602' title='bbox 2308 4023 2628 4087; x_wconf 80' lang='lat' dir='ltr'><strong>LXXVII.</strong></span> 
     </span>
    </p>
   </div>
   <div class='ocr_carea' id='block_1_78' title="bbox 363 4169 1979 4245">
    <p class='ocr_par' dir='ltr' id='par_1_78' title="bbox 363 4169 1979 4245">
     <span class='ocr_line' id='line_1_78' title="bbox 363 4169 1979 4245; baseline 0 -17"><span class='ocrx_word' id='word_1_603' title='bbox 363 4169 489 4228; x_wconf 79' lang='lat' dir='ltr'><strong>CAP.</strong></span> <span class='ocrx_word' id='word_1_604' title='bbox 528 4171 619 4227; x_wconf 66' lang='lat'><strong>24.</strong></span> <span class='ocrx_word' id='word_1_605' title='bbox 658 4189 712 4226; x_wconf 88' lang='lat' dir='ltr'><strong>v.</strong></span> <span class='ocrx_word' id='word_1_606' title='bbox 754 4170 842 4227; x_wconf 84' lang='grc'><strong>16.</strong></span> <span class='ocrx_word' id='word_1_607' title='bbox 886 4170 1026 4225; x_wconf 85' lang='lat' dir='ltr'><strong>Tunc</strong></span> <span class='ocrx_word' id='word_1_608' title='bbox 1068 4171 1154 4240; x_wconf 92' lang='lat' dir='ltr'><strong>qui</strong></span> <span class='ocrx_word' id='word_1_609' title='bbox 1205 4172 1259 4225; x_wconf 89' lang='lat' dir='ltr'><strong>in</strong></span> <span class='ocrx_word' id='word_1_610' title='bbox 1294 4170 1480 4226; x_wconf 72' lang='lat' dir='ltr'><strong>Judaza</strong></span> <span class='ocrx_word' id='word_1_611' title='bbox 1530 4182 1681 4237; x_wconf 85' lang='lat' dir='ltr'><strong>sunt,</strong></span> <span class='ocrx_word' id='word_1_612' title='bbox 1730 4173 1930 4245; x_wconf 76' lang='lat' dir='ltr'><strong>fugiant</strong></span> <span class='ocrx_word' id='word_1_613' title='bbox 1976 4212 1979 4215; x_wconf 89' lang='lat'><strong><em>-</em></strong></span> 
     </span>
    </p>
   </div>
   <div class='ocr_carea' id='block_1_79' title="bbox 435 4266 1942 4335">
    <p class='ocr_par' dir='ltr' id='par_1_79' title="bbox 435 4266 1942 4335">
     <span class='ocr_line' id='line_1_79' title="bbox 435 4266 1942 4335; baseline 0.002 -17"><span class='ocrx_word' id='word_1_614' title='bbox 435 4267 503 4319; x_wconf 89' lang='lat' dir='ltr'><strong>ad</strong></span> <span class='ocrx_word' id='word_1_615' title='bbox 532 4276 727 4319; x_wconf 88' lang='lat' dir='ltr'><strong>montes</strong></span> <span class='ocrx_word' id='word_1_616' title='bbox 752 4281 770 4330; x_wconf 77' lang='lat'><strong>,&#39;</strong></span> <span class='ocrx_word' id='word_1_617' title='bbox 809 4266 898 4320; x_wconf 82' lang='grc'><strong>17.</strong></span> <span class='ocrx_word' id='word_1_618' title='bbox 931 4274 977 4319; x_wconf 90' lang='lat' dir='ltr'><strong>et</strong></span> <span class='ocrx_word' id='word_1_619' title='bbox 1006 4266 1090 4335; x_wconf 89' lang='lat' dir='ltr'><strong>qui</strong></span> <span class='ocrx_word' id='word_1_620' title='bbox 1110 4282 1268 4335; x_wconf 86' lang='lat' dir='ltr'><strong>supra</strong></span> <span class='ocrx_word' id='word_1_621' title='bbox 1300 4274 1481 4318; x_wconf 86' lang='lat' dir='ltr'><strong>tectum</strong></span> <span class='ocrx_word' id='word_1_622' title='bbox 1501 4307 1518 4332; x_wconf 92' lang='lat'><strong>,</strong></span> <span class='ocrx_word' id='word_1_623' title='bbox 1544 4284 1646 4319; x_wconf 90' lang='lat' dir='ltr'><strong>non</strong></span> <span class='ocrx_word' id='word_1_624' title='bbox 1674 4267 1942 4322; x_wconf 82' lang='lat' dir='ltr'><strong>descendat</strong></span> 
     </span>
    </p>
   </div>
   <div class='ocr_carea' id='block_1_80' title="bbox 433 4355 1946 4428">
    <p class='ocr_par' dir='ltr' id='par_1_80' title="bbox 433 4355 1946 4428">
     <span class='ocr_line' id='line_1_80' title="bbox 433 4355 1946 4428; baseline -0.001 -16"><span class='ocrx_word' id='word_1_625' title='bbox 433 4358 608 4413; x_wconf 90' lang='lat' dir='ltr'><strong>tollere</strong></span> <span class='ocrx_word' id='word_1_626' title='bbox 635 4356 829 4426; x_wconf 86' lang='lat' dir='ltr'><strong>aliquid</strong></span> <span class='ocrx_word' id='word_1_627' title='bbox 855 4356 918 4410; x_wconf 87' lang='lat' dir='ltr'><strong>de</strong></span> <span class='ocrx_word' id='word_1_628' title='bbox 940 4356 1091 4409; x_wconf 89' lang='lat' dir='ltr'><strong>domo</strong></span> <span class='ocrx_word' id='word_1_629' title='bbox 1115 4371 1242 4420; x_wconf 87' lang='lat' dir='ltr'><strong>sua;</strong></span> <span class='ocrx_word' id='word_1_630' title='bbox 1272 4355 1359 4411; x_wconf 87' lang='grc'><strong>18.</strong></span> <span class='ocrx_word' id='word_1_631' title='bbox 1392 4366 1438 4408; x_wconf 87' lang='lat' dir='ltr'><strong>et</strong></span> <span class='ocrx_word' id='word_1_632' title='bbox 1458 4358 1542 4426; x_wconf 91' lang='lat' dir='ltr'><strong>qui</strong></span> <span class='ocrx_word' id='word_1_633' title='bbox 1572 4357 1624 4410; x_wconf 89' lang='lat' dir='ltr'><strong>in</strong></span> <span class='ocrx_word' id='word_1_634' title='bbox 1658 4374 1781 4428; x_wconf 92' lang='lat' dir='ltr'><strong>agro</strong></span> <span class='ocrx_word' id='word_1_635' title='bbox 1801 4399 1818 4425; x_wconf 95' lang='lat'><strong>,</strong></span> <span class='ocrx_word' id='word_1_636' title='bbox 1843 4374 1946 4411; x_wconf 90' lang='lat' dir='ltr'><strong>non</strong></span> 
     </span>
    </p>
   </div>
   <div class='ocr_carea' id='block_1_81' title="bbox 433 4450 1497 4515">
    <p class='ocr_par' dir='ltr' id='par_1_81' title="bbox 433 4450 1497 4515">
     <span class='ocr_line' id='line_1_81' title="bbox 433 4450 1497 4515; baseline -0.004 -10"><span class='ocrx_word' id='word_1_637' title='bbox 433 4460 707 4505; x_wconf 86' lang='lat' dir='ltr'><strong>revertatur</strong></span> <span class='ocrx_word' id='word_1_638' title='bbox 732 4450 905 4505; x_wconf 88' lang='lat' dir='ltr'><strong>tollere</strong></span> <span class='ocrx_word' id='word_1_639' title='bbox 927 4450 1218 4503; x_wconf 90' lang='lat' dir='ltr'><strong>vestimenta</strong></span> <span class='ocrx_word' id='word_1_640' title='bbox 1246 4465 1360 4515; x_wconf 88' lang='lat' dir='ltr'><strong>sua,</strong></span> <span class='ocrx_word' id='word_1_641' title='bbox 1392 4457 1497 4504; x_wconf 81' lang='lat' dir='ltr'><strong>etc.</strong></span> 
     </span>
    </p>
   </div>
   <div class='ocr_carea' id='block_1_82' title="bbox 439 4537 1945 4611">
    <p class='ocr_par' dir='ltr' id='par_1_82' title="bbox 439 4537 1945 4611">
     <span class='ocr_line' id='line_1_82' title="bbox 439 4537 1945 4611; baseline -0.001 -14"><span class='ocrx_word' id='word_1_642' title='bbox 439 4543 491 4597; x_wconf 88' lang='grc'><strong>1.</strong></span> <span class='ocrx_word' id='word_1_643' title='bbox 530 4540 731 4595; x_wconf 65' lang='lat' dir='ltr'><strong>luditis</strong></span> <span class='ocrx_word' id='word_1_644' title='bbox 770 4548 881 4610; x_wconf 87' lang='lat' dir='ltr'><strong>post</strong></span> <span class='ocrx_word' id='word_1_645' title='bbox 918 4556 1087 4594; x_wconf 86' lang='lat' dir='ltr'><strong>necem</strong></span> <span class='ocrx_word' id='word_1_646' title='bbox 1114 4537 1304 4595; x_wconf 89' lang='lat' dir='ltr'><strong>Christi</strong></span> <span class='ocrx_word' id='word_1_647' title='bbox 1344 4556 1456 4611; x_wconf 89' lang='lat' dir='ltr'><strong>spes</strong></span> <span class='ocrx_word' id='word_1_648' title='bbox 1502 4541 1665 4594; x_wconf 90' lang='lat' dir='ltr'><strong>omnis</strong></span> <span class='ocrx_word' id='word_1_649' title='bbox 1710 4542 1945 4606; x_wconf 67' lang='grc' dir='ltr'><strong>μητρίδα.</strong></span> 
     </span>
    </p>
   </div>
   <div class='ocr_carea' id='block_1_83' title="bbox 368 4632 1950 4706">
    <p class='ocr_par' dir='ltr' id='par_1_83' title="bbox 368 4632 1950 4706">
     <span class='ocr_line' id='line_1_83' title="bbox 368 4632 1950 4706; baseline 0.001 -19"><span class='ocrx_word' id='word_1_650' title='bbox 368 4634 569 4700; x_wconf 89' lang='lat' dir='ltr'><strong>Quanta</strong></span> <span class='ocrx_word' id='word_1_651' title='bbox 589 4634 738 4706; x_wconf 77' lang='lat' dir='ltr'><strong>fuerit</strong></span> <span class='ocrx_word' id='word_1_652' title='bbox 761 4635 963 4687; x_wconf 89' lang='lat' dir='ltr'><strong>illorum</strong></span> <span class='ocrx_word' id='word_1_653' title='bbox 978 4633 1265 4698; x_wconf 85' lang='lat' dir='ltr'><strong>calamitas;</strong></span> <span class='ocrx_word' id='word_1_654' title='bbox 1285 4649 1419 4688; x_wconf 90' lang='lat' dir='ltr'><strong>mors</strong></span> <span class='ocrx_word' id='word_1_655' title='bbox 1439 4632 1625 4689; x_wconf 89' lang='lat' dir='ltr'><strong>Christi</strong></span> <span class='ocrx_word' id='word_1_656' title='bbox 1642 4635 1779 4688; x_wconf 85' lang='lat' dir='ltr'><strong>illius</strong></span> <span class='ocrx_word' id='word_1_657' title='bbox 1797 4652 1950 4689; x_wconf 87' lang='lat' dir='ltr'><strong>causa</strong></span> 
     </span>
    </p>
   </div>
   <div class='ocr_carea' id='block_1_84' title="bbox 365 4723 1952 4795">
    <p class='ocr_par' dir='ltr' id='par_1_84' title="bbox 365 4723 1952 4795">
     <span class='ocr_line' id='line_1_84' title="bbox 365 4723 1952 4795; baseline 0.001 -16"><span class='ocrx_word' id='word_1_658' title='bbox 365 4726 483 4794; x_wconf 73' lang='lat' dir='ltr'><strong>fuit.</strong></span> <span class='ocrx_word' id='word_1_659' title='bbox 504 4723 861 4794; x_wconf 85' lang='lat' dir='ltr'><strong>—Postquam</strong></span> <span class='ocrx_word' id='word_1_660' title='bbox 888 4723 955 4778; x_wconf 91' lang='lat' dir='ltr'><strong>de</strong></span> <span class='ocrx_word' id='word_1_661' title='bbox 982 4723 1137 4778; x_wconf 90' lang='lat' dir='ltr'><strong>malis</strong></span> <span class='ocrx_word' id='word_1_662' title='bbox 1160 4723 1425 4777; x_wconf 89' lang='lat' dir='ltr'><strong>civitatem</strong></span> <span class='ocrx_word' id='word_1_663' title='bbox 1451 4724 1714 4779; x_wconf 88' lang='lat' dir='ltr'><strong>invasuris</strong></span> <span class='ocrx_word' id='word_1_664' title='bbox 1736 4764 1753 4790; x_wconf 92' lang='lat'><strong>,</strong></span> <span class='ocrx_word' id='word_1_665' title='bbox 1780 4725 1952 4795; x_wconf 84' lang='lat' dir='ltr'><strong>deque</strong></span> 
     </span>
    </p>
   </div>
   <div class='ocr_carea' id='block_1_85' title="bbox 364 4814 1952 4885">
    <p class='ocr_par' dir='ltr' id='par_1_85' title="bbox 364 4814 1952 4885">
     <span class='ocr_line' id='line_1_85' title="bbox 364 4814 1952 4885; baseline 0.001 -14"><span class='ocrx_word' id='word_1_666' title='bbox 364 4816 724 4885; x_wconf 88' lang='lat' dir='ltr'><strong>apostolorum</strong></span> <span class='ocrx_word' id='word_1_667' title='bbox 742 4816 1118 4870; x_wconf 88' lang='lat' dir='ltr'><strong>certaminibus</strong></span> <span class='ocrx_word' id='word_1_668' title='bbox 1133 4814 1359 4881; x_wconf 84' lang='lat' dir='ltr'><strong>dixerat,</strong></span> <span class='ocrx_word' id='word_1_669' title='bbox 1380 4815 1498 4870; x_wconf 91' lang='lat' dir='ltr'><strong>illos</strong></span> <span class='ocrx_word' id='word_1_670' title='bbox 1519 4831 1709 4885; x_wconf 92' lang='lat' dir='ltr'><strong>nempe</strong></span> <span class='ocrx_word' id='word_1_671' title='bbox 1730 4818 1952 4873; x_wconf 88' lang='lat' dir='ltr'><strong>invictos</strong></span> 
     </span>
    </p>
   </div>
   <div class='ocr_carea' id='block_1_86' title="bbox 369 4907 1953 4977">
    <p class='ocr_par' dir='ltr' id='par_1_86' title="bbox 369 4907 1953 4977">
     <span class='ocr_line' id='line_1_86' title="bbox 369 4907 1953 4977; baseline 0.001 -16"><span class='ocrx_word' id='word_1_672' title='bbox 369 4908 505 4975; x_wconf 91' lang='lat' dir='ltr'><strong>fore,</strong></span> <span class='ocrx_word' id='word_1_673' title='bbox 535 4918 812 4977; x_wconf 92' lang='lat' dir='ltr'><strong>totumque</strong></span> <span class='ocrx_word' id='word_1_674' title='bbox 839 4907 1021 4961; x_wconf 83' lang='lat' dir='ltr'><strong>orbein</strong></span> <span class='ocrx_word' id='word_1_675' title='bbox 1052 4922 1375 4977; x_wconf 90' lang='lat' dir='ltr'><strong>pervasuros</strong></span> <span class='ocrx_word' id='word_1_676' title='bbox 1398 4922 1538 4973; x_wconf 88' lang='lat' dir='ltr'><strong>esse,</strong></span> <span class='ocrx_word' id='word_1_677' title='bbox 1566 4908 1811 4963; x_wconf 84' lang='lat' dir='ltr'><strong>Judaicas</strong></span> <span class='ocrx_word' id='word_1_678' title='bbox 1838 4926 1953 4963; x_wconf 81' lang='lat' dir='ltr'><strong>rur-</strong></span> 
     </span>
    </p>
   </div>
   <div class='ocr_carea' id='block_1_87' title="bbox 368 4996 1952 5067">
    <p class='ocr_par' dir='ltr' id='par_1_87' title="bbox 368 4996 1952 5067">
     <span class='ocr_line' id='line_1_87' title="bbox 368 4996 1952 5067; baseline 0.001 -15"><span class='ocrx_word' id='word_1_679' title='bbox 368 5015 484 5053; x_wconf 90' lang='lat' dir='ltr'><strong>sum</strong></span> <span class='ocrx_word' id='word_1_680' title='bbox 511 4999 841 5053; x_wconf 89' lang='lat' dir='ltr'><strong>calamitates</strong></span> <span class='ocrx_word' id='word_1_681' title='bbox 876 4996 1162 5061; x_wconf 83' lang='lat' dir='ltr'><strong>describit,</strong></span> <span class='ocrx_word' id='word_1_682' title='bbox 1203 4996 1493 5052; x_wconf 91' lang='lat' dir='ltr'><strong>ostendens</strong></span> <span class='ocrx_word' id='word_1_683' title='bbox 1513 5040 1527 5063; x_wconf 93' lang='lat'><strong>,</strong></span> <span class='ocrx_word' id='word_1_684' title='bbox 1556 4998 1768 5067; x_wconf 88' lang='lat' dir='ltr'><strong>quando</strong></span> <span class='ocrx_word' id='word_1_685' title='bbox 1796 4999 1952 5054; x_wconf 88' lang='lat' dir='ltr'><strong>disci-</strong></span> 
     </span>
    </p>
   </div>
   <div class='ocr_carea' id='block_1_88' title="bbox 368 5087 1954 5158">
    <p class='ocr_par' dir='ltr' id='par_1_88' title="bbox 368 5087 1954 5158">
     <span class='ocr_line' id='line_1_88' title="bbox 368 5087 1954 5158; baseline 0.001 -15"><span class='ocrx_word' id='word_1_686' title='bbox 368 5090 475 5157; x_wconf 88' lang='lat' dir='ltr'><strong>puli</strong></span> <span class='ocrx_word' id='word_1_687' title='bbox 505 5089 770 5158; x_wconf 91' lang='lat' dir='ltr'><strong>splendidi</strong></span> <span class='ocrx_word' id='word_1_688' title='bbox 800 5098 958 5143; x_wconf 91' lang='lat' dir='ltr'><strong>erunt</strong></span> <span class='ocrx_word' id='word_1_689' title='bbox 987 5096 1265 5157; x_wconf 87' lang='lat' dir='ltr'><strong>totumque</strong></span> <span class='ocrx_word' id='word_1_690' title='bbox 1292 5087 1560 5143; x_wconf 89' lang='lat' dir='ltr'><strong>docebunt</strong></span> <span class='ocrx_word' id='word_1_691' title='bbox 1586 5090 1791 5156; x_wconf 90' lang='lat' dir='ltr'><strong>orbem,</strong></span> <span class='ocrx_word' id='word_1_692' title='bbox 1832 5100 1954 5145; x_wconf 91' lang='lat' dir='ltr'><strong>tunc</strong></span> 
     </span>
    </p>
   </div>
   <div class='ocr_carea' id='block_1_89' title="bbox 368 5180 1953 5251">
    <p class='ocr_par' dir='ltr' id='par_1_89' title="bbox 368 5180 1953 5251">
     <span class='ocr_line' id='line_1_89' title="bbox 368 5180 1953 5251; baseline 0.003 -16"><span class='ocrx_word' id='word_1_693' title='bbox 368 5182 485 5236; x_wconf 90' lang='lat' dir='ltr'><strong>illos</strong></span> <span class='ocrx_word' id='word_1_694' title='bbox 509 5182 561 5235; x_wconf 93' lang='lat' dir='ltr'><strong>in</strong></span> <span class='ocrx_word' id='word_1_695' title='bbox 582 5180 970 5235; x_wconf 83' lang='lat' dir='ltr'><strong>calamitatibus</strong></span> <span class='ocrx_word' id='word_1_696' title='bbox 991 5188 1299 5235; x_wconf 90' lang='lat' dir='ltr'><strong>versaturos</strong></span> <span class='ocrx_word' id='word_1_697' title='bbox 1319 5196 1457 5236; x_wconf 80' lang='lat' dir='ltr'><strong>esse.</strong></span> <span class='ocrx_word' id='word_1_698' title='bbox 1481 5181 1758 5251; x_wconf 89' lang='lat' dir='ltr'><strong>Perpende</strong></span> <span class='ocrx_word' id='word_1_699' title='bbox 1779 5192 1953 5239; x_wconf 81' lang='lat' dir='ltr'><strong>autem</strong></span> 
     </span>
    </p>
   </div>
   <div class='ocr_carea' id='block_1_90' title="bbox 368 5270 1950 5341">
    <p class='ocr_par' dir='ltr' id='par_1_90' title="bbox 368 5270 1950 5341">
     <span class='ocr_line' id='line_1_90' title="bbox 368 5270 1950 5341; baseline 0.004 -18"><span class='ocrx_word' id='word_1_700' title='bbox 368 5272 636 5341; x_wconf 84' lang='lat' dir='ltr'><strong>quomodo</strong></span> <span class='ocrx_word' id='word_1_701' title='bbox 663 5270 861 5325; x_wconf 85' lang='lat' dir='ltr'><strong>bellum</strong></span> <span class='ocrx_word' id='word_1_702' title='bbox 891 5280 1139 5333; x_wconf 88' lang='lat' dir='ltr'><strong>enarret,</strong></span> <span class='ocrx_word' id='word_1_703' title='bbox 1168 5286 1265 5341; x_wconf 89' lang='lat' dir='ltr'><strong>per</strong></span> <span class='ocrx_word' id='word_1_704' title='bbox 1305 5286 1366 5325; x_wconf 84' lang='lat' dir='ltr'><strong>ea</strong></span> <span class='ocrx_word' id='word_1_705' title='bbox 1396 5288 1515 5341; x_wconf 67' lang='lat' dir='ltr'><strong>qua:</strong></span> <span class='ocrx_word' id='word_1_706' title='bbox 1546 5274 1764 5327; x_wconf 89' lang='lat' dir='ltr'><strong>minima</strong></span> <span class='ocrx_word' id='word_1_707' title='bbox 1802 5274 1950 5330; x_wconf 90' lang='lat' dir='ltr'><strong>vide-</strong></span> 
     </span>
    </p>
   </div>
   <div class='ocr_carea' id='block_1_91' title="bbox 371 5363 1957 5438">
    <p class='ocr_par' dir='ltr' id='par_1_91' title="bbox 371 5363 1957 5438">
     <span class='ocr_line' id='line_1_91' title="bbox 371 5363 1957 5438; baseline 0.003 -22"><span class='ocrx_word' id='word_1_708' title='bbox 371 5366 564 5418; x_wconf 84' lang='lat' dir='ltr'><strong>bantur</strong></span> <span class='ocrx_word' id='word_1_709' title='bbox 589 5365 923 5419; x_wconf 84' lang='lat' dir='ltr'><strong>atrocitatem</strong></span> <span class='ocrx_word' id='word_1_710' title='bbox 955 5364 1071 5431; x_wconf 90' lang='lat' dir='ltr'><strong>ejus</strong></span> <span class='ocrx_word' id='word_1_711' title='bbox 1099 5363 1394 5419; x_wconf 89' lang='lat' dir='ltr'><strong>declarans.</strong></span> <span class='ocrx_word' id='word_1_712' title='bbox 1423 5364 1601 5431; x_wconf 82' lang='lat' dir='ltr'><strong>Tunc,</strong></span> <span class='ocrx_word' id='word_1_713' title='bbox 1636 5366 1836 5437; x_wconf 90' lang='lat' dir='ltr'><strong>inquit,</strong></span> <span class='ocrx_word' id='word_1_714' title='bbox 1870 5370 1957 5438; x_wconf 88' lang='lat' dir='ltr'><strong>qui</strong></span> 
     </span>
    </p>
   </div>
   <div class='ocr_carea' id='block_1_92' title="bbox 370 5453 1957 5526">
    <p class='ocr_par' dir='ltr' id='par_1_92' title="bbox 370 5453 1957 5526">
     <span class='ocr_line' id='line_1_92' title="bbox 370 5453 1957 5526; baseline 0.004 -21"><span class='ocrx_word' id='word_1_715' title='bbox 370 5455 422 5507; x_wconf 86' lang='lat' dir='ltr'><strong>in</strong></span> <span class='ocrx_word' id='word_1_716' title='bbox 448 5453 633 5508; x_wconf 72' lang='lat' dir='ltr'><strong>Iudaea</strong></span> <span class='ocrx_word' id='word_1_717' title='bbox 657 5464 793 5516; x_wconf 89' lang='lat' dir='ltr'><strong>sunt,</strong></span> <span class='ocrx_word' id='word_1_718' title='bbox 825 5458 1027 5525; x_wconf 75' lang='lat' dir='ltr'><strong>fugiant</strong></span> <span class='ocrx_word' id='word_1_719' title='bbox 1050 5454 1119 5507; x_wconf 85' lang='lat' dir='ltr'><strong>ad</strong></span> <span class='ocrx_word' id='word_1_720' title='bbox 1140 5464 1351 5509; x_wconf 89' lang='lat' dir='ltr'><strong>montes.</strong></span> <span class='ocrx_word' id='word_1_721' title='bbox 1385 5454 1544 5519; x_wconf 88' lang='lat' dir='ltr'><strong>Tunc,</strong></span> <span class='ocrx_word' id='word_1_722' title='bbox 1576 5458 1957 5526; x_wconf 80' lang='lat' dir='ltr'><strong>quandouani?</strong></span> 
     </span>
    </p>
   </div>
   <div class='ocr_carea' id='block_1_93' title="bbox 370 5545 1959 5607">
    <p class='ocr_par' dir='ltr' id='par_1_93' title="bbox 370 5545 1959 5607">
     <span class='ocr_line' id='line_1_93' title="bbox 370 5545 1959 5607; baseline 0.001 -6"><span class='ocrx_word' id='word_1_723' title='bbox 370 5545 502 5601; x_wconf 89' lang='lat' dir='ltr'><strong>Cum</strong></span> <span class='ocrx_word' id='word_1_724' title='bbox 526 5546 639 5600; x_wconf 75' lang='lat' dir='ltr'><strong>hzec</strong></span> <span class='ocrx_word' id='word_1_725' title='bbox 658 5548 923 5607; x_wconf 83' lang='lat' dir='ltr'><strong>evenient.</strong></span> <span class='ocrx_word' id='word_1_726' title='bbox 948 5562 1067 5600; x_wconf 91' lang='lat' dir='ltr'><strong>cum</strong></span> <span class='ocrx_word' id='word_1_727' title='bbox 1089 5546 1411 5601; x_wconf 89' lang='lat' dir='ltr'><strong>abominatio</strong></span> <span class='ocrx_word' id='word_1_728' title='bbox 1432 5546 1776 5602; x_wconf 87' lang='lat' dir='ltr'><strong>desolationis</strong></span> <span class='ocrx_word' id='word_1_729' title='bbox 1797 5550 1959 5603; x_wconf 86' lang='lat' dir='ltr'><strong>stabit</strong></span> 
     </span>
    </p>
   </div>
   <div class='ocr_carea' id='block_1_94' title="bbox 382 5622 1953 5694">
    <p class='ocr_par' dir='ltr' id='par_1_94' title="bbox 382 5622 1953 5694">
     <span class='ocr_line' id='line_1_94' title="bbox 382 5622 1953 5694; baseline 0.003 -4"><span class='ocrx_word' id='word_1_730' title='bbox 382 5639 435 5692; x_wconf 94' lang='lat' dir='ltr'><strong>in</strong></span> <span class='ocrx_word' id='word_1_731' title='bbox 478 5637 593 5691; x_wconf 93' lang='lat' dir='ltr'><strong>loco</strong></span> <span class='ocrx_word' id='word_1_732' title='bbox 636 5649 840 5692; x_wconf 88' lang='lat' dir='ltr'><strong>sancto.</strong></span> <span class='ocrx_word' id='word_1_733' title='bbox 873 5636 1026 5693; x_wconf 85' lang='lat' dir='ltr'><strong>Unde</strong></span> <span class='ocrx_word' id='word_1_734' title='bbox 1056 5622 1185 5691; x_wconf 83' lang='lat' dir='ltr'><strong>mihi</strong></span> <span class='ocrx_word' id='word_1_735' title='bbox 1212 5636 1422 5691; x_wconf 88' lang='lat' dir='ltr'><strong>videtur</strong></span> <span class='ocrx_word' id='word_1_736' title='bbox 1445 5639 1713 5693; x_wconf 86' lang='lat' dir='ltr'><strong>exercitus</strong></span> <span class='ocrx_word' id='word_1_737' title='bbox 1754 5638 1953 5694; x_wconf 86' lang='lat' dir='ltr'><strong>dicere.</strong></span> 
     </span>
    </p>
   </div>
   <div class='ocr_carea' id='block_1_95' title="bbox 374 5727 1958 5801">
    <p class='ocr_par' dir='ltr' id='par_1_95' title="bbox 374 5727 1958 5801">
     <span class='ocr_line' id='line_1_95' title="bbox 374 5727 1958 5801; baseline 0.001 -17"><span class='ocrx_word' id='word_1_738' title='bbox 374 5728 526 5785; x_wconf 81' lang='lat' dir='ltr'><strong>Tune</strong></span> <span class='ocrx_word' id='word_1_739' title='bbox 553 5727 715 5801; x_wconf 86' lang='lat' dir='ltr'><strong>fugite</strong></span> <span class='ocrx_word' id='word_1_740' title='bbox 738 5770 754 5795; x_wconf 90' lang='lat'><strong>,</strong></span> <span class='ocrx_word' id='word_1_741' title='bbox 788 5729 957 5799; x_wconf 90' lang='lat' dir='ltr'><strong>inquit</strong></span> <span class='ocrx_word' id='word_1_742' title='bbox 990 5750 1004 5782; x_wconf 89' lang='lat'><strong>:</strong></span> <span class='ocrx_word' id='word_1_743' title='bbox 1045 5728 1188 5783; x_wconf 85' lang='lat' dir='ltr'><strong>nulla</strong></span> <span class='ocrx_word' id='word_1_744' title='bbox 1218 5729 1359 5783; x_wconf 91' lang='lat' dir='ltr'><strong>enim</strong></span> <span class='ocrx_word' id='word_1_745' title='bbox 1387 5728 1640 5799; x_wconf 89' lang='lat' dir='ltr'><strong>deinceps</strong></span> <span class='ocrx_word' id='word_1_746' title='bbox 1665 5729 1813 5785; x_wconf 90' lang='lat' dir='ltr'><strong>vobis</strong></span> <span class='ocrx_word' id='word_1_747' title='bbox 1836 5745 1958 5800; x_wconf 90' lang='lat' dir='ltr'><strong>spes</strong></span> 
     </span>
    </p>
   </div>
   <div class='ocr_carea' id='block_1_96' title="bbox 374 5820 1957 5893">
    <p class='ocr_par' dir='ltr' id='par_1_96' title="bbox 374 5820 1957 5893">
     <span class='ocr_line' id='line_1_96' title="bbox 374 5820 1957 5893; baseline -0.001 -14"><span class='ocrx_word' id='word_1_748' title='bbox 374 5821 561 5879; x_wconf 85' lang='lat' dir='ltr'><strong>salutis</strong></span> <span class='ocrx_word' id='word_1_749' title='bbox 587 5822 707 5877; x_wconf 92' lang='lat' dir='ltr'><strong>erit.</strong></span> <span class='ocrx_word' id='word_1_750' title='bbox 735 5821 866 5875; x_wconf 87' lang='lat' dir='ltr'><strong>Nam</strong></span> <span class='ocrx_word' id='word_1_751' title='bbox 892 5821 1015 5892; x_wconf 92' lang='lat' dir='ltr'><strong>quia</strong></span> <span class='ocrx_word' id='word_1_752' title='bbox 1038 5822 1091 5876; x_wconf 95' lang='lat' dir='ltr'><strong>in</strong></span> <span class='ocrx_word' id='word_1_753' title='bbox 1118 5821 1370 5893; x_wconf 90' lang='lat' dir='ltr'><strong>gravibus</strong></span> <span class='ocrx_word' id='word_1_754' title='bbox 1394 5820 1518 5877; x_wconf 91' lang='lat' dir='ltr'><strong>olim</strong></span> <span class='ocrx_word' id='word_1_755' title='bbox 1550 5821 1725 5885; x_wconf 89' lang='lat' dir='ltr'><strong>bellis.</strong></span> <span class='ocrx_word' id='word_1_756' title='bbox 1753 5838 1784 5879; x_wconf 90' lang='lat' dir='ltr'><strong>e</strong></span> <span class='ocrx_word' id='word_1_757' title='bbox 1804 5824 1957 5878; x_wconf 88' lang='lat' dir='ltr'><strong>malis</strong></span> 
     </span>
    </p>
   </div>
   <div class='ocr_carea' id='block_1_97' title="bbox 698 5928 1394 5996">
    <p class='ocr_par' dir='ltr' id='par_1_97' title="bbox 698 5928 1394 5996">
     <span class='ocr_line' id='line_1_97' title="bbox 698 5928 1394 5996; baseline -0.006 0"><span class='ocrx_word' id='word_1_758' title='bbox 698 5938 965 5996; x_wconf 68' lang='grc' dir='ltr'><strong>1³Ατιιυι..</strong></span> <span class='ocrx_word' id='word_1_759' title='bbox 1012 5934 1129 5994; x_wconf 78' lang='lat' dir='ltr'><strong>(in.</strong></span> <span class='ocrx_word' id='word_1_760' title='bbox 1180 5928 1394 5992; x_wconf 76' lang='lat' dir='ltr'><strong>LVIII.</strong></span> 
     </span>
    </p>
   </div>
   <div class='ocr_carea' id='block_1_98' title="bbox 2036 4162 3645 4233">
    <p class='ocr_par' dir='ltr' id='par_1_98' title="bbox 2036 4162 3645 4233">
     <span class='ocr_line' id='line_1_98' title="bbox 2036 4162 3645 4233; baseline -0.009 -6"><span class='ocrx_word' id='word_1_761' title='bbox 2036 4174 2251 4227; x_wconf 86' lang='lat' dir='ltr'><strong>demum</strong></span> <span class='ocrx_word' id='word_1_762' title='bbox 2268 4176 2618 4233; x_wconf 89' lang='lat' dir='ltr'><strong>emerserant,</strong></span> <span class='ocrx_word' id='word_1_763' title='bbox 2637 4175 2693 4220; x_wconf 93' lang='lat' dir='ltr'><strong>ut</strong></span> <span class='ocrx_word' id='word_1_764' title='bbox 2708 4166 2806 4220; x_wconf 88' lang='lat' dir='ltr'><strong>sub</strong></span> <span class='ocrx_word' id='word_1_765' title='bbox 2828 4164 3156 4220; x_wconf 82' lang='lat' dir='ltr'><strong>Senacherih</strong></span> <span class='ocrx_word' id='word_1_766' title='bbox 3176 4175 3231 4219; x_wconf 88' lang='lat' dir='ltr'><strong>et</strong></span> <span class='ocrx_word' id='word_1_767' title='bbox 3249 4164 3346 4217; x_wconf 87' lang='lat' dir='ltr'><strong>sub</strong></span> <span class='ocrx_word' id='word_1_768' title='bbox 3362 4162 3645 4229; x_wconf 80' lang='lat' dir='ltr'><strong>Antiocho;</strong></span> 
     </span>
    </p>
   </div>
   <div class='ocr_carea' id='block_1_99' title="bbox 2049 4257 3646 4328">
    <p class='ocr_par' dir='ltr' id='par_1_99' title="bbox 2049 4257 3646 4328">
     <span class='ocr_line' id='line_1_99' title="bbox 2049 4257 3646 4328; baseline -0.007 -9"><span class='ocrx_word' id='word_1_769' title='bbox 2049 4266 2247 4319; x_wconf 88' lang='lat' dir='ltr'><strong>etenim</strong></span> <span class='ocrx_word' id='word_1_770' title='bbox 2298 4272 2425 4316; x_wconf 90' lang='lat' dir='ltr'><strong>tunc</strong></span> <span class='ocrx_word' id='word_1_771' title='bbox 2466 4258 2743 4328; x_wconf 87' lang='lat' dir='ltr'><strong>temporis,</strong></span> <span class='ocrx_word' id='word_1_772' title='bbox 2796 4273 2918 4312; x_wconf 91' lang='lat' dir='ltr'><strong>cum</strong></span> <span class='ocrx_word' id='word_1_773' title='bbox 2967 4258 3236 4312; x_wconf 75' lang='lat' dir='ltr'><strong>exercitus</strong></span> <span class='ocrx_word' id='word_1_774' title='bbox 3285 4257 3646 4320; x_wconf 77' lang='lat' dir='ltr'><strong>invasissent,</strong></span> 
     </span>
    </p>
   </div>
   <div class='ocr_carea' id='block_1_100' title="bbox 2050 4347 3649 4423">
    <p class='ocr_par' dir='ltr' id='par_1_100' title="bbox 2050 4347 3649 4423">
     <span class='ocr_line' id='line_1_100' title="bbox 2050 4347 3649 4423; baseline -0.006 -13"><span class='ocrx_word' id='word_1_775' title='bbox 2050 4354 2409 4423; x_wconf 88' lang='lat' dir='ltr'><strong>templumque</strong></span> <span class='ocrx_word' id='word_1_776' title='bbox 2432 4360 2645 4421; x_wconf 90' lang='lat' dir='ltr'><strong>captum</strong></span> <span class='ocrx_word' id='word_1_777' title='bbox 2671 4357 2835 4415; x_wconf 88' lang='lat' dir='ltr'><strong>esset,</strong></span> <span class='ocrx_word' id='word_1_778' title='bbox 2864 4348 3181 4403; x_wconf 74' lang='lat' dir='ltr'><strong>Macchabtei</strong></span> <span class='ocrx_word' id='word_1_779' title='bbox 3212 4348 3262 4402; x_wconf 91' lang='lat' dir='ltr'><strong>in</strong></span> <span class='ocrx_word' id='word_1_780' title='bbox 3295 4347 3477 4403; x_wconf 89' lang='lat' dir='ltr'><strong>hostes</strong></span> <span class='ocrx_word' id='word_1_781' title='bbox 3515 4361 3649 4401; x_wconf 79' lang='lat' dir='ltr'><strong>con-</strong></span> 
     </span>
    </p>
   </div>
   <div class='ocr_carea' id='block_1_101' title="bbox 2049 4438 3647 4514">
    <p class='ocr_par' dir='ltr' id='par_1_101' title="bbox 2049 4438 3647 4514">
     <span class='ocr_line' id='line_1_101' title="bbox 2049 4438 3647 4514; baseline -0.004 -11"><span class='ocrx_word' id='word_1_782' title='bbox 2049 4449 2212 4514; x_wconf 89' lang='lat' dir='ltr'><strong>versi,</strong></span> <span class='ocrx_word' id='word_1_783' title='bbox 2245 4461 2419 4502; x_wconf 89' lang='lat' dir='ltr'><strong>rerum</strong></span> <span class='ocrx_word' id='word_1_784' title='bbox 2445 4444 2637 4499; x_wconf 88' lang='lat' dir='ltr'><strong>faciem</strong></span> <span class='ocrx_word' id='word_1_785' title='bbox 2662 4449 3032 4506; x_wconf 89' lang='lat' dir='ltr'><strong>mutaverunt;</strong></span> <span class='ocrx_word' id='word_1_786' title='bbox 3056 4455 3123 4495; x_wconf 93' lang='lat' dir='ltr'><strong>ne</strong></span> <span class='ocrx_word' id='word_1_787' title='bbox 3140 4455 3279 4494; x_wconf 89' lang='lat' dir='ltr'><strong>nunc</strong></span> <span class='ocrx_word' id='word_1_788' title='bbox 3299 4439 3457 4494; x_wconf 90' lang='lat' dir='ltr'><strong>etiam</strong></span> <span class='ocrx_word' id='word_1_789' title='bbox 3487 4438 3647 4496; x_wconf 88' lang='lat' dir='ltr'><strong>talem</strong></span> 
     </span>
    </p>
   </div>
   <div class='ocr_carea' id='block_1_102' title="bbox 2052 4534 3646 4607">
    <p class='ocr_par' dir='ltr' id='par_1_102' title="bbox 2052 4534 3646 4607">
     <span class='ocr_line' id='line_1_102' title="bbox 2052 4534 3646 4607; baseline -0.007 -9"><span class='ocrx_word' id='word_1_790' title='bbox 2052 4542 2166 4598; x_wconf 91' lang='lat' dir='ltr'><strong>fore</strong></span> <span class='ocrx_word' id='word_1_791' title='bbox 2186 4540 2531 4597; x_wconf 85' lang='lat' dir='ltr'><strong>mutationem</strong></span> <span class='ocrx_word' id='word_1_792' title='bbox 2552 4536 2968 4607; x_wconf 89' lang='lat' dir='ltr'><strong>suspicarentur,</strong></span> <span class='ocrx_word' id='word_1_793' title='bbox 2990 4549 3201 4590; x_wconf 92' lang='lat' dir='ltr'><strong>omnem</strong></span> <span class='ocrx_word' id='word_1_794' title='bbox 3220 4550 3367 4603; x_wconf 88' lang='lat' dir='ltr'><strong>spem</strong></span> <span class='ocrx_word' id='word_1_795' title='bbox 3389 4534 3646 4602; x_wconf 64' lang='lat' dir='ltr'><strong>praecidit.</strong></span> 
     </span>
    </p>
   </div>
   <div class='ocr_carea' id='block_1_103' title="bbox 2053 4627 3641 4703">
    <p class='ocr_par' dir='ltr' id='par_1_103' title="bbox 2053 4627 3641 4703">
     <span class='ocr_line' id='line_1_103' title="bbox 2053 4627 3641 4703; baseline -0.004 -14"><span class='ocrx_word' id='word_1_796' title='bbox 2053 4635 2152 4688; x_wconf 91' lang='lat' dir='ltr'><strong>Vix</strong></span> <span class='ocrx_word' id='word_1_797' title='bbox 2182 4640 2450 4703; x_wconf 91' lang='lat' dir='ltr'><strong>poterunt,</strong></span> <span class='ocrx_word' id='word_1_798' title='bbox 2482 4629 2673 4699; x_wconf 91' lang='lat' dir='ltr'><strong>inquit,</strong></span> <span class='ocrx_word' id='word_1_799' title='bbox 2706 4628 2849 4683; x_wconf 94' lang='lat' dir='ltr'><strong>nudo</strong></span> <span class='ocrx_word' id='word_1_800' title='bbox 2871 4643 3099 4698; x_wconf 90' lang='lat' dir='ltr'><strong>corpore</strong></span> <span class='ocrx_word' id='word_1_801' title='bbox 3123 4628 3347 4682; x_wconf 89' lang='lat' dir='ltr'><strong>servari.</strong></span> <span class='ocrx_word' id='word_1_802' title='bbox 3376 4627 3497 4682; x_wconf 90' lang='lat' dir='ltr'><strong>Ideo</strong></span> <span class='ocrx_word' id='word_1_803' title='bbox 3520 4628 3641 4682; x_wconf 90' lang='lat' dir='ltr'><strong>illos</strong></span> 
     </span>
    </p>
   </div>
   <div class='ocr_carea' id='block_1_104' title="bbox 2054 4718 3647 4796">
    <p class='ocr_par' dir='ltr' id='par_1_104' title="bbox 2054 4718 3647 4796">
     <span class='ocr_line' id='line_1_104' title="bbox 2054 4718 3647 4796; baseline -0.004 -16"><span class='ocrx_word' id='word_1_804' title='bbox 2054 4726 2143 4796; x_wconf 91' lang='lat' dir='ltr'><strong>qui</strong></span> <span class='ocrx_word' id='word_1_805' title='bbox 2163 4739 2321 4795; x_wconf 91' lang='lat' dir='ltr'><strong>supra</strong></span> <span class='ocrx_word' id='word_1_806' title='bbox 2346 4732 2539 4778; x_wconf 89' lang='lat' dir='ltr'><strong>tectum</strong></span> <span class='ocrx_word' id='word_1_807' title='bbox 2562 4732 2685 4777; x_wconf 93' lang='lat' dir='ltr'><strong>sunt</strong></span> <span class='ocrx_word' id='word_1_808' title='bbox 2707 4736 2810 4775; x_wconf 92' lang='lat' dir='ltr'><strong>non</strong></span> <span class='ocrx_word' id='word_1_809' title='bbox 2833 4720 3091 4791; x_wconf 88' lang='lat' dir='ltr'><strong>permittit</strong></span> <span class='ocrx_word' id='word_1_810' title='bbox 3111 4720 3161 4773; x_wconf 92' lang='lat' dir='ltr'><strong>in</strong></span> <span class='ocrx_word' id='word_1_811' title='bbox 3187 4718 3404 4773; x_wconf 88' lang='lat' dir='ltr'><strong>domum</strong></span> <span class='ocrx_word' id='word_1_812' title='bbox 3425 4720 3647 4782; x_wconf 89' lang='lat' dir='ltr'><strong>intrare,</strong></span> 
     </span>
    </p>
   </div>
   <div class='ocr_carea' id='block_1_105' title="bbox 2057 4810 3648 4881">
    <p class='ocr_par' dir='ltr' id='par_1_105' title="bbox 2057 4810 3648 4881">
     <span class='ocr_line' id='line_1_105' title="bbox 2057 4810 3648 4881; baseline -0.003 -10"><span class='ocrx_word' id='word_1_813' title='bbox 2057 4829 2115 4873; x_wconf 87' lang='lat' dir='ltr'><strong>ut</strong></span> <span class='ocrx_word' id='word_1_814' title='bbox 2141 4819 2455 4872; x_wconf 82' lang='lat' dir='ltr'><strong>vestimenta</strong></span> <span class='ocrx_word' id='word_1_815' title='bbox 2482 4831 2574 4871; x_wconf 91' lang='lat' dir='ltr'><strong>sua</strong></span> <span class='ocrx_word' id='word_1_816' title='bbox 2603 4816 2807 4880; x_wconf 85' lang='lat' dir='ltr'><strong>tollant,</strong></span> <span class='ocrx_word' id='word_1_817' title='bbox 2832 4811 3149 4867; x_wconf 88' lang='lat' dir='ltr'><strong>inevitabilia</strong></span> <span class='ocrx_word' id='word_1_818' title='bbox 3173 4810 3467 4881; x_wconf 85' lang='lat' dir='ltr'><strong>depingens</strong></span> <span class='ocrx_word' id='word_1_819' title='bbox 3511 4812 3648 4867; x_wconf 90' lang='lat' dir='ltr'><strong>mala</strong></span> 
     </span>
    </p>
   </div>
   <div class='ocr_carea' id='block_1_106' title="bbox 2056 4902 3648 4976">
    <p class='ocr_par' dir='ltr' id='par_1_106' title="bbox 2056 4902 3648 4976">
     <span class='ocr_line' id='line_1_106' title="bbox 2056 4902 3648 4976; baseline -0.006 -12"><span class='ocrx_word' id='word_1_820' title='bbox 2056 4918 2111 4964; x_wconf 85' lang='lat' dir='ltr'><strong>et</strong></span> <span class='ocrx_word' id='word_1_821' title='bbox 2136 4908 2582 4964; x_wconf 89' lang='lat' dir='ltr'><strong>interminabilem</strong></span> <span class='ocrx_word' id='word_1_822' title='bbox 2612 4907 2988 4972; x_wconf 88' lang='lat' dir='ltr'><strong>calamitatem,</strong></span> <span class='ocrx_word' id='word_1_823' title='bbox 3012 4907 3062 4959; x_wconf 91' lang='lat' dir='ltr'><strong>in</strong></span> <span class='ocrx_word' id='word_1_824' title='bbox 3086 4919 3241 4976; x_wconf 87' lang='lat' dir='ltr'><strong>quam</strong></span> <span class='ocrx_word' id='word_1_825' title='bbox 3268 4903 3359 4973; x_wconf 91' lang='lat' dir='ltr'><strong>qui</strong></span> <span class='ocrx_word' id='word_1_826' title='bbox 3383 4902 3648 4970; x_wconf 83' lang='lat' dir='ltr'><strong>inciderit,</strong></span> 
     </span>
    </p>
   </div>
   <div class='ocr_carea' id='block_1_107' title="bbox 2063 4998 3649 5069">
    <p class='ocr_par' dir='ltr' id='par_1_107' title="bbox 2063 4998 3649 5069">
     <span class='ocr_line' id='line_1_107' title="bbox 2063 4998 3649 5069; baseline -0.006 -13"><span class='ocrx_word' id='word_1_827' title='bbox 2063 5000 2369 5057; x_wconf 87' lang='lat' dir='ltr'><strong>necessario</strong></span> <span class='ocrx_word' id='word_1_828' title='bbox 2395 5000 2607 5069; x_wconf 91' lang='lat' dir='ltr'><strong>peribit.</strong></span> <span class='ocrx_word' id='word_1_829' title='bbox 2641 4998 2766 5053; x_wconf 91' lang='lat' dir='ltr'><strong>Ideo</strong></span> <span class='ocrx_word' id='word_1_830' title='bbox 2794 4998 2995 5067; x_wconf 88' lang='lat' dir='ltr'><strong>adjicit,</strong></span> <span class='ocrx_word' id='word_1_831' title='bbox 3032 4998 3132 5065; x_wconf 89' lang='lat' dir='ltr'><strong>Qui</strong></span> <span class='ocrx_word' id='word_1_832' title='bbox 3152 4998 3204 5050; x_wconf 88' lang='lat' dir='ltr'><strong>in</strong></span> <span class='ocrx_word' id='word_1_833' title='bbox 3228 5012 3373 5067; x_wconf 88' lang='lat' dir='ltr'><strong>agro,</strong></span> <span class='ocrx_word' id='word_1_834' title='bbox 3405 5011 3469 5049; x_wconf 89' lang='lat' dir='ltr'><strong>ne</strong></span> <span class='ocrx_word' id='word_1_835' title='bbox 3488 5012 3649 5048; x_wconf 86' lang='lat' dir='ltr'><strong>rever-</strong></span> 
     </span>
    </p>
   </div>
   <div class='ocr_carea' id='block_1_108' title="bbox 2059 5090 3651 5159">
    <p class='ocr_par' dir='ltr' id='par_1_108' title="bbox 2059 5090 3651 5159">
     <span class='ocr_line' id='line_1_108' title="bbox 2059 5090 3651 5159; baseline -0.003 -12"><span class='ocrx_word' id='word_1_836' title='bbox 2059 5104 2195 5147; x_wconf 89' lang='lat' dir='ltr'><strong>tatur</strong></span> <span class='ocrx_word' id='word_1_837' title='bbox 2233 5092 2411 5148; x_wconf 85' lang='lat' dir='ltr'><strong>tollere</strong></span> <span class='ocrx_word' id='word_1_838' title='bbox 2447 5093 2735 5147; x_wconf 89' lang='lat' dir='ltr'><strong>vestimenta</strong></span> <span class='ocrx_word' id='word_1_839' title='bbox 2784 5109 2896 5146; x_wconf 91' lang='lat' dir='ltr'><strong>sua.</strong></span> <span class='ocrx_word' id='word_1_840' title='bbox 2929 5091 3058 5145; x_wconf 84' lang='lat' dir='ltr'><strong>Nam</strong></span> <span class='ocrx_word' id='word_1_841' title='bbox 3089 5090 3131 5143; x_wconf 92' lang='lat' dir='ltr'><strong>si</strong></span> <span class='ocrx_word' id='word_1_842' title='bbox 3163 5090 3253 5159; x_wconf 90' lang='lat' dir='ltr'><strong>qui</strong></span> <span class='ocrx_word' id='word_1_843' title='bbox 3286 5090 3429 5143; x_wconf 86' lang='lat' dir='ltr'><strong>intus</strong></span> <span class='ocrx_word' id='word_1_844' title='bbox 3479 5098 3606 5142; x_wconf 90' lang='lat' dir='ltr'><strong>sunt</strong></span> <span class='ocrx_word' id='word_1_845' title='bbox 3630 5126 3651 5155; x_wconf 69' lang='grc' dir='ltr'><strong>ρ</strong></span> 
     </span>
    </p>
   </div>
   <div class='ocr_carea' id='block_1_109' title="bbox 2059 5180 3648 5254">
    <p class='ocr_par' dir='ltr' id='par_1_109' title="bbox 2059 5180 3648 5254">
     <span class='ocr_line' id='line_1_109' title="bbox 2059 5180 3648 5254; baseline -0.004 -15"><span class='ocrx_word' id='word_1_846' title='bbox 2059 5184 2302 5254; x_wconf 89' lang='lat' dir='ltr'><strong>fugiunt,</strong></span> <span class='ocrx_word' id='word_1_847' title='bbox 2333 5185 2503 5238; x_wconf 90' lang='lat' dir='ltr'><strong>multo</strong></span> <span class='ocrx_word' id='word_1_848' title='bbox 2552 5184 2728 5237; x_wconf 89' lang='lat' dir='ltr'><strong>minus</strong></span> <span class='ocrx_word' id='word_1_849' title='bbox 2767 5187 2854 5252; x_wconf 90' lang='lat' dir='ltr'><strong>qui</strong></span> <span class='ocrx_word' id='word_1_850' title='bbox 2888 5181 3016 5237; x_wconf 89' lang='lat' dir='ltr'><strong>foris</strong></span> <span class='ocrx_word' id='word_1_851' title='bbox 3041 5190 3198 5245; x_wconf 84' lang='lat' dir='ltr'><strong>sunt,</strong></span> <span class='ocrx_word' id='word_1_852' title='bbox 3254 5180 3395 5234; x_wconf 90' lang='lat' dir='ltr'><strong>intro</strong></span> <span class='ocrx_word' id='word_1_853' title='bbox 3424 5180 3648 5249; x_wconf 87' lang='lat' dir='ltr'><strong>fugiant.</strong></span> 
     </span>
    </p>
   </div>
   <div class='ocr_carea' id='block_1_110' title="bbox 2061 5269 3649 5344">
    <p class='ocr_par' dir='ltr' id='par_1_110' title="bbox 2061 5269 3649 5344">
     <span class='ocr_line' id='line_1_110' title="bbox 2061 5269 3649 5344; baseline -0.004 -15"><span class='ocrx_word' id='word_1_854' title='bbox 2061 5274 2155 5330; x_wconf 73' lang='grc'><strong>19.</strong></span> <span class='ocrx_word' id='word_1_855' title='bbox 2194 5274 2281 5328; x_wconf 72' lang='lat' dir='ltr'><strong>Va:</strong></span> <span class='ocrx_word' id='word_1_856' title='bbox 2319 5284 2487 5327; x_wconf 85' lang='lat' dir='ltr'><strong>autem</strong></span> <span class='ocrx_word' id='word_1_857' title='bbox 2530 5273 2909 5344; x_wconf 72' lang='lat' dir='ltr'><strong>prwgnantibus</strong></span> <span class='ocrx_word' id='word_1_858' title='bbox 2956 5283 2999 5326; x_wconf 92' lang='lat' dir='ltr'><strong>et</strong></span> <span class='ocrx_word' id='word_1_859' title='bbox 3031 5270 3371 5335; x_wconf 82' lang='lat' dir='ltr'><strong>lactantibus;</strong></span> <span class='ocrx_word' id='word_1_860' title='bbox 3401 5269 3507 5325; x_wconf 91' lang='lat' dir='ltr'><strong>illis</strong></span> <span class='ocrx_word' id='word_1_861' title='bbox 3534 5270 3649 5339; x_wconf 60' lang='lat' dir='ltr'><strong>qui»</strong></span> 
     </span>
    </p>
   </div>
   <div class='ocr_carea' id='block_1_111' title="bbox 2061 5360 3650 5437">
    <p class='ocr_par' dir='ltr' id='par_1_111' title="bbox 2061 5360 3650 5437">
     <span class='ocr_line' id='line_1_111' title="bbox 2061 5360 3650 5437; baseline -0.003 -16"><span class='ocrx_word' id='word_1_862' title='bbox 2061 5367 2183 5421; x_wconf 89' lang='lat' dir='ltr'><strong>dem</strong></span> <span class='ocrx_word' id='word_1_863' title='bbox 2221 5365 2362 5437; x_wconf 90' lang='lat' dir='ltr'><strong>quod</strong></span> <span class='ocrx_word' id='word_1_864' title='bbox 2393 5366 2658 5420; x_wconf 88' lang='lat' dir='ltr'><strong>tardiores</strong></span> <span class='ocrx_word' id='word_1_865' title='bbox 2700 5365 2836 5428; x_wconf 89' lang='lat' dir='ltr'><strong>sint,</strong></span> <span class='ocrx_word' id='word_1_866' title='bbox 2867 5361 2967 5418; x_wconf 77' lang='lat' dir='ltr'><strong>ned</strong></span> <span class='ocrx_word' id='word_1_867' title='bbox 3014 5365 3219 5426; x_wconf 87' lang='lat' dir='ltr'><strong>possint</strong></span> <span class='ocrx_word' id='word_1_868' title='bbox 3250 5362 3401 5416; x_wconf 90' lang='lat' dir='ltr'><strong>facile</strong></span> <span class='ocrx_word' id='word_1_869' title='bbox 3426 5360 3610 5432; x_wconf 84' lang='lat' dir='ltr'><strong>fugere</strong></span> <span class='ocrx_word' id='word_1_870' title='bbox 3633 5402 3650 5427; x_wconf 91' lang='lat'><strong>,</strong></span> 
     </span>
    </p>
   </div>
   <div class='ocr_carea' id='block_1_112' title="bbox 2061 5452 3649 5525">
    <p class='ocr_par' dir='ltr' id='par_1_112' title="bbox 2061 5452 3649 5525">
     <span class='ocr_line' id='line_1_112' title="bbox 2061 5452 3649 5525; baseline -0.003 -14"><span class='ocrx_word' id='word_1_871' title='bbox 2061 5472 2226 5511; x_wconf 89' lang='lat' dir='ltr'><strong>onere</strong></span> <span class='ocrx_word' id='word_1_872' title='bbox 2246 5456 2447 5510; x_wconf 90' lang='lat' dir='ltr'><strong>ventris</strong></span> <span class='ocrx_word' id='word_1_873' title='bbox 2473 5464 2727 5519; x_wconf 65' lang='lat' dir='ltr'><strong>retentae;</strong></span> <span class='ocrx_word' id='word_1_874' title='bbox 2757 5455 2881 5519; x_wconf 91' lang='lat' dir='ltr'><strong>illis,</strong></span> <span class='ocrx_word' id='word_1_875' title='bbox 2906 5455 3044 5525; x_wconf 88' lang='lat' dir='ltr'><strong>quod</strong></span> <span class='ocrx_word' id='word_1_876' title='bbox 3066 5454 3266 5508; x_wconf 84' lang='lat' dir='ltr'><strong>amoris</strong></span> <span class='ocrx_word' id='word_1_877' title='bbox 3293 5452 3505 5507; x_wconf 88' lang='lat' dir='ltr'><strong>vinculo</strong></span> <span class='ocrx_word' id='word_1_878' title='bbox 3526 5468 3649 5521; x_wconf 75' lang='lat' dir='ltr'><strong>erga</strong></span> 
     </span>
    </p>
   </div>
   <div class='ocr_carea' id='block_1_113' title="bbox 2063 5544 3648 5616">
    <p class='ocr_par' dir='ltr' id='par_1_113' title="bbox 2063 5544 3648 5616">
     <span class='ocr_line' id='line_1_113' title="bbox 2063 5544 3648 5616; baseline -0.004 -13"><span class='ocrx_word' id='word_1_879' title='bbox 2063 5549 2322 5603; x_wconf 87' lang='lat' dir='ltr'><strong>lactentes</strong></span> <span class='ocrx_word' id='word_1_880' title='bbox 2346 5548 2704 5614; x_wconf 85' lang='lat' dir='ltr'><strong>detineantur,</strong></span> <span class='ocrx_word' id='word_1_881' title='bbox 2734 5562 2833 5602; x_wconf 87' lang='lat' dir='ltr'><strong>nec</strong></span> <span class='ocrx_word' id='word_1_882' title='bbox 2862 5546 3069 5616; x_wconf 90' lang='lat' dir='ltr'><strong>possint</strong></span> <span class='ocrx_word' id='word_1_883' title='bbox 3093 5560 3187 5601; x_wconf 90' lang='lat' dir='ltr'><strong>eos</strong></span> <span class='ocrx_word' id='word_1_884' title='bbox 3211 5558 3446 5601; x_wconf 86' lang='lat' dir='ltr'><strong>servare.</strong></span> <span class='ocrx_word' id='word_1_885' title='bbox 3479 5544 3648 5597; x_wconf 82' lang='lat' dir='ltr'><strong>Pecu-</strong></span> 
     </span>
    </p>
   </div>
   <div class='ocr_carea' id='block_1_114' title="bbox 2064 5634 3649 5705">
    <p class='ocr_par' dir='ltr' id='par_1_114' title="bbox 2064 5634 3649 5705">
     <span class='ocr_line' id='line_1_114' title="bbox 2064 5634 3649 5705; baseline -0.003 -12"><span class='ocrx_word' id='word_1_886' title='bbox 2064 5641 2179 5694; x_wconf 91' lang='lat' dir='ltr'><strong>nias</strong></span> <span class='ocrx_word' id='word_1_887' title='bbox 2199 5640 2341 5693; x_wconf 91' lang='lat' dir='ltr'><strong>enim</strong></span> <span class='ocrx_word' id='word_1_888' title='bbox 2366 5648 2421 5693; x_wconf 89' lang='lat' dir='ltr'><strong>et</strong></span> <span class='ocrx_word' id='word_1_889' title='bbox 2439 5647 2781 5694; x_wconf 89' lang='lat' dir='ltr'><strong>contemnere</strong></span> <span class='ocrx_word' id='word_1_890' title='bbox 2802 5646 2857 5691; x_wconf 88' lang='lat' dir='ltr'><strong>et</strong></span> <span class='ocrx_word' id='word_1_891' title='bbox 2871 5652 3083 5692; x_wconf 90' lang='lat' dir='ltr'><strong>servare</strong></span> <span class='ocrx_word' id='word_1_892' title='bbox 3104 5635 3259 5691; x_wconf 90' lang='lat' dir='ltr'><strong>facile</strong></span> <span class='ocrx_word' id='word_1_893' title='bbox 3278 5644 3379 5701; x_wconf 91' lang='lat' dir='ltr'><strong>est,</strong></span> <span class='ocrx_word' id='word_1_894' title='bbox 3402 5634 3649 5705; x_wconf 87' lang='lat' dir='ltr'><strong>idemque</strong></span> 
     </span>
    </p>
   </div>
   <div class='ocr_carea' id='block_1_115' title="bbox 2064 5726 3648 5801">
    <p class='ocr_par' dir='ltr' id='par_1_115' title="bbox 2064 5726 3648 5801">
     <span class='ocr_line' id='line_1_115' title="bbox 2064 5726 3648 5801; baseline -0.003 -16"><span class='ocrx_word' id='word_1_895' title='bbox 2064 5732 2131 5785; x_wconf 91' lang='lat' dir='ltr'><strong>de</strong></span> <span class='ocrx_word' id='word_1_896' title='bbox 2158 5732 2396 5787; x_wconf 89' lang='lat' dir='ltr'><strong>vestibus</strong></span> <span class='ocrx_word' id='word_1_897' title='bbox 2422 5731 2542 5786; x_wconf 91' lang='lat' dir='ltr'><strong>dico</strong></span> <span class='ocrx_word' id='word_1_898' title='bbox 2561 5748 2576 5796; x_wconf 92' lang='lat'><strong>;</strong></span> <span class='ocrx_word' id='word_1_899' title='bbox 2598 5746 2716 5801; x_wconf 68' lang='lat' dir='ltr'><strong>quae</strong></span> <span class='ocrx_word' id='word_1_900' title='bbox 2736 5740 2913 5785; x_wconf 91' lang='lat' dir='ltr'><strong>autem</strong></span> <span class='ocrx_word' id='word_1_901' title='bbox 2941 5740 3128 5784; x_wconf 89' lang='lat' dir='ltr'><strong>natura</strong></span> <span class='ocrx_word' id='word_1_902' title='bbox 3153 5729 3243 5784; x_wconf 87' lang='lat' dir='ltr'><strong>dat</strong></span> <span class='ocrx_word' id='word_1_903' title='bbox 3263 5728 3383 5799; x_wconf 92' lang='lat' dir='ltr'><strong>quis</strong></span> <span class='ocrx_word' id='word_1_904' title='bbox 3412 5726 3648 5797; x_wconf 74' lang='lat' dir='ltr'><strong>effugiat?</strong></span> 
     </span>
    </p>
   </div>
   <div class='ocr_carea' id='block_1_116' title="bbox 2068 5818 3649 5895">
    <p class='ocr_par' dir='ltr' id='par_1_116' title="bbox 2068 5818 3649 5895">
     <span class='ocr_line' id='line_1_116' title="bbox 2068 5818 3649 5895; baseline -0.003 -18"><span class='ocrx_word' id='word_1_905' title='bbox 2068 5822 2339 5894; x_wconf 87' lang='lat' dir='ltr'><strong>quomodo</strong></span> <span class='ocrx_word' id='word_1_906' title='bbox 2369 5835 2646 5895; x_wconf 56' lang='lat' dir='ltr'><strong>pra&#39;gnans</strong></span> <span class='ocrx_word' id='word_1_907' title='bbox 2677 5821 2845 5877; x_wconf 89' lang='lat' dir='ltr'><strong>levior</strong></span> <span class='ocrx_word' id='word_1_908' title='bbox 2891 5818 3189 5877; x_wconf 82' lang='lat' dir='ltr'><strong>efﬁciatur?</strong></span> <span class='ocrx_word' id='word_1_909' title='bbox 3216 5820 3486 5891; x_wconf 87' lang='lat' dir='ltr'><strong>quomodo</strong></span> <span class='ocrx_word' id='word_1_910' title='bbox 3529 5834 3649 5891; x_wconf 73' lang='lat' dir='ltr'><strong>quat</strong></span> 
     </span>
    </p>
   </div>
   <div class='ocr_carea' id='block_1_117' title="bbox 3246 5921 3320 5981">
    <p class='ocr_par' dir='ltr' id='par_1_117' title="bbox 3246 5921 3320 5981">
     <span class='ocr_line' id='line_1_117' title="bbox 3246 5921 3320 5981; baseline 0.027 -2"><span class='ocrx_word' id='word_1_911' title='bbox 3246 5921 3320 5981; x_wconf 78' lang='lat' dir='ltr'><strong>I5</strong></span> 
     </span>
    </p>
   </div>
  </div>
