4130 6374
544 382 649 440 695

542 500 703 553 lactat
749 494 944 567 poterit
990 495 1271 550 lactentem
1314 491 1630 560 chpicere?
1680 490 1877 544 Deinde
1917 503 2128 542 rursum

541 590 860 646 calamitatis
890 585 1306 656 magnitudinem
1338 583 1648 648 ostendens,
1681 583 1789 635 ait:
1822 580 1917 636 20.
1955 581 2128 645 Orate,

542 702 605 737 ne
636 685 724 749 ﬁat
753 686 877 753 fuga
914 688 1077 734 vestra
1109 680 1163 733 in
1194 680 1355 731 hieme
1378 720 1391 742 ,
1419 693 1508 730 nec
1534 678 1587 729 in
1632 676 1860 729 sabbato.
1893 674 1983 728 ει.
2021 672 2133 726 Erit

540 779 672 831 enim
709 789 824 829 tunc
855 774 1116 828 tribulatio
1158 788 1343 840 magna
1366 812 1380 836 ,
1414 770 1578 840 qualis
1614 786 1715 822 non
1761 770 1858 838 fuit
1887 769 1949 819 ab
1987 766 2130 819 initio

541 872 717 925 mundi
744 885 899 939 usque
935 885 1068 922 nunc
1090 910 1104 931 ,
1136 883 1295 936 neque
1336 866 1440 934 ﬁet.
1476 863 1662 918 Videu’
1688 862 1753 916 ad
1780 862 1993 916 Judmos
2019 875 2134 914 ser-

539 981 754 1020 monem
780 963 982 1026 haberi,
1008 974 1061 1017 et
1084 962 1219 1016 mala
1243 962 1385 1031 ipsos
1412 960 1657 1013 invasura
1685 956 1886 1011 narrari
1908 955 1931 1007 ?
1950 954 2131 1023 Neque

538 1059 683 1110 enim
706 1055 933 1123 apostoli
962 1054 1240 1109 sabbatum
1268 1052 1598 1106 ohservaturi
1626 1058 1797 1113 erant,
1828 1062 2001 1116 neque
2023 1047 2131 1100 illic

540 1158 669 1202 tunc
698 1147 959 1203 versaturi
983 1188 997 1209 ,
1028 1161 1134 1216 quo
1165 1153 1403 1213 tempore
1430 1142 1787 1211 Vespasianus
1833 1139 1946 1193 haec
1990 1136 2129 1191 mala

539 1241 782 1294 illaturus
826 1247 960 1293 erat.
994 1238 1124 1291 Nam
1170 1237 1397 1289 maxima
1441 1249 1562 1302 pars
1588 1231 1966 1298 discipulorum
2006 1235 2130 1281 ante

539 1332 817 1393 obierant;
843 1331 887 1384 si
918 1330 1005 1399 qui
1031 1343 1162 1382 vero
1192 1327 1389 1381 residui
1421 1333 1593 1389 erant,
1620 1325 1670 1377 in
1698 1324 1817 1377 aliis
1840 1322 1983 1375 orbis
2006 1334 2128 1390 par-

541 1426 685 1481 tibus
715 1434 841 1478 tunc
873 1423 1244 1477 versabantur.
1276 1418 1384 1474 Cur
1436 1434 1542 1473 non
1597 1418 1651 1470 in
1683 1416 1859 1470 hieme
1886 1456 1900 1478 ,
1935 1428 2034 1467 nec
2075 1411 2128 1465 in

444 1513 450 1519 ’
539 1517 803 1574 sabbato?
832 1515 886 1570 lu
920 1514 1132 1580 hieme,
1163 1514 1232 1567 ob
1264 1512 1519 1581 temporis
1568 1510 1707 1563 illius
1742 1506 2083 1561 difﬁcultates
2111 1522 2125 1559 :

540 1611 593 1664 in
639 1609 860 1664 sabbato
886 1648 901 1669 ,
946 1606 1014 1660 ob
1046 1606 1176 1675 legis
1219 1604 1608 1658 auctoritatem.
1642 1600 1774 1668 Quia
1818 1597 1960 1652 enim
2006 1595 2128 1665 fuga

542 1718 678 1773 opus
704 1711 786 1755 est
812 1742 827 1763 ,
857 1709 911 1754 et
939 1699 1061 1768 fuga
1091 1697 1424 1751 velocissima
1452 1711 1465 1758 ;
1500 1709 1673 1763 nequc
1703 1695 1756 1746 in
1784 1691 2003 1745 sabbato
2029 1690 2126 1744 Ju-

539 1795 637 1849 daai
665 1803 787 1847 tunc
810 1792 991 1861 fugere
1011 1790 1296 1853 audebant,
1318 1804 1384 1842 ue
1408 1789 1573 1856 legem
1598 1784 2124 1854 transgrederentur;

541 1901 716 1956 neque
735 1884 896 1937 etiam
926 1883 978 1936 in
1006 1882 1182 1936 hieme
1212 1880 1363 1935 facile
1384 1890 1519 1943 erat,
1544 1877 1663 1932 ideo
1691 1876 1785 1941 ait,
1812 1874 1986 1929 Orate.
2014 1872 2129 1925 Erit

540 1979 675 2032 enim
700 1986 815 2029 tunc
842 1974 1101 2028 tribulatio
1126 1973 1291 2043 qualis
1318 1987 1589 2040 numquam
1621 1969 1737 2040 fuit,
1770 1982 1928 2037 neque
1954 1971 2128 2034 postea

540 2072 649 2124 erit.
682 2068 757 2123 Ne
783 2068 901 2137 quis
936 2082 1063 2121 vero
1106 2075 1255 2134 putet
1283 2064 1334 2118 id
1364 2061 1706 2134 hyperbolice
1734 2060 1932 2113 dictum
1973 2070 2126 2120 esse;

540 2162 635 2218 sed
666 2162 805 2231 legat
830 2158 1055 2231 Josephi
1087 2159 1273 2218 libros.
1305 2167 1358 2211 et
1386 2154 1558 2209 discat
1586 2152 1663 2207 rei
1693 2150 1998 2205 veritatem.
2027 2145 2131 2200 Ne-

541 2275 645 2329 que
687 2260 829 2314 enim
870 2256 1065 2312 dixerit
1107 2252 1372 2323 quispiam
1398 2290 1412 2312 ,
1442 2247 1589 2301 illum
1617 2253 1803 2314 utpote
1839 2241 1929 2311 qui
1961 2238 2129 2294 ﬁdelis

541 2356 654 2409 sive
694 2352 1028 2406 Christianus
1058 2355 1238 2409 esset,
1271 2352 1329 2397 ut
1373 2340 1528 2395 dictis
1555 2338 1714 2392 ﬁdem
1758 2334 1955 2390 faceret
1984 2374 1998 2395 ,
2030 2332 2128 2385 ista

543 2446 681 2500 mala
694 2442 1089 2512 ampliﬁcasse;
1116 2453 1235 2491 nam
1266 2444 1320 2489 et
1344 2433 1579 2494 Judarus,
1607 2438 1767 2498 atque
1793 2428 1929 2480 inter
1948 2423 2127 2479 Judai-

543 2551 728 2592 corum
760 2531 1185 2589 ferventissimos
1213 2527 1445 2581 cultores
1473 2529 1593 2591 post
1612 2517 1810 2574 Christi
1843 2516 2129 2570 adventura

544 2638 678 2683 erat.
712 2625 848 2694 Quid
876 2625 1035 2695 igitur
1062 2629 1242 2675 narrat
1272 2616 1396 2671 ille?
1422 2614 1765 2670 Calamitates
1796 2610 1912 2663 illas
1936 2620 2132 2676 tragoe—

543 2722 684 2777 diam
732 2733 946 2772 omnem
990 2727 1311 2784 superasse.
1353 2710 1657 2777 bellumque
1701 2704 1805 2758 tale
1846 2716 2131 2771 numquam

546 2812 716 2866 cuivis
763 2809 908 2881 genti
936 2816 1132 2861 tantam
1162 2803 1406 2859 attulisse
1435 2799 1663 2854 cladem.
1692 2795 1861 2851 Tanta
1888 2793 2029 2847 enim
2055 2792 2133 2845 ia-

547 2920 661 2958 tnes
687 2912 836 2966 erat,
879 2907 936 2954 ut
978 2908 1177 2952 matres
1203 2896 1270 2949 de
1296 2889 1645 2948 comedendis
1687 2887 1864 2958 pueris
1905 2888 2045 2939 inter
2074 2898 2133 2937 se

545 2997 900 3059 decertarent,
920 2999 973 3045 et
996 2990 1091 3043 hac
1108 2988 1173 3041 de
1197 3002 1256 3041 rc
1280 2993 1462 3039 mutuo
1482 2987 1774 3051 pugnarent
1796 2993 1810 3043 ;
1836 2976 2134 3043 multosque

547 3097 789 3143 mortuos
833 3100 862 3139 a
909 3090 1096 3137 ventre
1139 3078 1393 3134 discissos
1440 3074 1622 3127 fuisse.
1671 3071 1921 3125 Libenter
1980 3066 2135 3135 igitur

546 3180 765 3235 .lud:eos
811 3178 1196 3243 interrogarem
1221 3212 1235 3233 ,
1268 3169 1537 3222 undenam
1583 3164 1699 3217 hate
1744 3170 1892 3214 tanta
1924 3168 2136 3226 tamque

549 3270 879 3328 intoleranda
903 3267 1179 3323 calamitas
1200 3280 1226 3317 a
1250 3263 1428 3317 divina
1447 3262 1520 3313 ira
1545 3258 1673 3328 ipsis
1698 3256 1934 3310 immissa
1958 3251 2131 3314 fuerit,

548 3382 663 3436 quia
688 3362 981 3434 prasteritas
1006 3373 1192 3412 omnes
1216 3399 1231 3423 ,
1265 3371 1369 3409 non
1397 3353 1555 3407 modo
1582 3353 1633 3404 in
1666 3348 1901 3404 Judzeam
1921 3388 1934 3410 ,
1965 3344 2057 3400 sed
2085 3352 2139 3397 et

551 3476 645 3529 per
691 3467 859 3513 totum
913 3455 1098 3509 orbem
1156 3453 1392 3505 invectas
1450 3444 1778 3500 calamitates
1822 3438 2139 3509 superaret?

550 3528 740 3607 Annon
772 3549 839 3603 ob
865 3545 1101 3602 cruciﬁxi
1131 3542 1325 3598 Christi
1366 3539 1571 3593 facinus
1623 3535 1673 3589 id
1701 3531 1958 3586 accidisse
1986 3528 2139 3582 dixe-

551 3644 656 3697 rint
684 3654 871 3695 omnes
896 3680 911 3704 ,
938 3652 1002 3692 ac
1042 3650 1149 3705 pne
1169 3633 1417 3687 omnibus
1459 3631 1570 3699 ipsa
1598 3640 1774 3680 rerum
1802 3621 2033 3677 veritas?
2060 3618 2139 3672 Tu

554 3749 680 3787 vero
708 3731 838 3786 mihi
878 3728 1137 3783 malorum
1169 3723 1438 3779 cumulum
1471 3718 1751 3774 considera
1773 3758 1786 3781 ,
1814 3710 2142 3783 quandoqui-

554 3824 675 3878 dem
716 3836 812 3875 nec
844 3817 1200 3890 prwccdenti,
1235 3816 1342 3869 imo
1390 3827 1488 3866 nec
1534 3807 1874 3878 subsequenti
1905 3814 2143 3873 tempore

554 3916 824 3984 quidpiam
870 3913 943 3967 ita
970 3909 1339 3965 calamitosum
1388 3905 1628 3973 reperire
1657 3902 1799 3955 licet.
1833 3898 1925 3953 llis
1951 3897 2145 3966 quippe

558 4005 712 4060 malis
740 4018 837 4059 nec
863 4002 1009 4072 prius
1033 4014 1133 4054 nec
1155 3997 1418 4067 posterius
1442 3994 1586 4065 paria
1608 3993 1718 4045 visa
1751 3990 1916 4044 fuere.
1944 3987 2146 4056 Etjure

557 4099 792 4171 quidem.
824 4094 1007 4164 Neque
1036 4092 1176 4146 enim
1221 4089 1393 4161 quivis
1437 4086 1710 4140 hominum
1739 4082 1826 4137 vel
1866 4089 2022 4134 antea
2061 4077 2143 4133 vel

558 4200 758 4260 postea,
786 4198 891 4242 tam
910 4186 1170 4255 iniquum,
1191 4194 1295 4236 tam
1321 4178 1646 4235 horrendum
1669 4176 1843 4231 scelus
1866 4174 2148 4228 admittere

560 4297 720 4336 ausus
745 4289 843 4335 est.
867 4278 990 4333 Ideo
1015 4278 1117 4331 ait:
1143 4274 1256 4328 Erit
1286 4273 1539 4327 tribulatio
1577 4270 1739 4340 qualis
1776 4285 1877 4321 non
1918 4267 2033 4336 fuit,
2057 4280 2146 4318 nec

562 4380 678 4429 erit.
716 4372 807 4426 Q9.
844 4370 907 4425 Et
944 4370 1040 4423 nisi
1076 4367 1345 4421 abbreviati
1377 4366 1589 4436 fuissent
1620 4362 1725 4415 dies
1746 4360 1821 4414 illi
1846 4401 1861 4425 ,
1888 4375 1988 4411 non
2014 4358 2149 4426 ﬁeret

561 4469 705 4523 salva
729 4465 889 4519 omnis
917 4480 1036 4516 caro
1061 4477 1079 4515 :
1113 4470 1316 4531 propter
1336 4459 1524 4511 “electos
1545 4464 1708 4509 autem
1738 4450 2152 4506 abbreviabnntur

564 4561 672 4615 dies
714 4559 812 4612 illi.
860 4556 994 4611 Hinc
1025 4553 1258 4608 ostendit
1286 4552 1405 4606 illos
1431 4547 1659 4618 graviori
1689 4546 1847 4600 etiam
1892 4543 2152 4612 supplicio

568 4653 755 4724 dignos
786 4649 947 4704 fuisse
972 4690 986 4714 ,
1029 4662 1123 4715 per
1150 4645 1379 4713 illosque
1420 4642 1536 4696 dies
1583 4638 1829 4707 intelligit
1859 4636 1982 4690 belli
2011 4635 2153 4688 obsi-

564 4745 843 4814 dionisque
861 4751 1086 4809 tempus.
1104 4738 1217 4792 Hoc
1239 4750 1396 4806 porro
1412 4733 1519 4787 vult
1544 4732 1862 4802 signiﬁcare.
1887 4727 2155 4782 Sidiutius

565 4838 926 4891 Romanorum
970 4837 1157 4885 contra
1193 4828 1376 4881 urbem
1421 4825 1563 4878 illam
1613 4823 1808 4878 bellum
1853 4828 2152 4875 extractum

563 4933 771 4994 fuisset,
802 4939 989 4981 omnes
1016 4922 1183 4979 Judaei
1220 4920 1530 4990 periissem:
1557 4932 1678 4970 nam
1701 4929 1913 4969 omnem
1939 4926 2153 4967 carnem

565 5022 652 5075 hic
672 5034 766 5089 pro
793 5017 1010 5073 Judaica
1052 5014 1262 5084 posuit;
1291 5010 1610 5079 Judmosque
1641 5007 2013 5077 complectitur
2047 5019 2150 5057 non

566 5128 664 5167 eos
687 5110 846 5164 modo
868 5107 1108 5177 quiintra
1132 5145 1148 5171 ,
1185 5104 1278 5157 sed
1314 5117 1407 5157 eos
1432 5102 1589 5155 etiam
1630 5100 1716 5170 qui
1755 5107 1901 5153 extra
1919 5096 2157 5152 Judzeam

566 5212 739 5259 erant.
771 5200 885 5255 Non
907 5199 1079 5254 solum
1098 5196 1237 5250 enim
1260 5196 1304 5249 si
1330 5194 1486 5264 quiin
1509 5192 1689 5248 Judaea
1711 5204 1862 5246 erant
1880 5190 2155 5260 impugna—

570 5299 803 5360 bantur;
844 5307 1027 5347 verum
1056 5290 1213 5344 etiam
1255 5302 1369 5354 eos,
1401 5287 1490 5357 qui
1528 5285 1723 5355 ubique
1764 5296 2020 5338 terrarum
2059 5283 2156 5337 de-

567 5391 784 5462 gebant,
813 5384 1209 5455 proscribebant
1238 5381 1609 5450 fugahantque,
1639 5378 1762 5433 odio
1792 5376 2036 5446 permoti.

640 5480 695 5533 2.
726 5478 1001 5545 Quosuam
1028 5480 1204 5528 autem
1237 5472 1325 5525 hic
1355 5471 1557 5525 electos
1584 5467 1771 5522 vocat?
1799 5466 2010 5521 Fideles
2028 5507 2041 5529 ,
2069 5466 2159 5536 qui

570 5577 627 5632 in
667 5568 846 5624 medio
894 5567 1106 5621 illorum
1146 5563 1383 5618 conclusi
1422 5570 1594 5616 erant.
1624 5560 1703 5614 Ne
1742 5559 1983 5613 dicerent
2018 5559 2157 5612 enim

572 5663 736 5719 Judaei
760 5705 777 5729 ,
807 5660 923 5715 haec
952 5657 1089 5712 mala
1116 5656 1353 5711 immissa
1385 5655 1548 5709 fuisse
1590 5653 1659 5707 ob
1690 5652 2117 5722 praedicationem
2142 5692 2157 5714 ,

575 5770 626 5811 et
655 5756 796 5827 quod
819 5754 1063 5810 Christus
1088 5752 1421 5814 adoraretur,
1445 5748 1677 5805 ostendit
1704 5747 1887 5802 ﬁdeles
1911 5747 2031 5802 illos
2058 5764 2161 5801 non

574 5850 735 5905 modo
767 5849 895 5920 ipsis
915 5861 1129 5903 causam
1154 5846 1415 5901 malorum
1457 5859 1560 5899 non
1588 5842 1769 5908 fuisse,
1800 5841 1894 5896 sed
1924 5840 2086 5895 etiam
2116 5840 2161 5894 si

1303 377 1360 433 S.
1400 376 1675 432 JOANNIS
1710 373 2188 431 CllRYSOSTOMl
2227 376 2544 434 ARClllEP.
2585 378 3114 438 CONSTANTINOP.

3710 390 3818 446 698

2243 491 2316 544 illi
2349 507 2457 546 non
2484 493 2808 561 adfuissent,
2835 512 3021 553 omnes
3064 500 3316 557 radicitus
3344 502 3605 572 perituros
3636 506 3819 564 fuisse.

2240 583 2372 638 Nam
2395 587 2437 640 si
2463 588 2790 654 permisisset
2816 591 2951 646 Deus
2974 592 3167 647 bellum
3185 592 3397 660 durare,
3429 597 3588 652 nullae
3607 598 3822 654 Judzeo-

2242 692 2357 730 rum
2384 678 2607 734 fuissent
2631 681 2869 750 reliquiae
2900 701 2911 735 :
2947 684 3041 738 sed
3073 702 3139 739 ne
3163 701 3282 741 cum
3304 688 3605 744 inﬁdelibus
3628 690 3825 747 Judmis

2243 769 2425 825 ﬁdeles
2452 786 2517 826 ex
2545 773 2648 827 illis
2672 777 2774 828 orti
2799 777 3053 844 perirent,
3074 777 3271 833 bellum
3288 782 3441 835 citius
3462 783 3620 836 solvit
3638 792 3691 837 et
3712 793 3824 839 ter-

2240 863 2481 916 tuinavit.
2509 864 2633 919 ldeo
2659 867 2751 926 ait,
2778 865 2992 937 Propter
3012 868 3192 923 electos
3216 883 3383 925 autem
3409 875 3827 930 abbreviabuntur

2240 954 2347 1007 dies
2372 955 2469 1007 illi.
2506 955 2629 1010 lla-c
2658 967 2832 1012 autem
2862 958 3091 1028 dicebat,
3120 971 3178 1015 ut
3206 965 3623 1019 consolationem
3656 967 3825 1023 relin-

2245 1054 2436 1113 queret
2466 1046 2532 1100 iis
2553 1047 2642 1116 qui
2675 1048 2725 1101 in
2755 1050 2930 1104 medio
2955 1051 3258 1107 Judaeorum
3287 1056 3525 1111 conclusi
3547 1067 3735 1124 erant,
3766 1070 3826 1113 ut

2237 1140 2532 1208 respirandi
2578 1141 2751 1197 locum
2780 1144 2968 1208 daret,
3023 1162 3196 1218 neque
3240 1149 3486 1205 timerent
3534 1153 3681 1221 quasi
3719 1154 3821 1222 ipsi

2237 1233 2392 1286 simul
2423 1235 2662 1303 perituri.
2693 1236 2845 1301 Quod
2877 1239 2921 1291 si
2955 1248 3097 1293 tanta
3140 1239 3371 1295 ﬁdelium
3417 1243 3618 1311 geritur
3642 1246 3823 1312 provi-

2236 1324 2435 1386 dentia.
2455 1334 2511 1379 ut
2534 1337 2747 1397 propter
2770 1329 2888 1383 illos
2908 1331 2995 1385 alii
3014 1342 3310 1396 serventur,
3338 1345 3497 1405 utque
3517 1335 3820 1390 Judceortuu

2238 1416 2475 1486 reliquias
2503 1428 2722 1487 propter
2749 1419 3080 1477 Christianos
3107 1425 3420 1491 manserint,
3451 1436 3680 1495 quantus
3709 1427 3814 1483 illis

2236 1509 2499 1563 tribuetur
2526 1510 2697 1565 honor
2723 1528 3037 1568 coronarum
3071 1516 3343 1585 tempore?
3372 1516 3503 1572 Hinc
3523 1521 3680 1572 etiam
3702 1519 3821 1574 illos

2236 1601 2541 1654 consolatur
2566 1643 2581 1666 ,
2631 1618 2697 1657 ne
2724 1604 2775 1657 in
2822 1605 3048 1677 propriis
3091 1607 3193 1660 sibi
3240 1608 3489 1676 periculis
3522 1620 3777 1679 angantur
3801 1653 3816 1676 ,

2236 1692 2449 1761 quando
2474 1693 2657 1749 vident
2682 1695 2813 1749 alios
2842 1697 3028 1752 iisdem
3055 1712 3341 1768 oppressos
3370 1700 3542 1766 malis,
3571 1702 3820 1773 nulloque

2238 1800 2334 1839 suo
2373 1784 2549 1839 fructu
2573 1828 2586 1851 ,
2618 1787 2711 1841 sed
2738 1788 2819 1842 sui
2859 1790 3045 1858 capitis
3068 1789 3410 1845 detrimento.
3440 1792 3620 1863 Neque
3645 1796 3818 1849 solum

2235 1877 2355 1932 illos
2382 1879 2767 1933 consolabatur
2790 1924 2805 1947 ,
2839 1881 2931 1935 sed
2976 1882 3135 1936 etiam
3181 1884 3388 1938 occulte
3431 1893 3587 1953 atque
3618 1888 3817 1941 sensim

2234 1986 2264 2024 a
2294 1971 2525 2026 Judaicis
2552 1973 2789 2028 moribus
2816 1974 3130 2030 abducebat.
3165 1977 3292 2030 Nam
3323 1978 3368 2031 si
3397 1978 3538 2031 nulla
3569 1979 3816 2049 deinceps

2234 2067 2303 2120 sit
2322 2066 2497 2120 futura
2520 2066 2762 2133 mutatio,
2787 2068 2829 2121 si
2853 2069 3103 2138 templum
3132 2085 3237 2124 non
3259 2079 3361 2125 stet
3380 2073 3623 2143 amplius,
3649 2074 3817 2143 legem

2236 2171 2354 2211 esse
2399 2167 2730 2212 cessaturam
2774 2159 2944 2228 palam
2977 2170 3079 2215 est.
3116 2162 3311 2217 Verum
3346 2162 3449 2217 hoc
3489 2180 3593 2218 non
3635 2176 3816 2232 aperte

2234 2250 2382 2315 dicit,
2408 2249 2502 2303 sed
2528 2250 2594 2304 ab
2616 2250 2824 2304 illorum
2846 2251 3052 2307 excidio
3076 2252 3127 2306 id
3147 2254 3514 2309 subindicavit.
3546 2255 3817 2311 lllanifeste

2234 2356 2363 2395 vero
2408 2356 2510 2395 non
2543 2342 2709 2406 dixit,
2761 2359 2827 2397 ne
2872 2354 2995 2399 ante
3028 2356 3234 2415 tempus
3276 2355 3499 2401 terreret
3544 2363 3653 2402 cos.
3698 2347 3818 2402 Ideo

2237 2450 2409 2504 neque
2438 2451 2465 2488 a
2493 2436 2749 2505 principio
2770 2437 2821 2489 in
2848 2437 2987 2491 hunc
3009 2439 3270 2508 praecipue
3291 2453 3589 2493 sermonem
3616 2439 3814 2504 incidit;

2236 2528 2332 2581 sed
2365 2538 2641 2597 postquam
2669 2545 2747 2582 va:
2773 2530 2974 2583 civitati
3007 2530 3081 2583 illi
3109 2530 3349 2596 dixerat,
3392 2533 3639 2602 ipsosque
3661 2531 3817 2585 indu-

2239 2629 2414 2684 xerat,
2450 2628 2507 2673 ut
2528 2620 2732 2687 lapides
2764 2620 2886 2674 illos
2912 2622 3014 2675 sibi
3045 2632 3425 2687 monstrarent,
3457 2638 3621 2692 seque
3648 2624 3818 2677 inter-

2238 2722 2521 2781 rogarent;
2555 2722 2611 2765 ut
2641 2714 2790 2782 quasi
2833 2712 2899 2767 ad
2931 2714 3400 2784 interrogationem
3442 2715 3771 2784 respondens
3797 2757 3815 2782 ,

2238 2804 2414 2858 omnia
2447 2804 2618 2858 futura
2661 2806 3062 2874 prmnuntiaret.
3109 2806 3188 2860 Tu
3233 2822 3361 2862 vero
3406 2808 3535 2861 mihi
3583 2808 3817 2877 Spiritus

2239 2897 2689 2966 dispensationem
2712 2897 3018 2952 consideres
3040 2898 3228 2963 velim;
3253 2898 3381 2952 nihil
3403 2899 3589 2954 horum
3611 2901 3822 2970 scripsit

2239 2990 2493 3056 Joannes,
2519 3006 2586 3045 ne
2608 2990 2878 3045 videretur
2904 3007 2971 3049 ex
2999 3001 3192 3045 eventu
3224 2993 3338 3061 ipso
3370 2993 3484 3047 hcce
3512 2994 3818 3065 scripsisse:

2241 3100 2361 3138 nam
2405 3084 2470 3137 ad
2512 3084 2734 3137 multum
2775 3085 2842 3137 ab
2883 3084 3089 3139 excidio
3130 3085 3576 3157 Jerosolymitano
3617 3096 3823 3158 tempus

2241 3179 2399 3230 vitam
2424 3178 2691 3247 produxit.
2721 3177 2824 3231 Sed
2855 3179 2886 3230 ii
2908 3180 2995 3247 qui
3023 3188 3145 3234 ante
3168 3180 3294 3233 illud
3318 3181 3578 3236 excidium
3606 3185 3821 3250 mortui,

2242 3268 2373 3323 nihil
2397 3270 2603 3323 illorum
2626 3269 2885 3335 viderant,
2909 3269 3023 3326 huic
3040 3272 3367 3340 describunt,
3393 3284 3447 3328 ut
3468 3274 3826 3344 praadictionis

2243 3361 2323 3415 vis
2350 3360 2584 3429 undique
2614 3360 2835 3430 fulgeat.

2315 3452 2543 3507 Christus
2567 3452 2845 3506 secundum
2881 3470 3027 3507 suum
3056 3455 3324 3508 adventum
3367 3456 3616 3526 prtedicit.
3637 3487 3705 3497 —
3729 3456 3822 3514 25.

2245 3544 2391 3598 Tunc
2415 3546 2456 3598 si
2492 3546 2604 3617 quis
2630 3544 2765 3597 vobis
2802 3544 3005 3612 dixerit,
3041 3545 3171 3600 Ecce
3196 3547 3277 3600 hic
3316 3546 3548 3603 Christus
3586 3560 3673 3603 aut
3711 3550 3823 3615 hic,

2247 3637 2402 3689 nolite
2451 3635 2672 3687 credere.
2729 3633 2818 3688 24.
2875 3635 3094 3704 Surgent
3142 3638 3272 3690 enim
3328 3640 3722 3708 pseudo-citristi
3781 3650 3830 3694 et

2248 3728 2741 3799 pseudo-praphetce,
2767 3736 2813 3780 et
2834 3726 3021 3779 dabunt
3041 3729 3185 3797 signa
3207 3740 3354 3798 atque
3378 3730 3631 3800 prodigia,
3655 3731 3725 3784 ita
3751 3742 3828 3797 ut,

2249 3823 2293 3875 si
2322 3823 2432 3889 ﬁeri
2456 3822 2633 3892 possit,
2662 3822 2811 3875 etiam
2837 3818 3017 3874 electos
3037 3823 3298 3875 seducunt.
3326 3822 3419 3877 25.
3451 3823 3585 3878 Ecce
3613 3827 3831 3895 prcedixi

2254 3914 2412 3966 vobis.
2445 3912 2535 3966 ‘26.
2563 3912 2624 3965 Si
2655 3928 2771 3980 ergo
2798 3911 3017 3964 dixerint
3049 3911 3186 3964 vobis
3206 3952 3221 3976 ,
3252 3911 3383 3966 Ecce
3406 3914 3460 3966 in
3489 3915 3681 3967 deserto
3718 3926 3791 3969 est
3816 3957 3832 3980 ,

2252 4004 2409 4057 nolite
2439 4004 2615 4069 exire;
2659 4003 2790 4057 Ecce
2828 4004 2881 4056 in
2921 4003 3276 4073 penetralibus,
3311 4004 3465 4057 nolite
3494 4006 3711 4061 credere.
3740 4007 3831 4060 27.

2253 4095 2400 4151 Sicut
2429 4096 2560 4149 enim
2588 4097 2762 4167 fulgur
2789 4096 2888 4148 exit
2916 4095 2978 4147 ab
3007 4096 3216 4160 oriente,
3261 4104 3308 4149 et
3344 4106 3557 4166 apparet
3584 4114 3739 4168 usque
3769 4098 3840 4151 ad

2253 4188 2589 4251 occidentem;
2612 4189 2683 4241 sic
2710 4188 2801 4241 erit
2826 4198 2872 4241 et
2896 4188 3139 4241 adventus
3168 4187 3294 4239 Filii
3327 4188 3563 4241 hominis.
3592 4188 3677 4242 28.
3710 4188 3840 4243 Ubi-

2255 4295 2467 4349 cumque
2485 4279 2618 4332 enim
2640 4278 2788 4347 fuerit
2810 4295 3012 4349 corpus,
3036 4278 3103 4331 ibi
3123 4279 3555 4348 congregabantur
3573 4279 3836 4352 et'aquilar.

2256 4371 2474 4440 lmpleta
2497 4371 2562 4425 de
2582 4370 2926 4441 Jerosolymis
2947 4370 3268 4432 narratione,
3290 4368 3357 4424 ad
3384 4385 3537 4424 suum
3556 4370 3840 4426 adventant

2255 4473 2439 4534 postea
2468 4464 2656 4532 pergit,
2687 4462 2941 4532 signaque
2968 4462 3096 4529 ipsis
3121 4472 3322 4526 narrat,
3357 4477 3459 4516 non
3488 4465 3658 4518 solum
3688 4465 3840 4534 ipsis,

2257 4557 2349 4611 sed
2395 4557 2552 4610 etiam
2609 4556 2758 4610 nobis
2803 4567 2857 4611 et
2898 4563 3017 4624 post
3062 4570 3161 4610 nos
3212 4555 3404 4610 futuris
3434 4557 3600 4611 utilia.
3652 4555 3841 4625 Tunc,

2257 4646 2629 4717 quandonam?
2657 4648 2768 4711 llic,
2801 4657 2855 4699 ut
2877 4662 3018 4716 saepe
3040 4646 3171 4712 dixi,
3203 4648 3356 4714 illud,
3386 4647 3548 4715 Tunc,
3582 4664 3685 4703 non
3715 4665 3848 4718 pra:-

2258 4740 2470 4795 cedenti
2515 4742 2783 4808 tempori,
2815 4756 2933 4809 quae
2979 4751 3274 4810 sequuntur
3318 4757 3420 4795 una
3469 4743 3609 4798 serie
3638 4743 3849 4799 hct-rere

2258 4832 2539 4903 signiﬁcat.
2566 4832 2662 4888 Ubi
2687 4834 2824 4886 enim
2848 4832 3089 4888 eamdem
3113 4834 3365 4902 temporis
3390 4834 3583 4889 seriem
3610 4836 3853 4892 indicare

2259 4926 2446 4993 voluit,
2471 4926 2665 4987 intulit,
2698 4927 2881 4980 Statim
2910 4937 3018 4995 post
3037 4927 3404 4981 tribulationem
3421 4927 3615 4981 dierum
3640 4929 3853 4983 illorum

2263 5017 2339 5087 (M
2346 5016 2670 5087 atth.‘24.29)
2684 5060 2691 5068 .
2704 5017 2798 5071 llic
2809 5034 2934 5071 vero
2948 5033 3049 5071 non
3071 5019 3161 5084 ita,
3177 5019 3268 5073 sed
3284 5019 3597 5087 illud,Tunc,
3616 5037 3717 5077 non
3733 5023 3856 5078 haec

2262 5109 2439 5162 statim
2467 5110 2613 5176 sequi
2642 5110 2860 5173 iudicat,
2891 5110 2983 5163 sed
3014 5126 3118 5178 quo
3151 5122 3389 5180 tempore
3421 5112 3509 5165 illa
3532 5129 3653 5181 qua:
3679 5113 3857 5167 dictu—

2264 5217 2355 5254 rus
2385 5210 2499 5255 erat
2526 5203 2698 5254 l'utura
2729 5210 2928 5255 essent.
2962 5201 3051 5256 Sic
3081 5204 3239 5255 etiam
3263 5218 3383 5257 cum
3410 5202 3559 5269 dicit,
3589 5203 3654 5257 In
3676 5206 3860 5260 diebus

2264 5292 2365 5345 illis
2387 5293 2517 5343 venit
2537 5290 2763 5346 Joannes
2783 5291 3012 5363 Baptista
3035 5293 3053 5362 (
3076 5292 3260 5348 Matth.
3290 5293 3344 5349 5.
3378 5294 3404 5349 1
3428 5292 3447 5366 )
3468 5336 3484 5362 ,
3517 5310 3620 5349 non
3645 5305 3861 5365 tempus

2264 5382 2441 5436 statim
2469 5397 2697 5452 sequens
2723 5384 2938 5449 indicat,
2966 5384 3061 5439 sed
3084 5399 3144 5439 ea
3175 5401 3292 5454 qua:
3316 5393 3437 5455 post
3465 5387 3661 5441 multos
3684 5403 3862 5443 annos

2265 5484 2515 5529 eventura
2546 5486 2718 5540 erant,
2746 5485 2800 5530 et
2822 5485 3030 5547 tempus
3056 5492 3163 5546 quo
3185 5477 3318 5543 haec,
3347 5494 3465 5548 quae
3488 5478 3724 5532 dicturus
3748 5490 3859 5546 est,

2269 5567 2408 5621 facta
2456 5577 2599 5622 sunt.
2632 5568 2764 5622 Nam
2798 5578 3073 5638 postquam
3105 5570 3173 5624 de
3214 5580 3336 5626 ortu
3360 5571 3556 5627 Christi
3588 5571 3755 5637 dixit,
3789 5573 3867 5629 de

2268 5672 2542 5727 magorum
2574 5659 2823 5723 adventu,
2850 5670 2901 5712 et
2921 5660 2987 5713 de
3010 5670 3182 5715 morte
3204 5660 3449 5726 Herodis,
3470 5664 3645 5719 statim
3674 5662 3824 5717 addit
3846 5683 3862 5715 :

2269 5748 2338 5803 1η
2367 5749 2542 5803 diebus
2569 5748 2671 5803 illis
2712 5751 2839 5803 venit
2868 5749 3093 5804 Joannes
3118 5750 3392 5820 Baptista;
3416 5761 3577 5823 atque
3618 5756 3860 5825 spatium

2276 5857 2536 5899 annorum
2562 5844 2771 5915 triginta
2800 5842 3055 5899 interfuit.
3083 5843 3187 5900 Sed
3211 5860 3328 5902 mos
3349 5846 3731 5921 estScriptura:
3761 5844 3863 5903 illo
