4154 6370
400 423 502 478 (›97

395 541 503 593 ἐάν
534 558 621 607 τις
655 542 795 610 ὑμῖν
816 543 977 611 εἴπῃ,
1008 544 1188 613 φησὶν,
1221 539 1359 599 Ὧδε
1385 545 1453 576 Μ
1483 549 1516 599 ό
1544 545 1815 612 Χριστὸς,
1855 544 1893 611 ἢ
1922 536 2057 603 ὦδε,

391 625 475 689 μὴ
501 623 882 687 πιστεύσητε.
911 622 1059 685 Τέως
1088 623 1195 676 ἀπὸ
1224 624 1317 676 τοῦ
1347 626 1513 677 τόπου
1540 625 1735 687 αὐτοὺς
1765 622 2059 690 ἀσφαλίζε-

394 714 503 763 ται,
532 699 702 767 λέγων
730 700 799 752 τὰ
833 700 1097 767 ἰδιώματα
1120 702 1218 771 τῆς
1244 702 1612 774 αὐτοῦ.[7ζ⁷›5]
1639 702 1939 771 παρουσίας
1960 704 2060 770 τῆς

394 777 670 849 δευτέρας,
703 782 794 829 καὶ
832 778 898 831 τὰ
925 778 1033 831 τῶν
1060 779 1273 833 πλάνων
1301 781 1586 851 δείγματα.
1621 782 1692 833 Οὺ
1733 780 1840 850 γὰρ
1871 779 2059 848 ῶσπερ

395 860 451 909 ἐν
482 860 547 927 τῇ
580 859 819 929 προτέρα
856 859 914 910 ἐν
960 857 1206 928 Βηθλεὲμ
1234 860 1429 929 ἐφάνη,
1460 862 1553 913 καὶ
1592 863 1649 913 ἐν
1680 861 1849 930 γωνίᾳ
1888 859 2060 929 μικρᾷ

392 937 490 1005 τῆς
507 937 847 1006 οἰκουμένης,
882 937 977 990 καὶ
998 938 1210 1000 οὐδενὸς
1238 939 1435 1003 εἰδότος
1465 938 1524 1003 ἐξ
1552 938 1746 1009 ἀρχῆς,
1787 938 1928 991 οὕτω
1965 938 2058 990 καὶ

391 1017 509 1067 τότε
536 1016 729 1084 φησίν·
762 1014 897 1068 ἀλλά
937 1016 1186 1087 φανερῶς
1232 1017 1326 1070 καὶ
1358 1017 1493 1086 μετά
1536 1018 1889 1087 περιφανείας
1918 1017 2059 1069 άπά-

392 1111 511 1164 σης,
542 1097 630 1146 καὶ
655 1095 729 1157 ὼς
762 1093 836 1164 μὴ
862 1094 1067 1147 δεῖσθαι
1110 1096 1202 1148 τοῦ
1243 1096 1417 1149 ταῦτα
1464 1098 1921 1165 ἀπαγγέλλοντος.
1981 1097 2055 1149 Οὐ

394 1174 589 1243 μικρὸν
614 1173 668 1225 δὲ
696 1174 854 1226 τοῦτο
884 1178 1107 1243 σημεῖον
1152 1175 1247 1228 τοῦ
1284 1176 1356 1247 μὴ
1400 1176 1767 1240 λανθανόντως
1817 1176 2054 1245 παραγί-

389 1252 594 1327 νεσθαι.
660 1253 859 1327 Σκόπει
905 1253 960 1306 δὲ
1018 1255 1132 1318 πῶς
1176 1255 1407 1327 ἐνταῦθα
1452 1256 1603 1308 οὐδὲν
1638 1257 1767 1327 περὶ
1815 1256 2054 1327 πολέμου

388 1323 688 1389 διαλέγεται
707 1340 719 1353 ⁸
771 1324 860 1376 τὸν
882 1328 990 1395 γάρ
1020 1326 1148 1395 περί
1173 1326 1269 1395 τῆς
1295 1327 1597 1396 παρουσίας
1628 1323 1792 1380 αὑτοῦ
1821 1323 2057 1395 διευκρι-

388 1407 469 1457 νεί
514 1403 700 1471 λόγον·
756 1402 893 1456 ἀλλά
923 1402 1188 1473 περὶτῶν
1233 1405 1448 1475 ἀπατᾷν
1500 1405 1940 1475 ἐπιχειρούντων.
1994 1405 2055 1457 Ol

392 1483 488 1552 μὲν
517 1482 625 1551 γὰρ
672 1481 763 1533 ἐπὶ
796 1480 904 1533 τῶν
932 1482 1243 1534 ἀποστόλων
1289 1484 1414 1545 τοὺς
1464 1485 1484 1514 ⁸
1520 1484 1746 1546 πολλοὺς
1793 1485 2016 1552 ἡπάτων
2040 1498 2052 1511 ⁸

402 1561 783 1613 Ἐλεύσονται
820 1561 951 1628 γὰρ,
1006 1560 1155 1629 φησί,
1193 1560 1287 1612 καὶ
1328 1561 1709 1628 ἀπατήσουσι
1751 1562 2051 1625 πολλούς·

385 1642 435 1691 οἱ
457 1641 513 1692 δὲ
546 1638 651 1710 πρὸ
674 1642 771 1709 τῆς
800 1638 1054 1709 δευτέρας
1085 1638 1247 1691 αὐτοῦ
1279 1640 1601 1710 παρουσίας,
1630 1642 1678 1694 οἳ
1706 1643 1799 1693 καί⁷
1832 1640 2056 1693 ἐκείνων

384 1715 523 1789 ἦσαν
561 1720 605 1755 ¹ο
631 1718 968 1788 πικρότεροι.
1007 1716 1279 1770 Δώσουσι
1330 1719 1460 1789 γάρ,
1503 1720 1658 1788 φησί,
1698 1718 1916 1787 σημεῖα
1955 1718 2053 1772 καί

387 1799 617 1866 τέρατα,
644 1797 800 1850 ὥστε
823 1796 1152 1864 πλανῆσαι,
1180 1800 1231 1850 εἰ
1263 1797 1546 1860 δυνατόν,
1581 1798 1677 1852 καί
1705 1799 1847 1864 τοὺς
1881 1799 2052 1852 ἐκλε-

388 1882 589 1945 κτούς.
646 1876 914 1930 Ἐνταῦθα
956 1876 1047 1929 τὸν
1096 1876 1438 1947 ἀντίχριστόν
1482 1895 1636 1947 φησι,
1682 1879 1776 1931 καὶ
1816 1877 2055 1930 δείκνυσί

388 1978 539 2021 τινας
570 1957 664 2011 καὶ
693 1955 1178 2025 διακονησομένους
1212 1956 1387 2025 αὐτῷ·
1435 1958 1563 2027 περὶ
1611 1952 1672 2012 οῦ
1707 1958 1802 2011 καὶ
1842 1956 2055 2021 Παῦλος

386 2040 530 2092 οὕτω
566 2036 718 2108 φησί.
764 2033 1163 2106 Καλέσας·γάρ
1202 2037 1365 2090 αὑτὸν
1411 2036 1726 2104 ἄνθρωπον
1767 2038 2056 2108 ἁμαρτίας

388 2120 481 2171 καὶ
514 2117 650 2170 υἱὸν
672 2113 992 2178 ἀπωλείας,
1025 2115 1331 2183 ἐπήγαγεν·
1368 2111 1449 2171 Οὗ
1474 2116 1647 2169 ἐστιν
1680 2117 1719 2183 ἡ
1753 2117 2057 2183 παρουσία

387 2200 512 2251 κατ’
544 2195 846 2264 ἐνέργειαν
894 2192 999 2245 τοῦ
1036 2194 1292 2259 Σατανᾶ,
1338 2195 1408 2248 ἐν
1446 2194 1613 2264 πάσῃ
1664 2195 1912 2265 δυνάμει
1954 2194 2057 2248 καὶ

385 2277 656 2346 σημείοις
693 2274 792 2326 καὶ
821 2272 1024 2340 τέρασι
1065 2272 1351 2341 ψεύδους,
1399 2274 1469 2328 ἐν
1497 2274 1665 2343 πάσῃ
1698 2275 1897 2343 ἀπάτῃ
1942 2274 2055 2342 τῆς

370 2359 617 2421 ’ἀδικίας
639 2358 708 2408 ὲν
736 2352 860 2418 τοῖς
880 2353 1345 2422 ἀπολλυμένοις.
1380 2355 1488 2407 Καὶ
1522 2356 1623 2426 ὅρα
1667 2355 1785 2419 πῶς
1821 2357 2053 2425 ἀσφαλί-

384 2438 555 2503 ζεται.
587 2436 681 2502 Μὴ
712 2433 1017 2498 ἐξέλθητε,
1049 2435 1202 2502 φησὶ,
1241 2436 1319 2496 εἰς
1349 2432 1446 2504 τὴν
1474 2433 1701 2505 ἔρημον,
1753 2436 1826 2507 μὴ
1877 2436 2054 2489 εἰσέλ-

384 2517 513 2586 θητε
574 2517 652 2577 εἰς
705 2514 772 2567 τὰ
818 2515 1040 2581 ταμεῖα.
1096 2513 1210 2565 Οὐκ
1260 2510 1435 2576 εἶπεν,
1486 2514 1773 2568 Ἀπέλθετε
1821 2518 1915 2568 καὶ¹
1980 2518 2054 2587 μὴ

386 2594 748 2663 πιστεύσητε·
806 2590 960 2654 ἀλλὰ,
994 2588 1090 2657 Μὴ
1138 2588 1441 2658 ἐξέλθητε,
1498 2592 1633 2663 μηδὲ
1681 2593 1951 2663 ἀπέλθητε
1988 2597 2051 2647 η.

385 2675 492 2727 Καὶ
526 2674 633 2743 γὰρ
668 2669 833 2741 πολλὴ
866 2670 987 2722 τότε
1032 2671 1065 2739 ὴ
1090 2671 1295 2741 ἀπάτη,
1329 2670 1415 2723 διὰ
1447 2672 1506 2723 τὸ
1547 2674 1639 2725 καὶ
1670 2675 1872 2744 σημεῖα
1909 2673 2056 2740 γίνε-

387 2753 509 2804 σθαι
535 2752 767 2818 ἀπάτης.

454 2838 522 2899 γ’.
564 2829 747 2883 Εἰπὼν
774 2828 956 2880 τοίνυν
1006 2827 1121 2890 πῶς
1160 2828 1365 2891 ἐκεῖνος
1394 2829 1775 2899 παραγίνεται,
1825 2826 1936 2886 οἷον
1973 2833 2054 2886 ὅτι

384 2913 439 2962 ἐν
462 2912 627 2978 τόπῳ,
656 2910 800 2974 λέγει
824 2907 937 2969 πῶς
969 2908 1058 2959 καὶ
1090 2907 1271 2970 αὐτός.
1313 2908 1435 2971 Πῶς
1462 2906 1555 2962 οὖν
1593 2911 1782 2976 αὐτός;
1831 2913 2055 2981 Ὥσπερ

383 2992 419 3056 ἢ
449 2990 724 3057 ἀστραπὴ
756 2987 1057 3055 ἐξέρχεται
1094 2986 1213 3041 ἀπὸ
1259 2988 1589 3054 ἀνατολῶν,
1640 2993 1737 3044 καὶ
1782 2992 2054 3061 φαίνεται

382 3070 488 3135 ἕως
519 3068 766 3136 δυσμῶν
793 3107 807 3131 ,
839 3065 1026 3129 οὕτως
1045 3066 1218 3119 ἔσται
1239 3068 1334 3121 καί
1367 3070 1404 3136 η
1447 3072 1747 3138 παρουσία
1780 3072 1886 3125 τοῦ
1918 3073 2052 3127 Υἰοῦ

381 3148 485 3202 τοῦ
508 3147 838 3216 ἀνθρώπου.
872 3147 1064 3199 Ὅπου
1094 3149 1203 3215 γὰρ
1241 3146 1315 3200 ἂν
1341 3143 1381 3218 ᾖ
1420 3149 1486 3201 τὸ
1524 3150 1748 3218 πτῶμα,
1793 3152 1920 3204 ἐκεῖ
1956 3152 2054 3205 καί

381 3233 433 3283 οί
483 3227 661 3282 ἀετοί.
718 3226 840 3287 Πῶς
888 3221 1045 3296 οῦνή
1109 3227 1359 3298 ἀστραπὴ
1411 3228 1701 3297 φαίνεται;
1764 3232 1838 3283 Οὐ
1882 3232 2052 3285 δεῖται

383 3305 836 3375 ἀπαγγέλλοντος,
888 3305 947 3356 οὐ
999 3304 1171 3357 δεῖται
1225 3308 1486 3377 κήρυκος,
1534 3308 1669 3361 ἀλλά
1709 3309 1802 3362 καί
1847 3313 1960 3375 τοῖς
1995 3316 2053 3366 ἐν

381 3389 579 3451 οἰκίαις
627 3386 973 3457 καθημένοις,
1010 3385 1105 3437 καὶ
1149 3388 1268 3447 ταῖς
1305 3387 1347 3417 ⁸³
1381 3389 1439 3439 ἐν
1482 3388 1764 3459 θαλάμοις,
1817 3391 1875 3442 ἐν
1917 3392 2054 3444 ἀκα-

384 3467 531 3537 ριαία
597 3468 736 3535 ροπῇ
797 3464 939 3517 κατά
990 3463 1087 3533 τὴν
1138 3464 1462 3538 οἰκουμένην
1520 3467 1795 3522 δείκνυται
1850 3472 2049 3526 πᾶσαν.

382 3545 563 3607 υῦτω;
596 3545 746 3597 ἔσται
775 3546 807 3615 ή
842 3542 1110 3614 παρουσία
1146 3544 1350 3615 ἐκείνη,
1380 3546 1516 3616 ὁμοῦ
1549 3549 1827 3619 πανταχοῦ
1865 3569 2053 3619 φαινο-

384 3627 519 3695 μένη
542 3626 629 3677 διὰ
674 3624 771 3693 τὴν
812 3621 1079 3701 ἔκλαμψιν
1106 3623 1206 3693 τῆς
1235 3624 1414 3695 δόξης.
1457 3627 1624 3694 Λέγει
1663 3628 1718 3681 δὲ
1750 3632 1842 3683 καὶ
1868 3630 2053 3701 ἕτερον

382 3708 606 3775 σημεῖον
626 3719 640 3735 ο
667 3704 851 3755 Ὅπου
869 3700 935 3754 τὸ
956 3700 1183 3769 πτῶμα,
1205 3703 1335 3756 ἐκεῖ
1352 3704 1450 3757 καὶ
1474 3708 1527 3758 οὶ
1549 3707 1712 3760 ἀετοί
1729 3725 1741 3737 ο
1765 3708 1826 3761 τὸ
1852 3700 2055 3780 πλῆθος

379 3784 484 3836 τῶν
540 3780 808 3851 ἀγγέλων,
866 3780 973 3833 τῶν
1026 3780 1338 3851 μαρτύρων,
1403 3783 1511 3836 τῶν
1566 3787 1736 3855 ἁγίων
1800 3790 2053 3842 ἁπάντων

379 3863 573 3933 δηλῶν.
625 3856 755 3914 Εἶτα
796 3860 945 3928 λέγει
978 3858 1230 3930 θαύματα
1273 3862 1497 3933 φοϐερά.
1546 3866 1681 3921 Τίνα
1716 3869 1773 3920 δέ
1825 3872 1941 3923 ἐστι
1985 3873 2054 3925 τὰ

381 3943 662 4012 θαύματα;
700 3942 933 4005 Εὐθέως
946 3942 1095 4008 μετὰ
1120 3940 1235 4008 τὴν
1256 3942 1466 4010 θλῖψιν
1504 3942 1622 3997 τῶν
1650 3947 1885 4015 ἡμερῶν
1912 3951 2056 4004 ἐκεί-

380 4040 519 4083 νων,
559 4023 743 4090 φησὶν,
778 4023 810 4074 ό
863 4020 1033 4087 ἣλιος
1060 4020 1544 4087 σκοτισθήσεται.
1575 4024 1768 4093 Θλῖψιν
1804 4028 1850 4057 ¹³
1884 4028 2053 4081 ποίων

381 4103 526 4169 λέγει
545 4101 795 4170 ήμερῶν;
838 4099 943 4152 Τοῦ
963 4100 1303 4171 ἀντιχρίστου
1324 4102 1545 4155 καὶτῶν
1570 4102 2051 4178 ψευδοπροφητῶν.

380 4182 570 4250 Θλίψις
608 4180 714 4249 γὰρ
758 4178 881 4230 τότε
930 4178 1083 4231 ἔσται
1127 4180 1360 4249 μεγάλη,
1405 4180 1675 4235 τοσούτων
1720 4183 1889 4237 ὄντων
1944 4186 2055 4237 τῶν

381 4260 734 4313 ἀπατώντων.
780 4257 915 4310 Ἀλλ’
944 4258 1042 4310 οὐκ
1068 4259 1367 4312 ἐκτείνεται
1413 4262 1492 4323 εἰς
1525 4262 1719 4332 χρόνου
1752 4263 1947 4333 μῆκος.
1992 4266 2053 4317 Εἰ

382 4339 489 4408 γὰρ
515 4341 541 4389 ὁ
582 4336 1124 4413 Ἰουδαῖκὸςπόλεμος
1149 4337 1236 4390 διὰ
1265 4339 1387 4402 τοὺς
1414 4339 1704 4404 ἐκλεκτοὺς
1731 4341 2053 4413 ἐκολοϐώθη,

382 4416 562 4487 πολλῷ
595 4417 795 4486 μᾶλλον
825 4412 979 4479 οὗτος
999 4418 1026 4469 ὁ
1052 4419 1359 4488 πειρασμὸς
1392 4420 1790 4492 συσταλήσεται
1815 4424 1902 4476 διὰ
1932 4428 2057 4487 τοὺς

381 4500 579 4561 αὐτοὺς
608 4496 849 4559 τούτους.
899 4496 997 4549 Διά
1033 4496 1191 4550 τοῦτο
1217 4499 1316 4551 οὐκ
1354 4494 1498 4561 εἷπε,
1549 4501 1687 4569 μετά
1717 4502 1815 4572 τὴν
1854 4502 2054 4572 θλίψιν,

381 4578 518 4641 ἀλλ’,
552 4577 787 4643 Εὐθέως
817 4576 967 4645 μετὰ
1005 4577 1121 4644 τὴν
1155 4576 1367 4645 θλῗψιν
1395 4579 1514 4632 τῶν
1544 4580 1783 4649 ἡμερῶν
1810 4582 2059 4637 ἐκείνων

382 4662 414 4713 ό
462 4659 635 4727 ἣλιος
680 4655 1186 4721 σκοτισθήσεταιο
1244 4658 1381 4727 ὁμοῦ
1447 4659 1553 4730 γὰρ
1607 4661 1791 4731 σχεδὸν
1842 4663 2057 4717 ἅπαντα

380 4737 608 4804 γίνεται.
642 4736 707 4788 Οἵ
731 4752 790 4787 τε
818 4734 927 4806 γὰρ
965 4735 1402 4808 ψευδοπροφῆται
1448 4740 1542 4792 καὶ
1590 4741 1637 4792 οἰ
1680 4740 2055 4812 ψευδόχριστοι

381 4816 741 4886 θορυϐήσουσι
768 4815 1225 4884 παραγενόμενοι,
1246 4818 1340 4869 καὶ
1360 4817 1560 4879 εὐθέως
1582 4820 1741 4883 αὐτὸς
1764 4822 2052 4893 παρέσται.

382 4895 491 4973 Καὶ
520 4894 628 4973 γὰρ
653 4894 727 4973 οὐ⁵
750 4896 932 4973 μικρά
945 4893 1084 4973 *τότ-ε
1127 4894 1624 4973 μέλλει-κατέχειν-
1643 4900 1853 4971 ταραχὴ

380 4964 478 5040 τὴν
508 4962 861 5040 οἰκουμένην-,ί
890 4962 1098 5040 Πῶςῄδὲ
1127 4962 1530 5040 παραγίνεται’ξ
1568 4962 2055 5040 ῐίῐετασχῖῃξιαῖτιζοΣ

384 5037 551 5105 μένης
576 5033 759 5085 λοιπὸν
786 5034 954 5103 αὐτῆς
984 5036 1082 5103 τῆς
1118 5033 1346 5097 κτίσεως
1381 5036 1420 5066 ¹⁶
1445 5054 1458 5066 ·
1489 5040 1583 5089 καὶ
1615 5040 1735 5109 ’γάρ
1886 5033 2059 5107 ἣλιος

381 5113 868 5177 σκοτισθήσεται,
895 5114 996 5166 οὐκ
1026 5114 1444 5184 ἀφανιζόμενος,
1474 5116 1608 5169 ἀλλά
1643 5118 1939 5188 νικώμενος
1980 5119 2057 5191 τῷ

384 5195 523 5261 φωτὶ
556 5195 655 5262 τῆς
694 5194 999 5264 παρουσίας
1037 5194 1204 5247 αὐτοῦ
1233 5210 1245 5224 ⁶
1277 5196 1386 5248 Καὶ
1418 5198 1490 5250 τὰ
1521 5197 1713 5265 ἄστρα
1750 5199 2051 5253 πεσεῖταιο

383 5290 463 5336 τις
495 5274 602 5343 γὰρ
631 5274 806 5327 αὐτῶν
840 5273 992 5326 ἔσται
1036 5274 1194 5345 χρεία
1228 5274 1434 5339 λοιπὸν,
1471 5277 1663 5340 νυκτὸς
1712 5278 1810 5331 οὐκ
1853 5278 2052 5351 οῦσης;

458 5394 689 5476 ’ς’-ὧδε]
730 5400 841 5476 ἰδοῦ
873 5394 975 5476 ὧδε
1002 5401 1056 5476 Ιέ.
1136 5403 1315 5476 ’τοὺς
1334 5419 1445 5476 om.
1488 5403 1550 5476 G.
1587 5406 1761 5476 K.VVM.
1803 5404 1971 5476 imgijo
1997 5407 2095 5476 Ep.

387 5471 685 5545 εἰσέλθητε,
721 5471 855 5545 μηδὲ
1125 5474 1198 5545 μὴ
1229 5475 1329 5526 εἰσ.
1361 5474 1436 5544 μὴ
1471 5475 1548 5539 ἐξ.
1579 5475 1711 5545 μηδὲ
1745 5477 1842 5528 ἀπ.
1875 5474 1939 5529 H.

1246 427 1303 481 S.
1334 425 1615 481 JOANNIS
1644 420 2129 482 CHRYSUSTOME
2163 418 2479 475 ARCHIEP.
2522 419 3061 477 CONSTANTLNOP.

2050 5480 2091 5509 ¹¹
2130 5479 2274 5551 ταῖς]
2310 5482 2401 5535 Sic

3732 424 3833 477 698

2167 544 2273 594 Καὶ
2318 544 2376 593 αἰ
2419 540 2705 609 δυνάμεις
2737 542 2852 595 τῶν
2893 540 3165 610 οὐρανῶν
3207 540 3715 608 σαλευθήσονταν
3748 543 3839 595 καὶ

2170 619 2313 687 μάλα
2337 620 2582 683 εἰκότως,
2628 622 2830 689 ὁρῶσαι
2868 622 3133 690 τοσαύτην
3179 620 3478 690 μεταϐολὴν
3526 622 3836 690 γινομένην.

2166 697 2231 748 Εἰ
2256 699 2361 767 γὰρ
2391 698 2478 749 ὅτε
2513 699 2728 764 ἐγένετο
2765 700 2835 752 τά
2873 700 3066 769 ἄστρα,
3099 699 3271 760 οὕτως
3308 698 3534 769 ἑφριξαν
3558 702 3652 753 καὶ
3682 699 3841 753 ἐθαύ-

2169 791 2389 846 μασαν⁶
2456 777 2627 844 (Ὅτε
2672 778 2779 848 γὰρ
2830 779 3082 847 ἐγενήθη
3135 777 3175 809 ¹⁸
3227 778 3439 847 ἄστρα,
3486 778 3715 845 ᾑνεσὰν
3740 796 3835 847 με,

2167 857 2318 923 φησὶ,
2342 855 2513 925 φωνῇ
2537 856 2769 925 μεγάλῃ
2799 857 3022 923 πάντες
3048 858 3288 925 ἄγγελοι
3312 862 3364 927 °)
3414 858 3592 928 πολλῷ
3641 858 3839 928 μᾶλλον

2166 934 2397 1004 ὁρῶντες
2428 937 2604 988 πάντα
2631 935 3203 1007 μεταρῤυθμιζόμενα,
3234 936 3326 988 καὶ
3357 939 3481 1000 τοὺς
3523 938 3839 1001 συνδούλους

2164 1013 2346 1065 αὐτῶν
2385 1014 2626 1079 διδόντας
2673 1016 2922 1077 εὐθύνας,
2957 1016 3051 1068 καὶ
3102 1014 3199 1085 τὴν
3246 1017 3567 1086 οἰκουμένην
3624 1018 3838 1069 ἃπασαν

2166 1093 2381 1163 φοϐερῷ
2430 1094 2847 1165 παρισταμένην
2904 1095 3257 1164 δικαστηρίῳ,
3310 1096 3403 1148 καὶ
3454 1098 3579 1158 τοὺς
3630 1097 3691 1147 ἐκ
3742 1096 3836 1147 τοῦ

2177 1171 2346 1242 Ἀδὰμ
2397 1174 2556 1243 μέχρι
2605 1173 2707 1241 τῆς
2750 1173 2914 1225 αὑτοῦ
2965 1176 3261 1243 παρουσίας
3312 1176 3631 1244 γενομένους
3681 1173 3836 1240 λόγον

2162 1250 2597 1318 ἀπαιτουμένους
2631 1250 2885 1303 ἁπάντων
2922 1245 2998 1305 ὦν
3028 1252 3289 1323 ἔπραξαν,
3326 1253 3441 1315 πῶς
3483 1254 3543 1305 οὐ
3592 1253 3835 1322 φρίξουσι

2163 1332 2261 1385 καὶ
2286 1332 2741 1402 σαλευθήσονται;

2239 1485 2374 1535 Τότε
2393 1484 2727 1551 φανήσεται
2749 1483 2813 1535 τὸ
2832 1483 3084 1551 σημεῖον
3098 1483 3205 1537 τοῦ
3237 1482 3371 1536 Υιοῦ
3393 1482 3498 1535 τοῦ
3522 1481 3834 1549 ἀνθρώπου

2161 1560 2231 1613 ἐν
2260 1559 2341 1625 τῷ
2367 1561 2599 1630 οὐρανῷ
2623 1576 2637 1588 ·
2666 1562 2961 1627 τουτέστιν,
2987 1565 3015 1615 ὁ
3046 1564 3296 1634 σταυρὸς,
3326 1561 3417 1614 τοῦ
3445 1562 3595 1630 ἡλίου
3627 1562 3835 1630 φαιδρό-

2161 1656 2319 1709 τερος
2341 1638 2451 1692 ῶψ
2494 1640 2609 1707 εἴγε
2640 1641 2843 1703 ἐκεῖνος
2886 1642 2984 1710 μὲν
3023 1642 3328 1705 σκοτίζεται
3380 1640 3473 1692 καὶ
3517 1638 3830 1708 κρύπτεται,

2161 1712 2316 1781 οὗτος
2337 1719 2393 1771 δὲ
2420 1721 2664 1788 φαίνεται
2688 1733 2703 1748 °
2728 1721 2827 1773 οὐκ
2850 1720 2914 1773 ἂν
2941 1722 3150 1788 φανεὶς,
3173 1724 3221 1773 εἰ
3248 1721 3320 1792 μὴ
3346 1719 3523 1789 πολλῴ
3555 1719 3662 1771 τῶν
3692 1718 3833 1788 ήλια-

2162 1798 2272 1851 κῶν
2301 1799 2535 1852 ἀκτίνων
2564 1800 2912 1871 φαιδρότερος
2932 1797 3021 1870 ἦν.
3056 1802 3210 1863 Τίνος
3233 1801 3287 1853 δὲ
3314 1800 3499 1851 ἕνεκεν
3522 1798 3583 1849 τὸ
3614 1802 3832 1867 σημεῖον

2159 1876 2447 1945 φαίνεται;
2486 1880 2645 1931 Ὥστε
2680 1882 2745 1932 ἐκ
2785 1880 3099 1947 περιουσίας
3142 1880 3340 1949 πολλῆς
3385 1879 3831 1947 ἐπιστομισθῆναι

2153 1957 2264 2010 τῶν
2330 1958 2597 2011 Ἰουδαίων
2647 1960 2748 2028 τὴν
2798 1960 3205 2029 ἀναισχυντίαν.
3256 1960 3366 2013 Καὶ
3409 1958 3518 2029 γὰρ
3562 1958 3833 2026 δικαίωμα

2160 2034 2421 2106 μέγιστον
2476 2036 2614 2105 ἔχων
2661 2039 2752 2091 τὸν
2806 2040 3057 2110 σταυρὸν,
3134 2039 3275 2091 οὕτω
3337 2037 3697 2107 παραγίνεται
3754 2038 3831 2098 είς

2156 2119 2331 2169 ἐκεῖνο
2353 2117 2415 2169 τὸ
2434 2116 2781 2190 δικαστήριον
2806 2121 2834 2172 ό
2862 2121 3113 2189 Χριστὸς,
3154 2121 3275 2189 οὐχὶ
3299 2119 3368 2171 τὰ
3404 2118 3693 2189 τραύματα
3734 2117 3831 2187 μό-

2155 2213 2264 2261 νον,
2298 2197 2434 2249 ἀλλὰ
2459 2198 2551 2250 καὶ
2596 2199 2686 2250 τὸν
2730 2198 2956 2253 θάνατον
2985 2200 3076 2253 τὸν
3108 2199 3471 2252 ἐπονείδιστον
3511 2200 3556 2230 ¹⁶
3597 2198 3826 2260 δεικνύς.

2162 2277 2298 2329 Τότε
2326 2280 2616 2345 κόψονται
2646 2280 2706 2329 αἱ
2741 2279 2948 2346 φυλαί.
3002 2279 3075 2331 οὐ
3113 2278 3221 2347 γὰρ
3265 2278 3423 2348 χρεία
3476 2276 3827 2348 κατηγορίας,

2155 2358 2281 2411 ὅταν
2301 2357 2449 2409 ἴδωσι
2474 2356 2564 2408 τὸν
2582 2358 2843 2427 σταυρόν·
2873 2359 2968 2411 καὶ
2994 2357 3247 2426 κόψονται
3282 2358 3346 2419 ¹⁷,
3372 2357 3455 2409 ὃτι
3475 2356 3829 2419 ἀποθανόντος

2156 2436 2307 2490 οὐδὲν
2359 2435 2741 2505 ὠφελήθησαν,
2794 2436 2877 2489 ὅτι
2942 2436 3294 2507 ἐσταύρωσαν
3347 2434 3404 2488 ὃν
3457 2435 3830 2505 προσκυνῆσαι

2156 2515 2281 2569 ἔδει.
2309 2510 2459 2577 Εἶδες
2484 2514 2600 2577 πῶς
2622 2515 2904 2587 ὑπέγραψε
2922 2516 3020 2588 τὴν
3043 2516 3344 2588 παρουσίαν
3364 2515 3528 2569 αὑτοῦ
3551 2516 3792 2587 φοϐερῶς
3813 2532 3827 2580 ;

2155 2594 2272 2657 πῶς
2312 2596 2579 2663 ἀνέστησε
2629 2595 2696 2647 τά
2745 2596 3071 2665 φρονήματα
3103 2596 3214 2651 τῶν
3256 2595 3545 2665 μαθητῶν;
3596 2596 3694 2647 Διά
3748 2612 3829 2647 τοι

2153 2673 2313 2727 τοῦτο
2349 2674 2611 2745 πρότερον
2633 2673 2702 2727 τὰ
2730 2674 2947 2745 λυπηρά
2976 2674 3177 2745 τίθησι,
3222 2676 3316 2727 καὶ
3352 2676 3471 2727 τότε
3497 2674 3566 2726 τά
3596 2673 3824 2745 χρηστὰ,

2158 2754 2244 2807 ἵνα
2272 2754 2367 2807 καὶ
2397 2754 2440 2784 ¹⁸
2466 2753 2638 2827 ταύτῃ
2666 2754 2863 2816 αὐτοὺς
2891 2754 3354 2825 παραμυθήσηται
3384 2754 3479 2805 καὶ
3516 2753 3824 2825 ἀναπαύσῃ.

2155 2833 2266 2886 Καὶ
2320 2833 2446 2903 περὶ
2489 2832 2583 2885 τοῦ
2635 2832 2838 2896 πάθους
2880 2832 2938 2885 δὲ
2974 2833 3171 2895 αὐτοὺς
3213 2833 3622 2902 ὑπομιμνήσκει
3670 2834 3828 2887 πάλιν

2156 2914 2249 2967 καὶ
2285 2913 2385 2983 τῆς
2414 2913 2782 2975 ἀναστάσεως,
2817 2914 2910 2965 καὶ¹
2942 2912 3080 2983 μετὰ
3109 2912 3361 2984 λαμπροῦ
3407 2914 3449 2944 ⁸⁹
3499 2912 3593 2966 τοῦ
3621 2916 3830 2983 σχήμα-

2154 3011 2246 3056 τος
2269 2993 2539 3063 μέμνηται
2560 2991 2654 3045 τοῦ
2678 2992 2933 3063 σταυροῦ,
2960 2993 3100 3046 ὥστε
3132 2992 3207 3063 μὴ
3236 2992 3585 3062 αἰσχύνεσθαι
3613 2994 3827 3060 αὐτοὺς,

2157 3071 2293 3143 μηδὲ
2348 3070 2653 3136 ὀδυνᾶσθαι,
2712 3071 2845 3124 ὃπου
2889 3088 2953 3139 γε
3004 3073 3124 3125 ἀντὶ
3170 3073 3397 3142 σημείου
3439 3074 3559 3125 τότε
3613 3073 3828 3142 ἔρχεται

2155 3149 2587 3220 προϐαλλόμενος
2625 3149 2805 3203 αὐτόν.
2862 3150 3052 3213 Ἀλλος
3089 3150 3145 3203 δέ
3177 3168 3360 3221 φησιν,
3415 3151 3496 3204 ὅτι
3548 3152 3829 3219 Ὄψονται

2154 3230 2243 3293 είς
2274 3228 2346 3281 ὃν
2365 3228 2791 3295 ἐξεκέντησαν.
2824 3229 2922 3283 Διὰ
2955 3230 3017 3301 δὴ
3043 3229 3201 3284 τοῦτο
3232 3231 3489 3299 κόψονται
3517 3232 3583 3296 ¹⁰,
3624 3233 3828 3286 ἰδοῦσαι

2153 3307 2235 3361 ὃτι
2256 3303 2407 3371 οὗτος
2427 3308 2633 3370 ἐκεῖνός
2658 3311 2823 3362 ἐστιν.
2850 3310 3065 3379 Ἐπειδὴ
3091 3311 3145 3362 δὲ
3167 3310 3258 3362 καὶ
3280 3310 3511 3382 σταυροῦ
3535 3312 3826 3381 ἀνέμνησε,

2154 3386 2494 3456 προσέθηκεν
2535 3386 2615 3439 ὅτι
2672 3388 2963 3454 Ὄψονται
3015 3389 3122 3441 τὸν
3178 3389 3315 3442 Υίὸν
3364 3388 3467 3443 τοῦ
3518 3391 3829 3457 ἀνθρώπου

2152 3465 2499 3535 ἐρχόμενον,
2540 3465 2723 3519 οὐκέτι
2752 3468 2793 3497 ¹¹
2827 3468 2919 3519 ἐπὶ
2961 3466 3057 3520 τοῦ
3101 3470 3357 3539 σταυροῦ,
3409 3468 3523 3521 ἀλλ’
3562 3469 3659 3522 ἐπὶ
3714 3470 3830 3523 τῶν

2153 3544 2427 3613 νεφελῶν
2474 3544 2581 3599 τοῦ
2620 3546 2903 3613 οὐρανοῦ,
2954 3550 3103 3614 μετὰ
3154 3548 3461 3617 δυνάμεως
3508 3548 3606 3601 καὶ
3646 3548 3830 3615 δόξης

2154 3623 2414 3693 πολλῆς.
2445 3624 2537 3695 Μὴ
2579 3624 2689 3696 γὰρ
2718 3625 2907 3695 ἐπειδὴ
2958 3627 3048 3678 τὸν
3096 3628 3327 3698 σταυρὸν
3369 3628 3627 3697 ἤκουσας,
3673 3632 3824 3697 φησὶ,

2157 3703 2383 3776 νομίσῃς
2419 3704 2580 3756 πάλιν
2610 3703 2934 3774 σκυθρωπδιν
2963 3701 3197 3759 εἰναίτι·
3239 3706 3379 3775 μετά
3407 3708 3514 3777 γὰρ
3552 3706 3829 3775 δυνάμεως

2154 3782 2273 3852 ἥξει
2303 3785 2397 3835 καὶ
2411 3783 2568 3853 δόξης
2592 3783 2810 3854 πολλῆς.
2834 3786 2991 3857 Φέρει
3019 3784 3075 3837 δὲ
3107 3786 3288 3846 αὐτὸν,
3319 3786 3405 3838 ἵνα
3431 3787 3827 3856 αὐτοκατάκρι-

2154 3876 2244 3922 τος
2290 3860 2471 3912 αύτῶν
2518 3861 2802 3931 γένηταιή
2834 3863 3077 3933 ἁμαρτία
3103 3879 3115 3892 '
3161 3863 3351 3934 ὥσπερ
3395 3863 3461 3916 ἂν
3502 3864 3557 3915 εί
3587 3880 3668 3926 τις
3698 3865 3827 3934 λίθῳ

2153 3936 2400 4006 πληγεὶς,
2424 3938 2585 3991 αὑτὸν
2616 3939 2900 4004 ἐπιδείξειε
2934 3940 3024 3993 τὸν
3057 3941 3221 4005 λίθον,
3263 3943 3295 4012 ἢ
3328 3943 3396 3994 τά
3423 3942 3610 4011 ἰμάτια
3646 3944 3829 4013 ᾑμαγ-

2158 4015 2311 4084 μένα.
2340 4015 2447 4067 Καὶ
2495 4018 2551 4068 ἐν
2597 4016 2792 4088 νεφέλῃ
2820 4017 3058 4089 ἔρχεται,
3085 4018 3161 4081 ὼς
3198 4020 3474 4089 ἀνελήφθη
3502 4036 3517 4052 '
3540 4020 3633 4072 καὶ
3656 4020 3827 4073 ταῦτα

2155 4094 2364 4164 ὁρῶσαι
2396 4094 2686 4165 θρηνοῦσιν
2740 4099 2796 4149 αἰ
2846 4097 3029 4165 φυλαί.
3070 4097 3144 4150 Οὑ
3178 4097 3283 4167 μὴν
3328 4101 3374 4129 ¹²
3418 4097 3579 4168 μέχρι
3616 4098 3828 4169 θρήνων

2155 4175 2414 4245 στήσεται
2438 4176 2621 4238 αὐτοῖς
2651 4176 2718 4228 τὰ
2739 4176 2887 4230 δεινά
2912 4192 2925 4205 ”
2962 4177 3077 4230 ἀλλ’
3100 4179 3127 4230 ὁ
3162 4178 3260 4247 μὲν
3304 4176 3502 4247 θρῆνος
3534 4176 3707 4235 ἔσται,
3740 4179 3828 4230 ἵνα

2155 4252 2365 4306 οίκοθεν
2395 4254 2493 4324 τὴν
2536 4256 2714 4325 ψῆφον
2745 4255 3090 4324 ἐξενέγκωσι,
3134 4257 3227 4309 καὶ
3275 4256 3497 4319 ἑαυτοὺς
3537 4256 3830 4310 καταδικά-

2158 4348 2291 4384 σωσι
2315 4348 2329 4363 ο
2365 4333 2486 4385 τότε
2529 4333 2584 4387 δὲ
2629 4334 2791 4388 πάλιν
2835 4335 3191 4390 ’Δποστελεῐ
3224 4334 3368 4402 τοὺς
3404 4334 3698 4405 ἀγγέλους
3723 4339 3829 4389 αὐ⁹

2152 4411 2257 4463 τοῦ
2286 4412 2437 4479 μετὰ
2490 4412 2827 4482 σάλπιγγος
2862 4415 3157 4483 μεγάλης,
3192 4414 3290 4468 καὶ
3323 4413 3665 4477 συνάξουσι
3688 4414 3829 4480 τοὺς

2151 4490 2477 4558 ἐκλεκτοὺς
2501 4493 2569 4546 ἐκ
2593 4493 2711 4547 τῶν
2734 4495 3049 4561 τεσσάρων
3077 4494 3333 4563 ἀνέμων,
3364 4494 3465 4548 ἀπ’
3488 4494 3687 4561 ἄκρων
3710 4493 3829 4547 τῶν

2152 4570 2423 4637 οὐρανῶν
2446 4572 2558 4638 ἓως
2582 4572 2777 4641 ἄκρων
2795 4574 3013 4628 αὐτῶν.
3046 4574 3212 4628 Ὅταν
3240 4574 3298 4626 δὲ
3318 4572 3477 4626 τοῦτο
3500 4574 3545 4604 ⁸³
3568 4572 3827 4645 ἀκούσης,

2152 4649 2320 4703 ἐννόει
2366 4650 2478 4703 τῶν
2515 4652 2782 4720 μενόντων
2829 4652 2927 4723 τὴν
2982 4652 3217 4707 κόλασιν.
3279 4652 3412 4706 Οὐδὲ
3469 4651 3577 4722 γὰρ
3617 4652 3829 4721 ἐκείνην

2162 4728 2392 4783 δώσουσι
2419 4732 2515 4800 τὴν
2544 4732 2698 4802 δίκην
2726 4732 2876 4804 [757]
2913 4733 3091 4803 μόνον,
3125 4732 3262 4787 ἀλλά
3302 4733 3398 4785 καὶ¹
3444 4731 3667 4801 ταύτην.
3720 4733 3829 4784 Καὶ

2163 4807 2351 4880 ὥσπερ
2395 4810 2650 4882 ἀνωτέρω
2684 4811 2890 4880 ἔλεγεν,
2948 4812 3029 4865 ὅτι
3078 4812 3311 4882 ἐροῦσιν,
3346 4810 3768 4878 Εὐλογημένος
3796 4813 3831 4863 ό

2163 4887 2487 4957 ἐρχόμενος
2521 4891 2592 4943 ἐν
2619 4892 2863 4959 ὀνόματι
2922 4892 3176 4957 Κυρίου’
3224 4890 3396 4955 οὓτως
3445 4888 3697 4949 ἐνταῦθα,
3748 4890 3830 4940 ὅτι

2162 4968 2486 5034 Κόψονται.
2526 4968 2739 5039 Ἐπειδὴ
2773 4969 2881 5040 γὰρ
2906 4971 3037 5039 περὶ
3066 4968 3319 5039 πολέμων
3363 4968 3545 5030 αὐτοῖς
3584 4965 3829 5035 διελέχθη

2162 5044 2436 5113 χαλεπῶν,
2486 5047 2572 5100 ἵνα
2624 5047 2888 5117 μάθωσιν,
2920 5048 3002 5101 ὅτι
3038 5050 3175 5117 μετὰ
3216 5048 3325 5100 τῶν
3369 5046 3605 5100 ἐνταῦθα
3641 5045 3830 5099 δεινῶν

2162 5124 2256 5175 καὶ⁸
2284 5124 2351 5176 τὰ
2383 5127 2498 5177 ἐκεῖ
2522 5127 2713 5189 αὐτοὺς
2741 5126 2999 5196 ἀναμένει
3040 5126 3450 5197 βασανιστήρια,
3492 5128 3584 5180 καὶ
3632 5142 3826 5179 κοπτο-

2166 5204 2360 5272 μένους
2402 5207 2630 5273 εἰσάγει,
2678 5207 2771 5259 καὶ
2816 5208 3215 5278 χωριζομένους
3255 5207 3365 5259 τῶν
3404 5207 3694 5266 ἐκλεκτῶν,
3735 5206 3831 5257 καὶ

2162 5282 2354 5353 γεέννῃ
2384 5285 2840 5355 παραδιδομένους
2865 5303 2877 5316 ·
2911 5287 3204 5342 κάντεῦθεν
3228 5288 3393 5341 πάλιν
3419 5290 3543 5350 τοὺς
3582 5285 3829 5358 μαθητὰς

3129 5416 3169 5447 ¹¹
3213 5414 3305 5470 Sic
3336 5415 3401 5471 G.
3430 5416 3493 5469 K.
3521 5414 3589 5467 Μ.
3624 5413 3722 5483 Ep.
3754 5412 3831 5483 μὴ

2478 5524 2491 5536 .
2720 5483 2789 5535 Μ.
2819 5484 2913 5557 Ep.
2941 5486 3102 5557 yulgn
3129 5488 3262 5548 τοῖς.
3340 5487 3412 5557 ν¹³
3448 5481 3825 5557 emax/Tago.

2208 5412 2252 5441 ίο
2292 5406 2451 5479 ἦσαν]
2484 5414 2588 5464 είσι
2618 5412 2675 5466 L.
2708 5412 2920 5467 ἔσονται
2951 5414 3014 5469 K.

387 5539 443 5591 δέ
476 5540 535 5593 Ι...
578 5539 973 5626 ποίωνγποιίαν
1029 5539 1435 5626 ιυρθξείηεοιὶιίέ
1494 5564 1511 5594 ι
1550 5539 1857 5626 ίσξποίων..
1884 5564 1928 5625 ι-
1948 5544 2066 5626 δαί).

2160 5539 2515 5626 ΑΙίίῖποίων.»
2538 5553 2600 5621 (?)
2634 5539 3064 5626 Μοιιιεῖίποίωιῗ
3081 5539 3507 5626 ήμερῶνίθλῖψιν
3542 5539 3689 5626 λέγὲι
3729 5552 3825 5620 Ep.

388 5626 608 5662 auorum
637 5613 843 5664 dierum
870 5611 967 5665 Ge.

1050 5613 1091 5643 ³⁸
1121 5612 1211 5690 S_ic
1244 5611 1341 5690 El).
1379 5612 1642 5690 Mar._;ﬁ;
1671 5633 1756 5668 κτ.
1799 5615 1968 5690 αὐτῆς
1998 5616 2057 5671 L.
2096 5620 2272 5690 caeleri
2312 5621 2514 5690 ταύτης
2545 5611 2645 5686 τῆς
2667 5641 2749 5674 κτ.

2832 5625 2875 5654 ¹⁸
2902 5624 3237 5695 ἐγενήθησαν
3271 5625 3341 5679 Μ.
3380 5624 3437 5696 ρζ
3464 5641 3515 5695 p.
3548 5624 3682 5694 φησὶ
3710 5637 3825 5696 οφ.

392 5679 461 5768 5—1.
488 5679 757 5768 Yi‘tio‘sumi
781 5681 1226 5768 scriP'luffnqlc'h-e
1250 5679 1356 5767 γὰρ
1390 5679 1725 5768 ἐγενήθησαν
1758 5679 2022 5768 τάιμέτρα
2046 5691 2066 5768 ε

2160 5689 2438 5768 μιζόμενα,
2471 5679 2695 5768 διιιίεειε
2722 5679 3081 5768 ίιιιεψοὲρίιίέ.
3119 5679 3282 5768 habet
3318 5679 3584 5768 εἷνὲτυξι
3612 5679 3832 5768 μεγάλῃ

391 5765 451 5801 π.
488 5751 708 5815 ἄγγελοι
736 5767 846 5805 om.
890 5753 954 5803 Η.
988 5752 1056 5805 Μ.
1094 5751 1218 5807 Han
1259 5751 1343 5805 ὅτε

499 5756 846 5850 Ξῖξζῗλῗζὲἓξῗ·
890 5756 955 5850 ἷξε
968 5756 1056 5850 31"
1083 5756 1564 5850 .Ἶ[²ἓ⁰-ἕῖεοτὲρ·;’.
1596 5756 2017 5850 ιτάλλεῖξῖἳῗξξνὲ
2048 5756 2098 5850 ἰη
2132 5756 2195 5850 'F-
2234 5756 2301 5850 Hi

393 5820 625 5898 σταυρὸν
655 5822 812 5898 μόνον
837 5863 869 5898 ,_
1083 5824 1177 5875 καὶ
1220 5822 1334 5898 τὸν-
1355 5824 1404 5877 θ.
1426 5820 1686 5898 -εξπονίίἸ
1707 5825 2014 5898 ΔΥιιιεειιιιιι
2052 5840 2066 5880 ι

2160 5846 2233 5881 ,ιη’
2265 5820 2359 5898 Ep:

2331 5777 2561 5832 quonun
2596 5763 2681 5832 hic
2712 5763 2915 5832 ὁρῶσαι
2941 5780 3035 5826 pro
3058 5765 3299 5832 ὁρῶντας
3331 5768 3443 5819 dat.
3525 5766 3568 5796 ¹⁶
3589 5765 3711 5830 οὐχὶ
3737 5761 3828 5832 τόν

2469 5829 2824 5905 ¹⁷ΑὲεαὶηὲεόΨ1
2854 5834 3006 5905 φάψ.
3058 5829 3113 5886 δέ
3141 5835 3198 5887 L.
3254 5837 3346 5889 καὶ
3388 5836 3612 5905 ὄψονται

398 5890 439 5917 ⁸⁸
477 5888 752 5943 Lac-unam
783 5892 945 5944 habet
968 5892 1033 5945 Μ.
1073 5908 1245 5961 usque
1273 5894 1336 5945 ad
1369 5895 1523 5945 πόλιν
1542 5911 1595 5963 p.
1622 5895 1726 5946 758
1761 5888 1859 5946 υ.’
1902 5896 1942 5925 ¹⁹
1972 5895 2066 5965 λαμ

398 5958 495 6043 οὐκ
530 5956 595 6009 Κ.
621 5959 736 6043 Ἐν.
811 5963 883 6043 ,ξ’
928 5962 1055 6033 μὴν]
1094 5964 1277 6033 μέντοι
1324 5962 1457 6017 Edd.
1564 5964 1609 5995 ²³
1646 5963 1821 6033 τοῦτο]
1853 5963 2066 6028 τούτους

2163 5888 2349 5969 οτέράυ
2374 5902 2441 5953 Κ.
2523 5901 2566 5931 ¹⁰
2595 5888 2847 5967 κόψοντᾶι
2893 5888 3015 5957 adii.
3052 5906 3105 5956 αἰ
3134 5888 3456 5970 φ’)λαὶἝῘιΙά..
3536 5907 3579 5936 ¹¹
3613 5897 3827 5969 οὐκέτιι

2160 5970 2371 6021 ,ταῦτα
2404 5969 2538 6024 Edd.
2579 5902 2872 6043 μενόντωνί
2902 5973 3203 6043 μελλόντων
3248 5975 3309 6030 L.
3361 5977 3574 6031 favente
3619 5973 3822 6039 Interp.

393 5958 494 6033 οὐκ
530 5956 595 6009 Κ.
622 5959 736 6033 Ἐν.
811 5963 883 6033 ﬁ"
928 5962 1055 6033 μὴν]
1094 5956 1277 6033 μέντοι
1324 5962 1457 6017 Edd.

396 6024 773 6094 ἀπομενόντιιιν
811 6027 906 6098 Ερ.

1564 5964 1609 5995 ’³
1646 5963 1821 6033 τοῦτο]
1853 5963 2074 6028 τούτους
2107 5963 2167 6023 G.
2198 5963 2371 6021 ταῦτα
2404 5969 2538 6024 Edd.
2579 5963 2845 6038 μενόντων

2902 5973 3203 6045 μελλόντων
3248 5975 3309 6030 L.
3361 5977 3574 6031 favente
3619 5973 3822 6039 lnterp.
