4130 6374
441 323 544 379 697

445 441 522 496 uti
551 441 863 496 enarranda:
906 440 1140 496 historia:
1183 440 1361 495 modo.
1387 441 1474 495 Sic
1519 440 1676 495 etiam
1725 440 1825 494 hoc
1864 438 2019 506 loco,

444 537 612 590 misso
641 534 958 590 iutermedio
987 534 1132 590 omni
1165 542 1404 604 tempore
1423 574 1438 598 ,
1482 532 1622 602 quod
1655 531 1884 585 futurum
1911 538 2026 584 erat

444 628 710 682 excidium
743 627 881 681 inter
931 636 987 682 et
1030 625 1286 695 principia
1331 622 1838 684 consummationis,
1885 621 2018 690 quid

454 718 610 787 paulo
649 728 772 772 ante
819 717 1332 771 consummationem
1370 715 1604 770 futurum
1643 724 1783 768 esset
1821 721 2022 767 narrat.

444 806 605 872 Tunc,
630 808 799 878 inquit
813 851 828 873 ,
851 809 893 862 si
916 808 1026 877 quis
1047 808 1182 861 vobis
1199 807 1402 874 dixerit,
1422 807 1552 860 Ecce
1575 806 1656 860 hic
1675 816 1747 860 est
1767 804 2018 869 Christus,

442 908 530 953 aut
559 900 639 952 hic
663 940 677 963 ,
711 899 866 953 nolite
897 899 1114 952 credere.
1147 897 1365 954 Interim
1410 897 1528 952 illos
1557 913 1586 952 a
1613 897 1731 951 loco
1759 897 2024 952 cautiores

441 993 585 1059 t'acit,
613 990 833 1047 secundi
862 991 942 1046 sui
971 991 1231 1045 adventus
1261 1000 1417 1044 notas
1449 989 1688 1058 proprias
1718 1001 2018 1053 recensens,

442 1099 655 1139 necnon
685 1083 1030 1139 seductorum
1078 1091 1312 1137 ostenta.
1343 1081 1458 1136 Non
1485 1082 1625 1136 enim
1658 1089 1716 1134 ut
1756 1081 1808 1135 in
1853 1081 2024 1150 primo

440 1189 538 1230 suo
553 1175 784 1230 adventu
804 1175 853 1229 in
870 1172 1176 1229 Bethlehem
1199 1181 1598 1242 apparuerat,et
1622 1173 1673 1226 in
1699 1186 1860 1240 parvo
1878 1172 2023 1226 orbis

441 1267 658 1337 angulo,
691 1279 791 1320 nec
821 1264 928 1319 ullo
960 1265 1234 1319 hominum
1262 1263 1313 1317 id
1353 1279 1381 1316 a
1413 1263 1672 1332 principio
1701 1263 1918 1326 sciente,
1952 1263 2021 1316 ita

443 1370 499 1414 et
529 1369 654 1414 tunc
689 1359 858 1429 inquit
893 1378 905 1413 :
934 1358 1026 1414 scd
1061 1366 1244 1427 aperte
1277 1365 1475 1412 etcum
1507 1356 1791 1425 Splendore
1815 1399 1830 1423 ,
1863 1357 1935 1410 ita
1967 1367 2025 1412 ut

441 1465 528 1505 res
555 1450 740 1517 nuntio
767 1465 873 1503 non
901 1458 1073 1519 egeat.
1101 1449 1282 1519 Neque
1312 1464 1530 1518 parvum
1553 1448 1679 1502 illud
1708 1449 1917 1518 signum
1941 1459 2023 1503 est

442 1544 611 1613 ipsum
634 1558 738 1596 non
761 1543 987 1598 latenter
1005 1553 1285 1598 venturum
1307 1557 1448 1596 esse.
1469 1541 1845 1598 Animadverte
1864 1557 2024 1611 porro

442 1635 526 1690 hic
553 1636 684 1690 nihil
715 1637 919 1691 narrari
949 1635 1016 1690 de
1045 1635 1187 1690 bello
1215 1637 1612 1706 (narrationem
1648 1636 1790 1691 enim
1821 1637 1888 1690 de
1922 1637 2018 1691 ad-

441 1736 600 1782 ventu
630 1743 728 1783 suo
767 1729 932 1798 probe
961 1728 1028 1782 ab
1058 1729 1144 1782 illa
1176 1728 1528 1800 distinguit),
1562 1728 1658 1784 sed
1699 1730 1809 1799 agit
1841 1730 1926 1784 hic
1955 1730 2022 1785 de

441 1819 506 1876 iis
526 1822 614 1891 qui
641 1821 898 1876 seducere
930 1822 1229 1878 tentabunt.
1255 1821 1389 1876 Nam
1415 1822 1504 1891 qui
1537 1831 1777 1890 tempore
1801 1831 2012 1891 aposto-

440 1911 612 1966 lorum
638 1911 793 1967 luere
819 1912 1132 1980 deceptores
1155 1955 1172 1980 ,
1201 1913 1396 1969 multos
1421 1914 1756 1972 seduxerunt
1779 1913 2021 1985 (Veniant

439 2004 604 2069 enim,
640 2004 828 2074 inquit,
855 2015 904 2058 et
931 2005 1175 2058 seducent
1199 2005 1382 2059 multos
1405 2004 1424 2074 )
1450 2046 1466 2070 ,
1505 2005 1594 2076 qui
1622 2021 1749 2061 vero
1777 2015 1902 2060 ante
1929 2021 2015 2060 se-

439 2094 670 2149 cundum
689 2095 833 2149 illius
847 2095 1151 2155 adventum,
1175 2095 1280 2149 illis
1300 2094 1594 2150 deteriores
1614 2104 1797 2151 erunt:
1814 2094 2020 2149 Dabunt

439 2187 580 2241 enim
601 2227 616 2252 ,
650 2188 821 2256 inquit
839 2229 854 2252 ,
880 2187 1026 2257 signa
1051 2197 1097 2240 et
1126 2187 1356 2259 prodigia
1374 2229 1389 2253 ,
1415 2189 1486 2241 ita
1514 2197 1596 2253 ut,
1627 2189 1670 2241 si
1694 2188 1805 2254 ﬁeri
1833 2188 2016 2257 possit,

440 2279 589 2334 etiam
616 2279 799 2333 electos
841 2280 1105 2334 seducunt.
1138 2279 1235 2334 Hic
1278 2295 1438 2349 porro
1473 2279 1540 2334 de
1578 2279 1908 2334 Antichrislo
1937 2279 2016 2332 lo-

438 2371 616 2438 quitur
637 2411 652 2435 ,
685 2371 858 2440 deque
901 2371 1214 2441 quibusdam
1245 2371 1358 2441 ejus
1393 2371 1669 2424 ministris.
1701 2371 1776 2425 De
1813 2385 1919 2438 quo
1942 2369 2020 2423 sic

437 2462 634 2518 Paulus
658 2463 897 2533 loquitur
927 2481 939 2517 :
984 2479 1102 2536 (vim
1129 2463 1269 2518 enim
1301 2473 1546 2517 vocasset
1576 2461 1722 2516 illum
1747 2461 2016 2516 hominem

439 2555 642 2622 peccati
669 2564 724 2608 et
769 2555 932 2608 lilium
971 2554 1306 2624 perditionis,
1339 2553 1514 2607 intulit
1541 2571 1553 2607 :
1586 2551 1744 2622 Cujus
1778 2553 2018 2605 adventus

437 2654 510 2698 est
531 2645 808 2698 secundum
853 2646 1200 2715 operationem
1224 2655 1416 2700 satanas
1433 2686 1448 2710 ,
1473 2646 1526 2698 in
1553 2645 1689 2698 omni
1713 2646 1894 2698 virtute
1917 2684 1932 2709 ,
1972 2656 2018 2700 et

437 2737 594 2807 signis
615 2776 630 2802 ,
663 2747 711 2791 et
733 2738 980 2808 prodigiis
1001 2739 1287 2804 mendacii,
1313 2737 1365 2791 in
1394 2739 1532 2792 omni
1569 2737 1856 2806 deceptione
1879 2738 2018 2806 inju-

437 2830 621 2896 stitite,
652 2830 704 2882 in
742 2829 805 2882 iis
844 2831 931 2898 qui
967 2839 1176 2898 pereunt
1214 2829 1310 2901 (1.
1353 2829 1527 2883 Thess.
1561 2831 1616 2882 2.
1646 2829 1744 2899 9).
1790 2829 1860 2883 Et
1898 2829 2016 2882 vide

436 2921 701 2990 quomodo
736 2921 858 2976 illos
881 2933 1068 2976 cautos
1097 2922 1302 2977 reddat.
1333 2921 1411 2976 Ne
1437 2923 1676 2989 excatis,
1711 2923 1917 2992 inquit,
1962 2923 2014 2977 in

436 3012 703 3066 desertum
725 3053 740 3077 ,
777 3029 843 3067 ne
868 3013 1074 3068 intretis
1101 3014 1152 3066 iu
1183 3013 1496 3082 penetralia.
1525 3019 1642 3069 Non
1679 3013 1830 3076 dixit,
1859 3015 2016 3069 Abite

434 3113 566 3158 etne
581 3104 802 3170 credite;
821 3104 935 3172 sed,
955 3103 1031 3158 Ne
1051 3105 1438 3175 ingrediamiui,
1461 3121 1631 3175 neque
1645 3105 2010 3176 egrediamini.

435 3195 616 3265 Magna
647 3197 789 3250 enim
817 3195 960 3250 fraus
987 3197 1088 3252 erit
1106 3238 1123 3263 ,
1151 3212 1218 3252 eo
1242 3197 1382 3266 quod
1409 3205 1462 3250 et
1488 3198 1636 3267 signa
1677 3197 1742 3251 ad
1773 3197 2012 3252 fraudem

435 3286 648 3343 dentur.

504 3380 557 3434 5.
589 3378 724 3432 Cum
751 3377 974 3432 dixisset
998 3391 1127 3449 ergo
1153 3377 1420 3448 quomodo
1450 3378 1538 3432 ille
1561 3386 1814 3432 venturus
1844 3389 2009 3446 esset,

435 3472 487 3525 in
527 3472 646 3526 loco
667 3487 861 3540 nempe
883 3471 1092 3541 aliquo,
1127 3481 1251 3526 tunc
1278 3472 1346 3526 de
1375 3486 1433 3526 se
1461 3471 1729 3540 quomodo
1758 3481 2013 3527 venturus

431 3565 500 3620 sit
528 3565 676 3620 dicit.
708 3565 990 3632 Quomodo
1023 3575 1201 3620 autem
1229 3574 1486 3618 venturus
1515 3565 1636 3620 est?
1664 3564 1810 3620 Sicut
1838 3566 2013 3638 fulgur

433 3658 532 3711 exit
558 3656 618 3710 ab
649 3658 858 3722 oriente,
884 3665 929 3710 et
948 3667 1157 3726 apparet
1184 3673 1338 3726 usque
1361 3657 1430 3709 ad
1457 3657 1762 3710 occidentem
1784 3699 1798 3721 ,
1827 3659 1900 3710 ita
1919 3659 2010 3710 erit

432 3760 480 3805 et
511 3751 750 3804 adventus
779 3748 904 3802 Filii
941 3749 1178 3803 hominis.
1225 3747 1322 3803 Ubi
1367 3749 1496 3801 enim
1518 3749 1666 3818 fuerit
1690 3765 1873 3819 corpus
1896 3791 1912 3816 ,
1942 3749 2011 3802 ibi

432 3841 864 3912 congregabuntur
903 3851 947 3894 et
976 3840 1178 3908 aquilae.
1225 3840 1502 3906 Quomodo
1541 3839 1717 3908 fulgur
1749 3843 2009 3909 apparet"

432 3931 546 3986 Non
589 3946 723 3999 opus
764 3931 922 3984 habet
952 3931 1170 3994 numio,
1206 3945 1311 3982 nou
1340 3944 1599 3998 praecone,
1631 3929 1723 3984 sed
1751 3938 1804 3984 et
1829 3929 1892 3986 iis
1919 3933 2007 4000 qui

431 4024 572 4078 domi
604 4023 790 4078 sedent
819 4031 873 4077 et
903 4023 965 4076 iis
993 4021 1180 4091 quaeiu
1200 4021 1444 4076 thalamis
1473 4030 1625 4085 sunt,
1658 4023 1709 4076 in
1739 4034 2009 4077 momento

433 4131 526 4185 por
552 4114 734 4168 orbem
769 4122 934 4167 totum
959 4112 1254 4182 apparebit.
1284 4112 1372 4166 Sic
1393 4112 1481 4167 ille
1509 4113 1766 4167 adventus
1792 4112 1915 4178 erit,
1939 4113 2007 4166 ob

430 4207 612 4276 gloria:
637 4205 918 4274 fulgorem,
943 4203 1099 4258 simul
1128 4202 1320 4271 ubique
1347 4217 1628 4271 apparens.
1663 4203 1818 4256 Aliud
1848 4217 2008 4272 porro

431 4301 638 4369 signmn
667 4297 795 4352 dicit
824 4313 837 4348 :
875 4295 971 4350 Ubi
995 4312 1204 4361 corpus,
1238 4295 1308 4348 ibi
1330 4304 1378 4347 et
1411 4295 1629 4363 aquilae;
1663 4294 2001 4363 angelorum,

431 4400 722 4461 martyrum
765 4397 819 4444 et
860 4396 1162 4442 sanctorum
1221 4387 1458 4440 omnium
1502 4396 1671 4440 matus
1718 4385 2001 4454 signiﬁcat.

431 4481 633 4537 Deinde
652 4481 903 4535 terribilia
920 4479 1168 4533 miracula
1185 4478 1331 4533 dicit.
1355 4478 1607 4544 Quaenam
1633 4477 1752 4532 illa?
1772 4477 1862 4533 29.
1883 4477 2007 4532 Sta-

430 4575 520 4627 tim
559 4581 672 4643 post
709 4570 1079 4624 tribulationent
1105 4568 1298 4622 dierum
1325 4569 1529 4621 illorum
1554 4567 1633 4622 sol
1659 4566 2001 4621 obtenebrabi-

431 4675 536 4716 tur.
570 4661 1002 4719 Tribulationem
1027 4678 1262 4733 quarum
1299 4663 1510 4717 dierum
1540 4661 1672 4716 dicit
1695 4659 1752 4714 ‘?
1787 4657 2008 4714 Dierum

430 4755 749 4811 Antichristi
790 4765 844 4810 et
877 4755 1492 4824 pseudoprophetarum.
1531 4751 1832 4806 Tribulatio
1856 4765 2010 4804 nam.

424 4859 528 4914 que
555 4852 679 4898 tunc
699 4857 887 4914 magna
909 4843 1046 4910 erit,
1086 4857 1206 4897 cum
1234 4851 1312 4897 tot
1334 4841 1440 4896 sint
1468 4841 1785 4913 deceptores
1815 4840 1997 4896 futuri.

422 4935 528 4991 Sed
559 4949 666 4990 non
694 4934 760 4990 ad
786 4937 1009 4990 multum
1037 4935 1290 5005 temporis
1316 4933 1636 4988 extenditur.
1657 4932 1712 4988 Si
1737 4933 1878 4988 enim
1901 4933 1998 4989 Ju-

421 5028 631 5083 daicum
657 5027 852 5081 bellum
871 5035 1088 5096 propter
1109 5025 1304 5081 electos
1324 5024 1686 5080 abbreviatum
1707 5033 1809 5089 est,
1833 5026 1999 5079 multo

422 5121 592 5189 magis
626 5127 844 5188 pr0pter
867 5117 1088 5173 eosdem
1111 5117 1226 5176 haec
1255 5119 1477 5171 tentatio
1507 5119 1842 5187 reprimetur.
1876 5119 1998 5173 Ideo

419 5211 734 5279 simpliciter
762 5227 865 5263 non
890 5209 1042 5273 dixit,
1070 5218 1190 5279 post
1217 5209 1635 5275 tribulationem,
1668 5210 1786 5276 sed,
1811 5211 1998 5265 Statim

420 5312 531 5370 post
561 5301 934 5354 tribulationem
963 5301 1156 5354 dierum
1187 5301 1390 5353 illorum
1432 5302 1509 5354 sol
1547 5300 1950 5354 obtenebrabitur
1976 5317 1995 5355 :

419 5407 541 5448 nam
589 5393 699 5448 fere
740 5394 897 5448 simul
947 5392 1123 5446 omnia
1173 5392 1324 5446 tiuut.
1384 5392 1891 5463 Pseudo-prophetqe
1942 5404 1998 5450 et

420 5485 830 5555 pseudo-christi
861 5483 1211 5538 advenientes
1256 5484 1435 5538 turbas
1485 5484 1724 5547 dabunt,
1778 5494 1832 5539 et
1883 5486 1996 5555 ipse

417 5578 594 5633 statim
636 5577 824 5632 aderit.
884 5575 1068 5646 Neque
1111 5576 1252 5630 enim
1297 5590 1452 5645 parva
1497 5576 1826 5646 perturbatio
1871 5584 1994 5632 tunc

479 5767 495 5797 ⁸
526 5767 715 5820 Mundi.
746 5765 1129 5820 Tribulationem
1151 5764 1362 5829 dierum,
1385 5779 1643 5834 quamnunt
1675 5762 1834 5816 dicit?
1854 5765 1977 5816 Enn-

1327 326 1391 380 IN
1431 323 1836 380 MATTIIEUM
1876 323 2105 380 HOMIL.
2147 325 2380 384 LXXVI.
2423 331 2495 388 al.
2540 329 2794 386 LXXVII.

3608 342 3712 400 698

2133 448 2302 494 totum
2325 445 2509 498 orbem
2548 446 2849 514 occupabit.
2887 445 3165 516 Quomodo
3208 461 3387 506 autem
3415 453 3662 512 adveniet
3691 459 3714 512 ?

2128 529 2239 587 Hac
2280 535 2656 590 transformata
2701 547 2982 594 creatura:
3013 555 3132 595 nam
3182 541 3280 597 Sol
3325 544 3707 613 obscurabitur,

2127 638 2232 678 non
2260 625 2491 694 deletus,
2525 628 2618 684 sed
2640 643 2923 700 superatus
2947 648 2975 686 a
3001 633 3201 690 lumine
3231 635 3371 692 illius
3405 636 3668 693 adventus
3695 659 3706 693 :

2129 714 2195 770 Et
2220 717 2381 772 stella:
2407 719 2606 774 cadent.
2636 720 2767 788 Quis
2790 725 2932 778 enim
2963 735 3146 795 postea
3172 727 3380 782 illarum
3409 744 3539 785 usus
3567 731 3709 786 lutu-

2126 822 2221 863 rus
2261 819 2372 875 est,
2403 812 2546 866 nulla
2600 815 2898 871 exsistente
2928 819 3120 873 nocte?
3150 817 3216 873 Et
3242 821 3447 877 uirtutes
3468 824 3709 877 caelorum

2125 900 2602 966 commovebuntur;
2627 913 2683 958 et
2705 899 2826 972 jure
2853 906 3069 975 quidem
3087 949 3103 973 ,
3129 911 3480 966 mutationem
3508 921 3707 966 tantam

2127 990 2388 1046 videntes.
2429 992 2560 1047 Nam
2588 995 2632 1048 si
2663 997 2875 1064 quando
2901 999 3069 1053 stella:
3110 998 3262 1055 facta:
3309 1012 3470 1068 sunt,
3512 1004 3580 1057 ita
3611 1017 3707 1058 ex-

2122 1079 2450 1137 horruerunt
2498 1092 2552 1138 et
2595 1086 2800 1141 mirata:
2843 1097 2967 1142 sunt
2993 1089 3013 1160 (
3039 1105 3158 1144 nam
3193 1092 3409 1156 Quando
3433 1093 3567 1160 facta
3597 1107 3712 1148 sunt

2126 1181 2263 1225 astra
2287 1213 2300 1234 ,
2331 1172 2530 1242 inquit,
2562 1175 2893 1232 laudauerunt
2921 1195 3001 1233 me
3025 1197 3213 1251 magna
3250 1198 3367 1235 voce
3405 1200 3574 1239 omnes
3617 1203 3712 1238 on-

2125 1265 2222 1334 geli
2268 1263 2388 1336 [Job
2413 1267 2503 1322 58.
2536 1266 2626 1340 7])
2652 1286 2664 1322 :
2690 1269 2857 1323 multo
2898 1273 3066 1340 magis
3106 1288 3226 1326 cum
3269 1275 3500 1328 viderint
3533 1279 3710 1331 omnia

2127 1364 2346 1424 mutata,
2377 1366 2432 1413 et
2455 1372 2746 1415 conservos
2769 1376 2898 1416 suos
2926 1378 3114 1432 poenas
3141 1365 3330 1422 dantes
3356 1408 3371 1433 ,
3402 1376 3572 1422 totum
3614 1384 3706 1423 or-

2126 1449 2244 1502 bem
2285 1459 2408 1506 ante
2437 1452 2771 1508 tremendum
2805 1455 3034 1510 tribunal
3061 1457 3359 1513 adstantem
3387 1476 3402 1524 ;
3429 1474 3617 1514 omnes
3641 1461 3710 1515 ab

2125 1541 2294 1595 Adam
2335 1557 2502 1612 usque
2530 1543 2597 1598 ad
2629 1543 2913 1600 adventum
2959 1562 3148 1611 suum,
3195 1550 3433 1603 omnium
3483 1565 3706 1620 operum

2126 1634 2388 1690 rationem
2438 1635 2747 1703 reddentes,
2791 1639 3062 1708 quomodo
3113 1655 3220 1696 non
3269 1641 3623 1711 horrescant,
3655 1652 3711 1699 et

2123 1727 2637 1782 commovebuntur?

2193 1815 2420 1871 Christus
2460 1835 2608 1872 suum
2646 1820 2921 1874 secundum
2957 1821 3224 1876 adventum
3256 1824 3509 1879 describit.
3541 1826 3710 1891 Quare

2123 1925 2250 1961 crux
2261 1909 2715 1978 apparebit—50.
2736 1909 2874 1964 Tunc
2887 1911 3158 1982 apparebit
3171 1913 3374 1982 signum
3395 1911 3522 1966 Filii
3535 1918 3706 1970 homi-

2123 1998 2202 2052 nis
2231 1999 2283 2052 in
2308 2000 2431 2054 ccelo
2470 2016 2489 2055 :
2525 2000 2577 2055 id
2608 2011 2690 2056 est
2711 2043 2724 2066 ,
2757 2017 2884 2056 crux
2913 2005 3026 2058 sole
3053 2004 3414 2072 splendidior:
3446 2007 3706 2076 siquidem

2123 2091 2201 2144 sol
2231 2091 2612 2146 obtenebratur
2638 2102 2690 2147 et
2716 2093 3077 2158 absconditur,
3100 2111 3231 2150 crux
3254 2106 3429 2151 autem
3452 2109 3704 2168 apparot:

2124 2197 2297 2251 neque
2324 2193 2633 2253 appareret,
2665 2185 2765 2240 nisi
2793 2186 3054 2241 solaribus
3087 2188 3242 2258 longe
3268 2191 3432 2244 radiis
3459 2192 3698 2259 splendi-

2122 2271 2240 2327 dior
2278 2283 2438 2328 esset.
2486 2273 2595 2329 Cur
2639 2286 2816 2330 autem
2869 2276 2968 2331 hoc
3005 2278 3213 2348 signum
3240 2283 3495 2348 apparet?
3525 2282 3590 2336 Ut
3617 2282 3706 2337 Ju—

2121 2365 2361 2423 diuorum
2408 2367 2730 2437 impudentia
2779 2369 2934 2437 plane
2979 2371 3318 2438 reprimatnr.
3360 2372 3708 2428 iustiﬁcatio-

2122 2476 2245 2515 nem
2268 2461 2462 2531 quippe
2486 2476 2732 2531 magnam
2753 2461 2954 2516 habens
2973 2461 3238 2528 Christus,
3261 2479 3453 2532 nempe
3469 2480 3705 2527 crucem,

2123 2552 2174 2605 in
2204 2551 2304 2607 hoc
2332 2551 2564 2605 tribunal
2592 2552 2809 2606 advenit
2843 2571 2855 2605 :
2889 2567 3062 2622 neque
3095 2562 3295 2608 tantum
3328 2554 3546 2609 vulnera
3568 2596 3581 2620 ,
3612 2556 3705 2610 sed

2123 2643 2524 2711 ignominiosam
2554 2653 2780 2697 mortem
2807 2643 3058 2698 ostendit.
3096 2643 3235 2697 Tunc
3265 2645 3703 2714 plangenttribus.

2120 2736 2272 2790 Nulla
2299 2735 2584 2790 accusandi
2617 2736 2906 2790 necessitas
2929 2737 3050 2797 erit,
3078 2751 3198 2790 cum
3221 2736 3447 2791 viderint
3467 2751 3706 2799 crucem;

2123 2827 2370 2896 plangent
2391 2868 2406 2892 ,
2431 2827 2554 2894 quia
2582 2826 2671 2879 illo
2702 2835 2947 2892 mortuo,
2992 2827 3123 2880 nihil
3159 2825 3283 2882 inde
3319 2827 3548 2882 fructum
3578 2843 3705 2897 per-

2120 2926 2377 2989 ceperunt
2401 2936 2415 2972 :
2445 2918 2694 2986 quoniam
2722 2919 3100 2974 cruciﬁxerunt
3130 2935 3255 2974 eum
3284 2936 3444 2990 quem
3477 2921 3706 2977 adorare

2118 3009 2417 3078 oportebat.
2460 3008 2648 3065 Viden’
2671 3025 2829 3080 quam
2861 3011 3170 3067 terribiliter
3211 3025 3370 3067 suum
3418 3012 3704 3068 adventum

2118 3099 2434 3155 describat?
2480 3099 2751 3168 quomodo
2799 3100 3180 3172 discipulorum
3233 3103 3442 3167 animos
3494 3105 3707 3174 erigat?

2121 3191 2324 3247 Idcirco
2364 3193 2534 3246 tristia
2566 3192 2738 3262 primo
2763 3194 2950 3263 ponit,
2981 3202 3036 3248 et
3071 3202 3193 3265 post
3219 3194 3334 3249 haec
3362 3195 3503 3250 bona
3533 3205 3588 3250 et
3619 3196 3706 3266 ju-

2117 3283 2314 3349 cunda,
2367 3292 2424 3338 ut
2471 3285 2548 3339 sic
2594 3285 2719 3339 illos
2765 3285 3090 3342 consoletur.
3139 3286 3448 3342 Passionem
3495 3304 3707 3358 quoque

2118 3391 2326 3430 rursum
2354 3385 2759 3442 commemorat,
2791 3390 2998 3431 necnon
3025 3378 3475 3433 resurrectionem
3496 3420 3512 3445 ,
3541 3389 3702 3449 atque

2116 3467 2476 3538 splendidiore
2501 3467 2661 3522 modo
2687 3482 2902 3522 crucem
2928 3478 3226 3536 memorat,
3256 3486 3325 3525 ne
3355 3471 3524 3540 pudor
3556 3472 3701 3541 ipsos

2115 3558 2199 3612 vel
2241 3556 2396 3612 dolor
2425 3557 2665 3622 invadat,
2693 3573 2813 3612 cum
2834 3559 2943 3628 jam
2976 3560 3153 3614 veniat
3197 3560 3340 3615 illam
3397 3577 3492 3630 pro
3539 3564 3692 3632 signo

2118 3649 2402 3718 positurus.
2435 3648 2582 3702 Alius
2612 3665 2739 3704 vero
2767 3649 2929 3714 dicit,
2971 3649 3220 3704 Videbunt
3262 3653 3314 3704 in
3359 3669 3505 3722 quem
3537 3662 3702 3708 trans-

2115 3742 2331 3809 ﬁxerunt
2374 3740 2558 3809 (Zach.
2595 3742 2679 3796 12.
2714 3741 2825 3810 10).
2856 3741 2980 3796 Ideo
3009 3742 3256 3812 plaugent
3283 3744 3449 3797 tribus
3469 3784 3484 3808 ,
3518 3745 3701 3798 viden-

2117 3844 2194 3889 tes
2238 3834 2484 3888 eumdem
2525 3837 2694 3903 ipsum
2737 3848 2876 3888 esse.
2924 3834 3208 3904 Postquam
3257 3843 3433 3889 autem
3483 3851 3696 3891 crucem

2113 3924 2572 3991 commemoravit,
2605 3925 2808 3994 adjicit,
2849 3924 3091 3980 Videbunt
3111 3924 3304 3979 Filium
3333 3927 3548 3980 hominis
3564 3928 3698 3980 veni-

2113 4028 2306 4086 entem,
2335 4033 2438 4072 non
2471 4018 2523 4072 in
2549 4033 2739 4083 cruce,
2773 4019 2897 4083 sed,
2922 4018 2987 4073 In
3017 4019 3228 4073 nubibus
3259 4019 3372 4072 σιειὶ
3409 4037 3521 4072 cum
3551 4032 3694 4088 pote-

2111 4123 2239 4168 state
2263 4122 2310 4167 et
2331 4114 2592 4183 majestate
2616 4129 2800 4184 magna
2826 4111 3004 4183 (Joan.
3040 4111 3128 4167 l9.
3161 4112 3272 4185 5'7).
3304 4111 3383 4167 Ne
3411 4113 3530 4182 quia
3562 4129 3692 4167 cru-

2110 4219 2226 4259 cem
2268 4203 2496 4268 audisti,
2529 4203 2723 4272 inquit,
2758 4213 2914 4273 putcs
2941 4202 3135 4257 adesse
3168 4202 3295 4271 quid
3341 4204 3523 4266 triste;
3571 4218 3694 4262 nam

2109 4310 2230 4349 cum
2271 4302 2532 4363 potestate
2579 4303 2633 4348 et
2676 4294 2953 4363 majestate
2996 4309 3182 4363 magna
3226 4294 3423 4348 veniet.
3461 4292 3687 4355 Crucem

2108 4395 2285 4440 autem
2314 4393 2520 4456 gestat,
2554 4393 2610 4439 ut
2639 4395 2908 4454 peccatum
2943 4387 3174 4454 ipsormn
3209 4385 3310 4440 hoc
3339 4386 3456 4454 ipso
3497 4395 3548 4440 et
3595 4403 3690 4455 per

2109 4493 2166 4532 se
2194 4477 2581 4532 condemnetur
2613 4494 2626 4531 :
2661 4487 2718 4531 ut
2745 4477 2790 4531 si
2822 4479 2938 4546 quis
2967 4476 3140 4545 lapide
3171 4492 3474 4546 percussus,
3516 4477 3688 4546 ipsum

2109 4571 2336 4641 lapidem
2363 4569 2701 4634 ostenderet,
2735 4568 2818 4622 vel
2867 4569 3175 4622 vestimenta
3223 4577 3515 4623 cruentata.
3546 4569 3610 4622 Et
3635 4569 3711 4622 in.

2107 4663 2246 4717 nube
2290 4662 2487 4725 veniet,
2532 4662 2670 4715 sicut
2715 4670 3022 4730 assumptus
3045 4660 3424 4730 estalttccque
3450 4661 3688 4714 videntes

2108 4756 2274 4808 tribus
2324 4754 2545 4808 ﬂebunt.
2594 4753 2776 4823 Neque
2823 4753 2960 4807 intra
3005 4753 3185 4807 ﬂetum
3213 4753 3470 4806 sistentur
3497 4753 3634 4806 mala
3671 4771 3681 4804 :

2105 4847 2197 4901 sed
2226 4846 2345 4900 ideo
2375 4845 2528 4900 ﬂetus
2557 4847 2693 4910 erit,
2735 4853 2789 4898 ut
2819 4845 3134 4898 sententiam
3170 4843 3341 4897 ferant
3383 4853 3437 4897 et
3479 4843 3686 4912 seipsos

2103 4936 2372 4991 damnent.
2404 4935 2553 4989 Tunc
2581 4943 2761 4992 autem
2789 4950 2993 4998 rursus,
3016 4933 3104 4987 5|.
3141 4933 3307 4986 Mittet
3331 4933 3536 5004 angelos
3565 4949 3685 4986 suos

2104 5044 2215 5080 cum
2238 5027 2356 5080 tuba
2382 5043 2618 5096 magna,
2641 5034 2686 5078 et
2722 5023 3095 5095 congregnbunl
3144 5025 3323 5077 electos
3368 5041 3433 5077 ea:
3468 5033 3686 5093 quatuor

2101 5121 2280 5184 ventis,
2321 5135 2352 5172 a
2389 5119 2599 5172 summis
2643 5118 2882 5172 caelorum
2907 5133 3064 5188 usque
3103 5117 3171 5170 ad
3213 5117 3450 5172 terminos
3487 5134 3678 5172 eorum.

2102 5214 2232 5268 Cum
2265 5212 2379 5267 hzec
2408 5210 2640 5264 audieris
2659 5251 2673 5272 ,
2701 5210 2870 5279 cogita
2902 5225 3087 5263 eorum
3115 5208 3206 5279 qui
3237 5209 3534 5267 manebunt
3556 5224 3682 5277 sup-

2102 5306 2336 5376 plicium.
2365 5303 2480 5358 Non
2502 5303 2641 5356 enim
2673 5311 2874 5356 tantum
2902 5301 3018 5354 illas
3045 5316 3230 5370 pmuas
3253 5301 3476 5362 dabunt,
3505 5301 3598 5355 sed
3628 5311 3682 5356 et

2102 5399 2237 5452 hanc
2267 5411 2496 5465 quoque.
2530 5395 2595 5448 Et
2620 5395 2759 5448 sicut
2787 5393 2999 5448 dicebat
3023 5408 3183 5463 supra
3209 5435 3223 5457 ,
3251 5393 3488 5448 dicturos
3517 5409 3639 5448 esse
3662 5433 3677 5456 ,

2098 5488 2396 5543 Benedictus
2423 5486 2505 5555 qui
2527 5487 2655 5539 venit
2683 5486 2736 5538 in
2759 5485 2958 5538 nomine
2979 5483 3184 5538 Domini
3204 5484 3418 5553 (Matth.
3439 5484 3528 5539 25.
3553 5484 3677 5553 59):

2100 5582 2176 5636 sic
2219 5582 2319 5635 hoc
2357 5580 2475 5634 loco
2516 5579 2672 5644 dicit,
2708 5577 2979 5650 Plangent.
3023 5578 3156 5647 Quia
3178 5577 3318 5632 enim
3343 5577 3412 5632 de
3429 5577 3680 5646 gravibus

2099 5675 2250 5731 bellis
2281 5675 2423 5746 ipsos
2448 5672 2750 5741 alloquutus
2777 5678 2859 5724 est
2877 5710 2893 5735 ,
2924 5679 2982 5722 ut
3005 5670 3243 5734 discant,
3275 5679 3394 5740 post
3416 5671 3571 5736 hujus
3595 5673 3676 5721 vi-

2103 5778 2169 5825 ta:
2194 5766 2354 5834 mala,
2385 5763 2563 5820 futura
2588 5763 2707 5820 illos
2728 5773 2993 5826 tormenta
3019 5779 3259 5833 manere,
3288 5778 3341 5826 et
3366 5771 3681 5841 plangentes
