4130 6374
222 339 325 395 699

219 452 522 524 διεγείρων,
590 447 685 504 ml
738 446 973 512 δεικνὺς,
1031 445 1172 498 ὅσων
1249 443 1348 512 μὲν
1415 438 1892 507 ἀπαλλαγήσονται

219 539 403 593 κακῶν
432 537 498 599 ³³,
534 535 674 587 ὅσων
707 532 765 585 δὲ
801 528 1201 585 ἀπολαύσονται
1228 525 1466 596 ἀγαθῶν.

276 622 339 675 δ’.
382 619 492 673 Kal
523 618 582 671 τί
598 617 798 686 δήποτε
830 615 896 668 δι’
926 613 1172 682 ἀγγέλων
1214 611 1410 672 αὑτοὺς
1447 606 1619 667 καλεῖ,
1655 605 1702 656 εί
1750 601 1892 686 οὑτω

217 704 467 774 φανερῶς
498 685 714 772 ἔρχεται
759 699 845 764 ³⁸;
888 697 1076 768 Τιμῶν
1126 697 1324 758 αὑτοὺς
1366 695 1458 746 ml
1504 688 1801 774 1a61n.u'0
1837 685 1892 774 δέ

218 770 447 850 Παῦλος,
481 770 1002 854 ὅτιίάρπαγήσονται
1033 785 1090 835 ἐν
1123 779 1376 848 νεφέλαις
1420 779 1484 833 ’⁸.
1540 770 1674 827 Εἶπε
1707 771 1762 824 δέ
1799 771 1892 824 ml

215 870 393 934 τοῦτο,
422 871 510 922 ὅτε
534 870 660 938 περὶ
680 866 1030 928 ἀναστάσεως
1054 864 1322 930 διελέγετο
1344 861 1409 914 ’⁷.
1426 859 1615 924 Αὐτὸς
1637 856 1766 926 γὰρ,
1799 871 1894 924 φη·

219 955 322 1018 alv,
342 958 374 1006 ό
391 954 601 1019 Κύριος
624 948 1017 1017 καταϐήσεται
1032 947 1132 1001 ἀπ’
1145 944 1406 1013 οὐραγοῦ
1421 944 1489 996 ἐν
1509 942 1890 1008 κελεύσματι,

215 1037 272 1092 ἐν
303 1035 471 1107 φωνῇ
498 1020 894 1103 ἀρχαγγέλου.
919 1032 1082 1084 Ὥστε
1110 1028 1446 1090 ἀναστάντας
1475 1027 1571 1097 μὲν
1609 1021 1892 1107 συλλέξουέ

219 1105 570 1188 σινήάγγελοι,
605 1115 1032 1184 συλλεγένταςδέ
1062 1113 1397 1184 ἀρπάσουσιν
1428 1111 1483 1162 αἱ
1506 1107 1755 1177 νεφέλαι·
1801 1105 1892 1158 ml

216 1202 388 1256 ταῦτα
420 1202 594 1254 πάντα
615 1203 672 1253 ἐν
706 1199 981 1269 ἀκαριαίῳ
1007 1197 1234 1264 γίνεται,
1261 1197 1319 1247 ἐν
1352 1194 1556 1264 ἀτόμῳ.
1591 1192 1664 1243 υύ
1690 1190 1797 1262 γὰρ
1829 1190 1892 1260 δὴ

219 1286 330 1340 ἀνω
363 1285 537 1355 μένων
557 1284 754 1346 αὐτοὺς
783 1282 956 1345 καλεῖ,
973 1281 1087 1333 ἀλλ’
1109 1280 1268 1341 αὐτὸς
1293 1277 1508 1348 ἔρχεται
1532 1278 1586 1327 ἐν
1609 1275 1888 1342 σάλπιγγι.

220 1371 395 1424 Καὶτί
424 1369 698 1440 βούλονται
719 1369 775 1420 αἱ
804 1366 1100 1433 σάλπιγγες
1117 1365 1211 1416 καὶ
1241 1364 1274 1432 ἡ
1303 1363 1430 1432 ﬁxi];
1455 1361 1595 1430 Πρὸς
1609 1359 1894 1425 διανάστα-

221 1470 326 1517 σιν,
341 1453 474 1522 πρὸς
490 1450 845 1522 εὐφροσύνην.
865 1449 1000 1520 πρὸς
1016 1448 1354 1518 παράστασιν
1369 1446 1462 1514 τῆς
1475 1443 1580 1495 τῶν
1597 1441 1892 1512 γινομένων

221 1537 553 1606 ἐκπλήξεως,
579 1535 712 1606 πρὸς
737 1533 926 1604 ὀδύνην
951 1532 1059 1584 τῶν
1089 1527 1635 1598 ἀπολιμπάνομένων.
1662 1527 1819 1594 Οίμοι
1845 1525 1890 1556 ’³

221 1621 328 1674 ἀπὸ
373 1621 470 1689 τῆς
519 1620 730 1690 ἡμέρας
769 1618 981 1686 ἐκείνης
1021 1615 1120 1685 τῆς
1178 1614 1434 1683 φοϐερᾶς.
1495 1613 1626 1665 Δέον
1650 1611 1693 1642 ²⁹
1741 1613 1891 1682 ἡμᾶς

221 1704 430 1774 χαίρειν
451 1705 576 1756 ὅταν
613 1702 786 1754 ταῦτα
811 1699 1118 1769 ἀκούωμεν,
1158 1699 1450 1768 ἀλγοῦμεν,
1491 1697 1584 1750 καὶ
1629 1699 1890 1765 κατηφεῖς

223 1789 411 1856 ἐσμεν,
434 1789 528 1838 καὶ
555 1784 1040 1856 σκυθρωπάζομεν.
1064 1782 1135 1834 Ἢ
1155 1780 1312 1850 μόνος
1342 1778 1452 1847 ἐγὼ
1479 1777 1652 1830 ταῦτα
1675 1778 1888 1847 πάσχω,

223 1870 380 1939 ὑμεῖς
417 1867 474 1920 δὲ
501 1869 722 1937 χαίρετε
752 1866 810 1919 ἐν
847 1869 914 1937 τῇ
946 1864 1149 1918 τούτων
1184 1864 1473 1934 ἀκροάσει;
1508 1863 1595 1925 Ὠς
1631 1861 1815 1932 ἔμοιγε
1845 1861 1890 1892 ³⁰

223 1955 316 2006 ml
347 1952 514 2023 φρίκη
547 1969 630 2014 τις
665 1950 1051 2021 ὑπεισέρχεται
1082 1949 1388 2018 λεγομένων
1421 1947 1659 2012 τούτων,
1684 1946 1777 1998 ml
1798 1962 1889 1997 πι-

222 2036 350 2108 κρὸν
374 2035 654 2105 ὀδύρομαι,
686 2035 780 2087 καὶ
815 2035 878 2086 ἐκ
902 2032 1208 2102 βαθυτάτης
1237 2030 1477 2094 στενάζω
1521 2029 1762 2099 καρδίας.
1789 2029 1893 2082 Οὑ-

222 2120 308 2174 δέν
342 2119 450 2192 γὰρ
477 2119 682 2172 τούτων
713 2121 849 2189 πρὸς
873 2117 997 2188 ἐμὲ,
1038 2117 1151 2170 ἀλλ’
1179 2116 1400 2168 ἐκείνων
1419 2114 1526 2167 τῶν
1554 2114 1690 2184 μετὰ
1720 2113 1894 2168 ταῦτα

223 2203 544 2273 λεχθέντων,
571 2202 678 2255 τῶν
714 2201 850 2273 πρὸς
887 2200 985 2263 τάς
1011 2199 1342 2271 παρθένους,
1375 2197 1484 2251 τῶν
1510 2198 1645 2268 πρὸς
1675 2197 1765 2250 16v
1793 2213 1892 2250 κα-

222 2288 544 2358 ταχώσαντα
588 2286 648 2340 τὸ
683 2285 940 2339 τάλαντον
974 2286 1109 2356 ὅπερ
1151 2283 1308 2336 έλαϐε
1329 2323 1343 2346 ,
1377 2282 1484 2336 τῶν
1515 2282 1651 2352 πρὸς
1678 2280 1766 2334 τὸν
1799 2299 1894 2335 πο-

224 2371 388 2442 νηρὸν
415 2369 620 2422 δοῦλον.
650 2369 748 2421 Διά
777 2367 949 2423 ταῦτα
974 2367 1193 2438 δακρύω
1217 2406 1232 2431 ,
1258 2368 1388 2438 ὅσης
1417 2366 1573 2436 δόξης
1606 2367 1892 2419 ἐκπίπτειν

228 2454 512 2524 μέλλομεν.
540 2453 671 2522 ὅσης
700 2450 912 2514 ἐλπίδος
942 2449 1183 2518 ἀγαθῶν,
1216 2450 1309 2502 ml
1331 2448 1489 2502 τοῦτο
1516 2448 1777 2518 διηνεκῶς
1799 2450 1895 2502 καὶ

225 2541 304 2600 είς
333 2537 437 2600 ἀεὶ,
462 2536 550 2589 ἴνα
586 2535 661 2606 μὴ
695 2533 891 2605 μικρὸν
919 2533 1326 2603 σπουδάσωμεν.
1365 2531 1427 2585 Et
1465 2532 1562 2602 μὲν
1586 2531 1695 2602 γὰρ
1733 2533 1894 2596 πόνος

227 2621 392 2683 πολὺς
424 2617 492 2691 ἦν
541 2618 635 2673 ml
692 2618 855 2688 νόμος
913 2617 1103 2688 βαρὺς,
1150 2617 1255 2670 ἔδει
1289 2617 1388 2688 μὲν
1414 2619 1508 2670 καὶ
1547 2616 1687 2670 οῦτω
1720 2617 1894 2671 πάντα

225 2707 400 2757 ποιεῖν
423 2690 597 2772 ’πλὴν
618 2700 755 2757 ἀλλά
782 2700 883 2754 κᾶν
911 2701 1185 2771 πρόφασίν
1216 2718 1335 2754 τινα
1357 2700 1574 2753 ἐδόκουν
1605 2700 1748 2770 ἔχειν
1775 2700 1894 2753 πολ-

224 2787 309 2847 λοὶ
333 2786 441 2840 τῶν
475 2784 756 2858 ῥᾳθύμων,
787 2783 1002 2855 ψυχρὰν
1035 2783 1132 2854 μὲν
1154 2822 1171 2848 ,
1209 2783 1425 2836 ἐδόκουν
1456 2783 1500 2836 δ’
1534 2779 1627 2836 οὖν
1652 2783 1694 2814 ³¹
1725 2782 1888 2854 ἔχειν,

225 2874 287 2925 τὸ
312 2871 611 2940 ὑπέρογκον
635 2868 741 2922 τῶν
776 2867 1184 2940 ἐπιταγμάτων,
1217 2868 1310 2920 ml
1339 2868 1420 2920 ὅτι
1453 2867 1627 2937 μέγας
1654 2869 1681 2920 6
1711 2868 1892 2931 πόνος,

228 2956 322 3012 καὶ
356 2955 578 3026 ἄπειρος
599 2954 626 3006 6
658 2951 848 3024 χρόνος
870 2991 885 3018 ,
918 2953 1012 3005 ml
1038 2951 1308 3022 ἀφόρητον
1343 2951 1403 3004 τὸ
1433 2952 1648 3022 φορτίον
1668 2969 1681 2981 ο
1716 2950 1809 3005 νῦν
1839 2952 1896 3004 δὲ

229 3040 379 3092 οὐδὲν
428 3035 666 3091 τοιοῦτον
711 3035 826 3088 ἐστι
878 3035 1295 3106 προϐάλλεσθαι·
1350 3036 1486 3105 ὅπερ
1538 3035 1771 3106 μάλιστα
1795 3036 1894 3106 τῆς

229 3123 452 3193 γεέννης
473 3121 571 3190 οὑχ
594 3115 753 3192 ἧττον
776 3120 924 3192 ἡμᾶς
955 3117 1274 3189 διατρώγαειν
1306 3118 1489 3189 μέλλει
1509 3119 1648 3172 κατά
1666 3119 1756 3172 τὸν
1777 3136 1897 3171 και-

233 3208 324 3280 ρὸν
356 3208 580 3268 ἐκεῖνον,
622 3205 752 3258 ὅταν
781 3203 869 3256 διὰ
910 3203 1112 3274 μικρὰν
1148 3203 1318 3274 ῥοπὴν
1341 3204 1435 3256 ml
1468 3203 1645 3270 ὀλίγον
1677 3202 1893 3275 ἱδρῶτα,

230 3293 322 3345 τὸν
346 3289 571 3360 οὐρανὸν
599 3305 749 3359 ωμεν
777 3287 1187 3350 ἀπολωλεκότες
1219 3287 1312 3340 καὶ
1335 3287 1403 3340 τὰ
1432 3287 1722 3357 ἀπόρρητα
1759 3287 1897 3354 ἀγα-

233 3374 322 3428 θά.
351 3374 460 3427 Καὶ
487 3372 595 3444 γὰρ
619 3371 729 3436 ῗκαὶ
770 3373 799 3424 ὀ
823 3370 1014 3442 χρόνος
1045 3371 1281 3440 βραχὺς,
1317 3372 1412 3423 καὶ
1437 3372 1464 3423 6
1495 3371 1656 3432 πόνος
1686 3369 1892 3438 ὀλίγος·

231 3457 327 3510 καὶ
359 3456 505 3526 ὅμως
535 3453 868 3525 ἐκλελύμεθα
899 3453 994 3506 καὶ
1019 3451 1514 3523 ἀναπεπτώκαμεν.
1541 3453 1629 3506 Ἐν
1647 3455 1717 3524 γῇ
1749 3454 1897 3521 ἀγωσι

235 3537 377 3608 νίζη,
417 3540 510 3590 ml
539 3540 596 3591 ἐν
623 3539 871 3609 οὐρανοῖς
906 3540 934 3590 ὁ
969 3536 1230 3605 στέφανος
1249 3551 1264 3564 ·
1288 3535 1392 3588 ὑπὸ
1419 3534 1722 3606 ἀνθρώπων
1746 3536 1900 3589 κολάο

235 3619 324 3692 Cn,
353 3622 446 3674 καὶ
473 3621 575 3674 ὑπὸ
607 3621 740 3674 Θεοῦ
769 3625 997 3692 τιμᾶσαι
1017 3638 1030 3651 ·
1064 3623 1122 3674 ἐν
1158 3619 1250 3672 δύο
1277 3618 1510 3690 ἡμέραις
1541 3619 1775 3690 τρέχεις,
1806 3621 1899 3672 ml

235 3706 318 3768 εἰς
347 3704 606 3776 ἀπείρους
643 3704 848 3767 αἰῶνας
878 3705 947 3757 τὰ
980 3703 1208 3776 βραϐεῖα
1228 3719 1243 3735 ·
1266 3705 1324 3755 ἐν
1359 3701 1584 3772 φθαρτῷ
1626 3701 1836 3772 σώματι
1863 3704 1895 3772 ή

237 3788 380 3858 πάλη
401 3829 415 3853 ,
451 3789 544 3841 καὶ
586 3790 644 3841 ἐν
683 3787 942 3858 ἀφθάρτῳ
973 3789 1028 3840 αἱ
1066 3785 1242 3856 τιμαί.
1273 3785 1381 3838 Καὶ
1411 3784 1576 3854 χωρὶς
1611 3783 1669 3836 δὲ.
1697 3783 1900 3836 τούτων

238 3873 456 3926 κάκεῖνο
495 3871 799 3941 λογίζεσθαι
831 3872 936 3942 χρὴ
966 3872 1032 3936 ³³,
1066 3871 1146 3924 ὅτι
1181 3869 1282 3922 κᾶν
1321 3870 1394 3940 μὴ
1433 3868 1520 3921 διὰ
1550 3869 1640 3921 τὸν
1667 3869 1900 3940 Χριστὸν

239 3956 488 4027 ἐλώμεθά
516 3975 568 4009 τι
607 3957 799 4009 παθεῖν
831 3956 938 4008 τῶν
964 3952 1259 4026 ὀδυνηρῶν,
1291 3953 1504 4023 ἀνάγκη
1529 3951 1669 4004 αὑτά
1689 3954 1783 4006 καὶ
1806 3953 1902 4006 ἀλ-

239 4038 344 4102 λως
379 4041 664 4110 ὑπομεῖναι
692 4040 924 4101 πάντως.
963 4037 1094 4091 Οὑδὲ
1126 4037 1234 4105 γὰρ
1261 4036 1325 4089 ἂν
1345 4036 1433 4088 διά
1456 4036 1545 4088 τὸν
1571 4036 1901 4108 Χριστὸνμὴ

240 4122 536 4194 ἀποθάνῃς,
556 4121 818 4184 ἀθάνατος
839 4121 956 4192 ἔσῃ·
974 4120 1094 4172 ούδέ
1115 4120 1180 4173 ἂν
1202 4118 1353 4192 [758]
1370 4117 1455 4171 διὰ
1471 4119 1561 4171 τὸν
1577 4120 1809 4190 Χριστὸν
1828 4120 1902 4191 μὴ

244 4205 406 4279 ῥίψῃς
436 4207 504 4258 τὰ
532 4207 635 4277 χρή
645 4221 809 4276 ματα,
828 4204 966 4278 ἔχων
992 4203 1134 4256 αὑτά
1160 4202 1450 4274 ἀπελεύσῃ.
1478 4202 1661 4255 Ταῦτα
1685 4205 1906 4256 ἀπαιτεῖ

242 4289 394 4359 παρὰ
412 4288 528 4352 σοῦ,
561 4289 596 4342 ἀ
629 4289 721 4342 ml
747 4289 820 4358 μὴ
843 4286 1195 4350 ἀπαιτοῦντος
1216 4284 1428 4349 δώσεις,
1459 4284 1546 4338 διά
1571 4285 1629 4338 16
1655 4285 1844 4355 θνητὸς
1861 4286 1904 4316 ³³

244 4369 398 4425 εἶναι·
419 4373 589 4425 ταῦτά
616 4389 674 4424 σε
707 4371 952 4441 βούλεται
976 4371 1146 4423 ποιεῖν
1261 4371 1306 4400 ³⁸
1335 4367 1549 4441 γνώμῃ,
1577 4369 1612 4422 ἀ
1638 4371 1729 4422 ml
1743 4371 1909 4438 ἀνάγ-

246 4473 316 4527 κῃ
354 4473 412 4508 σε
440 4456 519 4508 δεῖ
545 4454 786 4524 ποιῆσαι.
809 4453 1074 4506 Τοσοῦτον
1090 4453 1144 4505 δὲ
1168 4453 1388 4505 ἀπαιτεῖ
1423 4455 1702 4522 προσεῖναι
1727 4453 1905 4522 μόνον,

244 4539 304 4591 τὸ
334 4539 398 4590 δι’
426 4539 587 4590 αὑτὸν
605 4536 868 4606 γίνεσθαι⁶
899 4537 974 4600 ὡς
1007 4537 1068 4589 τό
1090 4553 1150 4605 γε
1179 4533 1636 4605 συμϐῆναιταῦτα
1664 4536 1757 4588 καὶ
1777 4552 1910 4606 παρ-

246 4619 418 4688 ςλθεῐν
450 4659 465 4683 ,
527 4620 620 4672 ml
645 4621 755 4672 ἀπὸ
782 4619 882 4688 τῆς
911 4619 1052 4672 κατὰ
1085 4619 1180 4687 τὴν
1210 4617 1370 4686 φύσιν
1403 4616 1646 4687 ἀνάγκης
1675 4618 1904 4684 γίνεται.

247 4699 398 4766 Εἶδες
436 4703 552 4766 πῶς
583 4701 798 4766 εὑκολος
828 4706 856 4757 6
897 4702 1078 4770 ἀγώνς
1120 4704 1184 4754 ’Δ
1219 4702 1434 4765 πάντως
1464 4702 1676 4772 ἀνάγκη
1715 4719 1772 4754 σε
1803 4719 1909 4756 πα-

249 4786 380 4850 θεῖν,
420 4785 538 4838 έλοῦ
567 4785 756 4840 παθεῖν
785 4786 851 4840 δι’
881 4786 981 4857 ἐμέ
1000 4803 1015 4818 ·
1051 4785 1207 4839 τοῦτο
1235 4785 1577 4856 προσκείσθω
1608 4787 1786 4856 μόνον,
1819 4789 1912 4841 ml

247 4869 523 4937 ἀρκοῦσαν
563 4868 669 4938 ἔχω
700 4869 796 4940 τὴν
821 4870 1086 4941 ὑπακοήν.
1117 4870 1180 4922 "O
1207 4869 1376 4940 ἑτέρῳ
1411 4868 1626 4938 μέλλεις
1649 4869 1912 4932 δανείζειν

248 4954 488 5023 χρυσίον,
528 4954 686 5007 τοῦτο
711 4954 953 5007 δάνεισον
984 4953 1126 5023 ἐμοὶ,
1175 4954 1268 5006 καὶ
1313 4954 1405 5005 ἐπὶ
1442 4952 1680 5018 πλείοσι,
1698 4955 1790 5008 καὶ
1821 4955 1914 5006 ἐπὶ

248 5037 518 5108 ἀσφαλείᾳ
559 5038 798 5107 μείζονι·
833 5037 862 5090 ὂ
902 5038 1072 5107 ἑτέρῳ
1117 5035 1328 5106 μέλλεις
1377 5037 1690 5106 στρατεύειν
1732 5037 1912 5106 σῶμα,

250 5121 406 5174 τοῦτο
450 5122 778 5192 στράτευσον
827 5120 982 5190 ἐμοί·
1026 5121 1118 5178 ml
1159 5119 1264 5190 γάρ
1298 5121 1610 5190 ὑπερϐαίνω
1651 5137 1742 5172 σου
1791 5123 1918 5184 τοὺς

253 5205 448 5267 πόνους
469 5209 582 5267 ταῖς
605 5205 936 5257 ἀντιδόσεσιν
963 5205 1033 5259 ἐκ.
1052 5203 1250 5272 πολλῆς
1277 5203 1376 5273 τῆς
1408 5203 1744 5274 περιουσίας.
1768 5205 1840 5255 Σὺ
1855 5203 1912 5256 δέ

253 5290 311 5341 ἐν
337 5290 434 5358 μὲν
469 5293 577 5351 10L;
606 5289 784 5351 ἄλλοις
811 5288 902 5341 τὸν
935 5287 994 5340 τὸ
1025 5286 1184 5340 πλέον
1213 5288 1256 5318 ³⁵
1288 5288 1594 5355 παρέχοντα
1619 5291 1907 5359 προτιμᾷς,

325 5381 371 5412 ’³
408 5381 592 5434 κακῶν
652 5381 840 5434 δεινῶν
889 5381 1024 5434 Edd.

333 5381 622 5524 6:3).éya1ol
663 5453 799 5524 addi
829 5452 1012 5524 αὑτοῖς

1255 326 1324 382 ΙΝ
1363 320 1774 380 ΜΑΤΤΙΙᾹΖΗΜ
1811 315 2044 374 HOMIL.
2086 317 2318 373 LXXVI.
2361 317 2432 373 al.
2456 313 2712 371 LXXVII.

1216 5381 1302 5451 εί.
1335 5419 1349 5433 .
1395 5417 1409 5432 .
1434 5420 1447 5432 .
1479 5379 1892 5451 ἔρχεται].οῦτω
1932 5399 1989 5450 φ.
2032 5379 2323 5451 ἐρχόμενος
2360 5376 2424 5451 G_.
2475 5371 2540 5451 η.
2583 5374 2679 5451 Ep.

255 5441 622 5524 ³⁷διελέγετο]
663 5453 799 5524 δύο.
829 5452 1012 5524 αὑτοῖς
1043 5450 1107 5505 G.
1143 5450 1210 5524 I_I._
1241 5449 1301 5502 K.
1449 5441 1800 5524 'f'll'euiON.
1827 5441 2370 5524 llaplcﬁé'ébﬁspﬁi
2390 5441 2877 5524 ἡμέραςηὲκεςῖηςζ
2905 5445 3001 5524 κξιὶ
3033 5445 3116 5524 civ;
3142 5441 3334 5524 ’πολλοὶ
3361 5444 3449 5524 δεᾲ

3554 313 3659 368 700

1993 431 2088 487 ml
2120 434 2178 486 ὲν
2222 433 2566 502 δανείσμασι,
2596 432 2690 483 καὶ
2733 431 2790 482 ἐν
2833 427 3126 500 ἀγορασίᾳ,
3154 430 3248 482 ml
3273 429 3331 483 ἐν
3361 435 3619 507 στρατείᾳ
3640 453 3654 466 ·

1993 517 2084 570 16v
2131 516 2188 570 δὲ
2220 515 2454 587 Χριστὸν
2501 515 2660 585 μόνον
2710 512 2869 566 πλέον
2905 512 3160 564 ἀπάντων
3197 514 3503 584 παρέχοντα
3523 558 3539 582 ,
3567 519 3660 572 ml

1995 598 2240 670 ἀπείρως
2273 599 2454 661 πλέον,
2478 596 2665 650 τοῦτον
2687 597 2744 650 οὑ
2769 595 3054 666 καταδέχῃ.
3085 595 3196 648 Καὶ
3225 597 3307 659 τίς
3340 599 3368 650 6
3405 601 3655 666 τοσοῦτος

1993 680 2266 752 πόλεμος;
2295 683 2380 745 τίς
2415 684 2449 750 ή
2485 679 2721 750 τοσαύτη
2761 678 3062 749 ἀπέχθεια;
3103 679 3272 733 Πόθεν
3304 680 3487 735 λοιπὸν
3518 684 3660 751 ἕξεις

1995 765 2327 836 συγγνώμην
2351 766 2445 818 καὶ
2472 764 2787 833 ἀπολογίαν,
2814 763 2937 816 οὑδὲ
2961 763 3052 831 ἀφ’
3076 757 3150 816 ὧν
3173 763 3492 836 ἀνθρώπους
3526 787 3662 841 προ-

1993 851 2157 920 τιμᾷς
2177 847 2498 920 ἀνθρώπων,
2526 848 2634 900 ἀπὸ
2658 847 2860 900 τούτων
2889 846 3211 916 ἀνεχόμενος
3234 848 3324 901 16v
3364 851 3495 903 Θεὸν
3529 869 3659 922 προ·

1992 935 2222 1004 τιμῆσαι
2244 935 2348 988 τῶν
2377 933 2679 1004 ἀνθρώπων
2701 932 2778 997 ³⁶;
2811 931 2877 983 Τί
2907 933 2971 1000 τῇ
2999 933 3068 1000 γῇ
3105 932 3411 1002 παραδίδως
3437 934 3527 986 τὸν
3557 935 3656 1006 θη-

1996 1018 2193 1088 σαυρόν
2219 1034 2232 1082 ;
2265 1017 2363 1080 Δὸς
2387 1019 2450 1088 τῇ
2493 1019 2598 1087 ἐμῇ
2639 1014 2803 1086 χειρὶ,
2831 1015 3014 1084 φησίν.
3043 1015 3116 1066 οὑ
3156 1014 3304 1067 δοκεῖ
3327 1033 3407 1068 σοι
3434 1021 3528 1087 τῆς
3557 1021 3661 1088 γῆς

1994 1099 2432 1174 ἀξιοπιστότερος
2477 1097 2612 1155 εἶναι
2652 1101 2680 1153 6
2723 1099 2824 1168 τῆς
2867 1098 2968 1167 γῆς
2996 1099 3310 1168 Δεσπότηςς
3359 1100 3570 1170 Ἐκείνη
3600 1103 3659 1154 16

1995 1184 2334 1256 καταϐληθὲν
2369 1185 2680 1247 ἀποδίδωσι,
2724 1182 2984 1245 πολλάκις
3029 1182 3085 1234 δὲ
3110 1181 3230 1236 οὑδέ
3259 1184 3446 1236 τοῦτο·
3497 1186 3661 1248 αὑτὸς

1992 1269 2048 1322 δὲ
2078 1272 2170 1322 ml
2203 1268 2430 1337 μισθούς
2449 1283 2470 1318 2
2493 1285 2573 1320 σοι
2604 1266 2896 1321 ἀποδίδωσι
2924 1267 2965 1297 ³⁷
2999 1264 3097 1335 τῆς
3127 1265 3395 1336 φυλακῆς.
3426 1269 3529 1319 Καὶ
3551 1268 3660 1337 γὰρ

1995 1353 2200 1423 σφόδρα
2230 1351 2386 1422 ήμῶν
2413 1352 2532 1421 ἐρᾷ.
2564 1350 2663 1402 Διά
2687 1349 2845 1402 τοῦτο
2870 1350 2972 1403 κᾶν
3012 1349 3252 1402 δανεῖσαι
3287 1351 3465 1421 θέλῃς,
3499 1351 3661 1422 ’έστη-

1993 1453 2086 1489 κεν
2117 1437 2330 1505 ἕτοιμος
2350 1449 2364 1464 ·
2389 1434 2489 1488 κᾶν
2531 1436 2769 1504 σπεῖραι,
2813 1433 2975 1496 αὑτὸς
3002 1432 3323 1503 ὑποδέχεται
3341 1454 3352 1465 ·
3379 1435 3483 1488 κάν
3513 1437 3660 1487 οίκο-

1993 1519 2222 1590 δομῆσαι
2247 1519 2424 1590 θέλῃς,
2456 1518 2601 1570 ἕλκει
2630 1535 2688 1570 σε
2728 1518 2864 1588 πρὸς
2893 1517 3105 1583 ἑαυτὸν,
3124 1519 3212 1570 Ἐν
3240 1521 3352 1582 τοῖς
3381 1520 3552 1590 ἐμοῖς,
3577 1519 3663 1572 λέ-

1993 1618 2128 1668 γων,
2167 1602 2458 1671 οἰκοδόμει.
2489 1602 2553 1652 Τί
2578 1601 2792 1671 τρέχεις
2818 1601 2952 1672 πρὸς
2987 1603 3111 1664 τοὺς
3133 1600 3393 1671 πένητας,
3419 1603 3556 1673 πρὸς
3577 1604 3665 1655 ἀν-

1993 1684 2240 1756 θρώπους
2277 1686 2400 1748 τοὺς
2441 1684 2841 1754 πτωχεύοντας;
2876 1684 3061 1754 Δράμε
3089 1683 3223 1754 πρὸς
3271 1685 3361 1737 τὸν
3386 1685 3539 1746 Θεὸν.
3572 1687 3663 1740 τὸν

1993 1769 2134 1838 ὑπὲρ
2168 1769 2378 1839 μικρῶν
2405 1768 2616 1838 μεγάλα
2641 1785 2720 1820 σοι
2752 1767 3060 1838 παρέχοντα
3093 1768 3392 1838 πράγματα
3416 1769 3480 1822 ³⁸.
3523 1769 3663 1822 Ἀλλ’

1992 1855 2139 1924 ὅμως
2161 1853 2282 1906 οὑδέ
2305 1853 2477 1907 ταῦτα
2506 1852 2793 1913 ἀκούοντες
2823 1851 3146 1922 ἀνεχόμεθα,
3175 1852 3293 1905 ἀλλ’
3327 1852 3456 1906 ἔνθα
3487 1854 3532 1887 ³⁸
3561 1855 3666 1925 μά-

1993 1955 2102 2008 χαι,
2127 1939 2221 1991 ml
2254 1937 2501 2007 πόλεμοι,
2558 1938 2653 1989 ml
2689 1937 3028 2006 παγκράτια,
3077 1937 3171 1990 ml
3199 1936 3346 1990 δίκαι
3374 1938 3467 1991 ml
3500 1956 3665 1992 συκο-

1994 2021 2232 2088 φαντίαι,
2263 2021 2380 2072 ἐκεῖ
2406 2018 2728 2090 σπεύδομεν.

2064 2195 2126 2243 ε’.
2157 2183 2282 2257 ’Ἆρ’
2321 2184 2413 2241 οὖν
2439 2186 2500 2239 ού
2517 2187 2738 2248 δικαίως
2767 2186 2914 2256 ἡμᾶς
2945 2186 3346 2258 ἀποστρέφεται
3379 2187 3474 2241 καὶ
3506 2186 3669 2242 κολά-

1993 2269 2096 2334 ζει,
2125 2270 2252 2323 ὅταν
2281 2271 2359 2332 εἰς
2388 2269 2564 2322 πάντα
2591 2270 2722 2338 ἡμῖν
2755 2269 2946 2320 ἑαυτὸν
2978 2270 3213 2341 παρέχῃ,
3244 2271 3404 2340 ἡμεῖς
3433 2270 3489 2323 δὲ
3518 2271 3667 2325 ἀντι-

1993 2353 2316 2423 πίπτωμεν,
2347 2351 2516 2404 Παντί
2544 2368 2645 2403 που
2673 2350 2850 2418 δῆλον.
2910 2352 3032 2404 Εἴτε
3062 2352 3169 2422 γάρ
3221 2351 3666 2407 καλλωπίσασθαι

1995 2435 2188 2500 θέλεις,
2211 2436 2363 2506 φησὶ,
2391 2435 2482 2488 τὸν
2509 2435 2637 2504 ἐμὸν
2657 2435 3062 2504 καλλωπισμόν·
3081 2436 3189 2488 εἴτε
3221 2435 3567 2506 όπλισθῆναι,
3599 2437 3668 2491 τά

1994 2519 2102 2590 ἐμά
2131 2519 2287 2572 ὅπλα·
2335 2517 2446 2572 εἴτε
2482 2517 2826 2584 ἐνδύσασθαι,
2856 2518 2915 2570 16
2951 2519 3161 2588 ἱμάτιον
3198 2519 3258 2572 16
3292 2519 3423 2588 ἐμόν
3454 2520 3518 2550 ⁶⁰·
3558 2518 3667 2572 εἴτε

1993 2603 2289 2675 τραφῆναι,
2325 2604 2423 2672 τὴν
2451 2601 2726 2674 τράπεζαν
2768 2602 2864 2672 τὴν
2915 2603 3076 2672 ἐμήν·
3119 2602 3228 2655 εἴτε
3279 2603 3510 2666 ὁδεῦσαι,
3569 2603 3668 2673 τὴν

1994 2687 2110 2740 666v
2137 2687 2236 2758 τὴν
2263 2687 2422 2756 ἐμήν·
2456 2685 2564 2738 εἴτε
2589 2685 3013 2756 κληρονομῆσαι,
3043 2687 3142 2754 τὴν
3167 2685 3532 2755 κληρονομίαν
3571 2684 3667 2755 τὴν

1995 2770 2156 2840 ἐμήν·
2185 2769 2296 2821 εἴτε
2329 2769 2410 2831 είς
2443 2769 2680 2839 πατρίδα
2730 2767 3013 2833 εἰσελθεῖν,
3067 2770 3150 2830 είς
3168 2767 3266 2837 τὴν
3293 2767 3464 2834 πόλιν,
3485 2764 3554 2838 ἧς
3577 2785 3668 2820 τε-

1995 2852 2182 2922 χνίτης
2211 2851 2305 2904 καὶ
2339 2850 2668 2921 δημιουργὸς
2697 2851 2828 2919 ἐγώ·
2852 2852 2960 2902 εἴτε
2992 2850 3343 2921 οἰκοδομῆσαι
3372 2851 3570 2919 οίκίαν,
3610 2854 3668 2906 ἐν

1999 2937 2121 2996 ταῖς
2143 2936 2365 3005 σκηναῖς
2399 2935 2516 2996 ταῖς
2539 2936 2718 3004 ἐμαῖς.
2767 2931 2908 3001 Ἐγὼ
2933 2932 3042 3003 γάρ
3063 2925 3138 2985 ῶν
3163 2933 3355 3004 δίδωμι
3380 2933 3478 2987 οὑκ
3501 2935 3670 2986 ἀπαι-

1999 3016 2077 3068 τῶ
2099 3034 2158 3068 σε
2185 3016 2393 3088 μισθὸν,
2434 3016 2570 3070 ἀλλά
2597 3017 2691 3069 ml
2707 3016 2871 3069 αὑτοῦ
2901 3015 3090 3069 τούτου
3127 3017 3316 3087 μισθόν
3374 3034 3456 3070 σοι
3504 3035 3671 3088 προσ-

2000 3100 2218 3169 οφείλω,
2263 3100 2327 3153 ἂν
2356 3102 2468 3163 τοῖς
2507 3102 2658 3170 ἐμοῖς
2691 3099 2994 3171 χρήσασθαι
3051 3099 3319 3170 βουληθῇς
3355 3100 3546 3154 ἅπασι.
3605 3101 3646 3152 Τ
3653 3101 3670 3152 ί

1999 3185 2201 3254 ταύτης
2251 3184 2444 3252 γένοιτ’
2480 3182 2546 3237 ἂν
2603 3183 2714 3236 ἴσον
2764 3183 2864 3253 τῆς
2894 3183 3233 3253 φιλοτιμίας;
3290 3183 3430 3252 Ἐγὼ
3464 3187 3668 3255 πατὴρ,

2002 3267 2112 3334 ἐγὼ
2142 3267 2389 3336 ἀδελφὸς,
2440 3265 2551 3336 ἐγὼ
2583 3267 2834 3337 νυμφίος,
2874 3266 2986 3334 ἐγὼ
3021 3267 3187 3331 οἰκία,
3246 3265 3358 3336 ἐγὼ
3403 3269 3576 3338 τροφὴ
3604 3269 3672 3335 δι,

2002 3349 2112 3418 ἐγὼ
2145 3353 2374 3420 ἱμάτιον,
2399 3350 2508 3418 ἐγὼ
2539 3350 2681 3420 ῥίζα,
2714 3350 2824 3418 ἐγὼ
2851 3349 3115 3420 θεμέλιος,
3145 3353 3252 3405 πᾶν
3296 3353 3434 3423 ὅπερ
3486 3353 3552 3405 ἀν
3584 3353 3674 3404 θέ-

2003 3434 2100 3505 λῃς
2138 3433 2266 3502 ἐγώ·
2303 3433 2528 3502 μηδενὸς
2562 3436 2618 3486 ἐν
2649 3433 2807 3504 χρείᾳ
2863 3437 3158 3504 καταστῇς.
3233 3435 3374 3502 Ἐγὼ
3427 3436 3522 3488 καὶ
3553 3435 3674 3488 δου-

2003 3517 2176 3572 λεύσω
2206 3517 2270 3548 ³⁸·
2301 3513 2461 3588 ἦλθον
2481 3518 2588 3586 γὰρ
2611 3517 2950 3587 διακονῆσαι,
2997 3517 3059 3569 οὐ
3093 3517 3497 3588 διακονηθῆναι.
3535 3517 3674 3587 Ἐγὼ

2005 3601 2098 3654 ml
2125 3599 2270 3672 [759]
2298 3599 2468 3669 φίλος,
2512 3600 2606 3652 ml
2663 3599 2844 3670 μέλος,
2901 3600 2994 3652 ml
3030 3599 3270 3670 κεφαλὴ.
3309 3602 3403 3654 καὶ
3427 3601 3673 3669 ἀδελφὸς,

2004 3685 2100 3737 καὶ
2120 3684 2340 3754 ἀδελφὴ,
2393 3683 2486 3736 καὶ
2518 3685 2718 3753 μήτηρ,
2757 3683 2939 3735 πάντα
2968 3683 3098 3750 ἐγώ·
3155 3683 3314 3752 μόνον
3336 3684 3550 3747 οἰκείως
3583 3686 3675 3754 έχε

2005 3767 2141 3836 πρὸς
2166 3766 2287 3836 ἐμέ.
2327 3764 2467 3833 Ἐγὼ
2521 3767 2686 3834 πένης
2715 3765 2802 3818 διὰ
2839 3766 2899 3818 σέ
2921 3785 2935 3799 ·
2984 3766 3079 3819 ml
3111 3766 3316 3837 ἀλήτης
3349 3767 3436 3820 διὰ
3478 3768 3556 3820 σέ·
3583 3771 3677 3822 ἐπὶ

2008 3849 2240 3920 σταυροῦ
2256 3849 2343 3902 διά
2381 3849 2464 3912 σὲ,
2495 3850 2585 3902 ἐπὶ
2615 3849 2787 3917 τάφου
2817 3850 2906 3902 διά
2946 3850 3026 3902 σέ·
3048 3849 3159 3904 ἀνω
3185 3851 3323 3921 ὑπὲρ
3359 3850 3452 3904 σοῦ
3482 3854 3675 3921 ἐντυγ-

2005 3935 2155 4001 χάνω
2183 3930 2261 4001 τῷ
2285 3932 2480 4001 Πατρῖ,
2506 3931 2654 3984 κάτω
2705 3932 2844 4002 ὑπὲρ
2886 3932 2978 3985 σοῦ
3026 3932 3371 4004 πρεσϐευτὴς
3433 3936 3678 4005 παραγέ·

2006 4031 2140 4082 γονοι
2167 4012 2317 4084 ’παρὰι
2344 4012 2439 4065 τοῦ
2479 4013 2710 4084 Πατρός.
2778 4015 2963 4068 Πάντα
3023 4033 3112 4086 μοι
3155 4017 3240 4078 σὺ,
3296 4015 3392 4069 καὶ
3427 4017 3674 4086 ἀδελφὸς,

2008 4098 2102 4150 καὶ
2124 4094 2580 4166 συγκληρονόμος,
2607 4095 2702 4149 ml
2747 4096 2941 4166 φίλος,
2962 4099 3056 4151 ml
3092 4098 3272 4168 μέλος.
3301 4099 3367 4151 Τί
3397 4099 3560 4153 πλέον
3589 4099 3679 4153 θέ-

2010 4183 2158 4247 λεις;
2193 4183 2245 4233 τί
2267 4181 2358 4232 τὸν
2389 4181 2435 4212 ⁸³
2465 4180 2720 4248 φιλοῦντα
2765 4181 3128 4254 όιποστρέφῃς⁴
3149 4182 3202 4235 τί
3230 4183 3311 4253 τῷ
3355 4183 3546 4255 κόσμῳ
3578 4185 3676 4238 κά-

2015 4285 2166 4339 μνεις
2188 4284 2202 4331 ;
2231 4266 2284 4318 τί
2312 4268 2390 4328 εἰς
2413 4265 2567 4318 πίθον
2589 4265 2800 4328 ἀντλεῖς
2817 4266 3144 4335 τετρημένον
3165 4285 3179 4333 ;
3207 4267 3376 4320 Τοῦτο
3406 4269 3512 4338 γάρ
3534 4271 3680 4322 ἐστιν

2011 4355 2091 4415 είς
2115 4351 2205 4402 16v
2225 4349 2467 4420 παρόντα
2505 4348 2616 4418 βίον
2666 4349 2945 4402 πονεῖσθαι
2977 4349 3042 4402 ⁸⁸.
3083 4349 3146 4403 Τί
3177 4351 3258 4413 είς
3305 4351 3416 4422 πῦρ
3439 4347 3676 4422 ξαίνεις;

2009 4436 2062 4488 τί
2087 4433 2164 4504 τῷ
2193 4432 2314 4503 ἀέρι
2348 4431 2669 4496 πυκτεύεις;
2717 4432 2769 4484 τί
2822 4432 2946 4502 είκῆ
2975 4435 3220 4504 τρέχεις;
3286 4435 3420 4505 Οὐχὶ
3471 4436 3678 4508 ἑκάστη

2009 4517 2170 4588 τέχνη
2205 4516 2355 4577 τέλος
2394 4514 2532 4584 ἔχει;
2578 4514 2749 4566 Παντί
2778 4531 2882 4567 που
2913 4514 3090 4584 δῆλον.
3143 4514 3326 4579 Δείξόν
3372 4533 3464 4586 μοι
3489 4519 3582 4571 ml
3613 4521 3678 4574 σὺ

2010 4601 2109 4670 τῆς
2153 4599 2385 4668 σπουδῆς
2433 4600 2530 4668 τῆς
2576 4595 2836 4666 βιωτικῆς
2866 4597 2928 4649 τὸ
2982 4597 3154 4661 τέλος.
3199 4597 3339 4651 Ἀλλ’
3373 4599 3473 4652 οὐκ
3512 4598 3677 4670 ἔχεις.

2011 4682 2349 4746 Ματαιότης
2377 4679 2484 4751 γάρ
2512 4670 2945 4748 ματαιοτήτων,
3007 4679 3080 4733 τὰ
3101 4679 3298 4733 πάντα
3334 4683 3679 4750 ματαιότης.

2015 4766 2214 4832 Ἴωμεν
2273 4765 2353 4825 είς
2408 4754 2533 4824 τοὺς
2587 4762 2833 4828 τάφους,
2901 4759 3072 4826 δεῖξόν
3130 4779 3220 4832 μοι
3273 4761 3365 4815 τὸν
3429 4765 3682 4835 πατέρα,

2011 4846 2182 4910 δεῖξόν
2237 4861 2338 4918 μοι¹
2378 4843 2476 4915 τὴν
2533 4847 2788 4912 γυναῖκα.
2849 4845 2960 4898 Ποῦ
3018 4848 3047 4900 ὀ
3100 4848 3279 4918 χρυσᾶ
3338 4847 3685 4919 ἐνδεδυμένος

2017 4931 2241 5001 ίμάτια;
2284 4929 2311 4980 6
2369 4927 2461 4980 ἐπὶ
2498 4926 2592 4980 τοῦ
2645 4927 2922 4998 ὀχήματος
2967 4928 3311 5000 καθήμενος;
3364 4931 3394 4983 6
3457 4932 3684 5000 στρατό-

2015 5015 2149 5068 πεδα
2209 5014 2384 5083 έχων,
2435 5014 2464 5066 6
2520 5011 2620 5082 τὴν
2678 5012 2876 5081 ζώνην,
2935 5015 2964 5066 6
3018 5015 3142 5076 τοὺς
3188 5015 3466 5084 κήρυκας;
3497 5017 3526 5068 6
3559 5020 3686 5078 τοὺς

2021 5099 2116 5170 μὲν
2141 5095 2398 5166 ἀναιρῶν,
2430 5095 2556 5156 τοὺς
2583 5095 2639 5147 δέ
2657 5094 2941 5164 ἐμϐάλλων
2960 5096 3039 5158 είς
3067 5095 3472 5166 δεσμωτήριον;
3501 5099 3529 5150 6
3547 5099 3685 5150 ἀπο-

2019 5185 2254 5240 κτέννων
2279 5181 2323 5211 ³⁸
2353 5178 2445 5241 οῦς
2470 5179 2742 5242 ἐϐούλετο,
2808 5181 2899 5238 ml
2955 5179 3312 5233 ἀπαλλάττων
3341 5179 3434 5243 οῦς
3460 5181 3684 5252 ήθελεν;

2020 5265 2309 5334 Οὐδὲνόρῶ
2338 5264 2474 5333 πλὴν
2501 5263 2722 5327 ὀστέων,
2747 5263 2840 5319 καὶ
2871 5263 3052 5332 σητὸς,
3081 5262 3174 5320 καὶ
3204 5263 3467 5334 ἀράχνης·
3510 5266 3686 5316 πάντα

2791 5374 2838 5404 ³⁸
2878 5371 3162 5444 νεφέλαις]
3189 5373 3314 5428 add.
3349 5373 3498 5442 λέγει
3543 5372 3683 5429 Edd.

3488 5445 3682 5514 μικρὸν

254 5523 415 5574 πόνον
444 5512 537 5574 καὶ
567 5512 743 5589 ὀλίγον
765 5522 963 5591 ἱδρῶτα
986 5512 1410 5591 στερηθὴσονται
1441 5520 1537 5588 τῆς
1572 5520 1729 5590 δόξης
1755 5522 1847 5574 καὶ
1885 5512 1994 5574 τῶν
2026 5512 2561 5591 ἀγαθῶνίτοῦᾌΘεοῦ.
2593 5515 2660 5568 G.
2679 5584 2691 5591 _
2735 5514 2779 5543 ³³
2803 5512 2964 5591 Δέον]
2998 5514 3124 5591 add.
3161 5516 3268 5582 γὰρ
3383 5512 3684 5591 ,ἀλγοῦμενι

447 5563 537 5574 η...
569 5563 646 5575 ν...
688 5563 741 5576 ν,
767 5563 963 5574 .-.μνη
988 5563 1076 5573 -.-
1123 5563 1204 5573 .-.
1232 5563 1410 5572 --ητ-
1452 5563 1490 5572 ..
1513 5563 1536 5582 ,
1576 5563 1627 5571 η
1669 5563 1727 5583 .,
1757 5563 1847 5574 η...
1895 5563 1897 5570 .

253 5592 390 5664 ἀλλά
427 5563 694 5664 ἀλγοῦμείι
729 5591 792 5646 G.
815 5571 941 5664 llam
980 5593 1073 5664 καὶ
1087 5563 1561 5664 ιἔσκ-υθρωπᾴιζομίεν
1588 5563 1697 5664 mli:
1728 5596 1793 5645 li.
1837 5593 1897 5664 in

2002 5614 2006 5637 .
2292 5563 2572 5664 éﬁéjéﬁ'.
2592 5563 2703 5664 gat
2731 5563 2875 5664 9ng
2999 5563 3183 5664 R113
3201 5563 3592 5664 ﬁf‘ég‘éﬁfe'zé
3607 5563 3678 5636 'K.‘

254 5664 316 5716 ι..
351 5663 642 5732 ἐπέρχεται
672 5663 767 5731 Ep.

845 5664 887 5694 ³¹
923 5662 965 5714 δ’
992 5658 1106 5731 οὖν]
1139 5658 1399 5731 ὃίοίΕιΙᾴ.
1435 5660 1739 5731 δε-ςοίιὶςιεε
1769 5671 1821 5716 cl
1861 5663 1960 5731 Ep.

256 5750 307 5801 ιι.
335 5729 673 5814 ὖῖιξὶιτοιιι.
708 5729 804 5788 ill.
844 5729 1149 5814 92596.0.)
1191 5800 1202 5814 ι
1225 5730 1271 5814 "ﬁ
1400 5733 1466 5814 Ξῇ
1495 5729 1634 5814 Βίων.
1665 5729 1792 5814 lien;
1819 5736 1885 5802 σῇ
1910 5729 2029 5786 bm.

2039 5660 2081 5690 ³³
2118 5659 2287 5726 λογίζ.
2485 5654 2794 5727 λογίζου-ς..
2814 5652 2892 5727 _H.
2919 5651 3022 5727 K._
3059 5653 3103 5683 ³³
3126 5651 3316 5727 θνητὸν
3341 5651 3497 5727 ϐζέι
3528 5652 3684 5727 Flotg

2197 5721 2259 5759 ³³
2281 5721 2544 5781 τῖ’πλεῖον
2564 5721 2638 5778 Η.
2677 5723 2738 5777 Κ.
2774 5723 2955 5777 πλεῖον
2984 5722 3048 5777 G.
3083 5724 3150 5775 τά
3181 5721 3399 5775 πλείονα
3428 5721 3561 5776 Ειιιι.
3593 5724 3690 5778 sed

257 5786 309 5869 ίι.
334 5817 398 5872 Ap.
422 5786 641 5872 πλείονα
678 5819 772 5872 pro
821 5786 981 5872 πλέον
1008 5803 1091 5854 bis
1119 5786 1285 5872 1'19qu
1304 5786 1583 5872 1:;_“:'1(Bv
1606 5786 1897 5872 6v09L61¢3x

2007 5818 2058 5854 ιι.
2086 5799 2145 5854 L.
2175 5799 2270 5853 Cc.
2307 5798 2444 5872 Muri
2517 5797 2558 5828 ³⁷
2586 5789 2950 5872 οὗτος-δε-καξι
2987 5792 3176 5872 μισθόν
3209 5809 3289 5872 σοι
3319 5792 3498 5872 δίδωσι
3524 5791 3588 5845 Κ.

257 5864 301 5903 ⁵⁸
332 5864 452 5945 νίς.
481 5864 692 5945 ad_nol.'
739 5875 781 5906 ³⁹
809 5871 961 5945 ἔνθα]
983 5873 1116 5945 ὅπου
1234 5869 1309 5945 -l_l_.
1442 5869 1563 5945 δίῳ(
1604 5864 1840 5945 Ιιαξόκαῖ
1864 5889 1897 5924 π

2002 5887 2090 5938 μοι
2115 5872 2207 5922 ml
2233 5869 2545 5945 παγκράτια
2575 5883 2686 5920 om.

3173 5863 3242 5934 τά
3265 5865 3373 5934 ἐμὰ
3401 5865 3591 5934 ἱμάτια
3621 5863 3685 5917 G.

255 5941 554 6013 τραφῆναι]
589 5945 860 6013 τρυφῆσαι
888 5930 961 5999 G:
1002 5942 1096 5995 Ge.
1157 5941 1215 6013 _“
1250 5941 1340 5994 Sic
1378 5940 1437 5994 L.
1467 5939 1817 6013 Mor.“(1;meri
1851 5961 1897 6013 τε

2002 5930 2068 6003 ἲς.
2094 5930 2468 6013 τροφεὺςὸξιν.
2503 5937 2669 6013 Ben.”
2710 5938 2753 5967 ⁸²
2778 5934 3082 6013 έδρύλιευσαγ
3104 5930 3167 6013 Η..
3208 5933 3267 5988 ι..
3299 5930 3310 5934 ⁷
3343 5935 3388 5966 ⁸³
3415 5930 3529 6008 τὸν]
3549 5934 3692 5988 οὑτω

259 5999 324 6066 ιζ.
352 5999 444 6065 τ’δὺ
476 5999 772 6069 οὑτωΜύιί
810 6015 939 6072 Ben.
1012 6014 1058 6046 “
1091 6010 1550 6082 ταλαιπωρεῖσθαι
1605 6010 1740 6068 Edd.
1816 5999 1897 6046 ⁶⁸’

2002 5999 2218 6066 ικτέιὶων
2239 5999 2397 6066 Ο.ἸΙ.
2435 6008 2495 6066 L.
2529 6004 2798 6077 ἐϐούλετο]
2832 6004 3020 6076 ἤθελεν
3045 5999 3108 6056 Κ.
3141 6003 3202 6058 L.
