4130 6374
398 330 494 386 701

397 437 750 512 conjiciebati
778 435 869 508 qui
897 429 1249 490 interﬁciebat
1265 442 1402 501 quos
1421 427 1598 494 vellet,
1622 423 1984 494 liberabatque

397 535 466 589 ad
497 532 716 587 nutum?
735 529 873 584 Nihil
894 525 1039 581 aliud
1068 523 1224 579 video
1251 535 1408 592 quam
1436 534 1579 583 ossa,
1611 531 1843 582 vermes,
1865 529 1986 569 ara-

400 641 562 681 neas:
596 621 774 678 omnia
804 620 892 675 illa
922 629 1063 673 terra
1092 625 1236 680 sunt,
1259 613 1438 668 omnia
1465 610 1660 676 fabula,
1689 608 1865 665 omnia
1891 621 1986 662 so-

400 717 622 780 mnium,
651 713 858 774 umbra,
880 725 1028 766 mera
1056 707 1288 764 narratio
1315 715 1370 762 et
1398 706 1632 776 pictura;
1654 703 1761 757 imo
1783 717 1882 756 nec
1903 699 1985 771 pi-

400 818 569 864 ctura.
602 807 866 861 Picturam
894 803 1036 859 enim
1061 800 1251 856 saltem
1276 799 1329 853 in
1356 797 1584 867 imagine
1604 795 1872 857 videmus;
1899 792 1988 850 hic

400 916 529 957 vero
572 915 640 955 ne
683 889 899 969 quidem
951 895 1257 966 imaginem.
1289 894 1460 963 Atque
1491 891 1688 945 utinam
1723 889 1810 944 hic
1845 887 1985 942 mala

403 991 844 1050 terminarentur!
870 987 1022 1043 Nunc
1047 1001 1174 1042 vero
1194 985 1384 1051 honor,
1414 983 1639 1049 deliciae,
1661 980 1850 1053 gloria,
1873 995 1990 1035 um-

403 1087 498 1140 bra
530 1091 734 1140 tantum
763 1091 818 1137 et
845 1080 1005 1136 verba
1034 1087 1187 1135 sunt:
1217 1092 1337 1147 quae
1375 1090 1504 1131 vero
1543 1074 1635 1130 illa
1667 1082 1982 1143 sequuntur,

403 1192 508 1231 non
540 1173 751 1240 umbra,
783 1187 889 1226 non
919 1170 1080 1226 verba
1109 1176 1263 1234 sunt;
1307 1165 1400 1222 sed
1440 1173 1677 1230 manent,
1709 1172 1765 1218 et
1802 1162 1987 1217 nobis-

400 1282 520 1322 eum
552 1265 644 1320 illo
673 1263 994 1329 transibunt,
1023 1260 1374 1328 omnibusque
1402 1265 1526 1314 nota
1553 1264 1738 1322 erunt;
1761 1255 1986 1326 rapinae,

405 1358 646 1419 avaritia.
674 1355 1074 1419 fornicationes,
1097 1351 1376 1417 adulteria,
1405 1359 1460 1406 et
1479 1348 1625 1404 mille
1644 1347 1782 1402 mala
1806 1345 1990 1415 hujus-

405 1452 573 1517 modi,
605 1464 712 1505 non
742 1449 796 1504 in
822 1447 1049 1517 imagine
1074 1454 1129 1500 et
1154 1446 1204 1499 in
1231 1443 1450 1515 pulvere
1473 1449 1648 1506 erunt,
1675 1438 1772 1494 sed
1791 1437 1988 1507 scripta

407 1544 460 1598 in
490 1541 636 1598 cazlis
665 1547 810 1606 sunt,
838 1553 934 1593 seu
955 1536 1119 1600 dicta,
1151 1550 1246 1590 seu
1275 1547 1456 1604 opera.
1481 1531 1686 1597 Quibus
1706 1543 1836 1598 ergo
1856 1542 1989 1582 ocu-

387 1634 472 1698 lis
501 1632 767 1688 Christum
797 1627 1130 1683 videbimus?
1153 1625 1284 1680 Nam
1329 1624 1372 1679 si
1415 1633 1620 1692 patrem
1667 1635 1773 1676 non
1815 1627 1990 1690 potest

407 1727 527 1794 quis
557 1723 798 1792 aspicere
840 1719 941 1774 sibi
967 1718 1214 1773 conscius
1240 1715 1442 1786 peccati
1469 1714 1522 1768 in
1552 1713 1723 1777 illum,
1752 1725 1875 1766 eum
1897 1709 1990 1780 qui

406 1826 555 1887 patre
585 1815 741 1884 longe
767 1812 1096 1868 mansuetior
1125 1817 1225 1870 est.
1257 1805 1526 1878 quomodo
1552 1814 1681 1860 tunc
1701 1803 1989 1874 respicere,

407 1906 673 1977 quomodo
700 1904 840 1959 ferre
867 1899 1192 1972 poterimus?
1216 1898 1348 1953 Nam
1380 1895 1630 1952 tribunali
1673 1893 1870 1949 Christi
1893 1891 1991 1946 ad-

408 1999 685 2062 stabimus,
709 1995 1054 2063 omniumque
1070 1998 1372 2046 accuratum
1395 1987 1498 2042 erit
1522 2000 1767 2041 examen.
1801 1984 1856 2039 Si
1874 1983 1993 2053 quis

408 2104 534 2143 vero
561 2086 799 2142 futurum
821 2085 1078 2156 judicium
1107 2099 1210 2136 non
1242 2079 1432 2146 credit,
1463 2077 1714 2148 respiciat
1753 2075 1842 2129 illa
1871 2089 1991 2144 quae

1253 316 1319 374 IN
1357 309 1765 371 MATTIIEUM
1804 307 2032 367 HOMIL.
2077 307 2333 365 LXXVII.
2372 311 2444 366 aI.
2486 309 2763 366 LXXVIII.

3567 315 3675 372 τοι)

2087 422 2174 476 hic
2198 433 2475 494 geruntur,
2504 423 2683 479 videat
2709 439 2805 480 eos
2829 425 2920 496 qui
2947 425 3002 482 in
3026 440 3263 495 carcere,
3293 428 3383 498 qui
3407 429 3462 484 in
3483 431 3673 485 metal-

2087 512 2177 582 Iis,
2207 516 2295 586 qui
2324 516 2377 570 in
2405 527 2664 583 stercore,
2712 521 2966 591 respiciat
3011 522 3392 590 daemoniacos,
3433 526 3673 594 insanos,

2087 607 2468 664 Incurabilihus
2495 612 2693 666 morbis
2724 613 3046 681 laborantes,
3091 632 3210 672 cum
3258 629 3509 688 perpetua
3542 636 3674 690 pau-

2095 705 2305 768 pertate
2326 710 2653 771 pugnantes,
2679 701 2856 756 inedia
2878 712 3121 770 vexatos,
3151 706 3354 774 ingenti
3379 707 3527 761 luctu
3550 725 3677 762 sau-

2095 788 2289 856 ciatos,
2311 792 2578 862 captivos.
2602 791 2790 863 Neque
2811 794 2957 849 enim
2977 795 3055 850 illi
3071 797 3189 851 haec
3211 806 3545 866 paterentur,
3571 801 3676 854 nisi
3769 779 3771 784 I

2087 877 2223 932 alios
2246 879 2337 948 qui
2363 879 2548 934 eadem
2575 896 2882 949 peccavere,
2913 884 3043 940 ultio
3063 894 3117 940 et
3134 889 3452 958 supplicium
3481 906 3674 963 exspe-

2090 979 2279 1025 etaret.
2307 970 2364 1027 Si
2393 987 2522 1028 vero
2563 976 2740 1029 eteteri
2773 975 2905 1030 nihil
2937 977 3023 1034 hic
3054 981 3193 1048 passi
3237 991 3381 1048 sunt,
3432 983 3534 1040 hoc
3580 974 3684 1042 tibi.

2090 1064 2297 1134 signum
2319 1080 2440 1120 esse
2467 1066 2646 1134 debet,
2672 1069 2871 1140 aliquid
2893 1071 3033 1126 aliud
3059 1088 3342 1144 superesse
3362 1089 3482 1148 post
3501 1079 3677 1149 profe-

2089 1159 2320 1212 ctionem
2342 1174 2407 1213 ex
2430 1157 2530 1214 hac
2555 1161 2680 1214 vita.
2712 1161 2892 1232 Neque
2912 1165 3050 1218 enim
3079 1167 3187 1233 ille,
3219 1183 3340 1222 cum
3367 1171 3436 1224 sit
3462 1173 3678 1227 univer-

2090 1262 2271 1302 sorum
2301 1249 2461 1314 Deus,
2485 1251 2620 1305 alios
2646 1251 2786 1307 ultus
2811 1265 2978 1322 esset;
3010 1257 3142 1312 alios
3172 1275 3318 1326 vero,
3357 1264 3446 1332 qui
3488 1264 3676 1322 eadem
3729 1305 3732 1308 ~

2091 1340 2174 1393 vel
2203 1341 2362 1395 etiam
2405 1342 2650 1410 graviora
2678 1356 2894 1414 peccata
2932 1348 3276 1419 admiserant,
3316 1353 3531 1423 impune
3554 1373 3677 1413 esse

2092 1431 2414 1502 reliquisset,
2443 1437 2543 1490 nisi
2573 1438 2840 1507 quoddam
2868 1441 2998 1511 ipsis
3023 1445 3338 1514 supplicium
3374 1447 3443 1503 ibi
3476 1450 3678 1522 irroga-

2095 1531 2246 1578 turus
2274 1536 2437 1580 esset.
2470 1526 2549 1583 Ex
2584 1529 2666 1584 his
2695 1530 2852 1601 igitur
2873 1534 3171 1590 rationibus
3209 1547 3264 1592 et
3291 1542 3549 1609 exemplis
3579 1559 3677 1600 nos

2093 1615 2239 1686 ipsos
2268 1615 2612 1676 humiliemus
2644 1640 2659 1679 ;
2704 1635 2758 1678 et
2803 1626 2891 1695 qui
2939 1627 3197 1695 judicium
3228 1646 3333 1684 non
3365 1635 3675 1702 credebant,

2094 1706 2320 1762 credant
2340 1708 2477 1779 jam,
2507 1720 2562 1764 et
2590 1712 2838 1769 meliores
2865 1715 3186 1785 efﬁciantur,
3218 1732 3274 1774 ut
3302 1738 3421 1776 cum
3463 1724 3678 1794 dignam

2100 1806 2270 1863 regno
2314 1794 2579 1851 etelorum
2625 1798 2790 1854 vitam
2839 1802 3193 1868 duxerimus,
3253 1805 3432 1861 futura
3482 1823 3680 1862 conse-

2097 1901 2335 1954 quamur
2379 1889 2543 1956 bona,
2597 1895 2772 1962 gratia
2830 1905 2886 1951 et
2934 1898 3267 1969 benignitate
3325 1902 3537 1955 Domini
3578 1921 3678 1956 no-

2093 1976 2350 2124 :trirJesu
2383 1979 2625 2050 Christi,
2674 1985 2761 2039 cui
2799 1988 2969 2057 gloria
3013 1990 3066 2044 iu
3095 1993 3294 2046 sarcula
3329 1997 3676 2049 saeculorum.

2147 2086 2290 2124 men.

2147 2086 2290 2126 men.

411 2205 2919 2240 —_—-—F———-—-——-———_—'—_—_—_—"—-

2933 2217 3692 2244 .____________

1480 2286 1829 2349 HOMILIA
1871 2281 2192 2344 LXXVII.
2239 2285 2326 2347 aI.
2372 2287 2721 2353 LXXVIII.

408 2443 534 2498 CAP.
575 2442 668 2498 24.
719 2457 772 2496 v.
828 2439 918 2495 52.
957 2438 1033 2492 Ab
1083 2437 1260 2490 arbore
1291 2442 1458 2488 autem
1495 2432 1579 2502 ﬁci
1614 2430 1789 2484 discite
1835 2438 1994 2498 para-

481 2535 682 2599 bolam;
707 2550 819 2587 cum
833 2535 949 2605 jam
969 2546 1140 2584 ramus
1159 2530 1267 2600 ejus
1289 2538 1426 2581 tener
1445 2525 1613 2596 fuerit,
1640 2532 1685 2578 et
1701 2521 1826 2589 folia
1851 2527 1992 2584 nata,

481 2627 620 2682 scitis
646 2627 764 2696 quia
791 2640 949 2696 prope
972 2632 1050 2678 est
1073 2631 1254 2684 testas;
1290 2620 1379 2674 55.
1415 2619 1487 2670 ita
1511 2628 1558 2670 et
1585 2631 1689 2680 vos,
1718 2631 1834 2667 cum
1858 2612 1998 2666 uide-

481 2719 593 2772 ritis
614 2719 720 2771 Ito-c
743 2717 931 2780 omnia,
964 2715 1137 2768 scitote
1160 2712 1278 2784 quia
1299 2725 1456 2781 prope
1475 2718 1547 2763 est
1567 2709 1619 2761 in
1631 2706 1830 2777 januis.

485 2812 538 2867 I.
577 2810 710 2878 Quia
741 2808 894 2874 dixit,
919 2806 1105 2863 Statim
1133 2813 1243 2874 post
1263 2802 1632 2856 tribulationem
1657 2799 1854 2852 dierum
1882 2796 1999 2849 illo-

414 2920 548 2967 rum,
578 2902 678 2972 ipsi
705 2915 833 2955 vero
873 2897 1185 2970 quaerebant
1221 2902 1342 2965 post
1377 2901 1630 2963 quantum
1661 2889 1915 2959 temporis
1945 2886 1997 2940 id

417 3000 649 3054 futurum
678 3003 841 3060 esset,
865 2993 1113 3062 diemque
1133 2992 1272 3045 scire
1302 2985 1608 3057 cupiebant,
1638 2983 1759 3038 ideo
1788 2981 1876 3035 ille
1901 2995 1996 3034 ex-

416 3089 650 3160 emplum
674 3087 802 3142 ﬁcus
823 3086 996 3152 affert,
1015 3082 1302 3139 ostendens
1333 3095 1437 3134 non
1467 3093 1713 3148 magnum
1743 3077 2002 3130 interesse

419 3181 676 3251 temporis
719 3177 971 3250 spatium,
1019 3189 1119 3231 nec
1156 3173 1247 3229 diu
1288 3181 1470 3242 postea
1509 3170 1690 3240 ipsum
1717 3175 2002 3223 venturum

417 3289 570 3329 esse:
601 3271 652 3326 id
679 3269 822 3342 quod
850 3285 955 3324 non
988 3266 1148 3322 modo
1181 3280 1274 3336 per
1302 3261 1632 3335 parabolam,
1682 3259 1775 3314 scd
1815 3268 1869 3313 et
1908 3272 2004 3326 per

418 3363 521 3419 alia
551 3362 691 3418 dicta
734 3369 916 3430 postea
949 3355 1228 3429 signiﬁcat,
1263 3363 1319 3409 ut
1348 3369 1468 3409 cum
1516 3352 1621 3406 ait:
1651 3349 1841 3405 Scitote
1885 3348 2005 3410 quia

421 3471 576 3525 prape
599 3463 671 3509 est
695 3453 748 3506 in
785 3450 983 3523 januis.
1029 3449 1164 3504 Hinc
1193 3446 1354 3502 etiam
1382 3444 1538 3498 aliam
1572 3441 1810 3512 praedicit
1834 3439 2008 3510 spiri—

425 3547 619 3600 tualem
647 3553 906 3608 aestatem,
950 3552 1005 3596 et
1047 3537 1476 3609 tranquillitatem
1519 3545 1637 3604 post
1683 3532 1841 3602 hujus
1883 3531 2006 3585 vita:

421 3639 614 3693 ﬂuctus
640 3637 729 3692 illa
755 3636 840 3690 die
855 3633 1014 3704 justis
1030 3632 1285 3696 futuram;
1307 3627 1669 3700 peccatoribus
1685 3633 1867 3679 contra
1890 3629 2008 3692 post

426 3739 666 3783 aestatem
694 3728 923 3782 hiemem
955 3723 1205 3780 indicavit
1227 3731 1430 3791 postea,
1459 3734 1580 3773 cum
1603 3716 1756 3782 dixit,
1792 3714 1894 3768 illis
1915 3713 2010 3767 de-

427 3820 748 3882 Iieiantihus,
780 3818 918 3872 diem
948 3830 1068 3872 esse
1094 3823 1392 3869 venturam.
1424 3810 1609 3881 Neque
1651 3807 1771 3863 ideo
1801 3816 2005 3861 tantum

430 3913 562 3969 licus
587 3911 891 3982 exemplum
924 3909 1118 3980 posuit,
1161 3917 1217 3962 ut
1261 3905 1486 3976 spatium
1519 3902 1775 3972 temporis
1803 3899 2008 3980 signiﬁ-

430 4015 605 4071 caret;
634 4005 889 4075 potuisset
914 3975 1056 4057 enim
1107 4001 1213 4055 alio
1237 3975 1396 4054 modo
1424 3997 1554 4052 illud
1582 3995 1887 4056 declarare;
1916 3975 2010 4046 sed

431 4108 493 4154 ut
515 4097 638 4153 inde
666 4112 778 4152 rem
807 4095 1026 4150 omnino
1051 4094 1276 4147 futuram
1314 4089 1675 4144 conﬁrmaret.
1702 4083 2010 4140 Sicuteuim

433 4206 653 4250 necesse
681 4200 762 4246 est
787 4189 887 4244 hoc
910 4188 1147 4250 evenire,
1171 4187 1242 4239 ita
1268 4194 1321 4237 et
1337 4183 1484 4237 illud.
1507 4181 1638 4235 Nam
1660 4179 1745 4233 ubi
1771 4194 1880 4233 rem
1898 4191 2014 4230 om-

434 4286 561 4340 nino
581 4283 815 4338 futuram
844 4281 955 4336 vult
976 4281 1363 4343 demonstrare,
1386 4274 1652 4330 naturales
1669 4270 2013 4326 necessitates

435 4377 487 4430 in
519 4375 752 4431 medium
779 4374 952 4441 affert,
985 4383 1089 4427 tam
1122 4373 1430 4440 ipse,qnam
1457 4362 2012 4438 ipsiusimitatorbea-

437 4480 519 4524 tus
547 4467 762 4524 Paulus.
785 4466 985 4522 Idcirco
1008 4464 1078 4520 de
1099 4461 1488 4536 resurrectione
1513 4458 1734 4527 loquens
1759 4455 1833 4508 ait
1855 4471 1869 4508 :
1896 4451 2015 4506 Nisi

434 4576 648 4632 granum
669 4559 905 4628 frumenti
924 4556 1106 4610 cadens
1124 4556 1177 4608 in
1193 4564 1375 4607 terram
1393 4561 1641 4604 mortuum
1661 4546 1833 4619 fuerit,
1853 4545 2017 4615 ipsum

435 4655 601 4710 solunt
623 4661 825 4706 manet:
852 4651 896 4704 si
920 4660 1086 4703 autem
1109 4656 1358 4702 mortuum
1375 4643 1546 4716 fuerit,
1567 4641 1778 4694 multum
1797 4638 2017 4708 fructum

438 4745 586 4814 offert
616 4744 792 4817 (Joan.
818 4743 886 4798 12
927 4741 1018 4797 24.
1041 4741 1157 4811 25).
1187 4739 1318 4792 Iliuc
1355 4735 1576 4791 edoctus
1607 4733 1794 4786 beatus
1827 4730 2019 4784 Paulus

438 4840 629 4895 eodem
657 4837 821 4892 utitur
845 4831 1111 4904 exemplo,
1139 4828 1351 4902 quando
1375 4825 1665 4883 Corinthiis
1689 4824 1756 4879 de
1781 4836 2021 4877 resurre-

440 4933 619 4989 ctione
650 4929 912 5001 loquitur:
943 4942 1064 4982 nam
1099 4925 1206 4978 ait:
1232 4921 1417 4983 Stulte,
1441 4917 1575 4990 quod
1594 4917 1808 4971 seminas
1826 4931 1924 4968 non
1945 4913 2021 4967 oi-

443 5028 696 5097 vi/icatur,
729 5023 827 5077 nisi
845 5032 1101 5076 mortuum
1128 5017 1278 5089 fuerit
1313 5014 1389 5088 (I.
1421 5012 1538 5067 Cor.
1567 5013 1654 5066 i5.
1683 5010 1794 5079 '56).
1825 5007 2022 5063 Deinde

446 5131 514 5169 ne
547 5115 656 5167 cito
689 5124 876 5181 postea
910 5110 1312 5177 interrogarent
1334 5101 1557 5174 quando
1587 5100 1637 5154 id
1673 5098 1913 5152 futurum
1936 5113 2024 5152 es-

449 5217 575 5272 set,
628 5205 681 5258 in
745 5202 1067 5258 memoriam
1121 5198 1257 5267 ipsis
1306 5195 1566 5267 praedicta
1620 5199 1885 5257 revocat,
1937 5189 2023 5244 di-

445 5310 607 5352 cens:
638 5293 726 5349 54.
759 5292 919 5344 Amen
965 5289 1078 5341 dico
1115 5288 1271 5348 vobis,
1319 5301 1420 5339 non
1467 5284 1736 5355 praeteribit
1773 5281 2027 5354 generatio

417 5433 427 5443 .
447 5387 572 5450 mea,
605 5385 761 5438 donec
777 5382 945 5436 omnia
962 5380 1068 5432 licet:
1083 5379 1227 5446 fiant.
1249 5375 1374 5430 Ha'c
1394 5377 1583 5439 omnia,
1601 5390 1865 5444 quaenam,
1883 5389 2029 5444 qua:-

450 5478 543 5532 so?
568 5477 696 5544 Quae
734 5473 1122 5542 Jerosolymam
1163 5468 1490 5538 spectabant,
1523 5466 1680 5528 bella,
1717 5466 1901 5528 fames,
1932 5478 2027 5534 pe-

448 5569 565 5632 stis,
599 5579 755 5623 terra:
785 5575 983 5628 motus,
1038 5559 1476 5632 pseudo-christi,
1505 5555 2026 5628 pseudo-prophettc,

448 5660 788 5731 Evangelium
813 5659 1006 5727 ubique
1026 5654 1449 5718 disseminatum,
1481 5651 1788 5708 seditiones.
1819 5657 2030 5717 pertur-

447 5757 710 5818 bationes,
759 5763 1059 5822 eteteraquc
1097 5748 1297 5813 omnia,
1328 5763 1446 5816 quae
1483 5745 1714 5799 diximus
1763 5756 1930 5813 usque
1957 5741 2023 5796 ad

2101 2431 2218 2500 ejus
2245 2431 2530 2489 adventum
2564 2435 2760 2491 futura.
2793 2438 3071 2507 Quomodo
3106 2443 3266 2512 igitur
3289 2446 3382 2510 ait,
3423 2445 3690 2504 Generatio

2102 2525 2247 2580 hare?
2267 2525 2382 2581 Non
2410 2527 2477 2582 de
2504 2536 2630 2584 tunc
2651 2533 2944 2588 viventibus
2967 2534 3214 2604 loquitur,
3246 2537 3341 2593 sed
3366 2540 3432 2593 de
3462 2557 3689 2609 genera-

2103 2619 2247 2674 tione
2276 2619 2541 2687 ﬁdelium;
2574 2624 2712 2679 solet
2737 2626 2878 2680 enim
2909 2630 3309 2697 generationem
3349 2648 3454 2686 non
3491 2650 3518 2686 a
3550 2643 3688 2689 tem-

2102 2724 2233 2779 pore
2259 2711 2454 2780 solum,
2477 2713 2570 2769 sed
2601 2715 2760 2770 etiam
2792 2732 2822 2771 a
2858 2719 3130 2789 religionis
3152 2731 3205 2776 et
3229 2721 3348 2777 vitae
3371 2725 3575 2781 ratione
3591 2742 3691 2781 an-

2105 2814 2293 2858 notare
2313 2820 2328 2870 ;
2348 2812 2407 2859 ut
2427 2807 2640 2874 quando
2665 2807 2825 2863 dicit:
2853 2809 2978 2864 Haec
2997 2821 3068 2866 est
3083 2815 3337 2883 generatio
3362 2819 3694 2884 quwrenlium

2104 2897 2382 2950 Dominum
2417 2895 2588 2968 (Psal.
2621 2899 2711 2954 25.
2755 2900 2809 2970 6)
2850 2903 3037 2973 :quod
3087 2919 3214 2975 ergo
3255 2920 3414 2976 supra
3459 2907 3695 2974 dicebat,

2109 2989 2320 3059 Oportet
2361 2991 2494 3045 enim
2534 2993 2706 3046 omnia
2743 2993 2887 3062 ﬁeri;
2929 3011 2992 3050 ac
3036 3013 3267 3065 rursum,
3324 2998 3697 3056 Pra'dicabilur

2100 3083 2438 3155 Evangelium
2456 3103 2474 3141 :
2493 3085 2579 3142 hic
2601 3101 2813 3157 quoque
2841 3087 3107 3159 signiﬁcat
3133 3091 3338 3158 dicens,
3371 3093 3494 3149 llaec
3521 3096 3699 3150 enmi-

2112 3192 2182 3230 no
2209 3176 2460 3232 evenient
2508 3179 2708 3245 omnia,
2753 3190 2808 3235 ct
2851 3185 3124 3252 generatio
3167 3183 3441 3250 ﬁdelium,
3486 3204 3515 3242 a
3546 3189 3694 3245 nullo

2109 3269 2488 3340 praedictorum
2514 3270 2735 3326 discissa
2760 3314 2775 3335 ,
2803 3277 3171 3344 permanebit;
3218 3277 3326 3330 imo
3353 3280 3513 3332 etiam
3540 3279 3696 3334 Jeru-

2110 3363 2316 3434 solyma
2361 3363 2594 3433 peribit,
2649 3374 2702 3419 et
2749 3365 3057 3421 Iudaeorum
3085 3384 3273 3439 magna
3320 3386 3443 3440 pars
3491 3373 3696 3428 delebi-

2115 3462 2217 3509 tur.
2244 3454 2392 3510 I-lanc
2413 3471 2539 3510 vero
2562 3455 2693 3511 nihil
2719 3459 3010 3525 superabit,
3036 3477 3140 3514 non
3165 3463 3352 3530 lamcs,
3381 3481 3483 3518 nou
3511 3468 3697 3535 pestis,

2111 3563 2216 3602 non
2245 3557 2404 3604 terrm
2428 3558 2604 3604 motus
2629 3591 2642 3614 ,
2675 3567 2780 3606 non
2807 3551 3069 3607 bellorum
3109 3555 3554 3623 perturbationes,
3590 3576 3696 3614 non

2111 3641 2527 3713 pseudo-christi
2547 3683 2563 3709 ,
2602 3658 2707 3697 non
2738 3644 3240 3715 pseudo-propheta}
3265 3690 3279 3711 ,
3310 3665 3414 3702 non
3445 3649 3699 3718 decepto-

2113 3751 2221 3799 res,
2249 3751 2354 3791 non
2380 3734 2416 3790 ii
2443 3738 2534 3806 qui
2566 3736 2815 3801 tradent,
2846 3754 2951 3793 non
2983 3738 3017 3791 ii
3049 3739 3138 3806 qui
3165 3739 3490 3796 olTentliculo
3515 3752 3695 3810 erunt,

2115 3827 2364 3893 mmfalsi
2403 3826 2596 3884 fratres
2621 3844 2635 3892 ;
2665 3844 2772 3883 non
2798 3828 2917 3883 alia:
2947 3829 3151 3884 similes
3179 3833 3516 3888 tentationes.
3551 3833 3702 3888 Dein-

2114 3919 2183 3974 de
2209 3920 2354 3990 ipsos
2381 3920 2550 3990 magis
2575 3921 2642 3976 ad
2671 3921 2828 3976 ﬁdem
2856 3922 3129 3978 adducens
3157 3924 3231 3978 ait
3263 3942 3276 3977 :
3307 3925 3399 3981 55.
3431 3925 3621 3980 Ca’lum
3651 3935 3702 3981 et

2117 4021 2250 4066 terra
2294 4012 2614 4079 transibunt,
2663 4013 2812 4068 verba
2859 4025 3028 4068 autent
3074 4033 3189 4070 mea
3236 4032 3339 4070 non
3386 4017 3696 4084 transibunt,

2120 4106 2219 4161 hoc
2245 4114 2347 4171 est,
2384 4106 2615 4161 Facilius
2641 4117 2724 4162 est
2747 4118 2804 4162 ut
2833 4107 2949 4162 hate
2975 4107 3043 4162 ita
3075 4109 3222 4162 ﬁrma
3265 4117 3321 4164 et
3360 4109 3574 4164 immota
3608 4110 3703 4165 de—

2119 4199 2327 4253 leantur
2349 4239 2364 4264 ,
2397 4214 2556 4270 quam
2585 4209 2640 4252 ut
2689 4215 2754 4254 ex
2784 4200 2960 4256 verbis
3004 4201 3139 4254 meis
3169 4201 3441 4270 quidpiam
3471 4201 3703 4256 excidat.

2119 4291 2216 4358 Qui
2245 4305 2373 4344 vero
2415 4290 2764 4353 contradicit,
2795 4293 2971 4344 omnia
3014 4301 3262 4346 accurate
3305 4293 3606 4356 exatuinet;
3652 4304 3710 4348 et

2119 4403 2241 4442 cum
2268 4404 2388 4443 vera
2415 4401 2535 4442 esse
2564 4387 2825 4442 invenerit
2855 4387 2874 4459 (
2897 4388 3130 4442 inveniet
3159 4388 3301 4442 enim
3330 4388 3466 4442 haud
3499 4387 3704 4461 dubie),

2121 4495 2190 4536 ex
2237 4481 2628 4548 praeteritorum
2672 4490 2865 4536 eventu
2916 4480 3109 4537 futuris
3152 4481 3338 4535 credat
3378 4483 3708 4551 :omniaque

2122 4582 2371 4630 accurate
2397 4575 2698 4636 examinet,
2728 4573 3034 4644 videbitque
3062 4591 3241 4629 rerum
3268 4575 3468 4630 exitum
3493 4576 3710 4632 veritati

2125 4668 2420 4740 prophetiae
2460 4668 2618 4724 ﬁdem
2660 4667 2962 4724 facientem.
2996 4669 3270 4723 Elementa
3309 4679 3484 4723 autem
3518 4669 3571 4723 iu
3600 4685 3714 4723 me-

2125 4763 2216 4818 dio
2245 4762 2458 4831 posuit.
2509 4772 2620 4816 tum
2651 4771 2709 4816 ut
2755 4762 3085 4832 signiﬁcaret
3133 4762 3268 4816 caelo
3311 4772 3364 4816 et
3396 4772 3535 4816 terra
3570 4776 3708 4832 pra-.-

2125 4855 2441 4909 stantiorem
2473 4853 2767 4908 Ecclesium
2799 4868 2950 4918 esse;
2977 4865 3086 4907 tum
3119 4862 3176 4907 ut
3199 4869 3256 4908 se
3287 4854 3520 4908 universi
3548 4855 3715 4909 Crea-

2128 4960 2296 5002 torem
2348 4947 2676 5002 ostenderet.
2735 4945 2867 5013 Quia
2932 4946 3074 5001 enim
3129 4946 3197 5001 de
3249 4947 3716 5002 consummatione

2127 5040 2417 5106 disseruit,
2441 5054 2560 5110 qua:
2581 5053 2668 5093 res
2698 5053 2728 5091 a
2751 5037 2933 5092 nmltis
2959 5054 3063 5091 non
3090 5037 3346 5098 creditur.
3374 5038 3491 5092 ideo
3520 5040 3718 5094 θιυιυιιι

2127 5144 2182 5190 et
2205 5144 2401 5189 terram
2425 5133 2476 5187 in
2500 5132 2732 5187 medium
2758 5131 2998 5196 adduxit,
3023 5130 3342 5186 ineffabilem
3367 5146 3515 5184 suam
3535 5142 3718 5186 osten-

2128 5229 2262 5283 dens
2283 5227 2599 5298 potentiam,
2631 5234 2685 5280 et
2709 5240 2895 5293 magna
2917 5239 3036 5278 cum
3065 5232 3328 5292 potestate
3349 5238 3407 5278 se
3431 5224 3718 5280 Dominum

2133 5320 2362 5374 universi
2392 5317 2670 5373 declamas
2696 5335 2708 5370 :
2742 5316 2972 5384 hincque
2997 5315 3077 5368 vel
3106 5314 3392 5368 admodum
3422 5313 3716 5368 dubitanti-

2135 5414 2230 5466 bus
2258 5413 2399 5467 dicta
2437 5425 2530 5465 sua
2561 5408 2664 5463 ﬁde
2685 5407 2840 5478 digna
2894 5406 3143 5461 reddens.
3184 5406 3269 5461 56.
3317 5405 3398 5458 De
3442 5405 3524 5459 die
3551 5414 3718 5462 autem

2133 5505 2224 5558 illa
2248 5513 2294 5558 et
2320 5503 2444 5557 hora
2471 5503 2640 5555 nullus
2665 5500 2799 5554 novit
2820 5541 2834 5562 ,
2879 5515 3038 5571 neque
3063 5498 3232 5569 angeli
3264 5498 3525 5563 caelorum,
3558 5513 3716 5572 neque

2138 5595 2303 5649 Filius
2331 5596 2347 5627 ¹
2367 5637 2381 5660 ,
2413 5594 2510 5648 nisi
2535 5591 2674 5647 solus
2699 5591 2871 5646 Pater.
2900 5589 3051 5659 Quod
3082 5605 3210 5661 ergo
3229 5590 3397 5658 dixit,
3433 5587 3604 5661 Neque.
3625 5608 3712 5646 an-

2201 5748 2218 5779 ι
2243 5744 2438 5803 Quidam
2463 5741 2665 5792 habent.
2688 5753 2840 5796 neque
2864 5738 3014 5791 Filius
3037 5735 3260 5789 hominis.
