4154 6370
411 269 515 326 705

402 382 495 439 na
522 381 680 436 :06:0
708 380 807 434 οὐκ
831 376 1004 434 εἷπεν.
1036 380 1264 435 Ἐκεῖνο
1297 382 1366 435 δὲ
1391 381 1730 452 γινώσκετε,
1762 386 1849 438 ὅτι
1876 388 1926 440 εἰ
1956 387 2083 456 ῇδει

408 468 443 519 ὁ
470 464 906 531 οἰκοδεσπότης
947 464 1089 530 ποίᾳ
1136 464 1384 533 φυλακῇ
1421 469 1453 518 o’
1508 465 1773 533 κλέπτης
1813 469 2080 538 ἔρχεται,

408 548 816 616 ἐγρηγόρησεν
847 546 943 611 ἂν,
971 548 1066 600 καὶ
1105 549 1216 600 οὐκ
1264 546 1341 599 ἂν
1376 547 1546 601 εἴασε
1579 548 1931 619 διορυγῆναι
1973 551 2087 617 τὴν

408 632 606 684 οὶκίαν
628 630 834 683 αὐτοῦ.
871 632 975 682 Διά
1009 629 1185 682 τοῦτο
1234 628 1331 681 καὶ
1363 628 1532 698 ὑμεῖς
1566 631 1805 699 γίνεσθε
1840 632 2084 700 ἕτοιμοι,

408 711 497 765 ὅτι
520 730 559 782 ῃ
591 711 710 779 ῶρᾳ
741 713 811 764 οὐ
845 709 1093 768 δοκεῖτε.
1119 714 1152 764 ό
1187 711 1317 777 mc
1346 711 1451 764 τοῦ
1486 712 1799 781 ἀνθρώπου
1829 714 2083 783 ἔρχεται.

410 794 506 846 Διά
538 794 695 846 τοῦτο
724 794 784 846 οὐ
824 794 870 824 ⁸³
900 793 1049 860 λέγει
1090 795 1273 857 αὐτοῖς
1298 833 1312 858 ,
1348 794 1434 847 ἵνα
1465 797 1835 867 γρηγορῶσιν,
1879 798 1965 850 ἵνα
2003 798 2089 850 ἀεῒ¹

409 878 615 946 ἕτοιμοι
636 870 772 929 ῶσι·
810 875 896 929 διὰ
932 875 1090 929 τοῦτό
1129 894 1332 955 φησιν,
1354 878 1443 930 ὅτε
1474 877 1534 931 οὐ
1574 879 1936 949 προσδοκᾶτε,
1965 880 2088 934 τότε

409 959 548 1028 ἥξει,
593 961 917 1027 ἐναγωνίους
962 956 1102 1013 εἶναι
1150 960 1511 1031 βουλόμενος,
1554 963 1648 1014 καὶ
1689 963 1981 1025 διαπαντὸς
2032 965 2089 1015 ἐν

411 1043 599 1113 ἀρετῇ.
623 1046 686 1096 "U
707 1044 762 1097 δέ
792 1043 961 1112 λέγει,
988 1043 1225 1096 τοιοῦτόν
1254 1044 1422 1098 ἐστιν’
1456 1046 1520 1099 Εἰ
1550 1045 1747 1116 ⁴ᾔδεσαν
1771 1047 1821 1099 οἰ
1843 1046 2029 1099 πολλοὶ
2045 1048 2091 1078 ’⁸

413 1125 542 1176 πότε
574 1125 991 1193 ἀποθανοῦνται,
1031 1126 1249 1190 πάντως
1278 1127 1345 1183 ἂν
1374 1129 1495 1182 κατ’
1542 1128 1759 1200 ἐκείνην
1804 1130 1904 1201 τὴν
1943 1130 2092 1202 ῶραν

412 1209 778 1262 ἐσπούδασαν.

482 1296 551 1356 γ’.
591 1290 686 1343 "lv'
723 1288 815 1344 οὖν
860 1291 934 1363 μὴ
982 1292 1197 1364 ἐκείνην
1238 1293 1398 1363 μόνον
1430 1295 1790 1363 σπουδάζωσι,
1820 1295 1908 1349 διά
1936 1296 2094 1348 τοῦτο

412 1370 471 1423 οὐ
499 1371 645 1439 λέγει
678 1373 801 1427 οὐτε
825 1375 922 1446 τὴν
951 1375 1154 1447 κοινὴν,
1191 1375 1314 1428 οὔτε
1354 1377 1451 1448 τὴν
1486 1379 1737 1446 ἑκάστου,
1771 1379 1857 1433 ἀεὶ
1893 1379 2091 1442 αὐτοὺς

416 1454 735 1524 βουλόμενος
777 1456 934 1510 τοῦτο
984 1458 1308 1529 προσδοκᾷν,
1344 1460 1431 1513 ἵνα
1468 1461 1554 1513 ἀεὶ
1600 1461 1962 1525 σπουδάζωσι.
2005 1463 2095 1515 Διὸ

312 1564 317 1567 >
415 1538 634 1609 καὶτῆς
665 1541 895 1594 ἑκάστου
935 1540 1082 1610 ζωῆς
1114 1542 1175 1594 τὸ
1202 1541 1355 1606 τέλος
1395 1542 1589 1614 ἄδηλον
1633 1544 1908 1616 ἐποίησεν.
1961 1543 2095 1599 Εἶτα

415 1623 909 1694 ἐκκεκαλυμμένως
936 1626 1126 1678 ἑαυτὸν
1155 1626 1360 1696 Κύριον
1385 1628 1661 1697 ὀνομάζει,
1684 1628 1921 1699 οὐδαμοῦ
1954 1629 2095 1682 οὕτω

416 1704 601 1771 σαφῶς
630 1705 816 1760 εἰπών.
860 1706 1126 1760 Ἐνταῦθα
1153 1709 1210 1762 δέ
1241 1726 1331 1779 μοι
1362 1711 1454 1762 καὶ
1485 1711 1766 1781 ἐντρέπειν
1795 1712 1942 1765 δοκεῖ
1970 1712 2097 1775 τοὺς

419 1788 713 1860 ῥᾳθύμους,
752 1792 832 1844 ὅτι
861 1792 978 1844 οὐδέ
1013 1793 1144 1863 ὅσην
1181 1794 1309 1864 περὶ
1339 1796 1600 1865 χρήματα
1635 1796 1872 1866 σπουδὴν
1903 1796 2099 1848 πεποί-

414 1890 573 1941 ηνται
599 1874 646 1926 οἰ
678 1875 1087 1946 προσδοκῶντες
1116 1876 1377 1947 κλέπτην,
1408 1878 1531 1932 οὐδέ
1571 1880 1844 1950 τοσαύτην
1876 1874 2024 1934 οὗτοι
2051 1882 2097 1912 ⁸⁵

415 1956 513 2025 τῆς
556 1956 764 2009 ἑαυτῶν
804 1957 1002 2029 ψυχῆς.
1046 1960 1272 2013 Ἐκεῖνοι
1327 1961 1427 2031 μὲν
1465 1962 1575 2033 γὰρ
1618 1964 1747 2017 ὅταν
1795 1964 2099 2035 προσδοκή-

419 2055 572 2101 σωσι,
598 2038 949 2111 γρηγοροῦσι,
981 2042 1076 2094 καὶ
1109 2043 1260 2096 οὐδὲν
1289 2045 1481 2113 ἀφιᾶσι
1510 2046 1619 2098 τῶν
1644 2045 1791 2099 ἑνδον
1820 2046 2099 2115 ἀποσυλη-

418 2120 605 2190 θῆναι·
638 2123 795 2192 ὑμεῖς
820 2123 897 2190 δὲ,
934 2125 1113 2191 καίτοι
1144 2126 1342 2191 εἰδότες
1376 2129 1458 2181 ὅτι
1485 2128 1625 2199 ἥξει,
1664 2131 1757 2183 καὶ
1789 2131 2003 2193 πάντως
2036 2130 2101 2199 ’ή-

418 2203 519 2268 ξει,
574 2208 634 2259 οὐ
671 2208 860 2277 μένετε
898 2210 1284 2280 ἐγρηγορότες,
1333 2212 1485 2281 φησί,
1519 2213 1614 2265 καὶ
1643 2212 2100 2284 παρεσκευασμέ-

418 2303 516 2351 νοι,
553 2288 695 2343 ὥστε
740 2289 814 2362 μὴ
865 2291 1373 2361 ἀπαρασκευάστως
1419 2294 1669 2348 ἐντεῦθεν
1713 2296 2097 2365 ἀπενεχθῆναι.

416 2371 516 2424 Διά
544 2372 701 2426 τοῦτο
725 2375 811 2426 ἐπ’
832 2373 1036 2446 ὀλέθρῳ
1066 2375 1281 2447 ἔρχεται
1308 2379 1341 2448 ή
1366 2377 1549 2449 ἡμέρα
1568 2378 1679 2432 τῶν
1708 2378 2098 2434 καθευδόντων.

421 2456 629 2528 Ὥσπερ
657 2457 765 2527 γὰρ
802 2458 1030 2526 ἐκεῖνος,
1082 2462 1131 2514 εἰ
1175 2461 1313 2532 ᾔδει,
1359 2461 1609 2531 διέφυγεν
1650 2462 1750 2517 άν·
1815 2462 1959 2516 οὕτω
2011 2465 2103 2517 καὶ

419 2539 595 2608 ὑμεῖς,
621 2540 717 2593 ἐάν
736 2536 834 2610 ἦτε
859 2541 1087 2611 ἕτοιμοι,
1115 2543 1487 2613 διαφεύξεσθε.
1518 2542 1651 2599 Εἶτα
1682 2545 1865 2617 ἐπειδὴ
1897 2548 1975 2609 εἰς
2003 2547 2102 2616 τὴν

417 2622 519 2691 τῆς
547 2625 780 2694 κρίσεως
818 2626 1039 2679 ἐνέϐαλε
1078 2630 1323 2699 μνήμην,
1376 2629 1470 2682 καὶ
1515 2630 1653 2701 πρὸς
1699 2631 1823 2692 τοὺς
1853 2630 2105 2684 διδασκά-

418 2702 547 2768 λους
577 2708 767 2776 τρέπει
797 2708 887 2761 τὸν
912 2708 1069 2777 λόγον
1095 2709 1303 2773 λοιπὸν,
1327 2712 1456 2781 περὶ
1493 2712 1763 2775 κολάσεως
1793 2714 1839 2749 ⁸ο
1881 2713 1973 2766 καὶ
2019 2730 2104 2766 τι-

425 2787 539 2857 μῶν
570 2789 949 2861 διαλεγόμενος
973 2809 986 2822 ο
1031 2793 1125 2844 καὶ
1155 2794 1451 2866 προτέρους
1477 2795 1588 2858 θεὶς
1625 2795 1752 2858 τοὺς
1778 2795 2105 2868 κατορθοῦν-

421 2888 540 2935 τας,
572 2874 651 2935 εἰς
677 2874 802 2937 τοὺς
826 2873 1292 2946 διαμαρτάνοντας
1317 2876 1562 2949 τελευτᾷ,
1602 2877 1739 2948 πρὸς
1766 2878 1827 2931 τὸ
1875 2878 2104 2949 φοϐερὸν

422 2954 467 2987 ⁸⁷
491 2956 828 3010 κατακλείων
856 2959 947 3012 τὸν
984 2959 1161 3027 λόγον.

491 3039 585 3092 Διὸ
612 3039 827 3109 πρῶτον
870 3041 1027 3095 τοῦτό
1066 3059 1199 3111 φησι
1297 3044 1392 3110 Τίς
1420 3042 1534 3113 ἄρα
1567 3046 1600 3098 ό
1632 3041 1849 3109 πιστὸς
1884 3042 2108 3109 δοῦλος

424 3121 523 3175 καὶ
550 3122 861 3191 φρόνιμος,
894 3124 965 3177 ὃν
999 3126 1372 3192 καταστήσει
1393 3127 1442 3159 ³⁸
1474 3130 1507 3180 ό
1543 3127 1747 3194 κύριος
1777 3126 1963 3180 αὐτοῦ
2007 3126 2106 3179 ἐπὶ

424 3205 533 3272 τῆς
554 3207 745 3273 οίκίας
762 3208 966 3272 αὐτοῦ,
997 3207 1208 3263 δοῦναι
1242 3210 1447 3277 αὐτοῖς
1480 3209 1595 3278 τὴν
1620 3208 1852 3278 τροφὴν
1876 3208 1947 3262 ἐν
1975 3226 2107 3262 και·-

417 3287 506 3356 ρῷ
542 3290 742 3344 αὐτῶν
753 3306 775 3354 ;
817 3291 1120 3361 Μακάριος
1148 3296 1180 3347 ό
1217 3292 1441 3359 δοῦλος
1471 3293 1721 3359 ἐκεῖνος,
1747 3293 1820 3347 ὃν
1852 3291 2046 3347 ἐλθὼν
2076 3296 2108 3348 ό

422 3373 692 3444 Κύριος⁹⁹
728 3374 975 3441 εὑρήσει
1008 3376 1296 3430 ποιοῦντα
1320 3376 1527 3443 οὕτως.
1567 3378 1747 3446 Ἀμὴν
1769 3376 1923 3447 λέγω
1942 3376 2105 3446 ὑμῖν,

426 3453 515 3506 ὅτι
554 3454 655 3508 ἐπὶ
706 3454 856 3511 πᾶσι
904 3458 1027 3524 τοῖς
1070 3459 1454 3529 ὑπάρχουσιν
1505 3463 1690 3517 αὐτοῦ
1738 3462 2109 3528 καταστήσει

425 3538 629 3593 αὐτόν.
686 3539 777 3610 Μὴ
811 3540 904 3592 καὶ
946 3541 1104 3595 τοῦτο
1136 3543 1455 3611 ἀγνοοῦντός
1485 3546 1663 3611 ἑστιν;
1708 3546 1831 3599 εἰπέ
1878 3563 1988 3617 μοι.
2045 3547 2109 3599 Εἰ

426 3620 555 3691 γὰρ,
585 3622 769 3692 ἐπειδὴ
799 3619 972 3688 εἶπεν,
1018 3624 1229 3679 Οὐδὲό
1271 3628 1404 3693 Υἱὸς
1450 3624 1635 3693 οἶδεν,
1682 3630 1896 3697 ἀγνοεῖν
1946 3628 2109 3681 αὐτὸν

426 3702 562 3774 φής’
608 3705 792 3774 ἐπειδὴ
822 3701 966 3772 εἷπε,
1008 3708 1101 3773 Τίς
1145 3709 1280 3776 ἄρα,
1319 3711 1371 3763 τί
1403 3710 1468 3764 ἂν
1491 3710 1701 3775 είποις;
1737 3711 1770 3782 ἢ
1811 3711 1907 3765 καὶ
1952 3710 2111 3764 τοῦτο

427 3787 642 3854 ἀγνοεῖν
674 3789 837 3842 αὐτὸν
867 3789 1009 3860 φῄς;
1050 3793 1284 3862 Ἀπαγε.
1316 3794 1448 3847 Οὐδέ
1471 3796 1579 3866 γάρ
1609 3795 1717 3848 τῶν
1741 3793 2110 3865 ἐξεστηκότων

426 3869 582 3922 τοῦτο
612 3869 676 3922 ἄν
708 3888 792 3933 τις
822 3872 963 3925 είποι
987 3888 999 3903 ·
1044 3875 1291 3943 καίτοιγε
1338 3877 1579 3929 ἐκεῖ.καί
1606 3876 1787 3929 αἰτίαν
1840 3876 1987 3929 ἑστιν
2032 3878 2111 3929 εἰ-

428 3952 569 4011 πεῖν,
609 3952 842 4007 ἐνταῦθα
879 3953 935 4007 δὲ
967 3955 1087 4008 οὐδέ
1112 3957 1291 4012 τοῦτο.
1342 3958 1409 4011 Τί
1455 3958 1511 4011 δὲ
1540 3959 1667 4012 ὅταν
1712 3958 1868 4030 λέγῃ,
1903 3959 2108 4027 Πέτρε,

426 4031 621 4102 φιλεῖς
671 4050 788 4102 pe;
842 4036 1078 4106 ἐρωτῶν,
1127 4038 1249 4091 οὐδὲ
1302 4040 1460 4093 τοῦτο
1506 4041 1662 4112 ᾔδεις
1710 4042 1904 4114 ἢὸταν
1952 4042 2107 4112 λέγῃ,

429 4116 553 4171 Ποῦ
601 4119 899 4172 τεθείκατε
947 4123 1165 4186 αὐτόν;
1220 4124 1331 4177 Καὶ
1370 4127 1398 4179 ὁ
1441 4126 1632 4197 Πατὴρ
1658 4125 1716 4179 δὲ
1755 4126 2111 4197 εὑρεθήσεται

428 4200 653 4280 τοιαῦτα
675 4201 1061 4273 φθεγγόμενος.
1099 4206 1208 4258 Καὶ
1235 4206 1343 4277 γὰρ
1370 4208 1465 4261 καὶ
1489 4209 1652 4271 αὐτός
1681 4226 1873 4280 φησιν·
1914 4210 2106 4279 Ἀδὰμ,

429 4284 547 4336 ποῦ
579 4278 668 4346 εἷς
725 4286 838 4347 καὶ,
877 4286 1119 4355 Κραυγὴ
1152 4288 1432 4357 Σοδόμων
1473 4289 1569 4343 καὶ
1602 4278 1911 4359 Γομόρρας
1941 4291 1958 4323 ⁸
2004 4307 2108 4344 πε-

430 4364 770 4433 πλήθυνται
808 4367 956 4434 πρός
988 4386 1084 4435 με.
1132 4373 1402 4437 Καταϐὰς
1427 4366 1543 4425 οὖν
1572 4371 1814 4440 ὄψομαι,
1862 4374 1914 4425 εὶ
1963 4373 2113 4426 κατὰ

430 4448 545 4516 τὴν
570 4449 839 4519 κραυγὴν
881 4450 1099 4516 αὐτῶν,
1138 4452 1254 4521 τὴν
1279 4453 1616 4523 ἐρχομένην
1655 4455 1807 4522 πρός
1833 4471 1930 4524 με,
1965 4470 2115 4509 συν-

430 4534 783 4589 τελοῦνταιο
817 4538 871 4589 ει
912 4534 981 4588 δὲ
1018 4534 1127 4605 μὴ,
1170 4538 1272 4592 ἵνα
1309 4535 1449 4605 γνῶ.
1487 4538 1599 4590 Καὶ
1641 4536 1873 4608 ἀλλαχοῦ
1914 4554 2109 4607 φησιν·

442 4616 584 4669 Ἐὰν
601 4617 715 4685 ἄρα
734 4618 1098 4682 ἀκούσωσιν,
1123 4618 1231 4671 ἐὰν
1244 4618 1397 4690 [745]
1415 4618 1529 4686 ἆρα
1550 4618 1803 4674 συνῶσι.
1826 4620 1936 4673 Καὶ
1958 4622 2018 4673 ἐν
2036 4619 2113 4690 τῷ

433 4700 747 4770 Εὐαγγελίῳ
789 4700 865 4765 δὲ,
918 4703 1089 4766 Ἴσως
1118 4700 1599 4769 ἐντραπήσονται
1636 4701 1743 4755 τὸν
1781 4704 1916 4756 υίόν
1956 4721 2075 4772 μου
2097 4721 2111 4735 ·

432 4782 576 4853 άπερ
618 4783 833 4836 ἅπαντα
878 4784 1100 4851 ἀγνοίας
1145 4785 1364 4855 ῥήματα
1414 4780 1503 4854 ἦν.
1581 4784 1723 4837 Ἀλλ’
1765 4786 1864 4838 οὐκ
1905 4786 2115 4855 ἀγνοῶν

430 4866 602 4920 ταῦτα
640 4865 847 4933 ἑλεγεν,
883 4866 998 4918 ἀλλ’
1029 4868 1328 4937 οἰκονομῶν
1362 4866 1431 4920 τὰ
1476 4867 1625 4937 αὐτῷ
1655 4867 1935 4938 πρέποντα
1960 4885 1972 4898 ·
2022 4871 2117 4924 ἐπὶ

436 4948 533 5019 μὲν
564 4948 658 5001 τοῦ
698 4948 982 5020 Ἀδὰμ,ἱ’να
1008 4950 1172 5003 αὐτὸν
1208 4951 1420 5023 ἐμϐάλῃ
1441 4953 1521 5015 εἰς
1550 4952 1844 5020 ἀπολογίαν
1869 4955 1889 4984 ⁸
1927 4952 2027 5021 τῆς
2054 4954 2117 5006 ἁ-

436 5032 707 5103 μαρτίας⁶
763 5033 855 5084 ἐπὶ
905 5032 960 5085 δὲ
1002 5033 1111 5086 τῶν
1150 5034 1472 5104 Σοδομιτῶν,
1532 5034 1619 5087 ἵνα
1659 5037 1809 5105 ἡμᾶς
1853 5034 2119 5106 παιδεύσῃ

437 5116 705 5186 μηδέποτε
740 5115 1160 5184 ἀποφαίνεσθαι,
1205 5117 1336 5186 πρὶν
1365 5116 1431 5170 ἂν
1469 5118 1652 5180 αὐτοῖς
1680 5116 2118 5188 παραγενώμεθα

1239 264 1298 324 S.
1334 265 1623 324 JOANNIS
1659 270 2149 328 CIIRYSOSTOMI
2189 270 2509 326 ARCIIIEP.
2549 265 3094 324 CONSTANTINOP.

3760 255 3875 312 706

2184 386 2285 457 τῆς
2314 385 2599 456 παρακοῆς
2618 399 2633 414 ο
2685 383 2776 435 ἐπὶ
2806 381 2862 433 δὲ
2896 381 2993 451 τῆς
3021 376 3336 448 παραϐολῆς
3364 375 3457 428 τοῦ
3502 374 3860 444 Εὐαγγελίου,

2186 471 2273 523 ἵνα
2298 468 2444 538 δείξῃ
2475 469 2556 520 ὅτι
2588 465 2815 534 ῶφειλον
2844 463 3000 516 τοῦτο
3029 462 3252 532 ποιῆσαι
3281 459 3375 513 καὶ
3412 459 3742 530 ἑντραπῆναι
3765 458 3864 511 τὸν

2188 552 2301 606 υἱόν
2328 570 2341 582 ι
2399 549 2636 603 ἐνταῦθα
2678 548 2765 613 δὲ,
2802 547 2896 599 καὶ
2938 546 3023 598 ἵνα
3062 544 3136 614 μὴ
3182 541 3669 612 περιεργάζωνται,
3728 539 3866 611 μηδὲ

2187 632 2683 705 πολυπραγμονῶσι
2727 630 2905 692 πάλιν,
2938 628 3032 681 καὶ
3076 628 3161 679 ἵνα
3210 624 3356 696 δείξῃ
3399 624 3462 678 τὸ
3503 624 3722 677 σπάνιον
3768 623 3869 677 καὶ

2190 718 2502 788 πολύτιμον.
2534 715 2644 770 Καὶ
2670 716 2770 785 ὅρα
2800 713 2972 783 πόσης
2997 709 3218 779 ἀγνοίας
3240 708 3565 761 ἐνδεικτικὸν
3590 707 3652 760 τὸ
3692 706 3870 788 ῥῆμα,

2189 804 2303 871 εἴγε
2336 786 2430 855 καὶ
2477 800 2568 852 τὸν
2612 795 3009 866 καθιστάμενον
3044 790 3598 861 ἀγνοεῖ.’Μακαρίζει
3631 788 3729 859 μὲν
3757 786 3873 856 γὰρ

2190 884 2385 938 αὐτόν·
2428 880 2731 949 Μακάριος
2770 878 2899 949 γὰρ,
2949 876 3134 946 φησὶν,
3178 876 3211 927 ό
3239 873 3461 939 δοῦλος
3488 871 3711 936 ἐκεῖνος
3738 887 3751 899 ·
3806 871 3873 921 οὐ

2190 969 2337 1037 λέγει
2369 966 2457 1030 δὲ,
2494 966 2575 1028 τίς
2604 966 2749 1017 ἐστιν
2775 958 2947 1025 οὗτος.
2984 959 3086 1024 Τίς
3112 958 3220 1028 γάρ
3246 959 3382 1019 ἐστι,
3414 955 3600 1026 φησὶν,
3631 953 3766 1037 ἄρα,
3797 952 3877 1004 ὃν

2192 1036 2562 1115 καταστήσει
2605 1050 2637 1101 ὀ
2669 1046 2873 1113 κύριος
2914 1041 3134 1104 αὐτοῦ;
3173 1040 3288 1103 καὶ,
3324 1038 3626 1105 Μακάριος
3660 1036 3731 1089 ὃν
3766 1037 3872 1089 εὑ-

2184 1132 2363 1201 ρήσει
2403 1128 2691 1183 ποιοῦντα
2718 1126 2926 1191 οὕτως.
2972 1123 3158 1176 Ταῦτα
3207 1122 3264 1173 δέ
3297 1121 3358 1173 οὐ
3403 1120 3530 1191 περὶ
3572 1119 3875 1189 χρημάτων

2193 1216 2407 1285 εἴρηται
2436 1212 2619 1282 μόνον,
2645 1208 2779 1263 ἀλλά
2809 1207 2902 1261 καὶ
2931 1206 3056 1276 περί
3080 1205 3259 1272 λόγου,
3288 1202 3384 1256 καὶ
3410 1203 3539 1273 περὶ
3563 1203 3870 1285 δυνάμεως,

2195 1276 2288 1352 καὶ
2302 1276 2449 1366 ’περί
2464 1292 2816 1365 χαρισμάτων
2848 1290 2888 1355 ³,
2935 1290 3028 1342 καὶ
3064 1288 3190 1357 περὶ
3222 1287 3405 1356 πάσης
3440 1283 3768 1353 οἰκονομίας,
3801 1276 3875 1352 ἧς

2195 1384 2217 1415 ⁵
2257 1382 2487 1441 ἕκαστος
2531 1374 2887 1446 ἐνεχειρίσθη.
2934 1371 3083 1443 Αὕτη
3127 1370 3221 1423 καὶ
3269 1370 3405 1441 πρὸς
3445 1371 3571 1431 τοὺς
3607 1368 3876 1437 ἄρχοντας

2196 1466 2322 1527 τοὺς
2361 1461 2671 1522 πολιτικοὺς
2718 1455 3007 1527 ἀρμόσειεν
3052 1456 3118 1507 ἂν
3168 1454 3201 1523 ή
3250 1451 3553 1522 παραϐολή.
3602 1449 3875 1502 Ἕκαστον

2198 1548 2306 1619 γὰρ
2328 1541 2408 1610 οἷς
2442 1545 2554 1613 ἔχει
2592 1541 2726 1613 πρὸς
2748 1539 2810 1592 τὸ
2834 1540 2984 1608 κοινῇ
3014 1531 3731 1619 συμφέρονᾈάποκεχρησθαι
3772 1531 3873 1619 δεῖ.

2201 1613 2318 1684 Κάν
2345 1627 2536 1696 σοφίαν
2569 1624 2716 1695 ἔχῃς,
2762 1621 2866 1675 κᾶν
2893 1619 3087 1690 ἀρχὴν,
3125 1618 3229 1671 κᾶν
3261 1616 3510 1679 πλοῦτον,
3539 1615 3641 1668 κᾶν
3672 1613 3876 1674 ὁτιοῦν,

2203 1714 2278 1785 μὴ
2325 1712 2417 1764 ἐπὶ
2448 1708 2617 1779 βλάϐῃ
2650 1704 2756 1758 τῶν
2802 1703 3120 1767 συνδούλων,
3168 1701 3302 1771 μηδὲ
3336 1700 3426 1753 ἐπ’
3461 1696 3704 1785 ἀπωλείᾳ
3748 1696 3879 1785 ἑαυ-

2199 1778 2314 1851 τοῦ.
2344 1778 2531 1865 man
2558 1791 2715 1845 τοῦτο
2746 1788 3030 1860 ἀμφότερα
3056 1786 3275 1838 ἀπαιτεῖ
3301 1783 3429 1855 παρ’
3456 1779 3643 1845 αὐτοῦ,
3674 1778 3879 1865 φρόνη-

2202 1896 2287 1932 σιν
2320 1878 2413 1931 καὶ
2445 1864 2648 1929 πίστιν.
2676 1874 2784 1927 Καὶ
2805 1873 2916 1940 γὰρ
2945 1873 2978 1940 ἡ
3010 1868 3255 1941 ἁμαρτία
3285 1867 3391 1920 ἀπὸ
3430 1865 3615 1927 ἀνοίας
3644 1864 3877 1931 γίνεται.

2203 1962 2397 2016 Πιστδν
2429 1961 2525 2032 μὲν
2544 1954 2635 2012 06v
2668 1956 2829 2011 αὐτόν
2859 1970 3042 2024 φησιν,
3092 1955 3173 2006 ὃτι
3204 1953 3354 2005 οὐδὲν
3388 1948 3723 2018 ἐνοσφίσατο,
3758 1946 3882 1999 οὐδέ

2204 2031 2561 2117 παρανάλωσε
2588 2041 2695 2094 τῶν
2724 2041 2745 2071 ⁸
2787 2035 3121 2091 δεσποτικῶν
3158 2035 3282 2106 εἰκῆ
3316 2035 3409 2087 καὶ
3450 2034 3658 2117 μάτηνς
3693 2031 3878 2117 φρόνι-

2208 2113 2305 2197 μον
2335 2127 2413 2191 δὲ,
2443 2126 2524 2179 ὃτι
2563 2123 2704 2191 ἑγνω
2747 2120 2883 2192 πρὸς
2910 2120 2971 2173 τὸ
2999 2119 3115 2172 δέον
3145 2119 3496 2187 οἰκονομῆσαι
3531 2116 3599 2167 τά
3636 2113 3881 2197 δοθέντα.

2204 2196 2311 2265 Καὶ
2330 2211 2439 2281 γάρ
2464 2207 2789 2279 ἀμφοτέρων
2818 2206 2948 2274 ἡμῖν
2979 2202 3158 2273 χρεία,
3186 2202 3279 2255 καὶ
3305 2201 3397 2253 τοῦ
3433 2199 3506 2269 μὴ
3526 2196 3881 2281 νοσφίσασθαι

2202 2294 2271 2347 τὰ
2295 2280 2610 2354 δεσποτικὰ,
2655 2287 2751 2341 καὶ
2782 2286 2876 2339 τοῦ
2907 2288 2986 2349 εἰς
3011 2287 3130 2339 δέον
3158 2286 3480 2353 οἰκονομεῖν.
3513 2284 3607 2334 Ἂν
3637 2281 3693 2333 δὲ
3720 2280 3879 2332 θάτε-

2207 2394 2297 2447 ρον
2326 2376 2462 2446 ἀπῇ,
2486 2372 2545 2426 τὸ
2574 2372 2761 2441 ἓτερον
2790 2370 3036 2440 χωλεύει.
3073 2369 3171 2422 Ἂν
3195 2385 3254 2421 τε
3277 2368 3385 2438 γὰρ
3413 2366 3601 2428 πιστὸς
3689 2366 3781 2417 καὶ
3806 2363 3883 2433 μὴ

2205 2460 2433 2528 κλέπτῃ,
2461 2454 2704 2525 ἀπολλύῃ
2740 2454 2761 2484 ⁶
2793 2454 2849 2506 δὲ
2880 2454 2973 2505 καὶ
3017 2454 3097 2515 εἰς
3128 2452 3295 2521 μηδὲν
3337 2451 3611 2521 προσῆκον
3644 2449 3880 2518 δαπανᾷ.

2208 2542 2348 2614 μέγα
2374 2543 2435 2594 τὸ
2467 2539 2720 2608 ἔγκλημα
2740 2551 2755 2567 ⁶
2796 2538 2861 2591 ἀν
2900 2553 2959 2588 τε
2985 2536 3099 2606 εἰδῇ
3134 2534 3313 2599 καλῶς
3345 2536 3667 2604 οἰκονομεῖν,
3702 2532 3881 2600 νοσφί-

2204 2630 2365 2697 ςηται
2398 2623 2476 2690 δὲ,
2512 2622 2673 2676 πάλιν
2711 2621 2809 2691 οὐχ
2833 2622 2867 2690 ἡ
2899 2619 3136 2690 τυχοῦσα
3172 2618 3492 2689 κατηγορία.
3537 2615 3889 2685 Ἀκούσωμεν

2204 2711 2298 2764 καὶ
2324 2711 2374 2763 οἰ
2405 2709 2473 2762 τά
2519 2709 2774 2778 χρήματα
2816 2705 3031 2774 ἔχοντες
3075 2702 3265 2757 ταῦτα.
3309 2703 3382 2755 Οὐ
3417 2702 3522 2773 γὰρ
3546 2700 3886 2759 διδασκάλοις

2204 2794 2514 2861 διαλέγεται
2550 2791 2707 2862 μόνον
2729 2790 2773 2855 ⁷,
2799 2788 2937 2842 ἀλλά
2965 2789 3193 2851 καὶτοῖς
3221 2784 3565 2840 πλουτοῦσιν.
3604 2783 3887 2848 Ἐκάτεροι

2205 2879 2315 2949 γὰρ
2339 2874 2798 2947 ἐνεπιστεύθησαν
2827 2874 3055 2927 πλοῦτον
3075 2889 3087 2902 ·
3120 2872 3210 2925 τὸν
3237 2872 3334 2941 μέν
3359 2866 3807 2949 ἀναγκαιότερον,
3834 2865 3886 2917 οἱ

2209 2947 2576 3024 διδάσκοντες·
2618 2961 2710 3012 τὸν
2742 2959 2798 3012 δὲ
2824 2958 3050 3021 ἐλάττω,
3080 2956 3259 3024 ὑμεῖς.
3293 2954 3458 3007 Ὅταν
3486 2947 3580 3005 οὖν
3605 2951 3712 3002 τῶν
3737 2950 3886 3003 διδα-

2210 3046 2449 3100 σκόντων
2480 3046 2883 3117 σκορπιζόντων
2907 3042 2977 3095 τὰ
3015 3040 3255 3112 μείζονα,
3285 3038 3443 3109 ὑμεῖς
3468 3039 3489 3069 ⁸
3522 3036 3655 3107 μηδὲ
3686 3037 3744 3087 ἐν
3775 3036 3887 3096 τοῖς

2209 3128 2456 3183 ἐλάττοσι
2517 3128 2778 3200 βούλησθε
2835 3127 2933 3198 τὴν
2986 3123 3389 3195 μεγαλοψυχίαν
3447 3118 3885 3181 ἐπιδείκνυσθαι,

2214 3213 2414 3283 μᾶλλον
2435 3212 2492 3265 δέ
2516 3212 2637 3265 οὐδὲ
2677 3210 3103 3281 μεγαλοψυχίαν,
3148 3206 3261 3260 ἀλλ’
3294 3204 3746 3275 εὐγνωμοσύνηνο
3797 3206 3885 3267 (τὰ

2210 3296 2321 3367 γὰρ
2348 3295 2601 3365 ἀλλότρια
2621 3294 2792 3348 δίδοτε
2819 3293 2897 3365 ⁸ο)
2933 3293 3062 3346 ποία
3092 3292 3245 3344 ἔσται
3285 3289 3579 3357 ἀπολογία;
3624 3285 3785 3339 Ἀλλά
3808 3284 3890 3337 τέ-

2210 3398 2307 3445 ως,
2347 3380 2453 3451 πρὸ
2476 3380 2575 3449 τῆς
2601 3379 2875 3440 κολάσεως
2916 3376 3026 3430 τῶν
3072 3375 3141 3428 τὰ
3189 3374 3404 3426 ἐναντία
3434 3369 3750 3433 ποιούντων,
3790 3368 3893 3438 τὴν

2209 3464 2374 3536 τιμὴν
2405 3462 2500 3516 τοῦ
2534 3461 2945 3531 εὐδοκιμοῦντος
2984 3459 3327 3528 ἀκούσωμεν.
3372 3455 3549 3524 Ἀμὴν
3584 3454 3691 3524 γὰρ
3734 3452 3891 3520 λέγω

2208 3547 2374 3617 ὑμῖν,
2420 3546 2519 3599 ἐπὶ
2547 3543 2698 3600 πᾶσι
2731 3544 2856 3610 τοῖς
2882 3543 3267 3613 ὑπάρχουσιν
3302 3539 3488 3595 αὑτοῦ
3520 3536 3891 3601 καταστήσει

2209 3629 2416 3685 αὐτόν.
2449 3628 2513 3682 Τί
2541 3628 2746 3699 ταύτης
2774 3628 2888 3681 ἴσον
2914 3627 3112 3695 γένοιτ’
3138 3626 3204 3680 ἂν
3232 3627 3329 3697 τῆς
3364 3624 3559 3694 τιμῆςς
3593 3626 3745 3683 ποῖος
3787 3637 3892 3671 παι

2212 3713 2482 3785 ραστῆσαι
2507 3712 2796 3782 δυνήσεται
2836 3710 2994 3778 λόγος
3022 3710 3121 3781 τὴν
3149 3708 3327 3773 ἀξίαν,
3361 3710 3460 3777 τὴν
3494 3705 3887 3776 μακαριότητα,

2209 3799 2339 3852 ὅταν
2368 3799 2398 3851 ό
2428 3796 2537 3851 τῶν
2573 3796 2815 3869 οὐρανῶν
2844 3794 3122 3858 Βασιλεὺς,
3152 3791 3299 3864 [746]
3328 3794 3421 3845 καὶ
3447 3793 3514 3844 τὰ
3537 3790 3710 3842 πάντα
3729 3787 3889 3857 ἔχων,

2210 3879 2497 3952 ἄνθρωπον
2542 3879 2635 3931 ἐπὶ
2672 3878 2806 3931 πᾶσι
2865 3878 2977 3939 τοῖς
3033 3875 3366 3945 ὑπάρχουσιν
3424 3872 3588 3926 αὐτοῦ
3630 3870 3892 3940 καθιστᾷν

2215 3965 2417 4036 μέλλῃς
2452 3964 2543 4017 Διὸ
2574 3962 2667 4016 καὶ
2694 3962 2955 4031 φρόνιμον
3002 3960 3163 4014 αὐτὸν
3213 3960 3389 4019 καλεῖ,
3416 3959 3499 4011 ὅτι
3520 3957 3661 4024 ἐγνω
3686 3956 3760 4025 μὴ
3783 3955 3892 4007 τῶν

2215 4046 2426 4117 μικρῶν
2451 4046 2521 4099 τά
2566 4044 2779 4116 μεγάλα
2828 4042 3111 4113 προέσθαι,
3147 4040 3284 4095 ἀλλὰ
3330 4041 3684 4110 σωφρονήσας
3721 4038 3763 4069 ¹⁰
3802 4039 3889 4090 ἐν-

2213 4129 2406 4193 ταῦθα,
2443 4129 2552 4183 τῶν
2585 4127 2829 4199 οὐρανῶν
2862 4126 3070 4195 ἔτυχεν.

2284 4214 2346 4267 δ’·
2387 4210 2540 4279 Εἶτα,
2590 4213 2727 4282 ὅπερ
2771 4211 2860 4265 ἀεὶ
2890 4212 3054 4273 ποιεῖ,
3102 4210 3201 4262 οὐκ
3229 4207 3337 4261 ἀπὸ
3382 4208 3486 4279 τῆς
3527 4208 3639 4268 τοῖς
3669 4204 3899 4271 ἀγαθοῖς

2214 4299 2472 4370 κειμένης
2492 4297 2677 4369 τιμῆς,
2713 4295 2848 4350 ἀλλά
2880 4295 2972 4348 καὶ
2995 4293 3103 4347 ἀπὸ
3126 4294 3224 4360 τῆς
3243 4295 3356 4354 τοῖς
3384 4293 3640 4361 πονηροῖς
3667 4288 3894 4357 ἠπειλη-

2215 4381 2383 4449 μένης
2409 4380 2681 4440 κολάσεως
2707 4376 3013 4448 διορθοῦται
3046 4376 3137 4428 τὸν
3168 4375 3461 4445 ἀκροατήν.
3512 4372 3604 4424 Διὸ
3644 4372 3740 4424 καὶ
3790 4372 3891 4422 ἐπ·-

2210 4464 2438 4534 ήγαγεν·
2471 4463 2611 4517 Ἐὰν
2640 4462 2708 4516 δὲ
2732 4462 2872 4530 εἴπῃ
2902 4463 2934 4514 ὁ
2963 4458 3149 4525 κακὸς
3180 4458 3401 4522 δοῦλος
3426 4458 3464 4488 ¹¹
3492 4456 3562 4509 ἐν
3581 4454 3655 4523 τῇ
3684 4453 3894 4534 καρδίᾳ

2211 4532 2420 4609 αὑτοῦ,
2455 4544 2716 4613 Χρονίζει
2756 4548 2789 4599 ό
2839 4545 3044 4614 κύριός
3096 4559 3214 4611 μου
3260 4539 3480 4605 ἐλθεῖν,
3517 4540 3615 4593 καὶ
3643 4532 3899 4605 ἄρξηται

2212 4629 2457 4683 τύπτειν
2481 4628 2624 4693 τοὺς
2648 4628 3034 4691 συνδούλους
3072 4624 3279 4690 αὐτοῦ,
3318 4623 3491 4691 ἐσθίῃ
3521 4621 3590 4675 δὲ
3618 4620 3716 4673 καὶ
3744 4621 3892 4687 πίνῃ

2209 4714 2359 4781 μετὰ
2396 4709 2514 4764 τῶν
2551 4712 2923 4780 μεθυόντων·
2995 4708 3128 4776 ἥξει
3183 4710 3216 4761 ό
3268 4707 3473 4776 κύριος
3520 4704 3626 4758 τοῦ
3668 4704 3894 4757 δούλου

2212 4796 2451 4848 ἐκείνου
2485 4794 2554 4847 ἐν
2582 4794 2772 4863 ἡμέρᾳ
2799 4787 2838 4864 ᾖ
2873 4794 2943 4845 οὐ
2972 4788 3306 4859 προσδοκᾷ,
3352 4788 3453 4842 καὶ
3486 4788 3556 4840 ἐν
3593 4787 3713 4854 ὥρᾳ
3739 4803 3780 4857 ῃ
3820 4788 3894 4839 οὐ

2215 4878 2496 4948 γινώσκει
2526 4919 2541 4942 ,
2571 4876 2670 4929 καὶ
2696 4874 3084 4943 διχοτομήσει
3118 4874 3329 4937 αὐτὸν,
3368 4871 3465 4924 καὶ
3494 4870 3561 4922 τὸ
3586 4870 3764 4939 μέρος
3789 4871 3895 4921 αὐ-

2214 4947 2321 5011 τοῦ
2367 4955 2519 5026 μετὰ
2577 4955 2697 5009 τῶν
2745 4953 3081 5021 ὑποκριτῶν
3130 4952 3324 5018 θήσει.
3407 4949 3569 5002 Ἐκεῖ
3628 4947 3799 5001 ἔσται
3860 4952 3894 5000 ό

2216 5038 2523 5105 κλαυθμὸς
2552 5037 2650 5089 καὶ
2681 5038 2714 5089 ό
2737 5033 3010 5101 βρυγμὸς
3043 5030 3163 5084 τῶν
3192 5031 3478 5084 ὀδόντων.
3538 5029 3599 5081 Εἰ
3644 5027 3702 5079 δὲ
3748 5026 3895 5093 λέγοι

2217 5136 2300 5181 τις
2319 5134 2330 5145 ·
2384 5115 2534 5181 Εἶδες
2568 5114 2679 5179 οἷος
2708 5114 2994 5185 ἐπεισῆλθε
3018 5113 3294 5183 λογισμὸς,
3330 5112 3419 5165 διὰ
3449 5110 3509 5163 τὸ
3537 5108 3611 5180 μὴ
3637 5105 3775 5161 εἶναι
3797 5114 3894 5174 τὴν

430 5202 546 5263 τοῖς
579 5199 931 5270 πράγμασιν⁹
983 5201 1076 5254 ἐπὶ
1103 5201 1161 5253 δὲ
1197 5199 1290 5252 τοῦ
1332 5201 1635 5270 προφήτου,
1684 5200 1769 5253 ἵνα
1806 5201 1879 5270 μὴ
1924 5200 2052 5268 δοκῇ
2086 5202 2118 5270 ή
2219 5199 2429 5270 ἡμέραν
2462 5200 2770 5270 γνώριμον;
2825 5194 3085 5264 Χρονίζει
3116 5198 3225 5266 γὰρ
3258 5198 3290 5248 ό
3320 5194 3525 5262 κύριός
3551 5210 3691 5261 μου,
3726 5189 3855 5259 φησί
3878 5209 3891 5220 ·

433 5284 738 5356 πρόρρησις
784 5282 939 5355 παρὰ
984 5285 1096 5347 τοῖς
1129 5283 1377 5354 ἀνοήτοις
1425 5284 1803 5354 ἀναγκαστική
1850 5299 1932 5347 τις
1980 5278 2121 5334 εἶναι
2220 5283 2465 5352 εἴποιμεν
2501 5282 2588 5347 ἂν,
2615 5282 2675 5334 οὐ
2701 5281 2788 5334 διὰ
2814 5279 2874 5332 τὸ
2906 5278 2981 5350 μὴ
3001 5275 3140 5331 εἶναι
3168 5277 3441 5347 γνώριμον
3462 5277 3559 5346 τὴν
3594 5274 3802 5345 ἡμέραν
3827 5276 3890 5337 ’⁵,

502 5413 550 5447 ’³
562 5412 649 5485 οὐ]
666 5410 851 5467 Sic'L.
871 5410 1055 5485 pater}
1085 5426 1209 5465 cum
1240 5411 1455 5485 Egl_d._et
1479 5411 1681 5485 Ιῃιειέρ.
1707 5406 1850 5485 οὐν.-
1898 5410 1945 5485 ’_"
1962 5409 2102 5485 πολλι

2206 5406 2387 5485 δίο-Η.
2446 5405 2506 5459 L.
2535 5405 2631 5485 Ep.
2687 5406 2861 5485 galeri
2904 5404 3199 5485 ἀνθρωττοι.
3251 5400 3433 5485 ιτερανῖ
3482 5399 3682 5485 εἰσμϐ..
3727 5398 3890 5485 Η.ΛΜ,

437 5482 532 5549 Ep.
561 5469 655 5536 (ἶεῖ
704 5482 885 5553 caelerj
937 5481 1175 5553 ἡμέραν.
1282 5475 1518 5553 ξθοῦτοι]
1558 5469 1863 5553 αόξΙκπερὶ
1907 5479 2041 5553 Είιιιλιί

2225 5478 2501 5553 κολάσεων
2641 5507 2645 5511 ~
2692 5478 2736 5507 ⁸⁷
2757 5469 3321 5553 συμφέρώβλιιίημζ
3349 5469 3771 5553 εοῄιηιοιιὶεεξηιιί
3795 5469 3889 5521 Ge.

434 5540 830 5622 ιη’κατέστησεν
858 5551 921 5604 L.
959 5540 1303 5622 ’γ’θθῚςύριος]
1344 5553 1467 5622 add.
1495 5540 1659 5605 ἆύτοῦ
1695 5551 1754 5605 L.
1809 5540 1975 5622 "3(a).
1996 5550 2276 5622 Γομόρρας
2308 5545 2619 5622 01η.Δολῇ
2723 5550 2743 5578 ¹
2779 5540 2858 5622 εἰς
2881 5540 2983 5622 τήν
3020 5544 3178 5597 ἀπολ.
3214 5542 3372 5622 _M._p.
3415 5559 3465 5622 ll.
3493 5541 3597 5622 τῶν
3631 5540 3891 5622 τΣοδόμων

435 5622 497 5693 4..
532 5622 664 5693 Ep.__
687 5622 707 5655 ι
723 5605 1096 5693 ’χαρισμάτων
1103 5620 1120 5691 j
1146 5605 1251 5693 _$ic_
1263 5605 1419 5693 Ἐίιςι
1448 5624 1745 5693 χρημάτων
1760 5618 2001 5693 G._ll._K.
2038 5605 2102 5671 Μ.

2205 5605 2540 5693 ,R'eg.‘__688.!
2559 5616 2690 5693 μίξις
2710 5605 2952 5693 καξιῄπερῗ
2974 5632 3027 5683 χ.
3055 5630 3173 5693 οη).
3302 5605 3519 5693 Ερξϐε.
3581 5612 3601 5641 ⁸
3626 5605 3800 5693 ᾖς]

436 5652 497 5676 υ.
532 5652 629 5691 ulla
693 5652 701 5655 ⁷
740 5652 1120 5693 χαμιυμιιιων]
1158 5652 1246 5675 υΙυ
1285 5652 1419 5675 u-Iu.
1450 5652 1744 5691 χγιιμυιιιων
1760 5652 1823 5676 U0
1849 5652 1911 5672 ιι.
1939 5652 2001 5671 ll.
2038 5652 2102 5671 ﬂl-

436 5690 503 5747 Κ.
533 5691 601 5747 Μ.
627 5691 725 5759 Ep.
802 5694 822 5723 ⁵
848 5691 981 5759 τῶν]
1006 5710 1058 5744 τι
1096 5691 1204 5745 τῶν
1231 5691 1292 5744 L.
1368 5692 1389 5722 °
1418 5690 1671 5744 ἀπολλύει
1706 5692 1769 5745 G.
1807 5691 1869 5743 K.
1904 5689 2003 5757 Ep.
2032 5705 2084 5756 p.

2205 5652 2357 5687 μηδ.
2392 5652 2685 5687 πως-..κν
2712 5652 2803 5668 η...
2833 5652 2952 5683 ..ειη
2976 5652 3027 5683 χ.
3063 5652 3173 5667 νη..
3212 5652 3273 5667 υ.
3302 5652 3400 5679 μγ.
3426 5652 3519 5665 υ...
3632 5652 3715 5679 ,η
3743 5652 3795 5687 ,Γ
3831 5652 3889 5662 ν.

2206 5689 2517 5759 νοσφίζεται
2552 5686 2613 5739 Κ.
2652 5686 2749 5759 Ep.
2777 5683 3308 5759 (EprrpXIkMgnleﬂu
3358 5683 3376 5712 "
3421 5681 3601 5759 μόχοις
3730 5678 3794 5730 lx.

436 5762 459 5793 ⁸
498 5748 685 5832 ὑμεῖςῙ
702 5762 827 5832 add.
850 5762 909 5815 δὲ
942 5748 1011 5816 Μ.
1040 5778 1092 5831 p.
1126 5779 1179 5832 p.
1214 5760 1477 5832 βούλησθε
1508 5763 1639 5815 dant
1678 5760 1739 5813 L.
1786 5760 1860 5832 M._
1885 5748 1982 5832 ριξὶ)
2026 5748 2102 5832 νιιὲ

2206 5774 2239 5832 ο
2272 5748 2546 5832 βούλεσθε.
2620 5759 2639 5788 ³
2673 5748 2859 5832 εζητ-ΙΙ.
2890 5757 2959 5832 K:
2992 5754 3062 5807 M.
3109 5753 3204 5832 Ge:
3235 5748 3431 5832 δίδοται
3572 5750 3801 5832 διδόντες
3830 5748 3888 5832 ιλ,

436 5819 682 5883 διδόνταιδ
698 5830 832 5885 Edd.
915 5833 959 5863 ”
985 5819 1066 5884 ὃτί
1098 5819 1238 5899 ἐγνῶ
1276 5872 1288 5884 .
1327 5877 1339 5885 .
1366 5819 1388 5885 ’.
1443 5869 1457 5883 .
1489 5828 1862 5900 σωφρονήσας]
1886 5819 1982 5882 Sic
2021 5829 2102 5880 Sa‘

2205 5819 2627 5900 (igiipulantibus
2657 5827 2813 5880 codd.
2865 5836 2919 5878 ει
2945 5824 3139 5892 Ιιηεη).
3171 5825 3251 5900 δτι
3284 5827 3317 5894 ἡ
3352 5823 3513 5900 πιστή
3540 5819 3739 5900 γνξξιμη
3771 5822 3893 5900 περὶ

438 5900 503 5952 τὰ
544 5903 715 5970 μικρά
740 5901 809 5951 τὰ
843 5902 1058 5970 μεγάλα
1082 5890 1651 5970 προσκτᾶσθαιγποιεῖ,
1685 5890 1833 5952 ἀλλά
1850 5890 2102 5970 σωφρονίς

2225 5890 2358 5970 ΜυέΖ
2394 5914 2553 5970 (μυ-ιιι
2593 5909 2793 5970 Lcmeyc
2822 5905 3041 5970 secu_lus
3063 5890 3145 5948 ρει
3170 5890 3386 5946 Μυιιίεί.
3467 5890 3741 5970 ⁸³⁷-δοῦλοςλ
3768 5890 3885 5970 add,

439 5962 728 6033 txefvog'L.
793 5962 957 6039 η’τὴν
992 5962 1203 6044 ἡμέραν
1224 5988 1333 6027 om.
1356 5971 1415 6025 G.
1445 5969 1505 6025 Κ.
1539 5970 1585 6023 Μ
1607 5987 1689 6036 γν.
1720 5971 1811 6039 τὴν
1844 5962 2102 6039 ήμίγτὴν·

2225 5985 2308 6037 γν,
2341 5962 2513 6023 ιλίειειι
2540 5969 2624 6021 hic
2645 5967 2808 6021 cudcx
2836 5967 2993 6033 paulo
3025 5976 3147 6019 ante
3177 5968 3403 6018 alterum
3432 5962 3676 6018 ordinem
3712 5962 3887 6016 habcz.
