4130 6374
395 323 500 380 705

397 458 534 514 ergo,
559 441 678 510 quia
697 441 896 495 nescitis
919 455 1017 511 qua
1043 443 1164 492 liora
1184 437 1428 490 Dominus
1442 445 1598 488 vester
1625 443 1863 487 venturus
1888 432 1972 484 sit.

395 533 512 589 Non
541 532 696 598 dixit,
722 531 934 593 Nescio,
967 529 1084 595 sed,
1119 527 1357 582 Nescitis.
1385 525 1517 580 Cum
1558 525 1699 580 enim
1730 523 1874 592 ipsos
1911 520 1976 577 ad

396 623 542 678 illam
569 638 707 693 pene
735 622 919 675 horam
947 620 1254 675 deduxisset
1281 626 1335 672 et
1371 615 1764 677 constituisset,
1796 626 1977 666 rursus

393 714 463 768 ab
490 714 862 784 interrogando
891 721 1098 778 avocat,
1126 709 1266 781 quod
1292 709 1422 765 velit
1447 709 1592 778 ipsos
1620 721 1831 775 semper
1858 720 1976 759 esse

393 807 669 862 sollicitos.
712 807 999 874 Pmpterea
1028 803 1178 868 dicit,
1217 801 1448 873 Vigilate,
1477 800 1765 855 ostendens
1793 814 1852 854 se
1878 798 1976 854 hac

393 895 462 952 de
486 911 646 951 causa
675 897 855 952 dicere
882 896 1135 950 noluisse.
1162 895 1251 950 45.
1276 893 1417 948 Illud
1439 903 1603 946 autem
1629 893 1825 960 scitote,
1847 908 1975 963 quo-

392 990 530 1042 niam
553 990 598 1044 si
625 990 774 1044 sciret
798 988 1161 1060 paterfamilias
1179 1004 1278 1057 qua
1303 987 1426 1040 hora
1454 989 1538 1057 fur
1564 996 1802 1039 venturus
1826 994 1970 1051 esset,

391 1081 622 1149 vigilaret
649 1082 837 1150 utique,
859 1089 1026 1134 etnon
1045 1082 1229 1134 sineret
1250 1078 1450 1150 perfodi
1469 1080 1674 1132 domum
1697 1093 1858 1130 suam.
1883 1076 1971 1130 44.

395 1172 521 1226 Ideo
557 1181 605 1226 et
645 1188 732 1226 uos
772 1181 927 1226 estote
955 1172 1155 1241 parati,
1185 1171 1305 1242 quia
1328 1186 1427 1238 qua
1455 1169 1581 1222 hora
1613 1185 1712 1222 non
1747 1168 1932 1237 putatis
1956 1209 1971 1235 ,

396 1263 563 1318 Filius
591 1265 806 1319 hominis
841 1265 1022 1320 veniet.
1053 1265 1338 1334 Propterea
1373 1263 1535 1328 dicit,
1567 1262 1679 1330 Qua
1710 1263 1836 1317 hora
1866 1277 1973 1317 non

393 1357 713 1424 exspectatis
737 1356 909 1411 veniet
936 1398 950 1419 ,
981 1364 1041 1411 ut
1066 1356 1323 1410 sollicitos
1348 1355 1534 1410 reddat
1561 1364 1616 1409 et
1643 1354 1852 1408 virtutis
1879 1370 1973 1409 co—

394 1445 563 1500 lentia!
593 1446 877 1502 studiosos.
907 1447 1038 1501 Illud
1066 1456 1240 1502 autem
1265 1446 1368 1502 sibi
1395 1445 1528 1512 vult,
1555 1445 1608 1501 Si
1638 1447 1835 1500 scirent
1863 1445 1975 1514 ple-

394 1536 544 1606 rique
574 1536 817 1594 homines
843 1538 1180 1609 quandonam
1207 1539 1314 1593 sint
1338 1539 1616 1608 morituri,
1644 1539 1969 1611 diligentiam

392 1643 540 1683 suam
566 1629 705 1683 circa
737 1629 880 1682 illam
900 1631 1090 1687 horam
1115 1629 1133 1661 ¹
1161 1629 1503 1688 exhiberem.

463 1720 514 1774 3.
549 1718 652 1774 Cur
669 1718 900 1775 Christus
921 1721 1034 1775 uiue
1051 1720 1293 1791 cujusque
1312 1720 1464 1789 ﬁnem
1485 1719 1729 1774 incertum
1747 1720 1969 1791 reliquit.

389 1793 456 1850 ί-
487 1809 564 1866 Ne
591 1812 752 1880 igitur
776 1810 844 1866 de
872 1811 960 1866 illa
987 1811 1098 1866 sola
1137 1811 1348 1867 solliciti
1384 1818 1562 1865 essent
1581 1851 1596 1877 ,
1627 1826 1797 1881 neque
1820 1826 1970 1866 com-

390 1916 603 1956 munem
629 1902 767 1955 illam
790 1903 951 1966 diem,
977 1916 1150 1972 neque
1173 1901 1432 1972 cujusque
1453 1900 1636 1956 horam
1658 1901 1965 1967 declaravit,

391 2005 447 2050 ut
471 2010 686 2065 semper
709 1995 854 2050 illam
882 2005 1274 2064 exspectarent,
1302 2009 1620 2064 semperque
1645 1994 1834 2049 eodem
1858 2004 1972 2050 stu-

386 2087 476 2142 dio
513 2096 855 2151 tenerentur;
897 2086 1017 2141 ideo
1055 2087 1312 2156 cujusque
1347 2085 1470 2140 vita:
1510 2083 1667 2140 linem
1707 2085 1965 2141 incertum

387 2175 618 2247 reliquit.
648 2176 846 2232 Deinde
870 2184 1054 2246 aperte
1077 2191 1136 2230 se
1159 2175 1436 2229 Dominum
1465 2183 1634 2239 vocat,
1659 2191 1831 2246 neque
1851 2191 1970 2230 uru-

383 2284 541 2339 quam
572 2271 642 2324 ita
671 2270 814 2325 clare
841 2269 1068 2324 dixerat.
1096 2269 1194 2324 llic
1222 2276 1400 2323 autem
1427 2267 1637 2323 videtur
1664 2269 1792 2323 mihi
1821 2268 1966 2324 desi-

383 2364 479 2417 des
499 2377 739 2432 carpere,
770 2361 860 2432 qui
888 2376 991 2416 non
1020 2369 1218 2415 tantam
1254 2359 1509 2415 adhibent
1537 2361 1728 2414 anima:
1758 2361 1966 2416 tuendae

382 2469 584 2515 curam.
607 2463 858 2524 quantam
881 2453 1023 2509 circa
1053 2452 1305 2523 pecunias
1327 2459 1628 2506 monstrant
1649 2452 1680 2506 ii
1706 2453 1793 2522 qui
1819 2451 1967 2508 fures

383 2553 646 2601 metuunt.
674 2543 806 2598 Nam
834 2543 885 2597 bi
914 2544 959 2598 si
989 2543 1108 2598 illos
1135 2550 1446 2612 exspectent
1465 2584 1482 2610 ,
1518 2543 1772 2614 vigilant,
1804 2544 1964 2599 nihil-

381 2651 487 2708 que
506 2652 569 2691 ex
592 2635 881 2692 reconditis
899 2636 1080 2691 sinunt
1099 2634 1296 2691 auferri
1321 2653 1336 2691 :
1357 2649 1455 2690 vos
1473 2643 1672 2700 autem,
1694 2637 1790 2691 etsi
1816 2648 1964 2692 certo

380 2729 563 2784 sciatis
587 2739 867 2783 venturum
895 2727 1044 2782 illum
1071 2743 1210 2794 esse,
1237 2743 1343 2782 non
1372 2725 1618 2798 vigilatis,
1649 2728 1836 2797 inquit,
1865 2744 1963 2784 nec

379 2821 550 2891 parati
595 2819 759 2886 estis,
799 2835 868 2874 ne
915 2818 1030 2874 sine
1068 2819 1454 2890 prtrparatione
1499 2820 1621 2873 hinc
1654 2819 1959 2878 discedatis.

378 2914 712 2986 Quapropter
727 2928 850 2968 cum
870 2911 1105 2982 pernicie
1123 2912 1498 2967 dormientium
1518 2911 1634 2968 dies
1655 2914 1742 2968 ille
1762 2913 1956 2969 veniet.

377 3004 834 3074 Quemadmodum
865 3006 1005 3060 enim
1034 3005 1123 3060 ille
1149 3004 1194 3058 si
1221 3005 1383 3061 sciret
1409 3004 1530 3059 furti
1561 3013 1768 3075 tempus
1786 3048 1802 3074 ,
1829 3007 1956 3062 illud

376 3097 566 3152 vitaret
592 3113 605 3149 :
633 3097 712 3151 sic
739 3105 793 3151 et
815 3110 943 3163 vos,
973 3097 1017 3151 si
1047 3096 1214 3167 parati
1245 3096 1468 3161 essetis,
1496 3095 1816 3168 eiiugeretis.
1855 3099 1957 3153 Dc-

375 3188 497 3244 inde
516 3189 637 3259 quia
661 3188 844 3258 judicii
871 3188 1196 3243 mentionem
1222 3187 1364 3251 fecit,
1389 3187 1454 3242 ad
1477 3187 1722 3244 doctores
1743 3188 1955 3244 demum

372 3293 674 3334 sermonem
695 3279 974 3343 convertit,
997 3293 1060 3334 ac
1081 3278 1147 3334 de
1171 3278 1444 3349 suppliciis
1467 3287 1520 3333 et
1542 3278 1776 3349 praemiis
1797 3280 1953 3335 verba

371 3370 516 3438 facit,
541 3381 598 3427 et
623 3385 744 3426 cum
773 3371 945 3442 primo
971 3371 1140 3426 bonos
1164 3378 1530 3435 memorasset,
1562 3370 1614 3424 in
1647 3381 1955 3440 peccatores

278 3493 286 3500 -
368 3460 584 3526 desinit,
612 3477 675 3517 ac
700 3463 944 3517 timorem
977 3462 1237 3517 incutiens
1257 3464 1277 3494 ²
1307 3462 1468 3517 linem
1499 3462 1707 3517 dicendi
1734 3463 1880 3517 facit.

453 3552 622 3608 Verbis
647 3552 834 3608 Christi
859 3553 1050 3620 Deique
1073 3555 1125 3608 in
1154 3553 1376 3607 medium
1399 3554 1652 3620 adductis,
1679 3571 1792 3625 qute
1809 3556 1953 3626 igno-

367 3646 587 3700 rantiam
628 3662 839 3717 arguere
887 3647 1115 3700 videntur
1133 3661 1153 3710 ,°
1195 3646 1476 3716 explicatur
1511 3662 1667 3715 quare
1705 3648 1778 3701 sic
1814 3647 1952 3702 Deus

365 3736 636 3792 identidem
658 3738 725 3791 sit
747 3737 962 3791 locutus.
989 3766 1058 3778 —-
1083 3737 1280 3792 Idcirco
1310 3737 1481 3806 primo
1505 3736 1635 3792 dicit
1665 3755 1678 3790 :
1707 3737 1797 3793 45.
1825 3737 1951 3806 Quis

365 3845 484 3899 ergo
509 3838 581 3883 est
608 3828 772 3896 ﬁdelis
799 3845 970 3883 servus
999 3837 1043 3882 et
1082 3827 1334 3897 prudens,
1364 3843 1509 3896 quem
1547 3827 1802 3881 constituit
1847 3828 1951 3884 Do.

367 3923 531 3978 minus
559 3922 668 3993 ejus
693 3938 845 3992 super
881 3922 1127 3992 familiam
1162 3937 1309 3974 suam
1333 3961 1348 3987 ,
1376 3930 1430 3974 ut
1455 3923 1538 3975 det
1571 3919 1675 3974 illis
1703 3920 1868 3974 cibum
1892 3921 1947 3974 in

365 4015 630 4086 tempore?
656 4015 746 4070 46.
776 4013 964 4068 Beatus
993 4029 1164 4068 seruus
1191 3993 1480 4083 illertem
1567 4023 1687 4062 cum
1750 4011 1943 4064 venerit

367 4106 625 4161 Dominus
647 4152 661 4174 ,
722 4106 961 4160 invenerit
985 4105 1056 4160 sic
1083 4104 1369 4175 facientem.
1402 4104 1492 4158 47.
1523 4103 1681 4159 Amen
1719 4104 1832 4158 dico
1856 4121 1945 4160 υο-

363 4199 470 4260 bis,
499 4213 649 4268 super
687 4199 854 4252 omnia
881 4199 1011 4252 bona
1043 4213 1138 4252 sua
1176 4197 1441 4251 constituet
1473 4213 1604 4251 eum.
1635 4195 1829 4264 Qumso
1858 4206 1942 4264 te,

362 4303 486 4342 num
529 4289 634 4344 hoc
670 4289 962 4359 ignorantis
1000 4289 1122 4343 est?
1152 4287 1208 4344 Si
1244 4289 1386 4343 enim
1415 4289 1539 4358 quia
1565 4289 1736 4355 dixit,
1770 4288 1946 4360 Neque

362 4380 530 4436 Filius
557 4382 693 4436 norit
717 4423 731 4445 ,
763 4383 932 4452 ipsum
973 4383 1220 4452 ignorare
1252 4382 1386 4436 dicis
1419 4399 1434 4436 :
1462 4383 1585 4452 quia
1616 4381 1789 4447 dixit,
1818 4382 1944 4449 Quis

361 4483 434 4528 est
457 4491 596 4545 ergo,
622 4473 749 4545 quid
769 4474 1003 4529 dixeris?
1023 4491 1090 4529 an
1117 4475 1264 4529 illum
1294 4475 1540 4544 ignorare
1564 4475 1745 4530 dices?
1768 4476 1938 4531 Absit.

360 4565 438 4622 Ne
473 4565 688 4632 quidem
726 4581 790 4620 ex
832 4575 1012 4622 mente
1054 4566 1222 4635 captis
1259 4566 1520 4636 quispiam
1562 4565 1663 4620 hoc
1699 4566 1893 4621 dixerit
1923 4584 1937 4619 :

362 4657 567 4712 etiamsi
607 4656 678 4712 ibi
716 4671 932 4712 causam
973 4656 1211 4725 proferre
1238 4656 1541 4725 possimus,
1574 4654 1661 4713 hic
1685 4670 1813 4710 vero
1839 4658 1939 4710 mi-

363 4749 525 4802 nime.
557 4747 693 4816 Quid
723 4755 900 4802 autem
927 4761 1048 4801 cum
1078 4746 1233 4811 dicit,
1261 4745 1445 4812 Petre,
1475 4761 1617 4800 amas
1644 4762 1722 4800 me
1750 4743 1938 4819 (Joan.

360 4841 450 4895 21.
484 4841 616 4910 15)?
641 4857 765 4894 num
795 4839 922 4894 illud
947 4853 1157 4909 quoque
1186 4838 1504 4908 ignorabat?
1529 4846 1622 4893 aut
1644 4853 1766 4894 cum
1791 4838 1938 4904 dicit,

365 4935 461 4990 Ubi
500 4934 736 5006 posuistis
776 4949 888 4987 eum
926 4930 1102 5002 (Ibid.
1141 4933 1227 4986 II.
1257 4931 1410 5001 '54)?
1453 4931 1565 4986 lmo
1591 4940 1648 4986 et
1684 4931 1840 4985 Pater
1866 4931 1944 4985 sic

361 5027 502 5097 loqui
530 5025 968 5096 deprehenditur.
1007 5023 1137 5078 Nam
1176 5034 1229 5079 et
1267 5023 1382 5093 ipse
1407 5024 1484 5077 ait
1515 5041 1528 5077 :
1554 5022 1752 5086 Adam,
1781 5022 1867 5075 ubi
1892 5039 1943 5077 es

361 5119 510 5188 (Gen.
540 5118 592 5173 5.
622 5116 724 5186 9)?
752 5124 838 5180 et,
872 5114 1075 5170 Clamor
1115 5115 1455 5170 Sodomorum
1485 5114 1846 5184 multiplicatus
1873 5123 1943 5168 est

359 5211 496 5280 apud
520 5225 620 5262 me.
648 5206 968 5262 Descendens
987 5207 1141 5278 igitur
1160 5205 1352 5269 uidebo,
1380 5206 1424 5259 si
1450 5206 1724 5260 secundum
1754 5205 1936 5257 clamo-

359 5319 462 5357 rem
501 5318 696 5365 eorurn,
725 5301 812 5370 qui
839 5301 970 5354 venit
996 5299 1064 5352 ad
1089 5315 1188 5362 me,
1217 5299 1447 5369 faciunt;
1476 5300 1516 5352 si
1544 5306 1710 5350 autem
1736 5312 1859 5361 non,
1885 5304 1940 5349 ut

359 5410 654 5464 cognoscam
680 5390 840 5466 (Ibid.
866 5391 954 5447 18.
978 5389 1068 5446 20.
1093 5389 1205 5459 21).
1236 5390 1302 5443 Et
1323 5389 1444 5443 alibi
1471 5389 1544 5443 ait
1571 5407 1584 5442 :
1609 5387 1671 5443 Si
1695 5388 1826 5458 forte
1848 5405 1942 5440 au-

360 5488 536 5556 diant,
563 5486 607 5542 si
636 5486 766 5556 forte
790 5483 1074 5554 intelligant
1094 5481 1302 5553 (Eseclt.
1331 5481 1384 5535 2.
1415 5482 1489 5552 5).
1521 5482 1586 5536 Et
1613 5481 1665 5536 in
1700 5481 1939 5551 Evange-

363 5581 468 5646 Iio,
501 5577 654 5633 Forte
680 5575 1034 5633 reverebantur
1068 5573 1113 5628 F
1117 5575 1262 5629 ilium
1300 5591 1461 5628 meum
1493 5573 1654 5645 (Luc.
1685 5572 1774 5629 20.
1809 5573 1935 5647 15).

422 5749 436 5777 ³
464 5745 558 5795 Alii
599 5746 775 5793 habent
800 5741 949 5797 diem.
973 5753 1080 5803 pro,
1099 5738 1285 5787 horam.

421 5809 441 5840 ³
465 5806 582 5865 Alii,
614 5813 658 5858 et
680 5805 876 5857 utilitati
898 5805 1162 5856 consulens.

1305 319 1367 374 IN
1409 316 1818 376 MATTIIAEUM
1859 315 2089 370 llOMlL.
2133 315 2386 371 LXXVII.
2427 317 2497 372 al.
2539 311 2813 370 LXXVIII.

3565 322 3670 378 706

2087 429 2216 497 Qum
2244 431 2421 484 omnia
2451 433 2764 500 ignorantia:
2788 433 2947 489 verba
2973 444 3142 490 erant.
3165 434 3362 491 Verum
3389 451 3492 490 ncn
3521 436 3672 506 igno-

2083 535 2207 574 rans
2237 519 2352 576 ltmc
2381 521 2590 576 dicebat
2610 563 2625 589 ,
2655 523 2751 579 sed
2778 535 2836 579 ut
2868 525 2931 579 iis
2956 542 3073 596 quze
3099 541 3234 595 Opus
3264 538 3416 582 erant
3452 529 3666 599 pI'OSIlI’

2081 623 2228 667 ceret
2259 631 2270 665 :
2301 613 2352 668 in
2381 613 2607 679 Adamo,
2637 624 2694 670 ut
2725 628 2842 686 post
2871 629 3142 686 peccatum
3172 620 3316 675 illum
3344 621 3408 674 ad
3441 636 3667 676 excusa-

2081 704 2279 758 tionem
2314 703 2622 769 induceret;
2656 709 2707 762 in
2746 708 3069 776 Sodomitis,
3104 721 3161 765 nt
3191 727 3286 765 nos
3315 713 3531 768 doceret
3560 729 3667 768 non

2082 797 2226 866 prius
2257 802 2576 854 sententiam
2604 815 2726 855 esse
2759 800 3052 866 ferendam,
3082 819 3239 873 quam
3269 805 3409 874 ipsas
3437 821 3523 861 res
3551 822 3660 874 per-

2080 888 2444 957 spiceremus;
2478 890 2531 944 in
2577 891 2834 960 proliheta
2863 902 3040 948 autem
3077 895 3146 947 ita
3189 895 3441 965 loquitur,
3469 911 3537 950 ne
3568 912 3655 965 ρει.

2081 986 2192 1030 tent
2216 979 2444 1047 imperiti
2468 995 2498 1033 a
2522 981 2865 1050 praedictione
2887 983 3256 1038 necessitatem
3280 985 3562 1051 quamdam
3589 987 3669 1040 in-

2080 1069 2203 1125 I‘erri
2236 1088 2342 1126 non
2369 1073 2690 1140 obediendi;
2721 1075 2772 1129 in
2810 1075 3058 1145 parabola
3083 1084 3262 1132 autem
3283 1079 3578 1149 Evangelii,
3611 1090 3668 1136 ut

2081 1165 2329 1218 ostendat
2359 1167 2658 1235 oportuisse
2701 1167 2818 1222 illos
2857 1168 3050 1225 Filium
3081 1183 3234 1223 suum
3275 1171 3550 1236 revereri;
3583 1171 3667 1226 hic

2081 1271 2241 1319 vero,
2277 1272 2344 1311 ne
2383 1258 2643 1312 curiosius
2681 1259 2980 1329 inquirant,
3031 1269 3085 1314 et
3132 1270 3188 1315 ut
3229 1262 3473 1316 ostendat
3519 1263 3662 1318 illam

2077 1347 2434 1415 cognitionem
2474 1348 2761 1404 admodum
2807 1365 2928 1405 esse
2969 1366 3143 1405 raram
3175 1359 3231 1408 et
3263 1353 3567 1422 pretiosam.
3601 1354 3664 1408 Et

2076 1437 2197 1491 vide
2231 1450 2479 1509 quantam
2510 1440 2860 1511 ignorantiam
2903 1442 3006 1499 hoc
3043 1444 3262 1498 verbum
3295 1445 3548 1502 indicaret
3573 1487 3587 1510 ,
3621 1448 3663 1500 si

2077 1527 2222 1581 illum
2269 1530 2538 1600 ignoraret
2579 1549 2737 1603 quem
2779 1535 3072 1590 constituit.
3106 1536 3235 1590 Nam
3277 1537 3420 1591 illum
3453 1538 3661 1593 beatum

2075 1622 2326 1690 prmdieat
2359 1640 2370 1675 :
2405 1622 2592 1679 Beatus
2621 1625 2784 1693 enim,
2819 1627 3007 1696 inquit,
3036 1645 3206 1682 seruus
3231 1630 3354 1695 ille;
3386 1647 3558 1700 neque
3583 1633 3663 1685 di-

2073 1713 2166 1778 cit,
2195 1715 2313 1784 quis
2340 1715 2426 1772 ille
2447 1717 2516 1770 sit
2545 1734 2557 1770 :
2589 1734 2709 1772 nam
2741 1720 2835 1786 ait,
2869 1719 2994 1787 Quis
3021 1723 3152 1775 enim
3176 1731 3269 1783 est,
3300 1740 3446 1793 quem
3475 1727 3663 1778 consti-

2075 1816 2178 1859 tuet
2219 1807 2453 1864 dominus
2492 1812 2653 1865 suus?
2676 1823 2762 1879 et,
2795 1811 2980 1867 Beatus
3018 1831 3166 1884 quem
3203 1817 3443 1870 invenerit
3471 1818 3542 1870 sic
3578 1821 3661 1889 fa-

2073 1898 2301 1951 cientem.
2356 1899 2479 1955 llare
2519 1913 2694 1956 autem
2742 1919 2846 1958 non
2887 1905 2954 1958 de
2992 1908 3230 1975 pecuniis
3275 1917 3476 1962 tantum
3521 1909 3656 1963 dit-la

2073 2000 2224 2054 sunt,
2258 1991 2350 2046 sed
2379 1993 2535 2046 etiam
2563 1994 2629 2049 de
2657 1995 2823 2052 verbo
2852 2005 2906 2050 et
2933 1997 3000 2052 de
3029 1998 3222 2053 virtute
3242 2041 3257 2066 ,
3290 1999 3357 2055 de
3386 2001 3539 2055 donis
3558 2004 3573 2032 ¹
3604 2015 3659 2055 et

2071 2079 2466 2150 dispensatione
2496 2086 2686 2155 cuique
2717 2089 3024 2142 commissa.
3057 2088 3181 2143 llzec
3209 2091 3457 2159 parabola
3488 2094 3658 2163 magi-

2071 2173 2322 2228 stratibus
2349 2190 2558 2246 quoque
2580 2178 2780 2246 optime
2804 2188 3090 2248 competat.
3122 2180 3356 2251 Quisque
3377 2183 3517 2237 enim
3546 2200 3658 2237 0m-

2072 2264 2178 2329 nia,
2205 2281 2324 2334 qute
2353 2281 2448 2320 sua
2477 2277 2620 2334 sunt,
2649 2268 2714 2322 ad
2737 2284 3075 2326 communem
3106 2271 3383 2326 utilitatem
3411 2273 3656 2330 conferre

2070 2353 2245 2410 debet.
2273 2356 2396 2412 Sive
2416 2359 2730 2428 sapientiam
2759 2360 2975 2427 habeas,
3005 2362 3117 2415 sive
3150 2363 3520 2432 principatum,
3545 2366 3657 2420 sive

2068 2448 2279 2503 divitias
2299 2491 2314 2516 ,
2343 2449 2454 2505 sive
2479 2451 2686 2521 quidvis
2717 2452 2858 2507 aliud
2879 2495 2894 2518 ,
2927 2470 2994 2508 ne
3019 2453 3084 2508 ad
3115 2455 3492 2512 detrimentum
3523 2473 3657 2512 eon-

2068 2556 2368 2611 servorum,
2395 2559 2528 2598 neve
2556 2544 2622 2598 ad
2649 2545 2938 2614 perniciem
2966 2547 3039 2600 sit
3065 2555 3228 2600 tuam.
3259 2547 3380 2602 Ideo
3407 2549 3564 2603 ambo
3588 2551 3656 2603 ab

2069 2633 2159 2687 illo
2189 2635 2444 2703 requirit,
2474 2644 2528 2690 et
2556 2635 2890 2706 prudentiam
2919 2647 2973 2692 et
3005 2638 3182 2693 Iidem.
3215 2638 3347 2694 Nam
3382 2654 3653 2709 peccatum

2065 2724 2134 2778 ab
2155 2726 2384 2780 amentia
2407 2725 2664 2796 originem
2697 2727 2860 2781 ducit.
2890 2727 3125 2782 Fidelem
3157 2729 3301 2783 illum
3331 2741 3504 2789 vocat.
3531 2733 3651 2802 quia

2065 2831 2131 2870 ex
2159 2817 2317 2870 rebus
2342 2816 2541 2872 domini
2571 2819 2700 2873 nihil
2727 2819 2808 2872 vel
2839 2819 2890 2873 in
2921 2834 3032 2873 rem
3064 2834 3215 2874 suam
3247 2823 3540 2887 convertit,
3569 2824 3650 2878 vel

2066 2922 2342 2977 perperam
2370 2909 2658 2980 expendit;
2691 2909 3001 2980 prudentem
3029 2927 3187 2975 vero,
3216 2913 3337 2982 quia
3369 2913 3468 2968 sibi
3499 2928 3649 2968 com-

2063 3000 2221 3053 missa
2255 3010 2310 3054 ut
2338 3016 2434 3072 par
2458 3010 2576 3056 erat
2598 3001 3010 3057 administravit.
3043 3001 3279 3074 Utraque
3302 3006 3443 3059 enim
3468 3023 3526 3060 re
3554 3023 3652 3061 no-

2061 3090 2143 3144 bis
2179 3106 2316 3161 0pus
2351 3101 2435 3147 est
2454 3134 2469 3158 ,
2499 3107 2567 3148 ne
2604 3093 2808 3148 scilicet
2838 3109 2957 3162 quze
2985 3093 3184 3148 domini
3223 3106 3347 3150 sunt
3377 3095 3531 3152 nobis
3559 3113 3646 3152 ra-

2062 3183 2306 3253 piamus,
2335 3193 2389 3239 et
2433 3193 2491 3238 ut
2529 3195 2828 3254 opportune
2871 3185 2962 3239 illa
3001 3185 3389 3255 dispensemus.
3430 3187 3562 3242 Nam
3599 3190 3645 3242 si

2060 3277 2286 3332 alterum
2327 3277 2499 3344 absit,
2530 3278 2755 3334 alterum
2785 3279 3066 3334 claudicat.
3108 3279 3162 3336 Si
3209 3279 3378 3336 fidelis
3416 3283 3514 3347 sit,
3549 3297 3648 3338 nec

2059 3369 2297 3438 furetur,
2325 3371 2419 3426 sed
2445 3371 2716 3442 superﬂue
2740 3371 2807 3426 ad
2833 3361 2966 3426 nihil
3006 3372 3136 3427 utile
3165 3373 3434 3442 expendat
3460 3373 3597 3428 bona
3624 3416 3640 3440 ,

2058 3478 2307 3533 magnum
2331 3474 2413 3518 est
2437 3472 2714 3534 peccatum
2740 3479 2755 3528 ;
2787 3463 2832 3517 si
2862 3463 2994 3517 sciat
3019 3471 3164 3519 recte
3185 3463 3517 3533 dispensare,
3546 3465 3640 3519 sed

2056 3554 2277 3622 luretur,
2309 3571 2497 3611 rursus
2524 3569 2629 3610 non
2673 3555 2786 3610 leve
2824 3553 3028 3609 crimen
3066 3562 3166 3610 est.
3204 3554 3330 3610 Haec
3365 3555 3644 3610 audiamus

2055 3649 2144 3718 qui
2174 3647 2448 3718 pecuniosi
2478 3664 2680 3702 sumus.
2707 3646 2823 3702 Non
2848 3648 2992 3703 enim
3013 3645 3264 3702 doctores
3286 3656 3485 3702 tantum
3512 3650 3644 3703 allo-

2055 3741 2254 3812 quitur,
2282 3739 2375 3794 sed
2405 3739 2564 3796 etiam
2595 3739 2813 3794 divites.
2842 3738 3095 3808 Utrisque
3123 3738 3264 3792 enim
3295 3738 3490 3792 divitiae
3516 3755 3644 3794 con-

2053 3830 2270 3886 credita:
2301 3840 2465 3896 sunt;
2497 3829 2806 3884 doctoribus
2837 3829 2939 3884 illa:
2962 3845 3081 3898 quae
3119 3830 3286 3899 magis
3325 3832 3642 3886 necessaria:

2051 3930 2210 3988 sunt;
2239 3921 2390 3976 vobis
2419 3937 2497 3976 eae
2522 3937 2642 3992 qua:
2673 3921 2892 3976 minoris
2916 3929 3041 3975 sunt
3070 3921 3246 3991 pretii.
3279 3919 3365 3985 Si,
3391 3921 3516 3975 dum
3545 3922 3642 3977 do-

2050 4023 2228 4069 ctores
2256 4015 2456 4084 majora
2487 4014 2832 4086 dispergunt,
2861 4028 2957 4068 vos
2985 4029 3051 4069 ne
3081 4014 3132 4068 in
3163 4013 3395 4068 minimis
3421 4015 3636 4084 quidem

2049 4108 2224 4163 velitis
2253 4108 2622 4163 liberalitatem
2655 4107 2950 4173 exhibere;
2978 4107 3085 4162 imo
3107 4122 3212 4160 non
3242 4106 3633 4172 liberalitatem,

2051 4198 2144 4254 sed
2183 4209 2390 4269 gratum
2436 4199 2672 4253 animum
2708 4199 2866 4268 (nam
2895 4197 3066 4252 aliena
3096 4195 3270 4266 datis)
3294 4240 3309 4263 ,
3337 4214 3456 4267 qua:
3484 4198 3639 4254 vobis

2048 4291 2151 4346 erit
2187 4289 2471 4352 defensio?
2506 4289 2610 4347 Sed
2659 4289 2870 4345 interim
2893 4330 2908 4355 ,
2942 4297 3066 4344 ante
3104 4289 3419 4358 supplicium
3452 4305 3636 4344 eorum

2047 4384 2136 4454 qui
2167 4383 2304 4438 male
2334 4391 2643 4452 operantur,
2673 4381 2789 4450 ejus
2823 4380 2912 4451 qui
2955 4379 3120 4449 probe
3157 4394 3215 4434 se
3243 4381 3408 4449 gessit
3436 4396 3638 4435 merce-

2047 4479 2168 4534 dem
2191 4477 2467 4532 audiamus
2491 4494 2504 4530 :
2527 4475 2684 4528 Amen
2711 4475 2823 4527 dico
2842 4473 2998 4538 vobis,
3023 4489 3176 4542 super
3199 4472 3367 4527 omnia
3395 4473 3526 4526 bona
3544 4490 3638 4527 sua

2046 4569 2314 4623 constituet
2340 4583 2476 4622 eum.
2507 4565 2642 4634 Quid
2671 4565 2792 4620 huic
2816 4563 3004 4620 honori
3033 4579 3130 4634 par
3154 4579 3274 4619 esse
3299 4565 3497 4634 possit?
3516 4581 3635 4634 qum

2046 4661 2216 4716 oratio
2261 4659 2397 4714 hanc
2434 4657 2742 4728 dignitatem
2770 4698 2784 4722 ,
2815 4656 2953 4711 hanc
2995 4655 3376 4710 beatitudinem
3419 4658 3634 4725 assequi

2047 4753 2234 4822 possit,
2267 4749 2482 4823 quando
2507 4749 2757 4804 caelorum
2783 4749 2921 4815 Rex,
2949 4747 3102 4818 cujus
3140 4757 3263 4802 sunt
3301 4748 3503 4813 omnia,
3533 4748 3632 4801 ho-

2045 4844 2244 4899 minem
2286 4859 2448 4913 super
2489 4841 2666 4897 omnia
2715 4841 2852 4895 bona
2899 4855 2994 4894 sua
3034 4838 3368 4893 constituet?
3401 4837 3634 4908 Ideoque

2050 4930 2372 4997 prudentem
2403 4929 2581 4998 ipsum
2604 4937 2784 4994 vocat,
2818 4930 2945 4998 quia
2981 4928 3134 4982 novit
3168 4943 3362 4998 magna
3395 4946 3490 4998 pro
3509 4946 3634 5000 par-

2048 5024 2134 5079 vis
2157 5039 2264 5078 non
2291 5023 2599 5088 dimittere;
2623 5020 2718 5078 sed
2746 5037 2870 5076 cum
2901 5021 2991 5077 hic
3017 5033 3384 5092 temperanter
3405 5026 3632 5095 egisset,

2048 5118 2219 5174 caelos
2247 5126 2622 5188 consequutus
2651 5124 2753 5172 est.

2112 5209 2167 5264 4.
2196 5206 2396 5263 Deinde
2415 5246 2430 5271 ,
2460 5204 2512 5259 id
2537 5203 2678 5275 quod
2709 5217 2924 5272 semper
2952 5201 3075 5256 facit
3095 5242 3111 5268 ,
3145 5218 3248 5256 non
3289 5219 3354 5259 ex
3395 5203 3628 5272 reposito

2042 5299 2196 5355 bonis
2225 5297 2468 5368 prmmio,
2492 5295 2586 5350 sed
2615 5310 2683 5350 ex
2713 5294 3130 5350 comminatione
3170 5309 3342 5364 paena:
3373 5295 3629 5365 improbis

2042 5402 2239 5461 parata:
2273 5388 2568 5443 auditorem
2613 5382 2834 5457 corrigit
2865 5405 2878 5439 :
2911 5386 3135 5454 ideoque
3179 5386 3449 5454 subjunin
3485 5405 3499 5439 :
3532 5388 3624 5441 48.

2043 5485 2104 5541 Si
2129 5493 2294 5538 autent
2315 5482 2496 5536 dixerit
2518 5496 2732 5550 nequam
2757 5495 2927 5534 seruus
2947 5478 3032 5533 ille
3051 5478 3103 5532 in
3124 5482 3275 5532 corde
3294 5461 3627 5543 suo,.Tardat

2041 5575 2272 5629 dominus
2297 5590 2438 5627 meus
2461 5572 2656 5635 venire,
2684 5569 2771 5625 49.
2798 5578 2844 5623 et
2873 5570 3112 5640 inceperit
3140 5571 3395 5624 uerberare
3423 5587 3626 5626 conser-

2040 5685 2124 5724 vos
2147 5686 2280 5728 suos.
2311 5666 2579 5722 comederit
2603 5674 2770 5717 autem
2804 5673 2850 5718 et
2876 5664 3052 5718 biberit
3081 5681 3192 5719 cum
3219 5665 3367 5719 ebriis
3388 5681 3406 5719 .'
3427 5667 3516 5722 50.
3541 5683 3627 5720 ve-

2033 5761 2272 5873 “;Hmc,
2294 5761 2353 5813 de
2375 5760 2534 5824 donis,
2555 5758 2606 5812 in
2646 5775 2747 5814 uno
2791 5761 2963 5815 codice
2995 5765 3194 5816 desunt.
3225 5765 3290 5816 Υ.
3314 5763 3460 5818 Field
3475 5767 3540 5820 ad
3559 5781 3611 5833 ρ.
