4130 6374
526 422 628 480 707

525 538 626 586 ruet
655 532 886 586 dantinus
909 531 1036 586 servi
1065 529 1202 584 illius
1225 529 1278 584 in
1307 528 1388 583 die
1410 543 1508 596 qua
1537 543 1637 579 non
1661 533 1945 592 exspectat,
1977 531 2026 575 et
2050 521 2103 574 in

526 630 650 678 liora
677 643 778 696 qua
806 642 904 680 non
930 626 1064 679 novit
1082 667 1097 691 ,
1127 624 1214 679 51.
1245 633 1292 678 et
1320 623 1505 676 dividet
1533 637 1645 674 eunt
1665 661 1680 686 ,
1710 630 1754 672 et
1783 628 1973 689 portent
2002 616 2110 686 ejus

525 734 637 771 cum
664 718 939 789 hypocritis
967 727 1134 782 ponet.
1166 715 1245 770 Ibi
1269 717 1361 770 erit
1391 717 1539 786 ﬂetus
1568 724 1613 767 et
1650 712 1837 767 stridor
1863 711 2106 764 dentium.

523 813 577 864 Si
608 813 729 880 quis
757 827 884 865 vero
912 811 1109 868 dixerit
1141 828 1155 865 :
1183 809 1372 864 Viden”
1401 825 1519 878 quae
1559 808 1809 882 cogitatio
1846 805 2104 867 subierit,

521 902 661 968 quod
701 903 815 957 dies
845 903 929 956 illa
971 918 1076 956 non
1117 911 1238 956 nota
1270 901 1451 954 esset?
1485 899 1670 952 Tardat
1701 898 1844 953 enim
1874 897 2109 950 dominus

521 1009 660 1046 meus
682 1034 696 1057 ,
741 993 911 1062 inquit
943 1012 954 1046 :
986 993 1428 1060 respondebimus
1463 1011 1474 1044 :
1504 990 1619 1045 Non
1659 989 1800 1060 quod
1844 988 1958 1043 dies
2001 1002 2106 1041 non

523 1095 645 1137 nota
669 1093 832 1147 esset,
855 1085 947 1138 sed
970 1083 1111 1154 quod
1138 1084 1407 1153 improbus
1428 1085 1498 1138 sit
1521 1097 1726 1147 servus,
1752 1081 1803 1136 id
1825 1081 2102 1136 accidisse.

521 1173 650 1228 Nam
677 1190 771 1230 cur
799 1176 1109 1244 prudentem
1140 1185 1194 1230 et
1221 1175 1429 1230 ﬁdelem
1461 1191 1553 1244 par
1575 1174 1824 1245 cogitatio
1852 1187 1955 1228 n0n
1981 1171 2122 1227 sub?

521 1266 578 1319 iit
599 1266 622 1316 ‘!
647 1267 774 1330 Cur,
807 1270 990 1333 miser,
1020 1269 1142 1338 quia
1181 1267 1354 1322 tardat
1381 1267 1662 1333 dominus,
1694 1265 1919 1337 sperasti
1960 1265 2106 1320 illum

520 1375 808 1428 numquam
839 1360 1160 1414 venturum?
1188 1375 1283 1414 cur
1308 1376 1411 1412 non
1439 1359 1697 1414 sollicitus
1726 1358 1821 1414 es?
1848 1358 1983 1412 Hinc
2013 1357 2110 1429 igi-

521 1460 606 1505 tur
627 1452 904 1518 discimus,
927 1468 1031 1506 non
1057 1453 1267 1508 tardare
1293 1453 1600 1508 Dominum.
1624 1452 1748 1506 Hmc
1769 1452 1962 1522 quippe
1987 1467 2110 1506 sen-

521 1541 685 1597 tentia
717 1557 821 1597 non
846 1542 1065 1607 domini,
1094 1544 1189 1598 sed
1226 1544 1448 1612 improbi
1479 1543 1617 1598 servi
1647 1551 1766 1608 est;
1800 1543 2030 1612 ideoque
2055 1542 2108 1595 in

519 1633 723 1688 crimen
755 1644 993 1690 vocatur.
1022 1633 1139 1689 Non
1179 1634 1390 1689 tardare
1428 1634 1570 1688 enim
1609 1633 1733 1687 audi
1773 1632 1992 1687 Paulum
2022 1631 2107 1684 di-

521 1734 732 1780 centem
766 1744 778 1779 :
810 1725 1058 1780 Dominus
1089 1742 1246 1796 prape
1274 1735 1380 1792 est,
1412 1724 1543 1778 nihil
1575 1725 1780 1779 solliciti
1808 1725 1915 1777 sitis
1943 1722 2109 1794 (ΡΙιί-

521 1815 650 1884 lipp.
683 1817 735 1870 4.
765 1815 818 1870 5.
847 1816 900 1884 6)
931 1831 946 1881 ;
978 1825 1050 1882 et,
1086 1817 1186 1883 Qui
1215 1827 1452 1870 venturus
1478 1827 1548 1870 est
1575 1815 1733 1870 veniet
1754 1857 1768 1880 ,
1796 1825 1844 1869 et
1871 1832 1972 1868 non
1998 1823 2107 1866 tar-

521 1909 660 1962 dabit
689 1905 886 1980 (Hebr.
916 1907 1002 1962 10.
1036 1908 1102 1962 57
1127 1913 1164 1976 ).
1197 1907 1274 1961 Tu
1314 1923 1443 1962 vero
1478 1924 1597 1977 qua:
1627 1917 1922 1976 sequuntur
1947 1906 2068 1961 audi
2089 1947 2105 1971 ,

523 2009 577 2054 et
603 1999 751 2056 disce
775 2015 932 2070 quam
942 1999 1251 2074 frequenter
1266 2000 1662 2071 ignorationem
1679 1999 1783 2055 diei
1803 1999 1856 2053 in
1873 2006 2107 2054 mentem

527 2099 780 2158 revocet,
814 2093 988 2146 servis
1026 2091 1315 2146 ostendens
1349 2091 1399 2145 id
1432 2091 1562 2145 utile
1592 2105 1712 2145 esse
1736 2131 1753 2156 ,
1783 2101 1836 2144 et
1864 2089 2110 2145 sufﬁcere

525 2195 582 2238 ut
612 2186 728 2239 illos
759 2199 790 2238 a
820 2199 1009 2238 somno
1037 2185 1232 2238 excitet
1255 2193 1309 2238 et
1336 2183 1522 2253 erigat.
1556 2181 1694 2249 Quid
1733 2182 1874 2237 enim
1904 2182 1948 2236 si
1979 2181 2108 2235 nihil

522 2279 735 2344 quidam
767 2277 890 2332 inde
918 2278 1104 2332 lucrati
1133 2277 1292 2331 sunt?
1322 2276 1506 2346 Neque
1526 2277 1669 2331 enim
1693 2275 1760 2329 ab
1781 2275 1900 2329 aliis
1921 2274 2111 2344 juvan-

524 2372 661 2425 tibus
703 2371 829 2441 quid
873 2371 1144 2440 assequuti
1187 2380 1352 2425 sunt:
1387 2381 1618 2425 attamen
1667 2369 1753 2425 hic
1793 2385 1897 2423 non
1936 2378 2111 2423 cessat

521 2478 643 2532 qua}
669 2478 760 2516 sua
793 2473 917 2516 sunt
943 2461 1135 2517 facere.
1165 2461 1298 2530 Quid
1327 2478 1475 2532 ergo,
1504 2463 1730 2532 inquies,
1762 2462 1812 2514 in
1840 2462 2111 2531 sequenti-

525 2554 660 2609 bus?
691 2553 861 2608 Veniet
883 2572 984 2625 qua
1011 2556 1090 2607 die
1119 2573 1219 2608 non
1246 2566 1515 2626 exspectat,
1543 2566 1589 2608 et
1614 2556 1739 2608 liora
1762 2573 1860 2626 qua
1886 2556 2107 2625 ignorat,

523 2655 577 2700 et
605 2655 840 2700 extrema
877 2647 975 2714 ipsi
1018 2645 1231 2701 inferet.
1264 2647 1428 2701 Vides
1464 2647 1735 2717 quomodo
1774 2647 1877 2700 hoc
1915 2647 2110 2716 ubique

524 2746 752 2806 repetat,
787 2738 1203 2807 iguorantimque
1233 2739 1510 2792 utilitatem
1551 2747 1834 2805 monstret,
1863 2739 1940 2792 sic
1965 2739 2110 2792 solli-

522 2829 660 2881 citos
685 2843 897 2896 semper
924 2829 1194 2883 reddens?
1223 2829 1335 2884 Hoc
1365 2831 1506 2885 cnim
1533 2838 1617 2885 est
1643 2830 1784 2900 quod
1817 2830 1984 2899 magis
2012 2844 2109 2884 cu-

525 2933 643 2988 rat,
672 2933 729 2976 ut
758 2938 973 2991 semper
999 2924 1273 2993 vigilemus
1299 2943 1311 2977 :
1342 2934 1396 2980 et
1420 2925 1542 2995 quia
1579 2941 1792 2994 semper
1822 2925 1872 2978 in
1903 2923 2109 2979 deliciis

525 3014 804 3080 cadimus,
854 3015 906 3068 in
949 3016 1340 3071 calamitatibus
1382 3031 1510 3070 vero
1548 3016 1946 3085 resipiscimus,
1988 3015 2110 3069 ideo

527 3107 722 3174 ubique
761 3105 862 3161 hoc
890 3105 1052 3171 dicit,
1083 3108 1295 3177 quando
1339 3108 1545 3162 remissi
1584 3109 1888 3178 inertesque
1925 3122 2110 3162 sumus

527 3211 652 3255 hinc
672 3200 807 3255 mala
832 3200 1093 3255 accidere.
1118 3203 1194 3254 Ac
1220 3200 1664 3270 quemadmodmn
1694 3217 1851 3271 supra
1878 3216 1973 3270 per
1997 3201 2110 3256 Noe

525 3290 628 3346 hoc
653 3291 940 3346 declaravit
963 3308 978 3346 :
1006 3294 1082 3346 sic
1103 3301 1156 3346 et
1177 3293 1262 3346 hic
1283 3293 1375 3358 ait,
1397 3291 1528 3347 Cum
1553 3309 1739 3348 servus
1767 3295 1856 3348 ille
1881 3294 2107 3348 inebria-

526 3396 642 3448 tur,
671 3401 794 3440 cnm
825 3387 1106 3450 verberat,
1141 3397 1264 3440 tunc
1299 3387 1615 3457 supplicium
1642 3396 1724 3440 est
1753 3386 2105 3442 intolerabile.

528 3476 719 3530 Verum
767 3491 833 3531 ne
879 3478 1194 3546 supplicium
1237 3477 1335 3546 ipsi
1373 3478 1692 3532 destinatum
1733 3477 2106 3541 solummodo,

522 3570 615 3624 sed
649 3569 776 3623 illud
805 3569 961 3622 etiam
988 3569 1386 3624 consideremus
1405 3609 1420 3635 ,
1452 3585 1520 3623 ne
1547 3567 1684 3624 forte
1713 3579 1767 3623 et
1793 3569 1892 3639 ipsi
1919 3568 2105 3624 eadem

521 3672 740 3729 agentes
768 3661 819 3716 id
853 3677 957 3716 non
987 3661 1344 3716 advertamus.

596 3751 980 3821 Eleemosynam
1017 3751 1352 3806 commendat.
1382 3782 1454 3792 —
1484 3750 1696 3806 Etenim
1739 3751 1862 3806 huic
1904 3749 2108 3805 similes

521 3852 646 3896 sunt
678 3843 747 3896 illi
780 3844 866 3910 qui
901 3843 1153 3910 pecunias
1184 3842 1475 3906 habentes,
1503 3843 1686 3912 egenis
1724 3857 1828 3898 non
1868 3842 2107 3911 largiun-

523 3945 608 3988 tur
636 3953 649 3988 :
677 3935 721 3988 si
747 3934 962 4004 quidem
990 3942 1045 3989 et
1073 3943 1126 3988 tu
1155 3936 1502 4004 pecuniarum
1537 3944 1742 3987 tuarum
1771 3932 2108 4002 dispensator

520 4041 620 4090 cs,
652 4041 754 4079 non
797 4026 972 4080 minus
1011 4042 1168 4094 quam
1200 4027 1244 4080 is
1273 4027 1361 4095 qui
1403 4025 1654 4081 Ecclesiae
1698 4026 1836 4081 bona
1875 4025 2108 4080 admini-

524 4125 675 4170 strat.
706 4116 774 4172 Ut
814 4118 956 4171 enim
1002 4117 1086 4172 hic
1127 4133 1188 4170 ea
1233 4133 1351 4187 qum
1390 4134 1416 4169 a
1458 4119 1609 4172 vobis
1644 4132 1743 4186 pro
1788 4117 2108 4186 pauperibus

521 4217 735 4278 erogata
775 4218 934 4274 sunt,
965 4224 1067 4263 non
1107 4219 1280 4278 potest
1319 4226 1415 4279 pro
1444 4209 1611 4263 lubito
1637 4218 1691 4264 et
1721 4219 1923 4264 temere
1951 4225 2105 4278 spar-

521 4315 649 4369 gere
672 4341 687 4365 ,
720 4300 839 4369 quia
887 4301 936 4354 in
987 4317 1275 4371 pauperum
1312 4302 1449 4354 data:
1487 4311 1610 4356 sunt
1638 4302 1947 4356 alimentum
1983 4321 1995 4354 :
2030 4301 2108 4357 sic

527 4406 624 4445 nec
650 4399 702 4444 tu
735 4398 843 4444 tua.
875 4391 1094 4445 Etiamsi
1122 4394 1264 4446 enim
1297 4403 1570 4462 paternam
1597 4394 1868 4462 acceperis
1897 4392 2108 4446 heredi-

523 4491 719 4547 tatem,
751 4493 910 4553 atque
937 4484 1014 4538 sic
1045 4486 1222 4538 omnia
1265 4495 1348 4538 tua
1396 4485 1666 4552 possideas
1702 4502 1715 4538 :
1747 4494 1980 4539 attamen
2015 4485 2105 4540 Dei

521 4585 646 4627 sunt
674 4574 786 4628 haec
811 4576 1008 4628 omnia.
1038 4576 1176 4628 Sane
1206 4593 1322 4645 qua:
1353 4587 1405 4630 tu
1431 4577 1622 4631 dedisti
1655 4577 1733 4630 vis
1759 4587 2004 4632 accurate
2029 4578 2108 4632 (li-.-

523 4666 764 4734 spensari
790 4682 801 4718 :
826 4681 1002 4740 annon
1029 4676 1180 4734 putas
1207 4668 1373 4722 Deum
1401 4684 1493 4722 sua
1523 4685 1551 4721 a
1580 4669 1732 4724 nobis
1759 4671 1961 4740 majore
1984 4686 2104 4726 cum

523 4757 854 4813 vehementia
883 4760 1250 4827 repetiturum,
1283 4760 1376 4814 sed
1404 4761 1506 4814 illis
1535 4769 1733 4815 temere
1764 4766 2106 4831 pereuntibus

524 4849 574 4902 id
602 4848 872 4902 laturum?
899 4849 1015 4903 Non
1044 4849 1112 4902 ita
1147 4865 1231 4903 res
1255 4865 1314 4905 se
1341 4851 1521 4913 habet,
1553 4865 1655 4904 non
1685 4851 1756 4904 ita
1783 4859 1949 4907 certe.
1974 4853 2104 4907 Nam

523 4939 641 4994 ιλιι-τε
669 4944 788 4994 ideo
814 4940 952 5009 apud
985 4950 1035 4996 te
1068 4941 1314 5010 reliquit,
1349 4952 1408 4996 ut
1435 4943 1529 4996 dcs
1555 4958 1730 4997 escam
1761 4945 1861 4999 illis
1889 4948 1942 4999 in
1973 4955 2108 5000 tem-

525 5047 652 5098 pore
691 5043 1010 5102 opportuno.
1052 5035 1188 5102 Quid
1231 5043 1313 5089 est
1337 5077 1352 5100 ,
1393 5037 1445 5090 in
1484 5045 1726 5105 tempore
1764 5041 2107 5108 opportuno?

526 5122 717 5192 ligonis
738 5164 752 5190 ,
786 5125 1162 5179 esurientibus.
1197 5125 1343 5180 Sicut
1374 5127 1532 5195 igitur
1563 5136 1617 5181 tu
1645 5143 1905 5184 conservo
1930 5129 1996 5183 ad
2026 5130 2108 5182 di-

521 5216 877 5283 spensandum
918 5217 1109 5271 dedisti
1136 5260 1149 5282 ,
1179 5219 1255 5272 sic
1298 5220 1552 5274 Dominus
1581 5228 1632 5275 te
1661 5220 1771 5273 vult
1808 5230 1862 5275 ut
1904 5236 1996 5288 par
2025 5231 2108 5276 est

521 5306 845 5377 expendere.
874 5306 1018 5371 Ideo,
1043 5324 1163 5363 cum
1193 5311 1358 5378 possit
1381 5310 1611 5376 auferre,
1633 5310 1883 5381 relinquit
1906 5321 2103 5379 tamen,

521 5409 581 5453 ut
606 5400 813 5452 virtutis
839 5401 1152 5456 exercendae
1179 5403 1515 5457 occasionem
1555 5402 1785 5468 habeas;
1817 5411 1976 5472 utque
2007 5420 2104 5459 cu-

523 5491 692 5546 rando
721 5500 776 5546 ut
802 5491 937 5546 alter
964 5493 1130 5548 altero
1159 5504 1377 5563 egeret,
1415 5505 1650 5549 mutuam
1689 5496 1965 5551 caritatem
1997 5497 2105 5552 fer—

523 5586 814 5641 ventiorem
843 5585 1111 5642 redderet.
1137 5587 1214 5642 Tu
1243 5603 1368 5643 vero
1393 5597 1672 5659 postquam
1700 5591 1972 5660 accepisti,
1997 5606 2104 5645 non

520 5677 694 5733 solum
721 5692 827 5732 non
855 5677 972 5744 das,
1002 5678 1095 5732 sed
1125 5679 1282 5734 etiam
1309 5682 1577 5736 verberas.
1603 5681 1756 5749 Quod
1781 5682 1828 5736 si
1852 5697 1954 5737 non
1979 5683 2105 5737 dare

519 5767 675 5837 culpa
701 5776 802 5833 est,
827 5786 946 5840 qua:
975 5769 1128 5825 venia
1156 5772 1258 5825 erit
1286 5772 1624 5827 verberanti?

587 5859 645 5914 5.
685 5859 798 5916 Hoc
821 5876 1000 5919 autem
1024 5861 1157 5918 mihi
1183 5865 1359 5920 dicere
1383 5864 1590 5921 videtur
1610 5866 1661 5921 in
1683 5867 2103 5924 contumeliosos

1374 412 1435 467 S.
1475 411 1753 468 JOANNIS
1790 403 2266 464 CllliYSOSTOMl
2306 404 2624 460 ARClllEP.
2667 405 3202 463 CONSTANTINOP.

3699 409 3805 465 708

2218 528 2270 573 et
2291 534 2532 588 rapaces,
2552 519 2922 576 vehementem
2945 521 3210 574 intentans
3231 520 3646 587 accusationem,
3663 525 3806 593 quod

2216 623 2311 665 eos
2341 610 2626 664 verberent
2661 625 2797 680 quos
2839 612 2984 666 alere
3017 611 3153 680 jussi
3183 622 3325 666 sunt.
3372 610 3592 667 Videtur
3628 623 3806 669 autem

2215 701 2347 755 mihi
2375 700 2461 755 hic
2487 701 2604 756 illos
2629 702 2971 757 subindicare
2994 703 3079 773 qui
3105 702 3157 756 in
3185 701 3388 757 deliciis
3410 706 3570 757 vitam
3609 717 3806 773 agunt;

2217 809 2339 848 nam
2367 792 2584 847 delicias
2615 808 2802 862 magna
2824 803 3096 863 exspectat
3122 808 3273 864 paena
3299 810 3311 845 :
3333 794 3592 863 Comedat,
3616 797 3806 866 inquit,

2215 893 2260 937 et
2285 883 2417 938 bibat
2437 901 2550 937 cum
2574 884 2742 950 ebriis,
2769 885 2970 938 ventris
2991 885 3280 954 ingluviem
3305 887 3666 941 subindicans.
3690 889 3806 944 Non

2214 981 2356 1036 enim
2389 979 2508 1035 ideo
2537 980 2786 1049 accepisti
2813 1020 2827 1043 ,
2865 988 2923 1034 ut
2956 979 3258 1046 delicieris,
3289 980 3383 1034 sed
3422 992 3478 1034 ut
3507 981 3808 1056 eleemosy-

2217 1088 2338 1128 nam
2367 1089 2575 1143 eroges.
2600 1073 2737 1127 Num
2765 1082 2850 1127 tua
2881 1082 2932 1127 te
2953 1085 3108 1144 putas
3137 1074 3369 1128 habere?
3391 1074 3688 1144 Pauperum
3712 1077 3802 1130 tib'

2218 1165 2354 1219 bona
2383 1164 2684 1220 concredita
2712 1172 2855 1229 sunt,
2885 1165 3093 1220 etiamsi
3119 1165 3385 1222 hereditas
3411 1174 3628 1235 paterna
3656 1177 3799 1232 sint;

2212 1255 2422 1311 etiamsi
2467 1271 2533 1310 ex
2562 1255 2720 1324 jusnis
2748 1255 3017 1310 laboribus
3048 1266 3210 1325 parta:
3238 1257 3346 1311 sint
3373 1271 3525 1325 epes.
3553 1260 3744 1313 Annon
3775 1275 3805 1312 a

2215 1357 2270 1404 te
2300 1350 2440 1404 Deus
2473 1349 2564 1402 has
2604 1347 2816 1404 auferre
2845 1348 3056 1417 potuit?
3083 1348 3187 1404 Sed
3220 1349 3341 1404 ideo
3375 1364 3478 1403 non
3510 1350 3715 1412 aufert,
3747 1360 3808 1406 ut

2217 1449 2272 1493 tu
2301 1439 2472 1508 possis
2495 1453 2620 1508 erga
2649 1453 2846 1509 egenos
2872 1439 3242 1495 liberalitatem
3269 1456 3542 1496 exercere.
3574 1443 3651 1496 Tu
3678 1459 3807 1499 vero

2214 1534 2341 1588 mihi
2391 1535 2659 1604 perpende
2682 1576 2697 1600 ,
2729 1535 2997 1604 quomodo
3027 1536 3078 1590 in
3107 1537 3354 1590 omnibus
3389 1537 3658 1606 parabolis
3684 1538 3804 1593 illos

2213 1627 2409 1695 plectat
2432 1669 2446 1686 .
2476 1627 2565 1696 qui
2603 1626 2795 1696 opibus
2833 1627 2943 1681 suis
2981 1627 3046 1681 ad
3076 1643 3272 1698 egenos
3302 1628 3520 1683 alendos
3548 1647 3652 1684 non
3682 1642 3806 1684 sunt

2213 1718 2314 1772 usi.
2349 1717 2529 1787 Neque
2555 1719 2694 1772 enim
2726 1719 2958 1788 virgines
3000 1719 3106 1774 illa:
3145 1720 3315 1774 aliena
3353 1730 3678 1791 rapuerunt,
3705 1724 3800 1777 sed

2215 1825 2310 1864 sua
2338 1825 2443 1864 non
2465 1811 2668 1880 largita:
2691 1822 2852 1875 sunt;
2882 1828 3055 1881 neque
3082 1813 3127 1867 is
3149 1813 3240 1882 qui
3280 1814 3534 1869 talentum
3565 1815 3800 1890 defodit,

2213 1903 2386 1958 aliena
2428 1904 2660 1971 invasit,
2697 1905 2791 1959 sed
2836 1905 2962 1958 illud
3003 1921 3109 1961 non
3148 1905 3468 1977 duplicavit;
3511 1924 3682 1980 neque
3709 1913 3798 1981 qui

2212 1994 2512 2050 esurientes
2544 1995 2836 2066 negligunt,
2871 1996 2992 2052 ideo
3019 1997 3327 2065 puniuntur,
3354 1998 3493 2069 quod
3521 2001 3686 2055 aliena
3714 2017 3800 2055 ra-

2213 2092 2423 2160 puerint
2442 2134 2456 2159 ,
2487 2093 2579 2147 sed
2609 2093 2748 2162 quod
2779 2109 2871 2150 sua
2902 2109 3006 2149 non
3033 2096 3416 2166 disperserint;
3446 2097 3799 2167 quemadmo-

2211 2180 2338 2236 dum
2378 2193 2434 2237 et
2471 2183 2558 2238 hic
2596 2198 2802 2240 servus.
2835 2186 3128 2246 Audiamus
3155 2187 3313 2258 igitur
3341 2198 3599 2260 quotquot
3629 2193 3798 2244 ventri

2213 2275 2567 2346 indulgemus,
2598 2287 2859 2348 quotquot
2885 2280 2936 2334 in
2964 2279 3136 2336 lautas
3161 2298 3346 2338 comas
3377 2285 3631 2352 pecunias
3656 2285 3801 2337 insu-

2215 2367 2427 2435 mimns,
2451 2385 2569 2438 quae
2594 2385 2699 2425 non
2731 2383 2948 2439 nostrae,
2981 2373 3074 2429 sed
3107 2389 3394 2442 egenorum
3424 2386 3566 2431 sunt.
3600 2377 3675 2430 Ne
3703 2393 3798 2447 pu-

2216 2468 2296 2513 tes
2325 2460 2465 2513 enim
2497 2461 2616 2530 quia
2648 2477 2744 2531 per
2773 2463 2990 2517 multam
3023 2466 3442 2521 misericordiam
3484 2467 3598 2522 haec
3628 2479 3682 2522 ut
3711 2480 3799 2522 tua

2212 2548 2341 2603 dare
2364 2550 2544 2619 jussus
2573 2568 2651 2616 es,
2680 2553 2801 2608 ideo
2832 2553 2944 2609 haec
2971 2570 3091 2610 esse
3122 2565 3230 2611 tua.
3259 2557 3374 2612 Tibi
3405 2560 3795 2622 commodavit,

2215 2651 2271 2695 ut
2297 2642 2462 2711 probe
2500 2660 2658 2714 agere
2701 2660 2906 2715 posses.
2954 2647 3031 2702 Ne
3063 2657 3149 2704 tua
3186 2649 3345 2719 igitur
3370 2649 3498 2705 dare
3523 2660 3575 2705 te
3605 2659 3756 2720 putes
3777 2693 3791 2714 ,

2213 2733 2340 2788 dum
2373 2736 2470 2804 ipsi
2501 2753 2593 2791 sua
2625 2739 2856 2809 largiris.
2885 2740 3067 2811 Neque
3097 2743 3236 2797 enim
3270 2745 3313 2797 si
3344 2752 3396 2798 tu
3424 2745 3648 2815 cuipiam
3677 2762 3798 2800 mu-

2214 2833 2304 2880 tuo
2329 2827 2507 2896 dares,
2540 2840 2596 2884 ut
2625 2830 2896 2902 profectus
2922 2834 3045 2889 inde
3074 2835 3264 2891 lucrari
3297 2848 3512 2907 posset,
3547 2840 3800 2908 pecunias

2213 2917 2332 2974 illas
2357 2919 2422 2974 ad
2455 2920 2626 2990 ipsum
2663 2925 2930 2992 pertinere
2954 2926 3180 2982 diceres.
3211 2928 3301 2984 Sic
3337 2930 3428 2984 tibi
3468 2931 3607 2985 Deus
3635 2945 3799 3001 pecu-

2213 3009 2354 3064 niam
2393 3012 2642 3074 tradidit,
2676 3025 2733 3067 ut
2759 3015 2946 3069 cadum
2986 3032 3152 3072 emas.
3185 3018 3263 3074 Ne
3291 3036 3418 3090 ergo
3458 3021 3799 3092 benignitatis

2212 3102 2572 3170 magnitudine
2623 3105 2788 3159 utaris
2830 3116 2891 3161 ut
2935 3108 3198 3178 ingratum
3243 3111 3494 3166 exhibeas
3536 3116 3791 3169 animum.

2209 3189 2392 3258 Cogita
2423 3209 2580 3258 quiam
2611 3197 2842 3264 optabile
2878 3208 2995 3253 erat
3032 3210 3150 3264 post
3182 3201 3438 3270 baptisma
3469 3206 3536 3258 ad
3572 3207 3795 3260 eluenda

2212 3293 2432 3346 peccata
2469 3293 2664 3333 novam
2698 3279 2936 3346 reperire
2973 3279 3139 3333 viam.
3180 3278 3244 3333 Ni
3274 3281 3526 3345 dixisset,
3560 3281 3636 3333 Da
3661 3281 3794 3333 elec-

2212 3389 2505 3444 mosynam,
2526 3382 2660 3442 quot
2682 3373 2932 3427 homines
2948 3374 3146 3428 dicturi
3165 3384 3343 3438 erant,
3368 3375 3582 3430 Utinam
3607 3394 3795 3444 posse-

2211 3483 2333 3522 mus
2359 3469 2605 3537 pecuniis
2629 3483 2659 3522 a
2685 3467 2882 3522 futuris
2907 3483 3004 3523 nos
3029 3471 3185 3523 malis
3205 3470 3473 3523 redimere
3501 3471 3512 3523 ε
3543 3468 3646 3524 Sed
3663 3473 3789 3540 quia

2210 3569 2388 3629 potest
2415 3561 2551 3626 ﬁeri,
2575 3577 2772 3615 rursus
2795 3561 2975 3630 supini
3003 3561 3206 3630 jaceat.
3229 3561 3333 3616 Sed
3359 3562 3450 3626 do,
3477 3562 3709 3630 inquies.
3726 3559 3795 3615 Et

2210 3653 2340 3721 quid
2356 3651 2789 3708 illud?Nondum
2815 3661 3023 3707 tantum
3044 3653 3262 3721 dedisti,
3281 3663 3542 3722 quantum
3567 3653 3656 3706 illa
3678 3669 3796 3706 mu-

2210 3746 2312 3800 lier
2337 3764 2457 3818 quze
2477 3747 2613 3802 duos
2641 3748 2883 3818 erogavit
2907 3748 3121 3814 obolos;
3143 3763 3250 3802 non
3274 3747 3578 3809 dimidiam,
3595 3750 3700 3800 imo
3724 3761 3792 3798 ne

2217 3828 2488 3879 minimam
2511 3829 2724 3897 quidem
2755 3840 2958 3899 partem
2981 3832 2996 3862 ³
3015 3831 3066 3885 in
3089 3832 3482 3900 comparatione
3507 3831 3676 3896 illius;
3699 3831 3794 3886 sed

2212 3920 2375 3974 multa
2416 3920 2469 3974 in
2508 3930 2750 3990 sumptus
2794 3923 3008 3977 inutiles
3059 3923 3369 3992 profundis,
3410 3924 3460 3977 in
3509 3925 3752 3978 convivia
3777 3967 3790 3988 ,

2211 4013 2541 4077 ebrietatem,
2573 4019 2970 4083 extremamque
3001 4015 3289 4083 ingluviem
3321 4033 3333 4067 :
3367 4031 3508 4070 nunc
3533 4016 3794 4076 inritans.

2212 4120 2352 4159 nunc
2377 4105 2656 4168 invitatus;
2688 4120 2828 4160 nunc
2847 4107 3138 4171 consumis,
3167 4121 3304 4160 nunc
3325 4107 3458 4161 alios
3479 4121 3797 4163 consumere

2211 4197 2384 4265 cogis;
2430 4196 2502 4250 ita
2545 4204 2602 4250 ut
2637 4195 2903 4266 duplicem
2936 4197 3028 4250 tibi
3071 4211 3225 4266 pares
3261 4197 3551 4252 cruciatum
3575 4239 3591 4265 ,
3627 4198 3695 4253 ab
3732 4200 3797 4254 iis

2213 4301 2329 4353 quae
2373 4296 2428 4339 tu
2466 4285 2631 4353 facis,
2663 4295 2718 4340 et
2758 4287 2825 4342 ab
2868 4287 2933 4341 iis
2969 4303 3088 4357 quae
3132 4298 3184 4342 te
3216 4296 3430 4342 auctore
3457 4289 3546 4343 alii
3575 4288 3796 4344 faciunt.

2216 4375 2345 4432 Vide
2380 4393 2508 4448 ergo
2553 4377 2695 4433 hunc
2739 4378 2992 4432 famulum
3029 4379 3218 4432 eadem
3256 4379 3324 4433 de
3362 4396 3421 4434 re
3447 4392 3752 4436 accusatum
3778 4425 3792 4447 ,

2211 4467 2458 4530 Comedit,
2487 4468 2676 4536 inquit,
2701 4480 2749 4521 et
2771 4469 2891 4522 bibit
2915 4485 3029 4521 cum
3055 4468 3220 4522 ebriis.
3250 4468 3432 4539 Neque
3458 4471 3597 4525 enim
3619 4472 3798 4527 ebrios

2215 4568 2460 4625 unitum,
2505 4561 2596 4613 sed
2639 4571 2692 4614 et
2731 4561 2939 4614 illorum
2973 4561 3147 4615 socios
3187 4562 3446 4628 supplicio
3483 4562 3712 4629 afﬁciet;
3743 4577 3804 4619 et

2208 4651 2329 4720 jure
2359 4651 2571 4720 quidem
2601 4669 2614 4706 :
2642 4667 2762 4705 nam
2805 4661 2859 4706 et
2894 4653 3098 4720 seipsos
3124 4663 3508 4721 corrumpunt,
3535 4663 3590 4708 et
3616 4656 3796 4722 proxi-

2213 4761 2420 4798 morum
2452 4745 2680 4800 salutem
2713 4745 3003 4815 negligant.
3049 4745 3186 4799 Nihil
3218 4755 3392 4800 autem
3423 4747 3492 4799 ita
3523 4746 3688 4801 Deum
3718 4748 3795 4802 ir-

2212 4837 2372 4901 ritat,
2415 4845 2472 4890 ut
2509 4837 2553 4890 si
2594 4837 2820 4905 proximi
2862 4849 2948 4889 res
2987 4837 3336 4906 negligantur.
3381 4836 3714 4906 Quapropter
3741 4847 3800 4892 ut

2213 4929 2345 4981 iram
2378 4943 2528 4982 suam
2557 4928 2858 4996 exprimat,
2884 4927 3110 4982 discindi
3135 4943 3346 4982 servum
3374 4929 3547 4997 jussit.
3593 4928 3799 4984 Idcirco

2211 5020 2488 5075 caritatem
2516 5020 2894 5088 discipulorum
2934 5035 3150 5074 suorum
3189 5029 3444 5075 tesseram
3471 5021 3604 5074 dixit
3630 5036 3751 5076 esse
3781 5039 3795 5075 :

2211 5114 2334 5181 quia
2359 5127 2575 5167 necesse
2595 5114 2814 5166 omnino
2843 5122 2925 5167 est
2950 5112 3253 5183 diligentem
3277 5127 3365 5167 res
3386 5112 3562 5168 dilecti
3584 5127 3796 5172 curare.

2215 5203 2360 5258 Hanc
2399 5204 2557 5272 igitur
2591 5203 2728 5256 viam
2776 5213 3050 5257 teneamus
3082 5221 3094 5255 :
3129 5219 3252 5258 nam
3295 5204 3408 5257 lucc
3447 5204 3675 5258 maxime
3717 5221 3750 5260 e
3784 5221 3801 5259 t

2213 5312 2330 5366 qu..e
2357 5296 2422 5349 ad
2461 5295 2646 5348 caelum
2679 5295 2822 5348 ducit
2844 5336 2858 5356 ,
2888 5310 3005 5364 quae
3035 5295 3230 5351 Christi
3271 5295 3562 5350 imitatores
3590 5295 3752 5350 efﬁcit
3784 5341 3797 5360 ,

2213 5401 2332 5454 qua:
2362 5385 2470 5439 Deo
2497 5385 2697 5439 similes
2731 5384 2923 5438 reddit.
2974 5384 3108 5440 Vide
3135 5400 3264 5454 ergo
3291 5400 3448 5454 qnam
3481 5389 3797 5442 necessaria-

2214 5477 2321 5530 sint
2359 5475 2441 5529 ha:
2482 5475 2704 5529 virtutes
2731 5516 2745 5540 ,
2777 5490 2896 5544 quze
2933 5475 3084 5544 juxta
3122 5475 3262 5528 viam
3288 5475 3424 5530 hanc
3459 5475 3798 5532 tabernacula

2214 5574 2522 5638 posuerunt.
2546 5567 2600 5621 Si
2631 5567 2801 5635 placet
2829 5575 3005 5621 autem
3031 5607 3046 5630 ,
3082 5566 3199 5620 illas
3225 5566 3528 5638 diligentius
3553 5568 3799 5637 exploreo

2213 5677 2350 5728 mus,
2384 5670 2440 5716 et
2467 5660 2758 5716 secundum
2790 5660 2882 5716 Dei
2915 5659 3166 5730 placitum
3193 5660 3509 5717 sententiam
3537 5661 3793 5718 feramus.

2198 5805 2436 5916 delitam,
2463 5819 2558 5857 non
2604 5801 2884 5868 dimidiam,
2907 5820 3053 5858 0mm.
3097 5807 3439 5871 Mor.,hloutf.,
3469 5814 3520 5858 et
3545 5821 3670 5858 unus
3689 5819 3776 5857 co-
