4154 6370
385 316 487 369 707

376 431 510 483 ἀλλά
535 429 624 484 διὰ
651 430 712 484 1'6
749 431 984 502 πονηρὸν
1013 426 1151 484 εἶναι
1185 433 1275 484 τὸν
1306 433 1540 504 οἰκέτην.
1583 435 1736 486 Ἐπεὶ
1769 433 1846 504 τῷ
1875 435 2057 506 φρονί-

379 526 466 579 μῳ
499 510 593 562 καὶ
624 509 803 580 πιστῷ
846 509 992 573 τίνος
1030 511 1215 563 ἐνεκεν
1243 512 1287 542 ¹⁸
1329 513 1429 564 οὐκ
1472 512 1797 581 ἐπεισῆλθεν
1846 512 1985 582 αὐτη
2024 515 2056 584 η

375 587 588 654 ἔννοια;
620 589 686 640 Τί
711 588 837 659 γὰρ,
881 589 930 640 εἰ
957 589 1050 641 καὶ
1082 589 1318 658 χρονίζει
1353 591 1379 642 6
1403 589 1688 659 δεσπότης,
1721 589 1891 654 ἄθλιε,
1923 589 2059 652 ὅλως

376 667 682 737 προσδοκᾷς
719 667 882 719 αὐτὸν
905 666 1055 738 ἥξειν
1087 668 1166 732 ¹⁵;
1197 668 1260 720 Τί
1287 663 1380 720 οὖν
1411 669 1469 721 οὐ
1507 670 1804 738 μεριμνᾷς;
1854 669 2062 720 Ἐντεῦ-

380 745 471 797 θεν
499 740 592 798 οὖν
625 745 987 816 μανθάνομεν,
1016 748 1098 799 611
1127 746 1246 799 οὐδὲ
1271 746 1526 816 χρονίζει.
1562 747 1710 815 Αὐτη
1736 747 1842 817 γὰρ
1873 749 1938 800 οὐ.
1964 747 2057 799 τοῦ

377 825 660 890 δεσπότου,
691 825 826 878 ἀλλά
854 827 953 895 τῆς
977 825 1069 878 τοῦ
1100 826 1336 896 πονηροῦ
1365 827 1576 878 οἰκέτου
1620 825 1847 895 γνώμης
1879 827 1911 896 ή
1949 827 2055 897 ψῆ-

381 921 478 971 φος
499 921 513 934 ο
541 904 620 957 διὸ
651 905 743 957 καὶ
780 903 866 957 διά
885 904 1043 957 τοῦτο
1061 904 1392 972 ἐγκαλεῖται.
1439 905 1560 956 Ὅτι
1582 904 1688 974 γὰρ
1713 906 1771 956 οὐ
1798 903 2055 974 χρονίζει,

379 982 610 1036 ἄκουσον
663 983 873 1037 Παύλου
916 984 1196 1051 λέγοντος·
1257 985 1316 1036 ’0
1370 985 1585 1050 Κύριος
1631 984 1830 1052 ἐγγὺς,
1866 984 2060 1052 μηδὲν

375 1062 727 1132 μεριμνᾶτεο
766 1065 881 1127 καὶ,
941 1064 994 1116 Ὁ
1025 1064 1348 1132 ἐρχόμενος
1373 1064 1527 1130 ἣξει,
1563 1063 1664 1119 καὶ
1708 1067 1780 1117 οὐ
1812 1064 2054 1132 χρονιεῖ.

379 1144 452 1195 Σὺ
482 1141 537 1194 δὲ
573 1144 666 1195 καὶ
705 1143 814 1196 τῶν
849 1142 975 1212 ἐξῆς
1017 1143 1204 1203 ἄκουε,
1240 1144 1334 1195 καὶ
1377 1142 1611 1213 μάνθανε
1653 1143 1770 1205 πῶς
1819 1143 2059 1212 συνεχῶς

379 1223 786 1292 ὑπομιμνήσκει
825 1225 868 1256 ⁸⁵
921 1224 1018 1293 τῆς
1075 1222 1292 1291 ἀγνοίας
1324 1222 1421 1292 τῆς
1452 1222 1681 1292 ἡμέρας,
1721 1221 1895 1289 δηλῶν
1948 1226 2057 1285 τοῖς

377 1301 614 1363 οἰκέταις
641 1303 796 1355 τοῦτο
828 1303 1093 1372 χρήσιμον
1143 1302 1224 1366 ὃν,
1275 1302 1367 1356 καὶ
1411 1301 1591 1355 ἰκανὸν
1623 1300 1924 1369 ἀφυπνίσαι
1968 1303 2058 1353 αὐ-

377 1380 504 1441 τοὺς
534 1381 627 1431 καὶ
655 1380 1030 1449 διαναστῆσαι.
1063 1380 1128 1433 Τί
1161 1382 1270 1450 γάρ
1302 1382 1351 1432 εἰ
1381 1380 1476 1434 καί
1504 1381 1668 1450 μηδέν
1700 1397 1844 1443 τινες
1870 1381 2054 1434 ἐντεῦ-

381 1461 471 1511 θεν
502 1457 797 1529 ἐκέρδαναν
821 1475 834 1522 ;
871 1459 1003 1512 Οὐδὲ
1030 1460 1135 1531 γὰρ
1165 1459 1270 1513 ἀπὸ
1299 1460 1406 1512 τῶν
1431 1459 1605 1512 ἄλλων
1644 1459 1752 1512 τῶν
1781 1459 2053 1529 ὠφελούν-

378 1555 484 1590 των
518 1537 876 1608 ὠφελήθησάν
904 1556 1066 1601 τινες,
1115 1539 1228 1592 ἀλλ’
1255 1539 1402 1609 ὅμως
1436 1533 1587 1601 οὗτος
1625 1539 1684 1591 οὐ
1719 1539 1952 1592 παύεται
1987 1539 2054 1593 τὰ

379 1616 542 1669 αὐτοῦ
567 1618 608 1649 ⁸⁸
640 1619 827 1670 ποιῶν.
861 1617 926 1670 Τί
967 1615 1059 1671 οὖν
1085 1635 1216 1688 φησι
1246 1617 1313 1671 τά
1341 1617 1500 1687 ἐξῆς;
1553 1619 1898 1670 Ἑλεὺσεται
1945 1618 2054 1689 γάρ

369 1698 422 1768 ,¹⁷
461 1699 531 1749 ἐν
557 1697 747 1767 ἡμέρᾳ
786 1692 826 1769 ᾗ
864 1701 936 1753 οὐ
965 1697 1296 1766 προσδοκᾷ,
1331 1699 1429 1751 καί
1461 1699 1532 1752 ἑν
1557 1697 1677 1766 ὥρᾳ
1705 1692 1746 1769 ᾖ
1775 1699 1847 1750 οὺ
1882 1699 2050 1767 τινώ-

377 1792 530 1846 σκει,
583 1782 679 1832 καί
711 1780 780 1832 τά
827 1780 1029 1850 ἔσχατα
1073 1780 1233 1833 αὐτὸν
1279 1778 1540 1850 διαθήσει.
1599 1780 1759 1850 Ὁρᾷς
1795 1777 1912 1842 πῶς
1955 1780 2048 1832 καὶ

377 1858 649 1927 πανταχοῦ
681 1859 838 1912 τοῦτο
864 1858 1064 1928 τίθησι,
1114 1858 1174 1911 τὸ
1214 1857 1315 1927 τῆς
1344 1857 1582 1926 ἀγνοίας,
1612 1857 1825 1921 δεικνὺς
1856 1858 2048 1928 Χρήσι·

378 1953 476 2003 μον
507 1936 565 1989 ὂν
593 1938 655 1997 ⁸⁸,
692 1940 785 1991 καὶ
811 1938 983 2010 ταύτῃ
1019 1939 1186 1991 ποιῶν
1211 1939 1538 2007 ἐναγωνίους
1564 1939 1682 2003 ἀεί;
1735 1937 1905 1990 Τοῦτο
1939 1938 2047 2009 γάρ

375 2017 522 2068 ἐστιν
576 2017 723 2088 αὐτῷ
759 2018 818 2071 τὸ
857 2019 1306 2088 σπουδαζόμενον,
1351 2018 1412 2070 τὸ
1447 2019 1533 2071 ἀεὶ
1565 2021 1710 2089 ήμᾶς
1752 2018 2048 2089 ἐγρηγορέ-

374 2112 491 2146 ναι·
520 2099 611 2148 καὶ
634 2099 820 2169 ἐπειδὴ
851 2099 936 2151 ἀεὶ⁹
969 2101 1024 2150 ἐν
1060 2103 1180 2161 ταῖς
1207 2100 1436 2167 τρυφαῖς
1467 2097 1864 2167 ἀναπίπτομεν,
1896 2099 1951 2148 ἐν
1989 2095 2045 2147 δέ

374 2179 492 2237 ταῖς
524 2178 827 2248 συμφοραῖς
861 2178 1056 2247 μᾶλλον
1086 2177 1504 2248 συστελλόμεθα,
1539 2176 1626 2229 διὰ
1655 2176 1814 2228 τοῦτο
1844 2191 2046 2228 παντα-

375 2253 470 2322 χοῦ
498 2254 655 2309 τοῦτο
685 2256 854 2324 λέγει,
880 2258 960 2310 611
982 2259 1112 2310 ὅταν
1139 2258 1321 2319 ἄνεσις
1352 2253 1407 2329 ᾗ,
1440 2255 1561 2308 τότε
1601 2255 1908 2324 ἔρχεταιτά
1937 2253 2047 2307 δει-

375 2333 459 2386 νά,
503 2334 611 2387 K01
655 2333 842 2404 ὥσπερ
872 2336 1130 2408 ἀνωτέρω
1157 2335 1244 2389 διά
1273 2336 1365 2388 τοῦ
1410 2334 1533 2387 Νῶε
1560 2334 1715 2386 τοῦτο
1755 2334 2042 2403 ἐδήλωσεν,

374 2411 516 2465 οὕτω
537 2413 631 2465 καὶ
661 2415 894 2468 ἐνταῦθά
924 2432 1107 2485 φησιν,
1137 2415 1304 2468 Ὅταν
1342 2416 1369 2467 6
1391 2413 1573 2476 66610;
1603 2415 1807 2476 ἐκεῖνος
1847 2412 2043 2485 μεθύῃ,

375 2493 498 2545 ὅταν
522 2492 700 2564 τύπτῃ
724 2533 738 2556 ,
784 2495 878 2548 καὶ
918 2497 949 2565 ή
991 2494 1211 2557 κόλασις
1243 2493 1515 2565 ἀφόρητος
1542 2495 1606 2546 ¹⁹.
1650 2491 1809 2544 Ἀλλά
1842 2491 1915 2563 μὴ
1948 2491 2046 2562 τὴν

375 2572 594 2624 κόλασιν
639 2574 834 2642 ἴδωμεν
867 2574 1022 2644 μόνον
1055 2573 1151 2644 τὴν
1198 2573 1389 2643 ἐκείνῳ
1428 2571 1707 2643 κειμένην,
1757 2571 1894 2625 ἀλλά
1947 2572 2048 2624 κά-

374 2655 518 2704 κεῖνο
547 2655 933 2724 σκοπήσωμεν,
968 2656 1179 2726 μήποτε
1206 2655 1296 2708 καὶ
1324 2653 1479 2707 αὐτοὶ
1499 2653 1565 2708 τὰ
1603 2652 1741 2707 αὐτὰ
1778 2653 2045 2725 πράττον-

373 2748 464 2793 τες
495 2731 864 2802 λανθάνωμεν.

445 2811 553 2863 Καὶ
586 2812 694 2882 γὰρ
726 2812 899 2882 τούτῳ
925 2813 1163 2866 ἐοίκασιν
1193 2812 1243 2864 οἰ
1274 2813 1532 2883 χρήματα
1563 2812 1799 2884 ἔχοντες,
1834 2813 1928 2866 καὶ
1972 2812 2044 2884 μὴ

372 2889 604 2953 διδόντες
652 2895 766 2956 τοῖς
816 2891 1110 2961 δεομένοις.
1161 2893 1270 2944 Καὶ
1299 2893 1408 2963 γὰρ
1454 2892 1546 2945 καὶ
1594 2894 1658 2946 σὺ
1682 2892 1961 2962 οἰκονόμος
1998 2889 2050 2945 εἴ

374 2968 482 3022 τῶν
511 2971 705 3024 σαυτοῦ
740 2973 1053 3042 χρημάτων,
1095 2971 1192 3041 οὐχ
1224 2967 1385 3042 ἦττον
1428 2971 1462 3042 ἦ
1501 2972 1528 3023 6
1574 2973 1644 3024 τὰ
1678 2971 1776 3041 τῆς
1822 2971 2050 3041 Ἐκκλη-

377 3049 497 3110 σίας
524 3050 838 3121 οἰκονομῶν.
892 3051 1098 3121 Ὥσπερ
1131 3047 1224 3104 οὖν
1266 3053 1470 3113 ἐκεῖνος
1508 3051 1608 3103 οὐκ
1651 3051 1762 3121 ἔχει
1804 3050 2049 3115 ἐξουσίαν

373 3131 443 3180 τὰ
473 3130 718 3200 διδόμενα
753 3133 881 3202 παρ’
908 3130 1058 3202 ὑμῶν
1087 3133 1165 3195 εἰς
1197 3132 1432 3200 πένητας
1463 3131 1647 3194 ἁπλῶς
1678 3131 1770 3184 1101‘1
1797 3130 1871 3194 ὼς
1894 3130 2048 3201 ἔτυχε

377 3210 692 3280 σκορπίσαι,
735 3209 884 3282 [747]
920 3210 1108 3281 ἐπειδὴ
1137 3212 1215 3273 εἰς
1259 3211 1506 3279 πενήτων
1543 3209 1697 3277 ἐδόθη
1724 3210 2045 3280 διατροφήν·

374 3289 543 3354 οὕτως
572 3290 690 3342 οὐδέ
715 3291 778 3343 σὺ
798 3289 866 3343 τὰ
893 3291 981 3344 σά.
1003 3291 1065 3343 Εἰ
1082 3291 1189 3361 γάρ
1213 3291 1304 3342 καὶ
1334 3289 1582 3358 πατρῷον
1599 3288 1813 3351 διεδέξω
1828 3288 2049 3357 κλῆρον,

377 3371 469 3421 καὶ
510 3367 680 3433 οὕτως
735 3368 878 3439 ἔχεις
934 3370 1112 3423 πάντα
1144 3368 1180 3422 ἃ
1227 3369 1396 3438 ἔχειςο
1445 3368 1540 3420 καὶ
1589 3366 1730 3419 οὕτω
1778 3365 1871 3419 τοῦ
1914 3365 2049 3418 Θεοῦ

377 3449 551 3501 πάντα
584 3447 750 3502 ἐστίν.
804 3446 956 3511 Εἶτα,
1003 3449 1066 3502 σὺ
1115 3448 1212 3517 μὲν
1245 3442 1380 3516 ὅπερ
1411 3446 1640 3509 ἔδωκας,
1684 3445 1825 3498 οὕτω
1876 3445 2052 3515 βούλει

380 3529 516 3597 μετά
539 3527 826 3598 ἀκριϐείας
858 3526 1289 3597 οἰκονομεῖσθαι·
1334 3526 1426 3578 τὸν
1449 3525 1506 3577 δὲ
1539 3525 1672 3578 Θεὸν
1703 3525 1803 3578 οὐκ
1834 3525 1935 3577 οἴει
1984 3527 2053 3579 τὰ

375 3605 538 3658 αὐτοῦ
571 3606 708 3676 μετά
739 3606 981 3669 πλείονος
1011 3608 1329 3676 ἀπαιτήσειν
1357 3607 1503 3676 ἡμᾶς
1543 3606 1642 3674 τῆς
1673 3605 2046 3677 σφοδρότητος,

375 3684 512 3736 ἀλλά
549 3686 836 3755 ἀνέχεσθαι
869 3685 1054 3748 άπλῶς
1085 3686 1262 3738 αὐτῶν
1303 3684 1726 3754 ἀπολλυμένων;
1779 3687 1892 3738 Οὐκ
1939 3686 2051 3740 ἔστι

375 3763 568 3830 ταῦτα,
603 3765 702 3818 οὐκ
735 3765 870 3818 ἔστι.
916 3765 1025 3817 Καὶ
1046 3765 1153 3835 γὰρ
1182 3764 1267 3816 διὰ
1289 3763 1446 3816 τοῦτο
1473 3765 1566 3816 καί¹
1598 3764 1748 3834 παρά
1781 3765 1863 3816 σοὶ
1883 3765 2052 3819 ταῦτα

376 3844 580 3907 εἴασεν,
614 3844 755 3897 ὥστε
794 3843 975 3896 δοῦναι
1010 3843 1107 3914 τὴν
1141 3843 1343 3914 τροφὴν
1375 3845 1556 3906 αὐτοῖς
1593 3845 1651 3896 ἐν
1683 3845 1858 3915 καιρῷ
1887 3846 1948 3896 ²⁰.
1989 3847 2052 3900 Τί

377 3926 544 3984 ἐστιν,
582 3924 639 3975 ἐν
675 3921 884 3994 καιρῷ;
914 3924 1036 3984 Τοῖς
1075 3922 1367 3991 δεομένοις,
1397 3925 1508 3985 τοῖς
1538 3923 1812 3976 πεινῶσιν.
1844 3924 2052 3992 Ὥσπερ

377 4001 488 4072 γὰρ
515 4004 576 4055 06
593 4000 669 4072 τῷ
700 4000 966 4071 συνδούλῳ
1000 4000 1206 4063 ἔδωκας
1246 4002 1614 4070 οἰκονομῆσαι,
1651 4001 1792 4053 οὕτω
1819 4003 1910 4055 καὶ
1941 4004 2000 4055 σέ
2023 4004 2051 4055 ὁ

376 4083 650 4150 Δεσπότης
680 4079 924 4150 βούλεται
962 4083 1040 4142 εἰς
1083 4081 1202 4132 δέον
1246 4080 1416 4134 ταῦτα
1458 4080 1720 4150 δαπανᾷν.
1761 4081 1860 4133 Διά
1895 4081 2050 4134 τοῦτο

377 4163 471 4214 καὶ
495 4162 786 4229 δυνάμενος
819 4162 957 4214 αὐτά
993 4161 1304 4229 ἀφελέσθαι,
1347 4161 1578 4231 ἀφῆκεν,
1611 4161 1695 4213 ἵνα
1719 4161 1846 4232 ἔχῃς
1879 4163 2049 4232 ἀφορ-

382 4241 490 4312 μὴν
514 4243 712 4312 ἀρετὴν
742 4239 1109 4304 ἐπιδείξασθαι
1128 4257 1142 4270 ·
1178 4241 1264 4293 ἵνα
1291 4240 1531 4310 ἀλλήλων
1565 4244 1643 4304 εἰς
1676 4241 1863 4310 χρείαν
1891 4259 2051 4294 κατα-

380 4324 580 4390 στήσας
606 4322 702 4390 τὴν
732 4321 866 4390 πρὸς
898 4319 1161 4389 ἀλλήλους
1187 4320 1405 4388 ἀγάπην
1440 4319 1774 4390 θερμοτέραν
1811 4320 2048 4390 ἐργάση⁴

375 4417 485 4452 ται.
519 4401 590 4452 Σὺ
615 4399 671 4451 δὲ
703 4398 902 4460 λαϐὼν,
933 4398 993 4449 οὐ
1026 4397 1184 4466 μόνον
1212 4398 1272 4449 οὐ
1300 4398 1476 4461 δίδως,
1503 4398 1638 4450 ἀλλά
1679 4398 1771 4451 καί
1801 4397 2042 4462 τύπτεις.

377 4478 634 4545 Καίτοιγε
667 4479 716 4530 εἰ
748 4478 808 4530 τὸ
845 4475 919 4548 μὴ
957 4477 1136 4532 δοῦναι
1184 4476 1454 4548 ἔγκλημα,
1489 4476 1550 4530 τὸ
1587 4480 1860 4549 τυπτῆσαι
1887 4479 2046 4532 ποίαν

376 4557 532 4626 φέρει
566 4557 891 4626 συγγνώμην
907 4575 921 4623 ;

449 4641 508 4687 ε’.
544 4634 714 4687 Τοῦτο
748 4635 805 4687 δέ
835 4653 922 4706 μοι
950 4635 1096 4688 δοκεῖ
1123 4633 1324 4702 λέγειν,
1358 4635 1485 4698 τοὺς
1506 4635 1764 4705 ὑϐριστὰς
1797 4638 1890 4690 καὶ
1921 4638 2044 4700 τοὺς

379 4713 706 4776 πλεονέκτας
738 4715 1123 4783 αἰνιττόμενος,
1155 4717 1248 4767 καὶ
1280 4713 1482 4782 πολλὴν
1513 4715 1916 4786 ἐνδεικνύμενος
1947 4716 2044 4786 τὴν

378 4793 731 4862 κατηγορίαν,
781 4793 907 4844 ὅταν
961 4791 1053 4856 06;
1098 4793 1316 4863 τρέφειν
1362 4793 1777 4865 ἐκελεύσθησαν,
1823 4795 2044 4859 τούτους

376 4870 640 4924 τύπτωσι.
686 4873 842 4924 Δοκεῖ
863 4871 919 4924 δέ
949 4888 1037 4941 μοι
1067 4873 1159 4924 καὶ
1185 4874 1308 4936 τοὺς
1344 4874 1662 4943 τρυφῶντας
1694 4872 1928 4926 ἐνταῦθα
1959 4875 2044 4927 αἰ-

377 4952 651 5005 νίττεσθαι
672 4968 684 4980 ·
730 4953 822 5005 καὶ
847 4953 955 5023 γάρ
983 4953 1076 5005 καὶ
1105 4953 1314 5023 τρυφῆς
1355 4953 1562 5025 μεγάλη
1593 4956 1767 5006 κεῖται
1800 4954 2039 5016 κόλασις.

1371 317 1444 373 IN
1481 318 1900 372 MATTIIACUM
1947 320 2178 375 IIOMIL.
2221 320 2460 375 LXXVII
2500 323 2568 376 al.
2613 320 2887 376 LXXVIII.

3728 317 3831 373 708

2174 435 2398 490 Ἐσθιέι
2434 436 2542 509 γάρ
2571 437 2666 490 καί
2698 437 2878 498 πίνει,
2906 436 3038 505 φησί
3065 436 3133 500 ¹¹,
3157 436 3310 505 μετὰ
3330 434 3449 488 τῶν
3474 433 3831 499 μεθυόντων,

2159 515 2256 585 τὴν
2276 517 2720 587 γαστριμαργίαν
2747 517 2940 586 δηλῶν.
2978 517 3050 569 O6
3079 517 3185 586 γάρ
3213 516 3300 568 διὰ
3323 514 3481 567 τοῦτο
3504 513 3711 577 ἔλαϐες,
3745 513 3832 564 ἴνα

2161 597 2238 658 εἰς
2265 598 2475 666 τρυφὴν
2508 599 2550 626 ³⁸
2583 597 2921 668 δαπανήσῃς,
2951 596 3064 648 ἀλλ’
3094 596 3180 646 ἵνα
3204 598 3282 656 εἰς
3329 593 3695 664 ἐλεημοσύνην
3742 593 3834 645 ἀν-

2161 673 2394 744 αλώσῃς.
2424 675 2514 745 Μὴ
2537 675 2642 745 γάρ
2662 677 2730 728 τά
2750 675 2944 727 σαυτοῦ
2973 674 3116 744 ἔχεις
3131 692 3144 738 ;
3162 673 3241 726 Τὰ
3263 673 3370 726 τῶν
3392 674 3638 743 πενήτων
3661 673 3834 722 ἐνεπι-

2162 751 2409 823 στεύθης,
2447 753 2550 807 κᾶν
2598 756 2662 806 ἐκ
2704 753 2883 806 πόνων
2934 753 3175 815 δικαίων,
3229 753 3334 805 κᾶν
3386 752 3493 805 ἀπὸ
3548 751 3593 781 ’³
3628 751 3832 820 κλήρου

2161 831 2415 902 πατρῴου
2451 833 2784 902 κεκτημένος
2811 833 2996 903 τύχῃς.
3025 833 3115 901 Μὴ
3142 829 3251 900 γὰρ
3285 830 3383 882 οὐκ
3408 829 3636 898 ήδύνατο
3660 829 3832 883 ταῦτα

2158 915 2185 965 6
2223 913 2354 976 Θεὸς
2389 913 2686 982 ἀφελέσθαι
2735 929 2866 978 σου;
2915 911 3050 963 Ἀλλ’
3081 912 3139 964 06
3166 913 3309 962 ποιεῖ
3337 909 3515 972 τοῦτο,
3549 909 3607 961 σὲ
3645 908 3831 979 κύριον

2160 991 2329 1043 ποιῶν
2365 991 2461 1060 τῆς
2507 993 2585 1054 εἰς
2628 993 2752 1055 τοὺς
2802 992 3088 1060 δεομένους
3127 990 3459 1058 φιλοτιμίας.
3516 990 3588 1042 Σὺ
3631 989 3687 1040 δέ
3742 1006 3830 1058 μοι

2160 1072 2370 1134 σκόπει,
2407 1072 2522 1134 πῶς
2566 1070 2656 1124 διὰ
2689 1073 2876 1124 πασῶν
2916 1071 3022 1124 τῶν
3073 1067 3399 1139 παραϐολῶν
3442 1067 3659 1131 κολάζει
3705 1069 3830 1130 τοὺς

2156 1155 2237 1216 εἰς
2291 1154 2418 1216 τοὺς
2465 1153 2752 1225 δεομένους
2798 1154 2843 1185 ³⁵
2900 1155 3013 1215 τοῖς
3053 1155 3297 1222 χρήμασι
3348 1149 3664 1219 χρωμένους
3717 1152 3830 1210 τοῖς

2161 1233 2328 1295 ἰδίοις.
2385 1231 2520 1285 0611-:
2579 1232 2688 1302 γὰρ
2735 1235 2791 1285 αἱ
2838 1232 3095 1303 παρθένοι
3144 1232 3397 1300 ἥρπασαν
3436 1229 3506 1280 τὰ
3552 1226 3826 1296 ἀλλότρια,

2155 1310 2268 1362 ἀλλ’
2300 1313 2399 1364 οὐκ
2422 1313 2625 1364 ἔδωκαν
2657 1312 2726 1366 τά
2756 1312 2888 1364 ίδια“
2923 1310 3046 1364 οὐτε
3083 1312 3110 1362 6
3139 1311 3199 1363 16
3221 1311 3276 1361 ἓν
3301 1309 3561 1361 τάλαντον
3597 1306 3829 1376 κατορύ-

2158 1390 2252 1454 ξας
2301 1393 2742 1462 ἐπλεονέκτησεν,
2782 1391 2896 1446 ἀλλ’
2924 1394 2970 1424 ’⁵
3002 1393 3102 1445 οὐκ
3147 1392 3551 1444 ἐδιπλασίασεν·
3610 1387 3731 1440 οὔτε
3778 1388 3828 1438 οἰ

2157 1470 2454 1533 πεινῶντας
2485 1472 2820 1540 παριδόντες,
2849 1469 3035 1543 ἐπειδὴ
3069 1471 3138 1524 τά
3161 1471 3414 1541 ἀλλότρια
3435 1470 3707 1538 ἥρπασαν.
3736 1481 3827 1515 κο·

2153 1549 2425 1621 λάζονιται,
2463 1549 2578 1602 ἀλλ’
2607 1550 2878 1621 ἐπειδὴτά
2925 1550 3104 1602 αὐτῶν
3138 1551 3238 1602 οὐκ
3267 1551 3616 1618 ἐσκόρπισαν,
3658 1544 3826 1597 καθά-

2155 1646 2260 1700 περ
2289 1628 2384 1680 1101
2415 1631 2442 1680 6
2474 1628 2656 1692 δοῦλος
2685 1621 2857 1690 0610;.
2900 1628 3241 1698 Ἀκούσωμεν
3264 1627 3440 1680 τοίνυν
3461 1627 3573 1678 ὅσοι
3601 1639 3826 1691 γαστρι-

2155 1705 2378 1775 ζόμεθα,
2407 1707 2519 1759 ὅσοι
2543 1709 2623 1770 εἰς
2654 1707 2842 1760 δεῖπνα
2871 1706 3132 1777 πολυτελῆ
3167 1708 3256 1760 τὸν
3284 1706 3511 1760 πλοῦτον
3544 1701 3829 1755 ἀναλίσκο-

2159 1803 2257 1854 μεν
2306 1785 2398 1839 τὸν
2440 1786 2588 1840 οὐδὲν
2635 1788 2767 1856 ἡμῖν
2813 1787 3178 1856 προσήκοντα,
3228 1786 3362 1838 ἀλλά
3408 1783 3516 1835 τῶν
3559 1779 3825 1848 δεομένων

2153 1865 2298 1919 ὄντα.
2347 1865 2438 1934 Μὴ
2473 1864 2579 1935 γὰρ
2626 1864 2811 1934 ἐπειδὴ
2850 1865 2956 1916 ἀπὸ
2989 1863 3393 1935 φιλανθρωπίας
3423 1861 3618 1930 πολλῆς
3650 1857 3724 1920 ὡς
3762 1858 3828 1935 ἐκ

2117 1946 2261 1999 .τῶν
2305 1932 2778 2014 σῶν-ἐκελεύσθης
2801 1932 3011 1996 διδόναι
3033 1944 3098 2007 ³⁸,
3150 1932 3237 1997 διὰ
3268 1941 3426 1994 τοῦτο
3478 1939 3573 1992 καὶ
3627 1932 3824 1988 σαυτοῦ

2153 2024 2380 2094 νομίσῃς
2409 2024 2452 2054 ⁸⁷
2483 2019 2619 2076 εἰναι
2658 2021 2845 2075 ταῦτα.
2885 2022 3125 2092 Ἔχρησέ
3149 2039 3252 2083 σοι,
3299 2023 3383 2074 ἵνα
3412 2019 3642 2089 δυνηθῇς
3675 2018 3824 2069 e660-

2153 2103 2404 2171 κιμῆσαι.
2455 2101 2547 2172 Μὴ
2592 2102 2768 2154 τοίνυν
2812 2100 2880 2153 σά
2917 2096 3056 2154 εἶναι
3100 2101 3308 2170 νόμιζε,
3357 2099 3425 2162 τά
3467 2097 3632 2152 αὐτοῦ
3677 2094 3825 2165 αὐτῷ

2151 2179 2343 2245 διδούς.
2381 2181 2514 2234 Οὐδέ
2546 2181 2652 2252 γὰρ
2693 2182 2741 2234 εἰ
2771 2181 2834 2233 06
2865 2180 3141 2244 ἐδάνεισάς
3188 2198 3314 2244 τινι,
3348 2181 3435 2233 ἵνα
3459 2175 3709 2233 ἀπελθὼν
3737 2175 3825 2228 δυ-

2152 2259 2286 2329 νηθῇ
2320 2276 2473 2321 τινας
2495 2258 2746 2331 ἀφορμὰς
2775 2257 2956 2312 λαϐεῖν
2997 2258 3200 2329 πόρων,
3236 2257 3444 2310 ἐκείνου
3475 2256 3541 2308 τά
3570 2256 3824 2326 χρήματα

2150 2339 2288 2408 ἔφης
2314 2337 2379 2391 ἂν
2400 2338 2446 2368 ³⁸
2479 2333 2641 2391 εἰναι.
2677 2338 2786 2391 Καὶ
2827 2337 2909 2390 σοί
2937 2338 3114 2390 τοίνυν
3147 2338 3344 2390 ἔδωκεν
3373 2338 3401 2388 ὁ
3426 2336 3578 2398 Θεὸς,
3610 2335 3699 2386 ἵνα
3728 2335 3826 2403 ἐμ-

2152 2417 2396 2489 πορεύσῃ
2426 2417 2515 2470 τὸν
2545 2417 2791 2486 οὐρανόν.
2823 2417 2914 2487 Μὴ
2943 2417 3120 2470 τοίνυν
3159 2416 3256 2487 τὴν
3285 2414 3589 2485 ὑπερϐολὴν
3614 2413 3712 2480 τῆς
3745 2427 3828 2479 φι·

2151 2496 2493 2568 λανθρωπίας
2523 2496 2776 2549 ὑπόθεσιν
2820 2497 3207 2565 ἀγνωμοσύνης
3244 2496 3475 2565 ποιήσῃς
3507 2493 3572 2544 ⁸⁸.
3615 2490 3828 2558 Ἐννόη-

2155 2593 2244 2628 σον
2269 2577 2401 2644 ὅσης
2428 2575 2591 2645 εὐχῆς
2613 2574 2761 2638 ἅξιον
2784 2569 2871 2645 ἧν,
2898 2573 2957 2626 τὸ
2980 2574 3268 2644 δυνηθῆναι
3294 2572 3432 2643 μετά
3456 2571 3517 2623 16
3543 2569 3827 2645 βάπτισμα

2152 2657 2328 2726 εὑρεῖν
2351 2641 2466 2708 δδὸν
2489 2641 2884 2726 [768]).60000111
2908 2641 3378 2724 ἁμαρτήματαζΕἰ
3405 2649 3479 2720 μὴ
3501 2647 3656 2702 τοῦτο
3680 2641 3823 2708 εἷπε,

2153 2737 2263 2803 Δὸς
2281 2736 2720 2802 ἐλεημοσύνην,
2747 2735 2898 2787 πόσοι
2927 2734 2993 2787 ἂν
3020 2731 3192 2796 εἷπον,
3217 2731 3344 2785 Εἴθε
3367 2727 3433 2800 ἦν
3446 2727 3665 2782 δυνατὸν
3690 2726 3826 2795 χρή-

2157 2831 2302 2884 ματα
2337 2813 2539 2878 δοῦναι,
2573 2813 2667 2865 καὶ
2691 2812 3070 2880 ἀπαλλαγῆναι
3112 2810 3220 2862 τῶν
3250 2809 3434 2862 κακῶν
3467 2807 3574 2860 τῶν
3608 2803 3828 2876 μελλόνο

2153 2913 2259 2949 των
2283 2912 2298 2960 ;
2334 2891 2550 2963 Ἐπειδὴ
2577 2892 2634 2945 δὲ
2668 2891 2890 2946 δυνατὸν
2917 2889 3075 2942 τοῦτο
3103 2889 3314 2956 γέγονε,
3351 2886 3511 2939 πάλιν
3540 2886 3824 2952 γεγόνασιν

2156 2972 2357 3025 ὐπτιοι.
2395 2970 2556 3036 Ἀλλὰ
2583 2970 2792 3040 δίδωμι,
2823 2968 2977 3040 φησί.
3026 2969 3136 3021 Καὶ
3161 2967 3213 3018 τί
3247 2964 3436 3031 τοῦτο;
3466 2964 3690 3016 Οὐδέπω
3718 2963 3824 3030 γάρ

2155 3054 2363 3115 ἔδωκας
2400 3053 2522 3104 600v
2551 3053 2585 3124 ή
2624 3051 2748 3114 106;
2786 3051 2877 3104 660
2908 3049 3126 3110 660106;
3155 3045 3573 3100 καταϐαλοῦσα·
3626 3043 3823 3124 μᾶλλον

2154 3133 2208 3185 δέ
2233 3132 2353 3184 οὐδὲ
2385 3133 2428 3162 ³⁰
2459 3131 2518 3184 16
2548 3121 2740 3201 ἥμισυ,
2770 3130 2890 3183 οὐδέ
2920 3131 2980 3182 τὸ
3009 3127 3300 3180 πολλοστὸν
3327 3125 3560 3193 ἐκείνης,
3594 3122 3728 3176 ἀλλὰ
3756 3121 3825 3176 τὰ

2159 3212 2376 3263 πλείονα
2416 3211 2495 3273 εἰς
2529 3210 2816 3280 ἀνονήτους
2850 3209 2895 3240 ³¹
2947 3207 3228 3268 ἐκϐάλλεις
3273 3204 3533 3266 δαπάνας,
3573 3203 3652 3264 εἰς
3690 3217 3818 3271 συμ-

2157 3291 2319 3342 πόσια
2353 3290 2447 3342 καὶ
2482 3291 2654 3360 μέθην
2680 3290 2773 3342 καὶ
2801 3289 3034 3342 ἀσωτίαν
3059 3288 3291 3356 ἐσχάτην
3312 3303 3325 3315 ·
3363 3284 3457 3338 νῦν
3490 3282 3586 3353 μέν
3616 3280 3818 3344 καλῶν,

2154 3370 2247 3422 νῦν
2273 3369 2328 3419 δέ
2364 3367 2725 3438 καλούμενος·
2766 3367 2860 3422 νῦν
2898 3368 2992 3429 μὲν
3026 3366 3347 3429 ἀναλίσκων,
3384 3362 3477 3416 νῦν
3512 3362 3567 3414 δέ
3605 3361 3822 3430 ἐτέρους

2154 3448 2460 3501 ἀναλίσκειν
2486 3447 2840 3517 ἀναγκάζωνο
2890 3446 3030 3499 ὥστε
3060 3445 3152 3498 καὶ
3194 3443 3388 3512 διπλῆν
3435 3459 3516 3495 σοι
3568 3440 3820 3517 γενέσθαι

2153 3527 2252 3597 τὴν
2289 3527 2528 3588 κόλασιν,
2576 3513 2669 3580 καὶ
2700 3527 2790 3596 ἀφ’
2823 3522 2898 3578 ὡν
2936 3525 3094 3587 αὐτὸς
3121 3528 3312 3585 ποιεῖς.
3344 3521 3436 3573 1101
3474 3520 3564 3588 ἀφ’
3589 3513 3662 3571 ὧν
3707 3521 3822 3571 ἐτέ-

2157 3623 2280 3676 ρους
2314 3608 2662 3678 προτρέπεις.
2698 3607 2836 3676 "090
2883 3605 3011 3674 γοῦν
3045 3605 3138 3656 καὶ
3183 3602 3368 3655 τοῦτον
3396 3598 3555 3652 αὐτὸν
3590 3597 3743 3651 τοῦτο
3776 3600 3818 3630 ³³

2153 3685 2550 3756 ἐγκαλούμενον
2584 3686 2672 3738 τὸν
2719 3687 2954 3754 οἰκέτην.
2997 3684 3208 3736 Ἐσθίει
3242 3683 3370 3752 γὰρ,
3407 3679 3560 3750 φησί,
3593 3679 3687 3730 καὶ
3725 3679 3818 3730 πί-

2152 3780 2239 3817 νει
2265 3765 2412 3831 μετὰ
2454 3763 2573 3817 τῶν
2610 3765 2970 3832 μεθυόντων.
3025 3762 3157 3814 Οὐδὲ
3201 3761 3308 3830 γὰρ
3345 3761 3471 3820 τοὺς
3525 3756 3818 3826 μεθύοντας

2156 3844 2333 3912 μόνον,
2383 3843 2518 3895 ἀλλά
2563 3844 2658 3895 καὶ
2707 3845 2830 3904 τοὺς
2865 3843 2980 3911 μετ’
3016 3840 3188 3893 αὐτῶν
3223 3841 3379 3901 ὄντας
3424 3837 3667 3899 κολάζει·
3726 3839 3818 3888 καί

2155 3922 2297 3992 μάλα
2331 3922 2574 3986 εἰκότως,
2605 3923 2685 3974 611
2705 3922 2747 3952 ³³
2774 3922 2910 3992 μετά
2933 3920 3030 3989 τῆς
3056 3920 3259 3981 οἰκείας
3289 3918 3581 3989 διαφθορᾶς
3605 3918 3816 3984 καὶτῆς

2150 4003 2257 4055 τῶν
2287 4002 2508 4070 πλησίον
2548 4003 2855 4073 ὑπερορῶσι
2903 4000 3190 4072 σωτηρίας.
3246 4000 3349 4050 'I'6v
3395 3997 3450 4049 δέ
3498 3997 3630 4048 Θεὸν
3667 3998 3816 4048 οὐδὲν

2150 4082 2290 4134 οὕτω
2320 4082 2631 4152 παροξύνει,
2663 4083 2737 4145 ὡς
2769 4081 2829 4133 τὸ
2859 4081 3234 4151 ὑπεροπτικῶς
3267 4078 3406 4147 ἔχειν
3430 4075 3534 4128 τῶν
3562 4077 3640 4146 τῷ
3678 4077 3813 4145 πλη-

2152 4161 2262 4213 σίον
2295 4163 2698 4232 προσηκόντων.
2731 4162 2818 4214 Διὸ
2850 4163 2942 4213 καὶ
2967 4160 3056 4213 τὸν
3084 4158 3251 4227 θυμὸν
3280 4156 3704 4223 ἐνδεικνύμενος,
3741 4157 3816 4206 δι-

2149 4240 2512 4310 χοτομηθῆναι
2543 4241 2702 4293 αὐτὸν
2730 4241 2998 4292 ἐκέλευσε.
3030 4238 3128 4291 Διά
3153 4237 3306 4289 τοῦτο
3336 4236 3429 4288 καί
3470 4236 3565 4306 τὴν
3597 4237 3814 4305 ογάπην

2149 4319 2432 4388 γνώρισμα
2467 4320 2512 4349 ³⁸
2539 4319 2647 4370 τῶν
2677 4318 2835 4370 αὐτοῦ
2879 4317 3132 4387 μαθητῶν
3172 4316 3373 4386 ἔφησεν
3405 4314 3574 4370 εἶναι’
3628 4318 3812 4384 ἐπειδὴ

2151 4399 2298 4450 πᾶσα
2324 4397 2557 4467 ἀνάγκη,
2582 4398 2673 4449 τὸν
2701 4399 2998 4464 ἀγαπῶντα
3035 4398 3103 4448 τά
3144 4397 3237 4448 τοῦ
3267 4396 3629 4465 ἀγαπωμένου
3671 4413 3815 4464 μερι-

2151 4480 2304 4549 μνᾷν.
2351 4479 2564 4548 Ταύτης
2595 4477 2770 4530 τοίνυν
2810 4476 3062 4547 ἐχώμεθα
3088 4476 3182 4545 τῆς
3206 4476 3355 4528 ὀδοῦ·
3405 4476 3498 4528 καὶ
3525 4475 3632 4544 γὰρ
3673 4474 3809 4543 αὕτη

2152 4556 2385 4627 μάλιστά
2431 4561 2576 4610 ἐστιν
2616 4559 2648 4626 ή
2703 4557 2838 4626 πρὸς
2885 4557 2974 4608 τὸν
3019 4555 3244 4624 οὐρανὸν
3292 4555 3584 4621 ἀνάγουσα,
3638 4557 3669 4623 ή
3717 4554 3809 4606 τοῦ

2148 4636 2381 4705 Χριστοῦ
2419 4635 2659 4706 μιμητὰς
2688 4635 3046 4705 ἐργαζομένη,
3081 4634 3228 4704 ήτοῦ
3256 4633 3387 4685 Θεοῦ
3419 4634 3555 4686 κατά
3587 4633 3810 4704 δύναμιν

2148 4715 2364 4785 ὁμοίους
2394 4715 2638 4767 ποιοῦσα.
2697 4714 2837 4786 Ὅρα
2865 4716 2994 4782 γοῦν
3019 4716 3109 4768 καὶ
3148 4713 3246 4776 τὰς
3273 4713 3469 4784 ἀρετὰς
3496 4712 3695 4775 ταύτας
3721 4714 3810 4767 οὐ-

2150 4810 2248 4856 σας
2282 4793 2729 4863 ἀναγκαιοτέρας,
2775 4793 2831 4847 αἶ
2862 4795 3010 4865 παρά
3039 4793 3238 4862 ταύτην
3274 4793 3606 4861 ἐσκήνωνται
3638 4794 3681 4825 ³⁸
3711 4796 3808 4867 τὴν

2145 4873 2284 4926 ὁδόν.
2319 4873 2426 4924 Καὶ
2459 4875 2507 4925 εί
2536 4873 2808 4941 βούλεσθε,
2849 4876 3160 4945 ποιήσωμεν
3207 4870 3384 4924 αὐτῶν
3419 4869 3679 4934 ἐξέτασιν,
3717 4875 3809 4927 καί

2146 4953 2243 5013 τὰς
2271 4952 2482 5023 ψήφους
2533 4951 2639 5005 ἀπὸ
2688 4952 2787 5021 τῆς
2835 4953 2927 5005 τοῦ
2969 4953 3103 5006 Θεοῦ
3143 4951 3452 5020 ἐνέγκωμεν
3476 4951 3519 4982 ³⁸
3562 4952 3802 5023 γνώμης.

384 5059 429 5089 ¹³
468 5055 831 5130 Evegsvladd.
858 5057 1105 5130 ἐντεῦθεν
1136 5057 1198 5111 G.
1339 5057 1403 5112 Κ.
1433 5128 1441 5130 4
1482 5059 1525 5090 η
1561 5057 1735 5130 ἥξειν]
1779 5057 1851 5128 μὴ
1876 5058 2066 5130 ἥξειν]

2154 5074 2188 5112 Γ.
2221 5057 2355 5130 Ben.
2389 5057 2432 5088 ”
2471 5059 2870 5130 ἀναμιμνήσκει
2901 5057 2962 5112 L.
2995 5058 3211 5130 11”};617.
3241 5058 3338 5130 τῇς
3379 5056 3506 5128 ήμ.]
3541 5057 3627 5130 Sic
3654 5057 3712 5112 L.
3748 5068 3806 5112 ut

379 5127 609 5193 cnnjecit
664 5127 791 5181 Sav.
827 5128 924 5198 τὴν
965 5129 1182 5196 ἄγνοιαν
1216 5128 1312 5197 τῆς
1338 5128 1546 5250 ὴδιέρας
1582 5128 1645 5181 II.
1671 5127 1849 5182 cdetéri
1888 5127 2012 5182 Cum
2043 5128 2066 5181 I

380 5195 444 5250 L.
487 5199 544 5249 ἐν
569 5209 692 5250 ante
726 5196 845 5250 ὦοα
875 5213 984 5250 om.
1032 5197 1101 5250 M.
1136 5196 1256 5249 Mox
1284 5198 1370 5250 610
1407 5200 1596 5250 ήσεται
1641 5198 1704 5250 G.
1739 5198 1808 5250 M.
1905 5200 1947 5230 ¹⁸
1995 5199 2053 5250 ὃν

2154 5133 2178 5182 l.
2210 5130 2306 5197 τῆς
2338 5128 2558 5194 ἀγνοίας
2589 5127 2685 5199 τὴν
2712 5127 2946 5198 ἡμέραν.
3026 5127 3066 5160 ¹⁸
3103 5127 3294 5180 ἐαυτοῦ
3333 5130 3390 5182 ι..
3472 5127 3510 5160 ³⁷
3553 5129 3659 5199 γάρ
3691 5145 3797 5180 mn.

2154 5199 2295 5250 ididi.
2325 5199 2671 5250 distinctione
2703 5200 2979 5250 naululum
3014 5207 3239 5250 mutata.
3278 5200 3591 5250 aucturilms
3640 5201 3703 5250 (ἱ.
3740 5199 3797 5250 Η.

380 5195 444 5251 L.
486 5199 544 5268 ἐν
569 5209 696 5268 anu:
726 5196 845 5268 ὥρᾳ
875 5195 984 5251 0m.
1032 5197 1104 5268 Μ.
1136 5195 1596 5268 Μοχδιαθήσεται
1641 5198 1704 5254 G.
1739 5198 1808 5251 Μ.

1905 5200 1947 5230 ¹⁸
1995 5199 2053 5277 ὃν
2085 5199 2295 5277 ρόόὶιίἰ,
2325 5199 2684 5277 (Ιίδιίηοιίρηεὶ
2703 5200 2979 5277 paululum
3014 5207 3239 5277 mutata,
3278 5200 3591 5277 auctu-ribus
3740 5199 3800 5252 Η.

382 5269 451 5340 Κ.
589 5276 641 5319 ιιι
679 5253 875 5340 Intg'er'p.
959 5268 1000 5340 '_’
1032 5267 1316 5340 HGIIQON.
1341 5253 1491 5340 ᾲΠέρί
1521 5253 1907 5339 ἐλεημοσύνης,
1960 5270 2162 5340 1101.611
2211 5253 2524 5340 οἰκονόμους
2554 5253 2878 5340 Θεοῦ’ήμᾶς
2920 5264 3058 5340 εἶναι
3105 5269 3202 5329 δεῖ,
3228 5253 3804 5340 01013611615110.1151)

380 5337 690 5408 ἀναλίσκειν
721 5331 898 5389 αὐτῶν
933 5337 1023 5408 τὸν
1055 5335 1280 5408 πλοῦτον
1306 5338 1386 5400 εἰς
1410 5331 1672 5408 ἀκαίρους
1711 5331 1971 5403 δαπάνας,
2004 5339 2106 5392 κᾶν
2129 5331 2405 5408 πατρῷος,
2437 5336 2536 5408 κᾶν
2561 5337 2668 5408 ἀπὸ
2687 5331 2868 5390 πόνων
2896 5339 3040 5391 ἰδίων
3065 5339 3212 5391 ἐστίν
3232 5356 3245 5368 ’
3272 5342 3328 5392 ἐν
3351 5331 3394 5405 ᾧ
3411 5339 3517 5408 καὶ
3555 5331 3619 5390 πε
3631 5339 3682 5407 ρὶ
3707 5331 3798 5391 τοῦ

386 5408 460 5477 μὴ
489 5407 769 5477 τυπτίζειν
801 5408 926 5470 τοὺς
956 5406 1306 5477 πένητας.ίί

381 5475 638 5547 ἐντεῦθεν
654 5477 826 5547 δηλῶν
858 5477 920 5547 Ili.
991 5477 1042 5547 _“
1072 5477 1149 5547 εἰς
1172 5476 1511 5547 -τὴνᾷτρυφὴν
1531 5475 1594 5532 G.

1416 5410 1460 5438 ²⁰
1484 5409 1679 5530 110191193
1734 5410 1823 5464 Sic
1875 5409 1934 5462 II.
1971 5409 2034 5463 K.
2065 5409 2125 5462 L.
2164 5408 2232 5460 Μ.
2267 5408 2427 5474 vulgo
2456 5407 2539 5459 bis
2563 5407 2819 5478 εὐκαίρῳ.
2921 5410 2963 5439 ἰ
3003 5427 3037 5476 φ

1416 5477 1594 5530 011116.
1683 5521 1692 5530 .
1724 5481 1790 5530 Μ.
1867 5481 1912 5511 ’³
1935 5478 2063 5530 ἀπὸί
2088 5481 2152 5530 ἐκ
2175 5477 2237 5530 G.
2270 5476 2331 5529 II.
2371 5477 2429 5529 K.
2463 5475 2534 5528 M.
2572 5477 2816 5530 Alterum
2851 5487 3030 5530 tuetur

1683 5481 1790 5533 .M.
1867 5481 1912 5511 η
1935 5478 2063 5550 ἀπὸ]

2175 5477 2237 5550 G.
2270 5476 2331 5529 II.
2463 5475 2534 5528 M.
2572 5475 2816 5550 Alterum
2851 5475 3030 5550 tuetur
3061 5475 3204 5532 Flor.
3239 5495 3290 5548 ρ.
3334 5480 3454 5533 542.
3492 5475 3672 5540 (Tom;
3702 5475 3792 5532 11.1.

3083 5410 3135 5480 9».
3169 5425 3277 5463 om.
3313 5409 3375 5463 ε.
3411 5406 3471 5459 Κ.
3505 5407 3573 5480 11.
3602 5406 3799 5480 δηλιυνι

385 5561 436 5614 p.
459 5545 581 5618 r586
610 5545 916 5618 B.)V16x}};]
947 5545 1037 5599 Sic
1061 5546 1141 5618 G._
1171 5545 1232 5598 II.
1651 5565 1746 5616 pro
1778 5550 1994 5618 vulgato
2036 5545 2066 5601 τ

2154 5549 2331 5618 ίάνῃς.
2381 5547 2635 5618 Clausum
2673 5547 2777 5618 κᾷν
2809 5550 2871 5618 ἐκ
2908 5549 3087 5600 πόνων
3119 5545 3344 5600 δικαίων
3377 5557 3495 5616 post
3531 5550 3702 5617 τυγχά

383 5617 541 5688 y_ulg_n
566 5614 798 5688 lygitur.
815 5614 1230 5688 ddV‘ersantibng
1366 5616 1450 5688 H._
1465 5615 1544 5688 K_._
1565 5614 1749 5688 Μζξῖί.
1771 5631 1823 5673 et
1842 5614 2040 5688 Interp.

385 5684 447 5756 II.
481 5685 544 5739 Κ.
578 5684 644 5737 Μ.
677 5697 730 5739 et
754 5685 951 5756 Inlerp.

2145 5615 2191 5650 ῆι
2224 5615 2301 5680 εἷς
2322 5617 2446 5688 τοὺς
2572 5619 2650 5678 εἰς
2683 5616 2799 5688 δέον
2921 5619 3016 5673 Ge.

1028 5686 1074 5716 ’⁸
1109 5685 1374 5738 διαδοῦναι
1412 5686 1474 5740 G.
1506 5685 1568 5739 II.
1609 5687 1673 5742 Κ.
1711 5687 1778 5741 Μ.
1809 5685 2089 5743 ἱιινίῑυἘΙ.

3119 5565 3344 5600 οικαιων
3377 5565 3495 5616 91131
3531 5566 3702 5617 τυγχα
3732 5565 3798 5672 2:};

3110 5621 3154 5690 ‘7‘
3193 5618 3485 5690 d11f]_a1_l1l.
3514 5619 3700 5688 ἐπειδὴ
3735 5649 3794 5690 γι.

2183 5689 2240 5759 ’τᾷ
2268 5687 2454 5759 νόμιζε
2575 5686 2810 5759 1109.153};
2827 5687 2959 5759 Edd.
3037 5687 3083 5720 ’⁸
3112 5689 3246 5759 ἔφης
3278 5685 3364 5758 ἂν]
3390 5688 3593 5758 ἔφησας
3637 5685 3698 5740 (1'.
3731 5689 3794 5744 Η.

384 5755 452 5829 ιι.
486 5756 574 5829 -ρο
608 5757 805 5829 ποιήσῃ
832 5741 999 5829 0'11.
1033 5755 1188 5829 ποιοῦ
1218 5755 1296 5806 1‘1.
1334 5755 1470 5829 M011
1494 5756 1554 5829 τὸ
1583 5741 1709 5829 ante
1737 5741 2066 5829 δυέῆοῆνοειὲ

2154 5800 2167 5814 .
2203 5757 2268 5812 G.
2301 5741 2365 5810 II.
2492 5741 2648 5829 M._'°'
2669 5741 2811 5828 οὐδ’έί
2842 5759 2902 5810 06
2927 5757 3052 5812 Sav.
3083 5741 3364 5812 Ηώέόὐδὲ
3390 5741 3448 5810 16
3477 5741 3649 5829 ἣμισυ
3684 5741 3794 5813 oni.

385 5825 445 5880 L.
483 5824 617 5896 M01.
666 5824 804 5896 Βςηῖ
843 5828 1014 5896 invitg
1045 5825 1356 5896 Inte‘rprele.
1433 5827 1474 5858 ³⁸
1505 5827 1765 5895 ἀνοήτους
1791 5824 1864 5882 Ο.
1894 5824 1965 5882 Μ.
1991 5827 2066 5881 Ρο

2154 5829 2204 5882 I1.
2242 5844 2292 5878 v.
2329 5827 2488 5896 vulgo
2518 5824 2831 5896 adduintxa’l
2860 5831 3175 5896 ἀνωφελεῖς,
3218 5830 3402 5883 invitis
3439 5824 3598 5883 c0111].
3623 5839 3674 5883 et
3695 5829 3794 5884 Ge.

384 5897 428 5927 ³¹
461 5895 622 5948 αὐτὸν
648 5894 828 5968 τοῦτο]
871 5898 962 5951 Sic
989 5895 1048 5949 L.
1081 5894 1238 5968 τοῦτο
1283 5912 1393 5968 om.
1439 5894 1638 5950 czrteri.
1690 5899 1821 5951 αὐτὸ
1863 5899 2066 5952 τοῦτοΙ

2154 5899 2185 5952 |.
2261 5894 2694 5968 "6111610119.
2736 5899 2802 5951 Μ.

1874 5971 1920 6001 ³⁸
1959 5968 2279 6036 σκηνοῦνται
2313 5966 2378 6023 G.
2413 5964 2475 6020 II.
2507 5968 2576 6022 Κ.
2605 5964 2676 6022 Μ.
2753 5969 2797 6002 ³⁸
2823 5969 3074 6019 τοέοωηευ
3103 5970 3143 6018 (ἰ
3201 5964 3247 6012 Ill

384 5977 565 6034 gntum
592 5965 877 6037 γνωρισμα
901 5977 1079 6022 tuetur
1115 5965 1244 6035 Ilcg.
1278 5965 1381 6020 688
1428 5977 1482 6022 et
1532 5982 1701 6038 marg.
1733 5969 1797 6024 (ἆ.

2880 5899 2926 5972 ν
2947 5900 3178 5972 Cﬂdit‘fs
3202 5899 3514 5972 γνώριμονε
3549 5900 3641 5956 sed
3674 5898 3796 5954 vul-
