  <div class='ocr_page' id='page_1' title='image "/cluster/home/n/w/nwhite01/storage/ocr_20150623/58/nnc1.0046979956/250.png"; bbox 0 0 4130 6374; ppageno 0'>
   <div class='ocr_carea' id='block_1_1' title="bbox 343 424 448 482">
    <p class='ocr_par' dir='ltr' id='par_1_1' title="bbox 343 424 448 482">
     <span class='ocr_line' id='line_1_1' title="bbox 343 424 448 482; baseline 0.019 -2"><span class='ocrx_word' id='word_1_1' title='bbox 343 424 448 482; x_wconf 81' lang='grc'><strong>’109</strong></span> 
     </span>
    </p>
   </div>
   <div class='ocr_carea' id='block_1_2' title="bbox 333 539 1914 616">
    <p class='ocr_par' dir='ltr' id='par_1_2' title="bbox 333 539 1914 616">
     <span class='ocr_line' id='line_1_2' title="bbox 333 539 1914 616; baseline -0.007 -13"><span class='ocrx_word' id='word_1_2' title='bbox 333 550 452 603; x_wconf 86' lang='lat' dir='ltr'><strong>Sint</strong></span> <span class='ocrx_word' id='word_1_3' title='bbox 473 562 602 616; x_wconf 89' lang='lat' dir='ltr'><strong>ergo</strong></span> <span class='ocrx_word' id='word_1_4' title='bbox 624 547 640 579; x_wconf 76' lang='grc'>⁸</span> <span class='ocrx_word' id='word_1_5' title='bbox 663 545 780 600; x_wconf 76' lang='lat' dir='ltr'><strong>dua:</strong></span> <span class='ocrx_word' id='word_1_6' title='bbox 804 542 871 598; x_wconf 90' lang='lat' dir='ltr'><strong>ad</strong></span> <span class='ocrx_word' id='word_1_7' title='bbox 897 544 1061 598; x_wconf 89' lang='lat' dir='ltr'><strong>vitam</strong></span> <span class='ocrx_word' id='word_1_8' title='bbox 1083 541 1336 612; x_wconf 89' lang='lat' dir='ltr'><strong>optimam</strong></span> <span class='ocrx_word' id='word_1_9' title='bbox 1360 543 1478 607; x_wconf 70' lang='lat' dir='ltr'><strong>vite,</strong></span> <span class='ocrx_word' id='word_1_10' title='bbox 1501 555 1724 611; x_wconf 90' lang='lat' dir='ltr'><strong>quarum</strong></span> <span class='ocrx_word' id='word_1_11' title='bbox 1748 539 1914 594; x_wconf 90' lang='lat' dir='ltr'><strong>altera</strong></span> 
     </span>
    </p>
   </div>
   <div class='ocr_carea' id='block_1_3' title="bbox 336 633 1918 707">
    <p class='ocr_par' dir='ltr' id='par_1_3' title="bbox 336 633 1918 707">
     <span class='ocr_line' id='line_1_3' title="bbox 336 633 1918 707; baseline -0.005 -13"><span class='ocrx_word' id='word_1_12' title='bbox 336 643 594 696; x_wconf 88' lang='lat' dir='ltr'><strong>viatorem</strong></span> <span class='ocrx_word' id='word_1_13' title='bbox 611 639 886 697; x_wconf 72' lang='lat' dir='ltr'><strong>dumtaxat</strong></span> <span class='ocrx_word' id='word_1_14' title='bbox 914 637 1137 707; x_wconf 90' lang='lat' dir='ltr'><strong>probum</strong></span> <span class='ocrx_word' id='word_1_15' title='bbox 1167 635 1381 699; x_wconf 90' lang='lat' dir='ltr'><strong>reddat;</strong></span> <span class='ocrx_word' id='word_1_16' title='bbox 1412 633 1578 688; x_wconf 82' lang='lat' dir='ltr'><strong>altera</strong></span> <span class='ocrx_word' id='word_1_17' title='bbox 1603 633 1763 688; x_wconf 89' lang='lat' dir='ltr'><strong>etiam</strong></span> <span class='ocrx_word' id='word_1_18' title='bbox 1795 646 1918 701; x_wconf 75' lang='lat' dir='ltr'><strong>prn—</strong></span> 
     </span>
    </p>
   </div>
   <div class='ocr_carea' id='block_1_4' title="bbox 335 727 1914 802">
    <p class='ocr_par' dir='ltr' id='par_1_4' title="bbox 335 727 1914 802">
     <span class='ocr_line' id='line_1_4' title="bbox 335 727 1914 802; baseline -0.006 -12"><span class='ocrx_word' id='word_1_19' title='bbox 335 737 558 791; x_wconf 79' lang='lat' dir='ltr'><strong>ximutn.</strong></span> <span class='ocrx_word' id='word_1_20' title='bbox 606 733 994 800; x_wconf 88' lang='lat' dir='ltr'><strong>Videamusque</strong></span> <span class='ocrx_word' id='word_1_21' title='bbox 1033 746 1276 802; x_wconf 66' lang='lat' dir='ltr'><strong>quaenam</strong></span> <span class='ocrx_word' id='word_1_22' title='bbox 1313 731 1382 785; x_wconf 88' lang='lat' dir='ltr'><strong>sit</strong></span> <span class='ocrx_word' id='word_1_23' title='bbox 1419 729 1738 800; x_wconf 74' lang='lat' dir='ltr'><strong>perfectior,</strong></span> <span class='ocrx_word' id='word_1_24' title='bbox 1768 736 1824 783; x_wconf 88' lang='lat' dir='ltr'><strong>et</strong></span> <span class='ocrx_word' id='word_1_25' title='bbox 1848 727 1914 782; x_wconf 90' lang='lat' dir='ltr'><strong>ad</strong></span> 
     </span>
    </p>
   </div>
   <div class='ocr_carea' id='block_1_5' title="bbox 336 808 1914 892">
    <p class='ocr_par' dir='ltr' id='par_1_5' title="bbox 336 808 1914 892">
     <span class='ocr_line' id='line_1_5' title="bbox 336 808 1914 892; baseline -0.006 -9"><span class='ocrx_word' id='word_1_26' title='bbox 336 808 546 883; x_wconf 88' lang='lat' dir='ltr'><strong>virtutis</strong></span> <span class='ocrx_word' id='word_1_27' title='bbox 586 825 796 880; x_wconf 86' lang='lat' dir='ltr'><strong>culmen</strong></span> <span class='ocrx_word' id='word_1_28' title='bbox 823 839 921 878; x_wconf 92' lang='lat' dir='ltr'><strong>nos</strong></span> <span class='ocrx_word' id='word_1_29' title='bbox 945 823 1122 878; x_wconf 88' lang='lat' dir='ltr'><strong>ducat.</strong></span> <span class='ocrx_word' id='word_1_30' title='bbox 1164 821 1256 877; x_wconf 90' lang='lat' dir='ltr'><strong>llle</strong></span> <span class='ocrx_word' id='word_1_31' title='bbox 1282 832 1427 878; x_wconf 91' lang='lat' dir='ltr'><strong>certe</strong></span> <span class='ocrx_word' id='word_1_32' title='bbox 1455 822 1543 892; x_wconf 90' lang='lat' dir='ltr'><strong>qui</strong></span> <span class='ocrx_word' id='word_1_33' title='bbox 1571 836 1664 877; x_wconf 92' lang='lat' dir='ltr'><strong>sua</strong></span> <span class='ocrx_word' id='word_1_34' title='bbox 1709 829 1914 875; x_wconf 89' lang='lat' dir='ltr'><strong>tantum</strong></span> 
     </span>
    </p>
   </div>
   <div class='ocr_carea' id='block_1_6' title="bbox 337 912 1915 986">
    <p class='ocr_par' dir='ltr' id='par_1_6' title="bbox 337 912 1915 986">
     <span class='ocr_line' id='line_1_6' title="bbox 337 912 1915 986; baseline -0.004 -12"><span class='ocrx_word' id='word_1_35' title='bbox 337 927 506 985; x_wconf 83' lang='lat' dir='ltr'><strong>curat,</strong></span> <span class='ocrx_word' id='word_1_36' title='bbox 533 934 565 973; x_wconf 88' lang='lat' dir='ltr'><strong>a</strong></span> <span class='ocrx_word' id='word_1_37' title='bbox 591 917 756 974; x_wconf 91' lang='lat' dir='ltr'><strong>Paulo</strong></span> <span class='ocrx_word' id='word_1_38' title='bbox 777 916 1069 986; x_wconf 74' lang='lat' dir='ltr'><strong>smpissime</strong></span> <span class='ocrx_word' id='word_1_39' title='bbox 1087 915 1364 985; x_wconf 88' lang='lat' dir='ltr'><strong>culpatur;</strong></span> <span class='ocrx_word' id='word_1_40' title='bbox 1392 929 1511 969; x_wconf 91' lang='lat' dir='ltr'><strong>cum</strong></span> <span class='ocrx_word' id='word_1_41' title='bbox 1537 930 1564 966; x_wconf 91' lang='lat' dir='ltr'><strong>a</strong></span> <span class='ocrx_word' id='word_1_42' title='bbox 1589 913 1751 969; x_wconf 86' lang='lat' dir='ltr'><strong>Paulo</strong></span> <span class='ocrx_word' id='word_1_43' title='bbox 1772 912 1915 980; x_wconf 87' lang='lat' dir='ltr'><strong>dico,</strong></span> 
     </span>
    </p>
   </div>
   <div class='ocr_carea' id='block_1_7' title="bbox 336 1005 1914 1078">
    <p class='ocr_par' dir='ltr' id='par_1_7' title="bbox 336 1005 1914 1078">
     <span class='ocr_line' id='line_1_7' title="bbox 336 1005 1914 1078; baseline -0.003 -15"><span class='ocrx_word' id='word_1_44' title='bbox 336 1024 367 1063; x_wconf 88' lang='lat' dir='ltr'><strong>a</strong></span> <span class='ocrx_word' id='word_1_45' title='bbox 393 1007 606 1064; x_wconf 86' lang='lat' dir='ltr'><strong>Christo</strong></span> <span class='ocrx_word' id='word_1_46' title='bbox 634 1007 906 1078; x_wconf 87' lang='lat' dir='ltr'><strong>intellige;</strong></span> <span class='ocrx_word' id='word_1_47' title='bbox 936 1006 1087 1061; x_wconf 92' lang='lat' dir='ltr'><strong>illum</strong></span> <span class='ocrx_word' id='word_1_48' title='bbox 1117 1020 1244 1062; x_wconf 91' lang='lat' dir='ltr'><strong>vero</strong></span> <span class='ocrx_word' id='word_1_49' title='bbox 1269 1005 1358 1075; x_wconf 87' lang='lat' dir='ltr'><strong>qui</strong></span> <span class='ocrx_word' id='word_1_50' title='bbox 1386 1005 1612 1076; x_wconf 81' lang='lat' dir='ltr'><strong>proximi</strong></span> <span class='ocrx_word' id='word_1_51' title='bbox 1637 1019 1725 1061; x_wconf 91' lang='lat' dir='ltr'><strong>res</strong></span> <span class='ocrx_word' id='word_1_52' title='bbox 1743 1011 1914 1070; x_wconf 86' lang='lat' dir='ltr'><strong>curat,</strong></span> 
     </span>
    </p>
   </div>
   <div class='ocr_carea' id='block_1_8' title="bbox 334 1094 1918 1168">
    <p class='ocr_par' dir='ltr' id='par_1_8' title="bbox 334 1094 1918 1168">
     <span class='ocr_line' id='line_1_8' title="bbox 334 1094 1918 1168; baseline -0.004 -12"><span class='ocrx_word' id='word_1_53' title='bbox 334 1100 579 1156; x_wconf 88' lang='lat' dir='ltr'><strong>laudibus</strong></span> <span class='ocrx_word' id='word_1_54' title='bbox 604 1108 656 1155; x_wconf 90' lang='lat' dir='ltr'><strong>et</strong></span> <span class='ocrx_word' id='word_1_55' title='bbox 682 1099 896 1158; x_wconf 86' lang='lat' dir='ltr'><strong>coronis</strong></span> <span class='ocrx_word' id='word_1_56' title='bbox 921 1107 1163 1153; x_wconf 84' lang='lat' dir='ltr'><strong>exornat.</strong></span> <span class='ocrx_word' id='word_1_57' title='bbox 1193 1096 1460 1154; x_wconf 86' lang='lat' dir='ltr'><strong>Ubinam?</strong></span> <span class='ocrx_word' id='word_1_58' title='bbox 1487 1096 1625 1152; x_wconf 84' lang='lat' dir='ltr'><strong>Audi</strong></span> <span class='ocrx_word' id='word_1_59' title='bbox 1649 1094 1918 1168; x_wconf 90' lang='lat' dir='ltr'><strong>quomodo</strong></span> 
     </span>
    </p>
   </div>
   <div class='ocr_carea' id='block_1_9' title="bbox 335 1188 1920 1262">
    <p class='ocr_par' dir='ltr' id='par_1_9' title="bbox 335 1188 1920 1262">
     <span class='ocr_line' id='line_1_9' title="bbox 335 1188 1920 1262; baseline -0.004 -15"><span class='ocrx_word' id='word_1_60' title='bbox 335 1191 481 1256; x_wconf 84' lang='lat' dir='ltr'><strong>huic,</strong></span> <span class='ocrx_word' id='word_1_61' title='bbox 505 1190 769 1262; x_wconf 86' lang='lat' dir='ltr'><strong>quomodo</strong></span> <span class='ocrx_word' id='word_1_62' title='bbox 789 1190 864 1245; x_wconf 85' lang='lat' dir='ltr'><strong>illi</strong></span> <span class='ocrx_word' id='word_1_63' title='bbox 890 1190 1153 1260; x_wconf 86' lang='lat' dir='ltr'><strong>loquatur.</strong></span> <span class='ocrx_word' id='word_1_64' title='bbox 1179 1188 1343 1244; x_wconf 86' lang='lat' dir='ltr'><strong>Nemo</strong></span> <span class='ocrx_word' id='word_1_65' title='bbox 1362 1188 1496 1259; x_wconf 83' lang='lat' dir='ltr'><strong>quod</strong></span> <span class='ocrx_word' id='word_1_66' title='bbox 1520 1205 1668 1243; x_wconf 91' lang='lat' dir='ltr'><strong>suum</strong></span> <span class='ocrx_word' id='word_1_67' title='bbox 1689 1198 1763 1244; x_wconf 90' lang='lat' dir='ltr'><strong>est</strong></span> <span class='ocrx_word' id='word_1_68' title='bbox 1781 1203 1920 1260; x_wconf 76' lang='lat' dir='ltr'><strong>qua:-</strong></span> 
     </span>
    </p>
   </div>
   <div class='ocr_carea' id='block_1_10' title="bbox 337 1279 1916 1353">
    <p class='ocr_par' dir='ltr' id='par_1_10' title="bbox 337 1279 1916 1353">
     <span class='ocr_line' id='line_1_10' title="bbox 337 1279 1916 1353; baseline -0.002 -16"><span class='ocrx_word' id='word_1_69' title='bbox 337 1294 437 1348; x_wconf 86' lang='lat' dir='ltr'><strong>rat,</strong></span> <span class='ocrx_word' id='word_1_70' title='bbox 470 1283 558 1336; x_wconf 84' lang='lat' dir='ltr'><strong>sed</strong></span> <span class='ocrx_word' id='word_1_71' title='bbox 583 1281 718 1353; x_wconf 86' lang='lat' dir='ltr'><strong>quod</strong></span> <span class='ocrx_word' id='word_1_72' title='bbox 741 1291 816 1337; x_wconf 81' lang='lat' dir='ltr'><strong>est</strong></span> <span class='ocrx_word' id='word_1_73' title='bbox 839 1281 1056 1353; x_wconf 65' lang='lat' dir='ltr'><strong>proximi</strong></span> <span class='ocrx_word' id='word_1_74' title='bbox 1085 1281 1422 1352; x_wconf 76' lang='lat' dir='ltr'><strong>unusquisque</strong></span> <span class='ocrx_word' id='word_1_75' title='bbox 1443 1281 1519 1351; x_wconf 91' lang='grc'><strong>(1.</strong></span> <span class='ocrx_word' id='word_1_76' title='bbox 1546 1279 1668 1335; x_wconf 83' lang='lat' dir='ltr'><strong>Cor.</strong></span> <span class='ocrx_word' id='word_1_77' title='bbox 1693 1279 1779 1336; x_wconf 89' lang='grc'><strong>10.</strong></span> <span class='ocrx_word' id='word_1_78' title='bbox 1801 1280 1916 1351; x_wconf 68' lang='grc'><strong>21).</strong></span> 
     </span>
    </p>
   </div>
   <div class='ocr_carea' id='block_1_11' title="bbox 341 1373 1919 1445">
    <p class='ocr_par' dir='ltr' id='par_1_11' title="bbox 341 1373 1919 1445">
     <span class='ocr_line' id='line_1_11' title="bbox 341 1373 1919 1445; baseline -0.001 -15"><span class='ocrx_word' id='word_1_79' title='bbox 341 1374 527 1431; x_wconf 81' lang='lat' dir='ltr'><strong>Viden‘</strong></span> <span class='ocrx_word' id='word_1_80' title='bbox 553 1374 823 1445; x_wconf 91' lang='lat' dir='ltr'><strong>quomodo</strong></span> <span class='ocrx_word' id='word_1_81' title='bbox 849 1374 1074 1430; x_wconf 85' lang='lat' dir='ltr'><strong>alterum</strong></span> <span class='ocrx_word' id='word_1_82' title='bbox 1103 1374 1260 1444; x_wconf 88' lang='lat' dir='ltr'><strong>ejecit</strong></span> <span class='ocrx_word' id='word_1_83' title='bbox 1281 1414 1298 1442; x_wconf 91' lang='lat'><strong>,</strong></span> <span class='ocrx_word' id='word_1_84' title='bbox 1329 1375 1554 1430; x_wconf 88' lang='lat' dir='ltr'><strong>alterum</strong></span> <span class='ocrx_word' id='word_1_85' title='bbox 1581 1373 1823 1429; x_wconf 75' lang='lat' dir='ltr'><strong>induxit?</strong></span> <span class='ocrx_word' id='word_1_86' title='bbox 1850 1373 1919 1429; x_wconf 87' lang='lat' dir='ltr'><strong>Et</strong></span> 
     </span>
    </p>
   </div>
   <div class='ocr_carea' id='block_1_12' title="bbox 337 1464 1919 1538">
    <p class='ocr_par' dir='ltr' id='par_1_12' title="bbox 337 1464 1919 1538">
     <span class='ocr_line' id='line_1_12' title="bbox 337 1464 1919 1538; baseline -0.001 -16"><span class='ocrx_word' id='word_1_87' title='bbox 337 1482 571 1529; x_wconf 85' lang='lat' dir='ltr'><strong>rursum.</strong></span> <span class='ocrx_word' id='word_1_88' title='bbox 594 1465 943 1538; x_wconf 71' lang='lat' dir='ltr'><strong>Unusquisque</strong></span> <span class='ocrx_word' id='word_1_89' title='bbox 959 1475 1176 1520; x_wconf 80' lang='lat' dir='ltr'><strong>vestrum</strong></span> <span class='ocrx_word' id='word_1_90' title='bbox 1197 1465 1428 1536; x_wconf 67' lang='lat' dir='ltr'><strong>proximo</strong></span> <span class='ocrx_word' id='word_1_91' title='bbox 1449 1465 1643 1536; x_wconf 83' lang='lat' dir='ltr'><strong>placeat</strong></span> <span class='ocrx_word' id='word_1_92' title='bbox 1661 1465 1713 1519; x_wconf 89' lang='lat' dir='ltr'><strong>in</strong></span> <span class='ocrx_word' id='word_1_93' title='bbox 1733 1464 1919 1521; x_wconf 80' lang='lat' dir='ltr'><strong>bonum</strong></span> 
     </span>
    </p>
   </div>
   <div class='ocr_carea' id='block_1_13' title="bbox 337 1556 1919 1630">
    <p class='ocr_par' dir='ltr' id='par_1_13' title="bbox 337 1556 1919 1630">
     <span class='ocr_line' id='line_1_13' title="bbox 337 1556 1919 1630; baseline 0.001 -18"><span class='ocrx_word' id='word_1_94' title='bbox 337 1559 408 1612; x_wconf 77' lang='lat' dir='ltr'><strong>ad</strong></span> <span class='ocrx_word' id='word_1_95' title='bbox 429 1558 816 1629; x_wconf 72' lang='lat' dir='ltr'><strong>aediﬁcationem</strong></span> <span class='ocrx_word' id='word_1_96' title='bbox 848 1557 868 1628; x_wconf 94' lang='lat'><strong>(</strong></span> <span class='ocrx_word' id='word_1_97' title='bbox 893 1556 1044 1613; x_wconf 85' lang='lat' dir='ltr'><strong>Rom.</strong></span> <span class='ocrx_word' id='word_1_98' title='bbox 1072 1557 1159 1615; x_wconf 81' lang='lat' dir='ltr'><strong>l5.</strong></span> <span class='ocrx_word' id='word_1_99' title='bbox 1185 1557 1222 1612; x_wconf 76' lang='grc'>2</span> <span class='ocrx_word' id='word_1_100' title='bbox 1243 1559 1285 1630; x_wconf 93' lang='grc'><strong>).</strong></span> <span class='ocrx_word' id='word_1_101' title='bbox 1314 1558 1516 1615; x_wconf 87' lang='lat' dir='ltr'><strong>Deinde</strong></span> <span class='ocrx_word' id='word_1_102' title='bbox 1537 1558 1776 1630; x_wconf 87' lang='lat' dir='ltr'><strong>sequitur</strong></span> <span class='ocrx_word' id='word_1_103' title='bbox 1804 1558 1919 1614; x_wconf 86' lang='lat' dir='ltr'><strong>laus</strong></span> 
     </span>
    </p>
   </div>
   <div class='ocr_carea' id='block_1_14' title="bbox 341 1651 1920 1723">
    <p class='ocr_par' dir='ltr' id='par_1_14' title="bbox 341 1651 1920 1723">
     <span class='ocr_line' id='line_1_14' title="bbox 341 1651 1920 1723; baseline 0.001 -17"><span class='ocrx_word' id='word_1_104' title='bbox 341 1651 624 1709; x_wconf 81' lang='lat' dir='ltr'><strong>inell‘abilis</strong></span> <span class='ocrx_word' id='word_1_105' title='bbox 655 1667 776 1708; x_wconf 91' lang='lat' dir='ltr'><strong>cum</strong></span> <span class='ocrx_word' id='word_1_106' title='bbox 804 1651 1166 1708; x_wconf 89' lang='lat' dir='ltr'><strong>admonitione</strong></span> <span class='ocrx_word' id='word_1_107' title='bbox 1199 1651 1503 1723; x_wconf 89' lang='lat' dir='ltr'><strong>conjuncta.</strong></span> <span class='ocrx_word' id='word_1_108' title='bbox 1539 1652 1675 1708; x_wconf 86' lang='lat' dir='ltr'><strong>Nam</strong></span> <span class='ocrx_word' id='word_1_109' title='bbox 1698 1662 1746 1709; x_wconf 87' lang='lat' dir='ltr'><strong>et</strong></span> <span class='ocrx_word' id='word_1_110' title='bbox 1770 1652 1920 1709; x_wconf 85' lang='lat' dir='ltr'><strong>Chri-</strong></span> 
     </span>
    </p>
   </div>
   <div class='ocr_carea' id='block_1_15' title="bbox 338 1743 1920 1816">
    <p class='ocr_par' dir='ltr' id='par_1_15' title="bbox 338 1743 1920 1816">
     <span class='ocr_line' id='line_1_15' title="bbox 338 1743 1920 1816; baseline 0.001 -16"><span class='ocrx_word' id='word_1_111' title='bbox 338 1755 447 1800; x_wconf 88' lang='lat' dir='ltr'><strong>stus</strong></span> <span class='ocrx_word' id='word_1_112' title='bbox 471 1762 573 1800; x_wconf 87' lang='lat' dir='ltr'><strong>non</strong></span> <span class='ocrx_word' id='word_1_113' title='bbox 600 1747 696 1800; x_wconf 86' lang='lat' dir='ltr'><strong>sibi</strong></span> <span class='ocrx_word' id='word_1_114' title='bbox 721 1745 823 1816; x_wconf 84' lang='lat' dir='ltr'><strong>ipsi</strong></span> <span class='ocrx_word' id='word_1_115' title='bbox 852 1743 1042 1816; x_wconf 86' lang='lat' dir='ltr'><strong>placuit</strong></span> <span class='ocrx_word' id='word_1_116' title='bbox 1067 1743 1231 1815; x_wconf 83' lang='lat' dir='ltr'><strong>(Ibid.</strong></span> <span class='ocrx_word' id='word_1_117' title='bbox 1260 1761 1306 1800; x_wconf 74' lang='grc' dir='ltr'><strong>υ.</strong></span> <span class='ocrx_word' id='word_1_118' title='bbox 1331 1745 1412 1815; x_wconf 78' lang='lat'><strong>&#39;5).</strong></span> <span class='ocrx_word' id='word_1_119' title='bbox 1440 1745 1556 1802; x_wconf 83' lang='lat' dir='ltr'><strong>Jam</strong></span> <span class='ocrx_word' id='word_1_120' title='bbox 1584 1747 1714 1802; x_wconf 84' lang='lat' dir='ltr'><strong>satis</strong></span> <span class='ocrx_word' id='word_1_121' title='bbox 1738 1755 1920 1803; x_wconf 87' lang='lat' dir='ltr'><strong>essent</strong></span> 
     </span>
    </p>
   </div>
   <div class='ocr_carea' id='block_1_16' title="bbox 342 1837 1918 1896">
    <p class='ocr_par' dir='ltr' id='par_1_16' title="bbox 342 1837 1918 1896">
     <span class='ocr_line' id='line_1_16' title="bbox 342 1837 1918 1896; baseline 0.003 -4"><span class='ocrx_word' id='word_1_122' title='bbox 342 1839 426 1892; x_wconf 66' lang='lat' dir='ltr'><strong>b8</strong></span> <span class='ocrx_word' id='word_1_123' title='bbox 453 1838 732 1894; x_wconf 67' lang='lat' dir='ltr'><strong>sententiae</strong></span> <span class='ocrx_word' id='word_1_124' title='bbox 764 1837 832 1893; x_wconf 81' lang='lat' dir='ltr'><strong>ad</strong></span> <span class='ocrx_word' id='word_1_125' title='bbox 863 1837 1133 1894; x_wconf 83' lang='lat' dir='ltr'><strong>victoriam</strong></span> <span class='ocrx_word' id='word_1_126' title='bbox 1160 1838 1506 1896; x_wconf 88' lang='lat' dir='ltr'><strong>asserendam</strong></span> <span class='ocrx_word' id='word_1_127' title='bbox 1535 1856 1549 1894; x_wconf 90' lang='lat'><strong>:</strong></span> <span class='ocrx_word' id='word_1_128' title='bbox 1578 1849 1636 1895; x_wconf 92' lang='lat' dir='ltr'><strong>ut</strong></span> <span class='ocrx_word' id='word_1_129' title='bbox 1661 1848 1836 1896; x_wconf 89' lang='lat' dir='ltr'><strong>tamen</strong></span> <span class='ocrx_word' id='word_1_130' title='bbox 1866 1840 1918 1896; x_wconf 88' lang='lat' dir='ltr'><strong>id</strong></span> 
     </span>
    </p>
   </div>
   <div class='ocr_carea' id='block_1_17' title="bbox 341 1929 1919 2003">
    <p class='ocr_par' dir='ltr' id='par_1_17' title="bbox 341 1929 1919 2003">
     <span class='ocr_line' id='line_1_17' title="bbox 341 1929 1919 2003; baseline 0.003 -19"><span class='ocrx_word' id='word_1_131' title='bbox 341 1929 529 2000; x_wconf 83' lang='lat' dir='ltr'><strong>majori</strong></span> <span class='ocrx_word' id='word_1_132' title='bbox 553 1929 765 1985; x_wconf 91' lang='lat' dir='ltr'><strong>cumulo</strong></span> <span class='ocrx_word' id='word_1_133' title='bbox 791 1929 880 1984; x_wconf 86' lang='lat' dir='ltr'><strong>liat</strong></span> <span class='ocrx_word' id='word_1_134' title='bbox 897 1969 914 1996; x_wconf 94' lang='lat'><strong>,</strong></span> <span class='ocrx_word' id='word_1_135' title='bbox 944 1929 1220 1986; x_wconf 83' lang='lat' dir='ltr'><strong>videamus</strong></span> <span class='ocrx_word' id='word_1_136' title='bbox 1247 1946 1365 2001; x_wconf 66' lang='lat' dir='ltr'><strong>qua:</strong></span> <span class='ocrx_word' id='word_1_137' title='bbox 1393 1946 1458 1986; x_wconf 84' lang='lat' dir='ltr'><strong>ex</strong></span> <span class='ocrx_word' id='word_1_138' title='bbox 1487 1929 1642 1987; x_wconf 92' lang='lat' dir='ltr'><strong>bonis</strong></span> <span class='ocrx_word' id='word_1_139' title='bbox 1668 1929 1919 2003; x_wconf 88' lang='lat' dir='ltr'><strong>operibus</strong></span> 
     </span>
    </p>
   </div>
   <div class='ocr_carea' id='block_1_18' title="bbox 345 2019 1921 2095">
    <p class='ocr_par' dir='ltr' id='par_1_18' title="bbox 345 2019 1921 2095">
     <span class='ocr_line' id='line_1_18' title="bbox 345 2019 1921 2095; baseline 0.004 -19"><span class='ocrx_word' id='word_1_140' title='bbox 345 2019 398 2077; x_wconf 93' lang='lat' dir='ltr'><strong>in</strong></span> <span class='ocrx_word' id='word_1_141' title='bbox 424 2021 575 2078; x_wconf 89' lang='lat' dir='ltr'><strong>nobis</strong></span> <span class='ocrx_word' id='word_1_142' title='bbox 604 2022 980 2090; x_wconf 88' lang='lat' dir='ltr'><strong>terminentur,</strong></span> <span class='ocrx_word' id='word_1_143' title='bbox 1004 2037 1123 2095; x_wconf 74' lang='lat' dir='ltr'><strong>qua:</strong></span> <span class='ocrx_word' id='word_1_144' title='bbox 1142 2039 1271 2079; x_wconf 92' lang='lat' dir='ltr'><strong>vero</strong></span> <span class='ocrx_word' id='word_1_145' title='bbox 1290 2039 1318 2078; x_wconf 90' lang='lat' dir='ltr'><strong>a</strong></span> <span class='ocrx_word' id='word_1_146' title='bbox 1343 2023 1496 2080; x_wconf 91' lang='lat' dir='ltr'><strong>nobis</strong></span> <span class='ocrx_word' id='word_1_147' title='bbox 1517 2024 1570 2080; x_wconf 92' lang='lat' dir='ltr'><strong>in</strong></span> <span class='ocrx_word' id='word_1_148' title='bbox 1591 2024 1724 2082; x_wconf 90' lang='lat' dir='ltr'><strong>alios</strong></span> <span class='ocrx_word' id='word_1_149' title='bbox 1745 2034 1921 2084; x_wconf 85' lang='lat' dir='ltr'><strong>trans-</strong></span> 
     </span>
    </p>
   </div>
   <div class='ocr_carea' id='block_1_19' title="bbox 341 2116 1921 2192">
    <p class='ocr_par' dir='ltr' id='par_1_19' title="bbox 341 2116 1921 2192">
     <span class='ocr_line' id='line_1_19' title="bbox 341 2116 1921 2192; baseline 0.003 -19"><span class='ocrx_word' id='word_1_150' title='bbox 341 2125 488 2173; x_wconf 80' lang='lat' dir='ltr'><strong>eant.</strong></span> <span class='ocrx_word' id='word_1_151' title='bbox 513 2117 762 2188; x_wconf 75' lang='lat' dir='ltr'><strong>lejunare</strong></span> <span class='ocrx_word' id='word_1_152' title='bbox 789 2118 967 2189; x_wconf 78' lang='lat' dir='ltr'><strong>igitur,</strong></span> <span class='ocrx_word' id='word_1_153' title='bbox 999 2116 1145 2173; x_wconf 86' lang='lat' dir='ltr'><strong>humi</strong></span> <span class='ocrx_word' id='word_1_154' title='bbox 1171 2117 1368 2175; x_wconf 88' lang='lat' dir='ltr'><strong>cubare</strong></span> <span class='ocrx_word' id='word_1_155' title='bbox 1385 2160 1402 2185; x_wconf 94' lang='lat'><strong>,</strong></span> <span class='ocrx_word' id='word_1_156' title='bbox 1429 2119 1783 2192; x_wconf 80' lang='lat' dir='ltr'><strong>virginitatem</strong></span> <span class='ocrx_word' id='word_1_157' title='bbox 1807 2135 1921 2177; x_wconf 86' lang='lat' dir='ltr'><strong>ser-</strong></span> 
     </span>
    </p>
   </div>
   <div class='ocr_carea' id='block_1_20' title="bbox 345 2210 1921 2284">
    <p class='ocr_par' dir='ltr' id='par_1_20' title="bbox 345 2210 1921 2284">
     <span class='ocr_line' id='line_1_20' title="bbox 345 2210 1921 2284; baseline 0.005 -20"><span class='ocrx_word' id='word_1_158' title='bbox 345 2225 471 2267; x_wconf 83' lang='lat' dir='ltr'><strong>vare</strong></span> <span class='ocrx_word' id='word_1_159' title='bbox 513 2219 672 2283; x_wconf 87' lang='lat' dir='ltr'><strong>atque</strong></span> <span class='ocrx_word' id='word_1_160' title='bbox 710 2211 1132 2280; x_wconf 88' lang='lat' dir='ltr'><strong>continentiam,</strong></span> <span class='ocrx_word' id='word_1_161' title='bbox 1176 2210 1309 2284; x_wconf 89' lang='lat' dir='ltr'><strong>ipsis</strong></span> <span class='ocrx_word' id='word_1_162' title='bbox 1349 2212 1754 2272; x_wconf 80' lang='lat' dir='ltr'><strong>observantibus</strong></span> <span class='ocrx_word' id='word_1_163' title='bbox 1795 2224 1921 2272; x_wconf 88' lang='lat' dir='ltr'><strong>sunt</strong></span> 
     </span>
    </p>
   </div>
   <div class='ocr_carea' id='block_1_21' title="bbox 343 2302 1922 2375">
    <p class='ocr_par' dir='ltr' id='par_1_21' title="bbox 343 2302 1922 2375">
     <span class='ocr_line' id='line_1_21' title="bbox 343 2302 1922 2375; baseline 0.003 -17"><span class='ocrx_word' id='word_1_164' title='bbox 343 2302 520 2369; x_wconf 83' lang='lat' dir='ltr'><strong>utilia;</strong></span> <span class='ocrx_word' id='word_1_165' title='bbox 552 2319 669 2374; x_wconf 76' lang='lat' dir='ltr'><strong>qua:</strong></span> <span class='ocrx_word' id='word_1_166' title='bbox 697 2318 825 2359; x_wconf 91' lang='lat' dir='ltr'><strong>vero</strong></span> <span class='ocrx_word' id='word_1_167' title='bbox 857 2319 890 2360; x_wconf 87' lang='lat' dir='ltr'><strong>a</strong></span> <span class='ocrx_word' id='word_1_168' title='bbox 921 2304 1072 2359; x_wconf 89' lang='lat' dir='ltr'><strong>nobis</strong></span> <span class='ocrx_word' id='word_1_169' title='bbox 1103 2305 1157 2360; x_wconf 95' lang='lat' dir='ltr'><strong>in</strong></span> <span class='ocrx_word' id='word_1_170' title='bbox 1188 2304 1460 2375; x_wconf 79' lang='lat' dir='ltr'><strong>proximos</strong></span> <span class='ocrx_word' id='word_1_171' title='bbox 1493 2315 1771 2362; x_wconf 85' lang='lat' dir='ltr'><strong>transeunt</strong></span> <span class='ocrx_word' id='word_1_172' title='bbox 1793 2312 1922 2364; x_wconf 81' lang='lat' dir='ltr'><strong>sunt</strong></span> 
     </span>
    </p>
   </div>
   <div class='ocr_carea' id='block_1_22' title="bbox 342 2394 1920 2467">
    <p class='ocr_par' dir='ltr' id='par_1_22' title="bbox 342 2394 1920 2467">
     <span class='ocr_line' id='line_1_22' title="bbox 342 2394 1920 2467; baseline 0.004 -17"><span class='ocrx_word' id='word_1_173' title='bbox 342 2394 701 2467; x_wconf 84' lang='lat' dir='ltr'><strong>eleemosyna,</strong></span> <span class='ocrx_word' id='word_1_174' title='bbox 722 2395 982 2464; x_wconf 87' lang='lat' dir='ltr'><strong>doctrina,</strong></span> <span class='ocrx_word' id='word_1_175' title='bbox 1005 2397 1218 2452; x_wconf 88' lang='lat' dir='ltr'><strong>caritas.</strong></span> <span class='ocrx_word' id='word_1_176' title='bbox 1248 2397 1344 2454; x_wconf 89' lang='lat' dir='ltr'><strong>Hic</strong></span> <span class='ocrx_word' id='word_1_177' title='bbox 1365 2400 1526 2454; x_wconf 86' lang='lat' dir='ltr'><strong>etiam</strong></span> <span class='ocrx_word' id='word_1_178' title='bbox 1550 2399 1673 2455; x_wconf 91' lang='lat' dir='ltr'><strong>audi</strong></span> <span class='ocrx_word' id='word_1_179' title='bbox 1700 2399 1920 2457; x_wconf 81' lang='lat' dir='ltr'><strong>Paulum</strong></span> 
     </span>
    </p>
   </div>
   <div class='ocr_carea' id='block_1_23' title="bbox 342 2485 1922 2564">
    <p class='ocr_par' dir='ltr' id='par_1_23' title="bbox 342 2485 1922 2564">
     <span class='ocr_line' id='line_1_23' title="bbox 342 2485 1922 2564; baseline 0.004 -23"><span class='ocrx_word' id='word_1_180' title='bbox 342 2485 610 2542; x_wconf 87' lang='lat' dir='ltr'><strong>dicentem</strong></span> <span class='ocrx_word' id='word_1_181' title='bbox 640 2503 655 2542; x_wconf 90' lang='lat'><strong>:</strong></span> <span class='ocrx_word' id='word_1_182' title='bbox 683 2487 746 2544; x_wconf 88' lang='lat' dir='ltr'><strong>Si</strong></span> <span class='ocrx_word' id='word_1_183' title='bbox 777 2489 946 2543; x_wconf 85' lang='lat' dir='ltr'><strong>omnia</strong></span> <span class='ocrx_word' id='word_1_184' title='bbox 970 2505 1086 2560; x_wconf 67' lang='lat' dir='ltr'><strong>qua</strong></span> <span class='ocrx_word' id='word_1_185' title='bbox 1111 2491 1268 2546; x_wconf 80' lang='lat' dir='ltr'><strong>habeo</strong></span> <span class='ocrx_word' id='word_1_186' title='bbox 1300 2492 1352 2546; x_wconf 90' lang='lat' dir='ltr'><strong>in</strong></span> <span class='ocrx_word' id='word_1_187' title='bbox 1381 2491 1516 2547; x_wconf 85' lang='lat' dir='ltr'><strong>cibos</strong></span> <span class='ocrx_word' id='word_1_188' title='bbox 1543 2509 1819 2564; x_wconf 84' lang='lat' dir='ltr'><strong>pauperum</strong></span> <span class='ocrx_word' id='word_1_189' title='bbox 1843 2493 1922 2548; x_wconf 80' lang='lat' dir='ltr'><strong>di-</strong></span> 
     </span>
    </p>
   </div>
   <div class='ocr_carea' id='block_1_24' title="bbox 341 2577 1924 2653">
    <p class='ocr_par' dir='ltr' id='par_1_24' title="bbox 341 2577 1924 2653">
     <span class='ocr_line' id='line_1_24' title="bbox 341 2577 1924 2653; baseline 0.005 -20"><span class='ocrx_word' id='word_1_190' title='bbox 341 2577 587 2634; x_wconf 77' lang='lat' dir='ltr'><strong>stribuant</strong></span> <span class='ocrx_word' id='word_1_191' title='bbox 605 2620 620 2645; x_wconf 93' lang='lat'><strong>,</strong></span> <span class='ocrx_word' id='word_1_192' title='bbox 651 2579 696 2635; x_wconf 90' lang='lat' dir='ltr'><strong>si</strong></span> <span class='ocrx_word' id='word_1_193' title='bbox 716 2597 899 2653; x_wconf 80' lang='lat' dir='ltr'><strong>corpus</strong></span> <span class='ocrx_word' id='word_1_194' title='bbox 924 2598 1086 2637; x_wconf 85' lang='lat' dir='ltr'><strong>meum</strong></span> <span class='ocrx_word' id='word_1_195' title='bbox 1114 2583 1313 2638; x_wconf 80' lang='lat' dir='ltr'><strong>tradam</strong></span> <span class='ocrx_word' id='word_1_196' title='bbox 1338 2595 1394 2638; x_wconf 84' lang='lat' dir='ltr'><strong>ut</strong></span> <span class='ocrx_word' id='word_1_197' title='bbox 1418 2594 1634 2651; x_wconf 78' lang='lat' dir='ltr'><strong>uratur,</strong></span> <span class='ocrx_word' id='word_1_198' title='bbox 1666 2587 1924 2642; x_wconf 77' lang='lat' dir='ltr'><strong>caritatem</strong></span> 
     </span>
    </p>
   </div>
   <div class='ocr_carea' id='block_1_25' title="bbox 342 2671 1920 2748">
    <p class='ocr_par' dir='ltr' id='par_1_25' title="bbox 342 2671 1920 2748">
     <span class='ocr_line' id='line_1_25' title="bbox 342 2671 1920 2748; baseline 0.005 -24"><span class='ocrx_word' id='word_1_199' title='bbox 342 2680 510 2725; x_wconf 82' lang='lat' dir='ltr'><strong>autem</strong></span> <span class='ocrx_word' id='word_1_200' title='bbox 537 2687 638 2724; x_wconf 89' lang='lat' dir='ltr'><strong>non</strong></span> <span class='ocrx_word' id='word_1_201' title='bbox 662 2671 902 2738; x_wconf 71' lang='lat' dir='ltr'><strong>habeam,</strong></span> <span class='ocrx_word' id='word_1_202' title='bbox 934 2673 1064 2728; x_wconf 80' lang='lat' dir='ltr'><strong>nihil</strong></span> <span class='ocrx_word' id='word_1_203' title='bbox 1091 2673 1215 2727; x_wconf 84' lang='lat' dir='ltr'><strong>mihi</strong></span> <span class='ocrx_word' id='word_1_204' title='bbox 1239 2676 1442 2746; x_wconf 85' lang='lat' dir='ltr'><strong>prodest</strong></span> <span class='ocrx_word' id='word_1_205' title='bbox 1467 2676 1542 2748; x_wconf 88' lang='grc'><strong>(1.</strong></span> <span class='ocrx_word' id='word_1_206' title='bbox 1577 2676 1695 2732; x_wconf 88' lang='lat' dir='ltr'><strong>Cor.</strong></span> <span class='ocrx_word' id='word_1_207' title='bbox 1723 2677 1809 2732; x_wconf 77' lang='grc'><strong>15.</strong></span> <span class='ocrx_word' id='word_1_208' title='bbox 1837 2678 1920 2748; x_wconf 77' lang='lat'><strong>3).</strong></span> 
     </span>
    </p>
   </div>
   <div class='ocr_carea' id='block_1_26' title="bbox 417 2758 1923 2842">
    <p class='ocr_par' dir='ltr' id='par_1_26' title="bbox 417 2758 1923 2842">
     <span class='ocr_line' id='line_1_26' title="bbox 417 2758 1923 2842; baseline 0.007 -26"><span class='ocrx_word' id='word_1_209' title='bbox 417 2761 472 2816; x_wconf 84' lang='lat'><strong>6.</strong></span> <span class='ocrx_word' id='word_1_210' title='bbox 505 2758 738 2816; x_wconf 75' lang='lat' dir='ltr'><strong>Proximi</strong></span> <span class='ocrx_word' id='word_1_211' title='bbox 756 2764 1082 2833; x_wconf 72' lang='lat' dir='ltr'><strong>wdiﬁcationi</strong></span> <span class='ocrx_word' id='word_1_212' title='bbox 1099 2767 1271 2820; x_wconf 88' lang='lat' dir='ltr'><strong>omnia</strong></span> <span class='ocrx_word' id='word_1_213' title='bbox 1290 2769 1659 2838; x_wconf 86' lang='lat' dir='ltr'><strong>postponenda.</strong></span> <span class='ocrx_word' id='word_1_214' title='bbox 1692 2767 1923 2842; x_wconf 82' lang='lat' dir='ltr'><strong>Virgines</strong></span> 
     </span>
    </p>
   </div>
   <div class='ocr_carea' id='block_1_27' title="bbox 348 2857 1926 2934">
    <p class='ocr_par' dir='ltr' id='par_1_27' title="bbox 348 2857 1926 2934">
     <span class='ocr_line' id='line_1_27' title="bbox 348 2857 1926 2934; baseline 0.007 -25"><span class='ocrx_word' id='word_1_215' title='bbox 348 2857 506 2926; x_wconf 70' lang='lat' dir='ltr'><strong>fatua</strong></span> <span class='ocrx_word' id='word_1_216' title='bbox 528 2858 641 2912; x_wconf 83' lang='lat' dir='ltr'><strong>ideo</strong></span> <span class='ocrx_word' id='word_1_217' title='bbox 665 2874 729 2912; x_wconf 81' lang='lat' dir='ltr'><strong>ea:</strong></span> <span class='ocrx_word' id='word_1_218' title='bbox 756 2859 979 2914; x_wconf 78' lang='lat' dir='ltr'><strong>thalamo</strong></span> <span class='ocrx_word' id='word_1_219' title='bbox 1007 2861 1257 2929; x_wconf 67' lang='lat' dir='ltr'><strong>exclusis,</strong></span> <span class='ocrx_word' id='word_1_220' title='bbox 1286 2862 1404 2933; x_wconf 87' lang='lat' dir='ltr'><strong>quia</strong></span> <span class='ocrx_word' id='word_1_221' title='bbox 1433 2863 1798 2934; x_wconf 82' lang='lat' dir='ltr'><strong>eleemosynam</strong></span> <span class='ocrx_word' id='word_1_222' title='bbox 1823 2877 1926 2920; x_wconf 89' lang='lat' dir='ltr'><strong>non</strong></span> 
     </span>
    </p>
   </div>
   <div class='ocr_carea' id='block_1_28' title="bbox 347 2949 1923 3026">
    <p class='ocr_par' dir='ltr' id='par_1_28' title="bbox 347 2949 1923 3026">
     <span class='ocr_line' id='line_1_28' title="bbox 347 2949 1923 3026; baseline 0.006 -23"><span class='ocrx_word' id='word_1_223' title='bbox 347 2949 610 3006; x_wconf 85' lang='lat' dir='ltr'><strong>dederant.</strong></span> <span class='ocrx_word' id='word_1_224' title='bbox 636 2981 708 2994; x_wconf 91' lang='lat'><strong>-—</strong></span> <span class='ocrx_word' id='word_1_225' title='bbox 736 2952 922 3008; x_wconf 80' lang='lat' dir='ltr'><strong>Viden’</strong></span> <span class='ocrx_word' id='word_1_226' title='bbox 957 2953 1231 3010; x_wconf 87' lang='lat' dir='ltr'><strong>caritatem</strong></span> <span class='ocrx_word' id='word_1_227' title='bbox 1275 2970 1369 3024; x_wconf 91' lang='lat' dir='ltr'><strong>per</strong></span> <span class='ocrx_word' id='word_1_228' title='bbox 1394 2970 1452 3010; x_wconf 88' lang='lat' dir='ltr'><strong>se</strong></span> <span class='ocrx_word' id='word_1_229' title='bbox 1480 2955 1755 3024; x_wconf 82' lang='lat' dir='ltr'><strong>splendide</strong></span> <span class='ocrx_word' id='word_1_230' title='bbox 1785 2972 1923 3026; x_wconf 63' lang='lat' dir='ltr'><strong>pra;—</strong></span> 
     </span>
    </p>
   </div>
   <div class='ocr_carea' id='block_1_29' title="bbox 345 3039 1928 3119">
    <p class='ocr_par' dir='ltr' id='par_1_29' title="bbox 345 3039 1928 3119">
     <span class='ocr_line' id='line_1_29' title="bbox 345 3039 1928 3119; baseline 0.005 -25"><span class='ocrx_word' id='word_1_231' title='bbox 345 3039 573 3095; x_wconf 87' lang='lat' dir='ltr'><strong>dicatam</strong></span> <span class='ocrx_word' id='word_1_232' title='bbox 600 3051 653 3097; x_wconf 91' lang='lat' dir='ltr'><strong>et</strong></span> <span class='ocrx_word' id='word_1_233' title='bbox 675 3045 1017 3099; x_wconf 88' lang='lat' dir='ltr'><strong>coronatam?</strong></span> <span class='ocrx_word' id='word_1_234' title='bbox 1041 3045 1145 3102; x_wconf 89' lang='lat' dir='ltr'><strong>Sed</strong></span> <span class='ocrx_word' id='word_1_235' title='bbox 1171 3047 1215 3103; x_wconf 95' lang='lat' dir='ltr'><strong>si</strong></span> <span class='ocrx_word' id='word_1_236' title='bbox 1244 3047 1412 3116; x_wconf 88' lang='lat' dir='ltr'><strong>placet</strong></span> <span class='ocrx_word' id='word_1_237' title='bbox 1440 3048 1595 3104; x_wconf 89' lang='lat' dir='ltr'><strong>tertio</strong></span> <span class='ocrx_word' id='word_1_238' title='bbox 1616 3049 1928 3119; x_wconf 87' lang='lat' dir='ltr'><strong>congredia-</strong></span> 
     </span>
    </p>
   </div>
   <div class='ocr_carea' id='block_1_30' title="bbox 349 3134 1925 3213">
    <p class='ocr_par' dir='ltr' id='par_1_30' title="bbox 349 3134 1925 3213">
     <span class='ocr_line' id='line_1_30' title="bbox 349 3134 1925 3213; baseline 0.006 -23"><span class='ocrx_word' id='word_1_239' title='bbox 349 3150 488 3190; x_wconf 87' lang='lat' dir='ltr'><strong>mur.</strong></span> <span class='ocrx_word' id='word_1_240' title='bbox 520 3134 654 3191; x_wconf 81' lang='lat' dir='ltr'><strong>Hinc</strong></span> <span class='ocrx_word' id='word_1_241' title='bbox 682 3138 816 3193; x_wconf 89' lang='lat' dir='ltr'><strong>alius</strong></span> <span class='ocrx_word' id='word_1_242' title='bbox 844 3147 1126 3207; x_wconf 88' lang='lat' dir='ltr'><strong>statuatur,</strong></span> <span class='ocrx_word' id='word_1_243' title='bbox 1152 3141 1239 3212; x_wconf 92' lang='lat' dir='ltr'><strong>qui</strong></span> <span class='ocrx_word' id='word_1_244' title='bbox 1264 3141 1489 3212; x_wconf 87' lang='lat' dir='ltr'><strong>jejunet,</strong></span> <span class='ocrx_word' id='word_1_245' title='bbox 1514 3141 1603 3213; x_wconf 92' lang='lat' dir='ltr'><strong>qui</strong></span> <span class='ocrx_word' id='word_1_246' title='bbox 1629 3143 1925 3199; x_wconf 88' lang='lat' dir='ltr'><strong>castitatem</strong></span> 
     </span>
    </p>
   </div>
   <div class='ocr_carea' id='block_1_31' title="bbox 349 3230 1928 3303">
    <p class='ocr_par' dir='ltr' id='par_1_31' title="bbox 349 3230 1928 3303">
     <span class='ocr_line' id='line_1_31' title="bbox 349 3230 1928 3303; baseline 0.004 -20"><span class='ocrx_word' id='word_1_247' title='bbox 349 3238 562 3296; x_wconf 80' lang='lat' dir='ltr'><strong>servet,</strong></span> <span class='ocrx_word' id='word_1_248' title='bbox 591 3230 679 3300; x_wconf 92' lang='lat' dir='ltr'><strong>qui</strong></span> <span class='ocrx_word' id='word_1_249' title='bbox 709 3233 1019 3303; x_wconf 87' lang='lat' dir='ltr'><strong>martyrium</strong></span> <span class='ocrx_word' id='word_1_250' title='bbox 1047 3233 1270 3300; x_wconf 79' lang='lat' dir='ltr'><strong>subeat,</strong></span> <span class='ocrx_word' id='word_1_251' title='bbox 1302 3244 1357 3289; x_wconf 87' lang='lat' dir='ltr'><strong>et</strong></span> <span class='ocrx_word' id='word_1_252' title='bbox 1385 3234 1729 3290; x_wconf 89' lang='lat' dir='ltr'><strong>comburatur</strong></span> <span class='ocrx_word' id='word_1_253' title='bbox 1750 3277 1765 3300; x_wconf 90' lang='lat'><strong>,</strong></span> <span class='ocrx_word' id='word_1_254' title='bbox 1793 3236 1928 3290; x_wconf 87' lang='lat' dir='ltr'><strong>alius</strong></span> 
     </span>
    </p>
   </div>
   <div class='ocr_carea' id='block_1_32' title="bbox 350 3321 1925 3400">
    <p class='ocr_par' dir='ltr' id='par_1_32' title="bbox 350 3321 1925 3400">
     <span class='ocr_line' id='line_1_32' title="bbox 350 3321 1925 3400; baseline 0.007 -27"><span class='ocrx_word' id='word_1_255' title='bbox 350 3335 479 3375; x_wconf 88' lang='lat' dir='ltr'><strong>vero</strong></span> <span class='ocrx_word' id='word_1_256' title='bbox 513 3321 580 3376; x_wconf 91' lang='lat' dir='ltr'><strong>ad</strong></span> <span class='ocrx_word' id='word_1_257' title='bbox 619 3322 1020 3378; x_wconf 67' lang='lat' dir='ltr'><strong>aediﬁcationem</strong></span> <span class='ocrx_word' id='word_1_258' title='bbox 1061 3327 1285 3395; x_wconf 80' lang='lat' dir='ltr'><strong>proximi</strong></span> <span class='ocrx_word' id='word_1_259' title='bbox 1325 3330 1634 3400; x_wconf 87' lang='lat' dir='ltr'><strong>martyrium</strong></span> <span class='ocrx_word' id='word_1_260' title='bbox 1678 3328 1925 3396; x_wconf 67' lang='lat' dir='ltr'><strong>differat,</strong></span> 
     </span>
    </p>
   </div>
   <div class='ocr_carea' id='block_1_33' title="bbox 352 3416 1927 3494">
    <p class='ocr_par' dir='ltr' id='par_1_33' title="bbox 352 3416 1927 3494">
     <span class='ocr_line' id='line_1_33' title="bbox 352 3416 1927 3494; baseline 0.004 -22"><span class='ocrx_word' id='word_1_261' title='bbox 352 3432 450 3472; x_wconf 88' lang='lat' dir='ltr'><strong>nec</strong></span> <span class='ocrx_word' id='word_1_262' title='bbox 477 3416 635 3472; x_wconf 91' lang='lat' dir='ltr'><strong>modo</strong></span> <span class='ocrx_word' id='word_1_263' title='bbox 665 3419 975 3490; x_wconf 88' lang='lat' dir='ltr'><strong>martyrium</strong></span> <span class='ocrx_word' id='word_1_264' title='bbox 1005 3418 1214 3474; x_wconf 79' lang='lat' dir='ltr'><strong>diﬂ&#39;erat</strong></span> <span class='ocrx_word' id='word_1_265' title='bbox 1235 3462 1248 3486; x_wconf 92' lang='lat'><strong>,</strong></span> <span class='ocrx_word' id='word_1_266' title='bbox 1281 3421 1374 3476; x_wconf 90' lang='lat' dir='ltr'><strong>sed</strong></span> <span class='ocrx_word' id='word_1_267' title='bbox 1406 3423 1523 3477; x_wconf 90' lang='lat' dir='ltr'><strong>sine</strong></span> <span class='ocrx_word' id='word_1_268' title='bbox 1549 3424 1802 3494; x_wconf 89' lang='lat' dir='ltr'><strong>martyrio</strong></span> <span class='ocrx_word' id='word_1_269' title='bbox 1832 3421 1927 3478; x_wconf 85' lang='lat' dir='ltr'><strong>de-</strong></span> 
     </span>
    </p>
   </div>
   <div class='ocr_carea' id='block_1_34' title="bbox 333 3509 1929 3586">
    <p class='ocr_par' dir='ltr' id='par_1_34' title="bbox 333 3509 1929 3586">
     <span class='ocr_line' id='line_1_34' title="bbox 333 3509 1929 3586; baseline 0.005 -24"><span class='ocrx_word' id='word_1_270' title='bbox 333 3509 504 3564; x_wconf 82' lang='lat' dir='ltr'><strong>cedat</strong></span> <span class='ocrx_word' id='word_1_271' title='bbox 532 3527 546 3563; x_wconf 92' lang='lat'><strong>:</strong></span> <span class='ocrx_word' id='word_1_272' title='bbox 574 3511 692 3580; x_wconf 89' lang='lat' dir='ltr'><strong>quis</strong></span> <span class='ocrx_word' id='word_1_273' title='bbox 732 3519 853 3580; x_wconf 92' lang='lat' dir='ltr'><strong>post</strong></span> <span class='ocrx_word' id='word_1_274' title='bbox 892 3511 1166 3567; x_wconf 88' lang='lat' dir='ltr'><strong>decessum</strong></span> <span class='ocrx_word' id='word_1_275' title='bbox 1208 3529 1274 3567; x_wconf 81' lang='lat' dir='ltr'><strong>ex</strong></span> <span class='ocrx_word' id='word_1_276' title='bbox 1319 3513 1418 3568; x_wconf 88' lang='lat' dir='ltr'><strong>hac</strong></span> <span class='ocrx_word' id='word_1_277' title='bbox 1447 3515 1553 3568; x_wconf 90' lang='lat' dir='ltr'><strong>vita</strong></span> <span class='ocrx_word' id='word_1_278' title='bbox 1593 3515 1929 3586; x_wconf 69' lang='lat' dir='ltr'><strong>praesuntior</strong></span> 
     </span>
    </p>
   </div>
   <div class='ocr_carea' id='block_1_35' title="bbox 350 3602 1927 3678">
    <p class='ocr_par' dir='ltr' id='par_1_35' title="bbox 350 3602 1927 3678">
     <span class='ocr_line' id='line_1_35' title="bbox 350 3602 1927 3678; baseline 0.003 -20"><span class='ocrx_word' id='word_1_279' title='bbox 350 3603 491 3658; x_wconf 84' lang='lat' dir='ltr'><strong>erit?</strong></span> <span class='ocrx_word' id='word_1_280' title='bbox 535 3602 649 3658; x_wconf 84' lang='lat' dir='ltr'><strong>Non</strong></span> <span class='ocrx_word' id='word_1_281' title='bbox 695 3603 854 3674; x_wconf 87' lang='lat' dir='ltr'><strong>longo</strong></span> <span class='ocrx_word' id='word_1_282' title='bbox 893 3603 981 3659; x_wconf 91' lang='lat' dir='ltr'><strong>hic</strong></span> <span class='ocrx_word' id='word_1_283' title='bbox 1023 3620 1155 3673; x_wconf 91' lang='lat' dir='ltr'><strong>opus</strong></span> <span class='ocrx_word' id='word_1_284' title='bbox 1193 3615 1273 3660; x_wconf 87' lang='lat' dir='ltr'><strong>est</strong></span> <span class='ocrx_word' id='word_1_285' title='bbox 1311 3621 1559 3660; x_wconf 87' lang='lat' dir='ltr'><strong>sermone</strong></span> <span class='ocrx_word' id='word_1_286' title='bbox 1583 3649 1598 3673; x_wconf 94' lang='lat'><strong>,</strong></span> <span class='ocrx_word' id='word_1_287' title='bbox 1632 3622 1731 3661; x_wconf 90' lang='lat' dir='ltr'><strong>nec</strong></span> <span class='ocrx_word' id='word_1_288' title='bbox 1773 3607 1927 3678; x_wconf 83' lang='lat' dir='ltr'><strong>longa</strong></span> 
     </span>
    </p>
   </div>
   <div class='ocr_carea' id='block_1_36' title="bbox 351 3695 1925 3770">
    <p class='ocr_par' dir='ltr' id='par_1_36' title="bbox 351 3695 1925 3770">
     <span class='ocr_line' id='line_1_36' title="bbox 351 3695 1925 3770; baseline 0.003 -20"><span class='ocrx_word' id='word_1_289' title='bbox 351 3695 636 3751; x_wconf 86' lang='lat' dir='ltr'><strong>verborum</strong></span> <span class='ocrx_word' id='word_1_290' title='bbox 665 3697 1011 3763; x_wconf 89' lang='lat' dir='ltr'><strong>circuitione;</strong></span> <span class='ocrx_word' id='word_1_291' title='bbox 1055 3698 1205 3752; x_wconf 88' lang='lat' dir='ltr'><strong>adest</strong></span> <span class='ocrx_word' id='word_1_292' title='bbox 1232 3699 1370 3752; x_wconf 89' lang='lat' dir='ltr'><strong>enim</strong></span> <span class='ocrx_word' id='word_1_293' title='bbox 1404 3699 1589 3754; x_wconf 89' lang='lat' dir='ltr'><strong>beatus</strong></span> <span class='ocrx_word' id='word_1_294' title='bbox 1616 3699 1810 3754; x_wconf 86' lang='lat' dir='ltr'><strong>Paulus</strong></span> <span class='ocrx_word' id='word_1_295' title='bbox 1837 3699 1925 3770; x_wconf 91' lang='lat' dir='ltr'><strong>qui</strong></span> 
     </span>
    </p>
   </div>
   <div class='ocr_carea' id='block_1_37' title="bbox 349 3787 1931 3853">
    <p class='ocr_par' dir='ltr' id='par_1_37' title="bbox 349 3787 1931 3853">
     <span class='ocr_line' id='line_1_37' title="bbox 349 3787 1931 3853; baseline 0.001 -9"><span class='ocrx_word' id='word_1_296' title='bbox 349 3789 664 3844; x_wconf 86' lang='lat' dir='ltr'><strong>sententiam</strong></span> <span class='ocrx_word' id='word_1_297' title='bbox 692 3787 844 3853; x_wconf 85' lang='lat' dir='ltr'><strong>ferat,</strong></span> <span class='ocrx_word' id='word_1_298' title='bbox 873 3800 926 3844; x_wconf 91' lang='lat' dir='ltr'><strong>et</strong></span> <span class='ocrx_word' id='word_1_299' title='bbox 952 3789 1092 3844; x_wconf 72' lang='lat' dir='ltr'><strong>dicat</strong></span> <span class='ocrx_word' id='word_1_300' title='bbox 1117 3810 1128 3845; x_wconf 92' lang='lat'><strong>:</strong></span> <span class='ocrx_word' id='word_1_301' title='bbox 1153 3790 1373 3846; x_wconf 78' lang='lat' dir='ltr'><strong>Dissolvi</strong></span> <span class='ocrx_word' id='word_1_302' title='bbox 1398 3801 1444 3844; x_wconf 83' lang='lat' dir='ltr'><strong>et</strong></span> <span class='ocrx_word' id='word_1_303' title='bbox 1469 3808 1580 3844; x_wconf 83' lang='lat' dir='ltr'><strong>cum</strong></span> <span class='ocrx_word' id='word_1_304' title='bbox 1606 3791 1802 3846; x_wconf 80' lang='lat' dir='ltr'><strong>Christo</strong></span> <span class='ocrx_word' id='word_1_305' title='bbox 1826 3808 1931 3845; x_wconf 88' lang='lat' dir='ltr'><strong>esse</strong></span> 
     </span>
    </p>
   </div>
   <div class='ocr_carea' id='block_1_38' title="bbox 350 3883 1930 3954">
    <p class='ocr_par' dir='ltr' id='par_1_38' title="bbox 350 3883 1930 3954">
     <span class='ocr_line' id='line_1_38' title="bbox 350 3883 1930 3954; baseline 0.001 -18"><span class='ocrx_word' id='word_1_306' title='bbox 350 3883 527 3938; x_wconf 85' lang='lat' dir='ltr'><strong>melius</strong></span> <span class='ocrx_word' id='word_1_307' title='bbox 550 3894 621 3938; x_wconf 88' lang='lat' dir='ltr'><strong>est</strong></span> <span class='ocrx_word' id='word_1_308' title='bbox 639 3901 658 3937; x_wconf 90' lang='lat'><em>:</em></span> <span class='ocrx_word' id='word_1_309' title='bbox 684 3886 737 3937; x_wconf 86' lang='lat' dir='ltr'><strong>in</strong></span> <span class='ocrx_word' id='word_1_310' title='bbox 765 3900 914 3937; x_wconf 90' lang='lat' dir='ltr'><strong>carne</strong></span> <span class='ocrx_word' id='word_1_311' title='bbox 941 3895 1108 3938; x_wconf 89' lang='lat' dir='ltr'><strong>autem</strong></span> <span class='ocrx_word' id='word_1_312' title='bbox 1135 3901 1443 3954; x_wconf 85' lang='lat' dir='ltr'><strong>permanere,</strong></span> <span class='ocrx_word' id='word_1_313' title='bbox 1475 3896 1679 3954; x_wconf 86' lang='lat' dir='ltr'><strong>propter</strong></span> <span class='ocrx_word' id='word_1_314' title='bbox 1707 3901 1794 3938; x_wconf 86' lang='lat' dir='ltr'><strong>vos</strong></span> <span class='ocrx_word' id='word_1_315' title='bbox 1820 3901 1930 3937; x_wconf 88' lang='lat' dir='ltr'><strong>ma-</strong></span> 
     </span>
    </p>
   </div>
   <div class='ocr_carea' id='block_1_39' title="bbox 350 3975 1926 4049">
    <p class='ocr_par' dir='ltr' id='par_1_39' title="bbox 350 3975 1926 4049">
     <span class='ocr_line' id='line_1_39' title="bbox 350 3975 1926 4049; baseline 0 -21"><span class='ocrx_word' id='word_1_316' title='bbox 350 3976 427 4046; x_wconf 82' lang='lat' dir='ltr'><strong>gis</strong></span> <span class='ocrx_word' id='word_1_317' title='bbox 454 3976 787 4029; x_wconf 84' lang='lat' dir='ltr'><strong>necessarium</strong></span> <span class='ocrx_word' id='word_1_318' title='bbox 813 3987 884 4029; x_wconf 90' lang='lat' dir='ltr'><strong>est</strong></span> <span class='ocrx_word' id='word_1_319' title='bbox 916 3975 1188 4049; x_wconf 78' lang='lat' dir='ltr'><strong>(Philipp.</strong></span> <span class='ocrx_word' id='word_1_320' title='bbox 1220 3979 1269 4031; x_wconf 94' lang='grc'><strong>1.</strong></span> <span class='ocrx_word' id='word_1_321' title='bbox 1302 3977 1390 4031; x_wconf 72' lang='grc'><strong>25.</strong></span> <span class='ocrx_word' id='word_1_322' title='bbox 1419 3977 1487 4032; x_wconf 73' lang='grc'><strong>24</strong></span> <span class='ocrx_word' id='word_1_323' title='bbox 1511 3979 1549 4048; x_wconf 93' lang='grc'><strong>).</strong></span> <span class='ocrx_word' id='word_1_324' title='bbox 1584 3978 1750 4033; x_wconf 82' lang='lat' dir='ltr'><strong>Audis</strong></span> <span class='ocrx_word' id='word_1_325' title='bbox 1779 3977 1926 4032; x_wconf 91' lang='lat' dir='ltr'><strong>illum</strong></span> 
     </span>
    </p>
   </div>
   <div class='ocr_carea' id='block_1_40' title="bbox 350 4065 1926 4139">
    <p class='ocr_par' dir='ltr' id='par_1_40' title="bbox 350 4065 1926 4139">
     <span class='ocr_line' id='line_1_40' title="bbox 350 4065 1926 4139; baseline 0.004 -20"><span class='ocrx_word' id='word_1_326' title='bbox 350 4065 751 4121; x_wconf 66' lang='lat' dir='ltr'><strong>aediﬁcationem</strong></span> <span class='ocrx_word' id='word_1_327' title='bbox 790 4067 1011 4135; x_wconf 84' lang='lat' dir='ltr'><strong>proximi</strong></span> <span class='ocrx_word' id='word_1_328' title='bbox 1047 4068 1211 4137; x_wconf 89' lang='lat' dir='ltr'><strong>pluris</strong></span> <span class='ocrx_word' id='word_1_329' title='bbox 1248 4066 1424 4124; x_wconf 81' lang='lat' dir='ltr'><strong>facere</strong></span> <span class='ocrx_word' id='word_1_330' title='bbox 1446 4110 1462 4135; x_wconf 92' lang='lat'><strong>,</strong></span> <span class='ocrx_word' id='word_1_331' title='bbox 1491 4085 1645 4139; x_wconf 91' lang='lat' dir='ltr'><strong>quam</strong></span> <span class='ocrx_word' id='word_1_332' title='bbox 1673 4070 1739 4126; x_wconf 90' lang='lat' dir='ltr'><strong>ad</strong></span> <span class='ocrx_word' id='word_1_333' title='bbox 1769 4070 1926 4126; x_wconf 91' lang='lat' dir='ltr'><strong>Chri-</strong></span> 
     </span>
    </p>
   </div>
   <div class='ocr_carea' id='block_1_41' title="bbox 351 4158 1927 4228">
    <p class='ocr_par' dir='ltr' id='par_1_41' title="bbox 351 4158 1927 4228">
     <span class='ocr_line' id='line_1_41' title="bbox 351 4158 1927 4228; baseline 0.006 -17"><span class='ocrx_word' id='word_1_334' title='bbox 351 4166 490 4211; x_wconf 86' lang='lat' dir='ltr'><strong>stum</strong></span> <span class='ocrx_word' id='word_1_335' title='bbox 534 4158 834 4228; x_wconf 86' lang='lat' dir='ltr'><strong>proﬁcisci?</strong></span> <span class='ocrx_word' id='word_1_336' title='bbox 867 4159 994 4214; x_wconf 90' lang='lat' dir='ltr'><strong>Illud</strong></span> <span class='ocrx_word' id='word_1_337' title='bbox 1021 4161 1160 4214; x_wconf 81' lang='lat' dir='ltr'><strong>enim</strong></span> <span class='ocrx_word' id='word_1_338' title='bbox 1189 4164 1419 4217; x_wconf 84' lang='lat' dir='ltr'><strong>maxime</strong></span> <span class='ocrx_word' id='word_1_339' title='bbox 1448 4171 1529 4218; x_wconf 90' lang='lat' dir='ltr'><strong>est</strong></span> <span class='ocrx_word' id='word_1_340' title='bbox 1568 4179 1686 4217; x_wconf 90' lang='lat' dir='ltr'><strong>cum</strong></span> <span class='ocrx_word' id='word_1_341' title='bbox 1715 4164 1927 4221; x_wconf 87' lang='lat' dir='ltr'><strong>Christo</strong></span> 
     </span>
    </p>
   </div>
   <div class='ocr_carea' id='block_1_42' title="bbox 351 4249 1926 4326">
    <p class='ocr_par' dir='ltr' id='par_1_42' title="bbox 351 4249 1926 4326">
     <span class='ocr_line' id='line_1_42' title="bbox 351 4249 1926 4326; baseline 0.006 -21"><span class='ocrx_word' id='word_1_342' title='bbox 351 4263 473 4305; x_wconf 88' lang='lat' dir='ltr'><strong>esse</strong></span> <span class='ocrx_word' id='word_1_343' title='bbox 496 4291 510 4316; x_wconf 94' lang='lat'><strong>,</strong></span> <span class='ocrx_word' id='word_1_344' title='bbox 556 4249 670 4320; x_wconf 88' lang='lat' dir='ltr'><strong>ejus</strong></span> <span class='ocrx_word' id='word_1_345' title='bbox 709 4249 885 4307; x_wconf 78' lang='lat' dir='ltr'><strong>facere</strong></span> <span class='ocrx_word' id='word_1_346' title='bbox 922 4252 1280 4320; x_wconf 83' lang='lat' dir='ltr'><strong>voluntatem;</strong></span> <span class='ocrx_word' id='word_1_347' title='bbox 1325 4253 1564 4310; x_wconf 87' lang='lat' dir='ltr'><strong>voluntas</strong></span> <span class='ocrx_word' id='word_1_348' title='bbox 1605 4266 1780 4311; x_wconf 87' lang='lat' dir='ltr'><strong>autem</strong></span> <span class='ocrx_word' id='word_1_349' title='bbox 1811 4257 1926 4326; x_wconf 90' lang='lat' dir='ltr'><strong>ejus</strong></span> 
     </span>
    </p>
   </div>
   <div class='ocr_carea' id='block_1_43' title="bbox 353 4341 1928 4413">
    <p class='ocr_par' dir='ltr' id='par_1_43' title="bbox 353 4341 1928 4413">
     <span class='ocr_line' id='line_1_43' title="bbox 353 4341 1928 4413; baseline 0.005 -17"><span class='ocrx_word' id='word_1_350' title='bbox 353 4341 618 4412; x_wconf 62' lang='lat' dir='ltr'><strong>praecipue</strong></span> <span class='ocrx_word' id='word_1_351' title='bbox 661 4351 780 4408; x_wconf 92' lang='lat' dir='ltr'><strong>est,</strong></span> <span class='ocrx_word' id='word_1_352' title='bbox 827 4351 884 4397; x_wconf 91' lang='lat' dir='ltr'><strong>ut</strong></span> <span class='ocrx_word' id='word_1_353' title='bbox 928 4344 1152 4413; x_wconf 80' lang='lat' dir='ltr'><strong>proximi</strong></span> <span class='ocrx_word' id='word_1_354' title='bbox 1197 4346 1475 4400; x_wconf 85' lang='lat' dir='ltr'><strong>utilitatem</strong></span> <span class='ocrx_word' id='word_1_355' title='bbox 1517 4363 1692 4404; x_wconf 90' lang='lat' dir='ltr'><strong>cures.</strong></span> <span class='ocrx_word' id='word_1_356' title='bbox 1740 4349 1833 4404; x_wconf 90' lang='lat' dir='ltr'><strong>Vis</strong></span> <span class='ocrx_word' id='word_1_357' title='bbox 1873 4358 1928 4406; x_wconf 88' lang='lat' dir='ltr'><strong>et</strong></span> 
     </span>
    </p>
   </div>
   <div class='ocr_carea' id='block_1_44' title="bbox 352 4432 1927 4505">
    <p class='ocr_par' dir='ltr' id='par_1_44' title="bbox 352 4432 1927 4505">
     <span class='ocr_line' id='line_1_44' title="bbox 352 4432 1927 4505; baseline 0.008 -20"><span class='ocrx_word' id='word_1_358' title='bbox 352 4442 590 4503; x_wconf 87' lang='lat' dir='ltr'><strong>quartam</strong></span> <span class='ocrx_word' id='word_1_359' title='bbox 631 4432 1136 4491; x_wconf 89' lang='lat' dir='ltr'><strong>demonstrationem</strong></span> <span class='ocrx_word' id='word_1_360' title='bbox 1175 4437 1434 4492; x_wconf 71' lang='lat' dir='ltr'><strong>alierum?</strong></span> <span class='ocrx_word' id='word_1_361' title='bbox 1474 4437 1662 4505; x_wconf 86' lang='lat' dir='ltr'><strong>Petre,</strong></span> <span class='ocrx_word' id='word_1_362' title='bbox 1704 4443 1747 4495; x_wconf 91' lang='lat' dir='ltr'><strong>si</strong></span> <span class='ocrx_word' id='word_1_363' title='bbox 1786 4459 1927 4498; x_wconf 88' lang='lat' dir='ltr'><strong>amas</strong></span> 
     </span>
    </p>
   </div>
   <div class='ocr_carea' id='block_1_45' title="bbox 352 4525 1925 4606">
    <p class='ocr_par' dir='ltr' id='par_1_45' title="bbox 352 4525 1925 4606">
     <span class='ocr_line' id='line_1_45' title="bbox 352 4525 1925 4606; baseline 0.008 -29"><span class='ocrx_word' id='word_1_364' title='bbox 352 4541 463 4590; x_wconf 82' lang='lat' dir='ltr'><strong>me,</strong></span> <span class='ocrx_word' id='word_1_365' title='bbox 496 4525 699 4596; x_wconf 91' lang='lat' dir='ltr'><strong>inquit,</strong></span> <span class='ocrx_word' id='word_1_366' title='bbox 731 4543 878 4597; x_wconf 84' lang='lat' dir='ltr'><strong>pasce</strong></span> <span class='ocrx_word' id='word_1_367' title='bbox 903 4544 1016 4582; x_wconf 80' lang='lat' dir='ltr'><strong>oves</strong></span> <span class='ocrx_word' id='word_1_368' title='bbox 1045 4546 1178 4584; x_wconf 88' lang='lat' dir='ltr'><strong>meas</strong></span> <span class='ocrx_word' id='word_1_369' title='bbox 1210 4529 1402 4601; x_wconf 86' lang='lat' dir='ltr'><strong>(Joan.</strong></span> <span class='ocrx_word' id='word_1_370' title='bbox 1431 4529 1518 4586; x_wconf 78' lang='grc'><strong>21.</strong></span> <span class='ocrx_word' id='word_1_371' title='bbox 1554 4531 1658 4606; x_wconf 83' lang='grc'><strong>15)</strong></span> <span class='ocrx_word' id='word_1_372' title='bbox 1685 4551 1697 4584; x_wconf 90' lang='lat'><em>:</em></span> <span class='ocrx_word' id='word_1_373' title='bbox 1727 4544 1780 4588; x_wconf 91' lang='lat' dir='ltr'><strong>et</strong></span> <span class='ocrx_word' id='word_1_374' title='bbox 1806 4549 1925 4590; x_wconf 86' lang='lat' dir='ltr'><strong>cum</strong></span> 
     </span>
    </p>
   </div>
   <div class='ocr_carea' id='block_1_46' title="bbox 354 4616 1930 4689">
    <p class='ocr_par' dir='ltr' id='par_1_46' title="bbox 354 4616 1930 4689">
     <span class='ocr_line' id='line_1_46' title="bbox 354 4616 1930 4689; baseline 0.007 -20"><span class='ocrx_word' id='word_1_375' title='bbox 354 4617 507 4670; x_wconf 89' lang='lat' dir='ltr'><strong>tertio</strong></span> <span class='ocrx_word' id='word_1_376' title='bbox 531 4616 701 4686; x_wconf 90' lang='lat' dir='ltr'><strong>ipsum</strong></span> <span class='ocrx_word' id='word_1_377' title='bbox 732 4618 1106 4689; x_wconf 80' lang='lat' dir='ltr'><strong>interrogasset</strong></span> <span class='ocrx_word' id='word_1_378' title='bbox 1130 4662 1144 4687; x_wconf 93' lang='lat'><strong>,</strong></span> <span class='ocrx_word' id='word_1_379' title='bbox 1174 4619 1276 4675; x_wconf 92' lang='lat' dir='ltr'><strong>boc</strong></span> <span class='ocrx_word' id='word_1_380' title='bbox 1303 4637 1422 4677; x_wconf 91' lang='lat' dir='ltr'><strong>esse</strong></span> <span class='ocrx_word' id='word_1_381' title='bbox 1450 4621 1585 4679; x_wconf 84' lang='lat' dir='ltr'><strong>dixit</strong></span> <span class='ocrx_word' id='word_1_382' title='bbox 1609 4626 1807 4680; x_wconf 89' lang='lat' dir='ltr'><strong>amoris</strong></span> <span class='ocrx_word' id='word_1_383' title='bbox 1837 4642 1930 4680; x_wconf 74' lang='lat' dir='ltr'><strong>ar—</strong></span> 
     </span>
    </p>
   </div>
   <div class='ocr_carea' id='block_1_47' title="bbox 354 4709 1927 4782">
    <p class='ocr_par' dir='ltr' id='par_1_47' title="bbox 354 4709 1927 4782">
     <span class='ocr_line' id='line_1_47' title="bbox 354 4709 1927 4782; baseline 0.008 -21"><span class='ocrx_word' id='word_1_384' title='bbox 354 4719 681 4778; x_wconf 87' lang='lat' dir='ltr'><strong>gumentum.</strong></span> <span class='ocrx_word' id='word_1_385' title='bbox 721 4709 903 4782; x_wconf 87' lang='lat' dir='ltr'><strong>Neque</strong></span> <span class='ocrx_word' id='word_1_386' title='bbox 941 4713 1006 4767; x_wconf 92' lang='lat' dir='ltr'><strong>ad</strong></span> <span class='ocrx_word' id='word_1_387' title='bbox 1051 4714 1352 4770; x_wconf 87' lang='lat' dir='ltr'><strong>sacerdotes</strong></span> <span class='ocrx_word' id='word_1_388' title='bbox 1398 4724 1598 4772; x_wconf 87' lang='lat' dir='ltr'><strong>tantum</strong></span> <span class='ocrx_word' id='word_1_389' title='bbox 1639 4719 1689 4772; x_wconf 91' lang='lat' dir='ltr'><strong>id</strong></span> <span class='ocrx_word' id='word_1_390' title='bbox 1730 4718 1927 4774; x_wconf 91' lang='lat' dir='ltr'><strong>dictum</strong></span> 
     </span>
    </p>
   </div>
   <div class='ocr_carea' id='block_1_48' title="bbox 355 4797 1927 4877">
    <p class='ocr_par' dir='ltr' id='par_1_48' title="bbox 355 4797 1927 4877">
     <span class='ocr_line' id='line_1_48' title="bbox 355 4797 1927 4877; baseline 0.007 -23"><span class='ocrx_word' id='word_1_391' title='bbox 355 4797 485 4863; x_wconf 80' lang='lat' dir='ltr'><strong>fuit,</strong></span> <span class='ocrx_word' id='word_1_392' title='bbox 527 4801 622 4856; x_wconf 89' lang='lat' dir='ltr'><strong>sed</strong></span> <span class='ocrx_word' id='word_1_393' title='bbox 663 4801 729 4856; x_wconf 91' lang='lat' dir='ltr'><strong>ad</strong></span> <span class='ocrx_word' id='word_1_394' title='bbox 768 4811 1006 4859; x_wconf 92' lang='lat' dir='ltr'><strong>nostrum</strong></span> <span class='ocrx_word' id='word_1_395' title='bbox 1046 4806 1315 4875; x_wconf 89' lang='lat' dir='ltr'><strong>singulos,</strong></span> <span class='ocrx_word' id='word_1_396' title='bbox 1347 4808 1538 4877; x_wconf 90' lang='lat' dir='ltr'><strong>quibus</strong></span> <span class='ocrx_word' id='word_1_397' title='bbox 1568 4809 1648 4864; x_wconf 91' lang='lat' dir='ltr'><strong>vel</strong></span> <span class='ocrx_word' id='word_1_398' title='bbox 1675 4811 1927 4866; x_wconf 91' lang='lat' dir='ltr'><strong>minimus</strong></span> 
     </span>
    </p>
   </div>
   <div class='ocr_carea' id='block_1_49' title="bbox 353 4895 1925 4975">
    <p class='ocr_par' dir='ltr' id='par_1_49' title="bbox 353 4895 1925 4975">
     <span class='ocr_line' id='line_1_49' title="bbox 353 4895 1925 4975; baseline 0.01 -31"><span class='ocrx_word' id='word_1_399' title='bbox 353 4905 480 4961; x_wconf 80' lang='lat' dir='ltr'><strong>grex</strong></span> <span class='ocrx_word' id='word_1_400' title='bbox 506 4895 821 4950; x_wconf 89' lang='lat' dir='ltr'><strong>commissus</strong></span> <span class='ocrx_word' id='word_1_401' title='bbox 846 4897 934 4950; x_wconf 90' lang='lat' dir='ltr'><strong>sit.</strong></span> <span class='ocrx_word' id='word_1_402' title='bbox 967 4895 1044 4952; x_wconf 88' lang='lat' dir='ltr'><strong>Ne</strong></span> <span class='ocrx_word' id='word_1_403' title='bbox 1070 4900 1210 4953; x_wconf 88' lang='lat' dir='ltr'><strong>enim</strong></span> <span class='ocrx_word' id='word_1_404' title='bbox 1237 4901 1378 4970; x_wconf 93' lang='lat' dir='ltr'><strong>quod</strong></span> <span class='ocrx_word' id='word_1_405' title='bbox 1409 4917 1603 4971; x_wconf 88' lang='lat' dir='ltr'><strong>parvus</strong></span> <span class='ocrx_word' id='word_1_406' title='bbox 1626 4904 1724 4972; x_wconf 93' lang='lat' dir='ltr'><strong>sit,</strong></span> <span class='ocrx_word' id='word_1_407' title='bbox 1754 4905 1925 4975; x_wconf 88' lang='lat' dir='ltr'><strong>ipsum</strong></span> 
     </span>
    </p>
   </div>
   <div class='ocr_carea' id='block_1_50' title="bbox 349 4984 1928 5069">
    <p class='ocr_par' dir='ltr' id='par_1_50' title="bbox 349 4984 1928 5069">
     <span class='ocr_line' id='line_1_50' title="bbox 349 4984 1928 5069; baseline 0.01 -30"><span class='ocrx_word' id='word_1_408' title='bbox 349 4984 612 5053; x_wconf 80' lang='lat' dir='ltr'><strong>despicias</strong></span> <span class='ocrx_word' id='word_1_409' title='bbox 640 5004 654 5040; x_wconf 90' lang='lat'><strong>:</strong></span> <span class='ocrx_word' id='word_1_410' title='bbox 684 5004 804 5043; x_wconf 85' lang='lat' dir='ltr'><strong>nam</strong></span> <span class='ocrx_word' id='word_1_411' title='bbox 839 4989 995 5043; x_wconf 88' lang='lat' dir='ltr'><strong>Pater</strong></span> <span class='ocrx_word' id='word_1_412' title='bbox 1019 5009 1176 5056; x_wconf 85' lang='lat' dir='ltr'><strong>meus,</strong></span> <span class='ocrx_word' id='word_1_413' title='bbox 1208 4993 1395 5065; x_wconf 91' lang='lat' dir='ltr'><strong>inquit,</strong></span> <span class='ocrx_word' id='word_1_414' title='bbox 1421 4998 1722 5069; x_wconf 79' lang='lat' dir='ltr'><strong>complacuit</strong></span> <span class='ocrx_word' id='word_1_415' title='bbox 1748 5002 1801 5053; x_wconf 93' lang='lat' dir='ltr'><strong>in</strong></span> <span class='ocrx_word' id='word_1_416' title='bbox 1825 5001 1928 5055; x_wconf 83' lang='lat' dir='ltr'><strong>illis</strong></span> 
     </span>
    </p>
   </div>
   <div class='ocr_carea' id='block_1_51' title="bbox 351 5075 1930 5160">
    <p class='ocr_par' dir='ltr' id='par_1_51' title="bbox 351 5075 1930 5160">
     <span class='ocr_line' id='line_1_51' title="bbox 351 5075 1930 5160; baseline 0.014 -31"><span class='ocrx_word' id='word_1_417' title='bbox 351 5076 372 5146; x_wconf 94' lang='lat'><strong>(</strong></span> <span class='ocrx_word' id='word_1_418' title='bbox 397 5075 520 5131; x_wconf 87' lang='lat' dir='ltr'><strong>Luc.</strong></span> <span class='ocrx_word' id='word_1_419' title='bbox 557 5077 643 5133; x_wconf 76' lang='grc'><strong>12.</strong></span> <span class='ocrx_word' id='word_1_420' title='bbox 675 5079 744 5134; x_wconf 77' lang='grc'><strong>52</strong></span> <span class='ocrx_word' id='word_1_421' title='bbox 764 5078 803 5150; x_wconf 92' lang='grc'><strong>).</strong></span> <span class='ocrx_word' id='word_1_422' title='bbox 838 5081 1040 5152; x_wconf 85' lang='lat' dir='ltr'><strong>Singuli</strong></span> <span class='ocrx_word' id='word_1_423' title='bbox 1070 5095 1307 5141; x_wconf 89' lang='lat' dir='ltr'><strong>nostrum</strong></span> <span class='ocrx_word' id='word_1_424' title='bbox 1335 5103 1487 5144; x_wconf 89' lang='lat' dir='ltr'><strong>ovem</strong></span> <span class='ocrx_word' id='word_1_425' title='bbox 1520 5090 1748 5160; x_wconf 90' lang='lat' dir='ltr'><strong>habent;</strong></span> <span class='ocrx_word' id='word_1_426' title='bbox 1791 5093 1930 5151; x_wconf 88' lang='lat' dir='ltr'><strong>hanc</strong></span> 
     </span>
    </p>
   </div>
   <div class='ocr_carea' id='block_1_52' title="bbox 352 5167 1927 5255">
    <p class='ocr_par' dir='ltr' id='par_1_52' title="bbox 352 5167 1927 5255">
     <span class='ocr_line' id='line_1_52' title="bbox 352 5167 1927 5255; baseline 0.014 -35"><span class='ocrx_word' id='word_1_427' title='bbox 352 5167 418 5222; x_wconf 90' lang='lat' dir='ltr'><strong>ad</strong></span> <span class='ocrx_word' id='word_1_428' title='bbox 441 5170 807 5225; x_wconf 87' lang='lat' dir='ltr'><strong>convenientia</strong></span> <span class='ocrx_word' id='word_1_429' title='bbox 834 5188 1027 5242; x_wconf 90' lang='lat' dir='ltr'><strong>pascua</strong></span> <span class='ocrx_word' id='word_1_430' title='bbox 1056 5175 1269 5231; x_wconf 89' lang='lat' dir='ltr'><strong>ducant.</strong></span> <span class='ocrx_word' id='word_1_431' title='bbox 1302 5178 1368 5232; x_wconf 89' lang='lat' dir='ltr'><strong>Et</strong></span> <span class='ocrx_word' id='word_1_432' title='bbox 1390 5180 1469 5234; x_wconf 93' lang='lat' dir='ltr'><strong>vir</strong></span> <span class='ocrx_word' id='word_1_433' title='bbox 1488 5196 1520 5238; x_wconf 92' lang='lat' dir='ltr'><strong>e</strong></span> <span class='ocrx_word' id='word_1_434' title='bbox 1547 5183 1682 5238; x_wconf 89' lang='lat' dir='ltr'><strong>lecto</strong></span> <span class='ocrx_word' id='word_1_435' title='bbox 1702 5199 1927 5255; x_wconf 87' lang='lat' dir='ltr'><strong>surgens</strong></span> 
     </span>
    </p>
   </div>
   <div class='ocr_carea' id='block_1_53' title="bbox 353 5260 1928 5347">
    <p class='ocr_par' dir='ltr' id='par_1_53' title="bbox 353 5260 1928 5347">
     <span class='ocr_line' id='line_1_53' title="bbox 353 5260 1928 5347; baseline 0.013 -35"><span class='ocrx_word' id='word_1_436' title='bbox 353 5273 420 5313; x_wconf 88' lang='lat' dir='ltr'><strong>ne</strong></span> <span class='ocrx_word' id='word_1_437' title='bbox 445 5260 583 5314; x_wconf 93' lang='lat' dir='ltr'><strong>aliud</strong></span> <span class='ocrx_word' id='word_1_438' title='bbox 609 5272 840 5332; x_wconf 70' lang='lat' dir='ltr'><strong>qua-rat,</strong></span> <span class='ocrx_word' id='word_1_439' title='bbox 873 5281 1026 5335; x_wconf 89' lang='lat' dir='ltr'><strong>quam</strong></span> <span class='ocrx_word' id='word_1_440' title='bbox 1059 5275 1116 5321; x_wconf 95' lang='lat' dir='ltr'><strong>ut</strong></span> <span class='ocrx_word' id='word_1_441' title='bbox 1143 5269 1267 5338; x_wconf 91' lang='lat' dir='ltr'><strong>quid</strong></span> <span class='ocrx_word' id='word_1_442' title='bbox 1307 5269 1463 5325; x_wconf 74' lang='lat' dir='ltr'><strong>faciat</strong></span> <span class='ocrx_word' id='word_1_443' title='bbox 1493 5273 1574 5328; x_wconf 89' lang='lat' dir='ltr'><strong>vel</strong></span> <span class='ocrx_word' id='word_1_444' title='bbox 1613 5274 1790 5339; x_wconf 91' lang='lat' dir='ltr'><strong>dicat,</strong></span> <span class='ocrx_word' id='word_1_445' title='bbox 1822 5293 1928 5347; x_wconf 93' lang='lat' dir='ltr'><strong>quo</strong></span> 
     </span>
    </p>
   </div>
   <div class='ocr_carea' id='block_1_54' title="bbox 351 5349 1931 5438">
    <p class='ocr_par' dir='ltr' id='par_1_54' title="bbox 351 5349 1931 5438">
     <span class='ocr_line' id='line_1_54' title="bbox 351 5349 1931 5438; baseline 0.016 -36"><span class='ocrx_word' id='word_1_446' title='bbox 351 5349 418 5403; x_wconf 76' lang='lat' dir='ltr'><strong>ad</strong></span> <span class='ocrx_word' id='word_1_447' title='bbox 447 5350 701 5422; x_wconf 87' lang='lat' dir='ltr'><strong>majorem</strong></span> <span class='ocrx_word' id='word_1_448' title='bbox 732 5355 976 5424; x_wconf 85' lang='lat' dir='ltr'><strong>pietatem</strong></span> <span class='ocrx_word' id='word_1_449' title='bbox 1000 5357 1217 5416; x_wconf 90' lang='lat' dir='ltr'><strong>domum</strong></span> <span class='ocrx_word' id='word_1_450' title='bbox 1245 5369 1300 5416; x_wconf 89' lang='lat' dir='ltr'><strong>et</strong></span> <span class='ocrx_word' id='word_1_451' title='bbox 1333 5361 1583 5421; x_wconf 85' lang='lat' dir='ltr'><strong>familiam</strong></span> <span class='ocrx_word' id='word_1_452' title='bbox 1610 5377 1750 5438; x_wconf 86' lang='lat' dir='ltr'><strong>agat.</strong></span> <span class='ocrx_word' id='word_1_453' title='bbox 1783 5369 1931 5428; x_wconf 80' lang='lat' dir='ltr'><strong>Uxor</strong></span> 
     </span>
    </p>
   </div>
   <div class='ocr_carea' id='block_1_55' title="bbox 419 5506 921 5572">
    <p class='ocr_par' dir='ltr' id='par_1_55' title="bbox 419 5506 921 5572">
     <span class='ocr_line' id='line_1_55' title="bbox 419 5506 921 5572; baseline 0.02 -19"><span class='ocrx_word' id='word_1_454' title='bbox 419 5507 434 5536; x_wconf 79' lang='grc' dir='ltr'>ί</span> <span class='ocrx_word' id='word_1_455' title='bbox 461 5506 626 5559; x_wconf 67' lang='lat' dir='ltr'><strong>Morel.</strong></span> <span class='ocrx_word' id='word_1_456' title='bbox 650 5509 798 5572; x_wconf 77' lang='lat' dir='ltr'><strong>addit,</strong></span> 
     </span>
    </p>
   </div>
   <div class='ocr_carea' id='block_1_56' title="bbox 1254 426 2761 488">
    <p class='ocr_par' dir='ltr' id='par_1_56' title="bbox 1254 426 2761 488">
     <span class='ocr_line' id='line_1_56' title="bbox 1254 426 2761 488; baseline 0.004 -6"><span class='ocrx_word' id='word_1_457' title='bbox 1254 429 1319 485; x_wconf 81' lang='lat' dir='ltr'><strong>IN</strong></span> <span class='ocrx_word' id='word_1_458' title='bbox 1358 427 1762 484; x_wconf 65' lang='lat' dir='ltr'><strong>MATTIIIEUM</strong></span> <span class='ocrx_word' id='word_1_459' title='bbox 1804 426 2029 481; x_wconf 76' lang='lat' dir='ltr'><strong>IIOMIL.</strong></span> <span class='ocrx_word' id='word_1_460' title='bbox 2074 427 2327 484; x_wconf 72' lang='lat' dir='ltr'><strong>LXXVII.</strong></span> <span class='ocrx_word' id='word_1_461' title='bbox 2368 429 2438 485; x_wconf 90' lang='lat' dir='ltr'><strong>al.</strong></span> <span class='ocrx_word' id='word_1_462' title='bbox 2483 431 2761 488; x_wconf 78' lang='lat' dir='ltr'><strong>LXXVIII.</strong></span> 
     </span>
    </p>
   </div>
   <div class='ocr_carea' id='block_1_57' title="bbox 3502 439 3604 492">
    <p class='ocr_par' dir='ltr' id='par_1_57' title="bbox 3502 439 3604 492">
     <span class='ocr_line' id='line_1_57' title="bbox 3502 439 3604 492; baseline 0.01 -1"><span class='ocrx_word' id='word_1_463' title='bbox 3502 439 3604 492; x_wconf 77' lang='lat'><strong>710</strong></span> 
     </span>
    </p>
   </div>
   <div class='ocr_carea' id='block_1_58' title="bbox 2020 541 3605 621">
    <p class='ocr_par' dir='ltr' id='par_1_58' title="bbox 2020 541 3605 621">
     <span class='ocr_line' id='line_1_58' title="bbox 2020 541 3605 621; baseline 0.01 -29"><span class='ocrx_word' id='word_1_464' title='bbox 2020 555 2233 610; x_wconf 89' lang='lat' dir='ltr'><strong>quoque</strong></span> <span class='ocrx_word' id='word_1_465' title='bbox 2266 541 2485 598; x_wconf 92' lang='lat' dir='ltr'><strong>domum</strong></span> <span class='ocrx_word' id='word_1_466' title='bbox 2510 547 2810 613; x_wconf 89' lang='lat' dir='ltr'><strong>custodiat;</strong></span> <span class='ocrx_word' id='word_1_467' title='bbox 2851 546 2946 603; x_wconf 87' lang='lat' dir='ltr'><strong>sed</strong></span> <span class='ocrx_word' id='word_1_468' title='bbox 2987 563 3096 618; x_wconf 70' lang='lat' dir='ltr'><strong>pra:</strong></span> <span class='ocrx_word' id='word_1_469' title='bbox 3126 548 3224 603; x_wconf 88' lang='lat' dir='ltr'><strong>hac</strong></span> <span class='ocrx_word' id='word_1_470' title='bbox 3250 551 3408 606; x_wconf 86' lang='lat' dir='ltr'><strong>aliam</strong></span> <span class='ocrx_word' id='word_1_471' title='bbox 3439 557 3605 621; x_wconf 74' lang='lat' dir='ltr'><strong>magis</strong></span> 
     </span>
    </p>
   </div>
   <div class='ocr_carea' id='block_1_59' title="bbox 2022 635 3603 716">
    <p class='ocr_par' dir='ltr' id='par_1_59' title="bbox 2022 635 3603 716">
     <span class='ocr_line' id='line_1_59' title="bbox 2022 635 3603 716; baseline 0.01 -31"><span class='ocrx_word' id='word_1_472' title='bbox 2022 635 2378 690; x_wconf 88' lang='lat' dir='ltr'><strong>necessariam</strong></span> <span class='ocrx_word' id='word_1_473' title='bbox 2402 637 2813 694; x_wconf 90' lang='lat' dir='ltr'><strong>sollicitudinem</strong></span> <span class='ocrx_word' id='word_1_474' title='bbox 2845 640 3040 696; x_wconf 88' lang='lat' dir='ltr'><strong>habeat</strong></span> <span class='ocrx_word' id='word_1_475' title='bbox 3058 683 3073 707; x_wconf 92' lang='lat'><strong>,</strong></span> <span class='ocrx_word' id='word_1_476' title='bbox 3099 646 3368 711; x_wconf 88' lang='lat' dir='ltr'><strong>quomodo</strong></span> <span class='ocrx_word' id='word_1_477' title='bbox 3396 661 3457 700; x_wconf 85' lang='lat' dir='ltr'><strong>ea</strong></span> <span class='ocrx_word' id='word_1_478' title='bbox 3485 663 3603 716; x_wconf 68' lang='lat' dir='ltr'><strong>qua:</strong></span> 
     </span>
    </p>
   </div>
   <div class='ocr_carea' id='block_1_60' title="bbox 2020 727 3601 807">
    <p class='ocr_par' dir='ltr' id='par_1_60' title="bbox 2020 727 3601 807">
     <span class='ocr_line' id='line_1_60' title="bbox 2020 727 3601 807; baseline 0.009 -28"><span class='ocrx_word' id='word_1_479' title='bbox 2020 727 2088 780; x_wconf 89' lang='lat' dir='ltr'><strong>ad</strong></span> <span class='ocrx_word' id='word_1_480' title='bbox 2131 742 2350 798; x_wconf 87' lang='lat' dir='ltr'><strong>regnum</strong></span> <span class='ocrx_word' id='word_1_481' title='bbox 2388 731 2639 786; x_wconf 64' lang='lat' dir='ltr'><strong>caelorum</strong></span> <span class='ocrx_word' id='word_1_482' title='bbox 2679 743 2923 803; x_wconf 88' lang='lat' dir='ltr'><strong>spectant</strong></span> <span class='ocrx_word' id='word_1_483' title='bbox 2952 744 3058 790; x_wconf 90' lang='lat' dir='ltr'><strong>tota</strong></span> <span class='ocrx_word' id='word_1_484' title='bbox 3096 737 3293 793; x_wconf 81' lang='lat' dir='ltr'><strong>familia</strong></span> <span class='ocrx_word' id='word_1_485' title='bbox 3331 749 3601 807; x_wconf 77' lang='lat' dir='ltr'><strong>Operetur.</strong></span> 
     </span>
    </p>
   </div>
   <div class='ocr_carea' id='block_1_61' title="bbox 2021 818 3606 898">
    <p class='ocr_par' dir='ltr' id='par_1_61' title="bbox 2021 818 3606 898">
     <span class='ocr_line' id='line_1_61' title="bbox 2021 818 3606 898; baseline 0.009 -26"><span class='ocrx_word' id='word_1_486' title='bbox 2021 818 2077 872; x_wconf 88' lang='lat' dir='ltr'><strong>Si</strong></span> <span class='ocrx_word' id='word_1_487' title='bbox 2119 820 2260 874; x_wconf 90' lang='lat' dir='ltr'><strong>enim</strong></span> <span class='ocrx_word' id='word_1_488' title='bbox 2303 821 2357 874; x_wconf 91' lang='lat' dir='ltr'><strong>in</strong></span> <span class='ocrx_word' id='word_1_489' title='bbox 2399 823 2558 878; x_wconf 90' lang='lat' dir='ltr'><strong>rebus</strong></span> <span class='ocrx_word' id='word_1_490' title='bbox 2597 825 2970 892; x_wconf 61' lang='lat' dir='ltr'><strong>saecularibus,</strong></span> <span class='ocrx_word' id='word_1_491' title='bbox 3002 837 3286 898; x_wconf 90' lang='lat' dir='ltr'><strong>antequam</strong></span> <span class='ocrx_word' id='word_1_492' title='bbox 3317 830 3606 887; x_wconf 88' lang='lat' dir='ltr'><strong>domestica</strong></span> 
     </span>
    </p>
   </div>
   <div class='ocr_carea' id='block_1_62' title="bbox 2020 908 3606 988">
    <p class='ocr_par' dir='ltr' id='par_1_62' title="bbox 2020 908 3606 988">
     <span class='ocr_line' id='line_1_62' title="bbox 2020 908 3606 988; baseline 0.009 -25"><span class='ocrx_word' id='word_1_493' title='bbox 2020 908 2366 980; x_wconf 82' lang='lat' dir='ltr'><strong>diSponamus</strong></span> <span class='ocrx_word' id='word_1_494' title='bbox 2389 951 2406 979; x_wconf 93' lang='lat'><strong>,</strong></span> <span class='ocrx_word' id='word_1_495' title='bbox 2437 928 2560 983; x_wconf 63' lang='lat' dir='ltr'><strong>qua;</strong></span> <span class='ocrx_word' id='word_1_496' title='bbox 2591 915 2799 984; x_wconf 91' lang='lat' dir='ltr'><strong>publice</strong></span> <span class='ocrx_word' id='word_1_497' title='bbox 2829 918 3059 988; x_wconf 86' lang='lat' dir='ltr'><strong>persolvi</strong></span> <span class='ocrx_word' id='word_1_498' title='bbox 3096 919 3293 975; x_wconf 89' lang='lat' dir='ltr'><strong>debent</strong></span> <span class='ocrx_word' id='word_1_499' title='bbox 3318 936 3566 978; x_wconf 90' lang='lat' dir='ltr'><strong>curamus</strong></span> <span class='ocrx_word' id='word_1_500' title='bbox 3588 962 3606 988; x_wconf 89' lang='lat'><strong>,</strong></span> 
     </span>
    </p>
   </div>
   <div class='ocr_carea' id='block_1_63' title="bbox 2021 999 3611 1080">
    <p class='ocr_par' dir='ltr' id='par_1_63' title="bbox 2021 999 3611 1080">
     <span class='ocr_line' id='line_1_63' title="bbox 2021 999 3611 1080; baseline 0.01 -27"><span class='ocrx_word' id='word_1_501' title='bbox 2021 1015 2089 1054; x_wconf 88' lang='lat' dir='ltr'><strong>ne</strong></span> <span class='ocrx_word' id='word_1_502' title='bbox 2127 999 2213 1057; x_wconf 90' lang='lat' dir='ltr'><strong>bis</strong></span> <span class='ocrx_word' id='word_1_503' title='bbox 2253 1003 2510 1074; x_wconf 88' lang='lat' dir='ltr'><strong>neglectis</strong></span> <span class='ocrx_word' id='word_1_504' title='bbox 2546 1006 2880 1075; x_wconf 88' lang='lat' dir='ltr'><strong>vinciamnr,</strong></span> <span class='ocrx_word' id='word_1_505' title='bbox 2914 1009 2966 1064; x_wconf 92' lang='lat' dir='ltr'><strong>in</strong></span> <span class='ocrx_word' id='word_1_506' title='bbox 3005 1009 3180 1066; x_wconf 81' lang='lat' dir='ltr'><strong>forum</strong></span> <span class='ocrx_word' id='word_1_507' title='bbox 3220 1012 3528 1080; x_wconf 90' lang='lat' dir='ltr'><strong>trahamur,</strong></span> <span class='ocrx_word' id='word_1_508' title='bbox 3555 1024 3611 1069; x_wconf 91' lang='lat' dir='ltr'><strong>et</strong></span> 
     </span>
    </p>
   </div>
   <div class='ocr_carea' id='block_1_64' title="bbox 2021 1093 3611 1179">
    <p class='ocr_par' dir='ltr' id='par_1_64' title="bbox 2021 1093 3611 1179">
     <span class='ocr_line' id='line_1_64' title="bbox 2021 1093 3611 1179; baseline 0.009 -31"><span class='ocrx_word' id='word_1_509' title='bbox 2021 1093 2288 1151; x_wconf 90' lang='lat' dir='ltr'><strong>dedecore</strong></span> <span class='ocrx_word' id='word_1_510' title='bbox 2313 1114 2506 1169; x_wconf 89' lang='lat' dir='ltr'><strong>magno</strong></span> <span class='ocrx_word' id='word_1_511' title='bbox 2529 1099 2826 1157; x_wconf 83' lang='lat' dir='ltr'><strong>afﬁciamur</strong></span> <span class='ocrx_word' id='word_1_512' title='bbox 2853 1120 2866 1157; x_wconf 89' lang='lat'><strong>:</strong></span> <span class='ocrx_word' id='word_1_513' title='bbox 2895 1104 3064 1159; x_wconf 91' lang='lat' dir='ltr'><strong>multo</strong></span> <span class='ocrx_word' id='word_1_514' title='bbox 3088 1106 3255 1175; x_wconf 88' lang='lat' dir='ltr'><strong>magis</strong></span> <span class='ocrx_word' id='word_1_515' title='bbox 3283 1107 3334 1162; x_wconf 92' lang='lat' dir='ltr'><strong>in</strong></span> <span class='ocrx_word' id='word_1_516' title='bbox 3361 1109 3611 1179; x_wconf 86' lang='lat' dir='ltr'><strong>spiritua-</strong></span> 
     </span>
    </p>
   </div>
   <div class='ocr_carea' id='block_1_65' title="bbox 2021 1186 3609 1270">
    <p class='ocr_par' dir='ltr' id='par_1_65' title="bbox 2021 1186 3609 1270">
     <span class='ocr_line' id='line_1_65' title="bbox 2021 1186 3609 1270; baseline 0.011 -30"><span class='ocrx_word' id='word_1_517' title='bbox 2021 1186 2161 1244; x_wconf 87' lang='lat' dir='ltr'><strong>libus</strong></span> <span class='ocrx_word' id='word_1_518' title='bbox 2183 1189 2235 1244; x_wconf 93' lang='lat' dir='ltr'><strong>id</strong></span> <span class='ocrx_word' id='word_1_519' title='bbox 2255 1204 2443 1247; x_wconf 90' lang='lat' dir='ltr'><strong>curare</strong></span> <span class='ocrx_word' id='word_1_520' title='bbox 2463 1202 2694 1262; x_wconf 90' lang='lat' dir='ltr'><strong>oportet,</strong></span> <span class='ocrx_word' id='word_1_521' title='bbox 2721 1205 2776 1249; x_wconf 93' lang='lat' dir='ltr'><strong>ut</strong></span> <span class='ocrx_word' id='word_1_522' title='bbox 2799 1195 2946 1264; x_wconf 91' lang='lat' dir='ltr'><strong>prius</strong></span> <span class='ocrx_word' id='word_1_523' title='bbox 2965 1213 3083 1267; x_wconf 72' lang='lat' dir='ltr'><strong>qua:</strong></span> <span class='ocrx_word' id='word_1_524' title='bbox 3107 1199 3216 1270; x_wconf 84' lang='lat' dir='ltr'><strong>regi</strong></span> <span class='ocrx_word' id='word_1_525' title='bbox 3240 1200 3609 1257; x_wconf 86' lang='lat' dir='ltr'><strong>universorum</strong></span> 
     </span>
    </p>
   </div>
   <div class='ocr_carea' id='block_1_66' title="bbox 2020 1275 3608 1352">
    <p class='ocr_par' dir='ltr' id='par_1_66' title="bbox 2020 1275 3608 1352">
     <span class='ocr_line' id='line_1_66' title="bbox 2020 1275 3608 1352; baseline 0.01 -20"><span class='ocrx_word' id='word_1_526' title='bbox 2020 1275 2132 1332; x_wconf 88' lang='lat' dir='ltr'><strong>Deo</strong></span> <span class='ocrx_word' id='word_1_527' title='bbox 2159 1277 2424 1335; x_wconf 88' lang='lat' dir='ltr'><strong>debentur</strong></span> <span class='ocrx_word' id='word_1_528' title='bbox 2461 1283 2873 1352; x_wconf 89' lang='lat' dir='ltr'><strong>persolvantur;</strong></span> <span class='ocrx_word' id='word_1_529' title='bbox 2920 1294 2977 1341; x_wconf 94' lang='lat' dir='ltr'><strong>ut</strong></span> <span class='ocrx_word' id='word_1_530' title='bbox 3016 1303 3085 1344; x_wconf 90' lang='lat' dir='ltr'><strong>ne</strong></span> <span class='ocrx_word' id='word_1_531' title='bbox 3121 1304 3188 1344; x_wconf 90' lang='lat' dir='ltr'><strong>eo</strong></span> <span class='ocrx_word' id='word_1_532' title='bbox 3227 1289 3486 1346; x_wconf 85' lang='lat' dir='ltr'><strong>ducamur</strong></span> <span class='ocrx_word' id='word_1_533' title='bbox 3520 1293 3608 1348; x_wconf 91' lang='lat' dir='ltr'><strong>ubi</strong></span> 
     </span>
    </p>
   </div>
   <div class='ocr_carea' id='block_1_67' title="bbox 2021 1368 3610 1452">
    <p class='ocr_par' dir='ltr' id='par_1_67' title="bbox 2021 1368 3610 1452">
     <span class='ocr_line' id='line_1_67' title="bbox 2021 1368 3610 1452; baseline 0.009 -28"><span class='ocrx_word' id='word_1_534' title='bbox 2021 1368 2220 1425; x_wconf 91' lang='lat' dir='ltr'><strong>stridor</strong></span> <span class='ocrx_word' id='word_1_535' title='bbox 2242 1369 2503 1429; x_wconf 90' lang='lat' dir='ltr'><strong>dentium.</strong></span> <span class='ocrx_word' id='word_1_536' title='bbox 2541 1373 2648 1429; x_wconf 87' lang='lat' dir='ltr'><strong>Has</strong></span> <span class='ocrx_word' id='word_1_537' title='bbox 2674 1389 2978 1447; x_wconf 73' lang='lat' dir='ltr'><strong>quarramus</strong></span> <span class='ocrx_word' id='word_1_538' title='bbox 3016 1378 3241 1436; x_wconf 90' lang='lat' dir='ltr'><strong>virtutes</strong></span> <span class='ocrx_word' id='word_1_539' title='bbox 3264 1421 3280 1445; x_wconf 92' lang='lat'><strong>,</strong></span> <span class='ocrx_word' id='word_1_540' title='bbox 3309 1397 3427 1452; x_wconf 84' lang='lat' dir='ltr'><strong>quae</strong></span> <span class='ocrx_word' id='word_1_541' title='bbox 3457 1384 3610 1440; x_wconf 90' lang='lat' dir='ltr'><strong>nobis</strong></span> 
     </span>
    </p>
   </div>
   <div class='ocr_carea' id='block_1_68' title="bbox 2019 1460 3608 1536">
    <p class='ocr_par' dir='ltr' id='par_1_68' title="bbox 2019 1460 3608 1536">
     <span class='ocr_line' id='line_1_68' title="bbox 2019 1460 3608 1536; baseline 0.009 -20"><span class='ocrx_word' id='word_1_542' title='bbox 2019 1460 2282 1517; x_wconf 88' lang='lat' dir='ltr'><strong>salutares</strong></span> <span class='ocrx_word' id='word_1_543' title='bbox 2318 1471 2374 1518; x_wconf 90' lang='lat' dir='ltr'><strong>et</strong></span> <span class='ocrx_word' id='word_1_544' title='bbox 2418 1465 2662 1533; x_wconf 80' lang='lat' dir='ltr'><strong>proximo</strong></span> <span class='ocrx_word' id='word_1_545' title='bbox 2693 1468 2948 1536; x_wconf 88' lang='lat' dir='ltr'><strong>perutiles</strong></span> <span class='ocrx_word' id='word_1_546' title='bbox 2980 1480 3126 1526; x_wconf 89' lang='lat' dir='ltr'><strong>sunt.</strong></span> <span class='ocrx_word' id='word_1_547' title='bbox 3172 1471 3317 1528; x_wconf 88' lang='lat' dir='ltr'><strong>Talis</strong></span> <span class='ocrx_word' id='word_1_548' title='bbox 3349 1482 3431 1529; x_wconf 91' lang='lat' dir='ltr'><strong>est</strong></span> <span class='ocrx_word' id='word_1_549' title='bbox 3467 1475 3608 1532; x_wconf 86' lang='lat' dir='ltr'><strong>eice-</strong></span> 
     </span>
    </p>
   </div>
   <div class='ocr_carea' id='block_1_69' title="bbox 2021 1554 3612 1625">
    <p class='ocr_par' dir='ltr' id='par_1_69' title="bbox 2021 1554 3612 1625">
     <span class='ocr_line' id='line_1_69' title="bbox 2021 1554 3612 1625; baseline 0.011 -18"><span class='ocrx_word' id='word_1_550' title='bbox 2021 1566 2244 1624; x_wconf 89' lang='lat' dir='ltr'><strong>mosyna</strong></span> <span class='ocrx_word' id='word_1_551' title='bbox 2263 1594 2280 1620; x_wconf 94' lang='lat'><strong>,</strong></span> <span class='ocrx_word' id='word_1_552' title='bbox 2321 1554 2444 1611; x_wconf 89' lang='lat' dir='ltr'><strong>talis</strong></span> <span class='ocrx_word' id='word_1_553' title='bbox 2477 1557 2680 1623; x_wconf 89' lang='lat' dir='ltr'><strong>oratio;</strong></span> <span class='ocrx_word' id='word_1_554' title='bbox 2721 1558 2828 1614; x_wconf 90' lang='lat' dir='ltr'><strong>imo</strong></span> <span class='ocrx_word' id='word_1_555' title='bbox 2857 1574 2986 1615; x_wconf 88' lang='lat' dir='ltr'><strong>vero</strong></span> <span class='ocrx_word' id='word_1_556' title='bbox 3014 1559 3132 1617; x_wconf 60' lang='lat' dir='ltr'><strong>haec</strong></span> <span class='ocrx_word' id='word_1_557' title='bbox 3164 1562 3233 1618; x_wconf 90' lang='lat' dir='ltr'><strong>ab</strong></span> <span class='ocrx_word' id='word_1_558' title='bbox 3268 1564 3356 1620; x_wconf 87' lang='lat' dir='ltr'><strong>illa</strong></span> <span class='ocrx_word' id='word_1_559' title='bbox 3386 1567 3527 1622; x_wconf 89' lang='lat' dir='ltr'><strong>vires</strong></span> <span class='ocrx_word' id='word_1_560' title='bbox 3555 1577 3612 1625; x_wconf 85' lang='lat' dir='ltr'><strong>et</strong></span> 
     </span>
    </p>
   </div>
   <div class='ocr_carea' id='block_1_70' title="bbox 2019 1644 3612 1732">
    <p class='ocr_par' dir='ltr' id='par_1_70' title="bbox 2019 1644 3612 1732">
     <span class='ocr_line' id='line_1_70' title="bbox 2019 1644 3612 1732; baseline 0.011 -34"><span class='ocrx_word' id='word_1_561' title='bbox 2019 1644 2131 1698; x_wconf 75' lang='lat' dir='ltr'><strong>alas</strong></span> <span class='ocrx_word' id='word_1_562' title='bbox 2173 1646 2388 1716; x_wconf 87' lang='lat' dir='ltr'><strong>accipit.</strong></span> <span class='ocrx_word' id='word_1_563' title='bbox 2445 1645 2747 1717; x_wconf 87' lang='lat' dir='ltr'><strong>Orationes,</strong></span> <span class='ocrx_word' id='word_1_564' title='bbox 2779 1652 2982 1724; x_wconf 90' lang='lat' dir='ltr'><strong>inquit,</strong></span> <span class='ocrx_word' id='word_1_565' title='bbox 3013 1663 3113 1711; x_wconf 77' lang='lat' dir='ltr'><strong>tua:</strong></span> <span class='ocrx_word' id='word_1_566' title='bbox 3133 1698 3146 1720; x_wconf 93' lang='lat'><strong>,</strong></span> <span class='ocrx_word' id='word_1_567' title='bbox 3179 1665 3228 1711; x_wconf 88' lang='lat' dir='ltr'><strong>et</strong></span> <span class='ocrx_word' id='word_1_568' title='bbox 3283 1657 3612 1732; x_wconf 72' lang='lat' dir='ltr'><strong>elemosyna:</strong></span> 
     </span>
    </p>
   </div>
   <div class='ocr_carea' id='block_1_71' title="bbox 2021 1738 3610 1827">
    <p class='ocr_par' dir='ltr' id='par_1_71' title="bbox 2021 1738 3610 1827">
     <span class='ocr_line' id='line_1_71' title="bbox 2021 1738 3610 1827; baseline 0.013 -36"><span class='ocrx_word' id='word_1_569' title='bbox 2021 1738 2359 1827; x_wconf 73' lang='lat' dir='ltr'><strong>ascenderunt</strong></span> <span class='ocrx_word' id='word_1_570' title='bbox 2384 1740 2440 1796; x_wconf 88' lang='lat' dir='ltr'><strong>in</strong></span> <span class='ocrx_word' id='word_1_571' title='bbox 2461 1744 2753 1798; x_wconf 84' lang='lat' dir='ltr'><strong>memoriam</strong></span> <span class='ocrx_word' id='word_1_572' title='bbox 2776 1746 2827 1799; x_wconf 92' lang='lat' dir='ltr'><strong>in</strong></span> <span class='ocrx_word' id='word_1_573' title='bbox 2849 1759 3116 1818; x_wconf 86' lang='lat' dir='ltr'><strong>conspectu</strong></span> <span class='ocrx_word' id='word_1_574' title='bbox 3137 1747 3234 1806; x_wconf 88' lang='lat' dir='ltr'><strong>Dei</strong></span> <span class='ocrx_word' id='word_1_575' title='bbox 3253 1751 3394 1823; x_wconf 81' lang='lat' dir='ltr'><strong>(Act.</strong></span> <span class='ocrx_word' id='word_1_576' title='bbox 3422 1755 3506 1811; x_wconf 85' lang='grc'><strong>10.</strong></span> <span class='ocrx_word' id='word_1_577' title='bbox 3530 1756 3610 1827; x_wconf 82' lang='grc'><strong>4).</strong></span> 
     </span>
    </p>
   </div>
   <div class='ocr_carea' id='block_1_72' title="bbox 2020 1825 3612 1909">
    <p class='ocr_par' dir='ltr' id='par_1_72' title="bbox 2020 1825 3612 1909">
     <span class='ocr_line' id='line_1_72' title="bbox 2020 1825 3612 1909; baseline 0.014 -27"><span class='ocrx_word' id='word_1_578' title='bbox 2020 1825 2139 1883; x_wconf 85' lang='grc' dir='ltr'><strong>Νοη</strong></span> <span class='ocrx_word' id='word_1_579' title='bbox 2183 1829 2346 1886; x_wconf 89' lang='lat' dir='ltr'><strong>modo</strong></span> <span class='ocrx_word' id='word_1_580' title='bbox 2386 1833 2595 1902; x_wconf 86' lang='lat' dir='ltr'><strong>oratio,</strong></span> <span class='ocrx_word' id='word_1_581' title='bbox 2623 1835 2718 1891; x_wconf 89' lang='lat' dir='ltr'><strong>sed</strong></span> <span class='ocrx_word' id='word_1_582' title='bbox 2761 1837 2921 1892; x_wconf 90' lang='lat' dir='ltr'><strong>etiam</strong></span> <span class='ocrx_word' id='word_1_583' title='bbox 2957 1838 3220 1909; x_wconf 89' lang='lat' dir='ltr'><strong>jejunium</strong></span> <span class='ocrx_word' id='word_1_584' title='bbox 3265 1843 3389 1902; x_wconf 86' lang='lat' dir='ltr'><strong>inde</strong></span> <span class='ocrx_word' id='word_1_585' title='bbox 3416 1825 3612 1904; x_wconf 77' lang='lat' dir='ltr'><strong>nervos</strong></span> 
     </span>
    </p>
   </div>
   <div class='ocr_carea' id='block_1_73' title="bbox 2020 1923 3611 2010">
    <p class='ocr_par' dir='ltr' id='par_1_73' title="bbox 2020 1923 3611 2010">
     <span class='ocr_line' id='line_1_73' title="bbox 2020 1923 3611 2010; baseline 0.011 -32"><span class='ocrx_word' id='word_1_586' title='bbox 2020 1923 2233 1996; x_wconf 87' lang='lat' dir='ltr'><strong>accipit.</strong></span> <span class='ocrx_word' id='word_1_587' title='bbox 2265 1924 2323 1982; x_wconf 90' lang='lat' dir='ltr'><strong>Si</strong></span> <span class='ocrx_word' id='word_1_588' title='bbox 2353 1926 2554 1999; x_wconf 88' lang='lat' dir='ltr'><strong>absque</strong></span> <span class='ocrx_word' id='word_1_589' title='bbox 2579 1930 2919 2004; x_wconf 88' lang='lat' dir='ltr'><strong>eleemosyna</strong></span> <span class='ocrx_word' id='word_1_590' title='bbox 2942 1934 3173 2004; x_wconf 87' lang='lat' dir='ltr'><strong>jejunes,</strong></span> <span class='ocrx_word' id='word_1_591' title='bbox 3198 1937 3249 1992; x_wconf 93' lang='lat' dir='ltr'><strong>id</strong></span> <span class='ocrx_word' id='word_1_592' title='bbox 3283 1954 3382 2006; x_wconf 86' lang='lat' dir='ltr'><strong>pro</strong></span> <span class='ocrx_word' id='word_1_593' title='bbox 3404 1939 3611 2010; x_wconf 84' lang='lat' dir='ltr'><strong>jejunio</strong></span> 
     </span>
    </p>
   </div>
   <div class='ocr_carea' id='block_1_74' title="bbox 2022 2016 3609 2106">
    <p class='ocr_par' dir='ltr' id='par_1_74' title="bbox 2022 2016 3609 2106">
     <span class='ocr_line' id='line_1_74' title="bbox 2022 2016 3609 2106; baseline 0.014 -34"><span class='ocrx_word' id='word_1_594' title='bbox 2022 2030 2130 2072; x_wconf 90' lang='lat' dir='ltr'><strong>non</strong></span> <span class='ocrx_word' id='word_1_595' title='bbox 2173 2016 2436 2086; x_wconf 87' lang='lat' dir='ltr'><strong>habetur;</strong></span> <span class='ocrx_word' id='word_1_596' title='bbox 2468 2021 2563 2078; x_wconf 86' lang='lat' dir='ltr'><strong>sed</strong></span> <span class='ocrx_word' id='word_1_597' title='bbox 2605 2021 2906 2093; x_wconf 73' lang='lat' dir='ltr'><strong>huiusmodi</strong></span> <span class='ocrx_word' id='word_1_598' title='bbox 2951 2026 3113 2084; x_wconf 86' lang='lat' dir='ltr'><strong>homo</strong></span> <span class='ocrx_word' id='word_1_599' title='bbox 3137 2045 3330 2088; x_wconf 72' lang='lat' dir='ltr'><strong>vorare</strong></span> <span class='ocrx_word' id='word_1_600' title='bbox 3357 2036 3609 2106; x_wconf 86' lang='lat' dir='ltr'><strong>quopiam</strong></span> 
     </span>
    </p>
   </div>
   <div class='ocr_carea' id='block_1_75' title="bbox 2022 2108 3612 2198">
    <p class='ocr_par' dir='ltr' id='par_1_75' title="bbox 2022 2108 3612 2198">
     <span class='ocr_line' id='line_1_75' title="bbox 2022 2108 3612 2198; baseline 0.011 -36"><span class='ocrx_word' id='word_1_601' title='bbox 2022 2115 2078 2162; x_wconf 88' lang='lat' dir='ltr'><strong>et</strong></span> <span class='ocrx_word' id='word_1_602' title='bbox 2104 2108 2398 2166; x_wconf 90' lang='lat' dir='ltr'><strong>temulento</strong></span> <span class='ocrx_word' id='word_1_603' title='bbox 2423 2111 2656 2168; x_wconf 89' lang='lat' dir='ltr'><strong>deterior</strong></span> <span class='ocrx_word' id='word_1_604' title='bbox 2682 2125 2768 2170; x_wconf 88' lang='lat' dir='ltr'><strong>est</strong></span> <span class='ocrx_word' id='word_1_605' title='bbox 2788 2157 2804 2179; x_wconf 90' lang='lat'><strong>,</strong></span> <span class='ocrx_word' id='word_1_606' title='bbox 2837 2126 3089 2190; x_wconf 85' lang='lat' dir='ltr'><strong>tantoque</strong></span> <span class='ocrx_word' id='word_1_607' title='bbox 3114 2119 3351 2178; x_wconf 82' lang='lat' dir='ltr'><strong>deterior</strong></span> <span class='ocrx_word' id='word_1_608' title='bbox 3368 2167 3383 2188; x_wconf 95' lang='lat'><strong>,</strong></span> <span class='ocrx_word' id='word_1_609' title='bbox 3411 2139 3612 2198; x_wconf 90' lang='lat' dir='ltr'><strong>quanto</strong></span> 
     </span>
    </p>
   </div>
   <div class='ocr_carea' id='block_1_76' title="bbox 2021 2198 3614 2288">
    <p class='ocr_par' dir='ltr' id='par_1_76' title="bbox 2021 2198 3614 2288">
     <span class='ocr_line' id='line_1_76' title="bbox 2021 2198 3614 2288; baseline 0.013 -33"><span class='ocrx_word' id='word_1_610' title='bbox 2021 2198 2312 2257; x_wconf 86' lang='lat' dir='ltr'><strong>crudelitas</strong></span> <span class='ocrx_word' id='word_1_611' title='bbox 2330 2201 2538 2260; x_wconf 88' lang='lat' dir='ltr'><strong>deliciis</strong></span> <span class='ocrx_word' id='word_1_612' title='bbox 2561 2205 2712 2276; x_wconf 89' lang='lat' dir='ltr'><strong>pejor</strong></span> <span class='ocrx_word' id='word_1_613' title='bbox 2730 2216 2834 2262; x_wconf 90' lang='lat' dir='ltr'><strong>est.</strong></span> <span class='ocrx_word' id='word_1_614' title='bbox 2865 2208 2930 2265; x_wconf 86' lang='lat' dir='ltr'><strong>Et</strong></span> <span class='ocrx_word' id='word_1_615' title='bbox 2950 2225 3048 2266; x_wconf 91' lang='lat' dir='ltr'><strong>cur</strong></span> <span class='ocrx_word' id='word_1_616' title='bbox 3070 2211 3139 2268; x_wconf 91' lang='lat' dir='ltr'><strong>de</strong></span> <span class='ocrx_word' id='word_1_617' title='bbox 3157 2213 3364 2285; x_wconf 89' lang='lat' dir='ltr'><strong>jejunio</strong></span> <span class='ocrx_word' id='word_1_618' title='bbox 3385 2218 3614 2288; x_wconf 78' lang='lat' dir='ltr'><strong>loquor?</strong></span> 
     </span>
    </p>
   </div>
   <div class='ocr_carea' id='block_1_77' title="bbox 2024 2289 3614 2370">
    <p class='ocr_par' dir='ltr' id='par_1_77' title="bbox 2024 2289 3614 2370">
     <span class='ocr_line' id='line_1_77' title="bbox 2024 2289 3614 2370; baseline 0.012 -25"><span class='ocrx_word' id='word_1_619' title='bbox 2024 2289 2246 2348; x_wconf 83' lang='lat' dir='ltr'><strong>Etiamsi</strong></span> <span class='ocrx_word' id='word_1_620' title='bbox 2267 2305 2448 2350; x_wconf 85' lang='lat' dir='ltr'><strong>castus</strong></span> <span class='ocrx_word' id='word_1_621' title='bbox 2468 2297 2561 2363; x_wconf 90' lang='lat' dir='ltr'><strong>sis,</strong></span> <span class='ocrx_word' id='word_1_622' title='bbox 2585 2299 2684 2354; x_wconf 88' lang='lat' dir='ltr'><strong>etsi</strong></span> <span class='ocrx_word' id='word_1_623' title='bbox 2707 2299 3060 2370; x_wconf 88' lang='lat' dir='ltr'><strong>virginitatem</strong></span> <span class='ocrx_word' id='word_1_624' title='bbox 3081 2319 3286 2370; x_wconf 85' lang='lat' dir='ltr'><strong>serves,</strong></span> <span class='ocrx_word' id='word_1_625' title='bbox 3309 2310 3354 2364; x_wconf 88' lang='lat' dir='ltr'><strong>si</strong></span> <span class='ocrx_word' id='word_1_626' title='bbox 3377 2310 3614 2367; x_wconf 80' lang='lat' dir='ltr'><strong>eleenm-</strong></span> 
     </span>
    </p>
   </div>
   <div class='ocr_carea' id='block_1_78' title="bbox 2023 2386 3614 2469">
    <p class='ocr_par' dir='ltr' id='par_1_78' title="bbox 2023 2386 3614 2469">
     <span class='ocr_line' id='line_1_78' title="bbox 2023 2386 3614 2469; baseline 0.014 -34"><span class='ocrx_word' id='word_1_627' title='bbox 2023 2393 2211 2454; x_wconf 83' lang='lat' dir='ltr'><strong>synam</strong></span> <span class='ocrx_word' id='word_1_628' title='bbox 2237 2399 2344 2441; x_wconf 92' lang='lat' dir='ltr'><strong>non</strong></span> <span class='ocrx_word' id='word_1_629' title='bbox 2373 2386 2520 2444; x_wconf 91' lang='lat' dir='ltr'><strong>colas</strong></span> <span class='ocrx_word' id='word_1_630' title='bbox 2545 2427 2562 2453; x_wconf 92' lang='lat'><strong>,</strong></span> <span class='ocrx_word' id='word_1_631' title='bbox 2591 2398 2741 2446; x_wconf 79' lang='lat' dir='ltr'><strong>extra</strong></span> <span class='ocrx_word' id='word_1_632' title='bbox 2772 2391 3062 2449; x_wconf 90' lang='lat' dir='ltr'><strong>thalamum</strong></span> <span class='ocrx_word' id='word_1_633' title='bbox 3084 2400 3266 2465; x_wconf 89' lang='lat' dir='ltr'><strong>sponsi</strong></span> <span class='ocrx_word' id='word_1_634' title='bbox 3299 2414 3381 2456; x_wconf 88' lang='lat' dir='ltr'><strong>es.</strong></span> <span class='ocrx_word' id='word_1_635' title='bbox 3408 2403 3614 2469; x_wconf 81' lang='lat' dir='ltr'><strong>Quam.</strong></span> 
     </span>
    </p>
   </div>
   <div class='ocr_carea' id='block_1_79' title="bbox 2024 2474 3613 2557">
    <p class='ocr_par' dir='ltr' id='par_1_79' title="bbox 2024 2474 3613 2557">
     <span class='ocr_line' id='line_1_79' title="bbox 2024 2474 3613 2557; baseline 0.016 -31"><span class='ocrx_word' id='word_1_636' title='bbox 2024 2486 2183 2544; x_wconf 90' lang='lat' dir='ltr'><strong>quam</strong></span> <span class='ocrx_word' id='word_1_637' title='bbox 2208 2474 2334 2546; x_wconf 92' lang='lat' dir='ltr'><strong>quid</strong></span> <span class='ocrx_word' id='word_1_638' title='bbox 2363 2477 2649 2549; x_wconf 88' lang='lat' dir='ltr'><strong>virginitati</strong></span> <span class='ocrx_word' id='word_1_639' title='bbox 2681 2495 2795 2552; x_wconf 87' lang='lat' dir='ltr'><strong>par,</strong></span> <span class='ocrx_word' id='word_1_640' title='bbox 2826 2499 2944 2554; x_wconf 68' lang='lat' dir='ltr'><strong>quae</strong></span> <span class='ocrx_word' id='word_1_641' title='bbox 2970 2501 3144 2557; x_wconf 90' lang='lat' dir='ltr'><strong>neque</strong></span> <span class='ocrx_word' id='word_1_642' title='bbox 3170 2489 3222 2543; x_wconf 93' lang='lat' dir='ltr'><strong>in</strong></span> <span class='ocrx_word' id='word_1_643' title='bbox 3253 2490 3402 2546; x_wconf 87' lang='lat' dir='ltr'><strong>Novo</strong></span> <span class='ocrx_word' id='word_1_644' title='bbox 3428 2493 3613 2552; x_wconf 78' lang='lat' dir='ltr'><strong>Testa-</strong></span> 
     </span>
    </p>
   </div>
   <div class='ocr_carea' id='block_1_80' title="bbox 2026 2568 3610 2648">
    <p class='ocr_par' dir='ltr' id='par_1_80' title="bbox 2026 2568 3610 2648">
     <span class='ocr_line' id='line_1_80' title="bbox 2026 2568 3610 2648; baseline 0.015 -26"><span class='ocrx_word' id='word_1_645' title='bbox 2026 2577 2208 2623; x_wconf 87' lang='lat' dir='ltr'><strong>mento</strong></span> <span class='ocrx_word' id='word_1_646' title='bbox 2228 2568 2298 2624; x_wconf 92' lang='lat' dir='ltr'><strong>ob</strong></span> <span class='ocrx_word' id='word_1_647' title='bbox 2311 2571 2653 2628; x_wconf 89' lang='lat' dir='ltr'><strong>eminentiam</strong></span> <span class='ocrx_word' id='word_1_648' title='bbox 2675 2588 2826 2630; x_wconf 89' lang='lat' dir='ltr'><strong>suam</strong></span> <span class='ocrx_word' id='word_1_649' title='bbox 2856 2575 2972 2648; x_wconf 85' lang='lat' dir='ltr'><strong>lege</strong></span> <span class='ocrx_word' id='word_1_650' title='bbox 2992 2588 3184 2636; x_wconf 87' lang='lat' dir='ltr'><strong>statuta</strong></span> <span class='ocrx_word' id='word_1_651' title='bbox 3206 2582 3301 2638; x_wconf 89' lang='lat' dir='ltr'><strong>luit</strong></span> <span class='ocrx_word' id='word_1_652' title='bbox 3318 2585 3340 2638; x_wconf 74' lang='lat'><strong><em>3</em></strong></span> <span class='ocrx_word' id='word_1_653' title='bbox 3360 2586 3610 2645; x_wconf 82' lang='lat' dir='ltr'><strong>Attamen</strong></span> 
     </span>
    </p>
   </div>
   <div class='ocr_carea' id='block_1_81' title="bbox 2028 2657 3608 2748">
    <p class='ocr_par' dir='ltr' id='par_1_81' title="bbox 2028 2657 3608 2748">
     <span class='ocr_line' id='line_1_81' title="bbox 2028 2657 3608 2748; baseline 0.016 -36"><span class='ocrx_word' id='word_1_654' title='bbox 2028 2657 2117 2713; x_wconf 87' lang='lat' dir='ltr'><strong>illa</strong></span> <span class='ocrx_word' id='word_1_655' title='bbox 2141 2659 2370 2730; x_wconf 89' lang='lat' dir='ltr'><strong>ejicitur.</strong></span> <span class='ocrx_word' id='word_1_656' title='bbox 2393 2663 2495 2718; x_wconf 91' lang='lat' dir='ltr'><strong>nisi</strong></span> <span class='ocrx_word' id='word_1_657' title='bbox 2520 2664 2859 2735; x_wconf 90' lang='lat' dir='ltr'><strong>conjunctam</strong></span> <span class='ocrx_word' id='word_1_658' title='bbox 2889 2669 3081 2726; x_wconf 88' lang='lat' dir='ltr'><strong>habeat</strong></span> <span class='ocrx_word' id='word_1_659' title='bbox 3108 2673 3522 2748; x_wconf 80' lang='lat' dir='ltr'><strong>eleemosyuam.</strong></span> <span class='ocrx_word' id='word_1_660' title='bbox 3552 2682 3608 2738; x_wconf 80' lang='lat' dir='ltr'><strong>Si</strong></span> 
     </span>
    </p>
   </div>
   <div class='ocr_carea' id='block_1_82' title="bbox 2029 2754 3609 2842">
    <p class='ocr_par' dir='ltr' id='par_1_82' title="bbox 2029 2754 3609 2842">
     <span class='ocr_line' id='line_1_82' title="bbox 2029 2754 3609 2842; baseline 0.014 -37"><span class='ocrx_word' id='word_1_661' title='bbox 2029 2766 2190 2822; x_wconf 89' lang='lat' dir='ltr'><strong>porro</strong></span> <span class='ocrx_word' id='word_1_662' title='bbox 2211 2754 2463 2825; x_wconf 86' lang='lat' dir='ltr'><strong>virgines,</strong></span> <span class='ocrx_word' id='word_1_663' title='bbox 2488 2758 2629 2828; x_wconf 93' lang='lat' dir='ltr'><strong>quod</strong></span> <span class='ocrx_word' id='word_1_664' title='bbox 2656 2759 2800 2814; x_wconf 88' lang='lat' dir='ltr'><strong>illam</strong></span> <span class='ocrx_word' id='word_1_665' title='bbox 2824 2776 2930 2816; x_wconf 93' lang='lat' dir='ltr'><strong>non</strong></span> <span class='ocrx_word' id='word_1_666' title='bbox 2950 2773 3032 2818; x_wconf 88' lang='lat' dir='ltr'><strong>sat</strong></span> <span class='ocrx_word' id='word_1_667' title='bbox 3060 2764 3279 2835; x_wconf 88' lang='lat' dir='ltr'><strong>largiter</strong></span> <span class='ocrx_word' id='word_1_668' title='bbox 3297 2771 3609 2842; x_wconf 85' lang='lat' dir='ltr'><strong>coluissent,</strong></span> 
     </span>
    </p>
   </div>
   <div class='ocr_carea' id='block_1_83' title="bbox 2029 2845 3616 2925">
    <p class='ocr_par' dir='ltr' id='par_1_83' title="bbox 2029 2845 3616 2925">
     <span class='ocr_line' id='line_1_83' title="bbox 2029 2845 3616 2925; baseline 0.017 -26"><span class='ocrx_word' id='word_1_669' title='bbox 2029 2845 2312 2913; x_wconf 89' lang='lat' dir='ltr'><strong>ejiciantur</strong></span> <span class='ocrx_word' id='word_1_670' title='bbox 2331 2889 2346 2914; x_wconf 90' lang='lat'><strong>,</strong></span> <span class='ocrx_word' id='word_1_671' title='bbox 2372 2850 2491 2920; x_wconf 90' lang='lat' dir='ltr'><strong>quis</strong></span> <span class='ocrx_word' id='word_1_672' title='bbox 2529 2853 2724 2922; x_wconf 90' lang='lat' dir='ltr'><strong>poterit</strong></span> <span class='ocrx_word' id='word_1_673' title='bbox 2747 2853 2834 2909; x_wconf 90' lang='lat' dir='ltr'><strong>illa</strong></span> <span class='ocrx_word' id='word_1_674' title='bbox 2871 2855 3157 2914; x_wconf 90' lang='lat' dir='ltr'><strong>destitutus</strong></span> <span class='ocrx_word' id='word_1_675' title='bbox 3185 2864 3392 2920; x_wconf 85' lang='lat' dir='ltr'><strong>veniam</strong></span> <span class='ocrx_word' id='word_1_676' title='bbox 3421 2881 3585 2925; x_wconf 91' lang='lat' dir='ltr'><strong>conse</strong></span> <span class='ocrx_word' id='word_1_677' title='bbox 3603 2902 3616 2913; x_wconf 90' lang='lat'><strong>-</strong></span> 
     </span>
    </p>
   </div>
   <div class='ocr_carea' id='block_1_84' title="bbox 2028 2939 3622 3034">
    <p class='ocr_par' dir='ltr' id='par_1_84' title="bbox 2028 2939 3622 3034">
     <span class='ocr_line' id='line_1_84' title="bbox 2028 2939 3622 3034; baseline 0.019 -42"><span class='ocrx_word' id='word_1_678' title='bbox 2028 2939 2158 3008; x_wconf 81' lang='lat' dir='ltr'><strong>qui?</strong></span> <span class='ocrx_word' id='word_1_679' title='bbox 2194 2939 2362 2997; x_wconf 87' lang='lat' dir='ltr'><strong>Nemo</strong></span> <span class='ocrx_word' id='word_1_680' title='bbox 2390 2958 2519 2999; x_wconf 90' lang='lat' dir='ltr'><strong>sane</strong></span> <span class='ocrx_word' id='word_1_681' title='bbox 2541 2987 2558 3013; x_wconf 96' lang='lat'><strong>,</strong></span> <span class='ocrx_word' id='word_1_682' title='bbox 2585 2945 2679 3002; x_wconf 88' lang='lat' dir='ltr'><strong>sed</strong></span> <span class='ocrx_word' id='word_1_683' title='bbox 2705 2963 2827 3003; x_wconf 91' lang='lat' dir='ltr'><strong>eum</strong></span> <span class='ocrx_word' id='word_1_684' title='bbox 2854 2950 2941 3020; x_wconf 92' lang='lat' dir='ltr'><strong>qui</strong></span> <span class='ocrx_word' id='word_1_685' title='bbox 2981 2951 3125 3010; x_wconf 84' lang='lat' dir='ltr'><strong>illam</strong></span> <span class='ocrx_word' id='word_1_686' title='bbox 3157 2971 3259 3011; x_wconf 90' lang='lat' dir='ltr'><strong>non</strong></span> <span class='ocrx_word' id='word_1_687' title='bbox 3286 2960 3414 3016; x_wconf 91' lang='lat' dir='ltr'><strong>colit</strong></span> <span class='ocrx_word' id='word_1_688' title='bbox 3441 2967 3622 3034; x_wconf 78' lang='lat' dir='ltr'><strong>perire</strong></span> 
     </span>
    </p>
   </div>
   <div class='ocr_carea' id='block_1_85' title="bbox 2031 3037 3613 3113">
    <p class='ocr_par' dir='ltr' id='par_1_85' title="bbox 2031 3037 3613 3113">
     <span class='ocr_line' id='line_1_85' title="bbox 2031 3037 3613 3113; baseline 0.018 -29"><span class='ocrx_word' id='word_1_689' title='bbox 2031 3047 2250 3101; x_wconf 86' lang='lat' dir='ltr'><strong>prorsus</strong></span> <span class='ocrx_word' id='word_1_690' title='bbox 2273 3050 2491 3091; x_wconf 88' lang='lat' dir='ltr'><strong>necesse</strong></span> <span class='ocrx_word' id='word_1_691' title='bbox 2515 3046 2614 3093; x_wconf 87' lang='lat' dir='ltr'><strong>est.</strong></span> <span class='ocrx_word' id='word_1_692' title='bbox 2642 3037 2773 3093; x_wconf 89' lang='lat' dir='ltr'><strong>Nam</strong></span> <span class='ocrx_word' id='word_1_693' title='bbox 2803 3041 2848 3095; x_wconf 91' lang='lat' dir='ltr'><strong>si</strong></span> <span class='ocrx_word' id='word_1_694' title='bbox 2875 3041 2927 3098; x_wconf 95' lang='lat' dir='ltr'><strong>in</strong></span> <span class='ocrx_word' id='word_1_695' title='bbox 2955 3046 3300 3104; x_wconf 61' lang='lat' dir='ltr'><strong>saecularibus</strong></span> <span class='ocrx_word' id='word_1_696' title='bbox 3328 3067 3485 3109; x_wconf 88' lang='lat' dir='ltr'><strong>nemo</strong></span> <span class='ocrx_word' id='word_1_697' title='bbox 3512 3058 3613 3113; x_wconf 87' lang='lat' dir='ltr'><strong>sibi</strong></span> 
     </span>
    </p>
   </div>
   <div class='ocr_carea' id='block_1_86' title="bbox 2031 3124 3610 3218">
    <p class='ocr_par' dir='ltr' id='par_1_86' title="bbox 2031 3124 3610 3218">
     <span class='ocr_line' id='line_1_86' title="bbox 2031 3124 3610 3218; baseline 0.018 -39"><span class='ocrx_word' id='word_1_698' title='bbox 2031 3124 2132 3196; x_wconf 89' lang='lat' dir='ltr'><strong>ipsi</strong></span> <span class='ocrx_word' id='word_1_699' title='bbox 2162 3127 2310 3193; x_wconf 89' lang='lat' dir='ltr'><strong>vivit,</strong></span> <span class='ocrx_word' id='word_1_700' title='bbox 2339 3129 2433 3184; x_wconf 91' lang='lat' dir='ltr'><strong>sed</strong></span> <span class='ocrx_word' id='word_1_701' title='bbox 2459 3131 2644 3186; x_wconf 79' lang='lat' dir='ltr'><strong>artifex</strong></span> <span class='ocrx_word' id='word_1_702' title='bbox 2665 3175 2680 3198; x_wconf 95' lang='lat'><strong>,</strong></span> <span class='ocrx_word' id='word_1_703' title='bbox 2713 3133 2868 3189; x_wconf 88' lang='lat' dir='ltr'><strong>miles</strong></span> <span class='ocrx_word' id='word_1_704' title='bbox 2887 3176 2902 3200; x_wconf 91' lang='lat'><strong>,</strong></span> <span class='ocrx_word' id='word_1_705' title='bbox 2937 3139 3168 3208; x_wconf 86' lang='lat' dir='ltr'><strong>agricola</strong></span> <span class='ocrx_word' id='word_1_706' title='bbox 3191 3185 3205 3204; x_wconf 89' lang='lat'><strong>,</strong></span> <span class='ocrx_word' id='word_1_707' title='bbox 3233 3157 3515 3218; x_wconf 81' lang='lat' dir='ltr'><strong>mercator,</strong></span> <span class='ocrx_word' id='word_1_708' title='bbox 3544 3154 3610 3208; x_wconf 92' lang='lat' dir='ltr'><strong>ad</strong></span> 
     </span>
    </p>
   </div>
   <div class='ocr_carea' id='block_1_87' title="bbox 2031 3216 3614 3304">
    <p class='ocr_par' dir='ltr' id='par_1_87' title="bbox 2031 3216 3614 3304">
     <span class='ocr_line' id='line_1_87' title="bbox 2031 3216 3614 3304; baseline 0.016 -32"><span class='ocrx_word' id='word_1_709' title='bbox 2031 3216 2104 3283; x_wconf 92' lang='lat' dir='ltr'><strong>id,</strong></span> <span class='ocrx_word' id='word_1_710' title='bbox 2133 3225 2272 3288; x_wconf 87' lang='lat' dir='ltr'><strong>quod</strong></span> <span class='ocrx_word' id='word_1_711' title='bbox 2305 3220 2527 3289; x_wconf 60' lang='lat' dir='ltr'><strong>publica</strong></span> <span class='ocrx_word' id='word_1_712' title='bbox 2555 3223 2765 3279; x_wconf 91' lang='lat' dir='ltr'><strong>utilitati</strong></span> <span class='ocrx_word' id='word_1_713' title='bbox 2791 3235 2845 3281; x_wconf 91' lang='lat' dir='ltr'><strong>et</strong></span> <span class='ocrx_word' id='word_1_714' title='bbox 2867 3231 3149 3285; x_wconf 91' lang='lat' dir='ltr'><strong>commodo</strong></span> <span class='ocrx_word' id='word_1_715' title='bbox 3171 3235 3404 3304; x_wconf 82' lang='lat' dir='ltr'><strong>confert,</strong></span> <span class='ocrx_word' id='word_1_716' title='bbox 3436 3216 3614 3297; x_wconf 65' lang='lat' dir='ltr'><strong>sedc.</strong></span> 
     </span>
    </p>
   </div>
   <div class='ocr_carea' id='block_1_88' title="bbox 2030 3308 3610 3391">
    <p class='ocr_par' dir='ltr' id='par_1_88' title="bbox 2030 3308 3610 3391">
     <span class='ocr_line' id='line_1_88' title="bbox 2030 3308 3610 3391; baseline 0.018 -29"><span class='ocrx_word' id='word_1_717' title='bbox 2030 3308 2167 3362; x_wconf 92' lang='lat' dir='ltr'><strong>dunt</strong></span> <span class='ocrx_word' id='word_1_718' title='bbox 2193 3327 2206 3361; x_wconf 92' lang='lat'>:</span> <span class='ocrx_word' id='word_1_719' title='bbox 2233 3311 2402 3366; x_wconf 90' lang='lat' dir='ltr'><strong>multo</strong></span> <span class='ocrx_word' id='word_1_720' title='bbox 2428 3315 2597 3384; x_wconf 87' lang='lat' dir='ltr'><strong>magis</strong></span> <span class='ocrx_word' id='word_1_721' title='bbox 2628 3315 2679 3369; x_wconf 93' lang='lat' dir='ltr'><strong>in</strong></span> <span class='ocrx_word' id='word_1_722' title='bbox 2719 3317 3080 3387; x_wconf 88' lang='lat' dir='ltr'><strong>spiritualibus</strong></span> <span class='ocrx_word' id='word_1_723' title='bbox 3121 3323 3170 3377; x_wconf 92' lang='lat' dir='ltr'><strong>id</strong></span> <span class='ocrx_word' id='word_1_724' title='bbox 3201 3326 3610 3391; x_wconf 90' lang='lat' dir='ltr'><strong>observandum.</strong></span> 
     </span>
    </p>
   </div>
   <div class='ocr_carea' id='block_1_89' title="bbox 2032 3399 3612 3496">
    <p class='ocr_par' dir='ltr' id='par_1_89' title="bbox 2032 3399 3612 3496">
     <span class='ocr_line' id='line_1_89' title="bbox 2032 3399 3612 3496; baseline 0.017 -41"><span class='ocrx_word' id='word_1_725' title='bbox 2032 3399 2166 3456; x_wconf 84' lang='lat' dir='ltr'><strong>illud</strong></span> <span class='ocrx_word' id='word_1_726' title='bbox 2199 3413 2283 3458; x_wconf 89' lang='lat' dir='ltr'><strong>est</strong></span> <span class='ocrx_word' id='word_1_727' title='bbox 2324 3405 2552 3460; x_wconf 81' lang='lat' dir='ltr'><strong>maxime</strong></span> <span class='ocrx_word' id='word_1_728' title='bbox 2581 3408 2761 3464; x_wconf 90' lang='lat' dir='ltr'><strong>vivere</strong></span> <span class='ocrx_word' id='word_1_729' title='bbox 2791 3428 2806 3465; x_wconf 88' lang='lat'><strong>:</strong></span> <span class='ocrx_word' id='word_1_730' title='bbox 2831 3426 2948 3466; x_wconf 91' lang='lat' dir='ltr'><strong>cum</strong></span> <span class='ocrx_word' id='word_1_731' title='bbox 2978 3425 3160 3470; x_wconf 89' lang='lat' dir='ltr'><strong>contra</strong></span> <span class='ocrx_word' id='word_1_732' title='bbox 3190 3419 3234 3472; x_wconf 92' lang='lat' dir='ltr'><strong>is</strong></span> <span class='ocrx_word' id='word_1_733' title='bbox 3260 3421 3348 3490; x_wconf 91' lang='lat' dir='ltr'><strong>qui</strong></span> <span class='ocrx_word' id='word_1_734' title='bbox 3379 3422 3476 3479; x_wconf 90' lang='lat' dir='ltr'><strong>sibi</strong></span> <span class='ocrx_word' id='word_1_735' title='bbox 3513 3427 3612 3496; x_wconf 88' lang='lat' dir='ltr'><strong>ipsi</strong></span> 
     </span>
    </p>
   </div>
   <div class='ocr_carea' id='block_1_90' title="bbox 2035 3496 3611 3584">
    <p class='ocr_par' dir='ltr' id='par_1_90' title="bbox 2035 3496 3611 3584">
     <span class='ocr_line' id='line_1_90' title="bbox 2035 3496 3611 3584; baseline 0.016 -38"><span class='ocrx_word' id='word_1_736' title='bbox 2035 3503 2240 3550; x_wconf 92' lang='lat' dir='ltr'><strong>tantum</strong></span> <span class='ocrx_word' id='word_1_737' title='bbox 2271 3496 2426 3558; x_wconf 89' lang='lat' dir='ltr'><strong>vivit,</strong></span> <span class='ocrx_word' id='word_1_738' title='bbox 2451 3513 2741 3570; x_wconf 88' lang='lat' dir='ltr'><strong>omnesque</strong></span> <span class='ocrx_word' id='word_1_739' title='bbox 2765 3501 3023 3573; x_wconf 91' lang='lat' dir='ltr'><strong>despicit,</strong></span> <span class='ocrx_word' id='word_1_740' title='bbox 3051 3507 3248 3563; x_wconf 79' lang='lat' dir='ltr'><strong>inutilis</strong></span> <span class='ocrx_word' id='word_1_741' title='bbox 3275 3523 3328 3566; x_wconf 90' lang='lat' dir='ltr'><strong>et</strong></span> <span class='ocrx_word' id='word_1_742' title='bbox 3357 3528 3611 3584; x_wconf 81' lang='lat' dir='ltr'><strong>superva-</strong></span> 
     </span>
    </p>
   </div>
   <div class='ocr_carea' id='block_1_91' title="bbox 2031 3589 3614 3677">
    <p class='ocr_par' dir='ltr' id='par_1_91' title="bbox 2031 3589 3614 3677">
     <span class='ocr_line' id='line_1_91' title="bbox 2031 3589 3614 3677; baseline 0.014 -37"><span class='ocrx_word' id='word_1_743' title='bbox 2031 3599 2228 3641; x_wconf 90' lang='lat' dir='ltr'><strong>caneus</strong></span> <span class='ocrx_word' id='word_1_744' title='bbox 2256 3589 2343 3652; x_wconf 91' lang='lat' dir='ltr'><strong>sit,</strong></span> <span class='ocrx_word' id='word_1_745' title='bbox 2374 3604 2477 3642; x_wconf 89' lang='lat' dir='ltr'><strong>non</strong></span> <span class='ocrx_word' id='word_1_746' title='bbox 2507 3589 2687 3656; x_wconf 88' lang='lat' dir='ltr'><strong>homo,</strong></span> <span class='ocrx_word' id='word_1_747' title='bbox 2711 3609 2884 3664; x_wconf 90' lang='lat' dir='ltr'><strong>neque</strong></span> <span class='ocrx_word' id='word_1_748' title='bbox 2908 3598 3117 3666; x_wconf 88' lang='lat' dir='ltr'><strong>generis</strong></span> <span class='ocrx_word' id='word_1_749' title='bbox 3141 3604 3329 3656; x_wconf 86' lang='lat' dir='ltr'><strong>nostri.</strong></span> <span class='ocrx_word' id='word_1_750' title='bbox 3353 3604 3486 3671; x_wconf 87' lang='lat' dir='ltr'><strong>Quid</strong></span> <span class='ocrx_word' id='word_1_751' title='bbox 3518 3608 3614 3677; x_wconf 85' lang='lat' dir='ltr'><strong>igi-</strong></span> 
     </span>
    </p>
   </div>
   <div class='ocr_carea' id='block_1_92' title="bbox 2032 3680 3613 3758">
    <p class='ocr_par' dir='ltr' id='par_1_92' title="bbox 2032 3680 3613 3758">
     <span class='ocr_line' id='line_1_92' title="bbox 2032 3680 3613 3758; baseline 0.013 -26"><span class='ocrx_word' id='word_1_752' title='bbox 2032 3687 2118 3734; x_wconf 94' lang='lat' dir='ltr'><strong>tur</strong></span> <span class='ocrx_word' id='word_1_753' title='bbox 2145 3680 2286 3747; x_wconf 91' lang='lat' dir='ltr'><strong>erit,</strong></span> <span class='ocrx_word' id='word_1_754' title='bbox 2319 3682 2525 3752; x_wconf 89' lang='lat' dir='ltr'><strong>inquies</strong></span> <span class='ocrx_word' id='word_1_755' title='bbox 2546 3725 2561 3749; x_wconf 94' lang='lat'><strong>,</strong></span> <span class='ocrx_word' id='word_1_756' title='bbox 2592 3684 2638 3738; x_wconf 85' lang='lat' dir='ltr'><strong>si</strong></span> <span class='ocrx_word' id='word_1_757' title='bbox 2673 3700 2789 3741; x_wconf 90' lang='lat' dir='ltr'><strong>mea</strong></span> <span class='ocrx_word' id='word_1_758' title='bbox 2817 3686 3105 3758; x_wconf 89' lang='lat' dir='ltr'><strong>despiciam</strong></span> <span class='ocrx_word' id='word_1_759' title='bbox 3131 3732 3147 3756; x_wconf 90' lang='lat'><strong>,</strong></span> <span class='ocrx_word' id='word_1_760' title='bbox 3182 3693 3351 3748; x_wconf 84' lang='lat' dir='ltr'><strong>aliena</strong></span> <span class='ocrx_word' id='word_1_761' title='bbox 3383 3700 3613 3752; x_wconf 86' lang='lat' dir='ltr'><strong>curem‘?</strong></span> 
     </span>
    </p>
   </div>
   <div class='ocr_carea' id='block_1_93' title="bbox 2031 3771 3611 3854">
    <p class='ocr_par' dir='ltr' id='par_1_93' title="bbox 2031 3771 3611 3854">
     <span class='ocr_line' id='line_1_93' title="bbox 2031 3771 3611 3854; baseline 0.013 -29"><span class='ocrx_word' id='word_1_762' title='bbox 2031 3771 2146 3827; x_wconf 85' lang='lat' dir='ltr'><strong>Non</strong></span> <span class='ocrx_word' id='word_1_763' title='bbox 2179 3783 2352 3842; x_wconf 88' lang='lat' dir='ltr'><strong>potest</strong></span> <span class='ocrx_word' id='word_1_764' title='bbox 2379 3783 2525 3829; x_wconf 89' lang='lat' dir='ltr'><strong>certe</strong></span> <span class='ocrx_word' id='word_1_765' title='bbox 2549 3818 2562 3841; x_wconf 94' lang='lat'><strong>,</strong></span> <span class='ocrx_word' id='word_1_766' title='bbox 2597 3791 2700 3830; x_wconf 91' lang='lat' dir='ltr'><strong>non</strong></span> <span class='ocrx_word' id='word_1_767' title='bbox 2731 3787 2906 3846; x_wconf 90' lang='lat' dir='ltr'><strong>potest</strong></span> <span class='ocrx_word' id='word_1_768' title='bbox 2930 3781 3018 3850; x_wconf 89' lang='lat' dir='ltr'><strong>qui</strong></span> <span class='ocrx_word' id='word_1_769' title='bbox 3049 3783 3273 3840; x_wconf 89' lang='lat' dir='ltr'><strong>aliorum</strong></span> <span class='ocrx_word' id='word_1_770' title='bbox 3306 3802 3390 3841; x_wconf 91' lang='lat' dir='ltr'><strong>res</strong></span> <span class='ocrx_word' id='word_1_771' title='bbox 3419 3801 3570 3844; x_wconf 87' lang='lat' dir='ltr'><strong>curat</strong></span> <span class='ocrx_word' id='word_1_772' title='bbox 3597 3833 3611 3854; x_wconf 96' lang='lat'><strong>,</strong></span> 
     </span>
    </p>
   </div>
   <div class='ocr_carea' id='block_1_94' title="bbox 2032 3865 3608 3943">
    <p class='ocr_par' dir='ltr' id='par_1_94' title="bbox 2032 3865 3608 3943">
     <span class='ocr_line' id='line_1_94' title="bbox 2032 3865 3608 3943; baseline 0.011 -25"><span class='ocrx_word' id='word_1_773' title='bbox 2032 3878 2156 3919; x_wconf 90' lang='lat' dir='ltr'><strong>suas</strong></span> <span class='ocrx_word' id='word_1_774' title='bbox 2181 3865 2466 3935; x_wconf 82' lang='lat' dir='ltr'><strong>negligere.</strong></span> <span class='ocrx_word' id='word_1_775' title='bbox 2501 3865 2599 3934; x_wconf 86' lang='lat' dir='ltr'><strong>Qui</strong></span> <span class='ocrx_word' id='word_1_776' title='bbox 2627 3868 2768 3922; x_wconf 91' lang='lat' dir='ltr'><strong>enim</strong></span> <span class='ocrx_word' id='word_1_777' title='bbox 2796 3869 3023 3925; x_wconf 91' lang='lat' dir='ltr'><strong>aliorum</strong></span> <span class='ocrx_word' id='word_1_778' title='bbox 3046 3887 3132 3928; x_wconf 91' lang='lat' dir='ltr'><strong>res</strong></span> <span class='ocrx_word' id='word_1_779' title='bbox 3152 3885 3320 3943; x_wconf 91' lang='lat' dir='ltr'><strong>curat,</strong></span> <span class='ocrx_word' id='word_1_780' title='bbox 3346 3879 3608 3936; x_wconf 89' lang='lat' dir='ltr'><strong>neminem</strong></span> 
     </span>
    </p>
   </div>
   <div class='ocr_carea' id='block_1_95' title="bbox 2032 3955 3614 4039">
    <p class='ocr_par' dir='ltr' id='par_1_95' title="bbox 2032 3955 3614 4039">
     <span class='ocr_line' id='line_1_95' title="bbox 2032 3955 3614 4039; baseline 0.014 -30"><span class='ocrx_word' id='word_1_781' title='bbox 2032 3955 2252 4010; x_wconf 76' lang='lat' dir='ltr'><strong>oll‘endit</strong></span> <span class='ocrx_word' id='word_1_782' title='bbox 2273 3999 2288 4019; x_wconf 94' lang='lat'><strong>,</strong></span> <span class='ocrx_word' id='word_1_783' title='bbox 2320 3973 2507 4013; x_wconf 86' lang='lat' dir='ltr'><strong>omnes</strong></span> <span class='ocrx_word' id='word_1_784' title='bbox 2535 3959 2851 4028; x_wconf 90' lang='lat' dir='ltr'><strong>miseratur,</strong></span> <span class='ocrx_word' id='word_1_785' title='bbox 2890 3971 2944 4017; x_wconf 89' lang='lat' dir='ltr'><strong>et</strong></span> <span class='ocrx_word' id='word_1_786' title='bbox 2972 3979 3068 4031; x_wconf 92' lang='lat' dir='ltr'><strong>pro</strong></span> <span class='ocrx_word' id='word_1_787' title='bbox 3094 3967 3230 4023; x_wconf 90' lang='lat' dir='ltr'><strong>virili</strong></span> <span class='ocrx_word' id='word_1_788' title='bbox 3256 3969 3443 4039; x_wconf 88' lang='lat' dir='ltr'><strong>juvat;</strong></span> <span class='ocrx_word' id='word_1_789' title='bbox 3481 3975 3614 4032; x_wconf 92' lang='lat' dir='ltr'><strong>nihil</strong></span> 
     </span>
    </p>
   </div>
   <div class='ocr_carea' id='block_1_96' title="bbox 2033 4047 3610 4122">
    <p class='ocr_par' dir='ltr' id='par_1_96' title="bbox 2033 4047 3610 4122">
     <span class='ocr_line' id='line_1_96' title="bbox 2033 4047 3610 4122; baseline 0.013 -21"><span class='ocrx_word' id='word_1_790' title='bbox 2033 4047 2124 4102; x_wconf 92' lang='lat' dir='ltr'><strong>ille</strong></span> <span class='ocrx_word' id='word_1_791' title='bbox 2161 4049 2369 4119; x_wconf 90' lang='lat' dir='ltr'><strong>rapiet,</strong></span> <span class='ocrx_word' id='word_1_792' title='bbox 2402 4065 2507 4104; x_wconf 94' lang='lat' dir='ltr'><strong>non</strong></span> <span class='ocrx_word' id='word_1_793' title='bbox 2549 4049 2810 4107; x_wconf 74' lang='lat' dir='ltr'><strong>iurabitur</strong></span> <span class='ocrx_word' id='word_1_794' title='bbox 2833 4094 2848 4120; x_wconf 92' lang='lat'><strong>,</strong></span> <span class='ocrx_word' id='word_1_795' title='bbox 2882 4071 2985 4109; x_wconf 92' lang='lat' dir='ltr'><strong>non</strong></span> <span class='ocrx_word' id='word_1_796' title='bbox 3025 4056 3216 4113; x_wconf 85' lang='lat' dir='ltr'><strong>falsum</strong></span> <span class='ocrx_word' id='word_1_797' title='bbox 3246 4062 3610 4122; x_wconf 89' lang='lat' dir='ltr'><strong>testimonium</strong></span> 
     </span>
    </p>
   </div>
   <div class='ocr_carea' id='block_1_97' title="bbox 2031 4139 3611 4216">
    <p class='ocr_par' dir='ltr' id='par_1_97' title="bbox 2031 4139 3611 4216">
     <span class='ocr_line' id='line_1_97' title="bbox 2031 4139 3611 4216; baseline 0.014 -22"><span class='ocrx_word' id='word_1_798' title='bbox 2031 4139 2172 4196; x_wconf 90' lang='lat' dir='ltr'><strong>dicet</strong></span> <span class='ocrx_word' id='word_1_799' title='bbox 2203 4159 2216 4196; x_wconf 91' lang='lat'>:</span> <span class='ocrx_word' id='word_1_800' title='bbox 2244 4141 2310 4197; x_wconf 91' lang='lat' dir='ltr'><strong>ab</strong></span> <span class='ocrx_word' id='word_1_801' title='bbox 2339 4142 2484 4197; x_wconf 93' lang='lat' dir='ltr'><strong>omni</strong></span> <span class='ocrx_word' id='word_1_802' title='bbox 2513 4144 2799 4200; x_wconf 89' lang='lat' dir='ltr'><strong>abstinebit</strong></span> <span class='ocrx_word' id='word_1_803' title='bbox 2823 4149 3053 4216; x_wconf 88' lang='lat' dir='ltr'><strong>nequitia</strong></span> <span class='ocrx_word' id='word_1_804' title='bbox 3078 4192 3092 4214; x_wconf 89' lang='lat'><strong>,</strong></span> <span class='ocrx_word' id='word_1_805' title='bbox 3120 4165 3334 4209; x_wconf 89' lang='lat' dir='ltr'><strong>omnem</strong></span> <span class='ocrx_word' id='word_1_806' title='bbox 3362 4157 3611 4216; x_wconf 79' lang='lat' dir='ltr'><strong>virtutem</strong></span> 
     </span>
    </p>
   </div>
   <div class='ocr_carea' id='block_1_98' title="bbox 2032 4233 3614 4309">
    <p class='ocr_par' dir='ltr' id='par_1_98' title="bbox 2032 4233 3614 4309">
     <span class='ocr_line' id='line_1_98' title="bbox 2032 4233 3614 4309; baseline 0.013 -23"><span class='ocrx_word' id='word_1_807' title='bbox 2032 4233 2412 4302; x_wconf 86' lang='lat' dir='ltr'><strong>amplectetur,</strong></span> <span class='ocrx_word' id='word_1_808' title='bbox 2462 4251 2556 4305; x_wconf 93' lang='lat' dir='ltr'><strong>pro</strong></span> <span class='ocrx_word' id='word_1_809' title='bbox 2598 4237 2826 4294; x_wconf 91' lang='lat' dir='ltr'><strong>inimicis</strong></span> <span class='ocrx_word' id='word_1_810' title='bbox 2863 4241 3198 4309; x_wconf 91' lang='lat' dir='ltr'><strong>precabitur,</strong></span> <span class='ocrx_word' id='word_1_811' title='bbox 3240 4243 3614 4308; x_wconf 84' lang='lat' dir='ltr'><strong>insidiantibus</strong></span> 
     </span>
    </p>
   </div>
   <div class='ocr_carea' id='block_1_99' title="bbox 2032 4325 3618 4408">
    <p class='ocr_par' dir='ltr' id='par_1_99' title="bbox 2032 4325 3618 4408">
     <span class='ocr_line' id='line_1_99' title="bbox 2032 4325 3618 4408; baseline 0.013 -29"><span class='ocrx_word' id='word_1_812' title='bbox 2032 4325 2132 4380; x_wconf 89' lang='lat' dir='ltr'><strong>sibi</strong></span> <span class='ocrx_word' id='word_1_813' title='bbox 2163 4326 2476 4382; x_wconf 83' lang='lat' dir='ltr'><strong>beneﬁcium</strong></span> <span class='ocrx_word' id='word_1_814' title='bbox 2507 4329 2814 4400; x_wconf 68' lang='lat' dir='ltr'><strong>praestabit;</strong></span> <span class='ocrx_word' id='word_1_815' title='bbox 2848 4334 3044 4388; x_wconf 89' lang='lat' dir='ltr'><strong>nemini</strong></span> <span class='ocrx_word' id='word_1_816' title='bbox 3074 4338 3490 4408; x_wconf 87' lang='lat' dir='ltr'><strong>conviciabitur,</strong></span> <span class='ocrx_word' id='word_1_817' title='bbox 3525 4362 3618 4400; x_wconf 85' lang='lat' dir='ltr'><strong>ne-</strong></span> 
     </span>
    </p>
   </div>
   <div class='ocr_carea' id='block_1_100' title="bbox 2033 4420 3612 4506">
    <p class='ocr_par' dir='ltr' id='par_1_100' title="bbox 2033 4420 3612 4506">
     <span class='ocr_line' id='line_1_100' title="bbox 2033 4420 3612 4506; baseline 0.013 -33"><span class='ocrx_word' id='word_1_818' title='bbox 2033 4420 2160 4474; x_wconf 92' lang='lat' dir='ltr'><strong>mini</strong></span> <span class='ocrx_word' id='word_1_819' title='bbox 2191 4420 2506 4490; x_wconf 88' lang='lat' dir='ltr'><strong>maledicet,</strong></span> <span class='ocrx_word' id='word_1_820' title='bbox 2532 4423 2740 4479; x_wconf 93' lang='lat' dir='ltr'><strong>etiamsi</strong></span> <span class='ocrx_word' id='word_1_821' title='bbox 2781 4427 3056 4482; x_wconf 88' lang='lat' dir='ltr'><strong>innumera</strong></span> <span class='ocrx_word' id='word_1_822' title='bbox 3082 4431 3262 4486; x_wconf 90' lang='lat' dir='ltr'><strong>audiat</strong></span> <span class='ocrx_word' id='word_1_823' title='bbox 3287 4435 3568 4493; x_wconf 88' lang='lat' dir='ltr'><strong>maledicta</strong></span> <span class='ocrx_word' id='word_1_824' title='bbox 3597 4483 3612 4506; x_wconf 92' lang='lat'><strong>,</strong></span> 
     </span>
    </p>
   </div>
   <div class='ocr_carea' id='block_1_101' title="bbox 2033 4511 3614 4597">
    <p class='ocr_par' dir='ltr' id='par_1_101' title="bbox 2033 4511 3614 4597">
     <span class='ocr_line' id='line_1_101' title="bbox 2033 4511 3614 4597; baseline 0.012 -32"><span class='ocrx_word' id='word_1_825' title='bbox 2033 4511 2126 4566; x_wconf 87' lang='lat' dir='ltr'><strong>sed</strong></span> <span class='ocrx_word' id='word_1_826' title='bbox 2172 4511 2284 4568; x_wconf 72' lang='lat' dir='ltr'><strong>hzec</strong></span> <span class='ocrx_word' id='word_1_827' title='bbox 2312 4516 2601 4584; x_wconf 87' lang='lat' dir='ltr'><strong>apostolica</strong></span> <span class='ocrx_word' id='word_1_828' title='bbox 2631 4517 2791 4572; x_wconf 88' lang='lat' dir='ltr'><strong>verba</strong></span> <span class='ocrx_word' id='word_1_829' title='bbox 2823 4519 3057 4589; x_wconf 83' lang='lat' dir='ltr'><strong>proferet</strong></span> <span class='ocrx_word' id='word_1_830' title='bbox 3083 4538 3097 4576; x_wconf 91' lang='lat'><strong>:</strong></span> <span class='ocrx_word' id='word_1_831' title='bbox 3129 4522 3254 4587; x_wconf 84' lang='lat' dir='ltr'><strong>Quis</strong></span> <span class='ocrx_word' id='word_1_832' title='bbox 3288 4526 3578 4596; x_wconf 82' lang='lat' dir='ltr'><strong>inﬁrmatur</strong></span> <span class='ocrx_word' id='word_1_833' title='bbox 3600 4575 3614 4597; x_wconf 97' lang='lat'><strong>,</strong></span> 
     </span>
    </p>
   </div>
   <div class='ocr_carea' id='block_1_102' title="bbox 2033 4606 3619 4688">
    <p class='ocr_par' dir='ltr' id='par_1_102' title="bbox 2033 4606 3619 4688">
     <span class='ocr_line' id='line_1_102' title="bbox 2033 4606 3619 4688; baseline 0.011 -32"><span class='ocrx_word' id='word_1_834' title='bbox 2033 4613 2080 4656; x_wconf 88' lang='lat' dir='ltr'><strong>et</strong></span> <span class='ocrx_word' id='word_1_835' title='bbox 2103 4620 2192 4673; x_wconf 86' lang='lat' dir='ltr'><strong>ego</strong></span> <span class='ocrx_word' id='word_1_836' title='bbox 2214 4620 2313 4658; x_wconf 91' lang='lat' dir='ltr'><strong>non</strong></span> <span class='ocrx_word' id='word_1_837' title='bbox 2335 4606 2607 4673; x_wconf 84' lang='lat' dir='ltr'><strong>inﬁrmor?</strong></span> <span class='ocrx_word' id='word_1_838' title='bbox 2628 4610 2740 4674; x_wconf 84' lang='lat' dir='ltr'><strong>quis</strong></span> <span class='ocrx_word' id='word_1_839' title='bbox 2764 4610 3163 4677; x_wconf 80' lang='lat' dir='ltr'><strong>scandalizatur,</strong></span> <span class='ocrx_word' id='word_1_840' title='bbox 3189 4627 3235 4668; x_wconf 81' lang='lat' dir='ltr'><strong>et</strong></span> <span class='ocrx_word' id='word_1_841' title='bbox 3258 4633 3348 4688; x_wconf 88' lang='lat' dir='ltr'><strong>ego</strong></span> <span class='ocrx_word' id='word_1_842' title='bbox 3372 4636 3472 4672; x_wconf 88' lang='lat' dir='ltr'><strong>non</strong></span> <span class='ocrx_word' id='word_1_843' title='bbox 3496 4638 3619 4675; x_wconf 82' lang='lat' dir='ltr'><strong>uror</strong></span> 
     </span>
    </p>
   </div>
   <div class='ocr_carea' id='block_1_103' title="bbox 2034 4694 3619 4775">
    <p class='ocr_par' dir='ltr' id='par_1_103' title="bbox 2034 4694 3619 4775">
     <span class='ocr_line' id='line_1_103' title="bbox 2034 4694 3619 4775; baseline 0.013 -28"><span class='ocrx_word' id='word_1_844' title='bbox 2034 4694 2109 4766; x_wconf 76' lang='lat'><strong>(2.</strong></span> <span class='ocrx_word' id='word_1_845' title='bbox 2136 4695 2254 4752; x_wconf 88' lang='lat' dir='ltr'><strong>Cor.</strong></span> <span class='ocrx_word' id='word_1_846' title='bbox 2281 4698 2367 4752; x_wconf 86' lang='grc'><strong>11.</strong></span> <span class='ocrx_word' id='word_1_847' title='bbox 2395 4696 2528 4770; x_wconf 74' lang='lat'><strong>29)?</strong></span> <span class='ocrx_word' id='word_1_848' title='bbox 2557 4699 2613 4754; x_wconf 89' lang='lat' dir='ltr'><strong>Si</strong></span> <span class='ocrx_word' id='word_1_849' title='bbox 2643 4715 2772 4756; x_wconf 88' lang='lat' dir='ltr'><strong>vero</strong></span> <span class='ocrx_word' id='word_1_850' title='bbox 2796 4713 2975 4757; x_wconf 91' lang='lat' dir='ltr'><strong>nostra</strong></span> <span class='ocrx_word' id='word_1_851' title='bbox 3005 4721 3339 4775; x_wconf 76' lang='lat' dir='ltr'><strong>quzeramus,</strong></span> <span class='ocrx_word' id='word_1_852' title='bbox 3367 4727 3473 4766; x_wconf 92' lang='lat' dir='ltr'><strong>non</strong></span> <span class='ocrx_word' id='word_1_853' title='bbox 3506 4730 3619 4767; x_wconf 79' lang='lat' dir='ltr'><strong>oni-</strong></span> 
     </span>
    </p>
   </div>
   <div class='ocr_carea' id='block_1_104' title="bbox 2033 4788 3620 4874">
    <p class='ocr_par' dir='ltr' id='par_1_104' title="bbox 2033 4788 3620 4874">
     <span class='ocr_line' id='line_1_104' title="bbox 2033 4788 3620 4874; baseline 0.011 -32"><span class='ocrx_word' id='word_1_854' title='bbox 2033 4789 2162 4843; x_wconf 93' lang='lat' dir='ltr'><strong>nino</strong></span> <span class='ocrx_word' id='word_1_855' title='bbox 2197 4788 2266 4844; x_wconf 92' lang='lat' dir='ltr'><strong>de</strong></span> <span class='ocrx_word' id='word_1_856' title='bbox 2301 4789 2489 4846; x_wconf 85' lang='lat' dir='ltr'><strong>alienis</strong></span> <span class='ocrx_word' id='word_1_857' title='bbox 2524 4793 2846 4850; x_wconf 91' lang='lat' dir='ltr'><strong>curabimus.</strong></span> <span class='ocrx_word' id='word_1_858' title='bbox 2889 4794 2985 4852; x_wconf 86' lang='lat' dir='ltr'><strong>His</strong></span> <span class='ocrx_word' id='word_1_859' title='bbox 3013 4798 3261 4855; x_wconf 89' lang='lat' dir='ltr'><strong>omnibus</strong></span> <span class='ocrx_word' id='word_1_860' title='bbox 3288 4816 3489 4858; x_wconf 88' lang='lat' dir='ltr'><strong>morem</strong></span> <span class='ocrx_word' id='word_1_861' title='bbox 3523 4821 3620 4874; x_wconf 86' lang='lat' dir='ltr'><strong>ge-</strong></span> 
     </span>
    </p>
   </div>
   <div class='ocr_carea' id='block_1_105' title="bbox 2033 4885 3622 4966">
    <p class='ocr_par' dir='ltr' id='par_1_105' title="bbox 2033 4885 3622 4966">
     <span class='ocr_line' id='line_1_105' title="bbox 2033 4885 3622 4966; baseline 0.011 -31"><span class='ocrx_word' id='word_1_862' title='bbox 2033 4891 2216 4936; x_wconf 85' lang='lat' dir='ltr'><strong>rentes</strong></span> <span class='ocrx_word' id='word_1_863' title='bbox 2239 4890 2294 4937; x_wconf 92' lang='lat' dir='ltr'><strong>et</strong></span> <span class='ocrx_word' id='word_1_864' title='bbox 2323 4885 2594 4952; x_wconf 87' lang='lat' dir='ltr'><strong>persuasi,</strong></span> <span class='ocrx_word' id='word_1_865' title='bbox 2625 4899 2730 4940; x_wconf 90' lang='lat' dir='ltr'><strong>non</strong></span> <span class='ocrx_word' id='word_1_866' title='bbox 2761 4901 2917 4955; x_wconf 87' lang='lat' dir='ltr'><strong>posse</strong></span> <span class='ocrx_word' id='word_1_867' title='bbox 2943 4903 3042 4942; x_wconf 91' lang='lat' dir='ltr'><strong>nos</strong></span> <span class='ocrx_word' id='word_1_868' title='bbox 3068 4889 3289 4945; x_wconf 90' lang='lat' dir='ltr'><strong>salutem</strong></span> <span class='ocrx_word' id='word_1_869' title='bbox 3319 4897 3573 4966; x_wconf 79' lang='lat' dir='ltr'><strong>Cunscqtli</strong></span> <span class='ocrx_word' id='word_1_870' title='bbox 3606 4938 3622 4961; x_wconf 93' lang='lat'><strong>,</strong></span> 
     </span>
    </p>
   </div>
   <div class='ocr_carea' id='block_1_106' title="bbox 2032 4973 3612 5048">
    <p class='ocr_par' dir='ltr' id='par_1_106' title="bbox 2032 4973 3612 5048">
     <span class='ocr_line' id='line_1_106' title="bbox 2032 4973 3612 5048; baseline 0.011 -22"><span class='ocrx_word' id='word_1_871' title='bbox 2032 4973 2132 5027; x_wconf 88' lang='lat' dir='ltr'><strong>nisi</strong></span> <span class='ocrx_word' id='word_1_872' title='bbox 2151 4988 2489 5028; x_wconf 87' lang='lat' dir='ltr'><strong>communem</strong></span> <span class='ocrx_word' id='word_1_873' title='bbox 2516 4976 2793 5032; x_wconf 88' lang='lat' dir='ltr'><strong>utilitatem</strong></span> <span class='ocrx_word' id='word_1_874' title='bbox 2823 4987 3144 5048; x_wconf 85' lang='lat' dir='ltr'><strong>spectemus,</strong></span> <span class='ocrx_word' id='word_1_875' title='bbox 3170 4982 3309 5039; x_wconf 93' lang='lat' dir='ltr'><strong>hunc</strong></span> <span class='ocrx_word' id='word_1_876' title='bbox 3333 4984 3612 5044; x_wconf 89' lang='lat' dir='ltr'><strong>discissum</strong></span> 
     </span>
    </p>
   </div>
   <div class='ocr_carea' id='block_1_107' title="bbox 2031 5068 3612 5146">
    <p class='ocr_par' dir='ltr' id='par_1_107' title="bbox 2031 5068 3612 5146">
     <span class='ocr_line' id='line_1_107' title="bbox 2031 5068 3612 5146; baseline 0.01 -24"><span class='ocrx_word' id='word_1_877' title='bbox 2031 5068 2274 5123; x_wconf 89' lang='lat' dir='ltr'><strong>videntes</strong></span> <span class='ocrx_word' id='word_1_878' title='bbox 2300 5110 2314 5132; x_wconf 92' lang='lat'><strong>,</strong></span> <span class='ocrx_word' id='word_1_879' title='bbox 2346 5069 2600 5140; x_wconf 90' lang='lat' dir='ltr'><strong>illumque</strong></span> <span class='ocrx_word' id='word_1_880' title='bbox 2637 5072 2838 5141; x_wconf 88' lang='lat' dir='ltr'><strong>pariter</strong></span> <span class='ocrx_word' id='word_1_881' title='bbox 2863 5074 2954 5144; x_wconf 92' lang='lat' dir='ltr'><strong>qui</strong></span> <span class='ocrx_word' id='word_1_882' title='bbox 2993 5074 3246 5131; x_wconf 90' lang='lat' dir='ltr'><strong>talentum</strong></span> <span class='ocrx_word' id='word_1_883' title='bbox 3287 5078 3578 5138; x_wconf 82' lang='lat' dir='ltr'><strong>suﬂ‘oderat</strong></span> <span class='ocrx_word' id='word_1_884' title='bbox 3599 5127 3612 5146; x_wconf 91' lang='lat'><strong>,</strong></span> 
     </span>
    </p>
   </div>
   <div class='ocr_carea' id='block_1_108' title="bbox 2032 5159 3619 5233">
    <p class='ocr_par' dir='ltr' id='par_1_108' title="bbox 2032 5159 3619 5233">
     <span class='ocr_line' id='line_1_108' title="bbox 2032 5159 3619 5233; baseline 0.009 -18"><span class='ocrx_word' id='word_1_885' title='bbox 2032 5159 2174 5215; x_wconf 83' lang='lat' dir='ltr'><strong>illam</strong></span> <span class='ocrx_word' id='word_1_886' title='bbox 2203 5161 2380 5230; x_wconf 85' lang='lat' dir='ltr'><strong>potius</strong></span> <span class='ocrx_word' id='word_1_887' title='bbox 2404 5160 2661 5233; x_wconf 87' lang='lat' dir='ltr'><strong>eligamus</strong></span> <span class='ocrx_word' id='word_1_888' title='bbox 2680 5163 2841 5230; x_wconf 89' lang='lat' dir='ltr'><strong>viam,</strong></span> <span class='ocrx_word' id='word_1_889' title='bbox 2871 5174 2926 5218; x_wconf 94' lang='lat' dir='ltr'><strong>ut</strong></span> <span class='ocrx_word' id='word_1_890' title='bbox 2951 5175 3004 5221; x_wconf 90' lang='lat' dir='ltr'><strong>et</strong></span> <span class='ocrx_word' id='word_1_891' title='bbox 3025 5167 3186 5222; x_wconf 92' lang='lat' dir='ltr'><strong>vitam</strong></span> <span class='ocrx_word' id='word_1_892' title='bbox 3214 5177 3468 5226; x_wconf 79' lang='lat' dir='ltr'><strong>:eternam</strong></span> <span class='ocrx_word' id='word_1_893' title='bbox 3491 5189 3619 5229; x_wconf 86' lang='lat' dir='ltr'><strong>con-</strong></span> 
     </span>
    </p>
   </div>
   <div class='ocr_carea' id='block_1_109' title="bbox 2031 5254 3615 5336">
    <p class='ocr_par' dir='ltr' id='par_1_109' title="bbox 2031 5254 3615 5336">
     <span class='ocr_line' id='line_1_109' title="bbox 2031 5254 3615 5336; baseline 0.01 -30"><span class='ocrx_word' id='word_1_894' title='bbox 2031 5266 2319 5322; x_wconf 90' lang='lat' dir='ltr'><strong>sequamur</strong></span> <span class='ocrx_word' id='word_1_895' title='bbox 2347 5271 2360 5307; x_wconf 93' lang='lat'><strong>:</strong></span> <span class='ocrx_word' id='word_1_896' title='bbox 2386 5268 2546 5323; x_wconf 91' lang='lat' dir='ltr'><strong>quam</strong></span> <span class='ocrx_word' id='word_1_897' title='bbox 2587 5254 2786 5309; x_wconf 91' lang='lat' dir='ltr'><strong>utinam</strong></span> <span class='ocrx_word' id='word_1_898' title='bbox 2817 5271 3004 5312; x_wconf 90' lang='lat' dir='ltr'><strong>omnes</strong></span> <span class='ocrx_word' id='word_1_899' title='bbox 3034 5260 3421 5328; x_wconf 88' lang='lat' dir='ltr'><strong>nanciscamur,</strong></span> <span class='ocrx_word' id='word_1_900' title='bbox 3450 5269 3615 5336; x_wconf 87' lang='lat' dir='ltr'><strong>gratia</strong></span> 
     </span>
    </p>
   </div>
   <div class='ocr_carea' id='block_1_110' title="bbox 2030 5343 3615 5428">
    <p class='ocr_par' dir='ltr' id='par_1_110' title="bbox 2030 5343 3615 5428">
     <span class='ocr_line' id='line_1_110' title="bbox 2030 5343 3615 5428; baseline 0.009 -30"><span class='ocrx_word' id='word_1_901' title='bbox 2030 5351 2086 5398; x_wconf 88' lang='lat' dir='ltr'><strong>et</strong></span> <span class='ocrx_word' id='word_1_902' title='bbox 2113 5343 2441 5413; x_wconf 89' lang='lat' dir='ltr'><strong>benignitate</strong></span> <span class='ocrx_word' id='word_1_903' title='bbox 2477 5344 2686 5401; x_wconf 89' lang='lat' dir='ltr'><strong>Domini</strong></span> <span class='ocrx_word' id='word_1_904' title='bbox 2727 5349 2893 5402; x_wconf 90' lang='lat' dir='ltr'><strong>nostri</strong></span> <span class='ocrx_word' id='word_1_905' title='bbox 2920 5348 3046 5405; x_wconf 85' lang='lat' dir='ltr'><strong>Jesu</strong></span> <span class='ocrx_word' id='word_1_906' title='bbox 3075 5351 3268 5408; x_wconf 82' lang='lat' dir='ltr'><strong>Christi</strong></span> <span class='ocrx_word' id='word_1_907' title='bbox 3293 5395 3309 5419; x_wconf 94' lang='lat'><strong>,</strong></span> <span class='ocrx_word' id='word_1_908' title='bbox 3339 5357 3421 5411; x_wconf 86' lang='lat' dir='ltr'><strong>cui</strong></span> <span class='ocrx_word' id='word_1_909' title='bbox 3452 5357 3615 5428; x_wconf 82' lang='lat' dir='ltr'><strong>gloria</strong></span> 
     </span>
    </p>
   </div>
   <div class='ocr_carea' id='block_1_111' title="bbox 2031 5435 2903 5495">
    <p class='ocr_par' dir='ltr' id='par_1_111' title="bbox 2031 5435 2903 5495">
     <span class='ocr_line' id='line_1_111' title="bbox 2031 5435 2903 5495; baseline 0.001 -5"><span class='ocrx_word' id='word_1_910' title='bbox 2031 5435 2088 5490; x_wconf 91' lang='lat' dir='ltr'><strong>in</strong></span> <span class='ocrx_word' id='word_1_911' title='bbox 2118 5436 2313 5491; x_wconf 67' lang='lat' dir='ltr'><strong>saecula</strong></span> <span class='ocrx_word' id='word_1_912' title='bbox 2343 5438 2680 5493; x_wconf 72' lang='lat' dir='ltr'><strong>steculorum.</strong></span> <span class='ocrx_word' id='word_1_913' title='bbox 2713 5439 2903 5495; x_wconf 79' lang='lat' dir='ltr'><strong>Amen.</strong></span> 
     </span>
    </p>
   </div>
   <div class='ocr_carea' id='block_1_112' title="bbox 1408 5724 2557 5804">
    <p class='ocr_par' dir='ltr' id='par_1_112' title="bbox 1408 5724 2557 5804">
     <span class='ocr_line' id='line_1_112' title="bbox 1408 5724 2557 5804; baseline 0.008 -5"><span class='ocrx_word' id='word_1_914' title='bbox 1408 5724 2557 5804; x_wconf 47' lang='lat' dir='ltr'><strong>«meamea-=4»—</strong></span> 
     </span>
    </p>
   </div>
   <div class='ocr_carea' id='block_1_113' title="bbox 661 5961 1347 6028">
    <p class='ocr_par' dir='ltr' id='par_1_113' title="bbox 661 5961 1347 6028">
     <span class='ocr_line' id='line_1_113' title="bbox 661 5961 1347 6028; baseline 0.01 -7"><span class='ocrx_word' id='word_1_915' title='bbox 661 5961 931 6024; x_wconf 74' lang='lat' dir='ltr'><strong>PsrttOL.</strong></span> <span class='ocrx_word' id='word_1_916' title='bbox 970 5961 1085 6025; x_wconf 80' lang='lat' dir='ltr'><strong>Gn.</strong></span> <span class='ocrx_word' id='word_1_917' title='bbox 1135 5965 1347 6028; x_wconf 81' lang='lat' dir='ltr'><strong>LVIII.</strong></span> 
     </span>
    </p>
   </div>
   <div class='ocr_carea' id='block_1_114' title="bbox 3204 5959 3277 6018">
    <p class='ocr_par' dir='ltr' id='par_1_114' title="bbox 3204 5959 3277 6018">
     <span class='ocr_line' id='line_1_114' title="bbox 3204 5959 3277 6018; baseline 0.027 -2"><span class='ocrx_word' id='word_1_918' title='bbox 3204 5959 3277 6018; x_wconf 85' lang='grc'><strong>16</strong></span> 
     </span>
    </p>
   </div>
  </div>
