4130 6374
3630 348 3792 429 '71‘2

1006 509 3169 536 ___________________________.____._____._____..__.._____—

524 397 619 455 711
1295 388 1353 445 S.
1393 384 1670 445 JOANNIS
1706 378 2175 440 CHRYSOSTOMI
2213 378 2528 435 ARCHIEP.
2568 375 3097 434 CONSTANTINOP.

922 681 952 694 _
1580 596 1930 659 HOMILIA
1971 591 2321 654 LXXVIII.
2367 589 2452 652 al.
2498 589 2793 650 LXXIX.

528 752 660 809 Car.
683 751 775 807 25.
805 764 860 803 v.
893 748 945 802 1.
971 745 1113 801 Tunc
1165 745 1326 800 simile
1359 746 1451 799 erit
1492 759 1701 814 regnum
1730 741 1971 796 ctelorum
2011 740 2101 793 de-
2214 742 2356 789 runt.
2406 732 2704 803 Lampades
2757 745 2933 785 autem
2984 731 3071 786 hic
3114 728 3244 785 dicit
3273 728 3444 798 ipsum
3470 727 3789 800 virginitatis

598 859 704 898 cem
732 839 1022 911 virginibus,
1046 852 1158 907 qum
1182 837 1482 905 accipientes
1516 832 1775 903 lampades
1804 847 1942 887 suas.
1976 830 2105 883 exie-

596 949 713 990 runt
734 934 928 988 obviam
949 947 1152 1002 sponso.
1183 930 1238 984 ‘2.
1270 930 1503 997 Quinque
1518 937 1686 980 autem
1714 937 1855 980 erant
1881 923 2104 992 pruden-

600 1040 672 1082 tes
697 1039 743 1079 et
762 1026 977 1093 quinque
1022 1026 1194 1095 fatue,
1222 1023 1274 1077 5.
1316 1037 1428 1091 qua:
1454 1038 1553 1073 non
1585 1027 1881 1087 acceperunt
1920 1016 2106 1070 oleum.

599 1122 654 1175 4.
705 1118 985 1171 Prudentes
1024 1131 1140 1168 vero
1184 1121 1481 1185 acceperunt
1526 1112 1692 1165 oleum
1736 1110 1787 1162 in
1827 1110 1957 1163 uasis
2006 1107 2111 1161 suis

601 1228 717 1265 cum
766 1209 1084 1279 lampadibus
1133 1207 1260 1261 suis.
1310 1206 1365 1261 5.
1430 1204 1631 1259 Moram
1682 1214 1850 1256 autem
1899 1200 2113 1272 faciente

603 1318 787 1373 sponso
809 1344 822 1367 ,
846 1311 950 1355 clc.
982 1299 1089 1369 ‘(a).

605 1461 658 1514 1.
690 1457 947 1512 Parubola
981 1454 1044 1508 de
1090 1452 1369 1525 uirginibus
1409 1467 1522 1506 cum
1548 1450 1664 1504 aliis
1693 1447 1970 1503 secundum
1993 1444 2112 1517 quid

533 1550 779 1606 similibus
794 1557 1138 1616 comparatur,
1162 1543 1342 1599 deinde
1363 1543 1681 1607 explanatur.
1694 1539 1842 1594 Nihil
1856 1540 1965 1594 sine
1986 1537 2117 1592 elee-

532 1659 746 1715 mosyna
768 1642 984 1711 prodest.
1012 1640 1152 1694 Mors
1176 1653 1402 1692 somnus.
1426 1634 1625 1689 Futura
1642 1631 1958 1688 resurrectio.
1984 1629 2120 1685 Nul-

536 1737 614 1791 lus
639 1737 692 1791 in
714 1736 797 1790 die
825 1735 1004 1801 iudicii
1038 1743 1301 1802 patronus.
1332 1760 1404 1770 —
1428 1729 1522 1785 Hm
1549 1727 1816 1799 parabolae
1862 1725 2023 1797 priori
2050 1723 2119 1779 de

538 1828 682 1883 ﬁdeli
708 1842 865 1882 servo
894 1834 947 1880 et
974 1824 1042 1879 de
1070 1822 1313 1893 improbo
1335 1863 1350 1889 ,
1380 1822 1469 1891 qui
1500 1820 1640 1875 bona
1665 1818 1867 1873 domini
1894 1816 2121 1872 devora-

541 1924 637 1984 vit,
671 1921 872 1976 similes
893 1927 1037 1974 sunt.
1068 1918 1305 1986 Quatuor
1329 1916 1472 1970 enim
1499 1920 1624 1969 sunt
1648 1912 1714 1967 ad
1737 1927 1848 1967 rem
1875 1909 2117 1968 eamdem

545 2013 671 2068 licet
698 2012 914 2067 diverso
952 2008 1112 2065 modo
1160 2007 1471 2073 hortantes;
1526 2004 1646 2061 dico
1674 2012 1852 2059 autem
1903 2002 2018 2057 illas
2055 2000 2124 2058 de

543 2106 881 2176 eleemosyna
927 2100 1191 2173 eroganda
1214 2140 1234 2167 ,
1263 2115 1327 2155 ac
1367 2099 1435 2155 de
1463 2097 1709 2169 proximo
1734 2109 1831 2167 pro
1874 2095 2123 2150 facultate

544 2209 726 2253 nostra
742 2193 978 2265 juvando
1001 2234 1016 2257 ,
1042 2193 1326 2264 quasi~non
1371 2192 1634 2261 possimus
1661 2189 1765 2244 alio
1791 2187 1951 2243 modo
1983 2186 2126 2242 salu-

547 2299 652 2342 tem
680 2285 955 2356 consequi.
984 2284 1090 2340 Sed
1133 2284 1184 2338 in
1213 2284 1317 2338 illis
1336 2282 1550 2353 quidem
1579 2281 1900 2353 generaliter
1928 2280 1995 2335 de
2020 2278 2125 2333 uti-

548 2380 688 2433 litate
722 2376 931 2442 quavis,
960 2390 1121 2445 quam
1143 2387 1428 2445 possumus
1470 2373 1725 2443 proximo
1754 2380 2007 2441 praestare
2031 2387 2045 2435 ;
2073 2370 2125 2423 in

548 2468 799 2541 parabota
846 2482 976 2523 vero
1019 2467 1088 2524 de
1131 2466 1423 2537 virginibus
1450 2465 1518 2520 de
1543 2464 1891 2535 eleemosyna
1921 2463 2033 2517 sive
2062 2462 2129 2517 de

550 2560 789 2636 pecunize
831 2559 1111 2630 largitione
1157 2560 1350 2628 agitur,
1395 2565 1450 2612 et
1492 2555 1706 2626 quidem
1760 2552 2130 2610 vehementius

547 2665 711 2717 quam
725 2650 783 2706 in
803 2652 1078 2721 superiore
1107 2650 1377 2720 parabole.
1409 2648 1519 2703 Illic
1540 2649 1683 2703 enim
1713 2646 2123 2718 percutien‘tem,

545 2741 845 2808 ebriosum,
863 2741 1173 2810 dominique
1195 2742 1331 2794 bona
1353 2738 1704 2808 dissipantem
1719 2747 1774 2793 et
1797 2736 2127 2807 perdentem,

547 2836 811 2905 supplicio
843 2831 1046 2898 allicit;
1087 2831 1175 2886 hic
1216 2846 1343 2886 vero
1361 2831 1528 2886 etiam
1568 2845 1689 2885 eum
1715 2830 1805 2900 qui
1833 2827 2130 2898 proximum

557 2947 663 2983 non
689 2929 860 2998 juvat,
892 2941 1064 2995 neque
1086 2923 1300 2993 largiter
1318 2923 1503 2993 egenis
1522 2936 1614 2975 sua
1644 2921 1932 2975 distribuit.
1962 2919 2130 2987 Virgi-

557 3038 652 3077 nes
668 3023 842 3076 oleum
866 3017 1078 3089 quidem
1094 3017 1391 3082 habebant,
1420 3016 1513 3071 sed
1537 3030 1640 3070 non
1665 3013 1960 3084 copiosum,
1988 3012 2138 3067 ideo-

558 3127 663 3182 que
689 3111 997 3181 puniuutur.
1045 3108 1155 3163 Cur
1191 3122 1318 3177 ergo
1342 3107 1441 3161 sub
1469 3120 1693 3176 persona
1718 3107 1980 3177 virginum
2003 3104 2138 3163 hanc

561 3202 764 3273 profert
820 3200 1167 3270 parabolam,
1214 3213 1313 3254 nec
1357 3199 1797 3268 qualemcumque
1859 3211 2137 3265 personam

560 3291 846 3348 adhibuit?
872 3291 1053 3360 Magna
1083 3290 1152 3345 de
1177 3290 1477 3361 virginitate
1515 3288 1725 3343 dixerat
1762 3304 1779 3342 :
1814 3286 1948 3342 Sunt
1981 3303 2141 3340 eunu-

562 3384 664 3446 chi,
696 3382 786 3453 qui
824 3385 1013 3452 seipsos
1067 3390 1408 3435 castraverunt
1440 3389 1645 3449 propter
1670 3395 1877 3450 regnum
1903 3376 2141 3433 calorum

520 3484 521 3487 ‘
565 3475 780 3549 (Matth.
811 3473 899 3529 19.
932 3470 1024 3544 11)
1046 3512 1063 3539 ,
1089 3482 1159 3535 et,
1218 3472 1317 3538 Qui
1346 3481 1505 3540 potest
1525 3488 1705 3539 capere
1726 3513 1742 3537 ,
1771 3471 1960 3540 capiat.
1992 3471 2142 3525 Alio-

563 3568 690 3637 quin
714 3580 839 3619 vero
885 3564 1087 3619 sciebat
1136 3564 1416 3632 plerosque
1456 3577 1698 3631 magnam
1727 3561 1795 3616 de
1823 3561 1909 3616 illa
1932 3562 2141 3630 opinio-

567 3677 693 3717 nem
724 3659 940 3713 habere.
962 3656 1102 3712 Nam
1119 3671 1217 3712 res
1248 3665 1330 3711 est
1370 3667 1558 3710 natura
1585 3670 1679 3711 sua
1706 3655 1869 3710 ardua
1890 3697 1905 3723 ,
1937 3668 1995 3710 ut
2022 3656 2146 3712 inde

569 3755 739 3825 palam
771 3763 873 3818 est,
898 3750 1039 3822 quod
1063 3752 1119 3806 in
1148 3750 1319 3806 veteri
1348 3750 1464 3819 lege
1488 3763 1567 3804 -ne
1595 3749 1764 3804 sancti
1792 3749 2007 3821 quidem
2030 3765 2142 3804 ma-

569 3850 765 3918 gnique
792 3847 888 3901 viri
934 3846 1076 3900 illam
1107 3842 1439 3900 exercuerim
1462 3884 1478 3909 ,
1508 3850 1564 3898 et
1590 3843 1640 3896 in
1680 3859 1817 3898 nova
1845 3843 2145 3914 nullalegis

571 3942 894 3997 necessitate
914 3938 1185 4009 iubeatur.
1215 3936 1399 4005 Neque
1440 3936 1580 3991 enim
1609 3935 1713 3993 hoc
1738 3939 2019 4008 prmcepit;
2053 3938 2145 3991 sed

571 4032 900 4089 audientium
941 4030 1162 4085 arbitrio
1201 4028 1328 4083 illud
1370 4029 1601 4098 reliquit.
1647 4029 1770 4085 Ideo
1790 4030 1865 4084 ait
1899 4029 2091 4084 Paulus
2133 4048 2146 4084 :

573 4127 654 4182 De
699 4123 972 4195 virginibus
1014 4131 1194 4175 autem
1242 4129 1547 4189 praeceptum
1587 4119 1792 4174 Domini
1846 4137 1947 4175 non
1994 4120 2150 4175 habeo

572 4222 659 4296 (l.
690 4219 810 4274 Cor.
835 4218 888 4271 7.
921 4216 993 4271 25
1014 4214 1058 4287 ).
1090 4214 1273 4269 Laudo
1301 4212 1673 4284 quidemillud
1701 4223 2024 4277 servantem,
2056 4213 2151 4269 sed

575 4313 843 4368 nolentem
874 4323 980 4363 non
1008 4321 1165 4376 cogo,
1189 4321 1361 4374 neque
1391 4314 1717 4377 prmceptum
1747 4305 1799 4361 id
1832 4306 1989 4362 facio.
2018 4307 2150 4375 Quia

576 4406 735 4474 igitur
763 4415 950 4471 magna
981 4412 1068 4454 res
1096 4406 1230 4459 erat,
1260 4405 1314 4451 ct
1340 4397 1393 4451 i-n
1419 4413 1607 4468 magna
1646 4398 1786 4468 apud
1826 4398 2021 4453 multos
2041 4408 2155 4453 erat

574 4496 1007 4556 existimatione;
1049 4507 1119 4547 ne
1155 4492 1274 4561 quis
1312 4490 1465 4545 illam
1505 4506 1755 4558 servans,
1786 4492 1936 4562 quasi
1979 4494 2153 4548 omnia

581 4595 887 4649 servasset,
914 4585 1055 4639 circa
1101 4592 1293 4637 caetera
1340 4582 1609 4653 negligens
1638 4593 1799 4647 esset,
1832 4585 1966 4638 hanc
2008 4584 2159 4655 ponit

580 4678 908 4750 parabolam,
936 4691 1056 4747 qua:
1083 4674 1307 4731 suadere
1330 4675 1534 4746 possit,
1558 4675 1913 4746 virginitatem
1942 4677 2153 4746 aliaque

579 4772 717 4825 bona
739 4768 939 4832 omnia,
969 4767 1326 4839 eleemosynaa
1344 4765 1607 4821 fructibus
1628 4781 1817 4831 vacua,
1840 4783 1959 4822 cum
1991 4766 2157 4821 forni-

586 4860 857 4916 catoribus
881 4858 999 4927 ejici
1051 4866 1149 4913 :et
1187 4857 1535 4912 inhumanum
1576 4857 2157 4929 immisericordemque

581 4968 705 5006 cum
724 4951 828 5006 illis
853 4948 1100 5006 collocari
1129 4966 1143 5005 :
1167 4947 1325 5019 idque
1340 4947 1462 5017 jure
1492 4949 1682 5004 merito
1704 4950 1720 4981 ³
1744 4966 1757 5003 :
1786 4948 1873 5005 ille
1888 4949 2029 5005 enim
2042 4965 2165 5005 cor-

576 5050 772 5106 porum
827 5050 1015 5091 amere
1060 5034 1238 5090 victus
1281 5045 1417 5098 est,
1472 5032 1635 5088 fatua:
1690 5041 1871 5088 autem
1924 5035 2168 5106 virgines

576 5142 767 5183 amore
833 5126 1213 5196 pecuniarum.
1284 5122 1404 5178 Non
1461 5132 1547 5179 est
1616 5134 1800 5179 autem
1860 5138 2167 5196 corporum

575 5229 633 5276 ct
682 5210 1041 5290 pecuniarum
1091 5232 1189 5288 par
1246 5216 1566 5288 cupiditas;
1612 5219 1708 5274 sed
1761 5218 1943 5273 acrior
1994 5222 2168 5273 multo

573 5328 643 5368 ac
693 5310 983 5368 violentior
1034 5325 1353 5381 corporum.
1412 5310 1632 5377 Quanto
1680 5320 1863 5367 autem
1911 5313 2165 5367 imbecil-

574 5404 682 5458 lior
708 5411 794 5459 est
824 5403 1103 5468 inimicus,
1136 5410 1290 5459 tanto
1319 5403 1502 5459 minus
1538 5403 1649 5459 illa:
1680 5418 1803 5474 quae
1822 5404 1985 5460 victa:
2013 5416 2163 5470 sunt,

576 5499 793 5553 veniam
829 5506 1143 5564 merentur;
1176 5498 1408 5569 ideoque
1437 5496 1618 5554 fatuas
1645 5498 1768 5555 illas
1804 5507 2001 5564 vocat,
2032 5501 2163 5569 quia

576 5589 771 5660 majori
801 5601 1060 5661 superato
1081 5590 1287 5657 labore,
1316 5605 1411 5660 per
1431 5592 1694 5647 minorem
1720 5600 1891 5648 totum
1920 5593 2167 5663 perdide-

640 5698 732 5770 {In
758 5697 932 5770 Morel.
958 5698 1246 5770 legitur...”
1271 5712 1386 5770 cum
1407 5696 1784 5770 fornicatoribus
1801 5698 1977 5770 ejiciet
2000 5696 2163 5750 immi-

574 5760 923 5832 sericordibus,
948 5760 1222 5832 idquejurc
1245 5760 1445 5832 merito,_
1456 5764 1664 5832 omissis.
1674 5760 2005 5832 interpositis.

608 5881 617 5889 _
639 5826 706 5892 (ᾳ)
734 5823 791 5892 ln_
810 5826 999 5892 aliquot
1016 5821 1281 5892 Codicibus
1304 5825 1409 5872 haec
1432 5821 1686 5892 Evangelii
1708 5821 2003 5892 lectio/ante
2028 5822 2164 5892 prin-

575 5883 761 5994 iziipiplm
781 5883 997 5935 homilim
1019 5886 1179 5949 posita
1205 5889 1350 5950 longe
1380 5883 1588 5948 ampuor
1612 5886 1837 5937 etlertur.
1854 5888 1949 5939 Cl‘r.
1977 5883 2157 5938 Aduot.

596 5964 603 5978 ι
638 5962 665 5994 e
726 5982 737 5993 .

596 5964 603 5978 ‘
618 5962 737 5994 leid.

2212 827 2432 892 donum,
2455 824 2751 879 sanctitatis
2779 824 3064 894 puritatem
3092 838 3107 874 :
3136 822 3309 875 oleum
3336 835 3462 875 vero
3492 820 3790 891 benignita-

2216 927 2362 982 tem,
2420 918 2852 987 eleemosynam,
2918 914 3176 969 auxilium
3234 914 3417 982 egenis
3473 915 3789 983 praestitum.

2214 1009 2269 1064 5.
2300 1008 2501 1062 Moram
2537 1021 2700 1062 autem
2723 1007 2937 1078 faciente
2960 1022 3145 1077 sponso
3168 1046 3183 1074 ,
3206 1006 3597 1061 dormitaverunt
3620 1022 3796 1059 omnes

2217 1109 2264 1155 et
2320 1099 2653 1152 dormierunt.
2704 1095 2803 1152 Hic
2845 1095 3081 1152 ostendit
3119 1110 3223 1151 non
3269 1111 3486 1166 parvum
3539 1097 3797 1165 temporis

2216 1193 2444 1263 Spatium
2493 1191 2827 1261 interjectum
2854 1232 2871 1258 ,
2902 1189 3191 1259 discipulos
3231 1189 3500 1244 abduceus
3533 1206 3597 1243 ne
3626 1204 3794 1259 expe-

2216 1296 2360 1342 ctent
2377 1300 2594 1356 regnum
2616 1283 2730 1355 ejus
2753 1284 2930 1339 statim
2946 1291 3224 1338 venturum
3240 1297 3378 1337 esse.
3405 1281 3535 1335 Nam
3558 1280 3655 1335 hoc
3669 1294 3799 1349 5pc-

2219 1378 2438 1444 rabant,
2474 1375 2696 1447 ideoque
2720 1375 3026 1446 frequenter
3052 1373 3173 1429 illos
3201 1372 3269 1427 ab
3292 1372 3390 1427 hac
3415 1387 3511 1442 spe
3536 1381 3797 1427 removet.

2218 1467 2299 1523 Ad
2323 1468 2437 1523 hare
2455 1467 2585 1521 illud
2600 1482 2811 1538 quoque
2822 1463 3139 1531 subindicat,
3156 1474 3380 1518 mortem
3395 1478 3514 1518 esse
3530 1476 3796 1517 somnum.

2222 1561 2567 1629 Dormierunt,
2593 1561 2779 1632 inquit.
2802 1560 2856 1615 6.
2886 1557 3061 1614 Media
3079 1567 3246 1612 autem
3260 1566 3401 1610 nocte
3428 1556 3616 1610 clamor
3634 1560 3804 1627 factus

2208 1648 2316 1710 est.
2340 1654 2434 1709 Vel
2458 1655 2508 1708 in
2541 1653 2792 1724 parabola
2825 1651 3057 1717 insistit;
3081 1649 3165 1705 vel
3191 1648 3353 1704 docet
3382 1656 3541 1703 nocte
3569 1646 3803 1701 futuram

2223 1748 2669 1803 resurrectionem
2693 1760 2831 1801 esse.
2863 1743 3160 1800 Clamorem
3191 1741 3349 1796 etiam
3375 1738 3570 1795 Paulus
3600 1754 3809 1794 memo-

2226 1849 2328 1906 rat,
2360 1840 2545 1894 dicens
2579 1857 2594 1894 :
2624 1836 2690 1891 In
2725 1840 2900 1909 jussu,
2926 1837 2981 1891 in
3029 1852 3147 1891 voce
3186 1831 3476 1904 archangeli
3498 1874 3515 1901 ,
3542 1834 3593 1886 in
3627 1832 3810 1886 ultima

2227 1934 2344 1987 tuba
2384 1932 2644 1986 descendet
2687 1930 2749 1984 de
2779 1933 2903 1985 c0310
2933 1928 3025 2002 (1.
3062 1927 3239 1982 Thess.
3268 1926 3324 1981 4.
3370 1924 3498 1992 16).
3545 1924 3681 1993 Quid
3706 1925 3809 1980 sibi

2227 2027 2413 2082 volunt
2438 2025 2596 2093 tubas,
2620 2024 2744 2095 quid
2772 2023 3012 2078 clamor?
3044 2021 3275 2092 Sponsus
3301 2019 3449 2073 venit.
3483 2017 3534 2072 7.
3566 2015 3693 2072 Cum
3718 2034 3811 2072 or-

2216 2118 2430 2173 nossent
2455 2132 2572 2188 ergo
2601 2116 2880 2186 lampades,
2918 2114 2972 2169 8.
3000 2113 3157 2182 fatua:
3179 2109 3488 2182 sapientibus
3531 2109 3762 2164 dixerunt
3789 2123 3813 2162 :

2227 2211 2359 2266 Date
2386 2210 2528 2265 nobis
2548 2210 2609 2263 de
2632 2209 2740 2262 oleo
2768 2216 2950 2262 vestro.
2994 2205 3226 2261 Rursum
3268 2204 3385 2259 illas
3413 2202 3586 2258 fatuas
3610 2214 3763 2257 vocat
3794 2243 3813 2265 ,

2232 2302 2521 2359 ostendens
2551 2300 2682 2355 nihil
2719 2298 2931 2355 stultius
2951 2313 3072 2353 esse
3096 2298 3160 2352 iis
3185 2297 3272 2368 qui
3300 2296 3387 2350 hic
3428 2295 3676 2365 pecunias
3696 2294 3815 2348 col-

2233 2394 2402 2464 ligunt
2425 2434 2440 2458 ,
2474 2400 2529 2446 et
2568 2389 2695 2445 nudi
2727 2390 2852 2443 illuc
2883 2387 3118 2454 abeunt,
3166 2387 3253 2442 ubi
3285 2387 3436 2441 nobis
3489 2385 3817 2454 benignitate

2240 2484 2415 2556 magis
2449 2498 2587 2554 opus
2626 2492 2746 2549 est,
2789 2483 3069 2552 multoque
3108 2480 3229 2534 oleo
3259 2480 3301 2537 ¹.
3340 2479 3458 2533 Non
3514 2478 3635 2532 ideo
3678 2487 3806 2533 tan-

2234 2584 2355 2633 tum
2385 2575 2587 2640 stultae,
2608 2575 2702 2630 sed
2730 2574 2876 2644 quod
2907 2569 3245 2642 expectarint
3276 2584 3335 2623 se
3366 2570 3477 2623 illic
3499 2569 3677 2623 oleum
3705 2582 3805 2620 av-

2237 2679 2479 2738 cepturas
2501 2681 2619 2721 esse
2639 2674 2692 2719 et
2711 2664 2851 2734 quod
2875 2662 3241 2731 intempestive
3265 2661 3600 2732 quaesierint:
3634 2674 3790 2730 quam
3805 2689 3823 2700 -

2237 2776 2391 2831 quam
2425 2758 2554 2813 nihil
2598 2758 2878 2811 humanius
2918 2756 3022 2810 illis
3072 2754 3385 2825 virginibus,
3441 2769 3559 2823 qua:
3612 2751 3711 2807 hac
3763 2752 3821 2806 iu

2241 2862 2387 2922 parte
2419 2852 2646 2905 maxime
2674 2849 2975 2919 conspicere
3006 2846 3240 2902 fuerunt.
3264 2845 3447 2915 Neque
3470 2853 3637 2899 totum
3666 2856 3824 2915 pete-

2241 2945 2368 2999 bant
2411 2962 2423 2995 :
2479 2941 2608 2995 Date
2650 2942 2790 2995 nobis
2824 2939 2888 2994 de
2935 2939 3044 2993 oleo
3095 2948 3293 3003 uestro;
3348 2938 3828 3007 necessitatemque

2240 3033 2611 3095 ostendebant.
2625 3031 2863 3087 dicentes
2885 3048 2899 3086 :
2922 3029 3209 3101 Lampades
3229 3040 3413 3085 nostra
3438 3030 3821 3100 extinguuntur.

2241 3125 2346 3181 Sed
2373 3125 2416 3179 si
2437 3123 2597 3180 etiam
2624 3123 2893 3193 repulsam
2922 3121 3189 3177 tulerunt:
3219 3135 3282 3176 ac
3312 3135 3484 3190 neque
3504 3119 3824 3178 humanitas

2238 3230 2426 3272 earum
2455 3229 2484 3269 a
2510 3214 2705 3285 quibus
2743 3213 3014 3283 petebant,
3044 3226 3217 3282 neque
3266 3210 3538 3281 petitionis
3574 3209 3828 3266 facilitas.

2248 3325 2420 3381 neque
2450 3309 2763 3374 necessitas,
2794 3306 3065 3378 quidpiam
3096 3305 3467 3375 impetrarunt.
3491 3302 3682 3359 Verum
3700 3300 3832 3372 quid

2248 3402 2368 3457 inde
2395 3398 2693 3455 discimus?
2716 3397 2995 3453 Neminem
3024 3396 3131 3450 illic
3158 3395 3330 3457 nobis,
3356 3409 3488 3464 quos
3517 3408 3677 3463 Opera
3702 3408 3833 3463 pro-

2249 3496 2521 3561 diderunt,
2546 3493 2745 3549 auxilio
2770 3493 3038 3557 futurum;
3063 3506 3171 3546 non
3203 3490 3328 3561 quid
3351 3490 3539 3557 nolint,
3566 3489 3658 3545 sed
3687 3489 3834 3560 quid

2250 3605 2356 3644 non
2379 3587 2599 3658 possint.
2646 3585 2779 3642 Nam
2807 3594 2860 3641 et
2903 3585 3005 3639 illa:
3048 3583 3117 3638 ad
3149 3583 3473 3653 impossibile
3502 3582 3833 3653 confugiunt.

2252 3683 2361 3738 Iloc
2375 3690 2429 3735 et
2448 3681 2632 3736 beatus
2650 3678 2914 3734 Abraham
2935 3676 3165 3732 ostendit
3180 3675 3363 3730 dicens
3384 3693 3397 3728 :
3422 3674 3664 3745 Magnum
3681 3676 3837 3728 chaos

2250 3778 2382 3831 inter
2405 3792 2491 3829 vos
2519 3784 2565 3830 et
2611 3790 2703 3829 nos
2729 3782 2805 3828 est
2824 3814 2840 3839 ,
2871 3780 2927 3826 ut
2953 3787 3014 3825 ne
3039 3772 3260 3824 volentes
3306 3770 3507 3841 quidem
3534 3769 3839 3841 pertransire

2255 3872 2446 3942 possint
2473 3869 2622 3940 (Luc.
2656 3867 2745 3923 16.
2789 3868 2905 3940 26).
2942 3867 2995 3924 9.
3033 3866 3113 3922 Ite
3135 3879 3302 3922 autem
3347 3868 3414 3919 ad
3449 3870 3708 3922 uendentes
3733 3908 3747 3928 ,
3790 3877 3839 3920 ct

2255 3965 2417 4019 emite.
2459 3963 2558 4031 Qui
2610 3961 2941 4017 vendentes?
2990 3961 3278 4030 Pauperes.
3338 3960 3561 4015 Ubinam
3597 3960 3839 4015 illiillic

2256 4066 2406 4112 erant
2435 4074 2449 4109 :
2483 4056 2568 4110 hic
2593 4070 2832 4126 quaerere
2857 4055 3155 4125 oportebat,
3186 4068 3357 4123 neque
3384 4054 3436 4108 in
3470 4064 3705 4124 tempore
3722 4053 3837 4108 illo.

2326 4148 2382 4202 Ξ.
2414 4148 2600 4204 Videu’
2627 4148 2895 4219 quomodo
2924 4147 3012 4202 fiat
3041 4146 3194 4201 nobis
3220 4161 3286 4201 ex
3317 4147 3636 4217 pauperibus
3674 4163 3841 4218 nego-

2253 4244 2446 4298 tiatio?
2469 4243 2523 4298 Si
2555 4243 2651 4298 hos
2677 4242 2958 4298 sustuleris
2977 4284 2990 4307 ,
3025 4258 3270 4315 magnam
3307 4242 3492 4297 salutis
3514 4257 3661 4313 spem
3682 4242 3841 4297 nobis

2261 4335 2557 4390 sustuleris.
2606 4333 2729 4390 Ideo
2774 4333 2863 4390 hic
2910 4344 3121 4404 oportet
3144 4335 3318 4390 oleum
3344 4335 3611 4405 colligere,
3652 4346 3706 4387 ut
3736 4334 3844 4387 illic

2262 4426 2414 4480 nobis
2430 4426 2564 4481 utile
2592 4426 2681 4492 sit,
2713 4441 2833 4481 cum
2868 4434 3077 4496 tempus
3102 4440 3199 4480 nos
3229 4426 3522 4480 vocaverit.
3553 4425 3667 4479 Non
3690 4426 3837 4479 enim

2263 4527 2474 4588 tempus
2500 4518 2781 4589 colligendi
2809 4518 2936 4572 illud
2966 4528 3085 4574 est:
3119 4518 3211 4573 sed
3231 4517 3332 4572 hoc
3356 4529 3583 4588 tempus.
3614 4518 3690 4573 Ne
3710 4534 3845 4588 ergo

2262 4625 2389 4678 epes
2416 4619 2533 4664 tuas
2564 4608 2755 4664 frustm
2780 4609 3057 4680 impendas
3082 4609 3133 4664 in
3161 4608 3402 4677 delicias,
3430 4609 3483 4665 in
3511 4624 3698 4663 vanam
3726 4608 3845 4679 glo-

2263 4703 2418 4756 riam.
2452 4701 2614 4756 Multo
2642 4701 2837 4771 quippe
2865 4702 2986 4757 oleo
3014 4701 3107 4756 tibi
3148 4702 3257 4757 illic
3281 4716 3416 4772 epus
3453 4712 3562 4758 est.
3597 4701 3725 4757 Haec
3751 4717 3848 4756 au-

2264 4794 2469 4848 dientes
2492 4793 2594 4848 illte
2622 4793 2905 4857 abierunt,
2941 4792 3034 4848 sed
3061 4793 3191 4847 nihil
3222 4792 3465 4848 utilitatis
3495 4802 3843 4861 acceperunt.

2267 4884 2379 4940 Hoc
2428 4899 2590 4956 porro
2637 4885 2711 4939 ait
2760 4893 2852 4939 aut
2895 4885 2946 4939 in
2986 4886 3236 4955 parabo'la
3268 4886 3539 4954 insistens,
3596 4886 3845 4956 illamque

2266 4984 2483 5041 texens;
2528 4982 2619 5031 aut
2646 4984 2704 5030 ut
2728 4976 2993 5041 ostendat,
3039 4976 3245 5031 etiamsi
3270 4976 3492 5032 humani
3532 4978 3699 5033 simus
3724 4986 3850 5047 post

2267 5070 2543 5126 decessum
2569 5079 2840 5136 nostrum,
2868 5085 2967 5125 nos
2995 5070 3271 5126 nihilinde
3296 5070 3512 5127 subsidii
3538 5082 3845 5141 accepturos

2268 5162 2333 5218 ad
2364 5162 2681 5234 supplicium
2711 5161 3092 5233 ellugiendum.
3128 5162 3308 5231 Itaque
3350 5162 3479 5216 nihil
3507 5161 3610 5218 illis
3633 5161 3844 5232 prolicit

2256 5253 2497 5308 studium
2523 5268 2537 5318 ;
2561 5254 2679 5324 quia
2700 5267 2804 5307 non
2821 5253 2913 5309 hic
2934 5253 3141 5308 iverunt
3164 5253 3231 5308 ad
3252 5252 3564 5319 vendentes,
3590 5254 3683 5309 sed
3704 5253 3842 5319 illic;

2269 5360 2441 5415 neque
2466 5344 2615 5398 diviti
2660 5343 2884 5416 profuit,
2914 5344 3126 5416 quando
3155 5345 3225 5399 ita
3255 5340 3516 5401 humanus
3555 5346 3755 5408 evasit.
3788 5356 3845 5402 ut

2268 5437 2429 5492 etiam
2454 5434 2521 5490 de
2546 5434 2793 5491 afﬁnibus
2819 5437 2931 5491 suis
2957 5436 3213 5491 sollicitus
3242 5447 3407 5494 esset.
3430 5436 3563 5493 Nam
3595 5438 3644 5494 is
3666 5439 3754 5509 qui
3777 5437 3843 5493 ad

2270 5526 2465 5580 ostium
2482 5525 2749 5596 jacentem
2780 5527 3101 5596 praeteribat,
3132 5542 3226 5582 eos
3245 5568 3261 5595 ,
3289 5542 3425 5599 quos
3454 5543 3735 5599 numquam
3764 5529 3845 5583 vi-

2270 5618 2443 5684 derat,
2474 5633 2540 5674 ex
2583 5619 2834 5689 periculis
2863 5629 2917 5675 et
2940 5635 3005 5675 ex
3037 5619 3275 5690 gehenna
3302 5621 3509 5693 eripere
3531 5620 3763 5686 festinat,
3797 5631 3845 5676 et

2271 5719 2426 5782 rogat
2452 5709 2589 5766 mitti
2613 5711 2891 5783 quosdam,
2913 5712 3002 5784 qui
3032 5712 3083 5767 id
3111 5713 3211 5768 illis
3234 5715 3548 5770 annuntient
3577 5713 3730 5786 (Luc.
3765 5714 3846 5769 16.

2338 5938 2354 5968 ι
2387 5935 2523 5986 Unus
2554 5934 2710 5985 habet
2732 5933 2975 5995 multaque
3000 5930 3356 5983 misericordia.
