4130 6374
442 341 547 397 713

438 458 558 521 ἳὸ).
602 456 848 508 Attamen
893 446 1024 503 nihil
1071 445 1160 501 ille
1188 446 1311 499 hine
1353 443 1487 497 lucri
1515 439 1739 505 retulit;
1768 446 1827 494 ut
1850 452 2024 506 neque

441 547 694 619 virgines.
713 544 999 611 Postquam
1019 539 1161 594 enim
1186 537 1270 592 bis
1295 535 1490 591 auditis
1514 535 1782 595 abierunt,
1804 530 1893 587 10.
1928 528 2025 584 Ve-

440 643 515 694 nit
542 654 755 710 sponsus
779 650 799 700 ;
826 644 871 689 et
894 648 1006 704 qua:
1031 640 1224 702 paratte
1264 636 1425 694 erant,
1454 628 1764 681 intrauerant
1791 640 1908 678 cum
1933 639 2025 689 eo;

442 738 523 792 h:u
547 752 673 791 vero
692 733 922 790 exclusa:
947 739 1092 785 sunt.
1115 729 1244 783 Post
1269 727 1468 783 multos
1495 726 1727 789 labores,
1758 731 1877 794 post
1898 723 2024 778 inli-

441 831 582 885 nitos
621 826 864 891 sudores,
920 832 1040 894 post
1084 830 1359 877 certamen
1413 817 1543 874 illud
1585 815 1936 881 intolerabile,
1971 822 2026 870 et

440 934 635 993 trOpzen
662 934 782 993 qua
801 928 988 975 eontra
1017 917 1278 973 furentem
1314 926 1557 971 naturam
1584 922 1891 979 erexerant,
1922 927 2021 982 pu-

439 1016 570 1069 dore
594 1013 809 1068 suffusm
829 1026 947 1066 cum
969 1008 1216 1065 extinctis
1239 1005 1571 1075 lampadibus
1589 1003 1823 1059 demisso
1848 1003 2025 1072 Capite

441 1107 781 1163 recedebant.
808 1103 949 1160 Nihil
968 1102 1110 1158 enim
1133 1099 1414 1156 obscurius
1431 1106 1696 1168 estquam
1720 1095 2021 1167 virginitas,

439 1201 780 1268 eleemosyna
807 1209 1000 1251 carens
1025 1194 1043 1227 ⁸
1068 1209 1084 1248 :
1112 1192 1191 1247 sic
1204 1191 1355 1247 multi
1381 1189 1555 1245 solent
1573 1186 2024 1243 immisericordes

438 1305 636 1345 vocare
679 1287 1027 1343 tenebrosos..
1059 1283 1161 1341 Ubi
1216 1296 1345 1351 ergo
1388 1277 1707 1349 virginitatis
1732 1276 1945 1333 utilitas
1975 1278 2022 1344 ³,

438 1381 654 1450 quando
681 1393 780 1433 nec
809 1390 1064 1448 Sponsum
1083 1372 1297 1443 quidem
1321 1370 1588 1434 viderunt,
1620 1382 1722 1423 nec
1749 1367 2024 1438 pulsantes

440 1472 635 1544 aliquid
667 1471 1036 1539 impetrarunt,
1066 1464 1159 1521 sed
1184 1464 1324 1519 illam
1355 1460 1642 1517 terribilem
1673 1458 1892 1513 audiere
1923 1472 2020 1511 vo-

440 1581 579 1631 cem,
617 1564 699 1618 l2.
724 1560 887 1623 Abite,
911 1558 1076 1612 nescio
1104 1572 1191 1609 vos
1209 1552 1397 1609 ?'Cum
1421 1560 1601 1605 autem
1633 1548 1722 1604 ille
1744 1550 1844 1603 hoc
1872 1548 2021 1603 dise-

441 1656 527 1719 rit,
564 1653 693 1709 nihil
722 1649 865 1705 aliud
891 1663 1059 1720 quam
1074 1646 1317 1717 gehenna
1344 1640 1665 1713 relinquitur
1682 1649 1737 1695 et
1766 1639 2022 1694 intolera-

441 1748 549 1803 hile
570 1743 921 1816 supplicium;
950 1742 1057 1795 imo
1081 1737 1242 1795 etiam
1267 1734 1372 1790 hoc
1408 1733 1611 1789 dictum
1638 1731 1879 1803 gehenna
1910 1731 2037 1801 ipsa:

441 1840 657 1913 gravius
681 1847 781 1892 est.
806 1835 918 1890 Hoc
945 1832 1106 1889 etiam
1133 1830 1268 1885 dixit
1289 1826 1631 1898 operantibus
1655 1825 2018 1894 iniquitatem:

444 1933 531 1987 15.
573 1927 784 1999 Vigilate
808 1927 977 1996 itaque
1002 1962 1019 1988 ,
1070 1922 1190 1992 quia
1229 1919 1429 1973 nescitis
1464 1916 1598 1971 diem
1638 1930 1796 1985 neque
1822 1913 2021 1967 horam.

444 2023 630 2077 Viiiten'
674 2033 829 2090 quam
860 2017 1165 2086 frequenter
1194 2011 1283 2067 bis
1320 2010 1498 2066 verbis
1528 2008 1705 2071 finiat,
1736 2003 2024 2061 ostendens

444 2113 791 2185 ignorantiam
820 2111 994 2164 exitus
1017 2122 1087 2161 ex.
1120 2104 1221 2159 hac
1246 2101 1581 2157 vita-utilem
1599 2113 1719 2155 esse
1742 2098 1776 2151 ?‘
1794 2095 2022 2153 Ubinam

442 2215 567 2260 sunt
596 2203 671 2258 illi
692 2217 788 2273 per
813 2208 976 2255 totam
1001 2197 1164 2251 vitam
1185 2192 1417 2256 desides,
1450 2191 1542 2262 qui
1566 2205 1690 2246 eum
1715 2189 2026 2243 incusantur

442 2312 473 2351 a
512 2296 665 2351 nobis
702 2292 925 2348 dicunt:
966 2287 1150 2343 Mortis
1174 2294 1416 2355 tempore
1455 2282 1640 2353 egenis
1690 2276 2025 2350 relinquam?

442 2389 676 2445 Audiant
701 2384 819 2440 haec
846 2383 1027 2447 verba,
1056 2389 1110 2436 et
1129 2378 1497 2435 emendentur.
1532 2374 1665 2431 Nam
1694 2374 1750 2429 in
1778 2373 1871 2431 illo
1891 2380 2028 2426 tem-

443 2497 574 2554 pore
600 2479 747 2534 multi
769 2477 820 2533 id
837 2492 942 2532 non
968 2482 1272 2546 potuerunt,
1296 2468 1856 2537 subito.abrepti,.nec
1872 2463 2027 2536 quid-

442 2587 599 2642 quam
630 2570 742 2625 suis
773 2568 840 2623 de
887 2579 1135 2636 suprema
1183 2562 1454 2616 voluntate
1495 2558 1733 2613 indicare
1780 2565 2022 2627 potuere.

445 2664 568 2720 lucc
599 2664 775 2732 itaque
796 2657 1055 2730 parabola'
1078 2657 1219 2711 cim
1264 2655 1661 2725 elcemosynam
1692 2650 1833 2706 illam
1864 2663 2026 2720 pecu-

445 2754 666 2810 niariam
691 2752 844 2808 dicta.
877 2758 997 2807 est:
1027 2764 1145 2822 quas
1170 2756 1347 2802 autem
1378 2747 1515 2799 hanc
1543 2743 1806 2813 sequitur,
1836 2749 2025 2797 contra

445 2866 538 2906 eos
557 2848 647 2920 qui
667 2863 774 2904 non
800 2845 1058 2917 pecuniis,
1079 2858 1185 2899 non
1210 2841 1396 2902 verbo,
1425 2855 1531 2896 non
1557 2836 1895 2910 patrocinio,
1914 2847 2022 2888 non

445 2941 550 2994 alio
575 2939 825 3010 qquiam
856 2936 1129 3008 proximos
1149 2933 1339 3005 iuvare
1370 2931 1580 2996 volunt,
1609 2926 1902 2985 sedtomnia
1927 2925 2033 2981 ab»

445 3031 731 3086 seoodunt.
768 3027 887 3085 Cur
914 3033 1095 3083 autem
1126 3025 1242 3079 haec
1287 3020 1540 3093 parabola
1586 3033 1793 3090 regem,
1826 3029 2029 3086 praise-

445 3123 579 3178 dcus
642 3135 774 3177 vero
834 3132 1089 3189 sponsum
1137 3114 1388 3172 inducit!
1430 3112 1502 3170 Ut
1546 3110 1726 3167 discas
1772 3115 2028 3181 quantum

446 3211 691 3267 (Christus
716 3209 913 3266 timeat
936 3205 1230 3279 virginibus
1254 3245 1271 3271 ,
1300 3218 1421 3275 quas
1447 3216 1568 3259 sese
1593 3200 1748 3256 bonis
1775 3199 1887 3255 suis
1905 3211 2033 3269 spo-

447 3306 660 3359 liarunt.
718 3302 842 3358 Haec
880 3309 965 3357 est
1009 3298 1153 3356 enim
1192 3297 1487 3368 virginitas.
1536 3293 1871 3364 Quapropter
1894 3289 2033 3346 Pau-

448 3397 691 3454 tus-hane
723 3395 880 3466 ponit
898 3393 977 3450 rei
1008 3389 1373 3449 definitionem
1404 3406 1419 3443 :
1455 3385 1683 3457 Innupta
1714 3383 1934 3440 sollicita
1956 3390 2038 3439 est

448 3491 509 3544 de
534 3489 598 3545 iis
620 3503 736 3559 quat
762 3485 953 3541 domini
981 3492 1137 3551 sunt,
1162 3492 1217 3537 ut
1242 3481 1308 3538 sit
1338 3479 1564 3536 modesta
1583 3519 1600 3546 ,
1623 3488 1867 3549 quantum
1892 3474 2033 3530 decet

447 3579 615 3645 illam,
654 3592 769 3649 qua
818 3575 1035 3630 Domino
1061 3572 1251 3628 assidet
1276 3582 1517 3642 perpetuo
1559 3568 1636 3640 (1.
1681 3566 1800 3624 Cor.
1836 3567 1890 3622 7.
1938 3565 2031 3622 54.

451 3672 582 3740 τε).
631 3669 767 3727 Hice
785 3668 1159 3732 admouemus,
1193 3665 1386 3736 inquit.
1413 3662 1565 3732 Quod
1592 3661 1637 3717 si
1662 3660 1803 3732 apud
1832 3659 2031 3715 Lucam

450 3762 481 3833 (~
502 3761 630 3831 Cap.
661 3760 750 3818 19.
784 3760 872 3816 η.
899 3774 1049 3828 seqq-
1075 3755 1438 3830 )talentorum
1469 3752 1717 3824 parabola
1736 3752 1842 3807 alio
1870 3748 2051 3807 modo-

453 3861 714 3919 narratur,
745 3848 1201 3914 illudedicendum,
1219 3847 1432 3902 aliaset
1458 3844 1698 3899 diversas
1721 3857 1842 3899 esse
1869 3856 2040 3913 para-

453 3944 724 4001 bolas..ln-
748 3944 846 3999 illa
881 3942 1023 3999 enim
1046 3957 1123 3996 ex.
1136 3955 1239 3996 una
1279 3953 1484 3994 summa
1509 3937 1704 3992 diversi
1736 3936 1882 3991 fuere
1908 3950 2045 4006 pro--

453 4046 641 4092 ventus
673 4052 687 4089 :
716 4051 837 4090 nam
867 4050 933 4089 ex
963 4050 1067 4088 una
1098 4047 1224 4088 mna
1244 4032 1379 4087 alius
1406 4030 1659 4101 quinque,
1688 4029 1822 4083 alius
1847 4028 2045 4083 decent

454 4147 607 4187 muas
654 4130 979 4192 obtulerunt,
1030 4127 1254 4198 ideoque
1292 4140 1398 4180 non
1451 4123 1638 4180 eadem
1685 4121 1857 4177 sortiti
1910 4128 2036 4175 sunt

454 4224 591 4277 dona
626 4240 639 4276 :
669 4222 755 4277 hic
780 4236 910 4277 vero
938 4228 1128 4275 contra
1151 4260 1166 4283 ,
1192 4217 1421 4286 ideoque
1460 4230 1617 4286 pares
1645 4229 1859 4269 corona:
1888 4223 2031 4266 sunt.

452 4316 582 4371 Nam
611 4324 667 4368 ut
699 4314 744 4368 is
767 4313 857 4383 qui
888 4314 994 4367 duo
1020 4309 1246 4381 accepit,
1274 4309 1373 4363 alia
1391 4308 1498 4363 duo
1518 4306 1773 4370 reddidit,
1792 4304 2035 4359 similiter

454 4408 614 4463 etiam
643 4405 731 4476 qui
769 4404 1003 4475 quinque
1028 4401 1235 4470 accepit
1262 4416 1277 4453 :
1307 4399 1379 4454 ibi
1423 4413 1550 4453 vero
1579 4412 1645 4452 ex
1669 4396 1858 4451 eadem
1887 4403 2033 4450 sorte

453 4502 589 4555 alius
616 4497 1057 4568 majorem,.alius
1089 4495 1347 4549 minorem
1378 4500 1691 4562 proventum
1714 4488 1899 4544 habuit
1933 4506 1947 4543 :
1976 4488 2029 4541 in

455 4588 687 4661 praemiis
705 4602 913 4658 quoque
928 4590 1049 4655 jure
1074 4600 1177 4640 non
1203 4599 1295 4654 par
1315 4583 1417 4637 erit
1444 4595 1672 4637 merces.
1705 4578 1837 4635 Vide
1856 4587 2032 4632 autem

458 4683 606 4736 illum
634 4681 827 4751 ubique
856 4695 961 4735 non
1004 4678 1183 4733 statim
1209 4678 1444 4746 exigere.
1488 4674 1621 4731 Nam
1653 4675 1863 4729 vineam
1886 4671 2036 4727 dedit

456 4774 722 4847 agricolis,
768 4781 823 4828 et
861 4786 1087 4843 peregre
1117 4770 1389 4841 profectus
1411 4776 1527 4833 est;
1571 4766 1653 4822 sie
1691 4774 1745 4821 et
1778 4765 1881 4821 hoc
1916 4764 2035 4819 loco

457 4868 576 4923 haec
593 4865 883 4930 commisit,
910 4874 964 4920 et
989 4863 1351 4934 peregrinatus
1367 4871 1446 4915 est
1468 4901 1483 4923 ,
1510 4869 1568 4914 ut
1594 4859 1769 4913 discas
1789 4866 2035 4927 magnam

457 4958 576 5029 ejus
604 4956 933 5029 patientiam.
980 4953 1107 5008 Mihi
1154 4962 1330 5006 autem
1358 4950 1569 5004 videtur
1613 4948 1727 5003 haec
1756 4948 1952 5011 dicere,
1979 4957 2035 5002 ut

457 5050 903 5107 resurrectionem
930 5046 1250 5104 subindicct.
1288 5044 1478 5099 Verum
1524 5042 1610 5097 hie
1639 5056 1744 5096 non
1789 5040 2035 5111 agricolae

455 5154 514 5201 et
538 5144 709 5205 vinea,
750 5139 843 5195 sed
870 5153 1058 5194 omnes
1085 5136 1313 5207 Operarii
1345 5145 1489 5189 sunt.
1520 5133 1633 5188 Non
1662 5132 1803 5187 enim
1832 5130 2033 5202 princi-

457 5249 551 5303 pes
580 5242 803 5299 tantum,
836 5228 1200 5291 necJudaaos,
1231 5225 1535 5281 sedomnes
1560 5224 1863 5294 alloquitur.
1896 5221 2037 5275 Oile-

458 5336 639 5380 rentes
686 5335 862 5378 autem
892 5325 1120 5392 ingenue
1176 5319 1407 5373 fatentur
1445 5325 1500 5373 et
1544 5332 1662 5387 qua:
1703 5330 1797 5369 sua
1836 5324 1891 5368 et
1920 5329 2037 5381 quae

461 5415 669 5471 Domini
697 5424 839 5468 sunt.
866 5413 1118 5481 Aliusque
1138 5408 1410 5475 dieit,.20.
1442 5408 1675 5472 Domine,
1706 5405 1923 5477 quinque
1949 5413 2028 5455 ta-

462 5506 597 5561 lenta
633 5505 887 5560 tradidisti
916 5503 1081 5568 mihi;
1108 5502 1243 5557 alius
1274 5542 1290 5567 ,
1317 5502 1429 5556 Duo
1455 5517 1468 5551 :
1502 5505 1861 5554 monstrantes
1885 5510 1944 5550 se
1970 5496 2038 5550 ab

460 5597 556 5654 illo
609 5597 932 5668 operationis
978 5594 1314 5650 occasionem
1367 5591 1657 5664 accepisse,
1706 5588 2039 5659 multamque

528 5733 548 5766 ι
575 5729 680 5790 Alii,
701 5731 806 5781 oleo
825 5742 1014 5781 carens.

531 5794 893 5853 ’Ali'thabent,
917 5794 1095 5861 gloria,
1124 5805 1231 5857 pro,
1249 5791 1463 5846 utilitas-

1325 327 1395 385 IN
1429 322 1832 382 MATTIL‘EUM
1875 319 2101 382 liOillL.
2142 317 2421 375 LXXVIII.
2461 320 2533 374 al.
2575 318 2812 376 LXXIX.

3610 320 3714 376 7H

2128 435 2226 505 ipsi
2249 436 2475 506 gratiam
2499 436 2717 501 habere,
2741 446 2796 492 et
2819 444 2985 490 totum
3012 436 3111 505 ipsi
3158 446 3423 507 reputare.
3453 435 3588 502 Quid
3620 437 3725 507 igi-

2129 537 2215 581 tur
2249 528 2535 582 dominus?
2558 528 2649 583 21.
2675 527 2837 598 Euge,
2865 544 3004 582 serve
3022 528 3171 597 bone,
3201 529 3371 598 inquit
3393 528 3545 599 (illud
3577 530 3719 582 enim

2126 618 2253 674 boni
2276 618 2380 674 viri
2408 627 2509 687 est,
2553 633 2617 672 ea
2641 634 2761 688 qua:
2791 617 3023 688 proximi
3047 628 3170 673 sunt
3196 619 3464 688 respicere
3489 619 3509 690 )
3534 658 3552 686 ,
3584 629 3634 672 et
3652 618 3722 684 ﬁ-

2131 710 2258 764 delis
2287 725 2307 765 :
2335 726 2486 780 super
2515 726 2678 778 pauca
2697 710 2840 778 fuisti
2866 709 3055 778 ﬁdelis,
3085 725 3241 780 super
3262 710 3424 763 multa
3453 718 3499 763 te
3525 708 3722 763 consti-

2125 809 2299 866 tuam;
2326 802 2464 855 intra
2490 801 2542 855 in
2561 801 2807 872 gaudium
2833 800 3028 854 domini
3048 800 3139 856 tui.
3172 798 3397 857 Omnem
3436 799 3721 854 beatitudi-

2126 908 2249 948 nem
2274 908 2368 963 per
2396 893 2498 948 hoc
2522 892 2721 948 dictum
2736 892 2990 948 ostendit.
3009 895 3077 948 At
3106 908 3209 947 non
3225 893 3312 948 ille
3333 893 3430 959 sic,
3451 892 3544 947 sed
3580 908 3719 964 quo.

2125 985 2323 1040 modo?
2347 983 2439 1039 24.
2468 984 2700 1039 Sciebam
2721 986 2843 1057 quia
2868 985 3018 1039 homo
3042 996 3274 1039 austeras
3303 1001 3376 1051 es,
3422 994 3609 1038 metens
3635 984 3717 1037 ubi

2125 1093 2226 1131 non
2255 1077 2534 1140 semiuasti,
2569 1087 2615 1132 et
2647 1094 2958 1149 congregans
2985 1077 3072 1131 ubi
3114 1094 3217 1131 non
3246 1077 3478 1147 sparsisti
3502 1093 3522 1130 :
3540 1076 3632 1133 25.
3666 1088 3715 1130 et

2126 1169 2305 1223 timens
2328 1168 2567 1222 abscondi
2598 1168 2840 1222 talentum
2870 1178 3030 1222 tuum.
3066 1166 3197 1222 Ecce
3226 1168 3377 1222 habes
3403 1167 3540 1238 quod
3575 1177 3716 1221 tuum

2125 1272 2218 1319 est.
2238 1262 2374 1330 Quid
2402 1278 2532 1332 ergo
2557 1261 2849 1316 dominus?
2873 1261 2965 1317 26.
3013 1259 3170 1316 Serve
3192 1276 3429 1331 nequam,
3457 1262 3718 1331 oportebat

2124 1363 2172 1408 te
2216 1354 2466 1423 deponere
2516 1363 2779 1424 argentum
2828 1368 2996 1406 meum
3037 1352 3389 1406 nummulariis
3441 1367 3459 1405 :
3503 1351 3555 1405 id
3609 1361 3713 1414 est,

2124 1444 2371 1514 Oportuit
2397 1454 2449 1500 te
2494 1444 2788 1508 monuisse,
2824 1443 3178 1497 consuluisse.
3226 1441 3332 1498 Sed
3376 1459 3479 1496 non
3507 1442 3716 1496 obtem-

2124 1536 2352 1635 peran-t?
2379 1535 2523 1635 Nihil
2546 1536 2646 1590 hoc
2672 1534 2830 1635 ad_te.
2856 1527 3110 1635 Quidiillo
3138 1532 3507 1635 mansuetius?

2196 1628 2250 1683 3.
2283 1628 2538 1682 Homines
2565 1638 2711 1681 certe
2740 1624 2842 1681 hoc
2870 1624 3248 1691 non'faciunt,.
3269 1624 3363 1679 sed
3392 1625 3460 1679 ab
3486 1625 3603 1694 ipso
3627 1626 3716 1693 qui

2126 1719 2315 1773 faenori
2345 1717 2524 1780 dedit,
2558 1716 2806 1787 exigendi
2847 1716 3081 1771 officium
3121 1724 3396 1785 expetunt.
3436 1715 3556 1785 Ipse
3590 1730 3719 1771 vero

2125 1809 2340 1864 non-sic
2386 1825 2401 1868 :
2446 1807 2576 1873 sed,
2625 1807 2705 1863 Te
2746 1807 3029 1876 oportebat
3074 1806 3376 1876 deponere,
3422 1806 3623 1876 inquit,
3667 1818 3720 1862 et

2124 1903 2458 1957 exactionem
2495 1900 2623 1954 mihi
2668 1899 2994 1969 relinquere.
3039 1897 3109 1952 Et
3146 1914 3246 1969 ego
3281 1914 3401 1953 cum
3434 1915 3593 1953 usura
3623 1915 3721 1954 ex-

2126 1992 2389 2062 egissem;
2419 2006 2632 2045 usuram
2662 1989 2935 2045 concionis
2965 1990 3081 2044 sive
3104 1990 3315 2044 auditus
3338 2005 3533 2044 vocans
3556 2006 3719 2059 opera

2130 2083 2245 2153 ipsa
2276 2082 2531 2137 exhibita.
2560 2081 2638 2136 Te
2662 2080 2896 2151 oportuit
2923 2080 2975 2134 id
3001 2078 3140 2150 quod
3171 2079 3380 2134 facilius
3404 2090 3719 2150 eratagcrc,

2127 2175 2364 2246 mihique
2393 2174 2533 2244 quod
2563 2184 2679 2230 erat
2718 2173 2985 2228 difﬁcilius
3025 2173 3346 2243 relinquere.
3387 2173 3519 2241 Quia
3564 2174 3721 2245 igitur

2126 2266 2231 2323 hoc
2256 2284 2361 2323 non
2393 2267 2564 2333 feeit,
2582 2267 2682 2332 ait,
2712 2266 2803 2322 28.
2834 2266 3061 2337 Accipite
3081 2267 3143 2320 ab
3168 2282 3226 2320 eo
3253 2266 3512 2332 talentum,
3540 2279 3583 2321 et
3605 2269 3722 2321 date

2126 2360 2179 2414 ei
2197 2360 2284 2432 qui
2310 2359 2483 2413 decem
2512 2358 2697 2412 talenta
2723 2358 2890 2412 habet.
2930 2356 3199 2412 29.7Nam
3228 2360 3366 2411 omni
3396 2358 3598 2412 habenti
3623 2360 3717 2412 du-

2126 2450 2293 2518 bitur,
2304 2459 2352 2504 et
2379 2448 2685 2514 abundabit;
2712 2449 2776 2503 ab
2804 2465 2861 2503 eo
2888 2458 3057 2503 autem
3077 2450 3162 2519 qui
3193 2464 3293 2502 non
3318 2449 3495 2514 habet,
3511 2460 3558 2503 et
3585 2452 3721 2519 quod

2128 2541 2306 2596 habet'
2332 2545 2595 2611 auferetur
2610 2539 2672 2593 ab
2698 2555 2776 2594 eo.
2804 2537 2941 2605 Quid
2971 2549 3149 2593 autem
3181 2538 3291 2595 hoc
3308 2539 3603 2609 significat?
3623 2542 3722 2607 Qui

2125 2634 2350 2707 gratiam
2373 2632 2521 2689 verbi
2547 2641 2605 2687 et
2631 2630 2891 2686 doctrina:
2914 2630 2981 2685 ad
3009 2630 3290 2684 utilitatem
3314 2629 3541 2685 aliorum
3568 2645 3726 2685 acce-

2128 2728 2241 2799 pit,
2286 2741 2387 2782 nec
2424 2723 2511 2780 illa
2550 2739 2680 2780 usus
2708 2731 2825 2789 est,
2867 2722 3091 2793 gratiam
3133 2720 3304 2791 ipsam
3347 2719 3535 2791 perdet
3579 2737 3594 2776 :
3633 2721 3724 2792 qui

2126 2826 2305 2873 autem
2347 2815 2583 2872 studium
2621 2830 2777 2870 suum
2814 2813 3092 2880 adhibuit,
3136 2812 3310 2880 majus
3350 2812 3453 2869 sibi
3490 2814 3724 2869 attrahat

2127 2909 2357 2976 donum;
2387 2924 2509 2965 cum
2549 2918 2735 2964 cont-ra
2775 2906 2867 2963 ille
2904 2906 3046 2977 quod
3087 2916 3369 2975 acceperat
3415 2906 3723 2975 perdiderit.

2131 3002 2328 3058 Verum
2355 3000 2531 3055 otioso
2561 3015 2666 3054 non
2696 2998 2750 3055 id
2774 2998 2948 3053 solum
2979 2996 3162 3052 damni
3189 2997 3314 3062 fuit,
3346 2998 3440 3051 sed
3471 2998 3724 3054 intolera-

2131 3093 2237 3150 bile
2266 3092 2585 3164 supplicium
2605 3130 2623 3159 ,
2653 3099 2709 3147 et
2735 3105 2858 3145 cum
2888 3088 3149 3160 supplicio
3174 3090 3435 3146 sententia
3464 3089 3724 3145 crimina-

2133 3187 2293 3242 tionis
2324 3186 2498 3256 plena.
2531 3184 2621 3240 50.
2654 3182 2901 3238 Inutilem
2928 3198 3151 3247 servum,
3184 3181 3385 3252 inquit,
3413 3182 3647 3254 projicite
3671 3182 3726 3236 in

2133 3278 2359 3331 tenebras
2395 3276 2701 3340 exteriores;
2740 3273 2811 3328 ibi
2852 3273 2946 3328 erit
2984 3274 3133 3344 ﬂetus
3167 3282 3217 3329 et
3255 3272 3443 3328 stridor
3479 3273 3725 3329 dentium.

2135 3368 2321 3425 Vidcn‘
2348 3368 2615 3439 quomodo
2641 3381 2750 3422 non
2778 3365 2951 3421 solum
2987 3374 3169 3437 raptor
3204 3373 3258 3421 et
3296 3366 3387 3436 qui
3427 3366 3567 3420 mala
3599 3381 3725 3436 per-

2136 3461 2468 3533 petrat,sed
2506 3462 2668 3515 etiam
2707 3459 2753 3514 is
2786 3459 2877 3530 qui
2908 3459 3044 3514 bona
3090 3472 3194 3515 non
3234 3471 3509 3530 operatur,
3546 3470 3727 3515 extre-

2134 3570 2280 3611 mum
2308 3553 2625 3624 supplicium
2661 3552 2806 3607 luat?
2834 3551 3129 3607 Audiamus
3165 3552 3325 3623 igitur
3368 3551 3481 3608 hinc
3521 3552 3726 3619 verba;

2133 3646 2261 3702 dum
2290 3655 2499 3716 tempus
2524 3652 2639 3709 est,
2672 3652 2911 3699 nostram
2940 3658 3249 3699 asseramus
3288 3644 3551 3711 salutem,
3588 3643 3730 3699 accl-

2136 3741 2346 3811 piamus
2371 3738 2551 3794 oleum
2578 3738 2631 3793 in
2658 3736 3025 3807 lampadibus,
3055 3735 3312 3790 talentum
3341 3736 3407 3790 ad
3438 3736 3614 3792 faenus
3636 3737 3732 3792 de-

2136 3848 2255 3888 mus
2287 3850 2301 3887 :
2332 3832 2378 3887 si
2406 3831 2548 3886 enim
2579 3829 2666 3885 hic
2691 3829 2847 3885 otiosi
2874 3836 2941 3884 er-
2955 3829 3086 3898 pigri
3118 3828 3405 3892 fuerimus,
3439 3844 3598 3884 nemo
3631 3843 3728 3884 no-

2135 3924 2230 3979 stri
2261 3923 2369 3978 illic
2400 3921 2760 3983 miserebitur,
2788 3920 2997 3975 etiamsi
3025 3919 3218 3973 millies
3244 3918 3508 3991 lacrymas
3540 3918 3724 3974 funda-

2135 4031 2275 4070 mus.
2321 4013 2569 4083 Seipsutn
2614 4011 2887 4066 damnavit
2933 4011 3095 4065 etiam
3137 4010 3181 4065 is
3222 4011 3310 4081 qui
3355 4010 3565 4065 sordida
3612 4019 3728 4066 erat

2136 4119 2300 4172 veste,
2332 4114 2387 4161 et
2409 4105 2542 4160 nihil
2570 4105 2775 4175 accepit
2799 4103 3061 4157 utilitatis.
3096 4101 3346 4157 Reddidit
3374 4102 3459 4156 hic
3478 4105 3731 4159 commis-

2137 4215 2256 4256 sum
2286 4197 2386 4253 sibi
2415 4197 2674 4251 talentum
2695 4238 2709 4260 ,
2746 4205 2801 4251 et
2838 4195 2915 4249 sic
2943 4194 3225 4248 damnatus
3256 4206 3357 4249 est.
3386 4194 3729 4264 Rogaverunt

2138 4291 2265 4346 item
2303 4289 2571 4360 virgines,
2618 4296 2993 4353 accesserunt,
3044 4286 3354 4354 pulsarunt;
3395 4286 3489 4340 sed
3536 4286 3730 4341 frustra

2137 4389 2193 4437 et
2218 4381 2486 4435 incassum
2514 4378 2865 4433 omnia.ll:rc
2880 4392 3008 4447 ergo
3027 4392 3145 4431 cum
3172 4377 3422 4445 sciamus,
3454 4376 3726 4445 pecunias,

2138 4474 2403 4540 studium,
2432 4472 2781 4542 patrocinium
2809 4479 2863 4525 et
2886 4471 3061 4524 omnia
3092 4468 3382 4523 offeramus
3407 4469 3471 4523 ad
3498 4470 3726 4538 proximi

2141 4566 2440 4620 utilitatem.
2489 4562 2713 4619 Talenta
2757 4563 2900 4617 enim
2948 4560 3034 4615 hic
3073 4568 3347 4623 vocantur,
3379 4576 3497 4630 qua:
3541 4561 3593 4614 in
3639 4576 3730 4615 cn-

2134 4660 2328 4728 jusque
2363 4664 2626 4726 potestate
2654 4664 2807 4716 sunt,
2849 4654 2962 4707 sive
2998 4651 3345 4722 patrocinium
3366 4691 3381 4714 ,
3411 4651 3523 4706 sive
3561 4666 3728 4721 pecn-

2143 4751 2243 4804 nia.-
2263 4791 2279 4815 ,
2318 4749 2433 4804 sive
2458 4748 2700 4803 doctrina
2719 4786 2737 4812 ,
2769 4745 2882 4802 sive
2908 4743 3053 4798 aliud
3080 4743 3363 4814 quidquam
3401 4742 3648 4813 hujusmo
3669 4745 3730 4801 li.

2139 4840 2313 4896 Nemo
2337 4840 2515 4909 itaque
2540 4838 2714 4902 dicat,
2743 4835 2917 4893 Unum
2948 4835 3120 4890 habeo
3158 4834 3445 4902 talentum,
3490 4834 3731 4903 nihilque

2143 4947 2360 5003 possum
2394 4930 2585 4986 facere.
2618 4928 2778 4984 Potes
2806 4928 2948 4983 enim
2986 4941 3105 4981 cum
3135 4942 3242 4981 uno
3277 4942 3391 4981 rem
3432 4927 3596 4995 probe
3632 4943 3731 4995 ge-

2142 5040 2282 5081 rere.
2318 5024 2499 5093 Neque
2540 5024 2683 5078 enim
2715 5036 2774 5077 es
2800 5020 2953 5076 vidua
2986 5020 3071 5075 illa
3099 5021 3401 5090 pauperior,
3433 5035 3538 5075 non
3571 5020 3731 5075 Petro

2141 5125 2197 5172 et
2223 5115 2431 5171 Joanne
2463 5112 2671 5180 rudior,
2712 5113 2801 5183 qui
2836 5111 3013 5166 idiotas
3038 5122 3093 5165 et
3122 5109 3353 5164 illiterati
3380 5120 3554 5165 erant.
3584 5111 3736 5165 Atta-

2142 5224 2264 5263 men
2292 5208 2419 5277 quia
2452 5205 2683 5259 studium
2716 5218 2870 5258 suum
2910 5202 3301 5267 exhibuerunt,
3344 5202 3630 5271 omniaque
3664 5201 3732 5255 ad

2142 5313 2481 5357 communem
2531 5295 2772 5354 fecerunt
2807 5293 3129 5359 utilitatem,
3170 5291 3303 5346 ezelo
3341 5289 3540 5362 dignati
3586 5300 3733 5346 sunt.

2140 5392 2281 5448 Nihil
2302 5392 2446 5447 enim
2479 5390 2549 5443 ita
2582 5389 2693 5443 Deo
2711 5398 2917 5458 gratum
2938 5393 3041 5449 est,
3074 5396 3132 5439 ut
3153 5385 3196 5439 si
3220 5386 3380 5438 vitam
3402 5386 3467 5438 ad
3490 5400 3735 5440 cominu-

2143 5499 2263 5540 nem
2285 5482 2566 5537 utilitatem
2587 5479 2807 5534 ducas”.
2832 5478 2957 5533 Ideo
2977 5476 3226 5547 loquendi
3257 5477 3560 5532 facultatem
3583 5476 3737 5534 nobis

2206 5658 2224 5689 ι
2251 5655 2309 5705 In
2340 5651 2502 5705 Morel.
2527 5658 2581 5702 et
2612 5650 2781 5716 paucis
2817 5656 2924 5699 Mss.
2948 5647 3149 5711 legitur,
3182 5653 3229 5699 et
3264 5649 3393 5713 quod
3435 5612 3613 5703 habere
3652 5649 3747 5702 rie-

2144 5720 2442 5842 da'ugliirut
2463 5776 2506 5829 si
2527 5771 2789 5827 centesimis
2810 5778 3057 5838 quieratur
3081 5770 3285 5824 utilitas
