4130 6374
442 327 549 387 715

441 443 589 501 dedit
618 443 778 502 Deus.
812 457 1029 507 manus,
1057 440 1238 510 pedes,
1277 440 1438 494 rohur
1465 452 1725 507 corporis,
1759 444 1990 490 mentem
2015 474 2029 498 ,

446 536 882 607 intelligentiam,
912 543 969 587 ιιι
991 532 1073 587 his
1098 533 1346 587 omnibus
1367 543 1421 586 et
1446 530 1512 584 ad
1543 530 1767 583 salutent
1796 535 2032 580 nostram

442 639 498 684 et
521 627 590 683 ad
616 627 843 682 aliorum
875 625 1159 680 utilitatem
1187 632 1421 678 utamur.
1448 621 1684 692 Loquela
1712 620 1853 674 enim
1882 617 2036 671 nobis

444 734 547 775 non
574 718 642 773 ad
670 717 896 790 hymnos
933 715 1281 772 celebrandos
1316 724 1370 769 et
1393 713 1593 784 gratias
1621 708 1921 767 reddendas
1951 723 2038 763 so-

442 812 551 868 lum
581 810 703 866 data
734 819 848 875 est,
876 808 971 864 sed
1001 809 1163 864 etiam
1194 807 1260 863 ad
1287 807 1587 862 doctrinam
1617 804 1762 859 utilis
1786 812 1869 858 est
1892 811 1945 857 et
1968 800 2035 855 ad

442 903 879 959 admonitionem.
920 901 985 956 Et
1022 902 1067 955 si
1101 899 1167 954 ad
1209 899 1314 954 hoc
1353 898 1440 953 illa
1476 906 1711 963 utamur,
1754 892 2037 950 Dominum

446 999 750 1061 imitamur;
782 996 827 1051 si
860 1010 992 1050 vero
1021 993 1088 1049 ad
1126 993 1421 1058 contraria,
1462 990 1754 1045 diabolum.
1784 984 2040 1057 Quando-

444 1090 659 1161 quidem
686 1099 739 1144 et
769 1088 961 1145 Petrus
986 1102 1107 1141 cum
1130 1085 1402 1139 Christum
1424 1084 1696 1138 confessus
1723 1090 1826 1146 est,
1853 1079 2041 1134 beatus

444 1184 762 1252 praedicatus
808 1180 936 1246 fuit,
988 1188 1045 1234 ut
1080 1178 1170 1248 qui
1208 1193 1239 1232 a
1279 1177 1434 1232 Patre
1462 1175 1652 1230 doctus
1686 1173 1992 1243 loqueretur
2022 1186 2035 1223 :

442 1290 564 1331 cum
592 1288 723 1329 vero
750 1287 967 1328 erucem
995 1270 1250 1326 horrebat
1286 1276 1340 1324 et
1367 1267 1661 1338 repellebat
1678 1308 1693 1332 ,
1738 1266 2041 1335 increpatus

445 1376 530 1423 cst
555 1366 927 1430 vehementer,
960 1373 1015 1419 ut
1041 1364 1129 1434 qui
1159 1378 1219 1418 ea
1248 1377 1367 1433 qua:
1396 1360 1591 1415 diaboli
1627 1367 1779 1415 erant
1806 1362 2037 1427 saperet.

444 1458 504 1514 Si
545 1472 675 1528 ergo
714 1457 802 1512 ubi
843 1472 908 1512 ex
949 1455 1244 1527 ignorantia
1284 1452 1617 1523 loquebatur,
1664 1460 1768 1505 tam
1807 1448 2041 1520 graviter

448 1551 808 1622 reprehensus
833 1561 915 1604 est
949 1567 963 1604 :
995 1548 1209 1620 quando
1252 1547 1480 1603 libenter
1521 1546 1683 1599 multa
1727 1555 2036 1615 peccamus,

443 1659 602 1715 quam
621 1641 937 1697 habebimus
1002 1638 1321 1697 veniam’?
1382 1638 1499 1696 Tali
1584 1637 1741 1708 igitur
1760 1634 2039 1705 loquamur

446 1745 503 1790 ut
546 1736 669 1790 hinc
699 1733 895 1789 Christi
936 1748 1055 1788 esse
1094 1733 1252 1787 verba
1296 1730 1466 1800 palam
1512 1728 1601 1784 sit.
1650 1726 1766 1782 Non
1808 1724 1949 1781 enim
1994 1721 2038 1776 si

444 1827 653 1894 dixero,
680 1827 846 1897 Surge
862 1837 905 1880 et
928 1825 1132 1879 ambula
1152 1823 1361 1894 (Matth.
1380 1822 1436 1877 9.
1459 1820 1539 1891 5),
1564 1834 1738 1890 neque
1764 1818 1808 1873 si
1829 1817 2032 1880 dixero,

444 1916 697 1973 Thabt'tha
714 1959 732 1984 ,
761 1933 908 1987 surge
934 1916 1081 1986 (Act.
1104 1914 1157 1972 9.
1180 1912 1290 1985 Ml),
1316 1922 1440 1967 tunc
1460 1911 1634 1966 solum
1656 1908 1852 1965 Christi
1877 1906 2037 1962 verba

447 2014 670 2084 loquor;
701 2011 794 2067 sed
826 2011 994 2065 multo
1024 2010 1191 2078 magis
1220 2007 1265 2062 si
1295 2005 1551 2061 conviciis
1576 2004 1846 2072 impetitus
1876 2000 2013 2055 bene

443 2105 618 2161 dicam
640 2146 657 2173 ,
695 2104 779 2161 vel
804 2104 848 2159 si
874 2103 1055 2167 laesus,
1088 2116 1278 2172 precer
1306 2114 1402 2170 pro
1422 2097 1664 2154 laedente.
1690 2096 1869 2167 Nuper
1893 2103 2039 2149 certe

445 2196 687 2253 dicebam
708 2238 726 2263 ,
760 2196 992 2267 linguam
1025 2204 1261 2249 nostram
1291 2207 1412 2248 esse
1440 2206 1683 2256 manum,
1717 2204 1837 2259 quae
1878 2185 2039 2258 pedes

449 2291 545 2346 Dei
580 2290 802 2361 attingat
837 2306 851 2343 :
879 2302 1019 2343 nunc
1046 2301 1175 2342 vero
1201 2285 1317 2356 plus
1344 2284 1495 2351 dico,
1534 2284 1765 2354 linguam
1803 2290 2037 2336 nostram

444 2381 641 2438 Christi
673 2382 905 2452 linguam
935 2379 1165 2446 imitari,
1196 2378 1243 2433 si
1267 2378 1549 2448 diligenter
1568 2375 1780 2431 studeat
1802 2389 1894 2440 ea,
1922 2388 2040 2445 qua:

446 2477 560 2549 ipse
584 2492 681 2533 nos
708 2477 858 2543 vult,
889 2474 1057 2546 loqui.
1095 2474 1225 2543 Qure
1255 2487 1383 2528 vero
1411 2481 1535 2528 sunt
1565 2471 1692 2526 illa?
1718 2469 1892 2525 Verba
1920 2484 2039 2524 mo-

445 2568 635 2625 destiae
673 2566 1208 2636 mansuetudinisque
1238 2565 1390 2635 plena
1412 2605 1428 2631 ,
1459 2572 1517 2617 ut
1554 2564 1667 2633 ipse
1706 2561 2037 2631 loquebatur,

447 2660 633 2717 dicens
663 2660 728 2715 iis
751 2659 844 2730 qui
870 2657 1192 2714 contumelia
1224 2656 1396 2726 ipsmn
1427 2654 1764 2718 al‘liciebant,
1794 2651 1905 2723 Ego
1930 2653 2039 2706 da:-

445 2752 672 2806 monium
693 2767 793 2804 non
817 2748 974 2804 habeo
996 2746 1173 2819 (Joan.
1191 2746 1245 2803 8.
1268 2746 1383 2817 49);
1408 2756 1461 2802 et
1485 2760 1688 2810 rursus,
1715 2744 1775 2799 Si
1798 2744 1930 2798 male
1958 2745 2039 2798 lo-

445 2855 633 2914 quutus
647 2858 781 2907 sum,
809 2840 1145 2896 testimonium
1162 2839 1361 2909 perhibe
1379 2839 1442 2893 de
1468 2838 1602 2892 malo
1627 2837 1678 2905 (1
1686 2838 1789 2891 bid.
1815 2837 1901 2893 l8.
1919 2836 2036 2909 2'5);

446 2933 818 3003 discipuloque
838 2947 899 2988 se
920 2930 1168 2998 tradenti,
1191 2930 1385 2997 Amice,
1404 2931 1470 2983 ad
1488 2930 1613 3000 quid
1632 2930 1805 2983 venisti
1823 2928 2036 3001 (Matth.

446 3026 539 3082 26.
568 3025 701 3096 50)?
721 3026 776 3080 Si
800 3036 855 3079 tu
874 3025 953 3079 sic
974 3024 1227 3094 loquaris,
1249 3022 1295 3077 si
1315 3022 1380 3077 ad
1401 3022 1825 3077 eriteudationem
1855 3021 2042 3092 proxi-

449 3119 556 3184 mi,
590 3117 822 3188 linguam
851 3116 1018 3171 habes
1047 3114 1120 3170 illi
1150 3114 1399 3169 similem.
1430 3114 1555 3169 Haec
1581 3115 1694 3183 ipse
1717 3113 1855 3168 Deus
1874 3113 2038 3167 dicit:

450 3210 553 3275 Qui
580 3209 746 3263 educit
783 3208 1055 3277 pretiosum
1083 3222 1114 3259 a
1144 3206 1260 3273 viti,
1301 3205 1429 3259 sicut
1468 3220 1525 3258 os
1566 3220 1731 3257 meum
1768 3204 1860 3257 erit
1889 3202 2037 3273 (Jer.

451 3302 539 3358 15.
569 3299 696 3371 l9).
726 3299 860 3355 Cum
890 3312 1019 3370 ergo
1060 3297 1237 3368 lingua
1271 3305 1361 3352 tua
1396 3296 1591 3366 linguae
1618 3295 1815 3350 Christi
1850 3294 2042 3351 similis

414 3387 419 3393 ’
453 3392 638 3459 luerit,
669 3400 724 3447 et
750 3404 814 3446 os
842 3398 989 3445 tuum
1021 3388 1155 3444 sicut
1179 3403 1241 3443 os
1279 3387 1471 3452 Patris,
1510 3394 1566 3441 et
1603 3385 1831 3456 Spiritus
1869 3386 2039 3441 sancti

453 3485 708 3555 templum
736 3483 928 3550 fueris,
953 3482 1071 3554 quis
1094 3481 1263 3537 honor
1290 3480 1411 3536 huic
1438 3495 1532 3551 par
1553 3495 1672 3536 esse
1699 3480 1901 3550 possit?
1923 3479 2039 3533 Non

451 3579 499 3636 si
533 3593 603 3634 ex
632 3592 768 3633 auro
798 3576 995 3631 factum
1033 3589 1096 3630 os
1125 3574 1384 3639 haberes,
1433 3588 1538 3627 non
1582 3572 1626 3628 si
1671 3588 1737 3627 ex
1779 3571 2042 3643 lapidibus

452 3671 725 3742 pretiosis,
756 3672 826 3725 ita
855 3668 1097 3739 fulgeret,
1128 3676 1185 3722 ut
1216 3681 1337 3721 cum
1375 3666 1648 3721 modestia:
1680 3674 1869 3720 ornatu
1907 3679 2040 3720 con-

451 3766 694 3834 Spicuum
716 3774 818 3819 est.
833 3762 969 3831 Quid
985 3763 1125 3818 enim
1145 3759 1426 3831 optabilius
1450 3775 1545 3815 ore
1563 3758 1704 3830 quod
1727 3760 1896 3815 nescit
1915 3775 2043 3814 con-

454 3855 703 3911 tumelias
728 3854 989 3924 prolorre,
1011 3853 1105 3908 sed
1128 3848 1442 3909 benedicere
1457 3852 1627 3907 solum
1649 3851 1863 3907 studet?
1890 3852 2040 3920 Quod

455 3949 499 4004 si
534 3963 640 4003 non
687 3956 840 4017 potes
868 3946 1184 4001 benedicere
1224 3944 1588 4011 maledicenti,
1619 3953 1734 3999 tace
1780 3963 1792 3998 :
1835 3942 2043 4015 hocque

455 4040 669 4099 interim
702 4038 883 4105 facito,
913 4037 1243 4107 ulteriusque
1268 4050 1600 4108 progressus,
1628 4036 1674 4092 si
1696 4034 1922 4091 utdecet
1947 4050 2041 4090 co-

456 4132 620 4191 neris.
640 4130 706 4184 ad
726 4130 850 4185 illud
870 4130 1167 4199 pervenies,
1196 4138 1251 4184 et
1278 4145 1338 4184 os
1368 4128 1587 4183 habebis
1609 4130 1764 4199 quale
1784 4128 2039 4183 diximus.

527 4228 582 4281 4.
613 4223 883 4279 Dominica
897 4240 1015 4278 caro
1035 4224 1087 4277 in
1110 4223 1451 4277 Eucharistia.
1476 4222 1661 4277 Christi
1680 4223 1912 4289 imitatio,
1937 4238 2046 4275 mo-

457 4317 747 4387 deratioqae
766 4326 811 4370 et
830 4315 1073 4370 modestia
1087 4312 1675 4370 commendantur.—Ne
1692 4323 1841 4384 putes
1872 4313 2045 4368 audax

455 4423 577 4463 esse
600 4407 800 4462 dictum
817 4425 831 4460 :
851 4406 1107 4478 benignus
1118 4406 1314 4477 quippe
1332 4405 1586 4460 Dominus
1605 4413 1704 4469 est,
1720 4414 1774 4460 et
1791 4405 2046 4460 bonitatis

460 4501 579 4568 ejus
603 4509 687 4556 est
714 4501 911 4555 donum
955 4499 1279 4570 hujusmodi.
1316 4498 1565 4554 Audacite
1583 4506 1748 4561 esset,
1769 4513 1830 4553 os
1847 4498 2046 4554 habere

459 4593 654 4647 diaboli
687 4593 765 4647 ori
796 4591 971 4648 simile
990 4633 1005 4657 ,
1047 4592 1239 4662 lingua:
1266 4590 1527 4646 daemonis
1554 4590 1770 4661 maligni
1811 4590 2042 4662 linguam

463 4684 661 4739 habere
686 4685 915 4739 similem
938 4724 953 4751 ,
982 4698 1105 4739 eum
1145 4682 1382 4738 maxime
1419 4682 1509 4752 qui
1538 4682 1719 4738 talium
1759 4684 2045 4753 mysterio-

460 4792 579 4831 rum
608 4791 833 4831 consors
861 4776 960 4841 sit,
988 4783 1043 4830 et
1070 4775 1234 4844 ipsius
1259 4772 1541 4829 dominica:
1560 4773 1736 4829 carnis
1761 4773 2043 4844 particeps.

461 4867 588 4924 llaec
619 4877 793 4923 tecum
826 4876 1113 4937 reputans,
1144 4866 1315 4937 ipsum
1344 4879 1443 4936 pro
1478 4864 1679 4920 viribus
1718 4864 1948 4920 imitare.
1990 4863 2046 4919 Si

462 4961 585 5015 talis
626 4960 895 5027 el‘liciaris,
937 4976 1007 5014 ne
1047 4968 1098 5015 te
1138 4959 1407 5029 respicere
1433 4958 1650 5030 quidem
1678 4959 1816 5015 ultra
1855 4960 2048 5029 poterit

460 5053 725 5109 diabolus.
756 5052 915 5108 Novit
938 5052 1135 5122 quippe
1168 5052 1371 5121 regiam
1408 5058 1624 5117 notam;
1670 5052 1820 5106 novit
1850 5050 2047 5107 Christi

465 5160 615 5200 arma
634 5185 649 5208 ,
679 5144 871 5214 quibus
895 5144 1066 5197 victus
1091 5151 1191 5198 est.
1221 5142 1475 5210 Quaenam
1496 5141 1587 5197 illa
1609 5144 1770 5198 sunt?
1791 5142 2047 5198 Modestia

462 5249 519 5293 et
545 5235 919 5292 mansuetudo.
952 5234 1082 5289 Nam
1111 5249 1230 5289 cum
1259 5234 1407 5288 illum
1446 5234 1501 5288 in
1538 5244 1719 5289 monte
1758 5248 1817 5289 se
1860 5249 2045 5305 aggre-

462 5330 697 5385 dieutem
725 5326 996 5397 superavit
1017 5336 1176 5394 atque
1202 5327 1507 5396 prostravit,
1530 5326 1771 5381 Christus
1796 5341 1916 5382 esse
1942 5342 2047 5381 non

460 5419 921 5493 cognoscebatur?
950 5419 1055 5475 Sed
1082 5419 1261 5475 verbis
1285 5420 1454 5491 ipsum
1481 5419 1630 5490 quasi
1668 5434 1861 5489 sagena
1886 5420 2047 5490 cepit,

466 5513 726 5570 modestia
757 5512 933 5581 cepit,
967 5512 1372 5567 mansuetudine
1400 5511 1618 5582 fugavit.
1652 5512 1765 5567 Hoc
1792 5523 1849 5567 et
1893 5524 1945 5566 tu
1974 5513 2051 5567 fa-

460 5607 603 5672 cito;
648 5606 693 5661 si
736 5604 931 5659 videris
974 5603 1242 5662 hominem
1284 5603 1554 5659 diabolum
1580 5603 1862 5672 ellectum,
1892 5613 2050 5675 teque

522 5770 538 5803 ί
567 5767 711 5828 Editi,
739 5782 882 5833 quant
906 5766 1180 5819 habebimus
1202 5765 1593 5820 CJ‘CttsuliOttCttt?

1181 327 1238 385 S.
1280 323 1557 383 JOANNIS
1592 317 2069 389 CllRYSOSTOMi
2111 318 2430 375 AllCHlEP.
2470 318 3004 378 CONSTANTINOP.

3625 320 3730 377 7l6

2144 431 2450 497 adeuntem,
2482 449 2558 490 sxc
2586 446 2636 490 et
2669 445 2723 490 tu
2754 436 2969 493 vincito.
3002 436 3157 492 Dedit
3186 434 3277 493 tibi
3310 434 3551 493 Christus
3580 446 3733 507 pote-

2144 533 2333 579 statem
2366 534 2421 579 ut
2449 543 2543 595 pro
2569 528 2769 584 nribus
2798 529 2899 599 ipsi
2928 530 3115 586 similis
3141 529 3408 585 efﬁciaris.
3436 529 3515 586 Ne
3545 532 3733 586 timeas

2146 616 2247 673 hoc
2274 618 2515 673 audiens.
2548 620 2863 677 Timeudum
2905 624 3110 692 potius,
3154 638 3223 678 ne
3266 638 3369 678 non
3415 624 3604 677 similis
3633 623 3731 692 ipsi

2146 710 2262 765 tias.
2308 712 2552 783 Loquere
2598 730 2725 784 ergo
2776 724 2832 770 ut
2879 717 2988 775 ille.
3039 725 3093 771 et
3162 712 3218 766 in
3257 712 3362 766 hoc
3392 714 3501 767 eris
3531 712 3723 768 similis

2147 802 2242 869 illi,
2270 812 2478 861 utesse
2507 816 2681 875 potest
2723 808 2903 864 homo.
2937 807 3063 863 ldeo
3086 809 3255 878 major
3291 818 3375 864 est
3402 824 3489 879 qui
3529 808 3609 863 sic
3648 809 3732 864 lo-

2147 893 2346 964 quitur,
2378 912 2535 966 quam
2563 898 2654 968 qui
2684 900 2988 969 prOphetat.
3019 899 3151 955 lllud
3181 904 3322 955 enim
3350 916 3416 956 ex
3446 901 3614 970 gratia
3645 910 3728 955 to-

2148 996 2257 1041 tum
2287 998 2373 1043 est
2402 1006 2415 1044 :
2449 988 2536 1046 hic
2562 1006 2694 1047 vero
2731 993 2890 1046 etiam
2935 992 3084 1047 labor
3116 994 3383 1063 sudorque
3413 1003 3554 1048 tuus.
3591 994 3730 1048 Doce

2147 1079 2378 1135 animam
2409 1090 2587 1150 tuam,
2619 1092 2676 1138 ut
2698 1099 2761 1138 os
2790 1093 2938 1139 tuum
2970 1083 3049 1140 sic
3079 1084 3352 1153 eﬂ'ormet,
3382 1094 3440 1140 ut
3470 1086 3541 1140 sit
3572 1085 3725 1140 Chri-

2145 1171 2213 1228 sti
2240 1174 2321 1228 ori
2346 1174 2544 1230 simile.
2585 1175 2769 1231 Potest
2795 1177 2935 1232 enim
2966 1177 3066 1233 hoc
3093 1177 3335 1245 efticere,
3362 1178 3407 1234 si
3445 1178 3591 1233 velit.
3618 1177 3727 1231 No-

2145 1267 2222 1321 vit
2249 1266 2387 1322 hanc
2416 1277 2585 1323 artem
2604 1309 2620 1336 ,
2654 1269 2755 1323 nisi
2787 1278 3010 1338 torpeat.
3039 1270 3104 1324 Et
3131 1269 3398 1339 quomodo
3422 1269 3731 1324 eﬂ'ormatur

2146 1375 2207 1416 os
2235 1360 2407 1415 illud?
2433 1361 2674 1432 inquies;
2707 1363 2901 1433 quibus
2921 1362 3227 1418 coloribus?
3253 1378 3318 1418 ex
3344 1379 3447 1433 qua
3473 1362 3729 1418 materia?

2146 1450 2429 1507 Coloribus
2464 1452 2677 1523 quidem
2716 1461 2772 1508 et
2810 1453 3029 1509 materia
3062 1454 3234 1519 nulla,
3264 1454 3356 1509 sed
3390 1454 3585 1508 virtute
3610 1463 3729 1508 tan-

2148 1554 2256 1598 tum
2277 1586 2292 1609 ,
2323 1543 2604 1612 modestia,
2629 1544 2945 1601 humilitate.
2970 1545 3257 1602 Videamus
3277 1546 3433 1602 etiam
3462 1547 3728 1618 quomodo

2145 1652 2206 1692 os
2221 1636 2414 1693 diaboli
2436 1637 2764 1706 el'formetur,
2784 1654 2851 1693 ne
2871 1638 2997 1693 illud
3019 1638 3177 1692 etiam
3198 1638 3350 1692 nobis
3374 1653 3722 1693 assumamus.

2144 1729 2425 1798 Quomodo
2453 1745 2583 1800 ergo
2623 1729 2965 1785 eiiormatur?
3001 1729 3323 1797 Maledictis,
3356 1730 3725 1805 contumeliis,

2146 1823 2400 1894 perjurio,
2430 1823 2646 1879 invidia.
2676 1822 2810 1879 Cum
2836 1825 2978 1879 enim
3008 1824 3147 1878 illius
3176 1824 3316 1878 dicta
3342 1824 3462 1895 quis
3492 1840 3727 1893 pronun-

2145 1917 2260 1981 tiat,
2296 1916 2460 1985 ipsius
2485 1915 2715 1986 linguam
2738 1916 3159 1984 assutnit.Quam
3181 1930 3310 1986 ergo
3328 1917 3534 1970 veniam
3558 1917 3727 1986 impe-

2146 2009 2441 2065 trabimus?
2469 2008 2578 2063 imo
2607 2008 2748 2080 quod
2781 2023 2885 2064 non
2911 2008 3228 2079 supplicium
3257 2008 3484 2074 luemus,
3516 2007 3726 2077 quando

2146 2099 2415 2170 linguam,
2446 2115 2549 2170 qua
2577 2098 2860 2170 dignamur
2883 2100 3204 2155 dominicam
3232 2114 3447 2154 carnem
3477 2108 3723 2171 gustare,

2143 2192 2340 2248 diaboli
2371 2195 2531 2250 verba
2559 2195 2700 2265 loqui
2727 2195 2991 2250 sinimus?
3016 2194 3093 2249 Ne
3117 2195 3372 2258 sinamus,
3402 2209 3600 2265 qureso,
3633 2195 3725 2249 sed

2144 2299 2304 2341 omne
2344 2285 2576 2341 studium
2613 2285 2987 2348 adhibeamus,
3029 2295 3087 2341 ut
3122 2286 3408 2341 doceamus
3447 2285 3586 2339 illam
3625 2301 3727 2356 quo

2145 2391 2299 2450 pacto
2328 2379 2609 2436 Dominum
2637 2396 2793 2437 suum
2825 2380 3078 2436 imitetur.
3111 2380 3168 2437 Si
3195 2383 3335 2436 enim
3364 2381 3508 2435 illam
3532 2380 3597 2435 ad
3630 2382 3728 2436 hoc

2146 2472 2518 2541 instituamus,
2549 2489 2671 2530 cum
2702 2490 2891 2546 magna
2923 2475 3110 2529 ﬁducia
3141 2491 3238 2530 nos
3265 2475 3418 2530 sistet
3450 2475 3515 2529 ad
3558 2475 3726 2528 tribu-

2146 2565 2232 2619 nal
2261 2565 2484 2622 Christi.
2511 2565 2619 2620 Nisi
2648 2567 2768 2636 quis
2794 2567 2863 2620 ita
2893 2566 3034 2635 loqui
3064 2566 3226 2632 sciat,
3248 2565 3409 2636 judex
3442 2581 3545 2619 non
3579 2566 3724 2620 illum

2144 2656 2341 2712 audiet.
2372 2656 2521 2713 Sicut
2545 2656 2686 2712 enim
2715 2664 2913 2727 quanto
2943 2656 3217 2711 Romanus
3243 2666 3323 2711 est
3360 2655 3521 2726 judrx
3542 2699 3556 2722 ,
3598 2672 3727 2711 Cult-

2145 2768 2259 2806 sam
2285 2751 2549 2807 dicentem
2580 2766 2685 2807 non
2719 2750 2995 2821 intelliget,
3028 2750 3128 2804 nisi
3161 2751 3204 2805 is
3232 2749 3418 2806 Latine
3456 2751 3722 2819 l0quatur;

2147 2846 2217 2900 ita
2243 2853 2297 2900 et
2323 2844 2587 2909 Christus,
2618 2844 2661 2898 si
2690 2858 2796 2898 non
2825 2843 2890 2897 ad
2916 2842 3058 2897 illius
3084 2842 3299 2896 modum
3327 2842 3555 2911 loquaris
3575 2884 3590 2908 ,
3620 2858 3723 2897 non

2146 2935 2402 3006 intelliget
2431 2944 2518 3001 te,
2550 2948 2720 3005 neque
2747 2933 2985 2989 attendct
3023 2933 3136 2987 tibi.
3173 2933 3445 2987 Diseamus
3487 2948 3615 3003 ergo
3653 2934 3721 2987 ita

2147 3026 2326 3097 loqui,
2369 3035 2426 3080 ut
2468 3025 2605 3079 solet
2641 3024 2827 3079 audire
2868 3024 2976 3078 Rex
3018 3032 3232 3089 noster;
3277 3023 3583 3077 studeamus
3610 3025 3725 3092 ejus

2146 3119 2377 3189 linguam
2407 3117 2621 3172 imitari.
2653 3114 2708 3171 Si
2740 3116 2792 3170 in
2822 3115 3018 3170 luctum
3049 3114 3316 3182 incideris,
3347 3129 3476 3169 cave
3500 3131 3565 3170 ne
3594 3130 3727 3170 mm-

2147 3212 2283 3266 roris
2325 3210 2405 3264 vis
2449 3219 2592 3263 luam
2631 3210 2902 3264 subvertat
2942 3208 3172 3279 linguam
3221 3225 3235 3261 :
3276 3208 3368 3263 sed
3418 3210 3633 3279 loquere
3671 3220 3727 3264 ut

2145 3303 2390 3358 Christus
2420 3302 2669 3372 loquutus
2693 3310 2795 3355 est.
2822 3300 2979 3355 Luxit
3007 3301 3147 3355 enim
3178 3310 3231 3355 et
3260 3300 3350 3355 ille
3375 3300 3631 3354 Lazarum
3674 3311 3727 3355 et

2145 3397 2357 3453 ludam.
2387 3396 2444 3451 Si
2474 3396 2529 3450 in
2562 3401 2759 3449 metum
2790 3393 2992 3449 incidas
3012 3440 3027 3464 ,
3060 3394 3131 3448 ita
3160 3393 3304 3463 loqui
3340 3394 3493 3448 stude
3523 3403 3578 3447 ut
3604 3393 3689 3447 ille
3708 3396 3725 3424 ¹

2146 3492 2397 3561 loquitur.
2426 3489 2482 3546 ln
2515 3497 2716 3544 metum
2742 3488 2882 3543 enim
2909 3497 2963 3542 et
2989 3488 3102 3557 ipse
3123 3488 3305 3541 incidit
3331 3496 3544 3557 propter
3571 3496 3621 3541 te
3644 3502 3728 3541 se-

2146 3585 2379 3641 cundum
2406 3583 2816 3653 diSpensationis
2845 3583 3127 3637 rationem.
3169 3581 3261 3636 Dic
3287 3591 3340 3635 et
3366 3589 3420 3635 tu
3458 3599 3472 3634 :
3514 3578 3727 3634 Verum-

2148 3687 2313 3732 tamen
2343 3692 2442 3732 non
2472 3678 2599 3729 sicut
2626 3692 2716 3746 ego
2742 3675 2874 3739 volo,
2904 3674 2991 3728 sed
3015 3674 3144 3727 sicut
3172 3682 3225 3726 tu
3252 3673 3473 3743 (Matth.
3496 3670 3587 3727 26.
3613 3671 3726 3743 59).

2147 3771 2200 3826 Si
2232 3769 2441 3825 ﬂeveris
2461 3808 2475 3833 ,
2509 3767 2783 3823 moderate
2811 3766 3106 3837 lacrymare
3137 3772 3193 3819 ut
3222 3765 3354 3834 ipse.
3388 3763 3595 3818 lnsidiis
3620 3764 3726 3818 cir-

2147 3869 2462 3916 cumventus
2486 3874 2578 3927 es,
2608 3859 2690 3914 vel
2720 3859 2772 3913 in
2799 3857 3038 3912 dolorem
3067 3856 3334 3911 incidisti?
3361 3856 3484 3911 Haec
3504 3866 3560 3910 ut
3580 3855 3732 3911 Chri-

2148 3964 2260 4010 stus
2289 3952 2490 4022 accipe.
2521 3950 2653 4006 Nam
2677 3960 2732 4005 et
2752 3950 2864 4021 ipse
2890 3949 3096 4004 insidiis
3122 3948 3390 4019 impetitus
3421 3948 3550 4011 fuit,
3581 3949 3731 4003 dolo.

2149 4063 2313 4117 reque
2338 4047 2581 4111 all'ectus,
2612 4045 2790 4114 aitque
2822 4062 2836 4098 :
2864 4043 3047 4098 Tristis
3075 4053 3143 4098 est
3170 4043 3341 4096 anima
3367 4059 3476 4096 mea
3489 4060 3645 4113 usque
3663 4045 3731 4098 ad

2149 4151 2359 4196 mortem
2406 4139 2579 4209 (Ibid.
2621 4154 2668 4193 υ.
2716 4136 2841 4207 58).
2880 4138 3175 4207 Omniaque
3222 4138 3310 4193 ille
3349 4139 3441 4193 tibi
3489 4138 3728 4207 exempla

2151 4233 2393 4304 praebuit,
2428 4242 2485 4286 ut
2511 4231 2756 4287 eumdem
2787 4245 2971 4285 serves
3000 4230 3235 4296 modum,
3264 4239 3318 4285 et
3344 4230 3495 4285 datas
3524 4230 3614 4285 tibi
3644 4247 3732 4285 re-

2149 4328 2298 4399 gulas
2322 4342 2428 4382 non
2456 4327 2642 4381 violes.
2669 4325 2759 4381 Sic
2787 4324 2989 4394 poteris
3024 4339 3087 4380 os
3124 4324 3318 4379 habere
3356 4323 3497 4379 illius
3535 4325 3611 4378 ori
3654 4328 3732 4379 si-

2151 4421 2275 4476 mile
2305 4438 2317 4474 :
2348 4420 2503 4475 sicin
2539 4429 2679 4474 terra
2706 4419 2977 4489 gradiens,
3017 4432 3228 4473 sursum
3272 4416 3505 4473 sedentis
3539 4418 3731 4488 lingua:

2151 4515 2305 4571 nobis
2330 4514 2556 4570 similem
2589 4513 2822 4583 linguam
2853 4512 3102 4567 ostendes
3122 4552 3137 4576 ,
3178 4511 3392 4566 modum
3421 4527 3640 4567 servans
3677 4513 3729 4567 in

2152 4622 2415 4671 maerore,
2446 4606 2497 4661 in
2527 4606 2626 4673 ira,
2655 4606 2708 4659 in
2738 4605 2902 4668 luctu,
2926 4605 2977 4659 in
3000 4606 3259 4675 angustia.
3284 4604 3425 4670 Quot
3455 4614 3687 4661 vostrum
3708 4607 3731 4637 '

2150 4701 2267 4769 ejus
2296 4701 2517 4754 formam
2548 4698 2727 4754 videre
2749 4697 3089 4753 desiderant?
3116 4698 3252 4753 Ecce
3277 4713 3381 4753 non
3412 4698 3589 4753 videre
3615 4714 3732 4751 mo-

2151 4793 2240 4859 do,
2269 4793 2361 4847 sed
2389 4801 2444 4847 et
2468 4792 2671 4847 similes
2706 4790 2806 4858 ipsi
2840 4790 2979 4846 efﬁci
3011 4789 3171 4855 licet,
3214 4789 3259 4845 si
3296 4788 3627 4845 Studeamus.
3655 4790 3734 4847 Ne

2151 4886 2458 4941 differamus
2486 4900 2633 4955 ergo.
2674 4883 2789 4939 Non
2836 4884 2905 4938 ita
2955 4883 3178 4939 libenter
3218 4882 3597 4954 prephetarum
3639 4899 3735 4939 ora

2151 4980 2441 5046 osculatur,
2464 4988 2522 5033 ut
2540 4977 2901 5034 modestorum
2919 4984 3420 5047 mansuetorumque
3437 4975 3732 5030 hominum.

2153 5072 2306 5126 Multi
2351 5073 2483 5126 enim
2512 5071 2676 5126 dicent
2701 5070 2858 5136 mihi,
2893 5069 3091 5139 inquit,
3126 5068 3309 5123 Nonne
3334 5070 3387 5122 in
3414 5069 3612 5122 nomine
3650 5078 3736 5122 tuo

2153 5166 2600 5239 prophetavimus?
2629 5164 2696 5218 Et
2724 5163 3033 5233 respondebo
3067 5163 3158 5230 eis,
3203 5161 3387 5217 Nescio
3428 5179 3513 5216 vos
3559 5160 3735 5231 (Ibid.

2155 5261 2206 5313 7.
2238 5258 2328 5313 22.
2354 5257 2480 5329 25).
2509 5256 2581 5313 Os
2606 5271 2734 5311 vero
2759 5254 2984 5328 Moysis,
3024 5255 3143 5323 quia
3175 5253 3263 5307 ille
3294 5252 3578 5307 admodum
3612 5268 3739 5306 m0—

2153 5351 2338 5406 destus
2367 5358 2481 5405 erat
2508 5357 2562 5404 et
2590 5357 2897 5403 mansuetus
2925 5345 3161 5417 (Moyses
3200 5344 3364 5410 enim,
3415 5344 3604 5414 inquit.
3631 5352 3737 5399 erat

2155 5445 2446 5499 mitissimus
2490 5441 2714 5496 omnium
2762 5440 3021 5495 hominum
3065 5439 3151 5510 qui
3196 5447 3311 5493 sunt
3355 5455 3507 5509 super
3552 5448 3739 5493 terram

2157 5537 2361 5612 [Ναηι.
2392 5536 2478 5591 l2.
2510 5534 2580 5609 5]
2602 5536 2652 5607 ),
2684 5534 2756 5590 ita
2782 5531 3035 5604 diligebat
3060 5542 3113 5588 et
3138 5529 3494 5599 osculabatur,
3521 5538 3579 5585 ut
3598 5546 3737 5601 pne-

2246 5715 2261 5745 ι
2290 5711 2444 5761 Savil.
2474 5709 2619 5771 legit,
2648 5707 2887 5767 Christus,
2914 5724 3023 5772 pro,
3049 5706 3148 5759 ille.

2247 5778 2265 5807 ²
2286 5775 2455 5824 lilontl‘.
2483 5772 2699 5824 etSaiil.
2723 5782 2957 5823 nostrum.
