4130 6374
283 302 393 362 ττι

284 424 380 479 καὶ
403 421 593 489 πόδας,
622 424 722 479 καὶ
754 420 1007 494 σώματος
1053 419 1228 491 ίσχύν,
1275 420 1370 473 καὶ
1395 418 1541 486 νοῦν,
1590 417 1688 472 καὶ
1721 417 1957 485 σύνεσιν,

286 508 375 561 ῐνα
409 507 545 560 πᾶσι
570 505 780 569 τούτοις
796 506 890 560 καὶ
917 506 997 570 εἰς
1017 505 1115 576 τὴν
1162 506 1194 575 ή
1204 502 1321 575 μῶν
1361 502 1538 556 αὐτῶν
1566 501 1836 572 σωτηρίαν
1864 502 1960 555 καὶ

283 590 363 651 είς
389 587 492 659 τὴν
516 586 626 641 τῶν
657 587 882 659 πλησίον
910 586 1175 656 ὠφέλειαν
1208 581 1559 656 χρησώμεθα.
1583 583 1716 636 Οὐδὲ
1738 582 1847 655 γὰρ
1880 587 1960 648 είς

286 671 455 743 ῦμνον
496 673 514 705 ¹
546 674 680 742 ήμῖν
710 674 739 726 6
768 672 923 742 λόγος
957 672 1051 725 καὶ
1082 669 1435 741 εὐχαριστίας
1462 668 1728 738 χρήσιμος
1776 668 1954 739 μόνον,

284 753 420 809 ἀλλά
449 755 542 808 καὶ
565 756 644 818 είς
668 754 1016 809 διδασκαλίαν
1035 752 1316 824 λυσιτελὴς
1345 752 1439 805 καὶ
1468 750 1808 822 παραίνεσιν.
1837 752 1959 806 Κᾶν

286 836 387 906 μὲν
412 838 492 899 είς
513 836 670 890 τοῦτο
685 834 1041 908 χρησώμεθα,
1067 836 1157 888 τὸν
1186 833 1459 904 Δεσπότην
1486 832 1858 904 ἐζηλώσαμεν·
1890 833 1957 888 ἂν

282 919 339 971 δέ
367 920 448 982 είς
467 920 744 985 τάναντία,
770 919 861 973 τὸν
886 918 1148 973 διάϐολον.
1192 918 1347 972 Ἐπεὶ
1372 918 1465 971 καὶ
1488 917 1715 988 Πέτρος,
1741 919 1829 971 ὅτε
1858 919 1957 989 μὲν

283 1001 601 1073 ὡμολόγησε
628 1002 721 1055 τὸν
739 1001 994 1073 Χριστὸν,
1028 1000 1392 1072 ἐμακαρίζετο
1430 999 1506 1063 ώς
1529 997 1599 1053 τά
1622 1000 1716 1053 τοῦ
1746 1001 1957 1071 Πατρδς

284 1085 538 1158 εἰρηκώς·
558 1087 647 1140 ὅτε
674 1085 733 1139 δὲ
764 1088 1062 1158 παρῃτεῖτο
1089 1084 1181 1138 τὸν
1235 1083 1466 1155 σταυρὸν
1507 1083 1602 1137 καὶ
1647 1084 1958 1154 ἀπηγόρευ-

287 1185 399 1233 σεν,
435 1169 734 1239 ἐπετιμᾶτο
770 1166 1034 1239 σφοδρῶς,
1057 1166 1131 1231 ὡς
1160 1168 1229 1221 τὰ
1251 1166 1345 1221 τοῦ
1363 1166 1610 1221 διαϐόλου
1635 1167 1864 1238 φρονῶν.
1894 1168 1956 1221 EI

284 1249 341 1303 δὲ
374 1249 500 1303 ἔνθα
533 1250 755 1319 ἀγνοίας
768 1246 856 1320 ἦν,
873 1250 934 1303 τὸ
948 1250 1259 1320 εἰρημένον,
1314 1250 1550 1319 τοσαύτη
1576 1250 1609 1319 ή
1632 1251 1953 1322 κατηγορία·

284 1332 422 1385 ὅταν
451 1332 671 1395 ἑκόντες
721 1331 890 1386 πολλά
920 1332 1350 1405 ἀμαρτάνωμεν,
1395 1332 1554 1386 ποίαν
1598 1330 1792 1401 ἕξομεν
1825 1349 1955 1401 συγ-

284 1412 509 1483 γνώμην
543 1414 602 1479 ⁸;
628 1413 865 1467 Τοιαῦτα
903 1413 1081 1467 τοίνυν
1121 1413 1505 1486 φθεγγώμεθα,
1542 1416 1630 1469 ἵνα
1672 1409 1953 1488 αὐτόθενῇ

285 1496 421 1566 δῆλα
452 1497 519 1551 τὰ
539 1496 759 1568 ῥήματα
783 1495 883 1550 τοῦ
919 1497 1157 1568 Χριστοῦ
1206 1499 1357 1553 ὄντα.
1402 1500 1534 1553 Οὐδὲ
1563 1500 1671 1570 γὰρ
1710 1500 1776 1553 ἂν
1818 1500 1957 1553 εἴπω

288 1581 471 1651 μόνον,
499 1581 748 1650 "Ere:de
781 1582 876 1635 καὶ
912 1582 1236 1650 περιπάτει,
1263 1583 1383 1637 οὐδέ
1403 1582 1469 1637 ἂν
1491 1584 1650 1647 είπω,
1682 1584 1890 1637 Ταϐιθὰ
1911 1582 1952 1648 ³,

286 1663 603 1732 ἀνάστηθι,
638 1664 756 1717 τότε
778 1664 848 1718 τὰ
869 1664 962 1717 τοῦ
993 1666 1228 1737 Χριστοῦ
1255 1665 1415 1720 λαλῶ·
1442 1666 1576 1720 ἀλλά
1605 1666 1783 1737 πολλῷ
1820 1666 1954 1736 μᾶλ-

286 1747 378 1802 λον
406 1748 471 1802 ἂν
497 1749 827 1821 λοιδορηθεὶς
870 1749 1175 1821 εὐλογήσω,
1206 1750 1272 1804 ἂν
1305 1750 1669 1821 ἐπηρεασθεὶς
1716 1748 1959 1819 εὔξωμαι

290 1830 429 1901 ὑπὲρ
448 1830 543 1885 τοῦ
573 1831 994 1903 ἐπηρεάζοντος.
1025 1831 1223 1903 Πρώην
1260 1833 1359 1903 μὲν
1388 1829 1479 1887 οῦν
1510 1833 1714 1902 ἐλεγον,
1738 1833 1819 1886 ὃτι
1839 1832 1959 1902 χείρ

290 1914 440 1969 ἐστιν
466 1918 500 1988 ή
526 1915 741 1985 γλῶττα
766 1917 942 1988 ἡμῶν,
969 1916 1078 1969 τῶν
1110 1916 1204 1970 τοῦ
1235 1916 1369 1970 Θεοῦ
1422 1917 1701 1988 ἁπτομένη
1758 1916 1955 1970 ποδῶν·

290 1996 385 2050 νῦν
408 1998 465 2052 δὲ
494 1998 674 2070 πολλῷ
704 1999 865 2052 πλέον
889 1999 1055 2067 λέγω,
1112 1999 1193 2053 ὅτι
1238 1998 1455 2068 γλῶττά
1499 2000 1647 2055 ἐστιν
1679 2004 1712 2071 ή
1745 1999 1963 2067 γλῶττα

288 2081 469 2151 ἡμῶν,
491 2083 590 2151 τὴν
616 2081 709 2137 τοῦ
742 2081 978 2154 Χριστοῦ
1008 2082 1341 2153 μιμουμένη,
1369 2082 1465 2137 ἐὰν
1508 2083 1607 2154 τὴν
1650 2085 1960 2154 προσήκου-

292 2179 394 2216 σαν
423 2165 707 2234 ἀκρίϐειαν
749 2165 1121 2235 ἐπιδείξηται,
1176 2166 1241 2219 ἂν
1271 2165 1293 2198 ’⁵
1345 2168 1527 2219 ἐκεῖνα
1575 2165 1960 2235 φθεγγώμεθα,
2003 2157 2007 2161 ’

292 2245 435 2318 ἅπερ
469 2249 673 2310 ἐκεῖνος
704 2246 971 2316 βούλεται.
1013 2249 1077 2300 Τί
1104 2247 1161 2300 δέ
1197 2250 1343 2300 ἐστιν
1366 2248 1402 2302 ἀ
1426 2251 1630 2312 ἐκεῖνος
1658 2250 1807 2319 ήμᾶς
1835 2247 1960 2320 βού-

292 2328 443 2383 λεται
473 2330 800 2400 φθέγγεσθαι
825 2347 840 2395 ;
867 2331 949 2384 Τὰ
976 2332 1277 2395 ἐπιεικείας
1308 2330 1548 2400 γέμοντα
1569 2333 1789 2403 ῥήματα
1821 2333 1915 2385 καὶ
1939 2331 1962 2364 ⁸

293 2413 616 2483 πραότητος·
652 2413 840 2485 ὥσπερ
861 2410 953 2468 οῦν
973 2416 1068 2467 καὶ
1098 2414 1256 2477 αὐτὸς
1284 2415 1596 2483 ἐφθέγγετο,
1626 2415 1805 2483 λέγων
1851 2418 1965 2479 τοκ

293 2496 600 2568 ὑϐρίζουσιν
615 2498 797 2562 αὐτὸν,
843 2497 983 2568 Ἐγὼ
1007 2497 1313 2567 δαιμόνιον
1352 2500 1462 2552 οὐκ
1490 2499 1626 2566 ἔχω·
1660 2498 1755 2552 καὶ
1778 2498 1960 2552 πάλιν·

294 2582 361 2633 El
377 2580 496 2648 μὲν
523 2580 719 2648 κακῶς
763 2579 1067 2649 ἐλάλησα,
1122 2582 1511 2649 μαρτύρησον
1547 2581 1683 2648 περὶ
1724 2583 1831 2636 τοῦ
1861 2599 1967 2637 κα-

294 2664 406 2718 κοῦ
433 2664 474 2717 ⁸.
509 2663 635 2718 Ἑάν
662 2663 804 2718 οῦτω
830 2664 925 2717 καὶ
952 2665 1015 2716 σὺ
1073 2662 1257 2733 λέγῃς,
1290 2664 1385 2716 ἐὰν
1422 2665 1503 2727 είς
1529 2662 1814 2735 διόρθωσιν
1855 2665 1966 2718 τῶν

294 2747 523 2818 πλησίον
547 2747 734 2819 λαλῇς,
755 2747 1019 2817 κέκτησαι
1058 2748 1077 2777 ⁷
1110 2747 1355 2814 γλῶτταν
1384 2750 1621 2803 ἐοικυῖαν
1637 2749 1960 2821 ἐκείνῃ.Καὶ

294 2831 465 2885 ταῦτα
494 2832 655 2896 αὐτός
680 2848 848 2901 φησιν
876 2830 905 2883 6
927 2831 1078 2894 Θεός·
1128 2830 1191 2884 '0
1246 2830 1356 2899 γὰρ
1394 2830 1626 2901 ἐξάγων
1666 2831 1862 2900 τίμιον
1897 2829 1967 2894 ἐξ

295 2914 550 2980 ἀναξίου
566 2916 645 2980 ὡς
660 2916 854 2982 στόμα
869 2931 990 2983 μου
1006 2914 1568 2984 ἕσται,φησίν.”οταν
1595 2910 1734 2985 οὐνή
1757 2913 1969 2982 γλῶττά

299 3012 394 3050 σου
425 2997 499 3062 ὡς
515 3000 549 3069 ή
570 2997 784 3067 γλῶττα
798 2993 871 3071 ﬁ“
886 2995 981 3051 τοῦ
1009 2997 1266 3067 Χριστοῦ,
1303 2997 1396 3049 καὶ
1410 2997 1470 3049 τὸ
1500 2998 1673 3068 στόμα
1701 3014 1793 3051 σου
1817 2996 1972 3066 γένη-

297 3098 387 3136 ται
414 3083 587 3153 στόμα
608 3082 705 3136 τοῦ
733 3082 968 3153 Πατρὸς,
985 3082 1089 3135 καὶ
1109 3081 1200 3134 τοῦ
1219 3081 1537 3151 Πνεύματος
1555 3081 1648 3135 τοῦ
1669 3082 1824 3149 ἁγίου
1843 3080 1970 3145 ναὸς

298 3158 384 3237 ᾖς,
419 3164 546 3217 ποία
570 3164 774 3235 ταύτης
824 3164 1009 3223 λοιπὸν
1060 3164 1154 3234 ἴση
1180 3165 1372 3231 γένοιτ’
1403 3164 1469 3217 ἀν
1489 3166 1654 3236 τιμής
1703 3163 1837 3217 Οὐδέ
1864 3165 1970 3234 γὰρ

298 3250 347 3302 εί
368 3248 476 3303 ἀπὸ
497 3248 720 3319 χρυσίου
766 3246 1257 3302 συνέκειτόισουντὸ
1292 3246 1488 3317 στόμα,
1539 3247 1660 3300 οὐδὲ
1691 3249 1739 3299 εί
1766 3246 1872 3298 ἀπὸ
1890 3246 1972 3299 λί-

299 3329 407 3386 θων
432 3332 648 3403 τιμίων,
690 3330 879 3393 οὕτως.
910 3329 1104 3400 ἔμελλε
1133 3328 1474 3398 λάμπεινιὼς
1507 3329 1624 3392 νῦν,
1679 3329 1757 3399 τῷ
1781 3329 1971 3399 κόσμῳ

297 3417 406 3487 τῆςΔ
419 3415 716 3478 ἐπιεικείας
739 3411 1233 3482 καταυγαζόμενον.
1275 3411 1340 3462 Τί
1368 3411 1767 3482 γὰρστόματος
1790 3412 1971 3465 ποθει-

299 3499 516 3570 νότερον
546 3500 648 3552 οὐκ
671 3498 868 3559 εἰδότος
892 3494 1167 3567 ὑϐρίζειν,
1190 3494 1305 3547 ἀλλ’
1323 3493 1562 3563 εὐλογεῖν
1595 3492 1714 3565 [καὶ
1743 3510 1973 3565 χρηστο-

299 3581 502 3653 λογεῖν]
531 3583 553 3614 ⁸
595 3579 1058 3651 μεμελετηκότοςς
1115 3576 1175 3629 EI
1198 3575 1254 3628 δὲ
1284 3576 1385 3628 οὐκ
1407 3576 1575 3646 ἀνέχῃ
1599 3577 1841 3645 εὐλογεῖν
1880 3577 1972 3630 τὸν

301 3664 708 3735 καταρώμενον,
734 3662 975 3730 σίγησον,
996 3659 1090 3713 καὶ
1124 3658 1280 3712 τοῦτο
1303 3658 1439 3722 τέως
1466 3659 1828 3731 κατόρθωσον·
1877 3658 1972 3713 καὶ

300 3745 407 3817 6δῷ
440 3746 749 3818 προϐαίνων
781 3743 877 3797 καὶ
908 3740 1221 3804 σπουδάζων
1265 3740 1341 3804 ὡς
1366 3740 1491 3813 χρὴ,
1527 3742 1622 3795 καὶ
1663 3743 1748 3795 ἐπ’
1799 3743 1974 3796 ἐκεῖνο

303 3830 473 3901 ἥξεις,
506 3829 603 3882 καὶ
630 3828 807 3899 κτήσῃ
839 3825 1012 3895 στόμα
1049 3823 1288 3877 τοιοῦτον
1332 3819 1443 3877 οἷον
1473 3826 1795 3896 εἰρήκαμεν.

375 3913 438 3969 δ’.
460 3913 573 3967 Kal
607 3911 682 3981 μὴ
706 3910 932 3980 νομίσῃς
968 3907 1237 3979 τολμηρὸν
1281 3901 1420 3960 εἶναι
1448 3907 1507 3959 τὸ
1541 3906 1749 3979 λεχθέν.
1778 3908 1973 3962 Φιλάν-

304 3996 521 4069 ορωπος
550 3993 713 4067 [756}.
731 3994 840 4064 γάρ
874 3994 1021 4046 ἐστιν
1044 3993 1074 4044 6
1118 3990 1414 4060 Δεσπότης,
1447 3991 1540 4044 καὶ
1568 3992 1667 4062 τῆς
1698 3992 1972 4064 ἀγαθότη-

303 4098 395 4146 τος
425 4081 601 4135 αὐτοῦι
634 4080 696 4133 τὸ
719 4078 889 4149 δῶρον
924 4076 1154 4145 γίνεται.
1200 4075 1482 4145 Τολμηρόν
1534 4077 1671 4140 ἐστι,
1741 4076 1974 4149 διαϐόλῳ

306 4165 479 4236 στόμα
511 4163 662 4235 ἐχειν.
680 4162 876 4228 ἐοικὸς,
929 4160 1180 4231 δαίμονος
1214 4157 1451 4229 πονηροῦ
1474 4159 1774 4230 κεκτῆσθαι
1795 4160 1973 4229 γλῶτ-

303 4249 631 4318 τανιόμοίαν,
653 4246 884 4317 μάλιστα
910 4244 1001 4297 τὸν
1041 4241 1354 4313 μυστηρίων
1379 4243 1635 4296 τοιούτων
1654 4243 1969 4314 μετέχοντα,

305 4334 402 4387 καὶ
427 4332 566 4403 αὐτῇ
608 4326 972 4383 κοινωνοῦντα
998 4329 1065 4397 τῇ
1099 4326 1262 4397 σαρκὶ
1312 4326 1408 4380 τοῦ
1460 4325 1752 4379 Δεσπότου.
1804 4328 1970 4381 Ταῦτ’

304 4413 402 4470 οὖν
439 4413 917 4482 ἀναλογιζόμενος,
943 4408 1101 4479 γενοῦ
1122 4410 1242 4463 κατ’
1269 4410 1473 4463 ἐκεῖνον
1499 4410 1577 4473 είς
1609 4409 1838 4481 δύναμιν
1872 4411 1973 4484 τήν

306 4498 429 4571 σήν,
470 4496 669 4551 Οὐκέτι
702 4496 747 4526 ¹³
795 4511 877 4548 σοι
903 4493 1089 4547 λοιπὸν
1116 4493 1145 4545 6
1181 4492 1424 4556 διάϐολος
1479 4492 1601 4546 οὐδὲ
1656 4494 1973 4566 ἀντιϐλέψαι

305 4580 532 4651 τοιούτῳ
547 4577 823 4649 γενομένῳ
849 4576 1155 4646 δυνήσεται.
1183 4576 1290 4629 Kal
1320 4574 1429 4645 γὰρ
1480 4575 1830 4644 ἐπιγινώσκει
1882 4576 1973 4629 τὸν

306 4665 631 4736 χαρακτῆρα
656 4661 746 4714 τὸν
774 4658 1068 4729 βασιλικόν·
1096 4652 1205 4711 οἶδε
1237 4657 1331 4711 τοῦ
1357 4658 1595 4728 Χριστοῦ
1624 4657 1693 4711 τὰ
1720 4658 1880 4722 ὅπλα,
1904 4659 1971 4712 δι’

306 4740 383 4803 ὧν
408 4746 637 4817 ἡττήθη.
673 4744 807 4796 Τίνα
836 4742 893 4796 δέ
919 4740 1091 4796 ταῦτά
1124 4743 1307 4807 ἐστιν;
1352 4740 1650 4794 Ἐπιείκεια
1674 4742 1769 4795 καὶ
1804 4742 1973 4815 πραό-

305 4847 427 4901 της.
461 4830 571 4883 Kal
589 4827 697 4899 γὰρ
717 4828 807 4880 ὅτε
829 4827 887 4879 ἐν
917 4824 995 4896 τῷ
1016 4825 1131 4897 ὄρει
1152 4824 1555 4895 προσϐάλλοντα
1585 4824 1746 4877 αὐτὸν
1776 4826 1974 4897 κατέρ-

308 4913 438 4986 pag:
469 4911 564 4966 καὶ
591 4910 872 4977 ἐξέτεινεν,
904 4909 1025 4978 οὐχὶ
1052 4906 1451 4979 γνωριζόμενος
1492 4907 1574 4960 ὅτι
1605 4907 1839 4977 Χριστὸς
1880 4904 1970 4979 ἦν,

307 4998 425 5053 ἀλλ’
463 4996 571 5051 ἀπὸ
593 5000 702 5048 των
726 4993 985 5066 ῥημάτων
1014 4992 1174 5046 αὐτὸν
1223 4993 1554 5062 ἐσαγήνευσε
1590 4992 1813 5054 τούτων,
1866 4992 1973 5046 ἀπὸ

308 5079 606 5141 ἐπιεικείας
635 5070 777 5130 εἷλεν
797 5115 812 5139 ,
836 5074 944 5129 ἀπὸ
971 5074 1273 5145 πραότητος
1290 5074 1655 5145 ἐτροπώσατο.
1686 5074 1856 5129 Τοῦτο
1879 5076 1975 5129 καὶ⁵

311 5163 379 5217 σὺ
401 5162 643 5232 ποίησον·
675 5159 741 5214 ἂν
771 5158 886 5230 ἴδῃς
922 5157 1204 5228 ἄνθρωπον
1231 5157 1475 5211 διάϐολον
1504 5158 1824 5228 γενόμενον,
1880 5160 1975 5212 καὶ

311 5245 605 5317 προσιόντα
636 5260 739 5309 σοι,
770 5240 919 5297 οὓτω.
943 5242 1038 5295 καὶ
1065 5242 1129 5294 σύ
1172 5241 1410 5312 νίκησον.
1443 5241 1650 5294 Ἔδωκέ
1688 5259 1770 5294 σοι
1793 5242 1821 5294 6
1841 5243 1977 5313 Χρι-

420 5408 437 5439 ¹
482 5406 687 5477 ὕμνους
733 5404 801 5461 Η.
842 5420 1016 5477 νει).
1049 5403 1321 5477 λυσιτελεῖ
1365 5403 1428 5457 L.
1467 5403 1720 5473 λυσιτελῆ
1746 5404 1809 5477 Κ.

311 5475 381 5533 ἂν
404 5474 609 5563 οηιζίέ.
686 5477 708 5509 ⁵
741 5474 973 5600 nulla!
992 5474 1050 5529 L.
1077 5475 1313 5561 γέμοντα
1343 5476 1436 5562 καὶ
1460 5492 1555 5545 πρ.

312 5548 373 5600 δὲ
400 5548 702 5600 ποοδοόντι
758 5565 832 5600 ua
869 5548 994 5600 ητῆ.
1036 5548 1240 5600 ἐταιοε.
1273 5548 1355 5600 ἐφ’
1383 5563 1427 5600 ω
1460 5546 1555 5600 πάι

312 5548 373 5601 δὲ
400 5548 536 5618 προδ
548 5548 702 5601 ,δόντι
758 5548 933 5618 μαθητ

593 5549 702 5601 όντι
758 5548 1008 5670 μαθητῇἦν
1036 5548 1240 5617 ἐταῖρε,
1273 5548 1355 5614 ἐφ’
1383 5548 1427 5612 ᾧ
1460 5548 1656 5615 πάρει;
1685 5548 1818 5600 Edd.
1876 5550 1989 5599 non
2040 5548 2179 5599 verti

593 5618 748 5717 ίίέἑέἒ.
772 5619 866 5717 '::.~.
906 5618 1143 5717 ἰληέἷῗδῗ
1176 5615 1884 5717 ί¹¹⁶¹ξ¹.⁸³.ὶ¹.⁶ῗ³¹ὶ1¹.ί]ἑ¹·ξοδδ
1911 5615 2186 5717 θὲηἷΡξῗᾟε

1370 5687 1475 5757 σοι]
1512 5703 1593 5739 σοι
1615 5687 1676 5738 τδ
1714 5686 1778 5740 Η.
1821 5687 1891 5743 Μ.
1926 5704 2019 5739 σου
2048 5687 2108 5738 τὸ
2147 5685 2211 5741 G.
2245 5685 2309 5740 K.
2416 5685 2459 5716 ³³
2498 5685 2616 5754 καὶι
2655 5685 2915 5757 adhuc.
2960 5685 3080 5737 Mox
3121 5687 3346 5754 ἰοωμεν
3367 5685 3422 5735 δὲ
3462 5685 3576 5744 πῶς
3611 5685 3743 5735 Edd.

1370 5774 1454 5809 νου
1489 5758 1543 5810 L.
1576 5757 1744 5811 inyilo
1768 5757 1862 5812 Ge.
1945 5760 1988 5789 ¹⁶
2026 5757 2277 5827 λαλήσεις
2303 5754 2471 5827 Εάιιπ
2520 5755 2558 5827 [⁷
2590 5754 2831 5827 αὐτὸςμ
2867 5755 3189 5827 Χριστος-β.
3225 5755 3288 5808 II.
3416 5752 3519 5827 7M._
3575 5751 3748 5827 "_zal

1333 5844 1387 5897 p.
1416 5827 1687 5880 διατίθεσο
1713 5827 1779 5882 ll.
1822 5829 1889 5881 Μ.
1919 5819 2159 5882 διατίοού
2211 5826 2277 5880 G.
2316 5828 2359 5857 "
2414 5821 2554 5880 αὐτὰ
2585 5819 2847 5897 δ.γτά]’τά
2868 5819 3007 5897 αὐτά
3028 5824 3241 5897 8.-Ειιι1.

355 5618 411 5671 έν
454 5636 537 5671 ται
593 5619 665 5682 ὡς
686 5618 745 5670 τδ
772 5619 833 5673 L.
906 5621 926 5650 ’
971 5618 1187 5671 Verbai

314 5636 386 5745 Il.
516 5618 584 5742 [δέ.
609 5687 749 5760 ὅλον]
774 5688 867 5741 τοῦ
906 5689 1086 5760 δόντος
1116 5688 1187 5760 L.

320 5761 366 5791 "
393 5760 672 5843 προσέξει]
700 5757 822 5843 (εἰμι.
846 5759 1086 5843 σοι-[ἑὼ]ἔ
1147 5757 1208 5843 “l‘
1247 5757 1454 5843 ἐκείνου
1489 5757 1862 5843 Ιλπέιινίιςζϐεξ2

320 5829 1117 5979 ειςαιιῑεξῒξξξξπεξφέὲιί,ἐς
1146 5828 1216 5979 if:
1243 5844 1314 5979 ξι
1333 5844 1394 5979 ¹ἰξ

322 5969 510 6041 φησὶν]
538 5970 661 6025 add.
694 5966 761 6041 ἦν
796 5966 936 6025 ωδ.
1004 5971 1048 6003 ³⁸
1089 5966 1283 6039 στόμα]
1310 5968 1402 6022 καὶ
1435 5966 1606 6049 στόμα
1642 5969 1774 6027 laud.

1333 300 1402 359 IN
1433 298 1851 359 MATTIUEUM
1892 299 2127 358 HOMIL.
2165 300 2445 357 LXXVIII.
2483 301 2555 357 al.
2589 299 2826 358 LXXIX.

1925 5406 1945 5437 ⁸
1983 5405 2280 5473 ἀπολογίαν
2312 5403 2445 5458 Edd.

1489 5898 1533 5971 ’ξ
1571 5899 1813 5971 στόματα
1835 5900 1966 5956 Edd.
2044 5900 2089 5932 “
2132 5897 2210 5969 σῷ
2240 5898 2345 5971 όν.]
2380 5899 2456 5951 όν.
2494 5914 2588 5951 σου
2624 5896 2756 5951 Edd.

3632 302 3740 362 710

2073 420 2196 483 στὸς
2230 419 2475 485 ἐξουσίαν
2497 418 2748 487 γενέσθαι
2776 404 2895 474 κατ’
2928 417 3090 473 αὐτὸν
3114 416 3199 482 είς
3223 416 3450 491 δύναμιν
3476 421 3573 491 τὴν
3613 427 3733 492 σήν.

2068 503 2161 574 Μὴ
2195 502 2438 575 φοϐηθῇς
2458 502 2619 555 τοῦτο
2650 501 2884 560 ἀκούων.
2916 502 3083 566 Φόϐος
3106 502 3243 569 ἐστὶ,
3294 502 3357 556 τὸ
3384 501 3458 574 μὴ
3484 503 3735 572 γενέσθαι

2066 588 2185 640 κατ’
2219 586 2399 639 αὐτόν.
2437 584 2682 655 Φθέγγου
2712 586 2895 640 τοίνυν
2950 585 3071 639 κατ’
3115 586 3344 651 ἐκεῖνον,
3382 586 3479 639 καὶ
3506 586 3735 654 γέγονας

2069 672 2211 725 κατὰ
2239 671 2397 726 τοῦτο
2424 671 2666 737 τοιοῦτος
2694 668 2807 737 οἷος
2832 674 3058 739 ἐκεῖνος,
3082 671 3159 737 ὡς
3188 672 3472 745 ἄνθρωπον
3495 672 3627 728 ὅντα
3657 674 3736 726 ἔνι

2064 754 2337 823 γενέσθαι.
2370 753 2468 807 Διά
2495 746 2655 809 τοῦτο
2678 754 2879 827 μείζων
2918 755 2948 809 ὁ
2979 755 3125 811 οὕτω
3152 756 3351 821 λαλῶν,
3400 756 3488 827 ἢὸ
3526 773 3736 828 προφηθ

2064 837 2257 892 τεύων.
2288 838 2363 892 Τὸ
2390 838 2613 909 μὲνγὰρ
2645 839 2806 910 χάρις
2837 838 2880 870 ¹¹
2909 838 3051 893 ὅλον·
3109 838 3343 894 ἐνταῦθα
3367 838 3425 892 δέ
3446 839 3543 892 καὶ
3575 842 3738 902 πόνος

2066 920 2159 985 σὸς
2188 922 2283 975 καὶ
2332 919 2512 992 ἱδρώς.
2553 920 2774 985 Δίδαξον
2818 921 2916 993 τήν
2965 921 3144 993 ψυχὴν
3187 920 3535 976 διαπλάττειν
3583 937 3664 973 σοι
3693 920 3737 951 ¹²

2066 1002 2240 1073 στόμα
2262 1002 2491 1073 στόματι
2514 1002 2750 1073 Χριστοῦ
2772 1003 2968 1067 ἐοικός.
3008 1002 3240 1057 Δύναται
3257 1002 3365 1075 γάρ
3390 1001 3611 1055 τοιαῦτα
3644 1002 3740 1072 δη-

2066 1086 2365 1156 μιουργεῖν,
2394 1084 2460 1139 ἂν
2482 1084 2663 1157 ἐθέλῃ·
2684 1081 2794 1139 οῐδε
2816 1085 2915 1156 τὴν
2940 1084 3160 1158 τέχνην,
3191 1085 3257 1139 ἂν
3282 1085 3356 1156 μὴ
3474 1086 3736 1157 ῥᾴθυμος.

2060 1167 2175 1221 Kal
2200 1168 2319 1231 πῶς
2356 1169 2649 1223 πλάττεται
2682 1168 2930 1225 τοιοῦτον
2983 1171 3189 1240 στόμα;
3231 1168 3386 1239 φησί·
3438 1168 3527 1221 διὰ
3568 1169 3738 1221 ποίων

2062 1251 2367 1322 χρωμάτων
2390 1252 2510 1318 ;διά
2533 1253 2692 1317 ποίας
2723 1252 2885 1324 ῦλης;
2916 1252 3014 1307 Διά
3032 1253 3341 1324 χρωμάτων
3364 1252 3462 1323 μὲν
3488 1253 3582 1305 καὶ
3607 1252 3740 1322 ὕλης

2061 1335 2338 1407 οὐδεμιᾶς·
2370 1337 2456 1390 διά
2483 1337 2539 1390 δέ
2568 1338 2769 1408 ἀρετῆς
2830 1337 3020 1409 μόνης,
3054 1337 3149 1391 καὶ
3195 1336 3513 1399 ἐπιεικείας,
3568 1337 3661 1388 καὶ
3693 1338 3737 1367 ¹³

2060 1420 2580 1492 ταπεινοφροσύνης.
2607 1421 2833 1492 Ἶδωμεν
2859 1420 2976 1484 πῶς
3008 1420 3103 1475 καὶ
3122 1420 3297 1489 στόμα
3311 1418 3556 1473 διαϐόλου
3579 1418 3741 1473 πλάτ-

2060 1505 2341 1569 τεται,ῖνα
2383 1504 2651 1575 μηδέποτε
2702 1506 2881 1559 ἐκεῖνο
2912 1505 3433 1574 κατασκευάσωμεν.
3468 1504 3589 1568 Πῶς
3642 1500 3736 1556 οὖν

2063 1585 2393 1651 πλάττεται;
2441 1585 2539 1640 Διά
2576 1585 2747 1656 ἀρῶν,
2777 1586 2869 1641 διά
2914 1585 3149 1657 ῦϐρεων,
3175 1585 3264 1639 διά
3296 1586 3616 1656 βασκανίας,
3667 1586 3735 1639 δι’

2064 1669 2371 1739 ἐπιορκίας.
2431 1669 2599 1722 Ὀταν
2649 1669 2761 1740 γὰρ
2808 1668 2879 1723 τά
2930 1669 3138 1724 ἐκείνου
3169 1668 3477 1740 φθέγγηται
3500 1686 3605 1733 τις,
3636 1669 3736 1740 τὴν

2059 1748 2267 1803 ἐκείνου
2306 1748 2551 1816 γλῶτταν
2570 1750 2870 1821 ιλαμϐάνει.
2924 1751 3091 1805 Ποίαν
3138 1747 3232 1805 οῦν
3274 1750 3466 1820 ἐξομεν
3492 1749 3739 1818 συγγνώ-

2064 1848 2192 1903 μην,
2217 1832 2415 1903 μᾶλλον
2449 1833 2507 1886 δὲ
2545 1835 2705 1888 ποίαν
2738 1835 2835 1909 οὐχ
2867 1833 3284 1906 ὐποστησόμεθα
3303 1832 3736 1903 τιμωρίαν,ὅταν

2059 1916 2159 1986 τὴν
2181 1915 2446 1985 γλῶτταν,
2542 1917 2960 1989 κατηξιώθημεν
2988 1918 3187 1989 σαρκὸς
3205 1917 3502 1986 γεύσασθαι
3531 1920 3736 1970 Δεσπο-

2059 1981 2237 2068 τικῆς,
2252 1997 2456 2068 ταύτην
2480 1981 2811 2070 περιίδωμεν
2920 1998 3012 2052 τοῦ
3047 1981 3297 2053 διαϐόλου
3320 1997 3731 2069 φθεγγομένην;

2061 2081 2154 2151 Μὴ
2197 2081 2260 2152 δὴ
2303 2082 2652 2152 περιίδωμεν,
2712 2083 2849 2136 ἀλλά
2906 2084 3052 2153 πάσῃ
3107 2082 3442 2155 χρησώμεθα
3507 2082 3734 2152 σπουδῇ,

2063 2165 2201 2217 ὥστε
2237 2165 2405 2236 αὐτὴν
2435 2162 2720 2219 παιδεῦσαί
2748 2166 2838 2218 τὸν
2864 2168 3139 2236 Δεσπότην
3176 2166 3459 2237 μιμεῖσθαι
3487 2167 3578 2219 τὸν
3603 2166 3732 2218 ἐαυ-

2062 2250 2182 2320 τῆς.
2211 2250 2307 2301 Ἂν
2338 2250 2443 2321 γὰρ
2467 2250 2632 2320 αὐτὴν
2653 2250 3029 2320 παιδεύσωμεν
3049 2249 3226 2310 τοῦτο,
3258 2251 3394 2320 μετά
3422 2249 3621 2318 πολλῆς
3637 2248 3738 2316 τῆς

2063 2333 2379 2404 παρρησίας
2429 2332 2521 2385 ἐπὶ
2549 2332 2641 2384 τοῦ
2678 2332 2918 2402 βήματος
2949 2332 3096 2402 ήμᾶς
3133 2332 3319 2401 στήσει
3349 2331 3442 2385 τοῦ
3472 2328 3734 2401 Χριστοῦ.

2066 2419 2163 2470 Ἂν
2197 2417 2273 2485 μή
2308 2432 2390 2477 τις
2416 2413 2588 2478 οὕτως
2611 2416 2725 2485 είδῇ
2760 2414 2963 2478 λαλεῖν,
3001 2413 3120 2466 οὐδὲ
3181 2414 3471 2467 ἀκούσεται
3511 2411 3674 2466 αὐτοῦ
3709 2410 3739 2462 ό

2063 2500 2344 2569 δικαστής.
2369 2498 2636 2569 Καθάπερ
2654 2498 2785 2569 γὰρ,
2799 2499 2929 2552 ὅταν
2943 2498 3212 2566 Ῥωμαῖος
3229 2495 3304 2549 ὣν
3326 2497 3354 2549 6
3372 2495 3561 2567 κριτὴς
3576 2494 3738 2566 τύχῃ,

2065 2584 2165 2636 οὐκ
2188 2582 2480 2636 ἀκούσεται
2500 2581 2934 2651 ἀπολογουμένου
2960 2580 3055 2633 τοῦ
3078 2582 3176 2633 οὐκ
3193 2579 3393 2643 εἰδότος
3420 2578 3561 2631 οὓτω
3575 2578 3739 2647 φθέγς

2065 2666 2278 2735 γεσθαι·
2308 2664 2452 2719 οῦτω
2498 2665 2591 2718 καὶ
2617 2665 2647 2717 6
2683 2665 2936 2736 Χριστὸς,
2963 2664 3030 2718 ἂν
3060 2663 3294 2735 μὴκατὰ
3311 2664 3401 2716 τὸν
3426 2663 3590 2715 αὐτοῦ
3615 2667 3739 2731 τρό-

2068 2768 2168 2805 πον
2190 2749 2376 2820 λαλῇς,
2411 2749 2515 2802 οὐκ
2544 2747 2834 2803 ἀκούσεταί
2858 2766 2975 2811 σου,
3014 2748 3135 2801 οὐδέ
3162 2746 3417 2818 προσέξει
3443 2746 3507 2799 ιδ.
3536 2746 3737 2799 Μαθου-

2072 2852 2170 2904 μεν
2198 2834 2375 2887 τοίνυν
2394 2830 2537 2885 οῦτώ
2570 2830 2771 2895 λαλεῖν,
2816 2831 2891 2893 ώς
2920 2831 3107 2883 εἴωθεν
3135 2829 3353 2884 ἀκούειν
3378 2831 3405 2882 ό
3434 2827 3686 2898 βασιλεὺς
3711 2828 3738 2879 6

2070 2918 2335 2988 ἡμέτερος
2354 2933 2368 2947 ·
2410 2915 2801 2985 σπουδάσωμεν
2830 2913 3043 2984 ἐκείνην
3069 2914 3112 2945 ¹⁸
3133 2913 3418 2983 μιμεῖσθαι
3441 2912 3538 2982 τὴν
3569 2909 3740 2978 γλῶτ-

2069 3017 2189 3054 ταν.
2228 2999 2337 3053 Κᾶν
2354 3000 2432 3062 είς
2453 2999 2645 3061 πένθος
2676 2998 2942 3069 ἐμπέσῃς,
2959 2996 3149 3050 σκόπει
3177 2998 3323 3060 ὅπως
3349 2992 3742 3066 μὴδιαστρέψῃ

2073 3100 2166 3136 σου
2204 3084 2266 3137 τὸ
2318 3083 2495 3153 στόμα
2524 3082 2622 3149 τῆς
2645 3081 2883 3151 ἀθυμίας
2910 3082 2943 3151 ή
2966 3081 3241 3152 τυραννὶς,
3263 3078 3400 3132 ἀλλά
3436 3078 3679 3149 λαλήσῃς
3699 3077 3741 3107 ⁸⁸

2070 3166 2258 3237 ὥσπερ
2278 3168 2305 3219 ό
2322 3165 2573 3236 Χριστός.
2609 3164 2905 3235 Ἐπένθησε
2933 3162 3044 3235 γάρ
3061 3163 3155 3217 καὶ
3181 3163 3343 3225 αὐτὸς
3371 3161 3465 3215 τὸν
3492 3161 3743 3229 Λάζαρον

2071 3250 2165 3303 καῖ
2197 3249 2288 3303 τὸν
2328 3250 2545 3303 Ἰούδαν.
2584 3250 2683 3302 “Av
2705 3250 2785 3311 είς
2824 3247 2989 3317 φόϐον
3010 3246 3278 3318 ἐμπέσῃς,
3331 3246 3569 3317 ζήτησον
3601 3242 3742 3296 οῦτω

2070 3333 2300 3402 λαλῆσαι
2334 3333 2494 3386 πάλιν
2518 3332 2592 3395 ώς
2623 3331 2783 3393 αὐτός
2816 3331 2880 3384 ¹⁷.
2923 3331 3176 3383 Ἐνέπεσε
3199 3332 3308 3400 γὰρ
3330 3329 3423 3382 καὶ
3444 3327 3608 3389 αὐτὸς
3662 3326 3744 3388 εἰς

2072 3417 2235 3487 φόϐον
2265 3417 2353 3470 διὰ
2381 3416 2438 3469 σὲ
2461 3416 2600 3469 κατὰ
2620 3415 2713 3469 τὸν
2740 3413 2891 3487 [757]
2924 3415 3023 3485 τῆς
3063 3414 3373 3483 οἰκονομίας
3392 3412 3569 3480 λόγον.
3607 3409 3743 3462 Εἰπὲ

2071 3502 2168 3554 καὶ
2213 3499 2278 3553 σύ
2301 3514 2314 3528 ·
2345 3499 2521 3566 Πλὴν
2563 3501 2676 3567 οὐχ
2723 3499 2805 3565 ὡς
2832 3496 2946 3567 ἐγὼ
2999 3498 3171 3561 θέλω,
3202 3497 3338 3550 ἀλλ’
3365 3496 3446 3560 ὠς
3489 3493 3591 3547 σύ.
3622 3491 3743 3545 Κᾶν

2072 3584 2286 3656 κλαίῃς,
2308 3583 2577 3655 δάκρυσον
2617 3581 2800 3653 ἠρέμα
2830 3582 2906 3644 ὼς
2960 3581 3143 3644 αὐτός.
3178 3579 3293 3633 Κᾶν
3345 3580 3424 3642 είς
3454 3575 3744 3637 ἐπιϐουλὰς

2073 3669 2317 3738 ἐμπέσῃς
2338 3667 2433 3720 καὶ
2459 3665 2656 3735 λύπην,
2692 3664 2975 3717 καὶταῦτα
3003 3663 3047 3695 ¹⁸
3070 3663 3143 3727 ὡς
3162 3664 3190 3716 6
3212 3661 3448 3734 Χριστὸς
3491 3656 3739 3712 διατίθει.

2071 3751 2185 3805 Kal
2216 3749 2325 3821 γὰρ
2357 3751 2450 3803 καὶ
2476 3747 2838 3816 ἐπεϐουλεύθη
2868 3747 2961 3801 καὶ
3009 3745 3274 3817 ἐλυπήθη,
3307 3744 3404 3797 καὶ
3439 3742 3608 3810 λέγει·
3635 3742 3745 3792 Πε-

2064 3833 2327 3904 ρίλυπός
2355 3833 2527 3885 ἐστιν
2549 3833 2588 3900 ἠ
2611 3830 2783 3901 ψυχή
2810 3848 2931 3900 μου
2975 3830 3085 3896 ἕως
3118 3828 3397 3884 θανάτου.
3424 3827 3535 3879 Καὶ
3564 3824 3743 3876 πάντα

2075 3935 2158 3971 σοι
2189 3916 2257 3969 τά
2288 3915 2658 3986 ὑποδείγματα
2717 3915 3011 3986 παρέσχεν,
3061 3914 3147 3968 ἵνα
3177 3912 3315 3967 αὐτά
3377 3909 3744 3979 διαφυλάττῃς

2072 4002 2142 4055 τά
2172 4000 2216 4032 ⁸⁸
2246 4001 2442 4072 μέτρα,
2483 4000 2576 4053 καὶ
2603 3999 2729 4062 τοὺς
2753 3998 3006 4061 δοθέντας
3063 4015 3145 4050 σοι
3179 3995 3252 4067 μὴ
3296 3994 3610 4065 διαφθείρῃς
3638 4008 3741 4044 κα-

2073 4085 2250 4149 νόνας.
2288 4084 2442 4137 Οῦτω
2472 4082 2673 4155 δυνήσῃ
2697 4080 2872 4151 στόμα
2900 4081 3045 4152 ἐχειν
3095 4081 3268 4144 ἐοικὸς
3299 4079 3503 4132 ἐκείνου
3524 4076 3601 4147 τῷ
3632 4075 3747 4127 στό-

2078 4182 2227 4238 ματι·
2254 4164 2427 4227 οὕτως
2454 4165 2545 4218 ἐπὶ
2573 4165 2676 4235 γῆς
2707 4163 2958 4233 βαδίζων,
2986 4162 3079 4216 τοῦ
3110 4163 3221 4217 ἀνω
3247 4160 3554 4232 καθημένου
3571 4157 3745 4227 γλῶτ-

2074 4268 2174 4304 ταν
2200 4250 2332 4319 ήμῖν
2364 4246 2649 4313 ἐπιδείξεις
2675 4246 2886 4317 όμοίαν,
2911 4246 2981 4300 τὰ
3012 4246 3183 4317 μέτρα
3217 4244 3287 4298 τὰ
3315 4247 3370 4298 ἐν
3403 4242 3630 4313 ἀθυμίᾳ,
3674 4241 3744 4294 τὰ

2076 4334 2135 4387 ἐν
2159 4332 2319 4403 ὀργῇ,
2347 4330 2417 4384 τά
2442 4332 2501 4384 ἐν
2528 4328 2819 4391 πένθει,τά
2865 4333 2922 4383 ἐν
2971 4331 3177 4402 ἀγωνία
3236 4329 3527 4400 διατηρῶν.
3582 4325 3744 4378 Πόσοι

2078 4416 2231 4486 ὐμῶν
2250 4416 2296 4446 ¹⁰
2326 4415 2463 4467 εἰσιν
2499 4415 2548 4467 οἱ
2581 4412 2974 4483 ἐπιθυμοῦντες
2998 4413 3163 4467 αὐτοῦ
3209 4414 3306 4485 τὴν
3332 4412 3543 4484 μορφὴν
3583 4410 3741 4473 ίδεῖν;

2089 4500 2221 4553 ’1δού
2247 4498 2347 4552 οὐκ
2374 4498 2501 4551 ίδεῖν
2532 4497 2712 4567 μόνον,
2748 4496 2883 4549 ἀλλά
2905 4497 2999 4548 καὶ
3020 4497 3271 4565 γενέσθαι
3307 4497 3426 4549 κατ’
3456 4494 3617 4547 αὐτὸν
3649 4491 3743 4545 δυο

2077 4583 2256 4648 νατὸν,
2291 4581 2356 4635 ἂν
2385 4579 2793 4651 σπουδάζωμεν.
2830 4580 2922 4650 Μὴ
2951 4579 3378 4651 ἀναϐαλλώμεθα
3399 4577 3598 4631 τοίνυν.
3633 4574 3745 4645 Οὐχ

2077 4665 2249 4729 οῦτως
2279 4662 2581 4726 ἀσπάζεται
2612 4662 2907 4733 προφητῶν
2944 4664 3120 4732 στόμα
3151 4664 3220 4727 ²¹,
3253 4663 3327 4726 ώς
3367 4661 3623 4715 ἐπιεικῶν
3649 4660 3745 4712 καὶ

2077 4748 2267 4819 πράων
2307 4744 2625 4817 ἀνθρώπων.
2676 4744 2898 4799 Πολλοὶ
2930 4745 3040 4815 γὰρ
3069 4746 3274 4815 ἐροῦσι
3294 4764 3416 4815 μοι,
3450 4744 3633 4814 φησὶν,
3662 4744 3745 4795 Οὐ

2076 4832 2155 4897 τῷ
2187 4831 2278 4897 σῷ
2306 4831 2549 4900 ὀνόματι
2573 4831 2619 4861 “
2648 4831 3209 4899 προεφητεύσαμεν;
3239 4829 3347 4882 Καὶ
3374 4828 3486 4896 ἐρῶ
3518 4825 3742 4889 αὐτοῖς·

2071 4918 2194 4970 οὐκ
2252 4911 2387 4969 οἶδα
2440 4911 2618 4983 ὑμᾶς.
2670 4914 2742 4966 Τὸ
2780 4913 2836 4966 δὲ
2888 4912 2981 4965 τοῦ
3006 4913 3304 4973 Μωῦσέως,
3333 4911 3516 4981 ἐπειδὴ
3541 4907 3745 4977 σφόδρα

2076 4997 2325 5068 ἐπιεικὴς
2347 4993 2415 5069 ἦν
2435 4998 2528 5050 καὶ
2564 4998 2755 5067 πρᾶος,
2780 4996 2864 5065 ('0
2895 4996 3003 5066 γὰρ
3038 4994 3317 5060 Μωϋσῆς,
3353 4994 3516 5062 φησὶν
3536 4991 3602 5053 ’³,
3638 4989 3745 5041 ἂν·-

2074 5086 2307 5151 θρωπος
2335 5082 2667 5149 πραότατος
2728 5081 2888 5148 παρὰ
2943 5077 3172 5143 πάντας
3203 5078 3343 5143 τοὺς
3400 5074 3746 5143 ἀνθρώπους

2074 5166 2215 5231 τοὺς
2247 5164 2345 5217 ἐπὶ
2382 5162 2492 5231 τῆς
2519 5161 2675 5232 γῆς’)
2705 5161 2876 5225 οὕτως
2904 5159 3181 5231 ἠσπάζετο
3214 5162 3306 5213 καὶ
3333 5158 3527 5228 ἐφίλει,
3564 5156 3638 5219 ὡς
3668 5157 3747 5206 εί-

2076 5251 2221 5313 πεῖν,
2250 5245 2529 5312 Ἐνώπιος
2555 5246 2806 5310 ἑνωπίῳ,
2862 5247 3058 5314 στόμα
3102 5244 3147 5276 ’⁸
3191 5248 3339 5297 κατὰ
3377 5242 3572 5309 στόμα
3607 5239 3748 5293 ἐλά-

2561 5403 2581 5434 ³
2613 5402 2822 5457 ΤαϐιΟὰ
2860 5401 3073 5472 οηιηιλ.
3107 5471 3117 5472 7
3180 5401 3201 5433 δ
3239 5399 3327 5472 ἂν]
3367 5400 3491 5472 add.
3523 5398 3633 5472 γὰρ
3676 5398 3741 5472 (1.

1134 5476 1313 5545 ἱμοντα
1343 5476 1436 5528 καὶ
1460 5492 1555 5545 πρ.
1596 5478 1647 5546 ῤ.
1677 5469 1740 5529 G.
1778 5476 1843 5529 II.
1868 5475 1934 5528 Μ.
1967 5493 1969 5544 j

1134 5550 1239 5592 ἶοε.
1273 5548 1355 5592 ἐφ’
1383 5539 1427 5592 ὦ
1460 5546 1655 5592 attint-11.:
1685 5546 1818 5592 Edd.
1878 5550 1968 5592 Am

2068 5493 2103 5528 ).
2129 5469 2220 5527 καὶ
2250 5486 2376 5529 ante
2401 5472 2564 5536 αὐτὸς
2592 5489 2700 5528 om.
2754 5473 2817 5525 (ἱ.
2868 5472 2933 5525 ll.
2978 5470 3041 5525 Κ.
3074 5471 3143 5526 Μ.
3220 5472 3240 5502 ⁸
3278 5469 3479 5592 κακοῦὲ
3502 5469 3625 5524 add.
3664 5471 3743 5541 τῷ

2068 5546 2207 5592 ιρι-[ἧι
2242 5543 2341 5592 Ge-
2437 5545 2455 5574 ⁷
2498 5545 2672 5592 κτήσῃ
2711 5542 2769 5592 ι..
2805 5544 3019 5592 ἐκτήσω
3038 5544 3170 5592 Ειιιί.
3258 5542 3280 5573 ⁸
3332 5537 3387 5592 ἦ]
3417 5558 3448 5592 γ
3484 5558 3641 5592 νηται
3677 5541 3742 5592 L.

1036 5543 1240 5617 ἐταῖρε,
1270 5548 1355 5617 ἐφ’
1383 5543 1427 5612 ᾧ
1460 5543 1656 5617 πάρείς
1685 5546 1818 5600 Edd.
1876 5543 2001 5617 Boni
2040 5543 2207 5599 νει-ιη
2242 5543 2341 5599 Ge.

2437 5545 2455 5574 ⁷
2498 5545 2673 5615 κτήσῃ
2805 5544 3019 5615 ἐκτήσω
3038 5544 3170 5597 Ειια.
3206 5612 3214 5615 Α
3258 5542 3280 5573 ⁸
3417 5558 3448 5615 γ

3484 5558 3641 5611 νηται
3677 5541 3742 5595 L.

2265 5617 2308 5647 ¹⁰
2349 5617 2451 5668 Καὶ
2497 5613 2677 5666 οὐκέτι
2703 5614 2827 5667 Suv.
2864 5614 2991 5666 Ben.

3074 5615 3120 5644 ’τ
3155 5610 3646 5683 χάριςῖᾶάρισμε
3676 5612 3742 5666 G-

2416 5684 2459 5716 ³³
2498 5684 2616 5754 καὶι
2655 5685 2743 5736 διὰ
2785 5685 2915 5737 hdd.
2960 5684 3080 5737 Mox
3121 5680 3576 5754 ’κίομεν-δέπῶς
3603 5680 3743 5754 _Edd_.

3319 5824 3364 5854 ’°
3407 5821 3590 5893 ήμῶν-
3611 5820 3741 5893 Sa}.

2835 5896 2880 5927 ”
2915 5895 3175 5965 Μωῦσῆς,
3210 5895 3375 5965 φησὶν
3398 5889 3506 5949 σὼ.
3552 5890 3617 5947 G.
3677 5889 3741 5944 Ii.
