4130 6374
342 339 443 393 717

340 469 547 516 sentem
600 468 663 508 os
705 450 771 507 ad
818 465 881 505 os
921 450 1299 518 alloqueretur,
1356 441 1505 514 quasi
1551 440 1756 494 amicus
1799 452 1920 492 cum

340 552 531 609 amico.
561 548 710 604 Nunc
735 542 1066 601 daemonibus
1092 555 1196 595 non
1230 539 1481 608 imperas,
1512 532 1605 588 sed
1637 528 1924 600 imperabis

343 655 468 699 tunc
493 641 753 713 gehenme
780 636 918 708 igni,
959 634 1006 690 si
1044 647 1107 688 os
1148 630 1346 685 habeas
1374 626 1454 683 ori
1493 623 1688 681 Christi
1728 622 1923 676 simile.

342 734 631 804 lmperahis
672 731 865 803 abysso
911 727 1078 797 ignis,
1123 734 1178 781 et
1216 723 1400 788 dices,
1442 718 1603 784 Tace,
1648 714 1928 769 obtumesce

341 830 359 900 (
382 828 546 883 Marc.
576 826 630 881 ι.
660 822 800 895 39);
829 830 1028 876 etcum
1059 817 1223 871 multa
1254 812 1443 869 ﬁducia
1470 809 1525 865 in
1551 807 1711 864 caelos
1729 820 1921 860 ascen-

340 937 1976 975 ____________________.______

1223 325 1287 381 IN
1336 321 1743 381 MATTlUEUM
1781 320 2013 377 HOMIL.
2053 320 2291 377 LXXIX.
2331 325 2401 379 al.
2444 323 2658 381 LXXX.

3518 329 3621 386 713

2026 435 2123 491 des
2143 476 2159 502 ,
2192 452 2463 507 regnoque
2493 437 2686 492 frueris
2716 455 2730 492 :
2759 438 2902 509 quod
2931 438 3131 495 utinam
3156 454 3344 496 omnes
3368 455 3619 513 assequa-

2027 545 2168 594 mur,
2200 531 2363 599 gratia
2394 540 2449 585 et
2476 531 2798 602 benignitate
2828 532 3035 587 Domini
3059 535 3227 588 nostri
3253 533 3379 588 Jesu
3400 534 3620 601 Christi,

2027 620 2113 675 cui
2137 636 2256 675 Clllll
2286 620 2431 676 Patri
2471 639 2571 676 una
2603 639 2725 678 cum
2755 634 2941 680 sancto
2970 624 3170 693 Spiritu
3212 625 3380 695 gloria
3400 668 3415 691 ,
3449 627 3621 697 impe-

2028 712 2167 767 rium
2188 753 2202 777 ,
2236 712 2430 781 honor,
2464 730 2606 771 nunc
2630 726 2684 772 et
2712 732 2949 789 semper,
2978 727 3033 774 et
3065 718 3118 773 in
3158 719 3356 774 sacula
3396 720 3622 776 sarculo-

2029 820 2170 859 rum.
2200 807 2394 862 Amen.

1980 937 3593 963 ________________________

1409 1016 1757 1082 HOMILIA
1798 1010 2094 1074 LXXIX.
2140 1014 2225 1074 al.
2270 1016 2536 1080 LXXX.

335 1180 467 1235 CAP.
501 1179 591 1233 25.
618 1192 670 1230 v.
694 1177 783 1231 3i.
828 1175 961 1230 Cum
988 1182 1166 1227 autem
1188 1170 1379 1224 venerit
1408 1165 1582 1221 Filius
1604 1164 1829 1218 hominis
1860 1163 1916 1217 in

407 1273 576 1345 gloria
594 1270 778 1323 Patris
794 1270 983 1335 sui',et
998 1281 1173 1319 omnes
1195 1262 1366 1317 sancti
1382 1260 1553 1331 angeli
1566 1275 1684 1313 cum
1697 1274 1777 1325 eo,
1794 1267 1918 1311 tunc

407 1361 592 1418 sedebit
617 1376 768 1430 super
799 1358 983 1412 solium
1017 1353 1192 1424 gloriae
1226 1365 1366 1416 suat;
1394 1358 1451 1403 et
1486 1346 1759 1417 separabit
1790 1359 1921 1400 oves

406 1455 474 1509 ab
499 1452 701 1507 hmdis:
732 1438 912 1505 ethos
936 1445 1149 1518 quidem
1176 1440 1494 1512 acceptabit,
1527 1439 1648 1510 quia
1673 1438 1918 1493 esurien-

410 1558 515 1601 tem
547 1545 718 1615 ipsum
743 1541 1075 1605 cibaverunt,
1101 1544 1158 1593 et
1189 1534 1389 1591 sitienti
1418 1540 1599 1603 potum
1631 1528 1917 1592 dederunt,

407 1648 462 1693 et
507 1636 769 1706 hospitem
818 1633 1169 1702 collegerunt,
1210 1636 1265 1684 et
1292 1624 1493 1681 nudum
1522 1624 1835 1688 vestierunt,
1866 1629 1921 1675 et

408 1731 762 1785 inlirmanlem
809 1725 1177 1785 visitaverunt,
1224 1727 1279 1775 et
1322 1718 1375 1773 in
1419 1730 1639 1773 carcere
1685 1713 1914 1786 positum

408 1824 736 1885 invisernnt;
765 1827 818 1874 et
859 1816 1005 1872 dabit
1049 1827 1267 1886 regnum
1298 1810 1447 1879 ipsis.
1491 1808 1639 1864 Alios
1662 1822 1790 1862 vero
1820 1821 1919 1876 pro

407 1913 687 1971 contrariis
714 1910 926 1965 delictis
966 1907 1140 1963 mittet
1180 1905 1233 1960 in
1284 1904 1460 1973 ignem
1503 1909 1788 1968 aeternum,
1826 1898 1918 1968 qui

405 2018 620 2080 paratus
639 2014 721 2061 est
743 2002 956 2059 diabolo
983 2011 1038 2057 et
1070 1998 1270 2070 angelis
1297 1996 1434 2068 ejus.

409 2104 461 2157 l.
491 2100 814 2157 Suavissima
854 2096 969 2152 hzec
1010 2093 1194 2160 verba,
1232 2107 1352 2162 quae
1390 2090 1443 2146 in
1481 2104 1576 2146 ore
1617 2102 1915 2153 versamus,

337 2209 480 2250 nunc
506 2208 626 2248 cum
655 2189 833 2245 studio
875 2196 931 2243 et
967 2182 1379 2256 compunctione
1424 2181 1570 2235 omni
1618 2180 1916 2245 audiamus,

336 2295 496 2357 atque
525 2295 793 2355 postrema
823 2280 984 2336 verba
1015 2280 1067 2333 in
1098 2293 1217 2350 qum
1243 2290 1421 2332 sermo
1444 2275 1567 2345 jure
1592 2272 1770 2329 desiit.
1810 2271 1919 2325 Ma-

337 2394 439 2447 gna
464 2378 604 2431 enim
637 2375 713 2430 illi
760 2371 1107 2428 humanitatis
1144 2378 1199 2425 et
1240 2364 1619 2424 misericordiae
1647 2379 1774 2419 cura
1814 2372 1918 2419 est.

338 2460 540 2526 Idcirco
581 2468 744 2523 multa
784 2464 1028 2535 superius
1060 2464 1128 2519 de
1155 2462 1255 2516 hac
1289 2460 1501 2516 diverse
1542 2459 1791 2530 loquutus
1816 2465 1917 2521 est,

339 2562 531 2630 hicque
573 2559 786 2614 detnum
839 2558 1040 2613 clarius
1085 2570 1149 2611 ac
1192 2552 1582 2614 vehementius,
1634 2565 1738 2604 non
1787 2548 1921 2603 duas

337 2667 594 2723 personas
618 2650 698 2705 vel
725 2658 833 2704 tres
856 2648 941 2702 vel
968 2646 1203 2718 quinque
1240 2644 1516 2705 inducens,
1562 2640 1656 2696 scd
1701 2638 1919 2695 univer-

337 2758 454 2799 sum
484 2742 690 2798 orbem.
716 2739 832 2796 Etsi
874 2739 928 2794 in
962 2736 1330 2808 superioribus
1368 2733 1586 2805 quando
1621 2732 1754 2787 duas
1792 2746 1919 2803 per-

336 2849 497 2890 sonas
550 2830 863 2897 inducebat,
918 2844 1026 2885 non
1080 2827 1213 2883 duas
1267 2839 1522 2897 personas
1573 2822 1915 2891 signiﬁcaret,

337 2926 433 2984 sed
472 2924 606 2980 duas
650 2932 862 2995 partes;
905 2921 1129 2977 alteram
1178 2933 1285 2974 non
1337 2916 1736 2981 obedientium,
1787 2914 1922 2969 alte-

337 3032 452 3074 ram
490 3015 853 3072 obedientium
888 3031 904 3072 :
948 3028 1134 3068 verum
1167 3011 1255 3067 hic
1292 3009 1601 3066 horribilius
1656 3008 1772 3064 hmo
1823 3018 1922 3063 tra-

336 3120 481 3178 ctat,
524 3120 578 3167 et
627 3109 842 3164 clarius.
887 3106 1221 3177 Quapropter
1259 3120 1362 3159 non
1406 3101 1536 3158 dicit
1583 3100 1762 3167 ultra,
1823 3100 1916 3156 Si-

337 3204 456 3258 mile
481 3211 553 3257 est
602 3217 811 3274 regnum
841 3199 1100 3265 calorum,
1148 3195 1245 3253 sed
1293 3196 1531 3266 seipsum
1574 3193 1811 3250 ostendit
1857 3207 1921 3249 ac

336 3296 561 3361 revelat,
586 3294 772 3352 dicens
795 3310 809 3350 :
832 3292 961 3348 Cum
993 3301 1163 3347 autem
1197 3289 1385 3345 uenerit
1421 3288 1590 3344 Filius
1617 3287 1835 3342 hominis
1867 3287 1921 3340 in

337 3387 501 3462 gloria
540 3402 654 3444 sua.
683 3385 834 3442 Nunc
857 3384 1002 3441 enim
1028 3383 1174 3440 venit
1212 3382 1267 3438 in
1307 3380 1621 3454 ignominia,
1651 3379 1703 3435 in
1733 3387 1922 3436 contu-

336 3479 531 3544 meliis,
564 3479 618 3535 in
643 3477 946 3550 opprobriis
968 3492 985 3530 :
1006 3484 1132 3531 tunc
1160 3482 1337 3530 autem
1370 3472 1577 3529 sedebit
1601 3486 1763 3542 super
1776 3471 1924 3526 thro-

337 3587 464 3630 num
493 3570 680 3643 glorias
727 3583 857 3625 suae.
896 3568 975 3623 Ac
1002 3565 1308 3637 frequenter
1351 3564 1580 3635 gloriam
1633 3569 1917 3618 memorat.

336 3664 471 3733 Quia
497 3663 640 3721 enim
665 3676 797 3719 crux
819 3673 986 3732 prope
1017 3666 1157 3726 erat,
1185 3672 1304 3728 quae
1340 3672 1427 3712 res
1457 3653 1688 3711 maxime
1715 3653 1923 3723 vitupe-

338 3756 522 3812 rabilis
546 3752 853 3819 vidchatur;
878 3750 1001 3807 ideo
1026 3748 1185 3819 erigit
1215 3746 1537 3810 auditorem,
1560 3753 1616 3800 et
1640 3752 1765 3800 ante
1795 3760 1925 3799 ocu-

341 3846 424 3904 los
447 3846 544 3917 ipsi
565 3844 821 3915 judicium
846 3842 1016 3915 ponit,
1043 3840 1337 3911 orbemque
1358 3846 1529 3893 totum
1554 3836 1717 3893 sistit.
1740 3834 1925 3906 Neque

342 3936 446 3993 hoc
489 3933 860 3992 tantummodo
904 3931 1200 3989 terribilem
1241 3929 1419 3988 reddit
1459 3942 1787 3994 sermonem,
1828 3927 1923 3983 sed

340 4030 484 4102 quod
526 4043 721 4085 vacuos
765 4027 927 4084 caelos
974 4023 1242 4081 ostendat.
1269 4021 1469 4079 Omnes
1507 4020 1705 4092 quippe
1748 4019 1921 4090 angeli

341 4137 462 4178 cum
488 4122 605 4191 ipso
629 4129 806 4187 erunt,
847 4126 905 4175 et
932 4116 1033 4189 ipsi
1073 4115 1443 4180 testiﬁcantes,
1471 4122 1727 4183 quantum
1755 4111 1927 4166 admi-

344 4212 685 4269 nistraverint
706 4210 854 4266 missi
875 4224 906 4265 a
934 4208 1162 4265 Domino
1189 4206 1256 4261 ad
1284 4204 1560 4260 hominum
1586 4204 1834 4259 salutem.
1860 4203 1926 4259 Et

348 4305 578 4375 undique
598 4303 836 4360 horroris
868 4301 1059 4374 plenus
1087 4299 1177 4354 ille
1201 4296 1317 4353 dies
1350 4296 1556 4352 futurus
1588 4304 1690 4352 est.
1724 4295 1926 4351 Deinde

346 4398 435 4455 52.
480 4395 944 4468 Congregabuntur,
985 4391 1176 4464 inquit,
1216 4405 1388 4445 omnes
1432 4399 1638 4460 gentes;
1680 4386 1783 4442 hoc
1823 4395 1924 4450 est,

346 4492 595 4548 universa
624 4489 895 4544 hominum
924 4495 1132 4541 natura.
1175 4481 1239 4537 Et
1275 4481 1553 4554 segregabit
1589 4496 1673 4536 eos
1697 4479 1766 4533 ad
1794 4479 1926 4532 invi-

345 4600 473 4650 cem,
503 4581 631 4637 sicut
657 4590 829 4651 pastor
851 4585 1054 4647 separat
1088 4591 1223 4631 oves.
1265 4573 1417 4629 Nunc
1436 4572 1579 4629 enim
1616 4586 1721 4626 non
1750 4587 1931 4641 segre-

346 4674 475 4746 gati,
512 4672 607 4729 sed
648 4670 800 4727 mixti
847 4677 972 4725 sunt
1012 4681 1243 4724 omnes:
1275 4664 1541 4735 separatio
1586 4673 1765 4718 autem
1806 4672 1929 4716 lllllc

346 4764 744 4823 accuratissime
776 4762 901 4827 lict;
942 4762 1258 4831 interimque
1284 4774 1348 4814 ex
1378 4758 1491 4828 ipsa
1520 4757 1747 4812 statione
1787 4757 1930 4824 ipsos

349 4859 623 4930 distinguit
648 4867 703 4913 et
725 4856 1041 4925 conspicuos
1065 4852 1240 4908 reddit
1269 4868 1284 4907 :
1313 4850 1507 4906 deinde
1534 4866 1598 4905 ex
1630 4850 1932 4905 nominibus

349 4952 677 5023 singulorum
707 4964 882 5005 mores
911 4947 1146 5011 exhibet,
1178 4945 1297 5001 illos
1327 4944 1528 5010 haedos,
1561 4941 1660 4999 hos
1685 4958 1813 4998 oves
1833 4958 1931 5013 ap-

352 5044 576 5115 pellans.
606 5052 661 5097 ut
699 5041 909 5096 illorum
948 5038 1278 5094 Sterilitatem
1318 5034 1549 5092 indicet:
1576 5035 1753 5090 nullus
1787 5035 1931 5089 enim

352 5154 417 5194 ex
446 5135 613 5192 haedis
639 5135 837 5191 fructus
858 5132 1249 5204 proficiscitur;
1280 5130 1470 5185 horum
1498 5145 1625 5185 vero
1645 5138 1934 5201 proventus

356 5230 551 5285 multus
578 5227 667 5301 qui
697 5243 764 5293 ex
804 5226 991 5281 ovibus
1029 5224 1252 5295 paritur,
1290 5233 1348 5278 ut
1387 5224 1527 5288 lana,
1570 5224 1651 5278 lac
1693 5230 1748 5277 et
1776 5223 1933 5288 fetus,

355 5323 546 5394 quibus
572 5320 819 5376 omnibus
847 5333 1046 5374 vacuus
1073 5326 1156 5373 est
1180 5317 1386 5372 haedus.
1420 5316 1613 5371 Verum
1645 5315 1795 5371 bruta
1824 5316 1941 5371 ani-

358 5415 553 5469 mantia
583 5429 648 5469 ex
684 5423 871 5468 natura
912 5426 1006 5467 sua
1044 5412 1128 5467 vel
1166 5411 1392 5466 fructum
1434 5410 1681 5477 aﬁ‘erunt,
1725 5411 1808 5466 vel
1851 5428 1941 5466 se-

358 5521 481 5569 cus;
513 5506 586 5561 illi
614 5519 741 5559 vero
778 5520 844 5560 ex
884 5503 1194 5570 voluntate;
1233 5500 1459 5573 ideoque
1502 5502 1577 5557 illi
1616 5502 1937 5573 plectuntur,

362 5601 415 5656 hi
444 5609 788 5657 coronantur.

444 5788 459 5818 ⁸
488 5786 610 5839 Vide
629 5788 969 5843 Adnotationes
989 5789 1234 5843 Friderici
1256 5790 1420 5853 Field,
1443 5791 1502 5843 ad
1522 5806 1635 5857 pag.
1662 5792 1773 5844 757.

2102 1161 2466 1221 Misericordia:
2499 1186 2652 1238 opera
2690 1172 2990 1238 necessaria,
3038 1172 3232 1240 facilia,
3283 1183 3329 1224 et
3377 1188 3440 1225 ea:
3485 1172 3617 1224 mul-

2028 1255 2091 1309 tis
2139 1258 2388 1326 capitibus
2434 1260 2752 1332 obligatoria.
2785 1262 3067 1333 ——Ncque
3120 1266 3263 1331 prius
3318 1265 3437 1318 illos
3487 1281 3616 1333 sup-

2027 1348 2184 1417 plicio
2206 1351 2388 1419 allicit,
2414 1368 2571 1423 quam
2600 1370 2720 1409 cum
2761 1354 2864 1409 illis
2888 1355 2940 1409 in
2961 1355 3165 1424 judicio
3194 1357 3564 1425 disceptaverit
3599 1374 3614 1411 :

2025 1439 2147 1495 ideo
2173 1450 2450 1512 postquam
2499 1444 2619 1500 illos
2649 1446 2701 1500 in
2748 1446 2866 1501 loco
2911 1462 3010 1502 suo
3054 1447 3349 1513 constituit,
3387 1446 3614 1501 erimina

2026 1534 2246 1601 profert.
2278 1534 2355 1591 Illi
2383 1551 2512 1593 vero
2536 1537 3167 1609 modesterespondent;
3197 1538 3290 1593 sed
3322 1538 3463 1592 nulla
3494 1536 3616 1591 hinc

2024 1624 2156 1693 ipsis
2197 1625 2432 1682 utilitas:
2464 1637 2516 1683 et
2546 1629 2668 1699 jure
2691 1630 2925 1700 quidem,
2971 1630 3093 1701 quia
3141 1645 3277 1695 rem,
3318 1644 3475 1697 quam
3523 1628 3615 1682 ille

2023 1718 2308 1774 admodum
2361 1722 2598 1785 curabat,
2653 1724 3017 1793 neglexerunt.
3073 1722 3202 1778 Nam
3247 1732 3297 1779 et
3343 1721 3615 1791 propheta:

2025 1810 2125 1865 hoc
2154 1827 2365 1881 semper
2400 1822 2455 1869 et
2496 1816 2689 1885 ubique
2722 1814 2989 1877 dicebant,
3030 1814 3435 1869 Misericordiam
3475 1814 3609 1879 volo,

2024 1920 2123 1958 non
2149 1906 2454 1973 sacri/icium
2485 1908 2638 1978 (Osee
2689 1907 2743 1962 6.
2774 1908 2868 1978 6);
2908 1917 2962 1963 ct
3001 1907 3269 1978 legislator
3295 1917 3400 1961 tam
3429 1907 3610 1961 verbis

2024 2012 2181 2066 quam
2211 1997 2371 2053 rebus
2397 1998 2461 2053 ad
2509 1998 2610 2054 hoc
2640 2000 2831 2070 ubique
2862 1999 3126 2066 hortatur,
3170 1999 3388 2070 ipsaque
3429 2008 3612 2054 natura

2024 2087 2075 2142 id
2104 2088 2278 2143 docet.
2309 2090 2688 2146 Animadverte
2714 2101 2889 2145 autem
2918 2092 3034 2145 illos
3060 2108 3162 2146 non
3192 2108 3353 2146 unum
3380 2092 3459 2147 vel
3482 2093 3612 2159 duo,

2021 2181 2114 2235 sed
2142 2183 2319 2235 omnia
2344 2184 2766 2251 prmtermisisse.
2795 2184 2908 2238 Non
2945 2185 3105 2238 modo
3130 2185 3270 2239 enim
3292 2185 3612 2240 esurientem

2024 2290 2129 2328 non
2172 2276 2435 2337 cibarnnt,
2469 2276 2669 2331 nudum
2703 2292 2807 2332 non
2850 2287 3132 2341 texerunt;
3167 2278 3259 2332 sed
3309 2294 3423 2343 nec,
3468 2279 3611 2350 quod

2025 2375 2201 2420 tamen
2230 2367 2399 2420 levius
2423 2377 2477 2421 et
2518 2366 2722 2421 facilius
2746 2377 2881 2435 erat,
2924 2368 3188 2423 inﬁrmum
3222 2370 3516 2424 visitarunt.
3549 2370 3615 2424 Et

2024 2458 2295 2528 perpende
2322 2475 2481 2529 quam
2513 2459 2649 2516 levia
2672 2462 2967 2531 praecipiat.
2994 2461 3112 2515 Non
3136 2462 3286 2529 dixit,
3320 2462 3375 2518 in
3398 2478 3615 2519 carcere

2023 2567 2193 2615 eram,
2220 2561 2274 2607 et
2296 2552 2563 2609 liberastis
2591 2571 2698 2621 me,
2728 2555 2990 2622 inﬁrmus,
3018 2566 3072 2611 et
3100 2557 3345 2612 erexistis
3373 2573 3491 2625 me;
3519 2559 3613 2612 sed

2032 2646 2285 2702 Visitastis
2318 2666 2418 2715 me,
2449 2658 2524 2713 et,
2585 2648 2802 2705 Venistis
2845 2650 2913 2704 ad
2954 2668 3051 2704 me.
3094 2650 3199 2705 Sed
3247 2668 3421 2722 neque
3469 2652 3610 2706 circa

2023 2740 2347 2794 esurientem
2376 2741 2659 2796 molestum
2683 2742 2953 2811 quidpiam
2983 2742 3220 2813 jnbetnr.
3250 2743 3431 2814 Neque
3468 2745 3612 2799 enim

2024 2831 2222 2887 lautam
2244 2833 2466 2902 requirit
2492 2849 2753 2898 mensam,
2778 2834 2869 2889 sed
2892 2836 3251 2891 necessarium
3275 2837 3617 2891 solummodo

2022 2925 2223 2989 cibum,
2254 2925 2413 2995 idque
2453 2926 2613 2981 modo
2649 2926 2715 2982 ad
2754 2928 3174 2983 misericordiam
3209 2940 3476 2986 movente.
3507 2928 3611 2984 lla-

2021 3032 2128 3087 que
2157 3017 2335 3073 omnia
2365 3018 2574 3073 illorum
2604 3018 2921 3089 supplicium
2965 3028 3221 3089 expetunt
3252 3036 3268 3075 :
3307 3021 3383 3075 rei
3426 3030 3614 3092 postu-

2024 3106 2145 3163 latae
2190 3107 2430 3168 facilitas.
2477 3124 2597 3163 nam
2645 3110 2796 3179 panis
2845 3118 3045 3164 tantum
3098 3120 3245 3178 erat;
3295 3110 3618 3166 miserabilis

2024 3200 2255 3272 petentis
2279 3200 2535 3267 conditio,
2563 3199 2837 3256 mendicus
2861 3201 3005 3257 enim
3036 3211 3182 3265 erat;
3220 3202 3620 3257 commiseratio

2028 3299 2255 3357 natum,
2278 3306 2399 3347 nam
2422 3290 2585 3347 homo
2610 3301 2692 3348 est
2714 3292 2804 3361 qui
2833 3293 2992 3362 petit;
3015 3293 3384 3363 promissionis
3407 3292 3617 3364 magni-

2027 3382 2176 3446 tudo,
2217 3397 2339 3438 nam
2367 3397 2587 3453 regnum
2630 3381 2950 3453 pollicetur;
2997 3383 3246 3453 supplicii
3290 3394 3483 3452 terror,
3522 3399 3617 3456 ge-

2024 3472 2260 3529 hennam
2287 3474 2429 3529 enim
2454 3472 2843 3540 comminatur;
2868 3472 3099 3545 dignitas
3122 3474 3449 3545 accipientis,
3474 3475 3620 3531 Deus

2024 3566 2168 3622 enim
2196 3574 2312 3622 erat
2339 3564 2428 3634 qui
2454 3579 2551 3635 per
2585 3564 2861 3621 mendicos
2902 3564 3231 3636 accipiebat;
3264 3564 3483 3622 honoris
3510 3582 3622 3623 cu-

2026 3657 2223 3722 mulus,
2258 3654 2401 3726 quod
2432 3662 2635 3710 tantum
2660 3654 2988 3712 descendere
3013 3656 3262 3727 dignatus
3287 3656 3386 3723 sit;
3410 3656 3616 3728 justitia

2025 3746 2373 3818 erogationis,
2402 3760 2523 3801 nam
2545 3761 2611 3801 ex
2631 3745 2786 3801 bonis
2812 3746 2925 3801 suis
2952 3746 3164 3817 accipit.
3189 3745 3384 3802 Verum
3411 3745 3477 3803 ad
3501 3747 3619 3803 hu'c

2026 3840 2204 3895 omnia
2235 3853 2388 3894 amor
2418 3837 2655 3907 pecunia:
2684 3837 2803 3892 illos
2826 3838 3131 3904 excarcavit,
3153 3847 3206 3893 et
3226 3837 3343 3894 haec
3360 3849 3478 3910 post
3511 3848 3619 3895 tan-

2028 3941 2136 3989 tam
2164 3934 2656 3991 comminationem.
2685 3933 2818 3990 Nam
2839 3949 2999 4004 supra
3023 3934 3173 4001 dicit,
3198 3935 3339 4001 illos,
3360 3936 3449 4007 qui
3483 3951 3615 4006 pan-

2029 4039 2185 4095 peres
2230 4040 2335 4080 non
2372 4025 2664 4097 excipiunt,
2709 4026 2952 4096 graviora
2994 4040 3246 4097 passuros
3284 4040 3425 4090 esse,
3456 4042 3616 4097 quam

2026 4115 2363 4183 Sodomitas;
2410 4125 2466 4173 et
2512 4115 2599 4172 hic
2624 4117 2700 4172 ait
2733 4116 2841 4172 ειη
2882 4126 3124 4186 quantum
3158 4134 3260 4172 non
3297 4117 3484 4187 fecistis
3529 4119 3620 4171 uni

2029 4208 2209 4263 Irarum
2251 4208 2572 4262 minimarum
2599 4211 2816 4278 fratrum
2857 4224 3103 4272 meorum,
3151 4224 3240 4264 nec
3265 4209 3389 4261 mihi
3433 4208 3622 4279 fecistis

2029 4302 2245 4375 (ﬂaua.
2274 4301 2365 4357 25.
2393 4302 2508 4371 45).
2534 4301 2668 4369 Quid
2696 4301 2810 4356 ais?
2836 4300 3026 4356 fratres
3054 4300 3125 4354 tui
3156 4308 3313 4363 sunt;
3352 4300 3620 4369 quomodo

2030 4394 2279 4450 minimos
2307 4394 2580 4462 appellas?
2610 4392 2731 4447 Ideo
2774 4402 2920 4448 certe
2947 4390 3157 4456 fratres,
3187 4393 3308 4462 quia
3354 4391 3581 4446 humiles
3602 4434 3617 4457 ,

2030 4502 2313 4559 pauperes,
2342 4486 2553 4556 abjecti.
2583 4485 2691 4541 llos
2725 4486 2866 4541 enim
2888 4486 3117 4540 maxime
3136 4485 3201 4539 ad
3236 4484 3618 4539 fraternitatem

2031 4589 2187 4636 vocat
2234 4597 2249 4634 :
2300 4580 2543 4649 ignotos,
2589 4587 2961 4647 contemptos;
3011 4593 3109 4631 nec
3161 4578 3450 4631 monachos
3494 4577 3624 4629 dicit

2034 4683 2259 4738 tantum,
2284 4672 2505 4741 illosque
2528 4670 2617 4741 qui
2649 4671 2699 4723 in
2733 4668 2999 4724 montibus
3030 4668 3288 4735 habitant,
3319 4667 3414 4722 sed
3440 4667 3623 4722 ﬁdeles

2034 4766 2295 4836 singulos,
2337 4762 2544 4818 etiamsi
2580 4761 2863 4816 su-cnlares
2914 4761 3041 4823 sint,
3079 4760 3123 4813 si
3152 4761 3257 4813 sint
3290 4759 3586 4814 esurientes
3608 4801 3623 4823 ,

2036 4855 2286 4921 famelici,
2314 4854 2463 4921 nudi,
2486 4853 2743 4923 hospites,
2771 4851 2915 4906 nulla
2934 4867 3039 4905 non
3071 4851 3214 4920 ipsos
3242 4866 3367 4904 cura
3389 4850 3502 4904 vult
3534 4866 3618 4905 ex-

2036 4950 2161 5021 cipi.
2196 4949 2431 5004 Fratrem
2459 4946 2601 5002 enim
2630 4954 2685 5001 et
2710 4944 3002 5015 baptismus
3030 4944 3211 5009 efﬁcit,
3238 4952 3292 4999 et
3323 4942 3626 4998 divinorum

2039 5042 2411 5116 mysteriorum
2440 5040 2789 5096 consortium.

2108 5139 2166 5193 2.
2195 5138 2384 5193 Postea
2410 5144 2468 5189 ut
2504 5133 2719 5188 aliunde
2759 5131 2919 5187 etiam
2956 5130 3234 5185 sententiae
3258 5129 3517 5199 justitiam
3545 5129 3628 5183 vi-

2040 5232 2188 5295 deas,
2219 5230 2391 5301 primo
2414 5227 2533 5282 illos
2561 5226 2648 5295 qui
2676 5224 2813 5278 bene
2835 5238 2947 5277 rem
2970 5237 3185 5293 gessere
3213 5220 3412 5287 laudat,
3439 5230 3495 5276 et
3516 5221 3587 5275 ait
3614 5236 3629 5273 :

2042 5329 2132 5384 54.
2172 5325 2365 5384 Venite,
2408 5320 2647 5376 benedicti
2696 5318 2868 5372 Patris
2919 5318 3051 5382 mei,
3099 5316 3373 5370 hereditate
3422 5315 3633 5383 accipite

2046 5430 2279 5493 paratum
2302 5416 2437 5471 vobis
2461 5428 2674 5484 regnum
2700 5428 2730 5463 a
2766 5409 3121 5463 constitutione
3148 5407 3342 5460 mundi.
3367 5406 3457 5461 35.
3492 5405 3633 5459 Esu-

2044 5512 2140 5567 rivi
2168 5511 2323 5575 enim,
2348 5517 2396 5561 et
2420 5504 2629 5560 dedistis
2654 5502 2780 5556 mihi
2807 5500 3132 5562 manducare,
3164 5508 3221 5554 et
3243 5514 3361 5568 quae
3397 5512 3636 5568 sequun—

2048 5612 2133 5657 tur
2159 5600 2357 5655 omnia.
2388 5596 2466 5653 Ne
2508 5594 2751 5651 dicerent
2783 5591 2948 5653 enim,
2992 5605 3051 5645 se
3096 5605 3198 5644 non
3251 5587 3522 5650 habuisse,
3570 5602 3634 5647 ex

2018 5696 2429 5749 'conservorum
2452 5684 2606 5741 factis
2630 5684 2849 5739 damnat
2872 5698 3003 5746 eos;
3037 5691 3095 5737 ut
3120 5681 3350 5751 virgines
3381 5695 3449 5735 ex
3477 5679 3637 5748 virgi-

2049 5784 2229 5849 nibus,
2285 5794 2498 5839 servum
2539 5776 2747 5834 ebrium
2788 5789 2853 5832 ac
2902 5772 3072 5832 ventri
3122 5771 3380 5837 deditum,
3424 5785 3457 5825 a
3496 5770 3641 5829 lidcli
