4130 6374
529 360 638 419 ’119

531 488 709 535 επνο,
738 480 792 527 et
818 486 939 527 eum
970 468 1057 540 qui
1092 466 1346 520 talentum
1380 462 1686 524 sull‘odcrat,
1718 463 1783 514 ab
1806 478 1868 512 cu
1893 460 1979 528 qui
2012 458 2119 510 duo

530 569 726 622 talenta
766 566 1036 628 attulerat,
1066 569 1121 616 et
1157 567 1467 630 peccatores
1513 552 1750 626 singulos
1771 569 1801 608 a
1832 552 2120 622 proborum

530 660 796 729 exemplo.
827 657 895 713 Et
915 657 1029 711 haec
1052 652 1380 723 comparatio
1408 662 1804 719 nonnumquam
1836 661 1903 702 ex
1929 644 2121 714 :equali

529 752 761 816 ducitur,
793 758 853 805 ut
883 756 941 805 et
966 747 1054 802 hic
1077 753 1133 802 et
1171 745 1223 801 in
1254 742 1503 815 parabola
1531 741 1600 797 de
1634 738 1953 809 virginibus;
1987 751 2123 791 non-

533 859 819 913 numquam
846 858 877 896 a
902 841 1114 909 majori,
1142 850 1202 894 ut
1240 853 1361 895 cum
1401 836 1529 891 dicit
1560 852 1573 889 :
1611 834 1717 887 Viri
1744 831 1985 886 Ninivitar
2009 847 2123 885 sur-

528 946 667 1006 gent,
700 946 748 989 et
777 933 1180 989 condemnabunt
1217 931 1595 1003 generationem
1627 928 1779 993 hanc,
1810 925 1928 994 quia
1956 924 2122 979 credi-

532 1027 711 1080 derunt
741 1026 792 1079 in
816 1024 1177 1096 praedicatione
1199 1022 1350 1075 Jona:
1380 1035 1398 1076 :
1424 1030 1470 1076 et
1497 1036 1610 1073 ecce
1637 1018 1753 1088 plus
1779 1033 1931 1088 quam
1955 1015 2122 1070 Jonas

531 1121 632 1171 hic.
670 1117 736 1171 Et
766 1118 939 1188 regina
976 1115 1150 1169 Austri
1178 1112 1528 1168 condemnabit
1554 1110 1925 1182 generationem
1965 1108 2119 1174 hanc,

529 1212 651 1279 quia
690 1211 823 1264 venit
862 1209 1042 1264 audire
1085 1207 1385 1278 sapientiam
1425 1203 1763 1260 Salomonis:
1801 1214 1848 1256 et
1874 1217 1983 1255 ecce
2010 1199 2124 1269 plus

531 1320 685 1372 quant
710 1302 954 1357 Salomon
984 1301 1064 1354 hic
1093 1298 1308 1367 (Matth.
1346 1296 1429 1352 12.
1473 1297 1561 1350 41.
1596 1294 1707 1360 42).
1738 1292 1807 1347 Et
1830 1293 1897 1347 ab
1932 1291 2120 1362 aequali

534 1408 754 1455 rursus;
802 1392 934 1460 Quia
970 1392 1070 1461 ipsi
1104 1390 1305 1462 judices
1347 1388 1503 1442 uestri
1520 1395 1665 1441 erunt
1697 1384 1858 1457 (Ibid.
1899 1400 1948 1437 υ.
1991 1382 2117 1451 27);

532 1495 586 1539 ct
609 1499 639 1538 a
671 1483 858 1553 majori
891 1483 1101 1547 iterum,
1128 1480 1349 1535 Nescitis
1377 1480 1495 1550 quia
1521 1479 1725 1548 angelos
1744 1475 2124 1546 iudicabimus?

533 1586 720 1647 quanto
746 1577 909 1646 magis
931 1575 1199 1629 stecularia
1233 1574 1307 1646 (l.
1334 1570 1448 1627 Cor.
1488 1570 1540 1626 6.
1573 1571 1673 1640 5)?
1694 1570 1758 1625 Et
1788 1569 1874 1623 hic
1912 1583 2123 1638 quoque

533 1669 603 1721 ah
628 1666 819 1738 xequali
843 1666 1033 1720 divites
1062 1664 1335 1730 divitibus,
1363 1676 1618 1732 pauperes
1649 1659 1969 1731 pauperibus
1989 1673 2121 1712 con-

536 1761 656 1815 fert.
687 1759 870 1829 Neque
906 1758 1007 1813 hoc
1039 1756 1404 1812 tantummodo
1445 1754 1632 1824 probat
1657 1754 1800 1821 juste
1827 1751 1951 1807 ferri
1995 1765 2121 1806 sen-

536 1853 776 1917 tentiam,
800 1849 940 1921 quod
965 1850 1208 1905 conservi
1254 1848 1491 1918 ipsorum
1535 1847 1590 1900 in
1624 1845 1739 1914 pari
1770 1859 1948 1899 rerum
1979 1853 2121 1898 statu

534 1945 701 2016 probe
724 1959 782 1999 se
804 1943 1085 2014 gesserint,
1121 1940 1213 1997 sed
1249 1940 1393 2011 quod
1430 1954 1602 2009 ineque
1627 1936 1679 1992 in
1711 1936 1816 1992 illis
1847 1936 2124 2005 obtempe-

535 2036 724 2100 rarint,
770 2036 859 2091 ubi
893 2042 1182 2104 paupertas
1230 2032 1376 2087 nullo
1417 2039 1535 2087 erat
1590 2029 1974 2100 impedimento
2015 2047 2028 2081 :
2066 2036 2125 2083 ut

537 2137 718 2195 potum
749 2126 877 2181 dare
907 2126 1126 2191 sitienti,
1156 2124 1389 2179 vinctum
1416 2123 1655 2187 visitare,
1686 2122 1956 2176 infirmum
1990 2120 2124 2174 invi-

532 2235 673 2274 sere.
726 2219 1009 2288 Postquam
1061 2226 1240 2272 autem
1303 2216 1500 2286 probos
1558 2213 1835 2280 laudavit,
1891 2213 2126 2267 ostendit

532 2320 727 2382 quanta
752 2312 861 2380 jam
891 2312 1017 2366 olim
1045 2310 1190 2381 ipsos
1222 2311 1446 2365 caritate
1485 2308 1930 2378 complecteretur
1957 2323 1970 2359 :
2002 2321 2123 2360 nam

533 2406 607 2458 ait
640 2421 653 2458 :
694 2402 889 2469 Venite,
936 2403 1184 2458 benedicti
1211 2401 1388 2456 Patris
1416 2401 1532 2463 mei.
1577 2400 1851 2453 hereditate
1879 2398 2127 2467 possidete

537 2508 773 2566 paratum
798 2494 935 2549 vobis
957 2511 1171 2565 regnum
1209 2503 1327 2547 ante
1346 2491 1751 2547 constitutionem
1779 2490 1975 2543 mundi.
2013 2488 2127 2544 Hoc

537 2604 731 2643 nomen
760 2594 890 2658 quot
916 2586 1233 2656 quantisque
1258 2584 1413 2638 bonis
1433 2580 1746 2652 aequiparari
1770 2588 1962 2651 potest,
1985 2580 2125 2650 quod

537 2681 799 2738 benedicti
842 2679 971 2745 sint,
1016 2687 1068 2733 et
1113 2692 1141 2730 a
1185 2676 1342 2731 Patre
1385 2673 1691 2731 benedicti?
1744 2672 1807 2727 Et
1858 2672 2125 2725 undenam

537 2784 685 2828 tanto
706 2773 909 2827 honore
937 2768 1135 2840 dignati
1163 2767 1325 2822 sunt?
1357 2780 1599 2836 quaenam
1625 2779 1788 2820 causa
1818 2763 1957 2818 fuit?
1989 2762 2123 2817 Esu-

536 2867 631 2921 riui
651 2867 805 2930 enim,
836 2873 883 2919 et
912 2862 1121 2917 dedistis
1150 2860 1274 2915 mihi
1298 2859 1647 2923 manducare;
1676 2857 1831 2921 sitivi,
1863 2867 1910 2912 et
1952 2865 2127 2927 potum

536 2956 745 3012 dedistis
768 2956 913 3022 mihi,
958 2964 1063 3011 etc.
1095 2952 1290 3019 Quanti
1332 2950 1569 3015 honoris,
1601 2958 1813 3021 quanta:
1842 2948 2129 3004 beatitudi-

538 3050 622 3103 nis
651 3045 812 3103 verba
832 3045 857 3099 l
879 3043 995 3100 Non
1023 3043 1171 3107 dicit,
1206 3041 1465 3113 Accipite,
1494 3039 1609 3108 sed,
1642 3039 1932 3094 Hereditate
1970 3039 2130 3109 possi-

537 3140 668 3205 dete,
712 3136 863 3209 quasi
910 3135 1203 3206 proprium,
1255 3132 1405 3204 quasi
1452 3139 1730 3202 paternum
1772 3138 1827 3185 et
1861 3141 2122 3192 vesnum,

536 3231 645 3302 jam
674 3229 800 3285 olim
832 3227 984 3283 vobis
1008 3225 1269 3282 debitum.
1298 3223 1600 3293 Antequam
1623 3221 1763 3276 enim
1792 3221 2004 3285 essetis,
2038 3219 2122 3273 in-

539 3323 676 3392 quit,
709 3321 825 3375 htec
845 3318 996 3374 vobis
1027 3324 1207 3388 parata
1249 3324 1420 3380 erant,
1454 3314 1578 3384 quia
1616 3311 1849 3367 sciebam
1876 3325 1972 3365 vos
1995 3311 2131 3367 tales

540 3427 659 3467 esse
687 3409 910 3465 futuros.
941 3404 1005 3463 Et
1036 3421 1132 3478 pro
1157 3405 1348 3476 quibus
1374 3403 1491 3458 bare
1514 3401 1823 3471 accipiunt?
1843 3399 1946 3455 Pro
1968 3408 2128 3465 tecto,

540 3517 637 3574 pro
660 3501 911 3565 vestibus,
948 3513 1045 3569 pro
1074 3512 1231 3569 pane,
1264 3511 1360 3567 pro
1386 3509 1522 3566 aqua
1565 3492 1775 3564 frigida,
1824 3506 1920 3562 pro
1948 3492 2130 3547 visita—

543 3597 706 3660 tione,
741 3607 839 3664 pro
862 3592 1102 3663 ingressu
1136 3590 1188 3644 in
1218 3603 1509 3645 carcerem.
1543 3586 1752 3657 Ubique
1776 3586 1918 3641 enim
1947 3594 2004 3641 ut
2032 3600 2131 3641 ne-

540 3683 789 3740 cessariis
837 3681 1180 3753 provideatur
1217 3678 1461 3750 requirit,
1506 3677 1614 3732 imo
1657 3676 1977 3747 quandoque
2023 3692 2129 3731 non

544 3773 883 3830 necessariis.
912 3771 1095 3843 Neque
1125 3771 1289 3836 enim,
1322 3769 1506 3840 utjam
1532 3768 1661 3833 dixi,
1679 3776 1911 3838 aegrotus
1938 3776 1993 3822 et
2016 3767 2133 3821 vin-

543 3876 662 3921 ctus
691 3863 894 3920 visitari
939 3863 1112 3918 solum
1140 3862 1348 3926 volunt,
1378 3859 1473 3915 sed
1499 3860 1636 3914 alius
1664 3858 1888 3923 exsolvi,
1916 3864 1970 3911 et
1997 3857 2133 3912 alius

543 3976 574 4014 a
602 3958 791 4014 morbo
816 3956 995 4013 sanari
1033 3963 1272 4026 exoptat.
1298 3953 1496 4009 Verum
1537 3950 1645 4013 ille.
1676 3959 1981 4003 mansuetus
2009 3963 2131 4003 cum

544 4051 633 4114 sit,
665 4050 751 4104 illa
775 4056 980 4104 tantum
1007 4046 1231 4117 requirit
1266 4058 1384 4115 qua:
1435 4040 1701 4097 facultatis
1738 4049 1936 4094 nostra:
1965 4049 2129 4102 sunt;

547 4144 655 4197 imo
682 4142 856 4197 minus
889 4155 1049 4211 quam
1094 4138 1318 4194 facultas
1347 4144 1530 4191 nostra
1578 4133 1717 4189 ferre
1746 4132 1936 4201 possit,
1975 4131 2132 4186 nobis

547 4235 855 4304 relinquens
897 4241 956 4288 ut
984 4232 1049 4286 ad
1088 4231 1290 4299 majora
1335 4238 1638 4299 pergamus.
1681 4224 1789 4299 illis
1816 4239 1943 4279 vero
1980 4223 2130 4289 dicit,

547 4326 805 4381 Discedite
825 4341 858 4379 a
884 4341 982 4390 me,
1011 4322 1267 4377 maledicti
1290 4337 1308 4376 :
1329 4335 1433 4375 non
1462 4333 1491 4372 a
1523 4318 1708 4381 Patre;
1742 4331 1847 4369 non
1873 4315 2014 4369 enim
2046 4315 2135 4369 ille

549 4416 679 4485 ipsis
701 4415 994 4479 maledixit,
1018 4412 1111 4469 sed
1135 4427 1295 4482 opera
1320 4411 1554 4481 ipsorum
1582 4406 1828 4479 propria;
1872 4404 1935 4458 In
1969 4405 2136 4476 ignem

548 4517 811 4572 teterrima,
839 4515 1096 4578 paratum,
1124 4518 1231 4558 non
1254 4501 1429 4565 vobis,
1470 4498 1566 4555 sed
1592 4497 1824 4562 Diabolo,
1873 4507 1918 4550 et
1944 4496 2135 4566 angelis

548 4600 677 4669 ejus.
724 4596 856 4652 Nam
898 4610 1020 4652 cum
1051 4594 1119 4651 de
1148 4609 1313 4665 regno
1357 4592 1581 4658 diceret,
1644 4588 1822 4643 Venite
1868 4587 2133 4655 benedicti,

548 4694 820 4749 hereditate
847 4691 1099 4759 possidete
1124 4702 1354 4759 regnum,
1405 4682 1669 4753 adjunxit,
1706 4679 1953 4734 Paratum
1996 4679 2136 4735 vobis

546 4795 668 4840 ante
713 4782 1118 4838 constitutionem
1156 4775 1335 4832 mundi
1358 4791 1375 4830 :
1400 4775 1466 4830 de
1508 4774 1629 4844 igne
1655 4786 1786 4828 vero
1831 4786 1938 4825 non
1982 4773 2134 4837 item,

548 4877 668 4945 sed,
712 4874 961 4931 Paratum
1005 4870 1231 4937 diabolo,
1261 4878 1309 4923 et
1350 4866 1544 4939 angelis
1587 4865 1719 4935 ejus.
1767 4864 1879 4934 Ego
1907 4878 2136 4933 namque

548 4985 770 5041 regnum
801 4967 953 5023 vobis
979 4964 1180 5037 paravi,
1235 4963 1410 5035 ignem
1455 4972 1608 5024 vero,
1654 4971 1763 5011 non
1817 4954 1991 5020 vobis,
2040 4954 2136 5009 sed

548 5062 763 5118 diabolo
783 5068 837 5117 et
873 5058 1078 5131 angelis
1105 5056 1221 5126 ejus
1251 5071 1267 5108 :
1294 5053 1418 5124 quia
1448 5065 1579 5107 vero
1604 5064 1701 5103 vos
1730 5048 1783 5102 in
1814 5047 1987 5119 ipsum
2015 5062 2139 5102 con-

546 5154 773 5227 jecistis,
811 5151 863 5206 id
891 5149 1173 5219 vobisipsis
1213 5152 1477 5216 reputate.
1509 5141 1624 5196 Non
1672 5139 1756 5195 bis
1785 5148 2010 5202 tantum,
2043 5138 2136 5193 sed

550 5252 711 5303 etiam
743 5246 795 5301 in
825 5243 1189 5315 sequentibus,
1220 5236 1371 5310 quasi
1400 5249 1520 5291 sese
1562 5246 1794 5303 purgans
1817 5230 1956 5300 apud
1998 5229 2137 5295 illos,

550 5355 766 5397 causam
793 5338 921 5407 ipsis
960 5333 1214 5391 adscribit
1245 5348 1258 5386 :
1290 5330 1382 5386 62.
1410 5326 1617 5383 Esurivi
1643 5327 1795 5393 enim,
1843 5335 1889 5380 et
1917 5343 2019 5379 non
2048 5324 2139 5379 de-

554 5432 701 5486 distis
726 5429 850 5483 mihi
880 5426 1206 5481 manducare.
1245 5420 1465 5478 Etiamsi
1518 5418 1661 5475 enim
1707 5416 1955 5472 inimicus
1996 5426 2141 5471 esset

558 5526 605 5579 is
658 5523 746 5593 qui
778 5519 1088 5579 accedebat,
1123 5530 1299 5570 annon
1330 5513 1461 5568 satis
1498 5519 1655 5566 erant
1705 5524 1960 5564 a-rumnte
2015 5509 2140 5573 illm,

556 5623 616 5668 ut
643 5612 728 5668 vei
770 5606 1246 5666 inmisericordem
1290 5603 1569 5659 flecterent
1618 5610 1673 5656 et
1710 5600 2036 5670 frangerent,
2066 5598 2143 5652 fa-

560 5720 696 5769 mes,
732 5703 916 5773 frigus.
955 5700 1188 5765 vincula,
1220 5695 1453 5759 auditas,
1484 5692 1786 5756 infirmitas,
1817 5691 1997 5761 vagari
2026 5691 2144 5746 sine

560 5798 732 5854 tecto?
760 5796 884 5852 ibeo
909 5791 1235 5851 inimicitiam
1261 5789 1468 5846 solvere
1496 5794 1760 5858 poterant.
1790 5785 1862 5841 At
1897 5799 1991 5840 vos
2026 5784 2142 5838 ha-c

1247 351 1307 408 ε.
1345 347 1625 408 JOANNIS
1664 342 2136 402 caenosum
2176 342 2489 401 AltCﬂIEP.
2531 346 3063 405 CONSTANTINOP.

3700 355 3805 411 7‘20

2230 474 2333 512 non
2357 461 2689 524 praestabatis
2717 462 2911 527 amico,
2937 480 3040 517 non
3073 463 3421 532 bcnefactori,
3447 481 3551 522 non
3583 468 3805 525 Domino

2227 560 2423 607 vestro.
2459 552 2514 608 Si
2543 568 2729 607 canem
2759 554 3034 609 videamus
3058 556 3401 623 esurientem,
3424 572 3568 627 smpe
3606 559 3801 630 frange

2226 661 2382 712 mur;
2415 647 2520 702 imo
2560 647 2603 702 si
2644 646 2783 703 feras
2824 647 3098 703 videamus
3128 652 3443 715 esurientes,
3498 650 3800 709 tiectimur.

2225 749 2423 795 etcum
2467 740 2746 796 Dominum
2775 751 2923 796 tuum
2953 742 3121 804 vides,
3154 758 3257 798 non
3302 742 3567 799 ﬂecteris?
3591 761 3692 815 qua
3720 762 3802 800 ra-

2226 834 2369 889 tione
2394 833 2509 889 htec
2538 843 2787 904 poterunt
2811 836 3055 890 excusari
3077 836 3100 889 τ
3124 835 3255 891 Nam
3295 836 3340 891 si
3367 836 3417 890 id
3442 836 3615 892 solum
3639 850 3802 902 esset,

2225 940 2403 981 nonne
2423 925 2690 981 sufficeret
2719 926 2785 981 ad
2835 926 3177 981 mercedem?
3217 942 3321 980 non
3360 927 3501 991 dico,
3547 936 3607 981 ut
3644 927 3802 982 talem

2225 1030 2407 1070 vocem
2430 1016 2559 1072 orbe
2586 1028 2851 1087 praesente
2880 1017 2948 1071 ab
2967 1031 3033 1071 eo
3057 1018 3145 1088 qui
3171 1017 3321 1072 sedet
3348 1016 3400 1071 in
3423 1018 3559 1073 solio
3583 1029 3805 1087 paterno

2224 1109 2429 1176 audias,
2456 1120 2509 1165 et
2551 1126 2774 1181 regnum
2806 1112 3169 1181 consequaris,
3202 1112 3295 1166 sed
3323 1110 3425 1166 hoc
3460 1114 3631 1180 ipsum
3661 1114 3807 1181 quod

2228 1203 2415 1259 feceris
2440 1219 2615 1259 nonne
2642 1205 2774 1259 satis
2800 1214 2942 1259 esset
2981 1204 3047 1258 ad
3095 1204 3434 1260 mercedem?
3453 1204 3601 1259 Nunc
3626 1214 3801 1260 autem

2222 1295 2359 1351 orbe
2399 1305 2689 1365 prasente,
2734 1304 2788 1350 et
2832 1295 3084 1350 inctl‘abiii
3139 1296 3226 1350 illa
3278 1306 3566 1365 apparente
3615 1297 3800 1367 gloria,

2226 1388 2478 1457 praedicat
2502 1398 2555 1444 et
2597 1398 2816 1443 coronat
2857 1396 2930 1452 te,
2979 1389 3383 1460 promttlgatque
3421 1389 3703 1443 nutricium
3747 1401 3805 1444 et

2226 1480 2486 1550 hospitem
2518 1498 2531 1535 :
2563 1496 2736 1551 neque
2764 1480 3030 1535 erubescit
3051 1480 3165 1535 haec
3195 1481 3395 1544 dicens,
3429 1489 3485 1534 ut
3515 1481 3607 1535 tibi
3628 1481 3805 1550 splen-

2225 1571 2486 1626 didiorem
2511 1586 2765 1627 coronam
2800 1570 3010 1626 reddat.
3046 1572 3123 1626 Ex
3152 1571 3336 1642 gratia:
3370 1570 3687 1626 liberalitate
3712 1587 3803 1628 co-

2226 1680 2353 1718 rona
2384 1663 2561 1720 datur.
2591 1664 2715 1719 Ideo
2755 1665 2827 1718 illi
2852 1664 2993 1735 juste
3038 1664 3348 1735 puniuntur,
3397 1662 3449 1717 hi
3480 1672 3809 1718 coronantur

2225 1769 2320 1823 per
2346 1756 2589 1825 gratiam.
2619 1754 2734 1809 Etsi
2765 1754 2906 1809 enim
2948 1755 3110 1809 millia
3143 1754 3279 1809 bona
3328 1746 3490 1824 Opera
3528 1754 3799 1820 fecissent,

2224 1848 2407 1918 gratiae
2436 1847 2725 1902 liberalitas
2758 1856 2861 1910 est,
2890 1846 3030 1917 quod
3070 1846 3140 1900 ita
3174 1861 3272 1917 pro
3295 1845 3529 1900 minimis
3555 1826 3802 1914 omnibus

2227 1949 2429 1993 tantum
2458 1938 2669 2002 caelum,
2702 1948 2904 1993 tantum
2950 1952 3171 2008 regnum
3217 1936 3374 1993 detur
3413 1938 3466 1993 in
3499 1939 3792 2008 praemium.

2229 2030 2378 2105 (Cap.
2400 2030 2591 2101 XXVI)
2620 2032 2674 2086 1.
2705 2029 2771 2084 Et
2797 2033 2985 2102 factum
3011 2042 3085 2085 est
3103 2046 3217 2084 cum
3247 2039 3637 2084 consummasset
3655 2029 3804 2084 Iesus

2225 2127 2317 2181 hos
2344 2142 2615 2187 sermones,
2649 2125 2778 2179 dixit
2810 2125 3070 2194 discipulis
3097 2124 3201 2178 suis
3229 2139 3248 2177 :
3270 2122 3326 2176 2.
3356 2121 3511 2179 Scitis
3545 2123 3664 2195 quia
3695 2133 3803 2191 post

2226 2220 2434 2273 biduum
2463 2219 2651 2290 pascha
2684 2220 2785 2286 ﬁet,
2819 2227 2865 2273 et
2894 2216 3059 2271 Filius
3088 2217 3303 2271 hominis
3345 2216 3571 2270 tradetur
3608 2224 3804 2268 uteru-

2225 2313 2481 2383 ciﬁgatur.
2537 2311 2740 2365 Rursus
2794 2320 3094 2381 opportune
3140 2309 3207 2364 de
3253 2310 3501 2379 passione
3550 2307 3800 2378 loquitur,

2226 2404 2439 2475 quando
2468 2403 2536 2458 de
2561 2418 2749 2474 regno,
2770 2402 2837 2457 de
2864 2402 3213 2457 retributione
3243 2399 3436 2465 hitura,
3465 2408 3519 2454 et
3542 2398 3611 2454 de
3645 2407 3801 2452 aiter-

2228 2498 2648 2553 niscruciatibus
2672 2496 2827 2551 verba
2856 2494 3085 2561 fecerat;
3111 2510 3173 2549 ac
3192 2494 3235 2548 si
3252 2494 3455 2549 diceret
3479 2510 3493 2546 :
3515 2490 3620 2547 Cur
3651 2491 3805 2545 time-

2230 2592 2300 2646 tis
2312 2591 2379 2646 de
2398 2588 2758 2659 temporaneis
2779 2587 2953 2653 malis,
2974 2602 3094 2642 cum
3124 2586 3244 2640 talia
3263 2600 3358 2640 vos
3378 2584 3805 2639 maneantbona?

2299 2686 2352 2740 5.
2385 2681 2464 2738 Τιι
2490 2697 2617 2737 vero
2639 2680 2768 2735 mihi
2794 2679 3101 2735 consideres
3126 2678 3285 2734 velim
3308 2675 3573 2747 quomodo
3596 2674 3645 2729 id
3668 2673 3803 2743 quod

2229 2776 2351 2831 illos
2378 2775 2610 2830 maxime
2635 2772 2881 2843 angebat,
2916 2786 3040 2827 cum
3069 2778 3185 2824 arte
3213 2783 3347 2823 nova
3374 2766 3606 2837 quadam
3632 2766 3682 2818 in
3713 2779 3805 2819 su-

2230 2868 2527 2940 perioribus
2556 2865 2972 2922 adumbraverit.
2998 2862 3113 2919 Non
3143 2861 3283 2917 enim
3312 2860 3463 2920 dixit.
3493 2857 3656 2914 Scitis
3686 2856 3806 2927 quia

2232 2969 2353 3030 post
2371 2958 2507 3014 duos
2534 2958 2649 3013 dies
2681 2956 2893 3019 tradar;
2940 2954 3034 3010 sed
3061 2951 3221 3025 quid?
3268 2951 3422 3007 Scitis
3457 2951 3574 3020 quia
3604 2957 3711 3019 post
3737 2948 3809 3001 bi-

2231 3052 2389 3105 duum
2419 3050 2605 3120 pascha
2634 3048 2740 3115 fiet,
2770 3057 2821 3101 et
2848 3046 3018 3101 Filius
3059 3044 3275 3099 hominis
3310 3042 3578 3104 tradetur;
3607 3049 3661 3093 et
3687 3047 3808 3093 tunc

2231 3143 2430 3214 adjicit,
2465 3141 2532 3197 Ut
2560 3141 2923 3211 cruciﬁgatur;
2950 3136 3239 3194 ostendens
3271 3135 3583 3207 mysterium
3610 3146 3729 3187 esse
3758 3131 3811 3185 id

2231 3236 2373 3308 quod
2404 3236 2581 3303 fiebat,
2616 3234 2806 3289 festum
2835 3242 2889 3288 et
2916 3230 3278 3287 celebritatem
3302 3227 3369 3281 ad
3399 3225 3624 3282 salutem
3666 3224 3814 3278 orbis

2233 3332 2445 3396 factum,
2469 3340 2524 3385 et
2551 3344 2610 3384 se
2654 3341 2928 3398 passurum
2959 3338 3101 3390 esse,
3146 3337 3267 3378 cum
3295 3320 3473 3376 omnia
3512 3316 3813 3389 prmscivis-

2232 3432 2334 3480 set.
2360 3422 2484 3477 Ideo
2509 3421 2659 3493 quasi
2685 3420 2786 3475 hoc
2821 3419 2952 3473 satis
2985 3426 3126 3474 esset
3153 3414 3227 3471 ad
3244 3413 3665 3471 consolationem
3691 3410 3814 3465 illu-

2231 3530 2370 3575 rum.
2408 3513 2539 3568 nihil
2576 3512 2682 3567 illis
2718 3526 2861 3566 nunc
2889 3508 3111 3565 dicitde
3156 3506 3553 3563 resurrectioiie
3584 3520 3597 3557 :
3627 3518 3813 3573 super-

2233 3606 2395 3659 fluum
2418 3604 2560 3659 enim
2581 3602 2791 3665 fuisset,
2812 3610 3088 3671 postquam
3107 3607 3183 3653 tot
3200 3605 3451 3667 tantaque
3466 3595 3809 3655 disseruerat,

2233 3698 2301 3753 de
2348 3696 2435 3751 illa
2488 3695 2680 3750 iterum
2710 3693 2910 3748 dicere.
2951 3690 3199 3760 Alioquin
3252 3702 3408 3755 vero,
3439 3696 3497 3742 ut
3521 3686 3630 3757 jam
3679 3684 3819 3751 dixi,

2234 3787 2471 3843 ostendit
2496 3787 2661 3856 ipsam
2686 3785 2986 3856 passionem
3018 3798 3047 3837 a
3074 3781 3216 3836 mille
3243 3779 3395 3835 malis
3425 3780 3668 3833 homines
3686 3777 3814 3831 lihe.

2235 3896 2375 3944 rare,
2429 3879 2557 3935 dum
2589 3893 2684 3949 per
2728 3874 2920 3947 pascha
2952 3882 3131 3930 vetera
3173 3871 3429 3928 beneficia
3480 3871 3531 3924 in
3586 3867 3827 3940 Algpr

2237 3974 2469 4045 pragstita
2499 3977 2899 4027 commemorat.
2929 3968 2983 4023 '5.
3017 3965 3157 4020 Tunc
3203 3962 3487 4035 congregati
3532 3972 3645 4016 sunt
3683 3961 3817 4030 prin-

2235 4069 2371 4138 cipes
2412 4065 2741 4128 sacerdotum,
2769 4062 2966 4127 scribat,
3010 4069 3056 4115 et
3104 4059 3321 4114 seniores
3368 4054 3542 4127 populi
3591 4056 3643 4107 in
3685 4053 3827 4105 atrio.

2234 4157 2417 4214 summi
2444 4156 2731 4220 sacerdotis,
2777 4154 2863 4223 qui
2891 4151 3161 4207 uocabatur
3199 4149 3440 4216 Caiphas,
3480 4148 3533 4202 ι’.
3578 4156 3625 4199 et
3651 4146 3818 4198 consi-

2237 4251 2361 4304 lium
2394 4248 2610 4302 inieruut
2647 4256 2700 4299 ut
2732 4244 2907 4299 Jesum
2946 4242 3063 4297 dolo
3089 4250 3330 4303 tenerent,
3357 4250 3409 4293 et
3430 4237 3726 4292 occiderent.
3755 4236 3810 4290 5-.

2238 4340 2481 4395 Dicebant
2510 4348 2693 4405 autent,
2727 4336 2848 4391 Non
2876 4336 2928 4389 in
2958 4335 3040 4390 die
3064 4339 3209 4406 festo,
3242 4348 3306 4387 ne
3337 4331 3577 4385 tumultus
3602 4332 3736 4400 ﬁeret
3760 4330 3823 4383 in

2238 4432 2449 4504 papula.
2492 4430 2682 4486 Vidisti
2711 4431 2997 4484 maximam
3042 4426 3382 4483 Iudaicarum
3426 4440 3605 4480 rerum
3633 4438 3820 4479 corru-

2241 4524 2515 4595 ptionem?
2546 4523 2649 4579 Res
2677 4524 2885 4592 iniquas
2910 4518 3300 4591 aggredientes,
3338 4517 3403 4571 ad
3432 4531 3695 4572 summum
3724 4530 3818 4569 sa-

2238 4615 2514 4673 cerdotem
2539 4614 2776 4680 veniunt,
2804 4611 2929 4667 dum
2959 4610 3082 4666 inde
3104 4609 3289 4665 volunt
3331 4618 3644 4679 potestatem
3670 4606 3817 4661 acci-

2240 4724 2369 4780 pere
2396 4706 2536 4763 uude
2567 4703 2809 4775 impediri
2845 4702 3145 4775 Oportebat.
3183 4699 3252 4755 Et
3280 4709 3408 4769 quot
3446 4706 3603 4753 erant
3624 4698 3821 4753 summi

2239 4797 2583 4855 sacerdotes?
2607 4796 2717 4851 Lex
2744 4796 2888 4851 enim
2908 4807 3071 4849 unum
3092 4806 3213 4849 esse
3236 4792 3346 4846 vult
3370 4809 3383 4845 :
3407 4790 3505 4845 sed
3524 4801 3646 4845 tunc
3667 4789 3819 4844 multi

2239 4901 2410 4949 erant.
2439 4889 2592 4947 Unde
2620 4889 2792 4960 palam
2809 4896 2911 4954 εει,
2942 4886 3160 4943 Judaica
3183 4884 3292 4955 jam
3323 4884 3538 4939 dissolvi
3565 4884 3819 4954 cmpisse.

2240 4983 2448 5055 Moyses
2477 4982 2642 5047 enim,
2673 4989 2733 5036 ut
2758 4978 2887 5044 dixi,
2914 4992 3077 5033 unum
3103 4991 3223 5032 esse
3246 4976 3403 5046 jussit
3433 4994 3446 5029 :
3478 4991 3584 5047 quo
3610 4984 3822 5029 mortuo

2241 5076 2402 5131 alium
2455 5073 2638 5145 deligi,
2681 5072 2733 5126 in
2781 5071 3044 5142 huiusque
3082 5069 3189 5124 vita
3231 5069 3481 5124 exsilium
3517 5068 3823 5123 terminavit

2241 5184 2425 5224 eorum
2474 5166 2565 5238 qui
2630 5164 2979 5221 involuntarie
3043 5177 3230 5218 necem
3286 5162 3445 5216 alicui
3499 5160 3818 5215 intulissent.

2242 5258 2522 5329 Quomodo
2566 5259 2725 5328 igitur
2772 5266 2896 5311 tunc
2948 5254 3097 5310 multi
3144 5252 3447 5309 sacerdotes
3486 5250 3607 5322 (a)?
3647 5252 3827 5306 Animi

2243 5354 2495 5423 deinceps
2521 5352 2643 5407 facti
2670 5359 2814 5405 sunt.
2848 5349 2959 5404 Hoc
2983 5346 3297 5418 signiﬁcavit
3322 5345 3663 5415 evangelista,
3695 5360 3823 5397 cum

2244 5448 2311 5504 de
2338 5447 2592 5502 Zacharia
2638 5445 2966 5516 loqueretur,
2994 5442 3179 5497 dicens
3209 5440 3357 5494 illum
3406 5439 3571 5493 fuisse
3611 5437 3683 5491 De
3719 5438 3814 5490 vice

2309 5602 2383 5665 (τι)
2407 5602 2463 5651 In
2486 5609 2647 5651 Graeco
2669 5599 2852 5662 legitur
2874 5610 3066 5665 ἀρχωριζς,
3103 5596 3148 5645 id
3193 5601 3287 5665 est,
3322 5592 3497 5665 summi
3530 5592 3822 5665 sacerdotes.

2248 5654 2611 5728 Chryslustumus
2634 5670 2686 5711 ut
2712 5654 2844 5728 [nitet
2884 5654 3394 5728 é"s'ttlis_equentilnts,
3422 5658 3622 5717 putabat
3652 5654 3821 5728 :[aclta-

2248 5716 2366 5776 rian'i
2390 5734 2580 5774 Joannis
2604 5716 2820 5786 baptista:
2842 5730 3029 5785 patrem
3061 5716 3209 5769 fui'sSe
3231 5716 3468 5769 summum
3495 5716 3815 5767 sacerdotem.

2244 5792 2345 5845 Alit
2368 5806 2516 5841 secus
2550 5789 2853 5840 existimant.
2898 5790 2952 5841 V.
2979 5788 3158 5840 Aduot.
3184 5787 3343 5850 Field,
3366 5788 3424 5838 ad
3442 5802 3493 5852 p.
3519 5788 3627 5837 “ibi.
