4154 6370
219 341 328 396 Ἠῦ

216 452 316 503 καὶ
339 448 430 503 τὸν
455 445 638 503 δοῦλον
660 447 752 502 τὸν
779 445 1047 518 μεθύοντα
1074 447 1168 500 καὶ
1194 448 1618 522 γαστριζόμενον
1663 451 1773 505 ἀπὸ
1799 450 1892 505 τοῦ

215 529 411 582 πιστοῦ
443 527 653 592 δούλου,
707 527 801 581 καὶ
827 526 919 579 τὸν
949 527 1010 580 τὸ
1045 527 1302 582 τάλαντον
1356 529 1748 599 καταχώσαντα
1787 531 1894 583 ἀπὸ

217 610 329 663 τῶν
362 610 428 662 τὰ
453 610 500 641 ⁸³
537 609 630 662 δύο
665 609 1145 679 προσενεγκάντων
1170 647 1186 672 ,
1231 610 1325 664 καὶ
1375 609 1602 665 ἕκαστον
1656 612 1764 666 τῶν
1814 612 1892 664 δι-

215 689 639 759 αμαρτανόντων
672 687 716 720 “
772 688 880 741 ἀπὸ
925 687 1034 741 τῶν
1092 689 1552 760 κατωρθωκότων.
1587 693 1698 745 Καὶ
1755 691 1892 759 αῦτη

219 767 351 844 ποτέ
390 767 488 837 μὲν
521 767 581 832 ἐξ
607 769 722 820 ίσου
749 769 783 838 ἡ
819 766 1106 837 σύγκρισις
1143 769 1372 836 γίνεται,
1420 770 1496 834 ὡς
1526 770 1760 825 ἐνταῦθα
1801 773 1894 825 καὶ⁸

218 847 440 900 ἐπὶτῶν
469 848 775 919 παρθένων·
810 849 940 903 ποτέ
970 849 1027 903 δέ
1058 849 1123 902 ἐκ
1146 851 1190 882 ⁸⁷
1225 848 1321 902 τοῦ
1369 850 1771 916 πλεονάζοντος,
1816 851 1894 914 ὡς

217 927 348 979 ὅταν
385 927 537 998 λέγῃ,
572 927 814 996 Ἄνδρες
834 927 1136 982 Νινευῖται
1162 928 1636 996 ἀναστήσονται,
1667 931 1762 984 καὶ
1791 947 1894 984 κα-

217 1007 567 1074 τακρινοῦσι
591 1005 707 1074 τὴν
733 1009 948 1076 γενεὰν
979 1009 1225 1074 ταύτην,
1254 1008 1344 1062 ὅτι
1389 1009 1760 1063 ἐπίστευσαν
1807 1011 1894 1074 εὶς

216 1084 289 1138 τὸ
341 1085 617 1154 κήρυγμα
658 1083 857 1139 ’Ῑωνᾶο
924 1085 1023 1139 καὶ
1083 1085 1213 1139 ίδοὺ
1265 1087 1478 1141 πλεῖον
1537 1088 1695 1144 Ἰωνᾶ
1745 1083 1888 1141 ὦδε’

218 1163 336 1226 καὶ,
364 1165 709 1218 Βασίλισσα
736 1166 918 1218 νότου
971 1167 1317 1234 κατακρινεῖ
1352 1167 1467 1235 τὴν
1507 1169 1720 1237 γενεὰν
1749 1167 1892 1222 ταύ-

217 1260 351 1308 την,
414 1242 502 1296 ὅτι
551 1239 739 1313 ἦλθεν
773 1245 1031 1298 ἀκοῦσαι
1076 1245 1192 1314 τὴν
1236 1247 1461 1316 σοφίαν
1510 1246 1890 1316 Σολομῶνοςο

216 1321 320 1374 καί
357 1321 486 1376 ίδοὺ
521 1323 735 1376 πλεῖον
767 1324 1118 1393 Σολομῶνος
1155 1320 1304 1380 ὧδεο
1345 1328 1440 1380 καὶ
1492 1327 1600 1379 ἀπὸ
1628 1325 1722 1378 τοῦ
1777 1326 1894 1379 ίσά-

217 1397 401 1465 ζοντος
437 1401 494 1455 δὲ
525 1401 707 1467 πάλιν,
737 1402 819 1455 ὅτι
851 1404 1030 1458 Αὐτοὶ
1059 1405 1250 1473 κριταὶ
1288 1406 1456 1474 ὑμῶν
1481 1405 1756 1459 ἔσονται·
1799 1406 1894 1458 καὶ

217 1478 382 1532 πάλιν
412 1480 518 1533 ἀπὸ
543 1480 636 1533 τοῦ
663 1480 1044 1546 πλεονάζοντος
1062 1500 1076 1513 ·
1111 1486 1234 1538 Οὐκ
1256 1484 1455 1538 οἴδατε
1479 1484 1570 1538 ὅτι
1594 1483 1893 1553 ἀγγέλους

217 1559 572 1628 κρινοῦμεν;
607 1559 820 1630 μήτιγε
851 1561 1132 1626 ﬁunt-md;
1167 1563 1276 1616 Καὶ
1306 1563 1538 1618 ἐνταῦθα
1570 1563 1752 1634 μέντοι
1786 1563 1894 1616 ἀπὸ

216 1637 312 1690 τοῦ
343 1638 648 1703 ίσάζοντοςο
699 1639 790 1692 καὶ
817 1640 925 1712 γάρ
954 1640 1238 1706 πλουσίους
1273 1643 1566 1708 πλουσίοις,
1607 1644 1699 1696 καὶ
1725 1643 1892 1713 πένη-

216 1733 317 1779 τας
347 1716 540 1785 πένησι
571 1718 924 1788 παραϐάλλει.
957 1720 1028 1772 Οὐ
1059 1720 1229 1792 ταύτῃ
1261 1721 1306 1752 ⁸⁸
1362 1721 1418 1774 δὲ
1448 1723 1606 1792 μόνον
1656 1721 1894 1775 δείκνυσι

215 1794 316 1866 τὴν
344 1794 522 1864 ψῆφον
555 1795 777 1861 δικαίως
831 1798 1224 1870 ἐκφερομένην,
1279 1800 1359 1871 τῷ
1398 1803 1522 1864 τοὺς
1578 1801 1897 1871 ὁμοδούλους

217 1873 637 1945 κατωρθωκέναι
669 1875 728 1926 ὲν
757 1877 870 1938 τοῖς
907 1876 1092 1940 αὐτοῖς
1132 1877 1312 1941 ὄντας,
1347 1878 1481 1931 ἀλλὰ
1510 1880 1604 1932 καὶ
1650 1879 1728 1950 τῷ
1761 1881 1896 1950 μηδὲ

216 1953 278 2004 ὲν
310 1969 518 2030 τουτὲοις
549 1952 873 2013 ὑπακοῦσαι,
901 1956 958 2008 ἐν
985 1950 1066 2019 οἷς
1090 1955 1242 2010 οὐδὲν
1269 1959 1302 2028 η
1337 1957 1498 2010 πενία
1531 1957 1759 2030 κώλυμα
1791 1955 1892 2029 ἦν·

219 2030 372 2102 [76011
394 2025 524 2090 οἷον,
544 2031 694 2102 ἐντῷ
723 2032 940 2087 ποτίσαι
960 2033 1218 2102 διψῶντα,
1248 2025 1404 2104 ἐντῷ
1433 2025 1714 2105 δεδεμένον
1747 2025 1894 2102 ίδείν,

216 2112 279 2164 ἐν
297 2110 373 2180 τῷ
389 2113 668 2182 ἄρρωστον
692 2112 962 2180 ἐπισκέψα
971 2113 1111 2168 σθαι.
1130 2113 1511 2183 Ἐγκωμιάσας
1527 2115 1583 2168 δὲ
1615 2117 1741 2177 τοὺς
1768 2133 1897 2169 κατ-

213 2189 564 2258 ωρθωκότας,
593 2189 861 2243 δείκνυσιν
885 2191 1006 2243 ὅσον
1037 2192 1242 2244 ἀνωθεν
1269 2187 1336 2262 ἦν
1370 2193 1518 2262 αὐτῷ
1545 2193 1680 2262 πρὸς
1701 2195 1897 2258 αὐτοὺς

214 2267 280 2318 τὸ
311 2267 549 2339 φίλτρον.
597 2267 773 2322 Δεῦτε
823 2268 952 2340 γὰρ,
992 2271 1178 2339 φησὶν,
1239 2273 1292 2324 οἱ
1347 2271 1738 2341 εὐλογημένοι
1789 2272 1896 2326 τοῦ

217 2346 449 2412 Πατρός
507 2363 651 2415 μου,
707 2347 1206 2416 κληρονομήσατε
1270 2347 1387 2415 τὴν
1440 2350 1897 2419 ἡτοιμασμένην

215 2423 363 2493 ὑμῖν
380 2425 708 2489 βασιλείαν
739 2425 854 2493 πρὸ
880 2426 1221 2496 καταϐολῆς
1248 2429 1503 2497 κόσμου.
1540 2430 1732 2484 Πόσων
1760 2432 1898 2498 ἀγα-

217 2502 329 2555 θῶν
351 2502 507 2557 τοῦτο
546 2503 608 2556 τὸ
636 2503 806 2574 δνομα
841 2504 1089 2568 ἀντάξιον
1111 2506 1179 2572 ⁸⁸,
1211 2505 1272 2559 τὸ
1317 2507 1710 2577 εὐλογημένους
1735 2506 1892 2574 εἶναι,

215 2582 314 2636 καὶ
345 2582 491 2653 παρὰ
523 2582 736 2652 Πατρὸς
789 2584 1220 2654 εὐλογημένους;
1273 2587 1384 2640 Καὶ
1417 2585 1582 2640 πόθεν
1628 2587 1896 2658 τοσαύτης

214 2663 380 2732 τιμῆς
409 2661 753 2732 ἠξιώθησαν;
783 2663 865 2724 τίς
898 2664 932 2732 ἡ
959 2663 1142 2730 αἰτίας
1184 2664 1532 2727 Ἐπείνασα,
1558 2665 1659 2719 καὶ
1686 2666 1733 2696 ⁵ο
1756 2666 1896 2719 ἐδώ-

215 2742 360 2793 κατέ
383 2759 485 2809 μοι
505 2740 745 2810 φαγεῖν
785 2741 1071 2810 ἐδίψησα,
1106 2741 1205 2795 καὶ
1225 2742 1543 2797 ἐποτίσατέ
1568 2761 1666 2813 με,
1709 2745 1897 2799 καὶτὰ

217 2818 365 2888 ἑξῆς.
401 2819 578 2889 Πόσης
611 2818 782 2898 ταῦτα
805 2821 989 2890 τιμῆς,
1019 2820 1189 2890 πόσης
1211 2823 1606 2893 μακαριότητος
1625 2825 1694 2878 τὰ
1715 2828 1896 2898 ρήμα-

215 2914 322 2962 τας
356 2899 462 2950 Καὶ
491 2899 590 2951 οὐκ
619 2894 761 2960 εἷπε,
788 2898 981 2952 λάϐετε
1001 2941 1017 2965 ,
1049 2899 1214 2964 ἀλλὰ,
1257 2894 1750 2972 κληρονομήσατε
1775 2894 1893 2971 ,ὡς

215 2980 412 3037 οἰκεῖα.
442 2977 516 3040 ὡς
541 2979 786 3049 πατρῷα,
810 2978 884 3040 ὡς
907 2980 1164 3051 ὑμέτερα,
1192 2981 1268 3044 ὡς
1293 2981 1338 3012 ⁵⁸
1361 2982 1488 3052 ὑμῖν
1517 2983 1720 3038 ἀνωθεν
1743 2986 1894 3054 ὀφει-

217 3055 442 3124 λόμενα.
485 3056 621 3127 Πρὶν
665 3057 697 3128 ἢ
733 3057 842 3128 γάρ
875 3058 1014 3128 ὑμᾶς
1042 3059 1317 3127 γενέσθαι,
1361 3062 1512 3130 φησὶ,
1543 3062 1716 3118 ταῦτα
1767 3065 1896 3136 ὑμῖν

219 3136 520 3205 ἡτοίμαστο
571 3137 667 3190 καὶ
705 3138 1036 3207 ηὐτρέπιστο
1084 3139 1151 3203 ⁵¹,
1204 3139 1392 3211 ἐπειδὴ
1446 3140 1594 3211 ᾔδειν
1624 3143 1896 3208 τοιούτους

217 3213 510 3282 ἐσομένους
539 3213 702 3284 ὑμᾶς.
740 3216 848 3269 Καὶ
876 3216 995 3268 ἀντὶ
1039 3216 1200 3271 τίνων
1231 3217 1470 3271 τοσαῦτα
1496 3218 1543 3250 ⁸³
1589 3219 1893 3291 λαμϐάνου-

221 3307 338 3356 σιν;
378 3293 521 3345 Ἀντὶ
558 3293 774 3363 στέγης,
807 3293 926 3345 ἀντὶ
956 3293 1194 3363 ἱματίου,
1231 3295 1352 3348 ἀντὶ
1382 3295 1570 3366 ἄρτου,
1617 3299 1737 3351 ἀντὶ
1769 3298 1896 3353 66a-

217 3389 312 3435 τος
341 3370 570 3443 ψυχροῦ,
601 3373 720 3426 ἀντὶ
758 3373 1121 3442 ἐπισκέψεως,
1157 3374 1277 3427 ἀντὶ
1338 3375 1544 3428 είσόδου
1582 3377 1682 3446 τῆς
1728 3380 1808 3441 εἰς
1834 3378 1896 3431 τὺ

217 3451 607 3521 δεσμωτήριον.
646 3453 753 3504 Καὶ
781 3451 889 3524 γὰρ
915 3452 1187 3524 πανταχοῦ
1217 3454 1315 3525 τῆς
1341 3455 1527 3526 χρείας
1554 3457 1701 3510 ἐστίν
1719 3476 1733 3491 ο
1778 3459 1895 3512 ἐστι

217 3529 277 3609 δὲ
309 3530 403 3583 καὶ
429 3528 476 3561 ⁸⁸
513 3531 798 3609 ὃπουνούδὲ
850 3533 946 3601 τῆς
990 3533 1198 3603 χρείας.
1256 3533 1331 3586 Οὐ
1381 3534 1490 3606 γὰρ
1520 3535 1712 3606 δήπου,
1759 3537 1894 3609 ὅπερ

220 3607 378 3686 ἔφην,
402 3609 432 3660 ὁ
456 3605 677 3679 κάμνων
711 3610 806 3663 καὶ
859 3611 888 3662 ὁ
937 3610 1216 3680 δεδεμένος
1244 3610 1401 3665 τοῦτο
1429 3605 1678 3684 ἐπιζητεῖ
1709 3605 1890 3686 μόνον,

220 3685 336 3738 ἀλλ’
369 3686 397 3737 ὁ
444 3685 542 3756 μὲν
571 3686 820 3756 λυθῆναι,
849 3689 878 3740 ὁ
929 3688 986 3740 δὲ
1029 3688 1404 3760 ἀπαλλαγῆναι
1434 3691 1532 3761 τῆς
1561 3685 1890 3764 ἀρρωστίας.

235 3764 372 3816 Ἀλλ’
396 3765 580 3830 αὐτὸς,
610 3765 814 3836 ἥμερος
839 3764 938 3832 ὢν,
959 3767 1028 3820 τά
1053 3769 1131 3831 είς
1169 3768 1396 3840 δύναμιν
1417 3771 1661 3824 ἀπαιτεῖ·
1693 3773 1893 3842 μᾶλλον

218 3844 279 3896 δὲ
315 3846 408 3897 καὶ
459 3845 567 3898 τῶν
617 3847 698 3907 είς
755 3845 983 3916 δύναμιν
1020 3848 1245 3910 ἐλάττω,
1281 3851 1413 3920 ἡμῖν
1468 3852 1893 3921 καταλιμπάνων

224 3923 620 3994 φιλοτιμεῖσθαι
645 3927 701 3978 ἐν
733 3925 808 3995 τῷ
833 3925 1056 3979 πλείονι.
1100 3927 1357 3990 Ἐκείνοις
1382 3928 1439 3981 δὲ
1463 3930 1532 3995 ⁸⁵⁵,
1559 3932 1894 3998 Πορεύεσθε

221 4003 324 4057 ἀπ’
355 4003 525 4072 ἐμοῦ,
551 4006 606 4057 οι
637 4006 1053 4073 κατηραμένον
1093 4007 1274 4059 οὐκέτι
1306 4008 1410 4060 ὐπὸ
1430 4008 1521 4062 τοῦ
1557 4010 1800 4081 Πατρόςο
1831 4012 1892 4064 οὐ

221 4083 332 4152 γὰρ
364 4082 524 4161 αὐτὸς
559 4083 754 4146 αὐτοὺς
784 4085 1158 4161 κατηράσατο,
1208 4085 1345 4138 ἀλλά
1394 4087 1462 4140 τὰ
1509 4090 1683 4141 οίκεῖα
1721 4089 1891 4161 ἔργαο

220 4163 310 4228 είς
348 4161 416 4215 τὸ
444 4160 562 4228 ,πῦρ
599 4162 665 4214 τὸ
697 4159 958 4224 αἰώνιον,
1000 4163 1065 4215 τὸ
1107 4163 1567 4234 ἡτοιμασμένον,
1602 4169 1700 4238 οὐχ
1741 4159 1889 4237 ύμῖν,

224 4241 366 4294 ἀλλά
392 4240 473 4307 τῷ
502 4241 757 4306 διαϐόλῳ
789 4241 888 4295 καί
916 4241 1039 4308 τοῖς
1059 4243 1337 4312 ἀγγέλοις
1369 4246 1574 4300 αὐτοῦ.
1623 4248 1759 4318 Περὶ
1795 4249 1893 4318 μὲν

223 4320 332 4391 γὰρ
354 4320 450 4390 τῆς
483 4319 752 4390 βασιλείας
778 4320 866 4374 ὅτε
897 4320 1070 4390 ἔλεγε,
1104 4323 1282 4378 Δεῦτε
1311 4325 1376 4390 ⁵⁵,
1402 4328 1894 4396 κληρονομήσατε

224 4400 346 4466 τὴν
395 4400 745 4464 βασιλείαν,
799 4400 1066 4470 ἐπήγαγε,
1116 4401 1232 4469 τὴν
1277 4405 1722 4473 ἡτοιμασμένην
1755 4407 1896 4476 ὑμῖν

223 4481 339 4544 πρὸ
391 4480 730 4547 καταϐολῆς
755 4483 985 4552 κόσμου
1007 4500 1020 4513 ο
1077 4483 1206 4553 περὶ
1243 4482 1300 4536 δὲ
1328 4483 1421 4536 τοῦ
1480 4485 1650 4554 πυρὸς
1688 4486 1892 4550 οὐκέτι,

222 4556 379 4620 ἀλλά,
402 4557 479 4636 ,τὸ
524 4560 962 4628 ἡτοιμασμένον
1003 4559 1083 4625 τῷ
1129 4560 1383 4629 διαϐόλῳ
1410 4563 1477 4615 ⁵⁷.
1519 4563 1658 4632 Ἐγὼ
1714 4565 1811 4636 μὲν
1849 4568 1897 4599 ⁸⁸

222 4635 335 4704 γάρ
362 4634 460 4706 τὴν
487 4636 583 4706 μὲν
617 4638 890 4708 βασιλείαν
919 4641 1044 4710 ὑμῖν
1067 4641 1360 4710 ὴτοίμασα,
1388 4641 1448 4694 τὸ
1481 4642 1538 4696 δέ
1575 4642 1686 4714 πῦρ
1715 4634 1897 4699 οὐκέτι

225 4715 356 4785 ὑμῖν
380 4716 448 4779 ⁸⁸,
477 4715 614 4769 ἀλλὰ
658 4717 738 4783 τῷ
775 4717 1032 4786 διαϐόλῳ
1075 4719 1172 4772 καί
1203 4718 1328 4786 τοῖς
1360 4721 1637 4790 ἀγγέλοις
1666 4724 1854 4778 αὑτοῦ
1879 4743 1892 4756 ·

223 4794 413 4865 ἐπειδὴ
441 4795 498 4848 δὲ
533 4796 690 4867 ὑμεῖς
737 4799 959 4862 ἑαυτοὺς
1003 4799 1302 4864 ἐνεϐάλετε,
1337 4802 1561 4865 ἑαυτοὺς
1597 4802 1895 4870 λογίζεσθε.

224 4875 300 4954 Οὐ
328 4873 500 4954 ταύτῃ
533 4876 588 4929 δὲ
624 4876 801 4946 μόνον,
832 4877 967 4931 ἀλλὰ
996 4880 1089 4930 καὶ
1113 4877 1201 4930 διὰ
1225 4877 1333 4930 τῶν
1366 4879 1511 4949 ἐξῆς,
1550 4879 1736 4954 ὥσπερ
1764 4885 1898 4936 ἀπο-

222 4953 550 5026 λογούμενος
590 4957 790 5021 αὐτοῖς,
819 4957 914 5010 καὶ
958 4957 1055 5020 τὰς
1089 4957 1266 5022 αίτίας
1298 4959 1528 5029 τίθησιν.
1574 4953 1897 5017 Ἔπείνασα

224 5036 355 5116 γὰρ,
380 5035 480 5090 καί
506 5039 619 5116 οὐκ
656 5037 910 5092 ἐδώκατέ
948 5057 1048 5108 μοι
1077 5039 1308 5108 φαγεῖν.
1354 5038 1417 5092 Εἰ
1440 5041 1548 5112 γὰρ
1587 5043 1680 5095 καὶ
1707 5044 1896 5116 ἐχθρὸς

222 5109 293 5184 ἦν
318 5117 348 5169 ὁ
372 5115 629 5186 προσιὼν,
665 5117 760 5186 οὐχ
783 5117 942 5170 ἱκανὰ
969 5117 1036 5171 τὰ
1074 5117 1220 5188 πάθη
1255 5118 1348 5171 καὶ
1375 5120 1465 5171 τὸν
1497 5109 1686 5192 ἀνελεῆ
1726 5109 1894 5176 κατα-

226 5193 424 5247 κλάσαι
460 5196 554 5248 καὶ
599 5197 929 5266 ἐπικάμψαι,
983 5197 1156 5266 λιμὸς,
1186 5198 1279 5251 καὶ
1305 5198 1534 5269 κρυμὸς,
1561 5201 1654 5254 καὶ
1699 5201 1892 5271 δεσμὰ,

1245 334 1312 390 ιο
1352 336 1770 394 ΜΑΤΤΗᾸΕΟΜ
1811 336 2042 394 ΗΟΜΠ..
2081 337 2316 394 LXXIX.
2359 339 2430 393 al.
2464 338 2681 394 LXXX.
2795 363 2800 366 ·

3557 341 3664 397 7‘20

1994 453 2088 506 καὶ
2127 453 2422 522 γυμνότης,
2456 455 2550 506 καὶ
2590 451 2889 524 ἀρρωστία,
2920 453 3012 506 καὶ
3042 451 3102 502 τὸ
3124 451 3332 522 αἴθριον
3366 453 3667 508 πλανᾶσθαι

1994 531 2304 602 πανταχοῦ;
2346 531 2528 586 Ταῦτα
2558 533 2665 602 γὰρ
2692 532 2785 584 καὶ
2808 530 3002 602 ἔχθραν
3035 531 3079 562 ⁶⁰
3115 531 3273 584 ἱκανά
3291 530 3469 586 λῦσαι.
3509 534 3669 588 Ἀλλά

1995 609 2150 679 ὑμεῖς
2181 611 2302 664 οὐδὲ
2335 614 2414 673 είς
2443 611 2594 679 φίλον
2632 609 2804 662 ταῦτα
2835 609 3149 680 ἐποίησατε,
3191 610 3285 662 καὶ
3342 610 3516 679 φίλον,
3575 614 3668 664 καὶ

1993 689 2282 759 εὐεργέτην
2319 691 2414 742 καὶ
2450 688 2724 756 Δεσπότην
2744 688 2872 742 ὄντα
2903 689 2969 741 ⁸⁸.
3020 688 3126 740 Καὶ
3154 687 3292 741 κύνα
3331 689 3428 758 μὲν
3452 690 3517 743 ἂν
3549 689 3666 743 ἴδω-

1996 786 2095 838 μεν
2123 771 2409 830 πεινῶντα,
2430 770 2688 831 πολλάκις
2715 767 3084 839 ἐπικλώμεθα’
3113 768 3208 821 καὶ
3228 768 3417 839 θηρίον
3441 770 3510 822 ἂν
3539 769 3636 823 θεα
3654 799 3668 809 ο

1995 847 2247 917 σώμεθα,
2302 847 2794 918 ἐπικαμπτόμεθαο
2831 847 2928 900 τὸν
2969 847 3027 900 δὲ
3081 847 3360 916 Δεσπότην
3388 848 3530 916 ὀρῶν
3567 849 3669 901 οὐκ

1993 929 2343 1000 ἐπικάμπτῃ;
2365 931 2459 984 καὶ
2483 929 2586 982 ποῦ
2612 928 2784 982 ταῦτα
2811 926 3106 994 ἀπολογίας
3132 925 3292 990 ἄξια;
3333 926 3393 978 Et
3420 927 3527 996 γὰρ
3554 925 3671 978 τοῦ⁴

1992 1025 2052 1061 το
2083 1009 2240 1080 μόνον
2264 1005 2352 1080 ἦν,
2386 1010 2482 1079 οὐχ
2511 1009 2689 1061 ἱκανὸν
2711 1008 2790 1071 είς
2819 1005 3121 1068 άντίδοσιν;
3161 1005 3220 1056 οὐ
3248 1004 3391 1072 λέγω
3413 1005 3474 1056 τὸ
3503 1003 3668 1056 ἀκοῦ-

1995 1102 2082 1139 σαι
2104 1086 2286 1155 φωνῆς
2317 1087 2567 1158 τοιαύτης
2602 1086 2695 1138 ἐπὶ
2722 1085 2820 1154 τῆς
2862 1081 3186 1152 οἰκουμένης
3222 1082 3376 1153 παρὰ
3405 1082 3500 1134 τοῦ
3530 1081 3666 1135 καθ-

1992 1164 2194 1234 ημένου
2220 1165 2312 1217 ἐπὶ
2359 1165 2452 1218 τοῦ
2481 1164 2670 1234 θρόνου
2699 1163 2789 1216 τοῦ
2835 1161 3100 1230 πατρικοῦ
3137 1161 3202 1223 ⁸⁸,
3243 1161 3338 1214 καὶ⁵
3395 1161 3667 1230 βασιλείας

1992 1245 2193 1312 τυχεῖν,
2248 1243 2360 1296 ἀλλ’
2394 1245 2527 1296 αὐτὸ
2554 1242 2702 1316 [761]
2735 1243 2796 1294 τὸ
2843 1239 3181 1310 ἐργάσασθαι
3233 1240 3330 1308 οὐχ
3361 1239 3543 1292 ἱκανὸν
3587 1241 3666 1302 εἰς

1993 1322 2252 1391 ἀμοιϐήνς
2272 1323 2408 1376 Νυνὶ
2438 1325 2492 1376 δέ
2514 1323 2605 1376 καὶ
2640 1323 2740 1393 τῆς
2765 1321 3087 1390 οἰκουμένης
3124 1318 3428 1390 παρούσης,
3457 1319 3668 1388 καὶτῆς

1993 1401 2231 1473 ἀρρήτου
2269 1400 2424 1471 δόξης
2447 1403 2661 1472 ἐκείνης
2685 1400 3033 1470 φαινομένης,
3068 1397 3438 1467 ἀνακηρύττει
3473 1415 3532 1450 σε
3573 1399 3668 1450 καὶ

1995 1482 2267 1549 στεφανοῖ,
2314 1483 2407 1534 καὶ
2455 1482 2707 1551 ὁμολογεῖ
2724 1480 2815 1534 τὸν
2848 1481 3052 1552 τροφέα
3083 1479 3176 1532 καὶ
3224 1478 3316 1532 τὸν
3362 1477 3662 1549 ξενοδόχον·

1994 1562 2090 1613 καὶ
2122 1561 2220 1614 οὐκ
2249 1561 2562 1632 αἰσχύνεται
2583 1559 2807 1613 τοιαῦτα
2835 1558 3031 1626 λέγων,
3059 1559 3144 1611 ἴνα
3172 1575 3253 1610 σοι
3289 1557 3668 1632 λαμπρότερον

1995 1637 2040 1668 ⁸³
2064 1640 2265 1712 ποιήσῃ
2294 1631 2384 1692 τὸν
2418 1639 2701 1706 στέφανον.
2738 1637 2835 1690 Διά
2866 1637 2930 1708 δὴ
2959 1637 3116 1689 τοῦτο
3143 1637 3238 1690 καὶ
3274 1631 3415 1690 οὗτοι
3446 1634 3667 1696 δικαίως
3755 1689 3766 1704 ο

1995 1717 2333 1781 κολάζονται,
2380 1721 2620 1773 κάκεῖνοι
2691 1717 3079 1786 στεφανοῦνται
3132 1716 3273 1770 κατά
3316 1716 3491 1786 χάριν.
3547 1715 3668 1766 Κᾶν

1995 1797 2102 1867 γὰρ
2134 1799 2179 1829 ⁸⁸
2206 1798 2371 1870 μυρία
2416 1794 2514 1852 ὦσι
2542 1798 2922 1868 πεποιηκότες,
2963 1797 3186 1868 χάριτός
3229 1799 3375 1850 ἐστιν
3404 1798 3436 1867 ή
3471 1795 3670 1864 φιλοτι-

2001 1877 2120 1948 μία,
2153 1879 2215 1930 τὸ
2253 1880 2374 1932 ἀντὶ
2399 1879 2613 1950 μικρῶν
2645 1877 2789 1931 οὕτω
2815 1879 2909 1930 καὶ
2937 1879 3186 1939 εὐτελῶν,
3221 1877 3448 1949 οὐρανὸν
3479 1875 3670 1929 τοσοῦ-

1993 1973 2086 2009 τον
2113 1959 2207 2010 καὶ
2234 1957 2509 2027 βασιλείαν
2538 1960 2632 2011 καὶ
2659 1956 2992 2028 τηλικαύτην
3021 1958 3204 2021 αὐτοῖς
3230 1957 3446 2028 δοθῆναι
3479 1960 3665 2025 τιμήν.

1994 2035 2106 2089 Καὶ
2142 2035 2377 2105 ἐγένετο
2407 2037 2507 2091 ὅτε
2538 2036 2941 2091 συνετέλεσεν
2965 2038 3011 2068 ⁸⁵
3039 2039 3072 2091 ό
3122 2037 3347 2104 Ἰησοῦς
3382 2034 3523 2100 τοὺς
3562 2038 3669 2088 λό-

1994 2132 2140 2184 γους
2190 2117 2460 2182 τούτους,
2516 2112 2647 2170 εἷπε
2683 2115 2807 2182 τοῖς
2845 2115 3136 2184 μαθηταῖς
3177 2114 3362 2170 αὐτοῦ
3386 2131 3401 2146 ο
3459 2113 3671 2167 Οἴδατε

1995 2194 2084 2248 ὅτι
2110 2196 2257 2264 μετὰ
2282 2195 2392 2249 δύο
2420 2196 2643 2264 ἡμέρας
2686 2195 2753 2250 τὸ
2799 2196 3015 2265 Πάσχα
3051 2196 3294 2264 γίνεται,
3327 2193 3424 2247 καί
3462 2197 3494 2246 ό
3541 2195 3671 2259 Υἱὸς

1995 2274 2102 2328 τοῦ
2149 2273 2460 2346 ἀνθρῴπου
2513 2274 2900 2342 παραδίδοται
2952 2277 3040 2339 είς
3092 2274 3156 2326 τὸ
3229 2271 3666 2340 σταυρωθῆναι.

1996 2353 2166 2407 Πάλιν
2197 2355 2470 2424 εὐκαίρως
2499 2355 2628 2424 περὶ
2657 2352 2750 2406 τοῦ
2783 2353 2987 2416 πάθους
3015 2352 3338 2420 διαλέγεται,
3378 2351 3467 2402 ὅτε
3513 2350 3669 2419 βασι-

1994 2433 2142 2496 λείας
2169 2433 2464 2504 ἀνέμνησε,
2490 2432 2584 2485 καὶ
2612 2433 2710 2502 τῆς
2746 2433 3062 2496 ἀντιδόσεως
3087 2432 3131 2465 ⁸⁸
3159 2430 3260 2499 τῆς
3288 2432 3423 2492 ἐκεῖ,
3453 2430 3542 2482 καὶ
3571 2429 3670 2497 τῆς

1995 2511 2260 2566 ἀθανάτου
2285 2510 2578 2574 κολάσεωςο
2608 2511 2808 2565 ὡσανεὶ
2836 2511 3008 2580 ἔλεγε·
3041 2509 3106 2562 Τί
3139 2508 3410 2562 δεδοίκατε
3439 2509 3530 2559 ἐπὶ
3557 2510 3670 2568 τοῖς

1996 2589 2350 2660 προσκαίροις
2363 2589 2574 2652 δεινοῖς,
2591 2589 2846 2643 τοιούτων
2868 2591 3012 2659 ὑμᾶς
3035 2587 3408 2658 ἀναμενόντων
3425 2585 3668 2653 ἀγαθῶν;

2065 2673 2134 2735 γ’.
2166 2658 2250 2720 Σὺ-
2285 2658 2342 2720 δέ
2393 2684 2483 2736 μοι
2512 2666 2702 2720 σκόπει
2736 2666 2852 2730 πῶς
2882 2658 2942 2719 τὸ
2977 2666 3208 2734 μάλιστα
3236 2663 3440 2716 λυποῦν
3473 2663 3670 2725 αὐτοὺς

1996 2744 2324 2816 καινοτέρως
2362 2743 2666 2815 μεθώδευσε
2690 2745 2734 2776 ⁸⁷
2789 2745 2882 2799 καὶ
2935 2745 3287 2797 συνεσκίασεν
3334 2745 3391 2796 ἐν
3426 2745 3539 2804 τοῖς
3567 2741 3667 2810 ἒμ-

1996 2824 2231 2893 προσθεν
2253 2824 2477 2877 άπασιν.
2521 2823 2596 2874 Οὐ
2620 2821 2729 2892 γὰρ
2756 2817 2928 2885 εἷπεν,
2960 2823 3040 2875 ὅτι
3075 2821 3264 2873 Οἴδατε
3303 2823 3385 2874 ὅτι
3414 2820 3551 2889 μετά
3577 2819 3671 2871 δύο

1994 2904 2208 2974 ἡμέρας
2264 2902 2624 2974 παραδίδομαι
2649 2919 2663 2932 ·
2703 2901 2840 2956 άλλά
2870 2901 2923 2955 τί
2937 2918 2957 2966 ς
3000 2901 3210 2954 Οἴδατε
3238 2901 3325 2952 ὅτι
3367 2897 3518 2968 μετὰ
3560 2899 3670 2951 δύο

1995 2985 2215 3051 ἡμέρας
2261 2981 2328 3035 τὸ
2379 2981 2596 3049 Πάσχα
2631 2981 2884 3050 γίνεται·
2928 2982 3022 3033 καὶ
3071 2980 3192 3033 τότε
3248 2981 3546 3050 ἐπήγαγεν,
3587 2978 3670 3031 ὃτι

1997 3061 2384 3130 παραδίδοται
2432 3063 2519 3126 είς
2552 3059 2616 3114 τὸ
2645 3057 3057 3128 σταυρωθῆναι
3099 3059 3177 3090 ⁸⁸⁸
3225 3057 3439 3120 δεικνὺς
3462 3061 3670 3128 μυστή-

1998 3158 2113 3213 ριον
2145 3141 2204 3194 ὃν
2227 3141 2288 3194 τδ
2313 3139 2616 3210 γινόμενον,
2647 3140 2740 3192 καὶ
2761 3138 2954 3208 ἑορτὴν
2982 3137 3078 3192 καὶ
3099 3137 3404 3208 πανήγυριν
3436 3137 3530 3189 ἐπὶ
3573 3153 3674 3190 σω-

1994 3212 2161 3291 τηρίᾳ
2186 3218 2287 3288 τῆς
2319 3219 2647 3289 οἰκουμένης
2671 3215 3020 3287 τελουμένην,
3054 3216 3149 3269 καὶ
3195 3217 3278 3270 ὅτι
3313 3212 3578 3286 προειδὼς
3607 3217 3673 3268 ὅ.-

1996 3313 2173 3352 παντα
2209 3297 2434 3367 ἔπασχε.
2493 3298 2591 3351 Διά
2625 3297 2688 3365 δὴ
2717 3295 2893 3358 τοῦτο,
2943 3295 3020 3358 ὡς
3048 3293 3343 3364 ἀρκοῦντος
3373 3291 3562 3345 τούτου
3591 3294 3674 3356 είς

1996 3375 2349 3447 παραμυθίαν
2379 3377 2581 3439 αὐτοῖς,
2616 3375 2737 3428 οὐδὲ
2766 3369 2920 3428 εἶπεν
2949 3375 3132 3436 αὐτοῖς
3169 3389 3222 3426 τι
3251 3371 3346 3425 νῦν
3372 3371 3502 3442 περὶ
3541 3372 3676 3424 ἀνα-

1997 3455 2238 3517 στάσεως
2259 3470 2274 3485 °
2326 3454 2580 3525 περιττὸν
2610 3455 2718 3526 γὰρ
2761 3449 2849 3524 ἦν,
2883 3451 3118 3506 τοσαῦτα
3171 3449 3513 3526 διαλεχθέντα
3541 3450 3674 3516 περὶ

1994 3533 2164 3603 αὐτῆς
2193 3531 2355 3586 πάλιν
2387 3534 2582 3585 είπεϊν.
2602 3525 2712 3586 Καὶ
2737 3531 2910 3595 ἄλλως
2936 3531 3014 3596 δὲ,
3049 3531 3186 3601 ὅπερ
3217 3525 3388 3592 εἷπον,
3405 3529 3673 3582 δείκνυσιν

1993 3614 2074 3666 ὅτι
2108 3612 2200 3665 καὶ
2241 3613 2373 3666 αὐτὸ
2423 3613 2484 3665 τὸ
2518 3612 2709 3666 παθεῖν
2743 3611 2952 3683 μυρίων
3005 3609 3292 3680 ἀπαλλαγὴ
3323 3607 3526 3671 κακῶν,
3583 3608 3673 3661 διὰ

1992 3691 2087 3746 τοῦ
2116 3692 2308 3762 Πάσχα
2343 3691 2450 3745 τῶν
2483 3690 2730 3744 παλαιῶν
2769 3692 3225 3760 εὐεργετημάτων
3263 3689 3372 3740 τῶν
3425 3687 3546 3740 κατ’
3579 3687 3675 3739 Δί-

1993 3789 2202 3840 γυπτον
2239 3772 2554 3841 ἀναμνήσας
2582 3769 2800 3832 αὐτούς.
2842 3771 2980 3824 Τότε
3011 3769 3416 3836 συνήχθησαν
3443 3770 3496 3820 οἱ
3522 3767 3672 3834 ἀρχ-

1996 3851 2190 3920 ιερεῖς,
2224 3851 2321 3904 καί
2355 3853 2409 3903 οι
2461 3848 2840 3918 γραμματεῖς,
2891 3847 2992 3902 καί
3041 3850 3094 3902 oi
3132 3847 3523 3914 πρεσϐύτεροι
3564 3845 3672 3898 τοῦ

1992 3930 2145 3984 λαοῦ
2175 3930 2246 3983 ἐν
2293 3928 2370 3997 τῇ
2418 3928 2578 3997 αὐλῇ
2609 3929 2717 3982 τοῦ
2765 3927 3082 3998 ἀρχιερέως
3107 3969 3122 3993 ,
3186 3925 3292 3979 τοῦ
3342 3925 3672 3995 λεγομένου

1994 4006 2250 4076 Καῖάςρα,
2293 4007 2390 4060 καί
2419 4008 2934 4061 συνεϐουλεύοντο
2963 4007 3005 4037 ⁸⁸
3039 4007 3138 4059 ἴνα
3161 4003 3268 4058 τὸν
3311 4003 3545 4068 Ἰησοῦν
3571 4003 3673 4056 δό-

1994 4092 2082 4154 λῳ
2111 4089 2476 4157 κρατήσωσι,
2512 4087 2611 4141 καὶ
2656 4089 3114 4142 ἀποκτείνωσιν.
3157 4087 3410 4154 Ἔλεγον
3451 4083 3537 4147 δὲ,
3573 4083 3670 4153 Μὴ

1995 4170 2066 4222 ἐν
2085 4168 2158 4237 τῇ
2205 4166 2402 4236 ἑορτῇ,
2447 4169 2546 4221 ἴνα
2572 4167 2658 4236 μὴ
2715 4170 2963 4235 θόρυϐος
3010 4167 3250 4236 γένηται
3297 4166 3368 4218 έν
3397 4163 3476 4228 τῷ
3522 4161 3671 4230 λαῷ.

1998 4247 2150 4312 Εἶδες
2178 4249 2275 4320 τὴν
2306 4249 2512 4318 ἄφατον
2555 4247 2664 4301 τῶν
2707 4246 3010 4301 Ἰουδαϊκῶν
3072 4246 3410 4321 πραγμάτων
3451 4243 3673 4312 διαφθο-

2003 4329 2132 4400 ράν;
2165 4327 2510 4399 Παρανόμοις
2535 4327 2857 4398 πράγμασιν
2876 4329 2923 4359 ⁷⁰
2947 4325 3376 4398 ἐπιχειροῦντες,
3416 4324 3552 4391 πρὸς
3581 4324 3676 4376 τὸν

1999 4409 2257 4479 ἀρχιερέα
2288 4407 2558 4478 ἔρχονται,
2589 4405 2798 4460 ἐκεῖθεν
2834 4405 3147 4475 βουλόμενοι
3169 4405 3270 4475 τὴν
3301 4405 3551 4469 ἐξουσίαν
3579 4405 3675 4458 λα-

2001 4489 2136 4552 ϐεῖν,
2165 4488 2286 4542 ὅθεν
2314 4486 2618 4541 κωλύεσθαι
2639 4487 2766 4541 ἔδει.
2800 4486 2908 4539 Καὶ⁵
2935 4486 3089 4539 πόσοι
3120 4482 3260 4557 ἦσαν
3289 4486 3338 4537 οἱ
3365 4485 3672 4554 ἀρχιερεῖς;

2013 4567 2071 4620 Ὀ
2121 4565 2228 4638 γάρ
2266 4567 2426 4636 νόμος
2454 4567 2550 4619 ἕνα
2600 4561 2739 4619 εἶναι
2766 4567 2810 4598 ⁷³
2842 4564 3117 4634 βούλεται’
3163 4565 3297 4618 ἀλλὰ
3339 4563 3456 4616 τότε
3491 4563 3676 4616 πολλοὶ

2000 4645 2161 4721 ἦσαν.
2219 4646 2379 4701 Ὅθεν
2412 4647 2591 4716 δῆλον,
2637 4648 2720 4700 ὅτι
2762 4646 2832 4699 τὰ
2879 4644 3142 4698 ’1ουδαῖκά
3179 4645 3353 4716 ἀρχὴν
3402 4643 3676 4721 ἐλάμϐανε

1999 4718 2328 4782 διαλύεσθαι.
2363 4727 2419 4780 Ὀ
2454 4727 2551 4797 μὲν
2594 4726 2704 4796 γὰρ
2734 4725 2992 4794 Μωῦοῆς,
3025 4724 3161 4794 ὅπερ
3200 4724 3354 4794 ἔφην,
3393 4722 3488 4775 ἕνα
3531 4718 3671 4776 εἶναι

1998 4807 2276 4871 ἐκέλευσε,
2327 4805 2422 4860 καὶ
2463 4805 2879 4876 τελευτήσαντος
2911 4805 2958 4836 ⁷³
3003 4804 3123 4856 τότε
3173 4803 3360 4874 ἕτερον
3402 4801 3669 4870 γίνεσθαι,

1999 4885 2094 4939 καὶ
2125 4887 2188 4954 τῇ
2225 4885 2337 4956 ζωῇ
2369 4887 2434 4955 τῇ
2470 4885 2517 4916 ’³
2561 4883 2750 4936 τούτου
2775 4884 2875 4952 τὴν
2915 4882 3091 4952 φυγὴν
3117 4881 3337 4952 ἐμέτρει
3366 4880 3476 4934 τῶν
3509 4882 3676 4936 ἀκου-

2001 4964 2130 5026 σίως
2163 4963 2554 5034 ἐργασαμένων
2600 4962 2779 5031 φόνον.
2837 4960 2962 5024 Πῶς
2992 4957 3088 5014 οὖν
3117 4960 3237 5014 τότε
3271 4959 3456 5012 πολλοὶ
3484 4959 3674 5028 ἀρχιε-

2002 5047 2114 5116 ρεῖς
2139 5043 2216 5108 ";
2267 5044 2610 5096 Ἐνιαυσιαῖοι
2645 5041 2869 5112 ὕστερον
2903 5040 3169 5108 ἐγένοντο.
3221 5040 3334 5094 Καὶ
3360 5037 3519 5092 τοῦτο
3553 5039 3676 5109 ἐδή-

2001 5123 2171 5176 λωσεν
2191 5125 2218 5176 ὁ
2242 5121 2646 5192 εὐαγγελιστὴς,
2675 5121 2764 5174 ὅτε
2789 5120 2916 5190 περὶ
2959 5118 3054 5172 τοῦ
3083 5118 3350 5190 Ζαχαρίου
3380 5117 3671 5185 διελέγετο,

2003 5202 2170 5255 εἰπὼν
2200 5200 2256 5266 ἐξ
2302 5199 2605 5272 ἐφημερίας
2637 5199 2800 5253 αὐτὸν
2843 5195 2980 5252 εἶναι
3023 5198 3197 5252 Ἀϐιά.
3248 5197 3455 5260 Αὐτοὺς
3501 5197 3549 5229 ’³
3580 5192 3674 5251 οὖν

294 5284 342 5317 ⁸⁸
370 5285 439 5360 τά
465 5303 574 5360 pm.
701 5289 1173 5358 προσενεγκάντων
1191 5287 1254 5360 H_.
1280 5288 1347 5342 M.
1373 5289 1644 5344 Edebalur
1673 5293 1780 5346 ἀπὸ
1807 5293 1894 5347 τοῦ

2014 5294 2061 5347 δ.
2099 5293 2575 5360 προσενεγκόντος,
2610 5291 2794 5346 invitis
2821 5291 2980 5346 cndcl.
3015 5290 3122 5343 ἀπὸ
3142 5289 3250 5360 τῶν
3273 5289 3673 5344 διπλασιάντων

225 5355 331 5427 Ep.
361 5356 426 5427 ab
457 5357 659 5427 bisqui
690 5355 1176 5427 malliplicaverunt
1215 5358 1312 5414 Ge.

229 5567 359 5620 add.
387 5569 436 5621 οί
475 5567 823 5636 εὐλογημένοι
851 5569 910 5622 ι..

1415 5362 1460 5432 ξ⁶
1489 5361 1895 5432 διαμαρτόντων
1927 5366 1992 5418 G.
2029 5363 2093 5416 ll.
2122 5359 2545 5432 διαμαρτώντων
2575 5361 2644 5414 Μ.
2724 5361 2768 5432 ⁸7
2799 5360 2885 5432 ἐκ]
2936 5359 3248 5432 xa1_éx__K.
3277 5360 3372 5432 καὶ
3397 5361 3504 5412 ἀπὸ
3529 5360 3666 5432 Εάιί.

227 5425 276 5457 ⁸³
302 5425 509 5504 ταύτην
523 5426 594 5504 _G.
624 5427 692 5504 H_.
710 5427 782 5482 Μ.
849 5425 904 5504 ξ’
935 5428 1204 5504 ἀντάξιον]
1218 5429 1351 5504 ἓᾴιί.
1385 5425 1523 5482 εἶναι
1550 5425 1697 5504 δοκέῖ
1720 5433 1853 5488 Mor.
1891 5438 1894 5486 ξ

1998 5459 2022 5488 ..
2100 5435 2146 5465 ιο
2179 5425 2292 5504 καὶ]

228 5511 392 5570 πιστο
648 5498 694 5530 ⁸³
719 5497 982 5570 τοσαῦτα]
1016 5495 1348 5570 ταῦταίΕεΙά.
1380 5517 1431 5569 p.
1463 5517 1514 5568 p.
1548 5503 1778 5568 ἱματίων
1814 5505 1950 5558 ΕιίιΙ.

2326 5432 2435 5502 γὰρ
2455 5431 2550 5502 κα).
2579 5433 2645 5487 G.
2722 5428 3007 5502 ⁸ξῲςόιη.
3138 5429 3209 5484 Μ.
3255 5429 3348 5502 __"
3379 5431 3669 5502 προευτρές

2048 5504 2094 5536 5‘
2129 5505 2222 5556 καὶ
2261 5498 2472 5573 (ξιιιηῖ).
2623 5571 2632 5573 _
2673 5502 2720 5573 "_
2746 5499 2825 5573 δένΙ
2849 5500 3052 5573 add._':£
3087 5517 3221 5571 φησι
3253 5498 3319 5573 |_l.
3412 5498 3459 5530 “

1007 5565 1339 5642 βτ--δεαϐόλιρῖ
1365 5565 1487 5642 εἰιίιίῗ.
1538 5565 1648 5642 και
1660 5576 1775 5642 τοῖς
1817 5575 1894 5642 άγε

1998 5591 2068 5638 an;
2098 5571 2420 5642 αὐτοῦῗὶίῖᾀά.
2475 5571 2542 5642 ᾼ⁵⁸
2580 5571 2678 5641 μὲν
2709 5565 3053 5642 bis_"o_t_n.__L._
3067 5565 3346 5642 μοειοιςίυε
3379 5585 3492 5642 om.
3524 5569 3640 5642 _Ed_(j

230 5637 278 5723 ξς
301 5637 430 5723 ύμῖν
447 5653 554 5723 (ξφ.
577 5637 640 5691 L.
822 5637 920 5710 τῷ]
944 5638 1024 5723 τῷ
1040 5639 1096 5692 δὲ
1259 5639 1304 5670 ⁸ο
1327 5639 1607 5723 ἐχθρθτνιϐ.
1634 5641 1827 5723 Κ.ΠΜ;.

1998 5662 2081 5723 ιτα
2109 5659 2216 5723 on}.
2245 5641 2307 5696 K.
2330 5641 2390 5695 L.
2455 5640 2513 5723 ’ξ’
2532 5637 2743 5723 πατρὸς
2856 5639 2920 5723 H'.
2943 5638 3006 5692 K.
3179 5639 3225 5670 “
3248 5639 3496 5723 λαμπρὸν

231 5706 278 5805 ἒξ
305 5706 497 5805 1%};

305 5777 625 5845 ἐμεθόδευσε
657 5778 721 5831 Κ.
821 5779 868 5809 ⁸⁸
897 5777 992 5832 καὶ
1024 5799 1054 5832 τ

232 5843 488 5918 61.193“.
521 5847 946 5918 repugnaulilgus
969 5850 1127 5903 codd.
1157 5858 1213 5904 et
1237 5843 1433 5918 lnlerp'.

233 5930 330 5989 πρ.
366 5912 430 5968 H.
463 5917 524 5970 L.
550 5912 650 5986 Ep.

462 5708 589 5793 hinc
618 5708 1032 5778 sublatum—post
1056 5709 1287 5831 ἔάριτος
1321 5708 1444 5779 poni
1470 5711 1664 5786 juban
1690 5712 1754 5767 G.
1785 5712 1848 5766 Η.
1886 5713 1950 5766 Κ.
1986 5713 2056 5767 Μ.
2092 5727 2142 5792 e_l
2177 5712 2376 5798 lnlcrp.
2453 5711 2498 5744 ου
2529 5708 2773 5764 ὲτέλςεσεν
2797 5709 2858 5763 κ,
2886 5709 2947 5764 ι,
3025 5710 3070 5740 οι
3096 5708 3501 5792 ἀνταποδόσεως
3529 5710 3664 5764 Edd.

462 5791 625 5830 ›οευσε
657 5778 721 5831 Κ.
897 5780 992 5832 καὶ
1024 5799 1066 5852 τ-
1085 5797 1254 5852 τευ..-
1268 5781 1668 5852 σταυρωθῆναι]
1697 5784 1788 5835 καὶ
1819 5785 1846 5835 ὁ
1884 5784 2008 5847 Υἱὸς
2042 5800 2136 5834 του
2163 5783 2448 5852 ἀνθρωπου
2484 5781 2839 5852 παραδίδοται
2859 5797 2872 5812 ι
2909 5780 3000 5833 καὶ
3028 5779 3149 5852 τότε
3172 5781 3473 5852 ςτήγαγεν,
3505 5781 3585 5843 εἰς
3605 5781 3666 5834 τὸ

1529 5849 1574 5883 ⁶⁹
1603 5849 1693 5906 5ἰό
1737 5852 1802 5906 Κ.
1844 5852 1914 5907 Μ.
1945 5856 2051 5907 e15
2076 5849 2287 5916 Mosqq'.
2315 5853 2495 5906 caeleri
2527 5849 3031 5904 συνεϐουλεύσαντο.

746 5919 788 5949 ”¹
825 5916 960 5972 εἶναι
983 5919 1136 5973 deest
1157 5918 1210 5972 in
1236 5916 1593 5988 [idm—praeter
1640 5923 2016 5978 novissimum.

235 5983 500 6043 Neutrum
533 5983 696 6045 habet
728 5990 827 6062 Ep.
907 5989 954 6023 '"
985 5992 1050 6062 τῇ
1084 6006 1193 6045 om.
1228 5988 1296 6044 M.
1375 5983 1418 6023 "
1448 5993 1497 6044 οἱ
1520 5992 1646 6062 ἀρχ.
1681 5991 1816 6049 Edd.
1844 5992 1893 6047 Μ

1998 5992 2225 6062 ὶγίνοντο
2255 5991 2317 6047 L.
2354 5983 2428 6049 Μ’.
2533 5994 2578 6026 ⁷⁸

2453 5711 2498 5744 ⁸⁵
2529 5707 2773 5764 ἐτέλεσεν
2797 5709 2858 5763 Κ.
2886 5709 2947 5764 L.
3025 5710 3070 5740 °°
3096 5707 3501 5773 ἀνταποδόσεως
3529 5710 3664 5764 Edd.

3131 5849 3666 5922 ⁸,11αρριγόμοις,γᾲρ

2116 5924 2166 5955 ’³
2192 5915 2632 5999 τελευτῄσαντος]
2657 5921 2776 5999 ιλιι-(Ι.
2805 5920 3020 5999 ἐκε-ίνοςυ
3148 5917 3226 5999 Μ..
3252 5915 3376 5976 ἁάᾶ.
3401 5915 3577 5977 αὐτοῦ’
3597 5915 3663 5978 Ε.

2653 5992 2773 6056 ύτὸς
2799 5991 2864 6046 G.
2895 5989 2956 6045 L.
2985 5989 3155 6046 inviio
3187 5987 3286 6061 Ep.
