4130 6374
254 455 350 513 721

255 572 381 625 Abin
403 569 557 643 (Luc.
590 570 639 626 Ι.
672 568 747 639 5).
793 564 1069 637 Principes
1106 567 1267 639 igitur
1306 566 1641 622 sacerdotum
1674 565 1837 620 fuisse

255 664 386 718 dicit
429 678 546 728 eos,
595 661 684 731 qui
728 660 796 715 de
839 659 1168 729 principibus
1214 659 1552 713 sacerdotum
1605 656 1834 713 fuerant.

254 753 408 821 Quod
437 762 614 809 antem
641 752 921 807 consilium
954 750 1221 806 inierunt?
1252 758 1309 806 ut
1348 766 1470 807 eum
1506 750 1640 805 clam
1681 763 1840 821 cape-

256 846 411 901 rent?
430 854 520 898 aut
554 843 929 898 utocciderent
947 843 971 896 ἲ
992 842 1287 911 Utrumque
1316 858 1330 896 :
1358 840 1616 897 timebant
1643 840 1788 896 enim
1814 840 1834 873 ⁸

256 936 483 1008 plebem.
536 935 659 989 ideo
698 936 970 1005 praeterire
1021 934 1210 989 festum
1263 935 1541 999 volebant;
1591 933 1839 989 dicebant

253 1030 415 1093 enim,
459 1025 580 1082 Non
604 1029 658 1082 in
692 1028 775 1081 die
799 1030 947 1099 festo.
990 1027 1121 1082 Nam
1160 1026 1421 1089 diabolus,
1456 1042 1522 1081 ne
1553 1026 1836 1081 manifesta

255 1120 432 1189 passio
459 1128 624 1179 esset.
649 1118 865 1174 nolebat
888 1118 1059 1174 occidi
1082 1120 1140 1173 itt
1165 1118 1449 1189 paschale;
1482 1118 1555 1172 illi
1594 1134 1741 1184 vero,
1770 1132 1839 1173 ne

257 1210 511 1265 tumultus
532 1221 694 1266 esset.
738 1210 1115 1265 Animadverte
1139 1218 1314 1264 autem
1342 1210 1461 1264 illos
1496 1210 1704 1273 timere,
1732 1224 1837 1264 non

258 1301 448 1364 Donm,
494 1317 666 1373 neque
694 1316 762 1356 ne
792 1303 964 1372 majus
994 1302 1168 1357 scelus
1198 1312 1341 1357 esset
1371 1318 1399 1354 a
1428 1311 1707 1371 tempore;
1740 1301 1836 1358 sed

258 1396 450 1465 ubique
476 1393 703 1449 humana
728 1404 988 1450 metuere.
1020 1397 1268 1450 Attamen
1317 1396 1497 1449 animo
1542 1395 1836 1462 ferventes,

257 1499 439 1558 postea
488 1490 809 1543 sententiam
861 1497 1150 1543 mutarunt.
1195 1488 1325 1543 Cum
1369 1487 1629 1543 dixissent
1668 1487 1837 1555 enim,

259 1579 381 1635 Non
416 1582 470 1635 in
516 1581 599 1636 die
648 1582 795 1652 festo,
842 1597 963 1638 cum
1013 1581 1337 1651 proditorem
1384 1583 1727 1648 invenissent,
1771 1583 1841 1641 de

258 1681 497 1743 tempore
530 1689 635 1727 non
664 1682 935 1739 curarunt,
965 1673 1057 1728 sed
1100 1673 1153 1728 in
1202 1673 1318 1744 ipso
1348 1673 1483 1728 festo
1509 1674 1837 1729 occiderunt.

254 1762 364 1820 Cur
388 1773 564 1820 autem
598 1766 743 1819 illum
774 1774 900 1820 tunc
924 1766 1225 1834 ceperunt?
1265 1766 1328 1820 Et
1354 1765 1533 1821 furore
1561 1764 1835 1833 ardentes,

256 1865 315 1911 ut
340 1855 468 1919 dixi,
493 1865 549 1912 et
577 1855 717 1927 quod
746 1866 871 1912 tunc
895 1871 953 1912 se
976 1857 1123 1911 illum
1155 1856 1467 1911 inventuros
1498 1870 1618 1911 esse
1657 1870 1839 1925 Spera-

256 1956 395 2012 rent,
430 1956 589 2019 atque
618 1948 796 2003 omnia
826 1949 977 2019 quasi
996 1948 1123 2004 (εωοὶ
1164 1947 1419 2004 facerent.
1461 1946 1573 2003 Etsi
1610 1947 1840 2004 maxime

258 2038 349 2093 ille
379 2039 614 2106 ipsorum
638 2039 874 2110 nequitia
900 2038 966 2095 ad
996 2039 1263 2110 propriam
1295 2048 1531 2095 uteretur
1554 2039 1839 2110 dispensa-

257 2135 491 2196 tionem;
525 2147 629 2185 non
662 2130 781 2185 ideo
808 2131 926 2185 sine
967 2131 1121 2201 culpa
1161 2140 1331 2197 erant,
1374 2130 1467 2185 sed
1510 2129 1656 2185 mille
1693 2129 1841 2201 digni

253 2221 582 2277 cruciatibus
610 2221 680 2276 ob
706 2220 811 2277 tale
840 2221 1191 2293 propositum.
1218 2221 1441 2289 Quando
1467 2222 1625 2293 igitur
1650 2236 1840 2278 omnes

254 2313 525 2385 etiamque
554 2313 743 2370 noxios
763 2314 897 2370 solvi
921 2312 1221 2384 oportebat,
1254 2322 1379 2368 tunc
1400 2312 1475 2368 illi
1502 2313 1839 2369 innocentem

253 2405 588 2471 occiderunt,
618 2405 707 2475 qui
740 2404 867 2476 ipsis
906 2404 1054 2459 mille
1082 2402 1337 2459 beneficia
1366 2402 1688 2473 contulerat,
1714 2401 1841 2474 qui-

253 2510 360 2567 que
380 2503 596 2567 propter
621 2495 739 2551 illos
765 2493 977 2551 interim
1004 2482 1190 2565 gentes
1227 2493 1504 2565 negligere
1539 2493 1839 2549 videbatur.

253 2585 383 2654 Sed,
412 2603 447 2643 o
466 2587 885 2659 benignitatem!
914 2587 1172 2645 scelestos
1202 2587 1323 2644 illos
1353 2589 1421 2643 ita
1446 2602 1661 2659 pravos,
1689 2586 1841 2645 mille

254 2680 413 2737 nudis
439 2691 688 2748 onustos,
714 2695 903 2737 rursus
938 2681 1113 2737 salvos
1141 2680 1287 2747 facit,
1328 2680 1595 2752 mittitque
1621 2691 1843 2753 aposto-

257 2769 341 2827 los
365 2786 465 2842 pro
500 2771 629 2843 ipsis
661 2772 1006 2842 occidendos,
1030 2783 1086 2829 et
1114 2788 1212 2845 pro
1244 2774 1373 2845 ipsis
1398 2774 1842 2845 supplicationem

256 2862 471 2919 emittit.
500 2860 608 2917 Pro
636 2862 837 2918 Christo
863 2863 1005 2919 enim
1036 2864 1283 2937 legatione
1311 2866 1574 2938 fungimur
1604 2865 1683 2939 (2.
1718 2866 1853 2928 Con.

257 2952 295 3009 5
329 2952 444 3027 20),
464 2954 651 3026 inquit.
674 2954 823 3012 Talia
842 2956 1002 3028 igitur
1013 2956 1257 3027 exempla
1275 2957 1549 3023 habentes,
1570 2973 1678 3014 non
1694 2957 1839 3026 dico,

258 3049 550 3105 moriamur
575 3064 673 3120 pro
718 3049 969 3114 inimicis,
1000 3050 1125 3106 licet
1153 3050 1254 3106 boc
1281 3067 1492 3123 quoque
1519 3062 1792 3123 oporteret
1822 3070 1840 3111 :

258 3138 353 3195 scd
381 3140 502 3213 quia
531 3141 850 3197 infirmiores
868 3156 1073 3206 sumus,
1102 3142 1230 3198 illud
1255 3143 1463 3199 interim
1483 3144 1625 3210 dico,
1647 3146 1839 3201 saltem

259 3246 328 3287 ne
351 3231 515 3287 livore
542 3232 800 3287 ducamur
828 3248 952 3304 erga
982 3234 1202 3299 atnieos,
1232 3249 1300 3289 ne
1329 3234 1659 3292 invideamus
1686 3235 1843 3292 bene-

258 3323 564 3378 factoribus.
613 3323 855 3378 Nondum
881 3325 1022 3389 dico,
1054 3326 1191 3379 mala
1237 3325 1388 3380 nobis
1426 3325 1715 3384 inferentes
1742 3328 1839 3384 be-

259 3418 450 3473 neficio
495 3417 832 3475 afficiamus:
863 3419 990 3474 illud
1038 3430 1186 3475 certe
1236 3434 1525 3490 cuperem;
1571 3423 1666 3478 sed
1716 3424 1839 3492 quia

256 3512 547 3566 crassiores
608 3514 770 3576 estis,
805 3512 996 3566 saltem
1038 3511 1159 3567 illos
1204 3528 1271 3567 ne
1315 3512 1667 3569 ulciscamini.
1702 3514 1837 3569 Num

258 3617 417 3657 scena
458 3610 582 3656 sunt
612 3610 815 3669 nostra,
868 3618 994 3657 num
1034 3603 1382 3657 bistrionica?
1416 3602 1523 3658 Cur
1625 3603 1843 3663 veritati

258 3708 324 3749 ex
351 3692 611 3748 diametro
650 3694 877 3763 oppositi
924 3694 1087 3748 estis?
1130 3693 1246 3748 Non
1289 3695 1406 3750 sine
1438 3709 1599 3749 causa
1642 3695 1840 3764 scripta

260 3794 386 3839 sunt
411 3796 520 3839 tum
546 3785 649 3838 alia
672 3786 872 3851 omnia,
907 3794 1016 3839 tum
1046 3800 1108 3839 ea
1138 3801 1257 3854 qua:
1282 3786 1457 3839 crucis
1494 3795 1732 3855 tempore
1760 3786 1840 3842 fe-

258 3876 351 3937 cit,
376 3890 492 3945 qua:
521 3876 814 3945 potuissent
838 3891 931 3929 eos
958 3889 1239 3939 revocare;
1268 3874 1363 3929 sed
1396 3884 1451 3929 ut
1480 3876 1701 3931 imiteris
1725 3876 1841 3945 ejus

260 3966 570 4031 bonitatem,
598 3978 652 4021 ut
677 3966 943 4021 a-muleris
966 3968 1364 4037 benignitatem.
1392 3967 1524 4023 Nam
1542 3977 1595 4023 et
1620 3969 1841 4038 supinus

259 4058 382 4114 illos
410 4059 656 4129 coniecit,
695 4069 748 4113 et
785 4058 1077 4113 auriculam
1112 4058 1308 4112 famqu
1337 4061 1589 4124 restituit,
1637 4071 1693 4115 et
1717 4075 1840 4115 cum

257 4150 517 4206 modestia
549 4149 859 4218 respondit:
889 4159 942 4203 et
972 4166 1159 4219 magna
1186 4151 1239 4203 in
1267 4165 1426 4205 cruce
1455 4159 1664 4205 erectus
1688 4152 1841 4205 mira-

259 4244 376 4299 cula
404 4242 591 4307 edidit,
617 4242 793 4296 radios
822 4241 1023 4297 solares
1063 4250 1328 4306 avertens,
1362 4251 1537 4311 petras
1566 4242 1835 4311 scindens,

258 4346 500 4393 mortuos
537 4336 818 4400 suscitans,
845 4334 1038 4404 iudicis
1064 4350 1285 4389 uxorem
1318 4349 1412 4404 per
1447 4335 1651 4389 Somnia
1680 4335 1839 4389 terri-

258 4439 394 4492 tans,
421 4428 473 4482 in
516 4428 632 4498 ipso
666 4426 868 4497 indicio
908 4442 1122 4482 omnem
1169 4426 1627 4480 mansuetudinem
1678 4424 1836 4480 exhi-

258 4522 411 4584 bens,
438 4537 557 4591 qua:
600 4536 705 4575 non
756 4520 931 4574 minus
971 4535 1129 4590 quam
1174 4519 1427 4574 miracula
1475 4528 1654 4589 posset
1694 4519 1836 4588 ipsos

255 4612 543 4677 attrahere,
574 4612 736 4666 multa
769 4611 1062 4681 praedicens
1100 4610 1152 4664 in
1176 4610 1397 4679 iudicio,
1431 4609 1482 4664 in
1526 4610 1637 4679 ipsa
1677 4624 1836 4665 cruce

254 4705 511 4769 clamans,
550 4702 729 4770 Pater,
771 4703 965 4757 dimitte
996 4703 1097 4757 illis
1140 4702 1233 4755 hoc
1262 4712 1519 4771 peccatum
1550 4700 1698 4774 (Luc.
1739 4702 1831 4758 25.

254 4797 371 4864 3t).
402 4796 650 4866 Sepultus
700 4810 847 4860 vero,
895 4806 1025 4864 quot
1062 4793 1129 4849 ad
1160 4793 1369 4849 illorum
1416 4793 1639 4848 salutem
1683 4794 1836 4848 exhi-

254 4887 412 4942 buit?
442 4902 563 4941 cum
593 4886 972 4941 resurrexisset
995 4895 1193 4952 autem,
1220 4899 1396 4939 annon
1424 4884 1602 4939 statim
1618 4884 1835 4941 Judams

252 4978 494 5032 vocavit?
522 4992 700 5031 annon
716 4977 922 5030 veniam
947 4985 1284 5046 peccatorum
1316 4974 1503 5030 dedit?
1523 4990 1700 5030 annon
1719 4991 1834 5030 sex-

251 5078 406 5123 centa
428 5068 563 5123 bona
585 5068 847 5122 contulit?
871 5067 1005 5135 Quid
1032 5067 1131 5122 boc
1158 5066 1490 5123 mirabilius?
1519 5067 1617 5135 Qui
1661 5067 1836 5123 cruci-

252 5162 496 5225 fixerant,
528 5160 619 5230 qui
665 5174 849 5215 necem
892 5159 1183 5229 spirabant,
1228 5170 1510 5229 postquam
1555 5159 1833 5215 crucifixe-

251 5261 373 5307 runt
397 5267 539 5317 eum,
572 5251 667 5307 filii
698 5252 789 5307 Dei
829 5252 950 5307 facti
982 5260 1127 5306 sunt.
1167 5251 1302 5320 Quid
1334 5251 1455 5308 huic
1485 5252 1832 5322 providentia

256 5362 350 5415 par
370 5346 497 5401 est?
526 5345 650 5401 Haec
691 5345 969 5401 audientes
998 5361 1106 5415 prae
1145 5345 1349 5415 pudore
1394 5361 1492 5401 nos
1538 5345 1833 5401 absconda-

253 5452 391 5501 mus,
422 5436 564 5507 quod
592 5446 795 5492 tantum
824 5435 1085 5492 distemus
1113 5437 1180 5491 ab
1209 5436 1318 5500 illo,
1345 5452 1505 5507 quem
1532 5436 1725 5492 imitari
1743 5438 1831 5506 iu-

253 5527 461 5583 bemur.
494 5527 781 5582 Videamus
813 5535 1007 5597 quanta
1046 5526 1113 5580 sit
1154 5526 1512 5595 intercapedo,
1545 5536 1599 5580 ut
1639 5526 1829 5582 saltem

254 5633 352 5673 nos
375 5617 712 5683 damnemus,
734 5633 801 5674 eo
830 5617 971 5689 quod
997 5616 1118 5672 illos
1155 5617 1545 5687 impugnemus,
1586 5632 1683 5686 pro
1707 5618 1829 5689 qui-

252 5710 351 5765 bus
377 5708 621 5764 Christus
645 5710 878 5763 animam
906 5708 1112 5778 posuit;
1144 5721 1242 5761 nec
1265 5706 1366 5761 illis
1390 5707 1615 5763 velimus
1636 5721 1827 5763 recon-

318 5801 333 5831 ι
361 5799 497 5861 Apud
521 5799 640 5850 alios
660 5802 729 5849 sic
755 5797 961 5861 effertur
982 5798 1075 5861 Abic
1108 5796 1275 5846 locus:
1308 5802 1365 5846 Ut
1389 5809 1499 5861 eum
1521 5795 1829 5861 clamgcope-

382 5857 510 5932 17am
537 5871 586 5913 ut
610 5860 882 5913 occiderent
904 5860 928 5911 2’
947 5859 1046 5912 sive
1070 5865 1118 5909 ut
1141 5866 1392 5922 utrumque
1412 5859 1627 5921 facerent
1648 5857 1675 5910 .’
1695 5857 1829 5912 time-

385 5936 529 5974 erum.

1169 448 1236 506 IN
1270 446 1679 507 ΜΑΤΤΙΙΑΕΠΗ
1716 442 1947 502 HOMIL.
1980 443 2218 502 LXXIX.
2256 444 2333 503 al.
2374 445 2593 503 LXXX.

3416 449 3523 505 722

1942 563 2131 628 ciliari,
2168 580 2300 633 quos
2340 574 2398 619 ut
2432 565 2834 630 reconciliaret,
2877 580 2978 621 nee
3028 567 3198 623 occidi
3238 574 3524 626 recusavit.

1940 654 2022 709 An
2049 670 2281 724 expensa
2308 665 2392 711 est
2414 667 2469 711 et
2492 658 2834 726 pecuniarum
2857 658 3116 729 profusio,
3142 660 3283 731 quod
3306 662 3357 715 iu
3381 662 3524 716 elec-

1940 760 2162 818 mosyna
2196 746 2486 817 obtenditis
2510 749 2534 803 ?

2010 840 2067 894 4.
2106 837 2422 910 Iniuriarum
2462 841 2689 895 remissio
2739 850 2786 895 et
2827 839 3008 895 oblivio
3051 840 3421 896 desiderantur.
3451 872 3527 888 —-

1941 928 2123 997 Cogita
2168 945 2325 1001 quam
2355 931 2544 985 noxius
2582 932 2675 997 sis,
2702 942 2755 986 et
2780 946 2883 987 non
2912 931 3073 987 modo
3102 948 3208 987 non
3244 934 3519 989 recusabis

1943 1021 2263 1077 uidentibus
2288 1031 2339 1077 te
2358 1024 2566 1077 veniam
2602 1023 2752 1088 dare,
2781 1024 2875 1079 sed
2902 1025 3063 1080 etiam
3090 1024 3157 1079 ad
3188 1025 3311 1080 illos
3335 1040 3522 1080 accur-

1942 1130 2050 1180 res,
2080 1125 2137 1170 ut
2172 1115 2264 1170 tibi
2294 1115 2344 1170 id
2372 1116 2440 1171 sit
2472 1116 2806 1171 remissionis
2829 1118 3063 1185 occasio,
3088 1127 3144 1172 ut
3173 1119 3513 1189 propriorum

1944 1209 2037 1263 tibi
2070 1210 2325 1265 malorum
2363 1211 2781 1266 consolationem
2807 1213 3062 1283 reperias.
3094 1212 3335 1271 Gentiles
3378 1230 3523 1286 saepe

1943 1301 2077 1355 nihil
2105 1304 2278 1371 magni
2300 1312 2689 1372 exspectantes,
2723 1305 2776 1359 in
2808 1304 2955 1359 hisce
2977 1308 3137 1361 rebus
3161 1306 3520 1378 philosophati

1944 1401 2067 1445 sunt
2095 1409 2108 1446 :
2134 1402 2189 1446 et
2209 1401 2284 1459 tu,
2313 1393 2402 1463 qui
2432 1393 2497 1447 ad
2540 1403 2741 1449 tantam
2779 1410 2926 1464 spem
2972 1395 3308 1464 profecturus
3328 1412 3410 1461 es,
3439 1415 3523 1454 re-

1946 1482 2085 1551 fugis
2120 1492 2173 1537 et
2204 1485 2505 1553 torpescis?
2528 1495 2584 1540 et
2616 1485 2759 1555 quod
2801 1496 3010 1556 tempus
3051 1487 3196 1553 facit,
3252 1489 3352 1543 hoc
3410 1506 3517 1544 non

1944 1576 2176 1631 sustines
2201 1586 2416 1647 propter
2443 1576 2539 1631 Dei
2564 1577 2733 1647 legem
2761 1587 2885 1633 ante
2916 1588 3126 1648 tempus
3140 1578 3335 1644 facere,
3362 1591 3416 1635 et
3443 1582 3524 1637 vis

1945 1670 2121 1741 potius
2151 1670 2267 1725 sine
2296 1670 2575 1736 mercede,
2604 1686 2762 1742 quam
2792 1686 2914 1727 cum
2945 1671 3193 1727 mercede
3212 1671 3515 1740 passionem

1946 1772 2089 1817 tuam
2110 1760 2419 1831 exstingui?
2448 1760 2629 1831 Neque
2673 1762 2815 1816 enim
2846 1762 2893 1817 si
2938 1761 2991 1818 id
3039 1777 3069 1816 a
3122 1770 3365 1833 tempore
3412 1762 3523 1827 flat,

1943 1853 2119 1923 majus
2135 1852 2405 1923 quidpiam
2434 1852 2528 1907 tibi
2550 1852 2837 1921 supererit,
2860 1852 2970 1908 imo
2996 1868 3157 1923 grave
3182 1854 3522 1925 supplicium.

1943 1946 2087 2017 quod
2113 1944 2165 2001 id
2205 1945 2347 2016 quod
2375 1953 2587 2017 tempus
2610 1946 2790 2002 facere
2829 1947 3019 2017 potuit,
3050 1947 3155 2003 boe
3182 1947 3266 2003 lex
3294 1948 3389 2003 Dei
3422 1948 3514 2003 tibi

1945 2038 2124 2094 facere
2150 2052 2256 2093 non
2282 2039 2628 2109 persuaserit.
2650 2038 2804 2105 Quod
2818 2039 2863 2094 si
2888 2038 3112 2108 dixeris,
3132 2048 3185 2095 te
3206 2039 3521 2095 inflammari

1944 2145 2066 2187 cum
2091 2129 2433 2186 contumelia:
2458 2131 2758 2187 recordaris
2778 2171 2794 2198 ,
2819 2130 2872 2187 in
2898 2132 3208 2187 memoriam
3239 2147 3451 2198 revoca,
3482 2133 3526 2187 si

1943 2221 2069 2293 quid
2099 2220 2194 2277 tibi
2218 2220 2344 2277 boni
2371 2235 2404 2276 a
2432 2221 2661 2278 laedente
2686 2222 3012 2288 accesserit,
3040 2231 3096 2278 et
3118 2223 3293 2293 cogita
3322 2233 3520 2294 quanta

1944 2320 2003 2368 tu
2028 2311 2149 2367 aliis
2175 2312 2315 2369 mala
2336 2312 2599 2369 intuleris.
2628 2312 2745 2369 Tibi
2768 2312 3060 2379 maledixit,
3090 2321 3144 2369 te
3164 2314 3365 2383 probro
3398 2312 3529 2368 aﬂe-

1943 2404 2058 2460 citi
2082 2403 2282 2460 Tecum
2310 2413 2500 2474 reputa
2529 2412 2583 2460 te
2605 2419 2818 2477 quoque
2842 2404 2961 2461 aliis
2988 2404 3353 2462 maledixisse.
3381 2405 3529 2472 Quo-

1945 2497 2108 2554 modo
2132 2513 2263 2571 ergo
2288 2500 2499 2577 veniam
2525 2500 2890 2572 consequeris.
2918 2515 3078 2571 quam
3124 2501 3247 2558 aliis
3285 2518 3393 2558 non
3418 2502 3519 2558 dc-

1944 2589 2107 2645 disti?
2133 2587 2241 2647 Sed
2271 2589 2404 2646 nihil
2431 2591 2538 2647 tale
2564 2590 2780 2647 dixisti?
2806 2591 2912 2649 Sed
2937 2592 3100 2647 alium
3124 2592 3239 2648 haec
3263 2593 3530 2649 dicentem

1945 2680 2142 2736 audisti
2166 2720 2184 2748 ,
2213 2680 2375 2754 idque
2397 2682 2679 2755 amplexus
2702 2698 2784 2740 es.
2808 2683 2991 2752 Neque
3019 2684 3149 2740 illud
3173 2686 3329 2755 culpa
3356 2680 3531 2745 vacat.

1950 2770 2043 2828 Vis
2068 2772 2276 2829 discere
2316 2784 2575 2845 quantum
2617 2776 2691 2831 sit
2731 2776 2928 2832 bonum
2957 2776 3270 2848 iniuriarum
3300 2778 3531 2848 oblivio,

1946 2870 2004 2918 et
2027 2878 2188 2933 quam
2218 2862 2358 2920 Deus
2382 2863 2486 2920 bac
2513 2864 2583 2922 de
2608 2880 2671 2921 re
2697 2864 2943 2923 laetetur?
2972 2866 3080 2923 Eos
3120 2868 3211 2940 qui
3252 2869 3531 2940 ltetantur,

1944 2970 2069 3014 cum
2095 2956 2277 3014 vident
2300 2958 2562 3029 quosdam
2584 2960 2653 3016 ab
2678 2975 2745 3015 eo
2765 2960 2909 3031 iuste
2927 2962 3199 3035 castigari,
3222 2964 3530 3023 ulciscitur:

1944 3050 2157 3106 etiamsi
2183 3050 2329 3106 enim
2366 3050 2443 3106 illi
2472 3052 2616 3121 iuste
2659 3053 2963 3123 puniantur,
3007 3062 3062 3109 te
3096 3054 3167 3111 de
3196 3055 3277 3111 his
3303 3057 3533 3127 gaudere

1947 3157 2054 3197 non
2083 3149 2316 3214 oportet.
2347 3141 2561 3199 Etenim
2589 3145 2849 3215 propheta
2878 3145 3042 3200 multa
3071 3146 3403 3211 criminatus.
3433 3147 3533 3204 hoc

1946 3235 2252 3305 subiunxit:
2278 3234 2428 3291 Nihil
2447 3237 2583 3307 passi
2603 3248 2718 3291 sunt
2740 3239 2792 3292 in
2812 3238 3110 3293 contritione
3122 3237 3314 3310 Ioseph
3334 3238 3531 3313 (Amos.

1946 3326 1999 3382 6.
2035 3327 2127 3397 6);
2172 3334 2227 3382 et
2265 3341 2501 3394 rursum,
2552 3326 2674 3382 Non
2700 3328 2849 3383 exivit
2882 3328 3047 3384 vicina
3086 3331 3156 3384 ad
3193 3332 3533 3401 plangendum

1946 3434 2103 3473 unam
2142 3418 2348 3472 domum
2384 3420 2703 3489 conjunctam
2743 3420 2789 3474 ei
2835 3418 3021 3491 (Mich.
3056 3421 3106 3476 1.
3136 3421 3249 3491 Η).
3280 3420 3534 3489 Quamvis

1946 3506 2167 3575 Joseph,
2206 3508 2257 3563 id
2283 3516 2387 3573 est,
2416 3509 2583 3564 tribus
2603 3524 2671 3564 ex
2703 3510 2797 3565 illo
2822 3520 2957 3564 orbe
2982 3526 3045 3566 ac
3071 3511 3249 3575 vicini,
3280 3513 3369 3567 Dei
3397 3521 3525 3567 nutu

1948 3600 2302 3669 punirentur;
2343 3598 2436 3654 sed
2466 3601 2577 3655 vult
2607 3614 2705 3654 nos
2731 3602 2837 3654 illis
2864 3601 3170 3657 condolere.
3201 3601 3333 3656 Nam
3364 3603 3408 3657 si
3437 3618 3532 3658 nos

1945 3691 2034 3761 qui
2067 3691 2290 3761 improbi
2321 3706 2524 3755 sumus,
2546 3707 2668 3746 cum
2692 3708 2903 3746 servum
2931 3693 3270 3763 castigamus,
3301 3695 3343 3746 si
3373 3710 3531 3763 quem

1945 3799 2328 3840 conservorum
2360 3785 2617 3838 ridentem
2644 3785 2941 3857 videamus,
2968 3785 3133 3852 magis
3160 3784 3526 3853 indignamur,

1946 3884 2000 3930 et
2048 3876 2100 3929 in
2151 3875 2297 3928 illum
2347 3874 2480 3929 iram
2530 3876 2888 3928 convertimus
2921 3893 2933 3927 :
2966 3875 3132 3930 multo
3176 3876 3342 3945 magis
3390 3876 3531 3930 Deus

1946 3982 2133 4037 pinnas
2164 3976 2369 4036 repetet
2391 3966 2457 4019 ab
2481 3966 2564 4030 iis,
2589 3966 2675 4035 qui
2703 3964 2770 4019 de
2798 3965 3071 4035 suppliciis
3096 3966 3317 4019 aliorum
3340 3965 3531 4021 laetan-

1952 4069 2058 4114 tur.
2093 4057 2245 4124 Quod
2277 4058 2321 4111 si
2356 4058 2406 4112 in
2438 4072 2531 4112 eos
2557 4058 2644 4125 qui
2675 4073 2703 4111 a
2735 4058 2843 4111 Dco
2886 4057 3173 4126 puniuntur
3213 4073 3315 4111 non
3357 4059 3531 4114 insur-

1944 4167 2092 4222 gere,
2120 4150 2215 4204 sed
2246 4150 2351 4204 illis
2376 4149 2662 4205 condolcre
2689 4158 2921 4218 oportet,
2960 4149 3130 4203 multo
3157 4150 3324 4219 magis
3352 4150 3414 4204 iis
3439 4150 3528 4220 qni

1944 4252 2128 4299 contra
2154 4256 2250 4297 nos
2279 4248 2582 4312 peccarunt.
2606 4242 2716 4295 lloc
2734 4240 2875 4294 enim
2898 4240 3134 4296 caritatis
3157 4251 3528 4312 argumentum

1943 4345 2046 4403 est,
2079 4336 2216 4389 banc
2242 4349 2369 4389 vero
2403 4333 2653 4388 omnibus
2689 4333 2963 4401 anteponit
2988 4332 3146 4389 Deus.
3168 4332 3528 4399 Quemadmo-

1942 4428 2069 4483 dum
2113 4427 2254 4480 enim
2303 4426 2355 4481 in
2389 4440 2619 4495 purpura
2666 4424 2810 4492 regia
2861 4424 2936 4478 illi
2985 4422 3161 4491 liores,
3211 4424 3283 4479 illi
3322 4426 3528 4479 colores

1943 4519 2163 4590 pretiosi
2191 4525 2335 4584 sunt,
2363 4518 2453 4587 qui
2480 4516 2811 4589 chlamydem
2839 4517 2916 4570 sic
2935 4526 3197 4571 exornant
3217 4515 3324 4572 :sic
3344 4528 3398 4573 et
3420 4519 3527 4573 illa:

1943 4611 2192 4681 pretiosa:
2237 4608 2461 4664 virtutes
2510 4616 2670 4670 sunt,
2718 4622 2839 4675 quae
2880 4607 3155 4662 caritatem
3198 4607 3523 4664 contineant.

1941 4702 2084 4757 Nihil
2114 4710 2291 4755 autem
2327 4700 2401 4755 ita
2428 4700 2700 4755 caritatem
2729 4707 2941 4765 servat,
2975 4707 3033 4752 ut
3060 4698 3256 4752 oblivio
3279 4710 3525 4769 peccato-

1942 4810 2093 4857 rum,
2139 4808 2260 4862 quae
2304 4792 2355 4846 in
2404 4806 2503 4846 nos
2547 4790 2777 4845 admissa
2821 4798 2967 4846 sunt.
3012 4790 3204 4845 Annon
3250 4789 3317 4845 de
3356 4792 3525 4848 altera

1941 4895 2094 4956 parte
2121 4884 2322 4939 curavit
2349 4883 2523 4938 Deus?
2551 4897 2727 4937 annon
2754 4881 2898 4936 misit
2917 4880 3198 4936 laedentem
3219 4882 3283 4936 ad
3305 4882 3529 4937 lmsum?

1941 4990 2118 5030 annon
2144 4976 2212 5031 ab
2237 4975 2391 5029 altari
2431 4973 2498 5029 ad
2526 4973 2773 5029 eumdem
2806 4973 2978 5043 ipsum
3017 4971 3182 5035 misit.
3211 4981 3264 5027 et
3291 4982 3412 5042 post
3435 4989 3523 5029 re-

1939 5066 2363 5123 conciliationem
2394 5065 2460 5118 ad
2482 5079 2721 5119 mensam
2739 5071 2894 5118 vocat
2916 5062 3063 5116 illum
3083 5061 3295 5135 (Matth.
3316 5063 3370 5119 5.
3387 5063 3524 5133 25)?

1938 5159 2009 5215 At
2039 5168 2092 5212 tu
2124 5172 2191 5212 ne
2219 5156 2338 5211 ideo
2367 5162 2650 5224 exspectes
2677 5154 2824 5208 illum
2850 5170 2863 5209 :
2887 5152 3118 5223 alioquin
3148 5160 3313 5206 totum
3341 5154 3520 5223 perdi-

1938 5250 2084 5306 disti.
2113 5248 2401 5319 Propterea
2423 5246 2565 5301 enim
2592 5244 2911 5301 ineffabilem
2940 5243 3031 5298 tibi
3057 5242 3357 5299 mercedem
3385 5260 3520 5299 con-

1937 5343 2129 5407 stituit,
2168 5351 2225 5396 ut
2255 5341 2552 5412 prmvenias
2583 5340 2786 5409 ipsum;
2818 5338 2886 5392 ita
2921 5346 2972 5390 ut
3006 5336 3049 5391 si
3081 5347 3297 5405 rogatus
3326 5352 3518 5391 recon—

1936 5433 2136 5489 cilieris
2158 5474 2175 5497 ,
2206 5445 2312 5485 non
2334 5431 2442 5499 iam
2468 5446 2531 5484 ex
2562 5427 2652 5483 Dei
2688 5437 2955 5497 prascepto
2980 5427 3207 5481 amicitia
3235 5427 3516 5497 iungatur,

1936 5525 2030 5580 sed
2057 5541 2121 5579 ex
2149 5524 2290 5578 illius
2316 5523 2524 5577 studio:
2546 5521 2894 5591 quamobrem
2919 5521 3261 5576 ineoronatus
3288 5520 3515 5590 recedis,

1938 5616 2030 5670 illo
2057 5616 2239 5670 bravia
2275 5613 2595 5681 accipiente.
2622 5611 2758 5679 Quid
2788 5611 2957 5666 dicis?
2998 5611 3271 5665 Inimicum
3314 5610 3515 5679 babes,

1937 5722 2036 5761 nec
2063 5713 2113 5760 te
2144 5702 2339 5775 pudet?
2363 5705 2556 5757 Annon
2582 5701 2777 5756 sufficit
2802 5702 2956 5757 nobis
2980 5701 3242 5767 diabolus,
3274 5710 3331 5755 ut
3355 5701 3516 5759 etiam

1936 5810 2266 5867 congeneres
2309 5794 2462 5849 nobis
2502 5794 2747 5849 inimicos
2787 5793 3151 5848 attrahamns?
3197 5793 3406 5849 Utinam
3448 5809 3518 5850 ne

1940 5890 2029 5947 ille
2053 5888 2263 5954 quidem
2290 5888 2568 5944 nobiscum
2599 5887 2759 5947 vellet
2799 5903 3031 5959 pugnare
3051 5928 3066 5951 ,
3113 5886 3311 5940 utinam
3342 5901 3518 5957 neque
