4130 6374
605 409 711 467 7‘23

609 524 699 578 ille
729 521 974 577 diabolus
995 528 1157 576 esset.
1185 518 1372 574 Nescis
1401 528 1595 588 quanta
1626 518 1696 571 sit
1724 527 1840 587 post
1870 516 2184 571 reconcilia-

613 617 819 668 tionem
863 613 1144 682 voluptas?
1183 611 1317 678 Quid
1363 611 1544 677 enim,
1583 610 1627 663 si
1660 610 1713 664 in
1745 610 1872 679 ipsis
1896 607 2186 663 inimicitiis

609 707 699 761 illa
734 722 839 760 non
868 705 1127 775 apparet?
1154 703 1284 758 Nam
1312 703 1453 773 quod
1484 702 1700 757 suavius
1728 703 1797 756 sit
1823 702 2098 756 ltrdentetu
2127 714 2187 756 se

603 812 809 857 amare,
832 812 991 866 quam
1010 795 1136 850 odio
1157 794 1373 859 habere,
1395 804 1673 864 postquam
1692 793 1982 849 inimicitiae
1996 793 2186 848 solutae

606 889 821 952 fuerint,
857 898 983 942 tunc
1002 888 1203 959 poteris
1234 887 1398 956 probe
1424 886 1652 942 discere.

678 980 731 1034 5.
760 977 884 1049 Ipsa
912 989 1049 1034 vetus
1076 979 1157 1034 lea:
1178 979 1479 1051 injuriarum
1515 977 1849 1032 recordatioui
1870 977 2181 1033 adversatur.

616 1066 708 1124 Vir
732 1070 889 1125 bonus
923 1071 1049 1124 nihil
1078 1070 1201 1124 ntali
1238 1071 1343 1142 pati
1382 1080 1561 1141 potest.
1581 1070 1779 1125 —Cur
1805 1085 1932 1139 ergo
1960 1070 2186 1125 furiosos

612 1162 917 1227 imitamur,
961 1161 1050 1232 qui
1097 1176 1157 1215 se
1194 1169 1379 1215 mutuo
1424 1161 1687 1226 lacerant,
1721 1162 1888 1230 quiin
1918 1162 2184 1231 propriam

546 1256 551 1261 '
609 1268 823 1307 carnem
854 1253 1155 1307 insaniunt?
1172 1253 1308 1307 Audi
1331 1264 1521 1323 quanta
1545 1253 1762 1322 hujusce
1784 1253 1860 1309 rei
1879 1269 2005 1309 cura
2025 1257 2183 1309 etiam

612 1345 664 1398 in
692 1344 854 1399 veteri
882 1344 998 1414 lege
1028 1344 1205 1399 fuerit.
1246 1343 1381 1408 γεω,
1422 1346 1626 1416 inquit,
1655 1347 2024 1401 recordantium
2050 1348 2187 1401 mala

608 1438 660 1491 in
683 1448 888 1491 mortem
914 1436 1094 1510 (Prov.
1115 1438 1203 1493 1‘2.
1218 1438 1330 1508 28).
1356 1437 1523 1491 Homo
1545 1439 1733 1492 homini
1756 1448 2012 1493 conservat
2032 1440 2181 1504 iram,

613 1540 659 1583 et
680 1548 711 1583 a
742 1529 850 1584 Deo
886 1532 1064 1600 quierit
1102 1530 1345 1583 medelam
1373 1531 1389 1599 (
1417 1530 1577 1584 Eccli.
1604 1530 1694 1585 28.
1724 1531 1757 1585 5
1782 1531 1820 1599 ).
1871 1531 2025 1600 Atqui
2052 1546 2183 1586 ocu-

610 1620 716 1673 lunt
748 1635 844 1689 pro
864 1620 1041 1686 oculo,
1071 1629 1126 1675 et
1150 1621 1361 1674 dentem
1390 1636 1487 1690 pro
1515 1621 1673 1676 dente
1702 1622 1967 1677 concessit
1988 1621 2181 1691 (Exod.

609 1710 698 1766 2f.
730 1711 821 1782 24)
846 1729 859 1764 :
882 1712 1149 1782 quomodo
1175 1712 1335 1783 igitur
1354 1715 1605 1769 accusat?
1633 1715 1765 1782 Quia
1789 1716 1877 1770 illa
1897 1717 2181 1781 concessit,

609 1817 715 1858 non
746 1812 803 1857 ut
828 1804 966 1859 alter
992 1804 1146 1859 alteri
1177 1804 1461 1869 faciamus,
1494 1804 1586 1859 sed
1618 1814 1675 1859 ut
1707 1805 1987 1860 formidine
2014 1820 2185 1875 pinna:

608 1911 638 1949 a
666 1896 758 1950 tali
784 1911 917 1952 ausu
942 1897 1324 1952 abstineamus.
1364 1898 1610 1967 Alioquin
1651 1910 1827 1954 autem
1865 1900 1952 1954 illa
1981 1911 2186 1970 tempo-

610 2002 786 2042 raueaa
805 1986 1079 2057 cujusdam
1101 1989 1195 2043 ira:
1210 1996 1352 2055 sunt,
1369 1989 1678 2058 iniuriarum
1694 2001 1869 2045 autem
1888 1991 2185 2047 recordatio

610 2080 802 2132 anima:
851 2079 1139 2149 nequitiam
1180 2080 1503 2135 meditantis.
1534 2080 1638 2136 Sed
1664 2082 1804 2137 male
1841 2092 2061 2138 vexatus
2088 2083 2187 2139 es?

608 2170 714 2226 Sed
740 2186 845 2225 non
878 2180 1082 2227 tantum
1129 2171 1221 2228 tibi
1267 2172 1391 2228 mali
1432 2172 1645 2242 intulit,
1689 2183 1943 2243 quantum
1987 2183 2040 2229 tu
2071 2175 2184 2245 ipse

611 2263 724 2327 tibi,
756 2263 802 2318 si
840 2262 1047 2332 injuriae
1086 2264 1396 2320 recordatus
1438 2263 1622 2320 fueris.
1667 2266 1912 2337 Alioquin
1949 2281 2077 2321 vero
2103 2262 2185 2322 vir

556 2388 557 2391 η
610 2354 780 2408 bonus
807 2353 939 2408 nihil
962 2354 1087 2409 mali
1110 2355 1216 2425 pati
1240 2363 1433 2425 potest.
1461 2354 1541 2411 Sit
1563 2356 1704 2412 enim
1729 2357 1867 2425 quis,
1892 2373 2110 2412 uxorem
2129 2367 2185 2413 et

614 2443 804 2500 liberos
832 2444 1055 2510 habens,
1083 2446 1173 2515 qui
1203 2445 1624 2516 philosOphetur,
1654 2446 1951 2517 habeatque
1981 2449 2176 2504 multas

609 2534 787 2589 damni
814 2536 1105 2607 accipiendi
1131 2537 1439 2594 occasiones
1460 2578 1476 2603 ,
1507 2538 1760 2608 pecunias
1786 2537 2009 2604 multas,
2040 2540 2184 2609 prin-

607 2621 837 2695 cipatum
860 2667 877 2693 ,
906 2629 1106 2683 amicos
1129 2628 1324 2682 multos
1342 2668 1361 2695 ,
1390 2627 1723 2698 honoresque
1752 2628 2020 2694 obtineat;
2049 2637 2185 2685 atta-

609 2730 731 2770 men
784 2716 1213 2787 philosophetur;
1265 2717 1368 2773 hoc
1411 2719 1557 2773 enim
1599 2719 2002 2789 supponendum
2050 2730 2179 2777 est:

608 2822 875 2862 aerumnas
918 2808 994 2863 illi
1038 2809 1295 2865 accedere
1336 2808 1622 2879 fingamus.
1667 2810 1898 2866 Accedat
1922 2812 2180 2882 quispiam

611 2898 873 2954 scelestus
916 2898 1076 2953 homo
1104 2899 1198 2969 qui
1227 2899 1479 2955 damnum
1504 2900 1559 2956 in
1587 2901 1780 2972 opibus
1804 2901 1997 2958 inferat
2020 2924 2033 2958 :
2056 2903 2181 2973 quid

610 2989 711 3044 hoc
737 2989 803 3045 ad
834 2991 1004 3046 virum
1041 2992 1133 3062 qui
1175 2993 1428 3062 pecunias
1470 2993 1603 3047 nihil
1645 3008 1766 3050 esse
1810 2996 1989 3064 putat?
2018 2995 2180 3051 Filios

607 3079 839 3137 0c¢idatz
874 3080 999 3151 quid
1025 3081 1126 3135 hoc
1146 3082 1212 3137 ad
1238 3083 1429 3149 virum,
1452 3084 1541 3153 qui
1568 3084 1707 3139 circa
1736 3087 2179 3142 resurrectionem

610 3172 1051 3244 philosophatur?
1089 3172 1322 3231 Uxorem
1352 3174 1561 3246 jugulet
1592 3193 1606 3231 :
1637 3177 1761 3247 quid
1806 3177 1906 3233 hoc
1948 3178 2015 3235 ad
2056 3196 2177 3235 eum

1350 405 1405 460 S.
1445 404 1718 461 JOANNIS
1752 402 2226 459 CllRYSOSTOMI
2258 403 2569 460 ARCIIIEP.
2598 408 3126 469 CONSTANTINOP.

3768 423 3875 479 795

2293 517 2383 585 qui
2413 519 2598 575 doctus
2622 530 2702 576 est
2733 540 2837 577 non
2878 525 3133 594 lugendus
3159 543 3280 583 esse
3307 529 3667 586 dormientes?
3699 533 3866 587 Dede-

2292 623 2387 663 cus
2414 610 2488 663 illi
2512 611 2927 685 conferat:quid
2966 616 3067 673 hoc
3092 619 3247 674 laedat
3274 638 3394 675 eum
3421 664 3435 685 ,
3467 628 3555 692 qui
3588 638 3869 693 praesentia

2293 702 2470 755 omnia
2513 702 2700 760 florem
2730 720 2851 762 esse
2895 707 3025 764 foeni
3056 712 3239 779 putat?
3281 712 3336 767 Si
3377 715 3455 768 vis
3483 716 3643 768 etiam
3673 732 3866 783 corpus

2293 795 2591 862 percutiat,
2633 804 2689 850 et
2731 795 2785 851 in
2815 811 3087 857 carcerem
3120 801 3405 872 conjiciat:
3429 804 3554 874 quid
3584 805 3686 859 hoc
3712 807 3869 860 laedet

2291 898 2436 950 eum,
2460 885 2548 954 qui
2573 883 2837 953 didicerit,
2865 888 3074 945 etiamsi
3099 892 3332 947 exterior
3354 904 3536 950 noster
3560 896 3717 950 homo
3740 912 3863 951 mr-

2291 988 2587 1047 rutnpatur,
2618 978 2925 1035 interiorem
2952 990 3127 1038 tamen
3151 985 3394 1040 renovari
3409 985 3488 1055 (2.
3515 984 3635 1041 Cor.
3663 986 3716 1041 4.
3749 988 3862 1058 lli),

2291 1080 2345 1125 et
2366 1070 2708 1128 tribulatione
2733 1074 3098 1143 probationem
3140 1075 3283 1133 effici
3320 1076 3496 1146 (Rom.
3527 1078 3581 1135 5.
3628 1078 3720 1148 δν
3749 1079 3863 1150 Ego

2290 1176 2421 1218 sane
2459 1163 2715 1233 polliceor
2747 1165 2908 1221 talem
2952 1165 3219 1222 hominem
3268 1168 3322 1222 in
3363 1167 3507 1223 nullo
3547 1168 3730 1225 laesum
3761 1170 3862 1227 iri:

2290 1254 2463 1308 oratio
2503 1263 2679 1309 autem
2726 1256 2863 1311 ultra
2909 1256 3201 1326 procedens
3244 1258 3479 1313 ostendit
3524 1258 3696 1330 ipsum
3739 1260 3863 1316 hinc

2289 1348 2513 1400 multum
2555 1346 2765 1416 juvari,
2808 1347 3054 1403 renovari
3095 1357 3150 1405 et
3194 1349 3550 1419 probatiorem
3595 1350 3752 1405 effici.
3785 1351 3862 1406 Ne

2290 1437 2465 1507 itaque
2487 1438 2627 1508 apud
2648 1439 2781 1494 alios
2805 1438 3043 1495 dolorem
3066 1448 3304 1495 nostrum
3327 1441 3685 1511 exprimamus
3706 1460 3719 1496 :
3739 1441 3861 1498 hinc

2289 1531 2433 1585 enim
2463 1546 2560 1585 uos
2590 1531 2733 1601 ipsos
2762 1532 3005 1587 lzedimus
3024 1573 3040 1598 ,
3080 1532 3419 1602 animumque
3449 1540 3685 1586 nostrum
3716 1533 3863 1586 iulir-

2290 1622 2513 1675 miorem
2532 1621 2820 1677 reddimus.
2842 1622 3005 1677 Dolor
3019 1622 3161 1677 enim
3178 1622 3267 1678 ille
3288 1637 3393 1677 non
3415 1630 3521 1677 tam
3540 1638 3605 1678 es
3630 1624 3859 1691 proximi

2290 1714 2546 1783 nequitia,
2575 1730 2731 1785 quam
2762 1731 2826 1770 ex
2872 1715 3077 1786 ignavia
3124 1725 3306 1771 nostra
3351 1715 3607 1785 procedit.
3640 1715 3783 1781 Ideo,
3812 1716 3859 1771 si

2290 1805 2408 1874 quis
2432 1818 2531 1859 nos
2559 1805 2877 1860 contumelia
2904 1804 3121 1872 afficiat,
3148 1806 3507 1877 lacrymamur
3530 1815 3584 1861 et
3607 1804 3858 1876 deprimi-

2288 1912 2443 1962 mur;
2474 1899 2519 1952 si
2549 1898 2669 1967 quis
2693 1909 2872 1952 nostra
2896 1899 3083 1969 rapiat,
3111 1898 3335 1967 idipsum
3364 1898 3610 1968 patimur,
3639 1898 3859 1968 perinde

2287 1999 2446 2059 atque
2474 1989 2674 2057 pueruli
2707 1989 2780 2043 illi
2801 2030 2816 2053 ,
2861 2004 2996 2059 quos
3036 1989 3310 2044 liberiores
3338 1989 3486 2058 pueri
3518 1990 3737 2043 incitant
3767 2005 3859 2055 pro

2288 2094 2349 2135 re
2377 2079 2573 2133 nullius
2603 2079 2857 2133 momenti
2898 2078 3138 2133 dolorem
3169 2077 3483 2144 inferentes;
3517 2079 3560 2133 si
3592 2094 3717 2134 vero
3744 2079 3858 2132 IllttS

2289 2171 2526 2225 rixantes
2554 2170 2820 2236 viderint,
2852 2171 3097 2224 mordere
3126 2185 3229 2223 non
3259 2179 3501 2235 cessant;
3542 2169 3585 2224 si
3627 2170 3859 2224 ridentes

2289 2264 2523 2328 videant,
2553 2272 2677 2317 tunc
2705 2262 2985 2317 desistunt.
3012 2265 3080 2316 At
3107 2276 3204 2316 nos
3230 2263 3311 2316 his
3341 2262 3731 2332 insipientiores
3749 2301 3763 2326 ,
3790 2261 3859 2317 de

2288 2358 2352 2413 iis
2377 2357 2446 2410 ob
2478 2372 2597 2426 quze
2619 2355 2791 2411 ridere
2814 2364 3102 2424 Oporteret,
3122 2354 3342 2409 multum
3370 2354 3630 2410 dolemus.
3657 2354 3856 2421 Quam-

2286 2448 2475 2504 obrem
2519 2462 2670 2518 rogo,
2725 2446 2827 2500 hoc
2866 2445 3055 2517 puerili
3098 2445 3306 2515 abjecto
3349 2445 3548 2510 animo,
3576 2445 3737 2500 cmlos
3762 2460 3858 2515 ap-

2289 2540 2703 2612 prehendamus.
2722 2539 2853 2594 Nam
2884 2537 3126 2593 Christus
3150 2552 3247 2592 nos
3278 2552 3396 2593 esse
3425 2538 3566 2593 viros
3590 2546 3737 2606 optat
3755 2578 3768 2599 ,
3804 2545 3859 2591 et

2287 2634 2430 2687 viros
2454 2633 2736 2703 perfectos.
2759 2629 2848 2685 Sic
2874 2630 3014 2683 enim
3036 2628 3185 2698 jubet
3208 2638 3261 2683 et
3288 2629 3478 2683 Paulus
3502 2647 3515 2682 :
3544 2627 3765 2694 Fratres,
3798 2642 3859 2680 ne

2285 2730 2395 2785 sitis
2422 2727 2564 2797 pueri
2589 2734 2770 2790 mente,
2802 2723 2889 2779 sed
2916 2723 3109 2776 malitia
3135 2721 3330 2792 parvuli
3354 2730 3507 2776 estote
3528 2721 3602 2788 (l.
3624 2721 3743 2775 Cor.
3771 2720 3854 2775 η.

2280 2818 2399 2891 30).
2420 2817 2652 2874 Infantes
2667 2830 2794 2885 ergo
2810 2814 3005 2869 malitia
3022 2814 3209 2879 simus,
3227 2822 3281 2868 et
3297 2812 3581 2883 nequitiam
3600 2811 3856 2882 fugientes

2286 2912 2538 2965 virtutem
2560 2908 2960 2977 amplectamur.
2984 2913 3044 2958 ut
3066 2913 3264 2958 aeterna
3288 2916 3676 2971 consequamur
3698 2902 3858 2969 bona,

2284 3002 2452 3071 gratia
2480 3008 2534 3055 et
2561 2999 2887 3069 benignitate
2916 2994 3123 3049 Domini
3155 2992 3321 3048 nostri
3350 2993 3474 3049 Jesu
3504 2993 3697 3048 Christi
3718 3035 3731 3058 ,
3764 2994 3850 3048 cui

2284 3094 2449 3165 gloria
2474 3100 2528 3148 et
2555 3090 2838 3161 imperium
2870 3088 2923 3142 in
2954 3086 3146 3142 saecula
3177 3085 3511 3141 saeculorum.
3542 3086 3733 3160 Amen.

614 3277 3845 3305 Μ.

1671 3362 2011 3425 HOMILIA
2050 3366 2319 3428 LXXX.
2363 3365 2449 3428 al.
2493 3361 2789 3425 LXXXI.

604 3501 733 3558 CAP.
778 3503 866 3557 26.
916 3518 967 3556 ν.
997 3502 1048 3557 6.
1093 3502 1216 3557 Cum
1259 3512 1424 3557 autem
1470 3512 1596 3558 esset
1642 3502 1792 3557 Iesus
1828 3505 1879 3558 in
1932 3504 2180 3560 Bethania

676 3595 728 3648 in
754 3594 903 3648 domo
933 3593 1155 3649 Simonis
1197 3596 1381 3663 leprosi
1400 3634 1414 3660 ,
1447 3594 1499 3649 7.
1537 3597 1741 3648 accessit
1765 3596 1831 3647 ad
1858 3612 1969 3648 eum
2000 3599 2180 3652 mulier

677 3688 862 3742 habens
891 3686 1197 3741 alabastrum
1223 3687 1462 3757 unguenti
1488 3688 1711 3756 pretiosi,
1740 3699 1786 3742 et
1823 3688 2003 3755 e/I'udit
2030 3707 2180 3762 super

674 3789 827 3849 caput
850 3779 958 3842 eius
987 3779 1328 3832 recumbentis.

679 3872 731 3925 1.
764 3869 951 3924 Mulier
985 3886 1098 3940 qua!
1136 3870 1285 3939 pedes
1313 3868 1497 3923 Christi
1526 3869 1717 3931 abluit,
1760 3886 1873 3938 qua:
1899 3871 1980 3923 sit.
2014 3870 2181 3935 Quare

606 3963 747 4031 lepra
761 3962 983 4017 Simonis
995 3971 1039 4015 et
1054 3978 1230 4015 nomen
1244 3962 1378 4015 urbis
1390 3971 1740 4015 memorentur.
1750 3960 2049 4016 Peccatricis
2060 3980 2180 4033 erga

606 4050 805 4119 Jesum,
822 4063 869 4105 et
888 4051 1011 4106 Jesu
1036 4068 1155 4122 erga
1181 4053 1500 4123 peccatricem
1526 4053 1708 4123 agendi
1729 4055 1857 4107 ratio
1877 4066 2181 4107 commenta-

609 4156 711 4200 tur.
731 4173 803 4184 —
824 4144 948 4199 litae
977 4145 1166 4199 mulier
1198 4160 1299 4199 una
1328 4145 1621 4215 eademque
1650 4146 1856 4200 videtur
1895 4160 2013 4201 csse
2038 4146 2177 4216 apud

606 4251 794 4292 omnes
821 4235 1203 4306 evangelistas;
1251 4235 1346 4289 sed
1388 4251 1511 4290 vere
1551 4251 1655 4290 non
1686 4246 1766 4289 est
1790 4254 1803 4288 :
1829 4251 2009 4290 verum
2041 4236 2177 4305 apud

613 4336 722 4381 tres
762 4325 1115 4394 evangelistas
1168 4341 1270 4378 una
1319 4340 1439 4380 meo
1481 4317 1698 4394 judicio.
1726 4325 2017 4395 eademque
2063 4336 2176 4393 est;

609 4415 748 4486 apud
794 4415 1050 4470 Joannem
1108 4412 1261 4483 (Cap.
1305 4414 1393 4484 12)
1436 4430 1562 4469 vero
1606 4430 1709 4469 non
1751 4415 1911 4481 item;
1953 4416 2046 4470 sed
2075 4418 2179 4472 alia

606 4506 846 4575 qumdam
877 4504 1133 4559 mirabilis
1162 4503 1384 4569 mulier,
1413 4519 1566 4559 soror
1589 4503 1770 4559 Lazari
1801 4504 1897 4577 (a).
1928 4505 2036 4561 Nec
2064 4508 2178 4562 sine

606 4610 764 4650 causa
812 4595 1011 4664 lepram
1055 4593 1289 4649 Simonis
1327 4605 1583 4648 memorat
1615 4596 1974 4665 evangelista;
2003 4597 2095 4651 sed
2122 4606 2181 4652 ιιι

609 4685 852 4741 ostendat
878 4700 975 4739 cur
1006 4686 1229 4739 fidenter
1255 4684 1446 4739 mulier
1470 4687 1772 4741 accesserit.
1813 4686 2073 4755 Quoniam
2104 4689 2180 4742 le-

607 4792 702 4845 pra
746 4790 833 4830 res
872 4789 992 4831 esse
1035 4774 1305 4829 immunda
1349 4784 1401 4829 et
1454 4776 1804 4831 abominanda
1853 4779 2169 4845 videbatur,

609 4866 845 4936 viditque
871 4864 1053 4921 Jesum
1080 4880 1296 4919 curasse
1326 4865 1627 4933 hominem,
1657 4867 1965 4938 lepramque
2002 4869 2177 4924 elimi-

607 4970 762 5010 uasse
786 4958 981 5025 (neque
1008 4957 1149 5010 enim
1178 4956 1431 5010 voluisset
1461 4957 1599 5025 apud
1629 4957 1896 5027 leprosum
1927 4974 2171 5027 manere,

604 5046 782 5116 ibique
806 5046 1087 5119 diversari)
1107 5087 1123 5113 ,
1170 5046 1389 5102 confidit
1426 5048 1618 5103 mulier
1647 5049 1817 5119 ipsum
1845 5050 2033 5105 anima:
2063 5066 2174 5106 sua:

606 5137 994 5192 immunditiam
1040 5136 1194 5193 facile
1233 5138 1593 5193 abstersurum
1640 5154 1780 5194 esse.
1831 5138 2012 5209 Neque
2061 5141 2177 5196 sine

605 5244 765 5284 causa
810 5244 1002 5284 nomen
1033 5230 1179 5283 urbis
1200 5271 1214 5295 ,
1247 5228 1517 5283 Bethania:
1545 5229 1778 5296 scilicet,
1822 5230 2053 5294 addidit;
2082 5230 2176 5286 sed

607 5333 659 5375 nt
687 5324 861 5376 discas
891 5322 1060 5391 ipsum
1086 5322 1310 5375 libenter
1336 5321 1399 5374 ad
1422 5321 1718 5392 passionem
1747 5321 2018 5376 accedere.
2046 5321 2176 5375 Nam

604 5414 695 5483 qui
725 5422 849 5466 ante
878 5412 1133 5481 effugerat
1162 5412 1281 5466 illos
1305 5452 1320 5477 ,
1364 5412 1574 5481 quando
1604 5413 1833 5467 maxime
1863 5413 2054 5467 invidia
2086 5430 2175 5466 ar-

682 5507 755 5566 (a)
774 5504 983 5555 Grandis
996 5507 1205 5566 qua-stio
1219 5512 1384 5567 utrum
1395 5502 1642 5567 peccatrix
1658 5506 1763 5567 illa,
1775 5518 1885 5566 qua:
1902 5502 2083 5554 Christi
2104 5516 2193 5566 pe-

616 5564 708 5617 des
720 5564 895 5626 abluit,
911 5564 1084 5615 eadem
1100 5569 1204 5628 ipsa
1225 5565 1310 5627 sit,
1323 5564 1434 5628 quin
1445 5580 1586 5628 soror
1598 5564 1762 5616 Lazari
1778 5564 1947 5627 {quam
1963 5564 2191 5628 tractare,

642 5631 870 5677 raisentis
894 5642 990 5676 non
1014 5638 1091 5677 est
1116 5626 1355 5690 instituti:
1378 5626 1573 5678 Mariam
1586 5635 1750 5677 autem
1773 5626 2110 5690 ,M’agdalenam
2135 5626 2195 5675 ab

642 5645 870 5677 raesenus
894 5645 990 5676 non
1014 5645 1091 5677 est
1116 5645 1348 5678 Insuluu.
1378 5645 1573 5678 nariam
1586 5645 1750 5677 autem
1778 5645 2110 5690 magnaienam
2135 5645 2195 5675 an

603 5645 689 5752 bis
719 5694 975 5752 diversam
997 5703 1110 5737 esse
1138 5689 1278 5752 pauci
1300 5691 1398 5752 jam
1420 5697 1633 5752 negant.»
1659 5689 1847 5737 —Vide
1881 5690 1993 5752 Man
2008 5696 2196 5738 uments

607 5749 792 5801 inédits
824 5766 908 5800 sur
933 5749 1203 5815 l'apostolat
1225 5752 1285 5802 de
1302 5749 1468 5802 ’saiute
1485 5749 1964 5815 i'Marie-Madeleine
1989 5764 2046 5800 en
2060 5752 2193 5815 ἓνο-

606 5825 768 5875 venre,
780 5822 909 5863 auct.
938 5815 992 5865 D.
1014 5814 1199 5863 liaillou
1212 5815 1464 5864 societatis
1476 5814 1526 5862 S.
1543 5814 1745 5875 Sulpicii
1762 5817 2039 5863 sacerdote.
2054 5814 2191 5863 Eutr.

2287 3505 2483 3561 dobant
2505 3543 2521 3570 ,
2550 3512 2674 3557 tunc
2703 3514 2869 3570 prope
2910 3497 3133 3553 accessit
3173 3497 3320 3569 quasi
3351 3495 3415 3550 ad
3442 3496 3609 3551 stadia
3633 3494 3856 3566 quiude<

2284 3598 2386 3651 cim
2408 3612 2423 3659 ;
2452 3597 2632 3664 sicque
2654 3595 2799 3661 prior
2819 3606 3060 3646 recessus
3080 3591 3143 3645 ad
3165 3591 3514 3645 oeconomiam
3539 3591 3850 3660 pertint-bat.

2286 3686 2483 3740 Videns
2512 3698 2639 3753 ergo
2664 3682 2811 3737 illum
2840 3681 3051 3747 mulier,
3082 3680 3308 3749 hincque
3347 3691 3612 3749 assumpta
3643 3681 3851 3745 fiducia,

2286 3777 2529 3833 accessit.
2571 3774 2701 3829 Nam
2733 3774 2778 3828 si
2817 3772 2904 3828 illa
2933 3788 3051 3841 quae.
3076 3772 3348 3841 sanguinis
3377 3770 3571 3825 fluxum
3615 3772 3851 3840 patieba-

2286 3877 2403 3933 tur,
2450 3867 2549 3921 etsi
2586 3865 2781 3919 nullius
2811 3861 3174 3933 bujuscemodi
3203 3861 3300 3915 sibi
3332 3861 3541 3915 conscia
3567 3869 3742 3923 esset,
3785 3859 3857 3914 ob

2284 3963 2453 4029 illam,
2500 3976 2619 4031 qua:
2661 3957 2915 4014 naturalis
2938 3956 3215 4012 videbatur
3242 3970 3392 4017 esse,
3425 3953 3806 4007 immunditiam
3832 3992 3849 4016 ,

2286 4066 2524 4111 tremens
2573 4061 2920 4120 metuensque
2970 4049 3190 4103 accessit
3221 4065 3233 4100 :
3264 4048 3431 4102 multo
3474 4045 3639 4114 magis
3684 4044 3849 4108 hanc,

2284 4163 2401 4218 qua:
2426 4146 2526 4201 sibi
2550 4144 2675 4200 mali
2705 4143 2913 4197 conscia
2957 4150 3109 4203 erat,
3156 4140 3393 4193 timuisse
3437 4138 3721 4192 verisimile
3746 4148 3851 4192 est.

2286 4237 2488 4293 ldcirco
2519 4245 2637 4305 post
2665 4233 2861 4289 multas
2888 4233 3139 4287 mulieres
3158 4270 3173 4293 ,
3204 4228 3610 4293 Samaritanam,
3640 4226 3850 4281 Chana-

2286 4344 2474 4393 nmam,
2501 4342 2617 4382 eam
2643 4341 2758 4395 quae
2779 4322 3047 4393 sanguinis
3068 4321 3263 4375 ﬂuxum
3287 4319 3602 4388 patiebatur,
3622 4320 3852 4387 aliasque

2285 4418 2540 4490 plurimas
2568 4414 2806 4481 accedit,
2850 4412 2990 4483 quod
3031 4411 3129 4467 sibi
3174 4425 3377 4477 magum
3424 4409 3767 4462 immunditiae
3798 4419 3852 4461 et

2285 4508 2515 4563 lascivia:
2552 4506 2767 4561 conscia
2798 4510 2973 4565 esset;
3001 4516 3099 4556 nec
3130 4499 3358 4569 publice,
3381 4499 3473 4554 sed
3496 4500 3547 4551 in
3575 4497 3754 4551 domn.
3790 4496 3855 4550 Iit

2285 4615 2406 4654 cum
2451 4598 2540 4652 alii
2582 4610 2768 4650 omnes
2813 4608 2908 4662 pro
2949 4593 3177 4646 sanitate
3218 4591 3456 4660 Corporis
3504 4588 3851 4649 accederent,

2286 4689 2504 4745 honoris
2531 4695 2735 4742 tantum
2760 4699 2916 4738 causa
2946 4682 3251 4744 accedebat,
3281 4691 3335 4737 et
3360 4691 3418 4736 ut
3444 4680 3632 4734 anima:
3658 4680 3856 4733 sanita-

2285 4790 2394 4835 tem
2422 4785 2859 4846 consequeretur.
2889 4773 3043 4828 Nulla
3079 4773 3221 4826 enim
3261 4771 3500 4839 corporis
3542 4768 3853 4840 mgritudiue

2283 4870 2937 4936 tenebaturzquapmpter
2979 4861 3287 4916 admiranda
3333 4861 3558 4914 maxime
3589 4859 3848 4913 videatur.

2280 4958 2465 5027 Neque
2491 4958 2639 5011 illum
2667 4964 2725 5009 ut
2769 4954 3037 5007 hominem
3086 4961 3287 5006 tantum
3327 4949 3471 5015 adit;
3504 4965 3675 5019 neque
3708 4949 3849 5003 ettim

2281 5048 2489 5117 capillis
2517 5045 2883 5108 abstersisset;
2910 5042 3002 5097 sed
3033 5051 3088 5096 ut
3114 5041 3328 5096 homine
3348 5039 3624 5109 majorem.
3650 5038 3853 5093 idcirco

2280 5139 2518 5192 omnium
2545 5135 2903 5191 membrorum
2932 5134 3314 5188 nobilissimum
3338 5141 3498 5202 caput
3518 5146 3670 5185 suum
3698 5130 3851 5200 pcdi-

2282 5231 2381 5285 bus
2402 5228 2599 5285 Christi
2630 5228 2882 5282 admovit.
2910 5227 2965 5281 8.
3003 5225 3236 5280 Videntes
3260 5235 3426 5279 autem
3455 5224 3691 5291 discipuli
3714 5224 3848 5291 ejus,

2283 5321 2468 5391 inquit,
2497 5318 2743 5389 indignati
2780 5328 2913 5382 sunt,
2959 5317 3176 5370 dicentes
3198 5333 3216 5370 :
3232 5316 3311 5369 Ad
3334 5317 3455 5387 quid
3476 5316 3688 5385 perditio
3709 5315 3853 5369 Itwc.’

2283 5412 2336 5467 9.
2383 5411 2553 5465 Potuit
2597 5411 2729 5463 enim
2771 5418 3077 5479 unguentum
3121 5408 3213 5461 hoc
3254 5407 3544 5460 venumdari
3573 5405 3765 5471 multo,
3806 5414 3850 5459 et

2283 5506 2394 5557 dari
2431 5502 2751 5574 pauperibus.
2796 5501 2884 5555 10.
2930 5499 3106 5555 Sciens
3151 5510 3317 5554 autem
3354 5500 3503 5552 Jesus
3549 5499 3676 5551 dixit
3704 5512 3723 5551 :
3748 5498 3849 5550 Cur

2283 5597 2477 5650 molesti
2514 5596 2631 5649 estis
2670 5594 2785 5647 huic
2824 5592 3060 5646 mulieri?
3093 5590 3232 5661 Opus
3263 5591 3395 5643 enim
3434 5590 3617 5642 bonum
3643 5599 3851 5657 operata

2282 5697 2353 5740 est
2381 5687 2432 5740 in
2462 5702 2559 5740 me.
2590 5686 2674 5739 ll.
2708 5683 2964 5753 Pauperes
2991 5683 3119 5736 enim
3148 5698 3342 5748 semper
3366 5680 3552 5733 habetis
3578 5679 3848 5740 vobiscum,

2282 5795 2361 5833 me
2388 5788 2552 5831 autem
2581 5792 2679 5830 nou
2708 5792 2899 5846 semper
2926 5775 3135 5827 habetis.
3172 5772 3256 5826 η.
3289 5770 3572 5825 Immitteus
3601 5770 3733 5823 enim
3758 5771 3850 5822 Iwc
