4130 6374
238 408 343 465 τ’ἔό

246 523 546 594 σπώμεθα;
576 521 700 576 Εἴθε
730 519 865 593 μηδὲ
895 522 1098 584 ἐκεῖνος
1121 517 1387 590 ἠθέλησεν
1418 519 1551 590 ἡμῖν
1580 518 1906 588 πολεμῆσαι,

244 605 354 658 εἴθε
383 607 516 677 μηδὲ
534 609 737 669 ἐκεῖνος
764 606 1008 668 διάϐολος
1031 600 1099 675 ἦν
1125 604 1138 656 ἰ
1168 602 1281 656 Οὐκ
1301 596 1456 654 οἶσθα
1473 602 1614 671 πόση
1640 603 1673 672 ἡ
1700 602 1721 631 ⁸
1748 600 1909 670 ἡδονὴ

246 689 385 755 μετὰ
419 689 517 751 τὰς
556 689 933 755 καταλλαγάςς
978 688 1043 739 Τί
1078 685 1221 755 γάρ,
1252 683 1301 736 εί
1334 684 1428 736 καὶ
1457 686 1515 737 ἐν
1538 687 1605 754 τῇ
1649 683 1818 754 ἔχθρᾳ
1848 684 1908 736 οὐ

244 770 448 841 σφόδρα
480 771 728 839 φαίνεται
753 786 766 834 ;
802 771 924 822 Ὅτι
952 769 1061 839 γὰρ
1090 768 1237 838 ἥδιον
1268 765 1442 835 φιλεῖν
1471 766 1561 819 τὸν
1585 765 1873 819 ἀδικοῦντα
1892 807 1908 832 ,

240 851 274 922 ἢ
310 854 506 921 μισεῖν,
545 852 683 921 μετὰ
706 852 768 903 τὸ
794 851 1021 921 λυθῆναι
1047 852 1143 922 τὴν
1168 848 1390 920 ἔχθραν,
1420 849 1539 902 τότε
1568 850 1774 921 δυνήσῃ
1802 866 1908 920 μα-

242 934 356 990 θεῖν
386 935 587 997 καλῶς.
1858 936 1859 939 ’

309 1023 372 1070 ε’.
402 1016 466 1069 Τί
486 1017 665 1070 τοίνυν
709 1016 836 1079 τοὺς
872 1012 1226 1085 μαινομένους
1276 1011 1618 1083 μιμούμεθα,
1647 1011 1911 1083 ἀλλήλους

238 1099 636 1163 κατεσθίοντες,
671 1101 738 1169 τῇ
784 1097 957 1168 οἰκεία
998 1096 1162 1167 σαρκὶ
1206 1094 1606 1165 πολεμοῦντες;
1645 1095 1909 1149 Ἄκουσον

239 1183 334 1236 καὶ
366 1184 424 1235 ὲν
445 1186 511 1252 τῇ
548 1181 760 1253 Παλαιᾷ
790 1180 956 1243 πόσος
988 1175 1056 1251 ἦν
1082 1181 1102 1211 ⁸
1138 1179 1280 1251 ὑπὲρ
1306 1180 1497 1233 τούτου
1524 1179 1697 1248 λόγος.
1750 1177 1907 1231 Ὀδοί

234 1267 628 1337 μνησικάκων
652 1269 740 1332 εἰς
767 1264 1047 1320 θάνατον.
1088 1266 1431 1331 Ἀνθρωπος
1453 1263 1740 1332 ἀνθρώπῳ
1768 1278 1910 1315 συν-

237 1349 408 1419 τηρεῖ
431 1349 640 1419 ὀργὴν,
677 1348 775 1402 καὶ
820 1349 982 1416 παρὰ
1011 1348 1162 1401 Θεοῦ
1195 1348 1238 1379 ⁸³
1267 1346 1427 1415 ζητεῖ
1473 1347 1658 1401 ιασιν.
1717 1346 1907 1400 Καίτοι

240 1432 618 1504 συνεχώρησεν
643 1430 919 1500 ὀφθαλμὸν
948 1430 1071 1483 ἀντὶ
1094 1429 1374 1501 ὀφθαλμοῦ
1392 1470 1406 1494 ,
1436 1430 1529 1483 καὶ
1555 1430 1742 1483 ὀδόντα
1786 1428 1908 1482 ἀντὶ

233 1516 477 1579 ὀδόντοςο
512 1514 629 1578 πῶς
673 1510 765 1568 οὖν
802 1513 1062 1583 ἐγκαλεῖς
1098 1514 1221 1567 Ὅτι
1253 1513 1482 1567 κάκεῖνα
1512 1512 1906 1584 συνεχώρησεν,

235 1605 331 1670 οὐχ
356 1601 443 1653 ἵνα
470 1597 718 1670 ἀλλήλοις
755 1598 895 1651 αὐτά
922 1596 1185 1666 ποιῶμεν,
1212 1597 1329 1651 ἀλλ’
1349 1597 1435 1652 ῖνα
1459 1597 1568 1651 δέει
1592 1597 1685 1651 τοῦ
1715 1597 1909 1650 παθεῖν

235 1681 565 1753 ἀπεχώμεθα
595 1681 688 1734 τοῦ
710 1680 934 1752 τολμᾷν.
968 1680 1078 1733 Καὶ
1099 1679 1273 1742 ἄλλως
1292 1679 1370 1745 δὲ,
1396 1681 1580 1734 ἐκεῖνα
1608 1680 1707 1750 μὲν
1736 1697 1907 1750 προσ-

236 1767 427 1837 καίρου
448 1766 595 1826 τινὸς
619 1764 789 1836 ὀργῆς
811 1763 1026 1826 ἐστι,τδ
1057 1762 1113 1816 δὲ
1144 1766 1518 1834 μνησικακεῖν,
1544 1763 1724 1833 ψυχῆς
1745 1780 1907 1833 πονη-

238 1851 359 1921 ρίαν
415 1847 748 1921 μελετώσης.
823 1847 985 1901 Ἀλλά
1038 1846 1225 1911 κακῶς
1284 1846 1518 1911 ἐπαθεςς
1582 1846 1722 1900 Ἀλλ’
1753 1846 1907 1900 οὐδὲν

233 1933 517 1998 τοσοῦτον,
554 1933 680 1986 ὅσον
722 1932 915 1987 σαυτὸν
944 1932 1155 2003 ἐργάσῃ
1205 1930 1578 2003 μνησικακῶν.
1614 1929 1823 1995 Ἀλλως
1850 1930 1907 1983 δὲ

232 2017 353 2070 οὐδὲ
384 2015 605 2070 δυνατὸν
638 2014 806 2086 ἀνδρα
836 2013 1040 2083 ἀγαθὸν
1071 2013 1242 2068 κακόν
1271 2031 1324 2066 τι
1349 2012 1563 2067 παθεῖν.
1598 2013 1780 2066 Ἔστω
1797 2013 1907 2083 γάρ

232 2118 317 2163 τις
362 2100 456 2154 καὶ
512 2098 702 2153 παιδία
742 2098 880 2169 ἔχων
925 2097 1020 2151 καὶ
1059 2098 1325 2167 γυναῖκα,
1379 2096 1473 2150 καὶ
1514 2096 1902 2166 φιλοσοφείτω,

231 2185 403 2254 ἐχέτω
439 2184 496 2237 δὲ
526 2184 620 2237 καὶ
658 2182 857 2246 πολλάς
907 2180 1163 2253 ἀφορμὰς
1207 2180 1430 2252 βλάϐης,
1463 2181 1559 2235 καὶ
1610 2182 1906 2253 χρημάτων

233 2268 570 2338 περιουσίαν,
594 2268 687 2320 καὶ
714 2266 890 2337 ἀρχῆς
917 2262 1256 2326 δυναστείαν,
1297 2266 1392 2319 καὶ
1420 2264 1606 2333 φίλους
1641 2265 1870 2329 πολλοὺς
1887 2308 1903 2331 ,

232 2352 326 2405 καί
353 2352 518 2421 τιμῆς
541 2351 884 2414 ἀπολαυέτω,
908 2350 1047 2420 πλὴν
1074 2347 1437 2418 φιλοσοφείτω
1457 2364 1470 2378 °
1500 2348 1660 2402 τοῦτο
1687 2350 1795 2421 γὰρ
1824 2349 1906 2402 δεῖ

230 2434 590 2506 προσκεῖσθαι
627 2435 670 2466 ίί
690 2452 705 2465 ·
742 2436 837 2489 καὶ
876 2435 1242 2507 προσάγωμεν
1273 2432 1422 2504 αύτῷ
1461 2432 1559 2496 τάς
1588 2433 1801 2504 πληγὰς
1828 2434 1906 2504 τῷ

228 2519 390 2591 λόγῳ.
421 2520 529 2573 Καὶ
551 2518 790 2591 προσιών
822 2536 906 2581 τις
942 2517 1215 2590 μοχθηρὸς
1243 2516 1380 2589 ἀνὴρ
1416 2516 1790 2589 περιϐαλλέτω
1814 2518 1911 2588 ζη-

231 2604 335 2675 μίᾳ
361 2604 434 2636 ¹¹ο
464 2603 518 2657 τί
562 2599 654 2657 οὖν
694 2602 830 2672 πρὸς
863 2602 955 2655 τὸν
1001 2601 1154 2655 οὐδὲν
1185 2599 1487 2672 ήγούμενον
1526 2594 1665 2654 εἶναι
1689 2600 1734 2632 ³³
1772 2601 1905 2673 χρή-

232 2703 412 2756 ματα;
440 2685 523 2738 Τά
561 2685 728 2738 τέκνα
766 2683 1058 2756 ἀναιρείτω
1082 2700 1097 2715 ο
1128 2683 1182 2737 τί
1209 2679 1303 2738 οὖν
1330 2682 1468 2755 πρὸς
1490 2682 1584 2736 τὸν
1611 2684 1742 2754 περὶ
1779 2684 1910 2736 ἀνα-

230 2769 475 2831 στάσεως
502 2767 932 2837 φιλοσοφοῦντα;
980 2766 1094 2838 Τὴν
1120 2769 1357 2835 γυναῖκα
1385 2765 1667 2834 σφαττέτω
1684 2778 1701 2795 ⁸
1734 2766 1831 2819 καὶ
1855 2766 1910 2819 τί

229 2853 390 2908 τοῦτο
426 2851 563 2924 πρὸς
590 2851 680 2904 τὸν
711 2849 1147 2922 πεπαιδευμένον
1178 2850 1255 2922 μὴ
1308 2849 1525 2907 πενθεῖν
1559 2850 1690 2914 τοὺς
1729 2866 1912 2904 κεκοι-

300 2982 322 3013 ⁸
358 2980 498 3050 πόση
528 2979 585 3051 ἡ]
622 2978 875 3051 πόσηἘΙ.
906 2980 1006 3051 δση
1034 2976 1201 3051 HLK.
1331 2978 1460 3051 Δὅσον
1485 2977 1551 3034 G.

228 3047 366 3131 Ed_d.
464 3047 855 3131 ιξτξροκεῖςέθςιι
890 3047 1153 3131 G.__L.M.
1232 3050 1286 3131 “_
1324 3047 1616 3131 ξημέρινρ.
1641 3047 1708 3103 K.
1735 3047 1806 3100 1..
1839 3047 1907 3131 ιιι.

229 3122 624 3191 φιλοσοφοῦντα
661 3136 773 3175 om.
804 3119 867 3174 L.

232 3188 561 3264 ‘A‘féoxipou;
691 3190 753 3245 L.
805 3191 878 3264 _f’
901 3189 1107 3264 αὐτὸν]
1128 3188 1418 3264 τὸνςάνδρα

227 3260 353 3318 683.
427 3259 500 3294 ἰ’
534 3263 631 3316 καὶ
663 3278 775 3318 om.
804 3259 872 3316 Η.
900 3259 969 3316 Κ.

1248 402 1317 460 ΙΝ
1357 401 1770 459 ΜΑΤΤΠᾹΞΗΜ
1816 400 2049 459 IIOMIL.
2107 404 2321 461 LXXX.
2354 407 2428 463 al.
2471 407 2711 466 LXXXI.

1655 2971 1780 3048 ῗῆγ
1803 2991 1915 3048 om-
1948 2974 2014 3031 Κ·
2043 2975 2105 3048 L-

966 3119 1011 3190 τι
1038 3116 1414 3190 κριμωμένουξ
1437 3117 1598 3190 KgLL-
1632 3134 1686 3189 ρο
1709 3118 1890 3190 ρολιαὶ
1916 3116 2136 3190 τίίπρὺς
2164 3117 2297 3171 Ed"-

3586 420 3699 477 ττι

2017 537 2094 604 μη
2104 520 2297 590 μένους
2321 523 2399 588 ﬂ‘;
2432 524 2525 588 Εἰς
2553 524 2774 595 ἀτιμίαν
2796 525 3109 597 ἐμϐαλλέτω
3130 545 3143 558 ’
3169 530 3222 584 τί
3254 532 3393 604 πρὸς
3420 532 3513 587 τὸν
3532 536 3695 599 άνθος

2017 602 2210 687 χόρτου
2233 604 2302 659 τὰ
2331 606 2574 678 παρόντα
2601 607 2937 679 ήγούμενον;
2972 612 3035 664 Εἰ
3078 612 3278 682 βούλει,
3299 602 3412 669 καὶ
3446 617 3507 670 τὸ
3534 618 3698 687 σῶμα

2016 685 2314 771 κολαζέτω,
2346 689 2441 742 καὶ
2466 692 2545 752 εἰς
2580 690 2954 763 δεσμωτήριον
2975 695 3293 764 ἐμϐαλλέτω
3312 715 3327 728 ·
3359 698 3411 752 τί
3432 695 3525 753 οῦν
3556 685 3697 771 πρὸς

2013 769 2105 821 τὸν
2128 769 2391 839 μαθόντα,
2435 776 2503 826 El
2522 774 2565 805 ¹⁸
2594 774 2691 827 καί
2717 778 2749 829 ό
2777 775 2893 839 ἔξω
2915 777 3084 845 ἡμῶν
3108 778 3419 848 ἅνθρωπος
3442 769 3698 851 διαφθεί-

2007 869 2199 921 ρεται,
2234 854 2370 908 ἀλλ’
2405 858 2439 909 ὁ
2486 856 2607 910 ἔσω
2654 857 3115 926 ἀνακαινοῦται,
3149 864 3243 915 καὶ
3269 864 3352 917 ὅτι
3392 865 3462 919 'H
3487 865 3698 933 θλῖψις

2015 934 2336 1005 δοκιμὴνη
2361 936 2810 1008 κατεργάζεται;
2845 940 2987 1010 Ἐγὼ
3020 943 3117 1013 μὲν
3163 940 3258 998 οὖν
3304 946 3469 1016 μηδὲν
3496 946 3698 1019 βλαϐήσ-

2017 1021 2207 1073 σεσθαι
2251 1021 2476 1075 αὐτὸν¹⁷
2507 1023 2858 1094 ὑπεσχόμην·
2894 1027 2922 1079 ὁ
2959 1025 3016 1078 δέ
3058 1026 3215 1095 λόγος
3249 1028 3457 1100 προῖὼν
3495 1030 3699 1097 ἔδειξεν

2013 1103 2096 1157 ὅτι
2128 1106 2223 1158 καὶ
2250 1105 2561 1174 ὠφελεῖται,
2590 1107 3052 1178 ἀνακαινούμενος
3082 1111 3179 1164 καὶ
3218 1111 3440 1182 δόκιμος
3466 1112 3695 1182 γινόμε-

2014 1201 2123 1247 νος.
2178 1186 2269 1257 Μὴ
2296 1187 2475 1240 τοίνυν
2509 1188 2645 1258 πρὸς
2688 1189 2909 1261 ἐτέρους
2956 1190 3238 1263 ἀλγῶμεν,
3271 1193 3423 1267 [765]
3468 1197 3697 1260 ἑαυτοὺς

2013 1268 2348 1334 ἀδικοῦντες,
2396 1271 2490 1325 καὶ
2544 1272 2748 1344 ἀσθενῆ
2796 1276 3302 1341 κατασκευάζοντες
3351 1276 3450 1347 τὴν
3493 1279 3693 1350 ψυχήν.

2014 1353 2090 1404 Οὐ
2130 1352 2236 1424 γὰρ
2271 1353 2371 1422 τῆς
2412 1353 2522 1406 τῶν
2558 1354 2784 1425 πλησίον
2814 1358 3082 1428 πονηρίας
3114 1358 3232 1412 ἐστὶ
3252 1359 3534 1421 τοσοῦτον.
3570 1362 3697 1415 ὅσον

2012 1437 2113 1506 τῆς
2152 1437 2427 1509 ἡμετέρας
2448 1437 2823 1510 ταλαιπωρίας
2850 1441 2883 1511 ἠ
2918 1441 3184 1513 ἀλγηδών.
3228 1442 3330 1496 Διά
3365 1443 3557 1511 τοῦτο,
3590 1445 3695 1499 κᾶν

2014 1519 2214 1593 ὑϐρίσῃ
2245 1538 2349 1584 τις,
2381 1520 2688 1592 δακρύομεν
2723 1523 2818 1575 καὶ
2868 1524 3269 1593 συστελλόμεθα
3292 1543 3306 1555 ο
3344 1526 3443 1579 κᾶν
3473 1527 3696 1601 ἁρπάσῃ

2012 1620 2117 1667 τις,
2148 1603 2210 1655 τὸ
2243 1602 2376 1656 αὐτὸ
2399 1602 2700 1674 πάσχομεν,
2725 1605 2866 1658 κατά
2889 1605 2959 1658 τὰ
2981 1607 3167 1660 παιδία
3192 1609 3376 1661 ἐκεῖνα
3397 1609 3465 1662 τὰ
3496 1612 3692 1680 μικρὰ.

2015 1687 2160 1757 ειπερ
2204 1685 2255 1738 οἰ
2293 1685 2402 1740 τῶν
2436 1686 2713 1757 ὁμηλίκων
2752 1690 3084 1760 ἀστειότεροι
3124 1690 3520 1761 παροξύνουσιν
3554 1692 3695 1762 ὑπὲρ

2014 1767 2226 1830 ούδενδς
2254 1766 2597 1839 [ἀναγκαίου.
2621 1768 2763 1841 ἀλλ’]
2790 1770 2833 1801 ¹⁸
2869 1772 2975 1823 ἀπὸ
3001 1773 3213 1843 μικρῶν
3244 1774 3568 1844 προφάσεων
3596 1772 3693 1825 λυ·

2011 1850 2273 1914 ποῦντεςο
2308 1851 2423 1905 ἀλλ’
2461 1853 2610 1921 ὅμως
2644 1854 2894 1917 κάκεῖνα,
2941 1854 3007 1906 ἂν
3045 1854 3142 1924 μὲν
3178 1855 3330 1909 ἴδωσι
3376 1856 3691 1926 κνιζόμενα,

2009 1934 2328 2004 ἐπιμένουσι
2353 1934 2640 1999 δάκνοντες
2660 1952 2673 1965 ·
2692 1935 2758 1988 ἂν
2780 1937 2837 1989 δὲ
2859 1937 3127 2005 γελῶντα,
3155 1940 3251 1992 καὶ
3273 1939 3314 1970 ¹⁹
3344 1939 3688 2007 ἀφίστανται.

2022 2018 2161 2071 Ἀλλ’
2194 2021 2355 2091 ἡμεῖς
2396 2020 2491 2073 καὶ
2529 2019 2734 2073 τούτων
2786 2020 3168 2093 ἀνοητότεροι,
3204 2021 3345 2093 ὑπὲρ
3371 2023 3417 2053 ¹⁰
3462 2015 3535 2076 ὧν
3584 2022 3692 2077 ἔδει

2008 2103 2193 2175 γελᾷν,
2235 2105 2376 2175 ὑπὲρ
2415 2104 2620 2158 τούτων
2668 2102 3004 2175 ὀδυρόμενοι.
3063 2104 3155 2156 Διὸ
3207 2105 3535 2177 παρακαλῶ,
3590 2108 3690 2176 τὴν

2008 2187 2264 2260 παιδικὴν
2294 2188 2499 2259 ταύτην
2536 2187 2778 2242 διάνοιαν
2804 2187 3057 2256 ἀφέντες,
3084 2187 3193 2240 τῶν
3222 2188 3466 2257 οὐρανῶν
3500 2188 3690 2242 ἐπιλα-

2008 2267 2250 2340 ϐώμεθα.
2283 2269 2394 2323 Καὶ
2416 2269 2524 2342 γάρ
2546 2269 2746 2340 ἄνδρας
2763 2271 2911 2340 ἡμᾶς
2933 2271 2961 2321 ὁ
2986 2269 3220 2339 Χριστὸς
3250 2267 3388 2324 εἷναι
3416 2270 3690 2341 βούλεται,

2006 2353 2206 2423 ἄνδρας
2244 2352 2501 2417 τελείους.
2534 2351 2692 2406 Οὕτω
2714 2354 2810 2406 καὶ
2837 2356 2864 2407 ὁ
2895 2351 3104 2416 Παῦλος
3129 2354 3440 2418 ἐκέλευσεν,
3489 2354 3692 2409 Ἀδελ-

2005 2434 2127 2505 φοί,
2164 2435 2249 2505 μὴ
2282 2436 2492 2489 παιδία
2533 2435 2774 2505 γίνεσθε
2815 2435 2943 2501 ταῖς
2971 2437 3169 2505 φρεσί,
3203 2435 3398 2504 λέγων,
3430 2436 3586 2491 ἀλλὰ
3619 2436 3691 2506 τῇ

2006 2520 2190 2585 κακίᾳ
2248 2518 2575 2585 νηπιάζετε.
2623 2519 3002 2589 Νηπιάσωμεν
3054 2518 3233 2571 τοίνυν
3267 2522 3332 2589 τῇ
3369 2519 3559 2590 κακίᾳ,
3596 2521 3692 2574 καῖ⁵

2004 2602 2106 2671 τὴν
2143 2602 2410 2674 πονηρίαν
2437 2602 2723 2672 φυγόντες,
2760 2604 2860 2673 τῆς
2899 2604 3103 2673 ἀρετῆς
3136 2601 3528 2673 ἐπιλαϐώμεθα
3553 2644 3569 2668 ,
3600 2603 3691 2661 ἵνα

2004 2684 2102 2737 καὶ
2131 2684 2239 2737 τῶν
2264 2686 2499 2738 αἰωνίων
2524 2684 2872 2754 ἐπιτύχωμεν
2898 2685 3141 2752 ἀγαθῶν,
3169 2686 3352 2756 χάριτι
3373 2687 3468 2740 καὶ
3497 2686 3689 2754 φιλαν-

2009 2766 2224 2838 θρωπίᾳ
2254 2769 2348 2821 τοῦ
2370 2768 2587 2839 ,Κυρίου
2613 2768 2771 2838 ἡμῶν
2818 2766 2994 2838 Ἰησοῦ
3023 2768 3284 2837 Χριστοῦ,
3306 2762 3348 2834 ᾧ
3373 2771 3407 2839 ἡ
3436 2769 3566 2836 δόξα
3595 2770 3692 2823 καὶ

2007 2851 2071 2904 τὸ
2103 2851 2305 2922 κράτος
2340 2852 2423 2914 εἰς
2453 2851 2582 2913 τοὺς
2621 2851 2826 2913 αἰῶνας
2857 2852 2966 2904 τῶν
2998 2852 3235 2909 αἰώνων.
3280 2855 3474 2925 Ἀμήν.

2216 2977 2258 3008 ⁸ο
2291 2974 2450 3050 Θεοῦ]
2487 2975 2577 3050 εἰς
2608 2975 2671 3029 ΙΙ.
2698 2976 2769 3050 Δ[ι.
2804 2976 2874 3031 Μ.
2909 2980 3071 3050 yulgo
3093 2979 3232 3050 Θεῷ.
3266 2979 3387 3034 Mox
3428 2980 3690 3050 Καίτοιγε

2024 3044 2235 3118 ¹³λεῖναι
2268 3062 2377 3100 om.
2414 3044 2473 3099 l1.
2504 3049 2575 3118 τὰ
2611 3047 2870 3118 χρήματα
2902 3044 3039 3103 Ειίιῖ.
3067 3044 3382 3104 Cludsulam
3414 3049 3467 3102 τί
3500 3044 3688 3104 οὖν..’..

2404 3119 2447 3148 ¹⁸
2472 3115 2544 3188 εἰ]
2564 3115 2890 3191 ὃτιέἰ
2921 3118 3052 3191 ἔσω]
3090 3120 3291 3191 ἔσωθεν
3322 3120 3386 3174 G.
3425 3119 3490 3191 H7.
3614 3120 3686 3176 M.

1696 3186 1740 3220 ’⁸
1768 3186 1903 3263 Ver!

2008 3186 2331 3263 pblqsa_n_o_n
2365 3186 2583 3242 exslam
2623 3188 2675 3241 in
2709 3188 2869 3244 codd.
2898 3204 2952 3261 ι).
2986 3186 3051 3260 p.-
3079 3191 3187 3245 ἀπὸ
3216 3190 3271 3245 δὲ
3303 3190 3516 3263 μικρῶν
3544 3188 3684 3261 Reg.

1072 3257 1118 3293 ⁸⁷⁸
1140 3259 1314 3333 ὑπὲρ]
1348 3257 1432 3314 ὅτι
1463 3259 1605 3330 ὑπὲρ
1625 3266 1680 3315 et
1705 3273 1832 3314 mox
1865 3257 2168 3329 ὀδυρόμεθα
2190 3257 2328 3312 ΕιΜο

1755 3487 1994 3542 ΟΜΙΛῙΔ
2033 3489 2117 3541 Πν.

233 3586 344 3642 Τοῦ
364 3585 434 3639 δὲ
468 3586 673 3667 Ἰῃσρῦ
696 3584 1019 3666 γενομένου
1131 3582 1419 3667 βηθανίςξ.
1441 3579 1513 3634 ἐν
1538 3580 1908 3667 οζκίςιὲἰᾶω-

300 3672 411 3721 νος
440 3650 549 3709 τοῦ
576 3650 846 3723 λεπροῦ,’
876 3653 1227 3723 προσῆλθεν
1259 3650 1418 3717 αὐτῷ
1685 3650 1908 3723 ἀλάξςατ

297 3720 487 3793 στρον
519 3720 713 3793 μύρου
751 3720 982 3791 ἔχουσα
1013 3723 1370 3793 βαρυτίμου,
1401 3722 1499 3775 καί
1535 3721 1779 3789 ἐξέχεεν
1807 3720 1907 3773 ἐπὶ

299 3791 409 3864 τῆς
440 3791 712 3864 κεςζοαζῖῆς
741 3794 931 3848 αὐτοῦ
962 3791 1379 3861 ἀνακειμένου.

298 3915 369 3971 α’.
385 3916 451 3969 Ἦ
480 3914 617 3987 γυνὴ
640 3913 780 3985 αὕτη
804 3914 954 3968 δοκεῖ
981 3914 1078 3986 μὲν
1098 3908 1237 3967 εἶναι
1271 3912 1370 3983 μία
1402 3910 1495 3965 καί¹
1521 3911 1555 3981 ή
1589 3909 1726 3981 αὐτὴ
1755 3909 1906 3980 παρά

227 4002 339 4063 τοῖς
372 3999 790 4068 εύαγγελισταῖς
810 3999 1035 4061 ἅπασιν,
1064 3998 1165 4051 οὐκ
1198 3996 1313 4050 ἐστι
1335 3996 1420 4050 δέ⁶
1452 3994 1587 4049 ἀλλά
1620 3994 1772 4065 παρά
1808 3995 1906 4063 μὲν

227 4086 337 4148 τοῖς
376 4084 523 4154 τρισὶ
550 4082 646 4154 μία
672 4100 755 4147 τις
776 4078 915 4136 εἷναί
942 4099 1032 4152 μοι
1067 4080 1329 4134 δοκεῖκαὶ
1367 4080 1401 4148 ἡ
1436 4078 1573 4149 αὐτή
1596 4093 1612 4109 ο
1665 4076 1815 4146 παρὰ
1851 4076 1905 4128 δὲ

224 4165 305 4237 τῷ
349 4166 568 4237 Ἰωάννῃ
628 4165 844 4219 ούκέτι·
902 4163 1017 4218 ἀλλ’
1057 4164 1221 4235 ἐτέρα
1265 4179 1350 4226 τις
1402 4159 1711 4232 θαυμαστὴ,
1741 4161 1775 4229 ὴ
1808 4158 1903 4211 τοῦ

226 4248 478 4317 Λαζάρου
513 4248 738 4319 ἀδελφή.
792 4247 907 4319 Οὐχ
940 4247 1124 4311 ἁπλῶς
1160 4246 1217 4300 δὲ
1258 4246 1357 4316 τῆς
1393 4244 1598 4314 λέπρας
1634 4244 1905 4313 μέμνηται

223 4331 318 4385 τοῦ
362 4333 606 4402 Σίμωνος
636 4333 666 4385 ό
698 4331 1107 4401 εύαγγελιστὴς,
1144 4329 1257 4384 ἀλλ’
1288 4329 1376 4382 ἵνα
1411 4327 1559 4400 δείξῃ
1584 4326 1751 4379 πόθεν
1780 4324 1906 4396 θαρο

228 4417 399 4488 ροῦσα
426 4416 728 4486 προσῆλθεν
761 4418 794 4487 ή
826 4418 983 4488 γυνή.
1027 4413 1242 4486 Ἐπειδὴ
1270 4414 1379 4485 γάρ
1411 4414 1445 4484 ἡ
1474 4411 1651 4482 λέπρα
1700 4409 1904 4478 σφόδρα

226 4497 400 4551 ἐδόκει
420 4498 726 4570 ἀκάθαρτον
750 4494 889 4553 εἶναι
932 4497 1101 4563 πάθος
1128 4498 1220 4552 καὶ
1263 4493 1565 4567 βδελυκτὸν,
1597 4488 1703 4546 εἶδε
1732 4492 1786 4546 δὲ
1812 4492 1902 4544 τὸν

237 4580 442 4651 Ἰησοῦν
471 4583 564 4634 καὶ
598 4582 644 4614 ³⁸
695 4582 1103 4654 θεραπεύσαντα
1130 4581 1221 4634 τὸν
1251 4579 1533 4650 ἄνθρωπον
1590 4576 1671 4647 (οὐ
1702 4575 1809 4644 γὰρ
1837 4575 1904 4627 ἂν

225 4662 399 4717 εἵλετο
426 4666 470 4696 ²¹
508 4667 685 4736 μεῖναι
731 4666 884 4737 παρά
908 4665 985 4736 τῷ
1012 4663 1239 4735 λεπρῷ),
1273 4662 1366 4716 καὶ
1394 4658 1734 4731 καταχθέντα
1770 4656 1900 4725 παρ’

225 4742 373 4815 αύτῷ
401 4744 468 4807 ’³,
498 4744 799 4817 ἐθάρσησεν
850 4747 931 4800 ὅτι
962 4746 1058 4799 καὶ
1101 4745 1200 4815 τὴν
1225 4745 1324 4813 τῆς
1354 4742 1531 4813 ψυχῆς
1565 4741 1737 4810 αὐτῆς
1764 4739 1902 4790 ἀκα-

225 4826 454 4899 θαρσίαν
485 4829 792 4901 ἀποσμήξει
828 4831 1043 4903 ῥᾳδίως.
1068 4829 1179 4899 Οὐχ
1200 4826 1386 4891 ἁπλῶς
1412 4826 1469 4880 δέ
1496 4825 1591 4879 καὶ
1622 4824 1724 4896 τὴν
1748 4822 1902 4903 πόλιν

2006 3580 2098 3634 λον
2120 3579 2325 3652 ταύτην
2366 3579 2545 3634 ὀκνεῖν
2578 3583 2672 3636 καὶ
2706 3581 3029 3636 ἀναδύεσθαι
3068 3583 3213 3647 είκδς
3247 3577 3335 3654 ἦν.
3370 3581 3457 3637 διά
3502 3581 3564 3636 τὸ
3590 3599 3686 3638 πο-

2006 3663 2171 3734 νηρὸν
2226 3664 2487 3727 συνειδός.
2519 3664 2611 3717 Διὸ
2661 3664 2755 3717 καὶ
2815 3664 2956 3736 μετά
2990 3665 3195 3729 πολλάς
3224 3663 3375 3738 [766]
3402 3666 3684 3734 γυναῖκας,

2006 3746 2106 3816 τὴν
2143 3745 2497 3817 Σαμαρεῖτιν,
2523 3747 2620 3817 τὴν
2644 3747 2981 3808 Χαναναίαν,
3014 3748 3113 3817 τὴν
3136 3747 3562 3818 αἱμορροοῦσαν,
3591 3750 3687 3802 καὶ

2008 3829 2203 3900 ἐτέρας
2237 3828 2454 3892 πλείους
2482 3830 2866 3901 προσέρχεται,
2902 3831 2989 3885 διὰ
3012 3831 3074 3883 τὸ
3097 3830 3299 3902 πολλὴν
3324 3832 3488 3902 ἑαυτῇ
3514 3848 3690 3886 συνει-

2006 3911 2155 3964 δέναι
2183 3912 2470 3980 ἀσέλγειαν
2494 3914 2561 3944 ’δ’
2596 3914 2692 3967 καὶ
2718 3914 2841 3967 οὐδὲ
2867 3914 3125 3986 δημοσίᾳ,
3156 3914 3270 3967 ἀλλ’
3293 3915 3352 3967 ἐν
3377 3916 3546 3985 οἰκίᾳ.
3576 3916 3687 3969 Καὶ

2007 3995 2225 4048 πάντων
2256 3996 2364 4048 τῶν
2396 3996 2568 4051 ἄλλων
2591 3997 2730 4069 ὑπὲρ
2756 3997 3054 4069 θεραπείας
3090 3997 3546 4069 προσερχομένων
3578 4015 3689 4051 σω-

2009 4078 2245 4149 ματικῆς
2284 4078 2443 4146 μόνον
2492 4080 2563 4144 “,
2602 4080 2740 4150 αῦτη
2774 4080 2943 4150 τιμῆς
2990 4081 3175 4134 ἕνεκεν
3222 4082 3455 4152 προσῄει
3494 4082 3685 4152 μόνης,

2006 4162 2100 4216 καὶ
2124 4161 2224 4231 τῆς
2252 4161 2390 4214 κατά
2416 4160 2595 4233 ψυχὴν
2624 4162 2982 4233 διορθώσεως.
3014 4163 3148 4217 Ούδέ
3170 4162 3278 4234 γάρ
3304 4179 3357 4216 τι
3382 4162 3477 4216 τοῦ
3508 4162 3691 4235 σώμα-

2003 4260 2095 4306 τος
2147 4242 2427 4313 ἀνάπηρος
2459 4240 2558 4315 ἦν·
2601 4243 2741 4297 ὥστε
2768 4246 2864 4299 καὶ
2917 4245 3006 4298 διά
3044 4244 3202 4298 τοῦτο
3245 4244 3481 4315 μάλιστα
3509 4246 3574 4299 ἀν
3602 4262 3689 4310 τις

2005 4327 2175 4400 αὐτὴν
2208 4327 2527 4397 θαυμάσειε.
2560 4328 2672 4381 Καὶ
2703 4329 2822 4382 οὐδὲ
2849 4328 2925 4392 ὡς
2949 4328 3219 4400 ἀνθρώπῳ
3247 4328 3476 4400 προσῄει
3514 4330 3557 4361 ³⁷
3596 4329 3688 4399 ψι-

2003 4411 2114 4482 λῷ⁸
2165 4412 2227 4463 οὐ
2260 4412 2371 4481 γάρ
2403 4411 2469 4465 ἂν
2503 4414 2622 4475 ταῖς
2656 4412 2799 4481 θριξὶ
2823 4412 3163 4484 κατέμειξεν·
3215 4410 3329 4465 ἀλλ’
3362 4411 3435 4475 ὡς
3479 4411 3687 4481 μείζονι

2006 4492 2040 4562 ἢ
2071 4492 2214 4547 κατᾶ
2239 4492 2543 4564 ἄνθρωπον.
2598 4495 2698 4549 Διά
2745 4494 2902 4548 τοῦτο
2944 4495 2973 4548 ὃ
3006 4493 3209 4558 παντὸς
3233 4493 3327 4548 τοῦ
3360 4494 3611 4564 σώματος
3639 4496 3687 4528 ⁸⁸

2003 4575 2330 4648 τιμιώτερον
2378 4573 2446 4649 ἦν
2498 4578 2681 4648 μέλος,
2729 4577 2888 4632 τοῦτο
2943 4579 3080 4649 πρὸς
3129 4579 3255 4641 τοὺς
3290 4577 3456 4639 πόδας
3486 4576 3686 4647 ἤνεγκε

2005 4656 2100 4711 τοῦ
2138 4658 2398 4730 Χριστοῦ,
2434 4660 2534 4731 τὴν
2555 4660 2796 4732 κεφαλὴν
2825 4661 2922 4730 τὴν
2954 4660 3172 4729 ἑαυτῆς.
3226 4659 3486 4725 Ἰδόντες
3521 4656 3590 4711 δὲ
3629 4659 3685 4711 οι

2001 4742 2260 4810 μαθηταί
2291 4742 2500 4809 αὐτοῦ,
2530 4742 2983 4812 ἠγανάκτησαν,
3014 4743 3171 4813 φησὶ,
3217 4742 3499 4811 ,λέγοντες
3524 4757 3540 4772 ·
3578 4743 3686 4805 Είς

2004 4823 2064 4876 τί
2114 4823 2153 4890 ἡ
2184 4823 2451 4878 ἀπώλεια
2483 4827 2527 4858 ⁸³
2575 4825 2764 4891 αὖτη;
2816 4824 3108 4880 Ἦδύνατο
3128 4824 3241 4893 τὰρ
3259 4823 3436 4877 τοῦτο
3470 4822 3539 4877 τὸ
3565 4824 3680 4892 μύ-

224 4911 381 4980 φησὶο
411 4910 510 4981 τὴν
556 4901 849 4983 Βηθανιαν.
875 4901 1006 4964 ἀλλ’
1033 4911 1121 4964 ἵνα
1167 4908 1366 4980 μάθῃς,
1413 4907 1495 4960 δτι
1526 4905 1667 4960 ἑκὼν
1703 4904 1797 4956 ἐπὶ
1846 4901 1907 4955 τδ
1997 4924 2115 4975 ρον
2150 4908 2453 4976 πραθῆναι
2497 4910 2757 4976 πολλοῦ,
2803 4910 2901 4964 καί
2942 4908 3195 4978 δοθῆναι
3245 4908 3370 4975 τοῖς
3402 4907 3680 4976 πτωχοῖς.

224 4992 395 5056 πάθος
421 4994 659 5066 ἔρχεται.
690 4996 753 5048 'U
784 4995 892 5067 γὰρ
918 4994 1023 5066 πρὸ
1053 4992 1240 5047 τούτου
1268 4989 1656 5063 διαδιδράσκων
1686 4986 1902 5048 αὐτοὺς,

222 5079 313 5133 ὅτε
348 5080 582 5150 μάλιστα
636 5081 845 5153 ἐξήφθη
901 5082 1144 5151 αὑτῶνή
1185 5079 1471 5150 βασκανία,
1520 5076 1643 5131 τότε
1677 5072 1904 5143 πλησίον

224 5161 443 5233 ἔρχεται
475 5164 551 5229 ὡς
579 5166 688 5219 ἀπὸ
727 5166 953 5219 σταδίων
1001 5163 1334 5219 δεκαπέντε·
1374 5161 1547 5223 οὕτως
1592 5156 1901 5227 οἰκονομίας

222 5240 292 5317 ἧν
316 5247 410 5301 καὶ
444 5247 505 5301 τὸ
533 5248 796 5320 πρότερον
819 5251 1144 5321 ἀναχωρεῖν.
1186 5246 1394 5300 ⁹ἰδοῦσα
1447 5243 1629 5297 τοίνυν
1656 5242 1818 5294 αὑτὸν
1860 5240 1895 5309 ή

223 5328 380 5400 γυνὴ,
430 5330 525 5383 καὶ
568 5330 631 5383 τὸ
687 5330 910 5405 θαρρεῖν
951 5330 1190 5385 λαϐοῦσα
1238 5328 1506 5393 ἐντεῦθεν,
1539 5324 1787 5397 προσῄει.
1834 5322 1897 5374 Εἰ

224 5411 331 5483 γὰρ
378 5415 413 5484 ἢ
454 5413 503 5454 ⁸³
557 5415 983 5486 αἱμορροοῦσα..
1009 5415 1187 5470 καίτοι
1225 5413 1376 5467 οὐδὲν
1405 5412 1571 5481 ἑαυτῇ
1622 5405 1897 5461 συνειδυῖα

223 5496 484 5563 τοιοῦτον,
533 5499 622 5554 διά
665 5500 763 5571 τὴν
789 5498 898 5557 ἀπὸ
925 5499 1023 5570 τῆς
1055 5498 1268 5567 φύσεως
1289 5495 1548 5551 δοκοῦσαν
1580 5488 1720 5547 εἶναι
1760 5489 1899 5542 ἀκα-

224 5579 475 5654 θαρσίαν,
502 5583 780 5656 τρέμουσα
803 5584 899 5638 καὶ
926 5583 1195 5639 δεδοικυῖα
1216 5579 1493 5653 προσῆλθε
1512 5598 1524 5611 ·
1555 5574 1735 5646 πολλῷ
1764 5572 1898 5646 μᾶλ-

2000 4990 2201 5058 Γνοὺς
2236 4991 2306 5045 δὲ
2348 4996 2382 5047 ό
2424 4995 2661 5062 Ἰησοῦς
2703 4990 2837 5048 εἷπε
2859 5009 2876 5026 ·
2915 4994 2976 5047 Τί
3020 4996 3248 5058 κόπους
3289 4992 3580 5061 παρέχετε
3608 4988 3684 5060 τῇ

2002 5076 2280 5144 γυναικί;
2326 5076 2504 5146 ἔργον
2539 5079 2653 5146 γὰρ
2682 5078 2875 5133 καλὸν
2919 5077 3239 5147 εἰργάσατο
3265 5078 3355 5142 είς
3381 5074 3503 5145 ἐμέ.
3538 5073 3684 5139 Τοὺς

2000 5157 2278 5227 πτωχοὺς
2304 5160 2413 5229 γὰρ
2438 5159 2695 5215 πάντοτε
2723 5162 2893 5231 ἔχετε
2935 5160 3064 5230 μεθ’
3088 5159 3336 5223 ἑαυτῶν,
3367 5158 3475 5228 ἐμὲ
3513 5157 3582 5210 δὲ
3609 5158 3682 5211 οὐ

2000 5240 2259 5296 πάντοτε
2286 5242 2477 5311 ἔχετε.
2529 5244 2818 5299 Βαλοῦσα
2852 5244 2965 5315 γὰρ
3003 5242 3154 5308 αὕτη
3185 5241 3249 5296 τὸ
3280 5242 3477 5313 μύρον
3504 5239 3684 5294 τοῦτο

1999 5325 2097 5379 ἐπὶ
2118 5326 2233 5380 τοῦ
2252 5326 2527 5396 σώματός
2545 5346 2689 5398 μου,
2716 5328 2867 5396 πρὸς
2895 5327 2965 5381 τὸ
2992 5325 3348 5396 ἐνταφιάσαι
3368 5340 3445 5395 με
3470 5323 3681 5392 ἐποίη-

1999 5422 2131 5463 σεν.
2175 5409 2362 5481 Ἀμὴν
2395 5411 2551 5481 λέγω
2581 5410 2743 5481 ὑμῖν,
2779 5412 2934 5466 ὅπου
2960 5410 3070 5466 ἐὰν
3098 5406 3372 5479 κηρυχθῇ
3400 5406 3467 5461 τὸ
3510 5407 3684 5474 εὐαγ-

1998 5491 2205 5561 γέλιον
2238 5494 2414 5549 τοῦτο
2438 5496 2508 5549 ὲν
2540 5495 2662 5560 ὅλῳ
2688 5492 2769 5561 τῷ
2792 5495 3023 5564 κόσμῳ,
3063 5492 3479 5561 λαληθήσεται
3508 5488 3605 5542 καί
3647 5486 3681 5542 δ

1996 5571 2287 5643 ἐποίησεν
2328 5575 2480 5644 αὕτη
2514 5577 2604 5642 είς
2648 5576 3050 5646 μνημόσυνον
3099 5570 3310 5641 αὐτῆς.
3352 5570 3464 5625 Καὶ
3520 5567 3683 5622 πόθεν

295 5754 342 5831 '3
369 5754 488 5831 ξτεὶί
510 5756 816 5831 εἰσελθόντα
836 5756 1009 5831 κριίιι-
1031 5758 1128 5831 καὶ
1157 5754 1389 5831 deean
1426 5751 1560 5831 Eid-
1637 5748 2146 5831 ’ἱεῖλετΒῚΞΥένεΞο
2174 5747 2237 5831 ι·
2273 5744 2345 5801 Μ·
2394 5748 2470 5831 .‘2
2492 5748 2809 5831 ἐνθρωτξενι
2840 5744 3300 5831 καίητῆςλέετρας
3331 5741 3684 5831 “Mirr?

221 5841 294 5881 τα
317 5814 561 5894 (οῦδὲ’γά
716 5829 819 5881 λεπ
859 5828 903 5898 ᾧ
958 5829 1054 5882 καὶ
1102 5826 1443 5897 καταχθέντα
1469 5824 1527 5877 δὲ
1560 5824 1690 5894 παρ’
1734 5814 1903 5891 αὐτῷ’

225 5896 391 5969 ῃιεγί.
447 5898 512 5969 -ῗδ
541 5844 598 5969 ήῆ
616 5898 715 5969 καῖ
737 5901 770 5969 ή
1014 5899 1059 5930 ’⁸
1094 5893 1402 5969 ἀσέλγειαν]
1436 5892 1527 5948 Sic
1554 5892 1783 5969 Ερ.-τὴν
1815 5894 1903 5946 ἀσέ

2008 5821 2048 5874 1.
2071 5818 2308 5874 Tenum
2345 5818 2411 5872 ad
2437 5814 2612 5873 ﬁdem.
2629 5820 2903 5885 codicum,
2936 5814 3045 5886 Ep'.
3067 5826 3121 5871 et
3150 5814 3469 5885 ldterpretis
3502 5814 3683 5868 refor-

2008 5907 2105 5969 ειαν
2130 5888 2193 5942 Κ.
2227 5889 2730 5969 την-ἀσθένελιανιϐ.
2755 5886 3360 5969 τὴνηάκαθαρσίανηκαῖ
3386 5882 3683 5969 ἀσέλγειαν

616 5898 715 5969 καί
737 5901 770 5969 ή
802 5892 939 5969 ΕΜ.
1014 5899 1059 5930 ’⁸
1094 5892 1402 5969 ἀσέλγειαν]
1436 5892 1527 5948 Sic
1554 5892 1651 5964 Ep;

355 5896 367 5929 ἰ
467 5898 512 5929 ιι

225 5900 391 5982 ηιενὶ.
467 5900 512 5929 ³⁸
541 5900 597 5969 ή]
616 5900 710 5952 καὶ
737 5901 770 5969 ή
802 5900 939 5953 Edd.
1014 5900 1059 5930 "
1094 5900 1402 5978 ἀσέλγειαν]
1436 5900 1527 5948 Sic
1554 5900 1651 5964 Ep.
1685 5900 1783 6016 τἮ
1815 5900 1842 5946 ά

226 5966 364 6021 de.
440 5967 488 5998 ¹⁶
515 5970 651 6039 μόνη
675 5967 736 6039 ίί,
774 5968 841 6022 Μ.
869 5968 1029 6039 μόνον
1045 5983 1170 6023 cum
1192 5982 1353 6039 seqq,
1378 5974 1616 6039 Jupgun}
1642 5962 1726 6039 G_._
1785 5979 1842 6039 ρ.

226 5966 364 6021 Edd.
440 5967 488 5998 ¹⁶

226 6031 659 6109 repugnaniibué
682 6038 779 6112 Ep.
809 6031 908 6095 (ἓὸ.
936 6048 992 6096 ει
1018 6038 1178 6096 codd.
1255 6031 1597 6106 ’δ’ἁπώλέια]
1624 6034 1750 6091 add.
1781 6031 2002 6103 ἐγένετο

1916 5963 1961 5993 ⁸⁷
1997 5960 2246 6013 πρόσεισι

1755 5909 1783 5945 ν
1815 5882 2105 5959 ἀσέλγειαν
2130 5888 2193 5942 Κ.
2227 5889 2325 6013 ﬁt?
2351 5889 2730 5975 ἀσθένειανβ.
2755 5890 2854 5960 τὴν
2878 5882 3360 5969 ἀκαθαρσίανμῶ
3386 5882 3683 5968 ἀσέλγειαν

1755 5962 1842 6016 En.
1916 5963 1961 5993 "
1997 5960 2246 6016 πρόσεισι
2319 5960 2410 6016 dd.
2511 5961 2557 5994 ³⁸
2592 5958 2869 6016 σώματος]
2912 5958 3039 6015 add.
3069 5958 3164 6012 καὶ
3192 5974 3299 6011 των
3325 5955 3511 6016 μελων
3540 5953 3679 6009 Edd.

2131 5953 2410 6085 inahEdd.
2511 5961 2557 5994 ³⁸
2592 5953 2869 6033 σώματος]
2912 5958 3039 6015 add.
3069 5953 3164 6012 καὶ
3192 5955 3299 6011 τῶν
3324 5954 3511 6029 μελῶν
3540 5953 3679 6009 Edd.
