4130 6374
445 421 551 480 ’125

442 538 625 601 αὐτοῖς
664 534 803 602 αὕτη
831 534 866 605 ή
908 531 952 565 ³⁸
989 530 1225 603 διάνοια;
1272 531 1508 583 Ἤκουον
1552 528 1647 582 τοῦ
1684 527 2005 582 διδασκάλου
2039 526 2124 580 λέ-

443 635 654 688 γοντος,
693 618 905 670 Ἕλεον
935 614 1109 677 θέλω,
1153 611 1252 665 καί
1286 613 1357 665 οὐ
1403 610 1643 674 θυσίαν,
1691 609 1786 663 καὶ
1825 610 1940 671 τοῖς
1987 608 2121 660 ἰου-

442 699 615 760 δαίοις
634 694 1012 764 ἐγκαλοῦντος,
1034 692 1115 744 ὃτι
1136 693 1203 743 τά
1238 689 1513 761 βαρύτερα
1537 690 1789 757 ἠφίεσαν,
1806 689 1906 758 τὴν
1938 688 2122 759 κρίσιν

443 779 541 831 καὶ
569 777 661 830 16v
684 774 829 828 ἔλεον
857 774 952 826 καὶ
984 772 1084 841 τήν
1108 770 1314 834 πίστιν,
1340 771 1432 823 καὶ
1456 768 1629 822 110116
1653 771 1711 821 ἐν
1737 768 1814 840 τῷ
1846 768 1961 838 ὄρει
1994 768 2123 839 περὶ

443 856 815 927 ἐλεημοσύνης
847 852 1246 923 διαλεχθέντος
1304 851 1399 904 καὶ
1448 850 1553 903 ἀπὸ
1601 848 1805 903 τούτων
1848 846 2123 915 συνελογί-

442 937 600 1002 ζοντο
618 937 660 968 ³¹
682 935 818 1006 πρὸς
845 934 1069 995 ἑαυτοὺς
1100 932 1194 985 καὶ
1218 930 1482 991 ἐνενόουν,
1514 930 1594 983 611
1628 929 1675 981 εἰ
1695 927 2123 1006 ὁλοκαυτώματα

442 1018 506 1071 o6
542 1005 847 1088 προσίεται,
895 1011 1016 1065 ούδέ
1048 1009 1145 1082 τὴν
1180 1010 1417 1064 παλαιὰν
1454 1007 1731 1088 λατρείαν,
1983 1005 2123 1088 μᾶλ-

443 1097 535 1150 λον
564 1081 658 1150 τοῦ
687 1093 869 1146 ἐλαίου
917 1090 1015 1163 τὴν
1063 1081 1243 1161 χρίσιν
1291 1089 1359 1146 ³¹.
1405 1088 1542 1142 Ἀλλ’
1571 1081 1715 1140 οῦτοι
1743 1086 1842 1156 μὲν
1869 1086 1915 1117 ³³
1949 1085 2124 1148 οὕτως

442 1173 727 1244 ἐνόμιζον
776 1174 804 1226 6
849 1170 908 1224 δέ
938 1170 1035 1241 τὴν
1058 1170 1297 1223 διάνοιαν
1336 1167 1507 1236 αὐτῆς
1544 1165 1709 1237 ὀρῶν,
1743 1164 1956 1236 ἀφίησι.
2012 1165 2124 1244 Kal

443 1242 553 1324 769
582 1251 752 1323 πολλὴ
778 1252 811 1322 ἡ
837 1250 1092 1303 εὐλάϐεια
1133 1244 1222 1319 ἦν,
1275 1246 1370 1300 καὶ
1415 1247 1621 1324 ἄφατος
1648 1248 1681 1316 ή
1740 1244 1986 1324 σπουδήζ
2041 1242 2123 1324 διὸ

444 1321 541 1386 καί
581 1321 1291 1401 σφόδρασυγκαταϐαἰνων,
1333 1323 1680 1396 συνεχώρησε
1726 1324 1821 1376 καὶ
1855 1321 1999 1375 κατά
2024 1322 2123 1393 τῆς

445 1410 690 1480 κεφαλῆς
718 1406 884 1462 αὑτοῦ
916 1406 1145 1477 χυθῆναι
1183 1404 1229 1435 ³⁸
1250 1404 1310 1456 16
1350 1404 1548 1457 ἔλαιον.
1591 1404 1653 1456 Εἰ
1697 1402 1805 1474 γάρ
1838 1401 2123 1471 ἄνθρωπος

445 1489 721 1560 γενέσθαι,
752 1485 1291 1557 καὶκυοφορηθῆναι,
1319 1482 1418 1538 καὶ
1453 1482 2035 1554 γαλακτοτροφηθῆναι
2061 1482 2122 1534 ού

446 1570 822 1640 παρῃτήσατο,
871 1564 923 1617 τί
974 1563 1274 1634 θαυμάζεις
1324 1564 1374 1616 εἰ
1426 1562 1586 1615 τοῦτο
1622 1562 1683 1614 06
1740 1560 2093 1640 διακρούεται
2106 1575 2122 1625 ;

448 1639 661 1716 Ὠσπερ
678 1645 788 1716 769
811 1645 841 1696 6
859 1642 1049 1714 Πατήρ
1070 1641 1236 1695 αὑτοῦ
1260 1640 1453 1712 κνίσης
1476 1640 1744 1711 ἠνέσχετο
1769 1641 1865 1694 καὶ
1890 1639 2124 1704 καπνοῦ,

446 1725 591 1780 οὕτω
643 1724 740 1780 καὶ
774 1722 939 1786 6616;
994 1722 1093 1791 τῆς
1125 1720 1352 1791 πόρνης,
1398 1721 1536 1791 ὅπερ
1587 1720 1758 1791 ἔφθην
1794 1718 1987 1787 εἰπὼν,
2025 1718 2126 1790 τὴν

447 1805 619 1875 αὐτῆς
650 1804 889 1858 διάνοιαν
919 1801 1337 1871 ἀποδεχόμενος.
1367 1800 1477 1854 Καὶ
1504 1799 1613 1871 769
1640 1802 1669 1853 6
1696 1800 1741 1832 ³⁵
1777 1797 1972 1853 Ἰακὼό
1999 1798 2126 1868 στή-

447 1885 549 1957 λην
570 1883 757 1955 ήλειψε
777 1881 857 1954 τῷ
877 1880 1017 1952 Θεῷ,
1036 1883 1128 1934 καὶ
1157 1882 1215 1934 ἐν
1234 1882 1354 1943 ταῖς
1377 1879 1586 1944 θυσίαις
1605 1879 1781 1933 ἔλαιον
1798 1879 2125 1957 προσήγετο,

448 1955 547 2020 καὶ
574 1964 624 2017 οἰ
644 1963 806 2031 ἱερεῖς
839 1960 996 2033 μύρῳ
1018 1960 1283 2031 ἐχρίοντο.
1330 1957 1472 2011 Ἀλλ’
1504 1960 1554 2011 οἰ
1590 1958 1829 2030 μαθηταὶ
1855 1957 1954 2029 τὴν
1983 1955 2128 2033 γνώο

453 2062 565 2118 μην
590 2043 759 2115 αὐτῆς
776 2030 877 2096 οὐκ
902 2030 1138 2105 εἰδότες,
1166 2038 1421 2118 ἀκαίρως
1452 2039 1782 2118 ἐμέμφοντο,
1836 2038 1933 2118 καί
1955 2036 2022 2091 δι’
2051 2030 2128 2091 ὧν

450 2116 764 2185 ἐνεκάλουν,
791 2118 1098 2175 δεικνύουσι
1126 2117 1225 2189 τῆς
1255 2116 1512 2186 γυναικὸς
1552 2117 1651 2189 τήν
1681 2117 2011 2188 φιλοτιμίαν.
2039 2118 2130 2171 Εἰ-

451 2206 649 2266 πόντες
672 2200 803 2272 γάρ,
830 2200 915 2254 ότι
960 2197 1221 2252 Ἡδύνατο
1249 2197 1297 2229 ⁸⁸
1322 2197 1650 2268 τριακοσίων
1680 2196 1953 2268 δηναρίων
1987 2213 2130 2268 πραο

450 2285 634 2356 θῆναι,
662 2279 868 2346 ἐδειξαν
915 2279 1040 2332 ὅσον
1087 2276 1367 2356 ἀνάλωσεν
1393 2277 1473 2356 εἰς
1518 2275 1582 2329 16
1636 2275 1808 2348 μύρον
1837 2275 2000 2347 αὕτη,
2034 2275 2130 2356 καὶ

450 2354 587 2435 ὅσην
642 2359 955 2425 ἐπεδείξατο
1003 2357 1103 2429 τήν
1138 2355 1566 2427 μεγαλοψυχίαν.
1615 2355 1708 2435 Διὸ
1748 2357 1846 2409 καί⁵
1892 2354 2130 2424 ἐπετίμα

452 2433 659 2506 αὐτοῖς,
690 2438 865 2507 λέγων
882 2453 897 2469 ο
939 2436 1002 2491 Τί
1027 2436 1257 2502 κόπους
1292 2436 1584 2505 παρέχετε
1604 2433 1680 2505 τῇ
1706 2435 1950 2505 γυναικί
1964 2450 1984 2499 ;
2018 2435 2133 2489 Kal

453 2519 715 2592 λογισμὸν
744 2515 1093 2588 προστίθησι,
1129 2513 1450 2586 βουλόμενος
1481 2514 1679 2579 αὐτοὺς
1707 2514 1872 2569 πάλιν
1892 2513 2135 2585 ἀναμνῆ.

452 2618 547 2657 σαι
576 2599 671 2655 τοῦ
692 2597 900 2658 πάθους
916 2612 933 2628 ο
966 2598 1070 2661 Εἰς
1094 2601 1203 2649 τόν
1220 2595 1635 2663 ἐνταφιασμόν
1648 2612 1771 2665 μου
1788 2595 1917 2667 769,
1944 2595 2130 2665 φησὶν,

454 2679 727 2746 ἐποίησε.
767 2674 879 2729 Kal
926 2674 1113 2744 ιτερον
1151 2672 1412 2744 λογισμόν
1433 2673 1477 2706 ³¹
1498 2689 1514 2705 ⁸
1541 2672 1691 2741 Τοὺς
1719 2673 1997 2743 πτωχοὺς
2023 2673 2135 2744 γὰρ

455 2756 716 2813 πάντοτε
739 2753 909 2824 ἔχετε
918 2750 1046 2821 μεθ’
1069 2749 1322 2816 ἑαυτῶν,
1346 2749 1452 2819 ἐμὲ
1468 2749 1538 2803 δὲ
1566 2753 1640 2805 οὐ
1663 2750 1924 2807 πάντοτε
1942 2752 2131 2820 ἔχετεο

459 2838 575 2900 καὶ.
619 2837 807 2889 Ὅπου
838 2832 949 2887 ἐὰν
976 2828 1253 2899 κηρυχθῇ
1284 2828 1437 2903 [767]
1469 2830 1535 2885 τὸ
1564 2831 1919 2901 εὐαγγέλιον
1939 2832 2006 2896 ⁸⁸,
2027 2836 2137 2886 λαι-

458 2914 791 2985 ληθήσεται
819 2910 920 2965 καί
945 2910 977 2964 ὃ
1001 2908 1293 2976 ἐποίησεν
1320 2908 1493 2977 αὕτη.
1516 2905 1672 2972 Εἶδες
1700 2910 1816 2975 πῶς
1848 2911 2010 2967 πάλιν
2038 2912 2137 2982 τὴν

461 2997 542 3059 εἰς
582 2994 651 3048 16
678 2991 805 3063 ἐθνη
830 2989 1006 3057 ἔξοδον
1037 2990 1441 3059 προαναφωνεῖ,
1471 2988 1565 3041 καὶ
1591 2989 1763 3060 ταύτῃ
1790 2989 2140 3061 παραμυθού-

462 3088 627 3147 μενος
652 3072 852 3132 αὐτοὺς
883 3069 1023 3139 ὑπὲρ
1039 3064 1133 3121 τοῦ
1165 3066 1420 3147 θανάτου,
1456 3068 1571 3147 εἴγε
1600 3068 1835 3140 τοσαύτη
1874 3070 2014 3140 μετὰ
2046 3069 2138 3123 16v

465 3146 698 3225 σταυρὸν
739 3152 773 3222 ή
831 3148 1061 3218 δύναμις
1096 3146 1387 3225 ἐκλάμψει,
1446 3146 1523 3225 ὡς
1579 3147 1857 3218 πανταχοῦ
1902 3148 2001 3218 τῆς
2036 3148 2139 3218 γῆς

462 3222 757 3304 ἐκχυθῆναι
790 3228 850 3281 16
875 3229 1169 3300 κήρυγμα;
1205 3225 1301 3289 Τίς
1326 3222 1420 3279 οῦν
1451 3224 1624 3289 οὕτως
1656 3226 1857 3292 ἄθλιος,
1884 3226 1959 3291 ὼς
2005 3227 2143 3304 πρὸς

463 3301 733 3381 τοσαύτην
764 3306 1084 3375 ἀντιῆλέψαι
1115 3306 1158 3337 ³⁹
1182 3304 1475 3375 ἀλήθειανς
1524 3305 1655 3357 ’ἰδοὺ
1684 3306 1795 3376 769
1827 3306 1964 3375 61159
1998 3301 2139 3367 εἰπε,

464 3392 658 3461 γέγονε
672 3385 697 3421 ’⁸
737 3388 831 3443 καὶ
857 3387 1102 3455 ὅπουπερ
1130 3384 1197 3438 ἂν
1225 3384 1469 3456 ἀπέλθῃς
1502 3384 1604 3454 τῆς
1648 3386 1993 3455 οἰκουμένης,
2023 3385 2142 3455 ὄψει

467 3472 563 3525 καὶ
591 3468 795 3540 ταύτην
818 3464 1354 3536 ἀνακηρυττομένην.
1380 3463 1571 3516 Καίτοι
1608 3464 1729 3517 ούδέ
1756 3464 1818 3517 16
1852 3464 2143 3536 πρόσωπον

466 3550 739 3621 ἐπίσημον
768 3542 859 3617 ἦν,
888 3544 1011 3597 0615
1040 3545 1321 3615 μάρτυρας
1351 3541 1473 3611 ἕχον
1502 3542 1749 3605 πολλοὺς,
1782 3542 1906 3595 0615
1935 3546 1992 3596 ἐν
2019 3543 2144 3595 θεά-

467 3647 583 3701 τρῳ
617 3628 679 3681 16
706 3627 753 3664 ιο
779 3622 1182 3701 γεγενημένον,
1236 3621 1350 3674 ἀλλ’
1377 3624 1434 3673 ἐν
1464 3622 1631 3692 οἰκίᾳ,
1687 3621 1781 3675 καὶ
1830 3624 1888 3675 ἐν
1921 3622 1965 3653 δι
1997 3622 2145 3692 οἰκίᾳ

467 3700 671 3779 λεπροῦ
703 3723 869 3770 τινος,
899 3704 1009 3757 τῶν
1042 3700 1301 3773 μαθητῶν
1328 3701 1504 3771 μόνων
1534 3701 1843 3771 παρόντων.

544 3778 610 3859 β’.
636 3786 731 3850 Τίς
754 3781 847 3838 οὖν
872 3782 1005 3837 αὐτὸ
1030 3781 1261 3851 ἐξήχησε
1285 3781 1378 3834 καὶ
1404 3780 1713 3851 διαδοθῆναι
1747 3779 2002 3851 ἐποίησεν
2023 3797 2038 3847 ;
2082 3778 2147 3834 Ἥ

470 3867 569 3922 τοῦ
597 3866 769 3920 ταῦτα
809 3864 1057 3932 λέγοντος
1089 3861 1339 3931 δύναμις.
1375 3862 1483 3915 Kal
1519 3861 1781 3931 βασιλέων
1807 3860 1905 3929 μὲν
1939 3860 2148 3932 μυρίων

473 3948 569 4002 καὶ
599 3943 918 4017 στρατηγῶν
939 3940 1423 4013 ἀνδραγαθήματα,
1461 3935 1536 3993 ὧν
1568 3943 1661 3992 καὶ
1686 3940 1754 3993 τά
1777 3941 2149 4011 ὑπομνήματα

479 4028 653 4098 μένει,
694 4023 1027 4091 σεσίγηνται·
1057 4022 1153 4073 καὶ
1177 4020 1361 4082 πόλεις
1392 4020 1797 4089 ἀναστήσαντες
1819 4060 1846 4098 ,ν
1880 4022 1974 4072 καὶ
1996 4021 2149 4091 τείχη

474 4097 883 4175 περιϐαλόντες,
920 4100 1013 4153 καὶ
1070 4099 1342 4170 πολέμους
1371 4100 1724 4170 νικήσαντες,
1770 4097 1864 4151 καὶ
1913 4098 2151 4170 τρόπαια

476 4186 800 4254 στήσαντες,
830 4180 926 4233 καὶ
957 4178 1085 4248 ἔθνη
1109 4178 1278 4231 πολλὰ
1299 4177 1716 4247 δουλωσάμενοι,
1733 4176 1851 4229 ούδέ
1873 4177 1931 4240 ἐξ
1960 4178 2149 4244 ἀκοῆς,

475 4258 592 4317 οἱδὶ
620 4261 679 4327 ἐξ
702 4257 967 4329 ὀνόματός
999 4258 1106 4309 εἰσι
1143 4256 1434 4328 γνώριμοι,
1487 4254 1662 4309 καίτοι
1706 4255 1799 4309 καὶ
1828 4254 2153 4325 ἀνδριάντας

476 4340 881 4409 ἀναστήσαντες
919 4335 1014 4389 καὶ
1048 4335 1245 4404 νόμους
1291 4335 1494 4397 θέντεςο
1554 4334 1634 4386 ὅτι
1673 4332 1728 4385 δὲ
1783 4333 1957 4402 πόρνη
2012 4334 2145 4406 γυνὴ

478 4419 657 4471 ἔλαιον
706 4416 930 4486 ἐξέχεεν·
954 4415 1013 4467 ἐν
1040 4414 1187 4486 οἰκίᾳ
1230 4413 1432 4485 λεπροῦ
1482 4429 1648 4475 τινος.
1700 4411 1835 4465 δέκα
1870 4411 1915 4443 ⁸³
1938 4412 2148 4483 ἀνδρῶν

478 4496 786 4568 παρόντων,
814 4493 973 4547 τοῦτο
1006 4494 1209 4557 πάντες
1242 4492 1425 4564 ᾄδουσι
1461 4492 1607 4545 κατὰ
1651 4490 1749 4562 τὴν
1801 4492 2148 4562 οἰκουμένην,

480 4578 577 4633 καὶ
596 4574 785 4647 χρόνος
811 4572 1059 4634 τοσοῦτος
1083 4572 1268 4642 διῆλθε
1296 4572 1363 4637 ⁸³,
1395 4572 1489 4625 καὶ
1514 4575 1546 4642 ἠ
1580 4573 1765 4642 μνήμη
1798 4571 1892 4624 τοῦ
1922 4570 2151 4642 γενομέ-

480 4673 573 4709 νου
621 4654 721 4706 ούκ
758 4651 1039 4724 ἐμαράνθη
1064 4667 1081 4684 ·
1143 4651 1281 4704 6116
1355 4652 1451 4704 καὶ
1502 4651 1743 4721 Πέρσαι,
1822 4651 1917 4704 καὶ
1979 4651 2149 4713 Ἰνδοὶ,

481 4736 578 4789 καὶ
636 4732 884 4796 Σκύθαι,
940 4732 1032 4784 καὶ
1099 4730 1351 4803 Θρᾷκες,
1428 4730 1522 4785 καὶ
1602 4731 1999 4799 Σαυρομάται,
2060 4732 2152 4785 καὶ

481 4814 543 4867 16
569 4812 810 4881 Μαύρων
834 4811 882 4842 ⁵⁵
912 4811 1091 4879 γένος,
1121 4810 1218 4863 καὶ
1240 4810 1293 4862 οἰ
1336 4809 1435 4873 16;
1483 4809 1848 4880 Βρεττανικὰς
1877 4808 1922 4839 ⁸⁸
1956 4812 2153 4876 νήσους

482 4891 760 4954 οἰκοῦντες
796 4889 858 4943 τὸ
885 4890 943 4943 ἐν
982 4886 1211 4959 Ἰουδαίᾳ
1227 4886 1515 4958 γενόμενον
1546 4886 1719 4957 λάθρα
1744 4888 1803 4939 ἐν
1826 4888 1975 4958 οἰκίᾳ
2006 4887 2158 4957 παρά

484 4971 736 5040 γυναικὸς
764 4968 1211 5039 πεπορνευμένης
1242 4966 1615 5038 περιφέρουσι.
1644 4966 1870 5037 Μεγάλη
1917 4970 1948 5037 ή
1972 4966 2159 5033 φιλαν-

486 5049 703 5120 θρωπία
714 5048 807 5102 τοῦ
826 5047 1118 5102 Δεσπότου.
1137 5047 1350 5117 Πόρνης
1367 5046 1638 5115 ἀνέχεται,
1660 5045 1868 5116 πόρνης
1892 5046 2056 5109 πόδας
2073 5063 2160 5114 φι-

488 5128 707 5200 λούσης,
746 5126 843 5180 καὶ
879 5125 1181 5197 βρεχούσης
1209 5124 1392 5194 ἐλαίῳ,
1421 5125 1515 5178 καὶ
1551 5124 2008 5195 καταμασσούσης
2038 5126 2159 5188 ταῖς

490 5208 654 5280 θριξὶ.
677 5206 773 5259 καὶ
805 5204 1105 5276 προσίεται,
1142 5203 1235 5257 καὶ
1263 5204 1489 5275 ἐπιτιμᾷ
1515 5205 1626 5267 τοῖς
1654 5202 1999 5271 ἐγκαλοῦσιν.
2024 5203 2158 5257 Ούδέ

594 5299 640 5331 ³⁸
662 5297 802 5368 αὕτη
832 5294 892 5368 ἡ]
921 5298 955 5365 ἡ
986 5294 1366 5368 1910161344-

594 5299 640 5331 ³⁹
662 5297 802 5368 αὓτη
832 5294 892 5419 Ἠ
921 5298 955 5365 ἡ
986 5296 1217 5435 τρξαύτεᾳ
1231 5294 1366 5395 ἰξὶιίό.
1426 5359 1455 5383 τ
1496 5296 1536 5326 ³¹
1572 5296 1673 5348 ἐλο-

492 5380 608 5426 ιυιῐι
635 5377 815 5423 tuetur
838 5434 851 5435 ί
891 5383 942 5435 p.
1094 5366 1191 5433 μὲν
1247 5365 1370 5419 add.
1396 5382 1489 5419 ουν
1511 5364 1575 5421 G.
1609 5366 1673 5419 Κ.

495 5453 536 5474 ’⁷
577 5453 999 5508 Αογισμονμιαυ.
1030 5453 1107 5558 πρ

495 5510 705 5565 ἀντιϐλ.
726 5507 826 5631 τηῖ
851 5507 937 5560 ἀλ.
966 5504 1033 5559 Μ.
1092 5506 1103 5521 ‘

495 5580 541 5613 “
566 5582 623 5633 ἐν
643 5595 753 5633 om.
834 5618 847 5633 .
888 5576 957 5629 Μ.
988 5590 1043 5633 D.
1074 5590 1107 5633 ι)

495 5580 541 5613 ⁶¹
566 5582 623 5633 ἐν
643 5595 753 5648 om.
783 5576 867 5648 Κ.
888 5576 957 5648 Μ.
988 5590 1043 5644 p.
1074 5590 1131 5648 p_.
1155 5576 1426 5648 -μόνονΜ,
1502 5576 2113 5648 δνδέκαΙ-δώδεκα-Εόό.

499 5649 567 5706 K.
599 5650 659 5702 16
684 5647 794 5701 τῶν
815 5645 1057 5717 Μαύρων
1092 5644 1228 5699 Edd.

497 5719 718 5773 ὁτουοῦν
748 5717 883 5771 Edd.
950 5714 1001 5787 ί⁸⁷
1036 5715 1387 5787 διαπορηθείη
1416 5714 1547 5787 (om.
1586 5717 1673 5786 ἂν)
1714 5716 1777 5787 L._
1808 5714 1948 5787 Infra
1978 5715 2136 5787 ἀπέλε

2238 5716 2374 5787 i_dem
2399 5714 2532 5787 cum
2564 5714 2690 5787 Sa}.
2722 5714 2915 5773 οεειειυῖ
2931 5714 3071 5774 6116).

502 5805 773 5852 σαντας...
794 5785 1169 5858 προσάγοντας
1198 5785 1264 5841 G.
1279 5786 1352 5858 7K.
1378 5785 1457 5840 Μ.

509 6038 661 6124 δόσει
689 6064 743 6119 ἰη

1251 413 1311 471 S.
1352 412 1638 469 JOANNIS
1673 410 2167 469 CHRYSOSTOMI
2205 408 2527 466 ARCHIEP.
2566 406 2880 466 CONSTAN
2898 406 3111 465 I'INOP.

1496 5296 1536 5326 ³¹
1572 5294 1875 5364 ἐλογίζοντο
1897 5296 1961 5351 G.
1999 5295 2060 5349 Κ.
2106 5294 2176 5349 Μ.
2222 5295 2395 5349 invito
2424 5294 2523 5365 Ep.
2599 5297 2643 5329 ³²

1511 5364 1556 5398 ﬂ
1610 5366 1648 5398 II
1780 5366 1825 5398 ει
1852 5366 2074 5398 “.413”.-.
2112 5363 2151 5398 ιι
2212 5364 2234 5398 1
2309 5365 2384 5398 Ιῗη
2482 5365 2527 5397 Il
2556 5365 2607 5398 ᾹῚ
2638 5386 2643 5397 ι

494 5380 608 5426 tum
635 5363 815 5423 tuemi-
844 5363 954 5435 Ep;
1019 5367 1063 5397 ³⁸
1094 5363 1217 5435 μὲν]
1247 5365 1370 5419 add.
1396 5363 1489 5419 οῦν
1511 5364 1575 5421 G.
1609 5363 1683 5419 Κ.
1780 5366 1825 5398 ³⁸
1852 5366 2079 5437 χεθῆναι
2112 5363 2175 5419 H.
2212 5364 2275 5420 L.
2309 5365 2404 5435 Ep.
2469 5363 2527 5397 “³⁸
2556 5365 2607 5438 6]
2638 5363 2733 5422 καί
2765 5363 2794 5420 6
2832 5370 2920 5422 Ed:

494 5441 539 5520 ξ’
575 5434 1295 5520 10110926111361]...119006751
1538 5434 1835 5520 “‘56677]
1865 5438 1987 5520 add;
2014 5435 2174 5520 τοῦτο
2417 5435 2920 5520 ”.6v111é&6_1‘Edlg.

1111 5507 1158 5567 ίς
1188 5504 1280 5560 οὖν
1327 5504 1475 5578 ἀῗξιος
1507 5507 1643 5578 πρὸς
1671 5504 1939 5578 τοσαύτην
1970 5504 2197 5578 [ταύτην
2225 5504 2315 5577 Κ.]
2341 5505 2545 5578 ἀντιϐλ.
2587 5507 2688 5578 τήν
2717 5507 2803 5562 61.
2846 5509 2911 5565 G.

1304 5594 1327 5629 ν
1357 5576 1426 5629 Μ.
1502 5576 1726 5648 δ’ήδέκα]
1749 5576 1951 5629 δώδεκα
1981 5576 2113 5630 Edd.
2143 5576 2258 5630 Vld.
2294 5576 2481 5630 adnot.

1304 5646 1349 5677 "
1376 5647 1416 5698 Β
1456 5646 1707 5708 ετανικὰς
1738 5645 1801 5700 Κ.
1828 5645 1900 5699 Μ.
1937 5645 2214 5700 Orchadas
2237 5645 2335 5700 Ge.
2433 5646 2479 5677 “

1304 5664 1547 5839 sin‘fom.
1586 5717 1673 5786 6v)
1714 5716 1775 5770 L.
1808 5714 1948 5769 Infra
1978 5715 2186 5787 ἀπέλθῃ
2235 5716 2374 5769 idem
2399 5731 2481 5769 cm

1304 5786 1352 5839 Κ.
1387 5816 1402 5839 ι
1444 5827 1457 5839 .
1559 5788 1605 5819 δ’
1632 5785 1779 5839 mall
1814 5786 1942 5839 περί
1972 5803 2031 5839 τε
2064 5784 2200 5839 Mor.
2232 5784 2361 5839 Ben.
2392 5785 2425 5839 ἦ
2458 5805 2481 5836 τ

764 5994 1193 6067 προσαγαγοῦσα
1209 5995 1344 6067 Εᾴιί.
1366 6012 1429 6067 p.
1458 6011 1512 6067 p.
1544 5998 1680 6067 αὐτῇ
1706 6011 1817 6067 οιη.
1845 5994 1927 6067 G.
1953 5994 2110 6067 H._’K.
2133 5994 2204 6067 ΜΪ

822 6065 911 6120 dx].
958 6063 1030 6099 ⁷⁵⁷
1063 6063 1276 6136 ἐνταφ.]
1313 6063 1433 6122 ιιιιιί.
1460 6063 1579 6136 ’μου
1612 6063 1747 6122 Ειίιί.
1771 6065 2033 6133 ἀκούσας]
2064 6063 2250 6128 ἐπειδὴ
2273 6064 2503 6129 ἥκουσεν
2532 6064 2674 6121 ΗΜ.

3784 412 3895 470 τεο

2225 526 2335 598 γάρ
2395 526 2505 581 ἔδει
2563 525 2703 598 ὑπὲρ
2756 524 3051 594 τοσαύτης·
3076 522 3314 595 σπουδῆς
3358 522 3895 599 ἐξαπορηθῆναιτήν

2223 609 2472 675 γυναῖκα.
2503 607 2574 660 Σὺ
2608 606 2665 659 δέ
2699 622 2787 676 μοι
2830 605 3050 657 κάκεῖνο
3090 604 3315 668 σκόπει,
3357 605 3475 668 πῶς
3516 601 3655 677 ἦσαν
3708 606 3895 661 λοιπὸν

2224 686 2419 756 ὑψηλοὶ
2453 687 2546 739 καὶ
2564 685 2831 756 πρόθυμοι
2874 686 3008 755 πρὸς
3063 682 3453 755 ἐλεημοσύνην.
3493 686 3602 737 Kal
3636 687 3779 740 διατί
3813 689 3896 759 μὴ

2225 764 2410 829 ἁπλῶς
2438 760 2610 827 εἶπεν,
2634 766 2716 818 ὅτι
2740 765 2941 834 Ἔργον
2967 762 3129 817 καλὸν
3153 762 3425 833 ἐποίησεν·
3447 763 3582 817 ἀλλά
3605 766 3895 836 πρότερον,

2228 847 2290 901 Τί
2317 848 2547 912 κόπους
2572 844 2859 914 παρέχετε
2885 842 2962 913 τῇ
2997 844 3275 914 mam;
3330 844 3445 897 Ἵνα
3476 845 3685 915 μάθωσι
3728 848 3801 917 μὴ
3830 848 3898 901 ἐκ

2225 925 2527 996 προοιμίων
2557 924 2625 978 16
2658 925 2964 996 ὑψηλότερα
2987 926 3111 987 τοὺς
3144 923 3560 996 ἀσθενεστέρους
3619 927 3897 980 ἀπαιτεῖν.

2222 1005 2324 1059 Διά
2348 1004 2503 1057 τοῦτο
2534 1005 2654 1058 οὐδὲ
2699 1006 2831 1058 6616
2864 1004 2985 1058 καθ’
3014 1004 3177 1058 ἐαυτδ
3220 1004 3408 1067 ἀπλῶς
3443 1004 3507 1058 16
3534 1007 3766 1076 πρᾶγμα
3802 1006 3901 1071 ἐξ-

2224 1082 2428 1146 516651,
2450 1082 2584 1137 6116
2607 1085 2747 1153 μετά
2763 1084 2859 1137 τοῦ
2884 1084 3176 1154 προσώπου
3192 1087 3291 1155 τῆς
3318 1084 3595 1151 γυναικός.
3628 1086 3821 1138 Καίτοι
3847 1084 3902 1137 εἰ

2223 1162 2552 1235 ἐνομοθέτει,
2582 1165 2681 1216 οὑκ
2706 1162 2772 1217 ἂν
2806 1164 3113 1234 προσέθηκε
3142 1163 3241 1234 τὴν
3272 1167 3525 1230 γυναῖκαο
3554 1164 3669 1217 ἀλλ’
3693 1165 3780 1218 ἵνα
3800 1165 3903 1235 μάν

2225 1245 2345 1315 θῃς,
2377 1244 2461 1297 ὅτι
2498 1241 2565 1295 δι’
2594 1245 2766 1315 αὐτὴν
2790 1243 2966 1298 ταῦτα
3016 1244 3252 1315 εἴρηται,
3294 1244 3381 1298 ἴνα
3411 1242 3486 1314 μὴ
3531 1245 3630 1314 τὴν
3661 1244 3900 1316 βλαστή-

2225 1341 2397 1378 σασαν
2424 1322 2594 1392 αὐτῆς
2623 1323 2807 1377 πίστιν
2838 1323 3192 1393 πηρώσωσιν,
3242 1321 3357 1375 ἀλλ’
3388 1323 3695 1395 ἐκθρέψωσι
3760 1323 3902 1394 μᾶλ-

2222 1405 2334 1469 λον,
2365 1406 2451 1462 διὰ
2476 1404 2637 1463 τοῦτό
2659 1421 2824 1475 φησι,
2857 1401 3129 1459 παιδεύων
3177 1403 3324 1472 ἡμᾶς
3348 1404 3487 1473 ὅπερ
3513 1403 3579 1457 ἂν
3605 1404 3819 1472 γίνηται
3853 1404 3901 1437 ⁸⁸

2224 1487 2388 1541 καλὸν
2411 1490 2540 1560 παρ’
2565 1482 2806 1546 ὁτουοῦν,
2831 1483 2936 1538 κᾶν
2982 1481 3057 1554 μὴ
3081 1480 3289 1552 σφόδρα
3313 1482 3689 1553 ήκριὸωμένον
3720 1478 3775 1556 ᾗ,
3806 1483 3899 1535 δέ·

2224 1567 2415 1639 χεσθαι
2435 1559 2567 1621 αύτό
2606 1565 2700 1620 καὶ
2726 1563 2975 1627 θάλπειν,
3008 1559 3105 1615 καὶ
3151 1561 3247 1613 ἐπὶ
3291 1561 3353 1614 16
3388 1560 3570 1630 μεῖζον
3601 1564 3776 1630 άγειν,
3803 1563 3902 1615 καὶ

2228 1646 2304 1717 μὴ
2334 1647 2487 1716 παρά
2518 1646 2617 1717 τὴν
2635 1643 2809 1716 ἀρχὴν
2840 1644 3020 1697 πᾶσαν
3048 1639 3327 1711 ἐπιζητεῖν
3382 1640 3687 1712 ἀκρίϐειαν.
3736 1641 3901 1697 Ἐπεὶ

2224 1725 2308 1779 ὅτι
2343 1742 2408 1794 γε
2435 1726 2531 1781 καὶ
2554 1725 2716 1788 6616;
2734 1722 2893 1777 10610
2917 1720 3116 1791 μᾶλλον
3140 1720 3423 1791 ήόούλετο,
3445 1720 3603 1793 δῆλον
3631 1721 3691 1787 ἐξ
3706 1717 3781 1776 ὧν
3803 1722 3901 1776 καὶ

2227 1803 2611 1875 γλωσσόκομον
2661 1801 3027 1873 βαστάζεσθαι
3078 1798 3386 1865 ἐκέλευσεν,
3443 1802 3471 1854 6
3504 1800 3578 1871 μή
3624 1799 3762 1871 ἔχων
3792 1801 3898 1856 ποῦ

2226 1885 2325 1956 τὴν
2356 1882 2596 1955 κεφαλὴν
2628 1882 2826 1936 κλῖναι.
2864 1877 3025 1934 Ἀλλά
3042 1877 3161 1932 τότε
3183 1878 3283 1932 ούκ
3316 1878 3514 1950 ἀπῄτει
3544 1879 3705 1934 τοῦτο
3734 1884 3902 1936 όκαι-

2229 1964 2344 2035 96;,
2377 1963 2518 2018 ὥστε
2550 1961 2843 2035 διορθῶσαι
2875 1959 2935 2014 16
2954 1958 3338 2029 γεγενημένον,
3389 1958 3505 2013 ἀλλ’
3544 1958 3683 2014 ὥστε
3707 1962 3903 2016 ἀποδέ-

2229 2045 2422 2112 ξασθαι
2447 2044 2630 2116 μόνον,
2659 2044 2869 2113 ’Ὥσπερ
2894 2040 3001 2111 769
3020 2039 3073 2093 εῐ
3099 2056 3182 2102 τις
3212 2039 3376 2093 αὐτὸν
3406 2040 3567 2111 ήρετο
3606 2042 3775 2111 χωρὶς
3801 2042 3899 2096 τοῦ

2228 2124 2453 2196 ποιῆσαι
2496 2123 2656 2178 τοῦτο
2715 2121 2815 2194 τὴν
2842 2122 3095 2190 γυναῖκα,
3134 2118 3235 2172 οὐκ
3271 2117 3339 2173 6v
3365 2119 3523 2173 10610
3561 2120 3897 2190 ἀπεφήνατο⁸

2226 2205 2401 2269 οὕτως
2421 2204 2608 2275 ἐπειδὴ
2638 2200 2790 2275 [768]
2820 2202 3096 2273 ἐποίησεν,
3121 2202 3202 2265 εἰς
3223 2199 3281 2254 ἓν
3301 2202 3403 2273 ὁρᾷ
3430 2199 3635 2266 λοιπὸν,
3658 2200 3806 2266 ὅπως
3832 2203 3901 2257 ἂν

2232 2282 2309 2356 μή
2330 2284 2635 2355 διαπορηθῇ
2669 2283 2712 2315 ⁸⁷
2739 2284 2805 2336 ἐκ
2820 2282 2920 2353 τῆς
2946 2281 3057 2335 τῶν
3088 2280 3349 2354 μαθητῶν
3378 2284 3883 2355 ἐπιτιμήσεως,ἀλλ

2229 2365 2295 2417 ἐκ
2322 2362 2423 2433 τῆς
2444 2360 2609 2419 66106
2643 2361 2938 2433 θεραπείας
2962 2359 3302 2439 εύθυμοτέρα
3327 2364 3592 2434 γενομένη
3624 2365 3718 2419 καὶ
3745 2368 3905 2439 άμεε.

2230 2458 2337 2495 νων
2365 2440 2596 2512 ἀπέλθῃ.
2626 2440 2739 2494 Καὶ
2759 2439 2871 2512 769
2895 2438 3037 2511 μετά
3065 2438 3129 2493 16
3176 2440 3406 2511 χυθῆναι
3447 2441 3508 2495 16
3548 2441 3745 2509 ἔλαιον,
3780 2438 3902 2502 οὐδὲ

2232 2520 2423 2592 καιρὸν
2452 2518 2594 2591 εἶχεν
2623 2518 2803 2573 αὐτῶν
2835 2520 2869 2590 ή
2890 2518 3225 2590 ἐπιτίμησις.
3244 2519 3353 2572 Καὶ
3381 2522 3446 2574 σὺ
3473 2521 3655 2575 τοίνυν
3675 2523 3741 2578 ἀν
3799 2526 3909 2596 μέν

2232 2617 2354 2654 τινα
2371 2598 2487 2673 ῐδῃς
2512 2596 2682 2668 σκεύη
2699 2597 3186 2652 κατασκευάσαντα
3220 2598 3341 2669 ἰερά
3357 2599 3450 2652 καὶ
3474 2601 3816 2672 προσάγοντα
3832 2604 3904 2668 ⁸⁸,

2234 2679 2267 2750 ἢ
2293 2678 2451 2734 ἄλλον
2483 2678 2605 2732 τινά
2637 2677 2960 2748 Ἐκκλησίας
2992 2676 3197 2748 κόσμον
3219 2678 3347 2748 περὶ
3363 2679 3407 2713 ⁵⁸
3434 2678 3647 2748 τοίχους
3673 2684 3766 2735 καὶ
3786 2683 3908 2736 ἐδα-

2233 2775 2331 2829 φος
2356 2755 2770 2828 φιλοπονοῦντα,
2800 2756 2875 2828 μὴ
2899 2754 3087 2810 κέλευε
3110 2756 3406 2826 πραθῆναι,
3448 2755 3480 2828 ﬂ
3525 2758 3906 2832 ἀνατραπῆναι

2235 2840 2296 2892 16
2327 2837 2613 2908 γινόμενον
2634 2838 2702 2903 ³⁸,
2735 2836 2826 2890 ῐνα
2868 2834 2944 2906 μὴ
2972 2835 3238 2908 πηρώσῃς
3267 2835 3432 2890 66106
3451 2839 3548 2907 τὴν
3576 2840 3902 2909 προθυμίαν.

2238 2918 2339 2971 "Av
2361 2917 2418 2970 δέ
2452 2915 2581 2986 πρὶν
2604 2914 2637 2985 ἢ
2661 2917 3069 2969 κατασκευάσαι
3089 2915 3135 2947 ⁸¹
3167 2930 3251 2977 τις
3273 2913 3485 2986 ἔρηται.
3534 2917 3722 2971 κέλευε
3746 2920 3906 2989 δοθῆ-

2237 3015 2325 3051 ναι
2358 2998 2617 3064 πτωχοῖςσ
2659 2995 2782 3048 ἐπεὶ
2812 2994 2907 3047 καὶ
2932 2994 3096 3059 6616;
3121 3034 3136 3057 .
3189 2993 3329 3047 ὥστε
3385 2997 3458 3069 μὴ
3518 2998 3773 3068 πηρῶσαι
3807 2999 3909 3069 τὴν

2239 3072 2467 3145 γνώμην
2496 3074 2542 3105 ⁸⁸
2560 3073 2658 3144 τῆς
2684 3072 2961 3141 γυναικὸς,
2985 3071 3143 3127 τοῦτο
3163 3074 3408 3145 ἐποίησε,
3459 3077 3553 3130 καὶ
3589 3077 3689 3131 606
3719 3080 3909 3149 φησὶν,

2242 3158 2322 3216 εἰς
2358 3153 2711 3223 παραμυθίαν
2758 3152 2929 3222 αὐτῆς
2974 3150 3142 3221 λέγει.
3192 3149 3325 3208 Εἶτα
3361 3156 3547 3227 ἐπειδὴ
3605 3155 3777 3219 εἶπεν,
3805 3159 3911 3223 Εἰς

2240 3235 2347 3286 τὸν
2371 3233 2780 3301 ἐνταφιασμόν
2799 3249 2918 3299 μου
2948 3232 3258 3300 ἐποίησεν
3288 3235 3376 3289 ῐνα
3407 3236 3481 3306 μὴ
3518 3235 3643 3308 δόξῃ
3679 3239 3912 3309 ἀπορεῖν

2241 3311 2339 3381 τὴν
2368 3314 2619 3379 γυναῖκα,
2650 3309 2745 3363 τοῦ
2778 3310 2824 3342 ⁵³
2842 3310 3084 3364 τοιούτου
3114 3312 3438 3384 πράγματος
3457 3315 3795 3385 ἀναμνήσας,
3820 3316 3917 3369 τά-

2244 3408 2345 3459 φου
2369 3391 2462 3443 καὶ
2495 3390 2724 3444 θανάτου
2743 3388 2909 3457 λέγω,
2942 3389 3043 3461 696
3057 3391 3146 3443 616
3169 3392 3276 3443 τῶν
3301 3391 3428 3463 ἑξῆς
3458 3392 3574 3456 πῶς
3600 3393 3767 3463 αὐτὴν
3786 3395 3913 3448 ἀνα-

2244 3471 2439 3522 κτᾶται
2466 3468 2628 3522 πάλιν
2665 3467 2860 3535 λέγων’
2909 3467 3011 3522 Ἔν
3032 3467 3153 3533 ὅλῳ
3178 3469 3259 3534 τῷ
3274 3471 3478 3541 κόσμῳ
3500 3472 3915 3541 λαληθήσεται

2245 3547 2276 3600 ὃ
2299 3548 2587 3612 ἐποίησεν
2614 3546 2787 3615 αὕτη.
2813 3548 2984 3601 Τοῦτο
3006 3547 3064 3602 δέ
3085 3548 3183 3601 καὶ
3214 3548 3322 3602 τῶν
3373 3550 3625 3621 μαθητῶν
3659 3568 3917 3622 παραμυς

2246 3626 2355 3690 θὶα,
2391 3626 2652 3697 κάκείνης
2675 3625 3020 3696 παράκλησις
3049 3628 3144 3681 καὶ
3176 3627 3397 3693 ἔπαινος
3424 3625 3512 3701 ἦν.
3560 3630 3769 3694 Πάντες
3801 3632 3914 3701 γὰρ

2246 3705 2438 3777 αὐτὴν,
2465 3705 2653 3775 φησὶν,
2684 3704 2908 3775 ᾀσονται
2958 3705 3095 3776 μετά
3122 3706 3317 3760 ταῦτα’
3351 3708 3445 3762 καὶ
3478 3708 3572 3762 νῦν
3615 3709 3671 3761 δὲ
3722 3727 3917 3778 προαν-

2247 3784 2479 3855 εκήρυξε
2497 3782 2558 3836 16
2597 3784 2790 3848 πάθος,
2815 3785 2883 3838 τὰ
2931 3784 3070 3855 πρὸς
3098 3785 3319 3855 κηδείαν
3357 3786 3725 3856 προσάγουσα·
3751 3789 3797 3820 ⁵⁸
3837 3790 3914 3858 μὴ

2247 3864 2425 3915 τοίνυν
2446 3879 2528 3925 τις
2557 3862 2694 3933 αὐτῇ
2724 3862 3054 3932 ἐπιτιμάτω.
3103 3862 3246 3931 Ἐγὼ
3274 3863 3381 3934 769
3423 3865 3678 3919 τοσοῦτον
3723 3866 3914 3936 ἀπέχω

2247 3941 2341 3993 τοῦ
2375 3940 2729 3994 καταδικάσαι
2755 3940 2924 4011 αὐτὴν
2945 3940 3018 4004 ὡς
3035 3941 3219 4005 κακῶς
3240 3943 3285 3974 ⁸⁸
3309 3945 3736 4015 πεποιηκυῖαν,ἢ
3769 3945 3912 4015 μέμ-

2249 4019 2539 4089 ψασθαιώς
2568 4020 2667 4073 ούκ
2696 4020 2871 4091 ὀρθῶς
2899 4022 3301 4092 ἐργασαμένην,
3341 4023 3423 4075 δτι
3455 4024 3573 4077 οὐδὲ
3597 4026 3789 4095 ἀφήσω
3822 4026 3916 4077 λα-

2251 4099 2362 4151 θεῖν
2381 4099 2441 4151 16
2471 4098 2851 4169 γεγενημένον,
2893 4099 3006 4152 ἀλλ’
3031 4101 3059 4153 6
3093 4102 3295 4172 κόσμος
3326 4102 3531 4157 εἵσεται
3579 4106 3638 4156 τὸ
3666 4106 3725 4157 ἐν
3766 4106 3916 4176 οἰκίᾳ

2251 4177 2605 4252 εἰργασμένον
2656 4178 2750 4230 καί
2772 4178 2830 4230 ἐν
2851 4178 2899 4210 ⁸⁸
2925 4179 3168 4251 κρυπτῷ.
3232 4181 3341 4233 Kal
3386 4181 3493 4252 769
3546 4183 3652 4234 ἀπὸ
3678 4182 3917 4246 διανοίας

2252 4257 2511 4320 εύλα6οῦς
2534 4251 2602 4326 ἦν
2633 4256 2693 4309 16
2716 4257 3097 4328 γεγενημένον,
3135 4260 3228 4312 καὶ
3272 4251 3507 4325 πίστεως
3539 4260 3768 4331 θερμῆς,
3822 4263 3918 4316 καί

2255 4335 2720 4406 συντετριμμένης
2770 4334 2966 4405 ψυχῆς.
3001 4336 3110 4390 Kal
3160 4337 3303 4391 διατι
3346 4339 3511 4410 μηδὲν
3551 4342 3917 4410 πνευματικὸν

2256 4418 2520 4485 ὑπέσχετο
2555 4417 2621 4486 τῇ
2652 4416 2892 4483 γυναικὶ,
2930 4415 3066 4470 6116
3114 4418 3212 4489 τὴν
3247 4421 3327 4482 εἰς
3358 4419 3446 4472 65l
3489 4420 3735 4489 μνήμην;
3784 4421 3917 4473 Ἀπὸ

2253 4495 2458 4549 τούτων
2481 4495 2574 4547 καὶ
2596 4494 2722 4563 περὶ
2746 4494 2968 4548 ἐκείνων
2992 4494 3213 4567 θαρρεῖν
3236 4498 3686 4568 παρασκευάζων.
3722 4499 3782 4550 Εἰ
3806 4499 3915 4570 769

2254 4575 2413 4646 ἔργον
2436 4572 2598 4625 καλὸν
2618 4573 2890 4643 ἐποίησεν,
2923 4572 3142 4646 εὔδηλον
3157 4576 3239 4629 ὅτι
3257 4577 3351 4629 καὶ
3369 4574 3557 4646 μισθὸν
3585 4576 3732 4642 ἀξιον
3751 4576 3916 4647 λήψε-

2254 4671 2361 4707 ται.
2399 4655 2535 4707 Τότε
2564 4651 2872 4719 πορευθεὶς
2908 4647 2997 4720 εἷς
3041 4653 3160 4707 τῶν
3206 4653 3451 4719 δώδεκα,
3512 4657 3546 4708 ό
3593 4656 3916 4723 λεγόμενος

2267 4732 2488 4797 Ἰούδας
2518 4732 2908 4800 Ἰσκαριώτης,
2933 4733 3083 4801 πρὸς
3108 4733 3251 4800 τοὺς
3281 4733 3588 4803 ἀρχιερεῖς,
3644 4731 3792 4788 εἶπε*
3854 4738 3918 4791 Τί

2259 4811 2464 4866 θέλετέ
2485 4828 2580 4877 μοι
2614 4809 2846 4874 δοῦναι,
2872 4812 2969 4865 καί
3015 4811 3131 4881 ἐγὼ
3158 4812 3487 4883 παραδώσω
3520 4811 3661 4882 ὑμῖν
3681 4813 3864 4868 αὐτόν
3895 4832 3917 4880 ,-

2266 4891 2421 4954 Τότε,
2456 4889 2624 4954 πότε;
2660 4890 2789 4942 Ὅτε
2814 4890 2989 4944 ταῦτα
3033 4892 3266 4959 ἐλέγετο,
3320 4893 3407 4945 ὅτε
3446 4890 3632 4955 εἶπεν,
3660 4895 3764 4959 Εἰς
3810 4894 3918 4949 τὸν

2260 4967 2671 5037 ἐνταφιασμόν
2705 4967 2750 5000 ⁸⁷
2781 4984 2794 4997 '
2828 4969 2923 5022 καὶ
2958 4970 3076 5025 ούδέ
3115 4970 3367 5025 ἐντεῦθεν
3419 4970 3693 5041 κατενύγη
3714 5011 3729 5037 ,
3794 4970 3918 5026 οὔτε

2261 5045 2518 5110 ἀκούσας,
2575 5047 2657 5099 ὅτι
2703 5048 3101 5117 κηρυχθήσεται
3152 5048 3214 5103 16
3258 5048 3573 5119 εὐαγγέλιον
3618 5049 3916 5118 πανταχοῦ,

2261 5125 2452 5179 ἔδεισε
2478 5124 2593 5196 (καὶ
2625 5124 2735 5197 γάρ
2789 5125 3068 5197 δυνάμεως
3123 5130 3331 5199 ἀφάτω
3382 5129 3443 5182 16
3490 5129 3776 5201 εἰρημένον
3803 5125 3918 5201 ἦν’)

2262 5203 2377 5257 ἀλλ’
2416 5204 2504 5257 ὅτε
2559 5207 2816 5272 γυναῖκες
2869 5208 3138 5280 τοσαύτην
3191 5207 3529 5275 ἐπεδείξαντο
3571 5207 3765 5280 τιμήν,
3823 5210 3919 5263 καὶ

2680 5299 2874 5369 χρῆσιν
2915 5298 2981 5354 Κ.
3010 5298 3075 5356 L.
3119 5299 3189 5355 M.
3220 5309 3275 5354 et
3305 5299 3383 5355 sic

3413 5314 3495 5369 pr.
3524 5299 3589 5355 G.
3623 5298 3691 5369 Β.
3721 5299 3819 5353 Vul

2482 5365 2527 5438 ξ’
2556 5365 2607 5438 6]
2638 5365 2733 5438 καί
2832 5370 2966 5438 Edd.

3063 5370 3108 5449 1“
3132 5369 3385 5449 ήδύναεο]
3398 5368 3534 5449 ,3όεί
3544 5410 3585 5449 ._
3598 5368 3755 5449 τοῦτο
3763 5368 3918 5449 ⁸Ιεῖιίεἰ.

2979 5446 3034 5495 et
3059 5437 3188 5542 αξξ.
3221 5437 3496 5524 688.”[Τίς
3529 5440 3700 5521 οὕτως
3724 5440 3810 5493 άθ.
3843 5440 3917 5505 ὡς

2979 5548 3006 5564 ..
3188 5509 3249 5563 16
3274 5519 3492 5564 renum.
3543 5519 3727 5563 mvms
3756 5510 3917 5564 codd.

2590 5527 2688 5578 την
2717 5527 2803 5562 αΑ.
2846 5527 2911 5565 u.
2939 5527 3006 5565 ιι.
3112 5527 3158 5542 ’⁷
3188 5527 3249 5563 το
3274 5527 3492 5575 reunul,
3543 5527 3727 5563 Invuls
3756 5527 3917 5566 coaa.

2581 5577 2629 5611 ⁸³
2652 5578 2895 5650 παρῆλθε
2923 5579 2990 5635 G.
3016 5578 3080 5633 Η.
3109 5577 3182 5635 Μ.
3256 5578 3302 5611 ⁵⁸
3323 5581 3383 5633 16
3402 5580 3528 5633 Μαύ
3598 5596 3628 5632 ν
3662 5578 3801 5633 Μ.οι
3831 5595 3915 5648 pr.

2581 5662 2735 5703 νηται
2763 5646 2824 5701 L.
2853 5647 2950 5703 En.
2979 5664 3033 5703 ι).
3074 5664 3130 5703 ι).
3162 5650 3292 5703 παρ’
3314 5648 3515 5703 ότωοῦν
3646 5648 3796 5703 παοά
3823 5650 3917 5703 τοῦ

2433 5646 2479 5677 ⁸⁸
2512 5646 2743 5715 γένηται
2763 5646 2824 5701 L.
2853 5647 2950 5717 Ep.
2979 5664 3033 5719 p.
3114 5688 3130 5703 .
3162 5650 3292 5720 παρ’
3314 5648 3515 5721 ὁτῳοῦν
3536 5646 3608 5703 Κ.
3646 5648 3796 5719 παρά
3823 5646 3917 5703 τοῦ

2434 5731 2522 5769 um
2564 5715 2690 5771 Sav.
2722 5718 2903 5773 caeteri
2931 5664 3177 5773 ἀπέλθοι.
3251 5720 3298 5752 ⁵⁸
3327 5736 3549 5773 τινας...
3580 5720 3917 5773 κατασκευά-

3106 5737 3177 5776 οι.
3251 5735 3298 5752 ’⁹
3327 5736 3549 5785 τινας...
3580 5735 3921 5773 κατασκευα-

1073 5803 1101 5820 ρ
1256 5784 1265 5787 ⁷
1377 5784 1386 5787 ⁷
1559 5788 1605 5819 ιο
1656 5784 1661 5786 ⁷
2008 5803 2028 5824 ς

618 5784 1569 5911 ἷέῒςέῖειῗὲἒῖσιέἶ⁰ἶὲῗέῖιέῖιάἷῗξηΜεῑ..ιε.
1632 5784 2136 5911 ῖὲρὲίεπὲείιιῖῗγῗὲ

2238 5784 2361 5839 Ben.
2392 5785 2425 5854 ἢ
2458 5786 2585 5911 περὶ
2616 5784 2742 5841 Sav.
2783 5786 2885 5844 Sed
2908 5799 3032 5859 post
3063 5790 3162 5844 hos
3194 5784 3599 5858 φιλοπονοῦντα,
3639 5789 3781 5859 quod
3820 5787 3920 5844 de-

2245 5854 2401 5911 μένον
2430 5856 2503 5909 Ed
2549 5896 2562 5910 .
2638 5857 2683 5890 “
2715 5860 3112 5911 κατασκευάσει
3148 5859 3213 5911 G.
3236 5859 3303 5911 Η.
3332 5859 3402 5911 Μ.
3434 5859 3815 5911 κατασκευάσῃ
3849 5858 3917 5911 K.

502 5870 589 5940 εει
617 5860 670 5913 in
698 5854 1389 5940 goQiéibuerelipenﬁun-I
1420 5857 1569 5940 duty.
1638 5854 1821 5940 :°'Sic
1843 5854 2009 5940 gum:
2040 5871 2136 5929 γεγ

2245 5854 2413 5940 μένον.
2430 5854 2562 5911 Edd.

504 5925 733 6027 6917161]
753 5927 965 5997 εἴρηται
991 5925 1127 6006 Μος.
1150 5928 1265 5995 ἐρεῖ
1286 5925 1457 5980 ταῦτα
1485 5925 1612 5980 Sav.
1636 5925 1769 5981 Ben.
1841 5926 1888 5959 "
1905 5924 2229 6047 7v1691‘7v115i

512 5999 573 6050 Ι..
682 5997 705 6028 ⁸
764 6012 1187 6050 ποοσαγαγουσα
1209 5995 1344 6050 Edd.
1374 6012 1429 6050 υ.
1458 6011 1512 6050 D.
1544 5998 1679 6050 αὐτῆ
1706 6011 1817 6050 om.
1845 5994 1913 6050 G.
1953 5994 2017 6049 H.
2047 5994 2110 6047 K.
2190 6036 2204 6049 .

2638 5857 3112 5942 ".m1a0i59605_1
3148 5857 3215 5942 (ξ.
3236 5859 3309 5942 Ηι
3332 5857 3816 5942 Μ.“κατασκρυάῖῃ
3849 5858 3917 5914 K.

2235 5941 2263 5979 c
2288 5924 2347 5977 L.
2371 5924 2506 5979 Mor.
2531 5928 2707 5981 caeleri
2728 5928 3051 5998 προθυμίαν.
3083 5928 3376 6000 ἐπιθυμίαν
3404 5928 3538 5984 Ben.
3610 5930 3659 5961 ⁸³
3680 5928 3772 5983 106
3789 5924 3919 5985 'bm.

2230 5995 2397 6047 invito
2430 5994 2526 6063 Ep.
2626 5996 2671 6029 ³³
2699 5997 2907 6063 κακῶς]
2938 5997 3031 6057 Sic
3058 5999 3118 6056 L.
3156 5999 3254 6063 Ep.
3287 5999 3470 6057 caeteri
3504 6000 3691 6055 κακόν.
3784 5999 3830 6031 ⁸⁸
3855 6000 3918 6054 ἐν

2626 5996 2671 6073 τι
2699 5996 2915 6072 κακῶςῙ
2938 5997 3031 6057 Sic
3058 5999 3118 6056 Lo
3156 5996 3261 6073 Ep.
3287 5999 3470 6057 σκιετὶ
3504 6000 3691 6055 κακόν.
3784 5999 3830 6031 ⁸⁸
3855 6000 3918 6054 ἐν
