4130 6374
305 359 405 417 725

307 487 615 550 unguentum
644 479 697 531 in
720 493 899 546 corpus
940 492 1104 529 meum
1127 515 1140 538 ,
1171 476 1239 527 ad
1267 472 1603 544 sepeliendum
1639 485 1716 522 me
1741 466 1874 538 fecit.

308 571 395 622 15.
427 569 585 622 Amen
614 570 726 622 dico
746 569 901 632 vobis,
925 569 1220 636 ubicumque
1249 565 1574 635 pradicatum
1605 563 1756 633 fuerit
1786 563 1880 614 hoc

307 660 614 730 euangelium
635 661 688 712 in
708 661 935 712 universo
964 659 1170 724 mundo,
1199 667 1248 713 et
1271 656 1404 726 quod
1422 657 1531 710 Ita’c
1548 656 1666 720 fecit
1686 655 1882 707 dicetur

307 753 357 804 in
379 752 668 805 memoriam
693 753 818 816 eius.
849 751 910 805 Et
940 751 1084 805 unde
1109 750 1225 805 haec
1252 751 1354 803 illis
1383 747 1632 820 cogitatio
1658 745 1876 800 subcrta

306 842 425 896 est?
464 842 758 897 Audierant
798 842 1062 898 dicentem
1103 841 1443 910 Magistrum,
1477 834 1877 892 Misericordiam

306 933 438 999 volo,
455 942 504 986 et
530 949 629 988 non
656 935 958 1004 sacrificium
979 933 1131 1006 (Osee
1171 934 1225 989 6.
1257 933 1333 1005 6),
1361 931 1678 1000 Iudaeosque
1699 929 1877 985 incre-

308 1032 542 1094 pantem,
570 1025 694 1094 quia
725 1025 928 1093 majora
953 1023 1289 1094 negligebant
1307 1063 1321 1086 ,
1346 1022 1602 1092 judicium
1624 1061 1639 1085 ,
1669 1019 1880 1075 miseri-

306 1114 543 1168 cordiam
568 1123 623 1168 et
648 1114 803 1169 fidem
826 1155 841 1180 ,
882 1125 936 1170 et
965 1115 1128 1168 multa
1158 1114 1211 1168 in
1241 1124 1419 1167 monte
1448 1113 1516 1167 de
1539 1113 1876 1181 eleemosyna

308 1205 611 1274 loquentem
638 1223 651 1257 :
675 1205 903 1278 hincque
926 1206 1065 1276 apud
1102 1220 1161 1261 se
1201 1205 1520 1275 colligebant
1545 1203 1875 1273 cogitabant-

305 1310 409 1364 que
429 1337 443 1361 ,
474 1297 518 1350 si
546 1296 851 1351 holocausta
881 1305 935 1351 et
962 1306 1197 1351 veterem
1228 1296 1427 1349 cultum
1455 1309 1562 1348 non
1594 1293 1872 1358 admittat,

311 1389 478 1444 multo
505 1389 681 1444 minus
719 1390 968 1459 unguenti
1000 1390 1321 1444 unctionem.
1348 1387 1452 1444 Sed
1480 1387 1533 1441 hi
1560 1387 1770 1457 quidem
1797 1388 1874 1440 sic

306 1483 626 1551 cogitabant,
651 1483 764 1550 ipse
777 1497 905 1537 vero
929 1490 1160 1537 mentem
1178 1481 1294 1549 ejus
1317 1481 1627 1550 respiciens,
1649 1479 1868 1534 dimisit.

303 1573 433 1626 Nam
459 1574 619 1628 multa
647 1575 814 1644 pietas
841 1584 955 1629 erat
980 1583 1035 1628 et
1059 1572 1325 1628 ineffabile
1347 1573 1577 1627 studium
1611 1589 1627 1626 :
1651 1572 1874 1641 ideoque

303 1666 419 1735 ejus
449 1666 654 1720 aflectui
695 1684 752 1723 se
795 1674 1190 1736 attemperans,
1229 1665 1495 1719 concessit
1539 1673 1597 1718 ut
1639 1668 1690 1718 in
1715 1671 1873 1732 caput

305 1759 469 1826 ipsius
494 1758 674 1812 oleum
700 1755 1074 1812 effunderetur.
1103 1757 1235 1811 Nam
1263 1757 1306 1810 si
1347 1756 1507 1810 homo
1538 1755 1651 1810 fieri
1671 1798 1686 1818 ,
1722 1769 1874 1810 utero

297 1852 518 1920 gestari,
560 1851 694 1905 lacte
742 1851 928 1904 nutriri
958 1864 1064 1904 non
1095 1849 1380 1915 recusavit,
1427 1849 1550 1919 quid
1579 1849 1788 1902 miraris
1826 1847 1872 1902 si

303 1943 405 1998 hoc
449 1959 554 1998 non
589 1943 860 2012 depellat?
901 1943 1356 2012 Quemadmodum
1387 1945 1528 1998 enim
1567 1942 1725 1997 Pater
1757 1941 1873 2011 ejus

297 2035 541 2090 nidorem
571 2044 625 2091 et
651 2036 871 2101 fumum,
896 2037 972 2089 sic
1014 2044 1068 2090 et
1095 2035 1209 2104 ipse
1243 2035 1576 2089 meretricem
1604 2034 1865 2103 suscepit,

299 2126 416 2195 ejus
445 2128 676 2182 mentem
707 2135 758 2182 et
779 2128 1035 2192 animum,
1067 2135 1123 2180 ut
1143 2125 1271 2189 dixi,
1309 2125 1868 2196 approbans.‘Etenim

297 2219 464 2273 Jacob
511 2219 726 2288 cippum
776 2219 884 2275 Deo
928 2219 1151 2281 inunxit,
1195 2228 1249 2274 et
1288 2219 1342 2274 in
1371 2219 1645 2274 sacrificiis
1691 2219 1869 2274 oleum

295 2308 632 2374 oll'erebatnr,
663 2311 1073 2379 sacerdotesque
1088 2319 1355 2380 unguento
1371 2311 1703 2380 ungebantur
1717 2309 1867 2380 (Gen.

297 2399 386 2454 28.
435 2401 530 2469 18;
572 2401 731 2456 Leuit.
760 2401 815 2456 2.
846 2402 881 2456 4
923 2411 969 2454 et
1005 2397 1184 2470 8.10)
1228 2421 1241 2456 :
1283 2417 1466 2456 verum
1509 2403 1752 2472 discipuli
1777 2403 1867 2473 qui

296 2493 531 2549 mulieris
561 2495 794 2548 animum
825 2510 928 2549 non
958 2495 1370 2562 cognoscebant,
1399 2495 1699 2564 importune
1724 2495 1865 2550 illam

295 2586 732 2652 criminabantur,
763 2596 818 2642 et
858 2587 1157 2642 accusando
1205 2588 1444 2642 mulieris
1491 2588 1864 2644 liberalitatem

292 2678 593 2732 Ostendunl.
625 2678 755 2733 Cum
781 2678 962 2732 dicunt
985 2679 1148 2745 enim,
1181 2679 1394 2735 Poterat
1421 2681 1671 2735 trecentis
1698 2681 1869 2736 dena.

293 2769 386 2822 riis
412 2768 758 2833 venumdari,
807 2770 1095 2823 ostendunt
1135 2773 1389 2835 quantum
1433 2771 1773 2840 insumpserit
1810 2772 1862 2824 in

295 2869 616 2930 unguentum
646 2860 778 2914 illud
807 2901 820 2923 ,
852 2869 908 2915 et
935 2871 1183 2931 quantam
1211 2861 1514 2917 exhibuerit
1543 2863 1862 2918 muniﬁcen-

293 2951 438 3003 tiam.
465 2951 818 3018 Quamobrem
849 2952 988 3020 ipsos
1009 2954 1259 3022 increpat,
1289 2953 1471 3010 dicens
1496 2973 1510 3009 :
1542 2955 1644 3010 Cur
1668 2957 1864 3010 molesti

293 3043 406 3097 estis
435 3044 550 3097 huic
570 3043 808 3098 mulieri?
835 3046 900 3099 Et
925 3047 1179 3101 rationem
1204 3047 1401 3118 adjicit,
1434 3057 1490 3104 ut
1519 3049 1624 3104 illis
1649 3055 1859 3122 passio-

293 3137 374 3189 nis
403 3138 710 3192 memoriam
738 3149 1011 3194 revocaret
1038 3157 1052 3192 :
1082 3140 1162 3194 Ad
1188 3142 1497 3210 sepulturam
1524 3145 1667 3198 enim
1695 3161 1858 3200 meam

289 3229 384 3284 Itoc
427 3233 560 3302 fecit.
608 3231 840 3302 Itemque
881 3231 1022 3288 aliud
1067 3235 1398 3290 ratiocinium
1438 3238 1639 3292 addidit
1669 3257 1682 3292 :
1711 3237 1857 3294 Pau-

288 3341 428 3391 peres
452 3327 582 3378 enim
605 3343 800 3395 semper
823 3329 1094 3393 vobiscum,
1130 3347 1208 3384 me
1234 3343 1399 3385 autem
1419 3350 1519 3387 non
1541 3351 1736 3404 semper
1759 3337 1854 3390 Ita-

286 3416 424 3470 betis.
457 3418 540 3480 Et,
567 3417 874 3489 Ubicumque
889 3421 1212 3490 prtedicatum
1231 3425 1382 3493 fuerit
1407 3426 1500 3479 hoc
1520 3427 1851 3499 evangelium,

284 3509 486 3573 etquod
506 3512 611 3564 lites
640 3513 756 3580 fecit
798 3512 1008 3566 dicetur.
1041 3513 1285 3569 Vidistin’
1333 3519 1600 3585 quomodo
1646 3520 1852 3573 exitum

284 3599 349 3652 ad
376 3609 558 3669 gentes
586 3603 921 3670 praenuntiet,
958 3604 1043 3658 hic
1088 3606 1248 3660 etiam
1287 3606 1560 3677 discipulis
1587 3610 1654 3665 de
1680 3621 1853 3668 morte

283 3701 378 3742 sua
427 3691 844 3748 consolationem
893 3694 1160 3750 afferens?
1222 3696 1494 3767 Siquidem
1542 3710 1684 3756 tanta
1731 3713 1853 3772 post

283 3794 494 3835 crucem
524 3783 690 3838 virtus
711 3784 825 3854 ejus
852 3787 1022 3842 futura
1050 3797 1152 3855 est,
1185 3799 1242 3844 ut
1269 3792 1575 3860 przedicatio
1606 3796 1622 3825 ι
1655 3810 1748 3864 per
1771 3803 1853 3849 to-

287 3881 394 3926 tum
423 3873 606 3929 orbem
633 3874 953 3934 effundatur.
999 3879 1127 3948 Quis
1169 3885 1237 3938 ita
1277 3885 1439 3938 miser
1465 3895 1566 3950 est,
1604 3895 1660 3940 ut
1689 3896 1850 3942 tantze

281 3965 486 4019 veritati
525 3969 819 4038 repugnet?
844 3970 980 4027 Ecce
1019 3974 1162 4030 enim
1201 3976 1272 4036 id,
1304 3977 1444 4046 quod
1471 3978 1624 4044 dixit,
1657 3981 1847 4035 factum

279 4065 391 4119 est;
439 4066 490 4111 et
517 4073 850 4131 quocumque
904 4070 1166 4120 terrarum
1219 4067 1338 4134 ibis,
1391 4069 1526 4126 hanc
1572 4071 1846 4127 mulierem

280 4145 552 4214 praedicari
580 4149 762 4204 audies
794 4167 808 4204 :
837 4169 1153 4224 quamquam
1197 4158 1284 4213 illa
1331 4175 1436 4216 non
1479 4161 1700 4232 insignis
1727 4180 1848 4234 per-

277 4247 406 4293 sona
433 4252 592 4305 esset,
637 4247 734 4298 nec
755 4245 904 4300 multi
931 4256 1092 4302 testes
1120 4250 1365 4306 adessent
1391 4269 1405 4318 ;
1437 4269 1531 4308 nec
1554 4255 1606 4308 in
1638 4256 1847 4311 theatro

276 4331 504 4401 quodam
529 4343 618 4386 res
646 4343 789 4402 gesta
821 4346 984 4404 esset,
1014 4340 1107 4394 sed
1135 4341 1184 4394 in
1207 4341 1389 4411 domo,
1415 4354 1466 4399 et
1494 4345 1547 4400 in
1571 4346 1731 4403 domo
1771 4349 1846 4404 le-

277 4423 440 4493 prosi,
471 4421 742 4492 discipulis
769 4435 968 4481 tantum
997 4433 1365 4498 prte'sentibus.

345 4517 400 4570 2.
437 4519 564 4586 Quis
593 4518 694 4574 hoc
724 4520 792 4574 ita
833 4521 1062 4590 vulgavit
1095 4533 1148 4578 et
1174 4528 1476 4594 praedicavit
1503 4530 1527 4583 ?
1556 4531 1846 4602 Loquentis

272 4608 458 4663 virtus.
503 4607 658 4663 Certe
703 4605 882 4678 regum
929 4613 1213 4669 multorum
1264 4628 1316 4671 et
1360 4618 1588 4688 ducum,
1618 4641 1842 4694 quorum

273 4700 432 4752 etiam
477 4711 812 4755 monumenta
858 4713 1101 4767 manent,
1135 4722 1224 4762 res
1265 4720 1427 4778 gestae
1466 4722 1741 4780 taceantur;
1782 4732 1844 4772 ac

273 4792 396 4845 licet
425 4791 580 4846 urbes
627 4795 974 4850 excitaverint
994 4837 1009 4862 ,
1038 4813 1219 4854 nmros
1251 4801 1760 4875 circumstruxerint,
1791 4811 1842 4864 in

274 4884 430 4939 hellis
459 4886 688 4942 victores
731 4887 926 4942 fuerint
950 4930 965 4952 ,
998 4901 1192 4960 tropaea
1222 4897 1486 4951 erexerint
1506 4939 1520 4961 ,
1553 4911 1843 4971 gentesque

273 4975 464 5029 multas
493 4977 543 5029 in
572 4977 885 5032 servitutem
921 4981 1249 5051 redegerint,
1288 5001 1384 5041 nec
1418 4989 1552 5042 fama
1575 5028 1591 5054 ,
1621 5005 1717 5045 nec
1741 5007 1842 5045 no-

275 5068 417 5123 mine
455 5083 553 5124 suo
592 5071 701 5124 noti
731 5079 852 5125 sunt
872 5112 888 5136 ,
921 5074 1126 5129 etiamsi
1153 5087 1207 5131 et
1236 5086 1434 5133 statuas
1459 5083 1724 5136 erexerint
1743 5126 1758 5150 ,
1789 5095 1844 5140 et

273 5161 418 5229 leges
441 5161 683 5216 dederint
711 5179 725 5216 :
755 5164 895 5233 quod
920 5175 1094 5220 autem
1117 5171 1365 5223 meretrix
1396 5171 1568 5226 oleum
1599 5174 1842 5231 effuderit

274 5251 326 5304 in
354 5252 514 5307 domo
538 5253 730 5323 leprosi
753 5297 770 5322 ,
844 5255 1028 5309 decem
1103 5259 1229 5312 viris
1251 5265 1600 5332 praesentibus
1623 5309 1638 5332 ,
1668 5268 1716 5322 id
1743 5283 1838 5336 per

274 5341 454 5396 orbem
492 5354 710 5398 cantant
739 5359 923 5400 omnes
945 5387 960 5411 ,
991 5361 1055 5402 ac
1091 5359 1209 5417 post
1239 5359 1438 5407 tantum
1482 5359 1734 5425 temporis
1764 5360 1840 5415 rei

273 5443 434 5502 gestae
453 5436 704 5490 memoria
736 5453 841 5491 non
873 5440 1126 5494 minuitur
1154 5458 1167 5493 :
1191 5443 1283 5498 sed
1314 5443 1508 5513 Persae,
1536 5447 1671 5516 Indi,
1700 5450 1836 5524 Scy-

275 5523 402 5590 tbte,
423 5525 674 5592 Thraces,
703 5529 1046 5597 Sauromatae,
1073 5531 1256 5599 Mauri,
1283 5537 1368 5602 qni
1399 5537 1725 5596 Britannicas
1756 5523 1838 5597 in-

273 5613 416 5668 sulas
445 5616 700 5683 incolunt,
731 5620 869 5690 quod
897 5621 948 5675 in
977 5621 1158 5678 Judtea
1187 5626 1239 5678 in
1277 5627 1434 5682 domo
1459 5631 1708 5700 quadam,
1742 5649 1840 5689 nec

339 5773 359 5804 ¹
385 5780 489 5833 Pro,
513 5776 813 5837 pradicatt'o.
837 5778 915 5827 alii
939 5787 991 5829 et
1015 5781 1176 5830 Morel.
1201 5781 1394 5847 legunt,
1416 5787 1728 5850 evangelium.

562 5878 831 5942 ἐλτιιοι..
881 5881 999 5942 Gn.
1048 5885 1265 5952 LVIII.

1185 357 1248 414 IN
1287 350 1690 413 MATTHIEUM
1730 345 1952 405 ιιυιιιι.
1995 345 2206 402 LXXX.
2248 351 2315 404 al.
2359 351 2593 410 LXXXI.

3456 355 3562 413 7‘6

1989 465 2180 530 palam,
2231 481 2260 520 a
2310 470 2587 524 meretrice
2634 469 2827 526 factum
2871 483 3007 539 'est,
3039 469 3345 543 prmdicant.
3371 470 3561 546 Magna

1989 558 2196 613 Domini
2226 560 2521 632 benignitas
2555 566 2886 621 meretricem
2928 566 3069 632 fert,
3099 571 3433 624 meretricem
3456 585 3558 639 pc-

1983 650 2079 704 ‘tles
2107 653 2433 709 osculantem
2459 698 2475 722 ,
2503 657 2727 727 oleoque
2754 659 3014 738 rigantem
3039 699 3054 724 ,
3084 668 3138 714 et
3163 660 3557 732 abstergentem

1981 744 2395 810 eapillis;'illam
2416 747 2666 816 admittit,
2699 758 2749 804 et
2787 759 3068 820 arguentes
3089 752 3326 822 increpat
3349 771 3361 806 :
3387 767 3560 826 neque

1982 838 2124 892 enim
2151 843 2385 908 oportuit
2411 857 2508 912 pro
2538 851 2683 898 tanto
2701 845 2884 900 studio
2913 846 3187 922 mulierem
3216 849 3554 918 reprehendi.

1982 927 2063 983 Tu
2092 945 2218 984 vero
2238 931 2365 985 mihi
2386 933 2692 988 consideres
2713 934 2858 996 illud.
2883 950 3041 1006 quam
3065 937 3276 992 sublimi
3300 939 3478 994 animo
3509 946 3563 994 et

1981 1019 2047 1072 ad
2087 1019 2500 1077 misericordiam
2547 1039 2716 1095 prono
2761 1031 2938 1096 postea
2982 1037 3183 1084 essent.
3214 1029 3279 1084 Et
3313 1043 3420 1086 cur
3449 1046 3558 1085 non

1981 1111 2296 1180 simpliciter
2319 1113 2472 1179 dixit,
2503 1115 2704 1170 Bonum
2731 1123 2866 1186 opus
2887 1118 3013 1173 fecit
3045 1137 3060 1174 :
3090 1117 3183 1175 sed
3210 1124 3356 1190 prius
3375 1164 3390 1187 ,
3418 1122 3555 1190 Quid

1980 1202 2176 1256 molesti
2202 1205 2320 1258 estis
2348 1207 2547 1260 mulieri
2565 1207 2592 1262 .’
2615 1207 2682 1264 Ut
2705 1207 2971 1266 disCerent
2993 1227 3100 1266 non
3127 1228 3156 1266 a
3184 1213 3442 1284 principio
3466 1231 3555 1270 su-

1979 1289 2223 1347 blimiora
2289 1294 2357 1350 ab
2406 1297 2756 1353 imbecillibus
2806 1315 2926 1356 esse
2972 1303 3218 1372 petenda.
3269 1302 3394 1360 [dco
3446 1321 3550 1362 non

1980 1383 2147 1452 ips-am
2177 1400 2289 1441 rem
2320 1387 2631 1456 simpliciter
2657 1392 2920 1444 examinat
2945 1433 2960 1456 ,
2989 1393 3082 1448 sed
3112 1394 3286 1449 addita
3315 1397 3551 1452 mulieris

1981 1490 2226 1545 perstma.
2258 1477 2387 1532 Nam
2416 1478 2459 1533 si
2491 1480 2661 1548 legem
2694 1481 2873 1548 ferret,
2901 1483 2969 1538 de
3000 1485 3221 1542 muliere
3247 1502 3349 1542 non
3379 1488 3558 1558 loque-

1978 1578 2125 1622 retur
2153 1584 2168 1624 :
2195 1568 2288 1622 sed
2312 1579 2368 1623 ut
2392 1569 2566 1625 discas
2587 1571 2635 1626 id
2653 1581 2873 1642 propter
2902 1574 3066 1644 ipsam
3095 1575 3290 1632 dictum
3317 1591 3456 1644 esse,
3483 1595 3550 1634 ne

1976 1661 2358 1729 germinantem
2383 1661 2498 1730 ejus
2527 1662 2682 1718 fidem
2709 1665 3145 1730 obruerent,sed
3189 1670 3356 1739 magis
3403 1671 3550 1726 love-

1977 1762 2098 1806 rent
2126 1769 2138 1805 :
2169 1751 2290 1808 ideo
2316 1755 2394 1808 sic
2425 1754 2675 1824 loquitur,
2708 1765 2763 1810 ut
2801 1771 2898 1811 nos
2923 1756 3148 1824 doceat,
3180 1760 3550 1831 quodcumque

1975 1843 2171 1898 bonum
2213 1861 2244 1899 a
2291 1847 2476 1915 quovis
2517 1845 2627 1912 ﬂat,
2659 1848 2865 1903 etiamsi
2907 1864 3012 1904 non
3043 1850 3324 1906 admodum
3375 1855 3548 1922 perle-

1975 1943 2121 1990 ctum
2151 1936 2237 2000 sit,
2271 1935 2666 2008 suscipiendum
2694 1955 2756 1996 ac
2783 1941 3065 1998 fovendum
3096 1958 3235 2012 esse,
3261 1953 3315 1999 et
3339 1946 3403 2000 ad
3431 1963 3547 2001 ma-

1972 2027 2086 2098 jora
2113 2027 2479 2084 deducendum
2504 2046 2519 2085 :
2545 2044 2722 2101 neque
2768 2033 2917 2088 initio
2955 2050 3168 2090 omnem
3210 2036 3548 2105 perfectionis

1974 2121 2362 2176 accnrationetn
2392 2135 2511 2178 esse
2537 2123 2894 2191 qtuerendam.
2921 2123 3053 2180 Nam
3074 2126 3338 2182 Christum
3364 2129 3434 2182 ita
3457 2146 3549 2183 vo-

1975 2210 2135 2265 luisse
2162 2211 2286 2267 hinc
2315 2221 2498 2282 patet,
2525 2213 2665 2283 quod
2695 2229 2814 2268 cum
2846 2231 2947 2269 non
2983 2215 3234 2283 haberet,
3276 2218 3361 2272 ubi
3388 2228 3547 2290 caput

1972 2315 2126 2354 suum
2156 2302 2466 2365 reclinaret,
2495 2303 2698 2358 loculos
2727 2314 2901 2360 tamen
2938 2307 3266 2362 circumferri
3303 2310 3541 2377 jusserit.

1971 2394 2074 2450 Sed
2106 2405 2229 2451 tunc
2271 2398 2398 2451 illud
2427 2406 2636 2468 tempus
2663 2414 2767 2453 non
2796 2401 3137 2470 requirebat,
3171 2413 3227 2456 ιιι
3251 2419 3337 2457 res
3362 2417 3546 2458 emen-

1970 2489 2206 2550 daretur,
2238 2489 2332 2543 sed
2361 2498 2416 2543 ut
2441 2491 2800 2562 susciperetur
2829 2499 3051 2548 tantam.
3083 2493 3540 2560 Quemadmodum

1969 2565 2110 2631 enim
2157 2580 2200 2632 si
2239 2581 2358 2649 quis
2393 2582 2460 2637 ab
2504 2597 2570 2637 eo
2619 2584 2968 2654 quaesivisset,
3011 2586 3233 2642 muliere
3285 2603 3390 2642 non
3439 2587 3543 2644 hoc

1970 2668 2139 2736 ipsum
2167 2668 2425 2738 faciente,
2454 2687 2559 2728 non
2589 2673 2660 2728 ita
2683 2673 2983 2730 faciendum
3015 2692 3135 2733 esse
3172 2677 3392 2734 dixisset
3419 2697 3434 2734 :
3462 2681 3541 2736 sic

1967 2761 2088 2831 quia
2114 2763 2198 2817 illa
2232 2763 2342 2832 jam
2375 2765 2589 2830 fecerat,
2617 2765 2670 2822 in
2701 2768 2752 2822 id
2782 2785 2940 2823 unum
2966 2779 3164 2825 tantum
3194 2773 3442 2843 respicit,
3472 2791 3540 2832 ne

1968 2849 2329 2922 increpatione
2367 2856 2744 2926 discipulorum
2791 2861 2842 2913 in
2883 2861 3150 2931 angustias
3177 2865 3534 2935 conjiciatur,

1964 2943 2056 2998 sed
2083 2954 2138 2998 ut
2168 2945 2281 3014 ipso
2322 2958 2540 3002 curante
2581 2949 2804 3004 alacrior
2845 2951 2973 3004 facta
2998 2993 3012 3015 ,
3043 2952 3093 3006 in
3129 2955 3316 3008 melius
3346 2971 3534 3025 procc-

1963 3036 2070 3090 dat.
2100 3035 2230 3091 Nam
2255 3047 2530 3109 postquam
2551 3040 2726 3095 oleum
2748 3041 2970 3096 effusum
2997 3043 3112 3110 fuit,
3132 3045 3240 3113 jam
3270 3062 3373 3100 non
3405 3038 3567 3100 tem-"
3603 3065 3610 3074 ·

1961 3130 2162 3193 pestiva
2185 3137 2302 3183 erat
2322 3121 2528 3184 illorum
2553 3131 2859 3202 increpatio.
2874 3133 2941 3187 Et
2967 3142 3019 3187 ιιι
3048 3149 3259 3205 quoque
3282 3137 3326 3192 si
3349 3153 3504 3206 quem
3524 3169 3534 3177 -

1962 3221 2100 3289 piam
2142 3221 2323 3276 videas
2361 3235 2485 3276 vasa
2526 3237 2674 3277 sacra
2717 3222 3060 3280 adornantcm
3091 3235 3146 3280 et
3181 3223 3487 3282 offerentem
3515 3271 3529 3294 ,
3581 3291 3586 3296 ε
3639 3253 3648 3265 ·

1959 3319 2049 3364 aut
2076 3311 2238 3365 alium
2277 3313 2514 3367 ecclesia:
2541 3322 2782 3368 ornatum
2805 3315 2942 3368 circa
2969 3331 3149 3370 muros
3176 3325 3232 3371 et
3261 3319 3529 3386 pavimen-

1959 3411 2068 3455 tum
2099 3403 2502 3459 concinnantem
2529 3446 2543 3467 ,
2575 3421 2640 3459 ne
2663 3404 2852 3474 jubeas
2883 3405 2972 3461 illa
3000 3407 3329 3474 venumdari,
3361 3418 3451 3462 aut
3480 3411 3530 3464 id

1957 3493 2094 3562 quod
2125 3492 2318 3549 laetum
2344 3503 2426 3549 est
2449 3497 2640 3562 everti,
2673 3511 2741 3551 ne
2780 3495 2918 3551 illius
2943 3497 3268 3552 alacritatem
3299 3500 3529 3554 minuas.

1954 3586 2007 3640 Si
2035 3600 2161 3640 vero
2191 3587 2491 3656 priusquam
2536 3585 2650 3643 haec
2683 3588 2938 3657 adornet,
2969 3590 3246 3646 consilium
3285 3607 3316 3645 a
3356 3600 3407 3646 te
3441 3609 3529 3660 pe-

1955 3677 2116 3743 tierit,
2140 3678 2266 3748 jube
2290 3680 2608 3749 pauperibus
2627 3681 2742 3736 dari
2766 3701 2779 3737 :
2810 3697 2932 3736 nam
2957 3694 3010 3738 et
3036 3685 3168 3754 ipse,
3195 3699 3262 3739 ne
3291 3684 3529 3740 mulieris

1953 3768 2213 3824 fervorem
2257 3773 2644 3843 exstingueret,
2675 3772 2745 3828 ita
2791 3773 2948 3840 fecit;
2976 3785 3030 3830 et
3067 3774 3320 3846 quidquid
3363 3776 3523 3842 dicit,

1952 3860 2016 3914 ad
2060 3861 2178 3929 ejus
2218 3862 2637 3919 consolationem
2668 3865 2856 3935 vergit.
2886 3865 3087 3921 Deinde
3113 3868 3236 3936 quia
3275 3867 3519 3933 dixerat,

1952 3951 2032 4004 Ad
2054 3953 2360 4021 sepulturam
2387 3969 2547 4008 meam
2577 3956 2692 4025 fecit
2714 3971 2732 4010 :
2760 3971 2828 4011 ne
2852 3957 3126 4012 videretur
3151 3958 3432 4016 mulierem
3470 3961 3526 4016 in

1949 4042 2168 4098 dubium
2192 4046 2458 4114 conjicere
2480 4086 2495 4112 ,
2523 4047 2648 4102 dum
2689 4051 3011 4119 sepulturam
3043 4060 3098 4106 et
3122 4061 3345 4108 mortem
3373 4068 3524 4108 com-

1951 4144 2292 4201 memoraret,
2322 4135 2441 4192 vide
2465 4139 2731 4206 quomodo
2768 4142 2818 4195 in
2845 4144 3186 4210 sequentibus
3214 4144 3354 4198 illam
3385 4145 3524 4200 sole-

1951 4236 2038 4282 tur
2082 4229 2164 4281 his
2209 4228 2428 4284 verbis:
2460 4229 2609 4297 Quod
2656 4232 2765 4286 lucc
2811 4234 2928 4304 fecit
2976 4231 3265 4290 narrabitur
3313 4237 3366 4290 in
3420 4246 3523 4290 toto

1949 4321 2158 4374 mundo.
2182 4320 2294 4375 Hoc
2320 4331 2372 4375 et
2399 4322 2669 4391 discipulis
2697 4326 3044 4381 consolationi
3071 4336 3206 4394 erat,
3235 4339 3289 4384 et
3315 4330 3523 4386 mulieri

1949 4413 2086 4466 laudi
2123 4421 2178 4467 et
2216 4413 2484 4470 levamini.
2511 4415 2750 4485 Omnes,
2779 4419 2965 4490 inquit,
2996 4420 3139 4474 illam
3170 4430 3351 4491 postea
3377 4422 3523 4478 cele-

1948 4503 2210 4572 brabnnt;
2242 4521 2379 4561 nunc
2407 4509 2704 4577 passionem
2736 4513 3126 4580 praenuntiavit,
3159 4513 3283 4568 dum
3313 4530 3372 4569 ea
3405 4531 3523 4584 qum

1947 4599 2011 4653 ad
2035 4599 2358 4666 sepulturam
2385 4602 2648 4668 pertinent
2675 4603 2864 4658 obtulit
2890 4621 2904 4658 :
2933 4621 3000 4660 ne
3029 4606 3205 4676 itaque
3231 4607 3349 4676 quis
3375 4607 3522 4662 illam

1948 4691 2204 4758 increpet.
2249 4681 2476 4745 Tantum
2518 4693 2660 4747 enim
2709 4695 2858 4749 abest
2889 4705 2945 4750 ut
2991 4697 3131 4751 illam
3160 4697 3430 4765 damnem,
3465 4711 3523 4755 ttt

1947 4797 2063 4849 qua:
2082 4781 2422 4845 malefecerit,
2448 4791 2500 4836 ιιι
2523 4783 2908 4852 reprehendam
2929 4795 2985 4840 ιιι
3005 4803 3122 4856 quae
3142 4787 3444 4858 deliquerit,
3467 4801 3523 4845 ut

1947 4887 2052 4925 non
2079 4873 2249 4926 sinam
2274 4873 2468 4927 factum
2491 4874 2676 4942 latere,
2703 4877 2795 4931 sed
2823 4877 3051 4932 mundus
3072 4879 3203 4934 sciet
3232 4879 3283 4933 id
3306 4881 3445 4950 quod
3469 4883 3521 4936 in

1947 4963 2108 5018 domo
2135 4974 2191 5018 et
2233 4965 2284 5019 in
2313 4965 2626 5020 abscondito
2654 4967 2849 5022 factum
2877 4978 2976 5024 est.
3003 4970 3133 5025 Nam
3169 4985 3200 5026 a
3230 4971 3316 5042 pia
3344 4983 3524 5027 mente

1945 5053 2062 5109 bzec
2087 5053 2318 5123 profecta
2345 5065 2557 5120 sunt,et
2576 5072 2605 5111 a
2629 5057 2731 5113 fide
2759 5058 2966 5114 ardenti
2987 5069 3040 5114 et
3061 5061 3240 5115 animo
3269 5063 3518 5118 contrito.

1943 5144 2055 5199 Cur
2080 5160 2206 5200 vero
2232 5145 2360 5200 nihil
2392 5147 2664 5216 spirituale
2691 5149 2931 5218 promisit
2959 5151 3190 5218 mulieri,
3217 5151 3311 5206 sed
3335 5167 3522 5222 perpe-

1948 5244 2092 5291 tuam
2121 5239 2428 5292 memoriam
2447 5239 2470 5291 ?
2490 5239 2592 5294 Per
2610 5238 2724 5295 lttec
2753 5241 2805 5295 id
2832 5240 3031 5309 efl'ecit,
3054 5251 3108 5296 ut
3135 5243 3203 5298 de
3230 5243 3332 5298 illis
3358 5246 3522 5301 etiam

1947 5336 2204 5398 speraret.
2233 5328 2366 5384 Nam
2408 5330 2453 5384 si
2495 5346 2627 5400 opus
2657 5333 2850 5387 bonum
2890 5332 3048 5398 fecit,
3073 5333 3213 5390 haud
3253 5335 3414 5392 dubie
3442 5337 3522 5390 di-

1939 5433 2103 5489 gnam
2140 5421 2438 5476 mercedem
2466 5423 2703 5491 recipiet.
2736 5425 2821 5480 14.
2857 5423 2996 5479 Tunc
3025 5426 3278 5496 profectus
3307 5431 3435 5481 unus
3461 5443 3522 5481 es

1945 5511 2210 5565 duodecim
2232 5509 2264 5564 J
2271 5510 2399 5566 udas
2418 5553 2432 5577 ,
2462 5513 2550 5583 qui
2577 5514 2830 5569 dicebatur
2855 5514 3148 5584 Iseariotes,
3178 5520 3246 5572 ad
3271 5521 3521 5592 principes

1946 5601 2281 5669 sacerdotum,
2309 5603 2393 5657 l5.
2424 5603 2551 5657 dixit
2575 5623 2591 5658 :
2615 5606 2750 5672 Quid
2775 5608 2921 5662 vultis
2941 5609 3062 5661 mihi
3084 5611 3220 5672 dare,
3252 5621 3297 5664 et
3322 5627 3410 5680 ego
3433 5627 3520 5663 vo-

1945 5692 2018 5746 bis
2047 5695 2241 5747 tradam
2271 5712 2382 5750 eum
2403 5697 2426 5749 ?
2450 5691 2626 5764 Tunc;
2657 5701 2989 5770 quandonatn
3011 5704 3029 5755 ?
3055 5700 3184 5757 Cum
3218 5702 3330 5757 haec
3371 5703 3520 5756 dice-

1947 5799 2150 5853 rentur,
2181 5802 2302 5841 cum
2326 5788 2477 5855 dixit,
2511 5790 2588 5842 Ad
2625 5795 2930 5860 sepulturam
2967 5810 3126 5846 meant
3153 5810 3171 5847 :
3202 5810 3370 5867 neque
3397 5795 3520 5850 inde

3116 5919 3191 5978 17
