4130 6374
535 297 636 350 79.7

533 417 884 474 compunctus
908 418 988 461 est
1023 425 1034 459 :
1070 423 1239 477 neque
1277 407 1481 471 timuit,
1510 421 1631 460 cum
1659 403 1858 457 audivit
1882 443 1894 463 ,
1924 399 2117 471 praedi-

534 500 759 554 candum
793 498 987 566 ubique
1025 514 1144 551 esse
1170 499 1541 567 Evangelium.
1570 495 1701 550 Nam
1731 492 1873 563 quod
1911 491 2121 546 diceba-

535 604 623 645 tur
652 591 861 645 virtutis
886 600 997 645 erat
1030 590 1308 644 ineffabilis
1341 607 1353 643 :
1396 589 1488 644 sed
1515 605 1633 643 cum
1666 587 1931 650 mulieres,
1967 585 2124 654 ipsa:-

532 700 637 751 que
665 684 978 737 meretrices
1001 668 1205 735 tantum
1225 680 1297 735 illi
1326 681 1701 744 impendebant
1730 677 1969 742 honoris,
1998 688 2121 730 tunc

537 776 630 829 ille
655 774 973 829 diabolicum
1003 773 1207 827 facinus
1229 772 1439 826 edebat.
1460 772 1567 824 Cur
1591 780 1766 825 autem
1790 770 1904 838 ejus
1927 783 2122 837 cogno-

539 881 656 918 mcn
684 864 904 919 dicunt?
931 863 1062 932 Quia
1091 863 1229 918 alius
1253 863 1416 918 Judas
1446 872 1580 918 erat.
1608 862 1789 932 Neque
1833 871 2005 914 tamen
2040 859 2122 911 di-

535 971 659 1009 cere
679 956 943 1020 dubitant,
975 955 1147 1023 ipsum
1178 969 1209 1009 e
1239 970 1462 1008 numero
1506 953 1785 1007 duodecim
1831 950 2014 1005 fuisse.
2046 949 2121 1004 Ita

539 1045 669 1099 nihil
699 1046 967 1099 occultant
993 1060 1175 1099 eorum
1199 1060 1316 1113 qua:
1344 1045 1595 1113 probrosa
1622 1058 1742 1098 esse
1770 1041 2117 1095 videbantur:

539 1154 855 1207 quamquam
886 1146 1131 1206 poterant
1155 1137 1466 1207 simpliciter
1498 1136 1694 1194 dicere,
1728 1135 1899 1204 ipsum
1927 1148 1990 1187 ex
2020 1149 2121 1185 nn-

538 1245 688 1283 mero
719 1229 1101 1298 discipulorum
1153 1228 1334 1282 fuisse.
1365 1228 1529 1283 Erant
1568 1228 1761 1297 quippe
1801 1226 1887 1279 alii
1932 1234 2124 1294 pra:ter

536 1322 819 1376 duodecim
848 1322 985 1376 illos.
1018 1322 1166 1377 Nunc
1195 1323 1415 1386 addunt,
1448 1322 1529 1375 Ex
1556 1320 1857 1386 duodecim,
1886 1336 1948 1375 ac
1976 1321 2019 1375 si
2045 1320 2125 1373 di-

536 1424 741 1477 cereut,
774 1429 839 1468 en
870 1415 1041 1483 primo
1069 1414 1234 1468 choro
1265 1428 1452 1467 eorum
1478 1452 1492 1476 ,
1525 1428 1658 1481 quos
1700 1412 1852 1482 quasi
1895 1413 2124 1480 Optimos

536 1504 717 1573 elegit,
750 1505 838 1575 qui
878 1520 999 1558 cum
1042 1504 1198 1559 Petro
1221 1515 1275 1559 et
1300 1503 1505 1559 Joanne
1530 1512 1701 1558 erant.
1736 1502 1901 1558 Unam
1928 1501 2125 1572 quippe

534 1598 795 1651 curabant
822 1597 1119 1661 veritatem,
1155 1613 1253 1653 uec
1283 1612 1369 1652 res
1392 1606 1573 1667 gestas
1594 1596 1970 1651 obscurabaut.
2002 1596 2124 1650 Ideo

538 1691 690 1760 signa
716 1690 874 1744 multa
900 1699 1333 1760 prxtercurrunt,
1351 1705 1417 1745 ex
1445 1690 1507 1743 iis
1526 1698 1701 1742 autem
1725 1703 1841 1757 qua:
1870 1687 2123 1757 probrosa

534 1794 655 1834 ease
685 1780 999 1835 videbantur
1020 1781 1149 1835 nihil
1166 1781 1361 1846 celant,
1389 1779 1483 1836 sed
1504 1781 1616 1835 sive
1640 1779 2005 1839 verbum.sive
2028 1793 2123 1847 ge-

538 1881 700 1939 stum,
716 1875 826 1929 sive
840 1874 1050 1944 quidvis
1061 1874 1202 1929 aliud
1219 1890 1341 1929 cum
1362 1874 1604 1929 libertate
1616 1882 1669 1927 et
1687 1873 1874 1927 ﬁducia
1887 1881 2121 1927 narrant.

611 1964 665 2018 5.
707 1963 889 2035 Neque
929 1965 979 2018 1ιί
1018 1974 1245 2030 tantum,
1279 1964 1373 2019 sed
1403 1965 1561 2019 etiam
1588 1964 1675 2034 qui
1704 1964 2015 2018 sublimiora
2049 1964 2129 2016 lo-

540 2057 803 2125 quebatur
830 2057 1082 2113 Joannes.
1119 2057 1208 2113 llle
1234 2059 1376 2113 enim
1411 2058 1675 2127 praecipue
1704 2067 1882 2112 narrat
1911 2067 1965 2112 ct
1992 2073 2124 2112 con-

538 2148 787 2202 tumelias
834 2157 887 2202 et
933 2149 1216 2219 cpprobria
1265 2164 1383 2218 qure
1430 2150 1662 2218 pertulit.
1700 2149 1769 2205 Et
1819 2149 1941 2203 vide
1998 2147 2126 2202 mihi

538 2249 795 2308 quantum
836 2240 905 2294 sit
944 2240 1095 2295 Judae
1138 2240 1341 2305 scelus,
1370 2256 1528 2310 quam
1572 2250 1763 2309 sponte
1805 2240 2124 2306 accesserit,

538 2331 750 2398 quando
780 2333 1022 2400 pactione
1045 2333 1285 2401 pecuniae
1320 2342 1375 2387 et
1404 2332 1645 2402 pecuniae
1673 2332 1886 2386 tantulae
1916 2332 2014 2386 hoc
2051 2332 2129 2388 fe-

539 2419 635 2473 cit.
665 2419 834 2474 Lucas
864 2437 992 2476 vero
1021 2423 1179 2486 dicit,
1214 2423 1386 2493 ipsum
1422 2437 1543 2475 cum
1591 2422 1812 2477 ducibus
1865 2422 2129 2493 pepigisse

530 2508 690 2579 (Luc.
722 2510 930 2580 9.2.4).
976 2512 1201 2582 Propter
1244 2511 1535 2566 seditiones
1586 2512 1727 2566 enim
1780 2511 2083 2566 Iuda-orum
2111 2554 2127 2575 ,

546 2602 898 2671 pra:fecerunt
927 2602 1149 2659 Romani
1183 2604 1408 2673 aliquos,
1448 2604 1535 2672 qui
1580 2603 1721 2658 bono
1748 2618 1924 2657 rerum
1953 2603 2129 2657 ordini

543 2693 914 2764 advigilarent.
947 2694 1077 2748 Nam
1117 2695 1441 2765 principatus
1486 2710 1670 2750 eorum
1714 2695 1825 2764 jam
1862 2695 2131 2750 defecerat

544 2784 834 2839 secundum
867 2786 1216 2853 prophetiam.
1246 2785 1357 2840 Hos
1386 2786 1542 2855 igitur
1579 2785 1765 2839 adiens
1790 2785 1921 2839 dixit
1951 2803 1963 2838 :
1996 2784 2131 2850 Quid

544 2876 692 2929 tmltis
739 2878 860 2929 mihi
888 2877 1042 2942 dare,
1077 2887 1123 2930 et
1165 2893 1257 2947 ego
1286 2876 1423 2931 vobis
1471 2894 1584 2931 eum
1631 2877 1869 2930 tradam?
1899 2875 1987 2931 Illi
2016 2894 2130 2931 vero

542 2970 902 3022 constituerunt
939 2970 982 3023 ei
1026 2971 1231 3041 triginta
1272 2980 1552 3040 argenteos.
1585 2970 1671 3025 16.
1705 2968 1772 3022 Et
1801 2986 1863 3024 ex
1910 2986 1966 3024 eo
2002 2980 2127 3023 tem-

545 3077 669 3129 pore
693 3062 944 3131 quaerebat
981 3063 1405 3131 opportunitatem
1429 3104 1445 3129 ,
1469 3072 1524 3115 ut
1561 3064 1776 3116 traderet
1817 3079 1952 3118 eum.
1998 3062 2129 3116 Nam

547 3152 767 3207 timebat
795 3153 1207 3217 multitudinem,
1241 3154 1475 3225 nihilque
1495 3153 1636 3208 aliud
1659 3153 1949 3223 qu:crebat,
1971 3170 2128 3224 quam

546 3253 605 3297 tit
633 3244 776 3297 illum
805 3254 1037 3313 caperet.
1071 3244 1116 3300 Ο
1140 3246 1456 3300 stultitiam?
1485 3245 1752 3313 quomodo
1782 3245 1925 3299 illum
1953 3261 2130 3301 excae-

548 3334 691 3388 cavit
713 3335 949 3404 pecunia:
970 3337 1160 3390 amor?
1188 3335 1318 3390 Nam
1345 3338 1431 3405 qui
1460 3336 1606 3391 illum
1634 3350 1776 3406 smpe
1807 3337 2008 3391 viderat
2039 3352 2133 3405 per

535 3427 751 3480 .medios
783 3436 1165 3494 transeuntem,
1194 3444 1293 3484 nec
1331 3438 1565 3499 captum,
1596 3444 1814 3499 sumque
1839 3429 2132 3484 divinitatis

536 3528 602 3571 ct
629 3518 879 3587 potentiae
907 3528 1218 3588 argumenta
1246 3520 1409 3573 multa
1440 3520 1689 3585 dantem,
1722 3520 1954 3589 speravit
1984 3535 2041 3574 se
2068 3521 2133 3574 il-

549 3608 658 3661 lum
687 3624 879 3676 capere
920 3623 1107 3679 posse;
1138 3611 1429 3678 przesertim
1457 3624 1574 3664 cum
1605 3620 1679 3664 tot
1708 3611 1780 3665 illi
1821 3610 1981 3665 verba
2010 3626 2132 3679 pro-

536 3700 756 3754 tulisset
782 3700 1033 3754 terribilia
1062 3702 1219 3755 simul
1243 3713 1295 3757 et
1324 3710 1596 3755 mansueta
1618 3742 1633 3767 ,
1663 3711 1721 3755 ut
1757 3703 1893 3755 hanc
1937 3703 2132 3756 malam

551 3790 640 3844 ille
672 3791 1045 3859 cogitationem
1076 3791 1347 3861 abjiceret.
1378 3792 1559 3860 Neque
1588 3792 1730 3845 enim
1782 3792 1834 3845 in
1876 3807 2029 3847 cmua
2066 3792 2132 3845 ab

549 3897 615 3936 eo
641 3882 877 3936 curando
906 3882 1142 3948 destitit,
1173 3883 1266 3938 sed
1300 3899 1466 3953 usque
1508 3884 1574 3937 ad
1610 3884 1849 3937 ultimum
1880 3885 2019 3937 diem
2051 3884 2133 3938 his

552 3974 616 4027 de
646 3974 802 4027 rebus
831 3974 1002 4042 ipsum
1030 3974 1414 4044 alloquebatur.
1444 3975 1548 4029 Sed
1582 3976 1711 4029 nihil
1737 3978 1785 4029 id
1815 3977 1888 4029 illi
1916 3977 2131 4046 profuit.

550 4065 657 4119 Nec
688 4075 861 4119 tamen
892 4067 1010 4120 ideo
1042 4067 1296 4121 Dominus
1325 4070 1557 4121 cessavit
1582 4085 1699 4139 qua:
1738 4084 1830 4122 sua
1874 4078 2027 4123 erant
2053 4070 2133 4123 fa-

549 4172 695 4211 cere.
724 4156 848 4211 [hec
892 4158 1066 4227 itaque
1106 4174 1227 4212 cum
1272 4175 1370 4212 nos
1402 4162 1650 4223 sciamus,
1683 4160 1812 4214 nihil
1857 4178 1963 4215 non
2008 4177 2135 4232 aga-

554 4263 674 4303 mus
702 4249 769 4303 ad
791 4251 1121 4305 revocandos
1144 4264 1447 4320 peccatores
1471 4263 1523 4306 et
1551 4252 1789 4317 desides,
1822 4264 2100 4308 monentes
2118 4295 2133 4321 ,

553 4341 810 4395 docentes
833 4382 849 4407 ,
879 4340 1242 4408 obsecrantes,
1274 4342 1548 4397 hortantes
1572 4385 1586 4406 ,
1616 4345 1893 4399 consilium
1925 4344 2133 4413 dantes,

550 4432 648 4485 etsi
693 4430 823 4485 nihﬂ
869 4433 1229 4501 proﬁciamus.
1257 4433 1388 4487 Nam
1423 4433 1665 4489 Christus
1715 4436 2021 4504 przeseiebat
2047 4437 2139 4492 Ju-

553 4525 678 4579 dam
710 4540 995 4594 numquam
1018 4526 1409 4580 emendandum
1442 4526 1553 4581 fore
1582 4545 1595 4581 :
1623 4536 1676 4581 et
1705 4538 1881 4583 tamen
1911 4545 2014 4582 non
2044 4529 2139 4584 de-

550 4616 771 4670 sistebat
791 4630 883 4670 sua
909 4616 1107 4684 facere,
1131 4617 1418 4681 monendo,
1448 4620 1847 4686 comminando,
1881 4621 2134 4675 miserum

550 4708 800 4775 dicendo,
828 4717 882 4763 et
912 4725 1198 4780 numquam
1224 4710 1387 4776 clare,
1415 4712 1509 4767 sed
1539 4713 1886 4769 subobscure.
1912 4714 1967 4769 lu
1995 4715 2138 4784 ipso-

557 4815 663 4869 que
706 4801 1021 4870 proditionis
1064 4811 1343 4875 tempore,
1384 4804 1715 4861 osculantem
1758 4822 1816 4860 se
1848 4808 2002 4861 tulit:
2045 4808 2139 4863 sed

559 4892 691 4946 nihil
723 4893 811 4947 illa
836 4893 1105 4963 profuere.
1136 4895 1366 4950 Tantum
1393 4906 1476 4951 est
1500 4899 1718 4953 avaritia
1748 4900 1946 4955 malum
1981 4920 1993 4955 :
2026 4900 2142 4959 hazc

549 4981 744 5050 quippe
760 4981 909 5038 illum
926 4999 978 5039 et
993 4985 1306 5056 sacrilegum
1329 4994 1381 5040 et
1396 4988 1719 5057 proditorem
1737 4990 1929 5045 effecit.
1951 4994 2143 5051 Audite

551 5089 738 5128 oiuues
766 5078 950 5145 avari,
975 5079 1060 5147 qui
1088 5077 1239 5132 ,Ιιιάιε
1275 5080 1461 5133 morbo
1518 5080 1773 5137 laboratis
1803 5100 1817 5138 τ
1872 5085 2050 5141 audite
2090 5098 2145 5142 et

550 5176 734 5222 cavete
754 5169 903 5223 vobis
926 5170 994 5225 ab
1020 5171 1110 5225 illo
1133 5172 1341 5227 morbo.
1370 5172 1500 5227 Nam
1528 5174 1571 5227 si
1612 5177 1656 5229 is
1682 5177 1910 5245 quicum
1931 5178 2145 5236 Christo

554 5258 808 5325 vivebat,
840 5262 928 5330 qui
960 5260 1107 5332 signa
1132 5262 1408 5329 ediderat,
1440 5264 1530 5334 qui
1572 5274 1713 5319 tanta
1746 5266 2021 5324 fruebatur
2042 5270 2144 5325 do-

548 5351 743 5415 ctrina,
774 5353 894 5423 quia
924 5354 990 5407 ab
1013 5355 1112 5409 hoc
1132 5357 1319 5410 morbo
1340 5372 1447 5411 non
1470 5374 1528 5413 se
1547 5360 1835 5429 expedivit,
1858 5360 1911 5416 in
1943 5373 2143 5419 tantum

551 5442 853 5497 barathrum
877 5445 1122 5515 delapsus
1140 5457 1241 5511 est;
1264 5449 1430 5502 multo
1453 5450 1619 5519 magis
1640 5465 1754 5516 vos,
1783 5452 1868 5520 qui
1891 5469 1988 5507 nec
2007 5456 2148 5510 Scri-

554 5544 737 5602 pturas
762 5535 1003 5601 audistis,
1030 5538 1119 5607 qui
1138 5553 1350 5607 semper
1367 5541 1717 5608 prtesentibus
1739 5542 1931 5597 addicti
1953 5543 2139 5611 fuistis,

551 5626 617 5679 ab
646 5627 744 5681 hoc
776 5629 963 5684 morbo
986 5628 1141 5684 facile
1167 5632 1471 5700 capiemini,
1503 5634 1601 5687 nisi
1622 5635 1835 5689 assidue
1866 5636 1964 5706 ipsi
1994 5637 2144 5692 advi-

550 5720 744 5787 gdetts.
766 5720 1011 5788 Quotidie
1034 5722 1120 5777 illc
1142 5738 1259 5776 eam
1279 5723 1491 5778 Christo
1512 5735 1645 5790 erat,
1671 5730 1759 5797 qui
1786 5742 1888 5781 non
1913 5726 2142 5783 habebat

1244 293 1300 349 S.
1341 291 1617 348 JOANNIS
1654 282 2130 344 CllllYSOSTOMI
2171 281 2486 338 ARCHIEP.
2529 282 3060 340 CONSTANTlNOP.

3708 286 3823 340 728

2227 399 2313 451 ubi
2344 411 2501 468 caput
2530 416 2685 455 suum
2714 401 3034 465 reclinaret,
3083 410 3131 455 et
3166 401 3403 469 quntidie
3432 402 3499 455 ab
3545 401 3635 455 illo
3664 404 3820 456 msti-

2228 491 2472 545 tuebatur
2497 493 2748 561 operibus
2778 502 2834 547 et
2860 493 3061 558 verbis,
3095 508 3201 547 non
3227 504 3475 563 oportere
3505 508 3713 557 aurum,
3736 494 3823 547 vel

2226 590 2503 651 argentum
2533 623 2548 649 ,
2602 582 2688 637 vel
2718 582 2853 636 duas
2908 585 3112 636 tunicas
3142 582 3338 637 habere
3363 623 3379 647 ,
3427 598 3600 653 neque
3646 594 3826 638 tamen

2227 672 2451 742 resipuit
2482 690 2495 727 :
2524 680 2575 727 et
2622 672 2889 743 quomodo
2934 681 2987 727 tu
3016 688 3231 743 sperare
3280 684 3428 743 potes
3456 715 3473 741 ,
3519 684 3571 729 te
3612 674 3680 729 ab
3721 674 3827 729 hoc

2228 765 2415 819 morbo
2461 764 2792 819 liberandum
2823 780 2943 820 esse
2969 807 2984 830 ,
3015 765 3114 820 nisi
3146 766 3364 820 multam
3401 782 3581 821 curant
3613 778 3667 822 et
3706 768 3829 822 dili-

2226 856 2458 924 gentiam
2485 855 2740 910 adhibeas
2755 857 2779 906 Ἰ
2806 856 2958 910 Acris
2980 866 3081 919 est,
3105 858 3243 911 acris
3261 867 3407 913 certe
3429 868 3510 913 cst
3535 858 3649 914 haec
3670 857 3782 914 fera
3811 879 3825 913 :

2228 954 2459 998 attamen
2503 945 2547 998 si
2581 946 2712 999 velis
2738 987 2751 1009 ,
2802 945 2957 1001 facile
2988 947 3187 1001 vinces.
3221 947 3346 1003 Haec
3387 949 3528 1004 enim
3560 951 3828 1020 cupiditas

2228 1051 2332 1090 non
2366 1039 2670 1091 necessario
2699 1053 2728 1091 a
2769 1047 2954 1092 natura
2987 1039 3202 1109 prodit,
3247 1049 3304 1094 ut
3335 1041 3509 1111 palam
3552 1054 3634 1097 est
3663 1059 3730 1098 ex
3760 1045 3826 1097 iis

2227 1128 2315 1196 qui
2349 1128 2434 1181 illa
2461 1138 2706 1198 expertes
2731 1139 2856 1185 sunt
2882 1148 2895 1185 :
2920 1148 3040 1185 nam
3068 1147 3187 1201 qua:
3205 1147 3234 1185 a
3261 1142 3450 1188 natura
3480 1134 3827 1202 proficiscun-

2230 1226 2337 1283 tur,
2364 1226 2487 1272 sunt
2511 1220 2758 1274 omnibus
2787 1222 3124 1288 communia;
3159 1222 3273 1278 haec
3304 1238 3430 1279 vero
3460 1225 3723 1295 cupiditas
3750 1242 3820 1281 ex

2228 1307 2430 1363 desidia
2460 1310 2632 1364 solum
2662 1313 2899 1367 nascitur
2924 1331 2937 1367 :
2968 1313 3090 1369 inde
3119 1316 3376 1380 nascitur,
3410 1316 3536 1371 inde
3561 1328 3785 1387 augetur
3806 1360 3823 1384 ,

2230 1415 2426 1470 eosque
2456 1402 2543 1470 qui
2572 1402 2635 1456 ad
2661 1403 2830 1472 ipsam
2851 1403 3057 1459 inhiant
3082 1421 3201 1459 cum
3232 1407 3402 1461 sentel
3432 1410 3654 1477 ceperit,
3686 1411 3829 1479 cogit

2231 1501 2422 1560 pra-ter
2442 1504 2683 1548 naturam
2705 1496 2904 1551 vivere.
2926 1496 3056 1551 Nam
3074 1513 3194 1551 cum
3216 1499 3461 1568 ignorent
3477 1500 3825 1568 contribules,

2231 1583 2458 1651 amicos,
2488 1582 2703 1652 fratres,
2731 1597 3005 1656 cognatos,
3034 1603 3221 1644 omnes
3251 1590 3349 1643 sim
3362 1590 3600 1658 pliciter,
3630 1601 3827 1647 etcum

2233 1672 2319 1727 his
2344 1674 2503 1728 etiam
2533 1677 2761 1745 seipsos,
2796 1692 2975 1733 annon
3006 1679 3103 1732 hoc
3132 1690 3214 1734 est
3244 1690 3437 1749 praeter
3479 1692 3721 1737 naturam
3751 1685 3829 1738 vi-

2230 1766 2398 1821 vere?
2420 1764 2570 1822 Unde
2590 1769 2759 1837 palam
2778 1779 2879 1833 est,
2895 1771 3181 1841 nequitiam
3203 1788 3321 1827 esse
3343 1783 3536 1844 praeter
3560 1784 3825 1843 naturam,

2234 1872 2439 1912 necnon
2470 1860 2705 1915 avaritia:
2748 1862 2992 1916 morbum
3012 1903 3029 1929 ,
3065 1862 3117 1917 in
3148 1880 3305 1933 quem
3340 1866 3590 1935 delapsus
3622 1866 3786 1923 Judas
3808 1910 3825 1934 ,

2237 1949 2480 2017 proditor
2513 1950 2682 2005 factus
2705 1966 2806 2009 est.
2839 1953 2907 2009 Et
2932 1956 3200 2025 quomodo
3229 1957 3347 2011 talis
3378 1959 3545 2012 factus
3590 1971 3675 2014 est
3695 2002 3708 2024 ,
3739 1961 3827 2015 in-

2231 2043 2418 2113 quies,
2448 2054 2665 2100 voc:ttus
2706 2064 2734 2100 a
2761 2048 3015 2103 Christo?
3058 2049 3190 2117 Quia
3237 2049 3331 2105 Dei
3362 2054 3571 2107 vocatio
3616 2054 3821 2108 nullum

2231 2137 2411 2203 cogit,
2443 2152 2614 2205 neque
2658 2138 2962 2194 violentiam
3013 2141 3173 2195 infert
3201 2144 3455 2197 voluntati
3497 2160 3682 2199 eorum
3727 2148 3815 2215 qui

2234 2230 2423 2283 nolunt
2453 2231 2695 2285 virtutem
2734 2233 2931 2302 eligere
2956 2276 2971 2299 ,
3010 2235 3102 2289 sed
3135 2234 3378 2290 hortatur
3416 2236 3611 2306 datque
3650 2241 3830 2293 consi-

2235 2314 2396 2385 lium',
2425 2331 2583 2390 atque
2612 2323 2789 2377 omnia
2826 2325 2949 2378 facit
2974 2335 3029 2380 et
3056 2337 3309 2394 operatur
3332 2368 3346 2393 ,
3380 2338 3437 2382 ut
3456 2329 3677 2384 suadeat
3704 2346 3824 2386 esse

2234 2408 2403 2462 bonos
2434 2431 2445 2464 :
2478 2411 2522 2463 si
2552 2425 2678 2465 vero
2703 2412 2917 2481 quidam
2949 2425 3279 2485 repugnent,
3316 2433 3420 2472 non
3449 2421 3822 2475 necessitatem

2235 2498 2416 2554 infert.
2450 2500 2505 2554 Si
2552 2502 2629 2553 vis
2660 2501 2867 2557 discere
2889 2545 2902 2565 ,
2936 2505 3075 2560 unde
3106 2505 3217 2574 ipse
3245 2508 3363 2563 talis
3393 2508 3563 2563 factus
3592 2511 3694 2575 sit,
3740 2513 3822 2566 in-

2234 2592 2417 2646 venies
2464 2592 2634 2662 ipsum
2692 2596 3032 2664 pecuniarum
3095 2599 3383 2668 cupiditate
3432 2602 3671 2670 periisse.
3720 2604 3825 2659 Sed

2234 2684 2503 2752 quomodo
2529 2726 2544 2747 ,
2594 2685 2800 2755 inquies
2824 2728 2838 2751 ,
2891 2686 2990 2741 hac
3022 2689 3267 2755 passione
3311 2700 3494 2760 captos
3539 2693 3661 2747 est?
3695 2694 3826 2759 Quia

2235 2777 2391 2831 deses
2415 2777 2794 2849 negligensque
2822 2777 2939 2833 fuit.
2975 2780 3108 2835 Ilinc
3133 2784 3275 2837 enim
3321 2784 3455 2839 tales
3484 2785 3615 2839 fiunt
3656 2798 3827 2840 muta-

2238 2872 2430 2931 tiones,
2467 2882 2520 2923 ut
2550 2872 2878 2926 contrarium
2908 2888 2972 2927 ex
3000 2874 3273 2944 diligentia
3297 2877 3491 2930 evenit.
3522 2877 3662 2943 Quot
3680 2881 3821 2931 enim

2236 2963 2323 3032 qui
2356 2962 2572 3016 violenti
2605 2971 2756 3017 erant
2779 3004 2792 3027 ,
2843 2979 2987 3019 nunc
3026 2976 3151 3019 sunt
3177 2966 3365 3020 ovibus
3402 2970 3825 3024 mansuetiores?

2237 3065 2365 3125 quot
2392 3044 2591 3118 lascivi,
2627 3067 2807 3126 postea
2836 3059 2968 3112 casti
2997 3057 3247 3113 fuerunt?
3271 3068 3402 3128 quot
3426 3061 3570 3114 avari
3602 3071 3653 3115 et
3679 3077 3829 3129 rapa-

2236 3163 2346 3213 ces,
2370 3164 2508 3203 nunc
2533 3164 2624 3202 sua
2649 3148 3009 3217 profundunt?
3029 3150 3366 3205 Contrarium
3389 3167 3515 3205 vero
3541 3168 3603 3206 ex
3626 3152 3828 3206 desidia

2236 3241 2423 3295 oritur.
2456 3239 2588 3294 Nam
2617 3240 2762 3295 Giezi
2804 3258 2924 3295 cum
2954 3242 3071 3297 viro
3110 3253 3296 3297 sancto
3333 3245 3580 3311 vivebat,
3633 3255 3687 3299 et
3718 3245 3829 3313 ip~e

2238 3332 2510 3399 itnprobus
2538 3332 2725 3395 evasit,
2758 3334 2858 3386 hoc
2890 3334 3006 3401 ipso
3034 3336 3221 3387 morbo
3252 3334 3499 3388 laborans
3519 3376 3534 3400 ,
3564 3336 3650 3405 qui
3681 3347 3830 3391 certe

2238 3426 2473 3476 omnium
2515 3423 2838 3478 deterrimus
2870 3435 2952 3479 est
2993 3426 3084 3497 (4.
3116 3425 3245 3497 Reg.
3288 3425 3383 3497 5).
3416 3427 3547 3481 Hinc
3570 3428 3831 3497 prodeunt

2237 3516 2600 3584 sepulcrorum
2632 3517 2943 3581 ell‘ossores,
2975 3518 3095 3573 hinc
3121 3520 3417 3583 homicida),
3453 3520 3578 3575 hinc
3609 3522 3742 3575 bella
3773 3534 3827 3577 et

2241 3623 2447 3675 pugnae,
2478 3607 2598 3661 hinc
2620 3607 2843 3677 quodvis
2867 3609 3083 3663 malum.
3114 3610 3425 3679 llujusmodi
3455 3612 3614 3667 homo
3637 3614 3831 3685 ubique

2240 3700 2439 3753 inutilis
2465 3708 2566 3761 est,
2595 3711 2702 3754 tum
2730 3701 2794 3754 ad
2822 3703 3114 3756 exercitum
3141 3703 3464 3770 ducendum,
3498 3715 3607 3759 tum
3629 3706 3693 3758 ad
3723 3722 3827 3759 nia-

2238 3792 2489 3858 gislratns
2538 3792 2769 3845 urbanos
2812 3793 3079 3861 gerendus
3129 3811 3141 3847 :
3197 3795 3307 3846 imo
3358 3810 3460 3848 non
3514 3797 3562 3849 in
3611 3796 3832 3866 publicis

2240 3883 2400 3935 modo
2431 3884 2588 3936 rebus
2609 3922 2623 3947 ,
2656 3882 2747 3935 sed
2780 3883 2830 3936 in
2857 3882 3182 3937 domesticis.
3211 3885 3263 3938 Si
3296 3900 3428 3938 uxor
3454 3886 3690 3941 ducenda
3718 3889 3787 3941 sit
3814 3929 3828 3951 ,

2242 3989 2346 4028 non
2377 3974 2594 4044 probam
2621 3974 2796 4040 ducet,
2828 3976 2919 4030 sed
2946 3978 3181 4030 omnium
3211 3979 3492 4046 pessimam
3523 3997 3535 4031 :
3569 3981 3611 4034 si
3643 3980 3832 4036 domus

2240 4068 2461 4121 etnenda
2487 4108 2505 4133 ,
2538 4083 2639 4121 non
2672 4068 2838 4122 libero
2869 4068 3080 4140 dignam
3107 4080 3282 4132 emet,
3314 4072 3406 4125 scd
3434 4089 3551 4141 qua:
3577 4075 3830 4143 majorem

2243 4169 2555 4227 proventum
2598 4158 2789 4213 afferre
2816 4152 3020 4228 possit;
3051 4162 3093 4213 si
3126 4162 3264 4216 servi
3304 4163 3517 4218 emendi
3544 4206 3558 4229 ,
3587 4166 3671 4220 vel
3702 4166 3827 4234 quid

2242 4249 2406 4315 aliud,
2434 4249 2573 4319 quod
2600 4252 2754 4305 vilius
2779 4251 2879 4304 erit
2901 4260 3061 4305 emet.
3084 4252 3219 4320 Quid
3252 4269 3379 4307 vero
3401 4254 3587 4322 loquor
3612 4255 3677 4309 de
3698 4256 3833 4312 duce

2243 4342 2528 4407 exercitus,
2560 4340 2626 4395 de
2657 4342 2987 4411 magistratu,
3015 4344 3080 4398 de
3100 4345 3258 4398 rebus
3278 4345 3625 4401 domesticis?
3650 4347 3705 4402 Si
3739 4365 3831 4404 rex

2244 4430 2420 4494 fuerit,
2452 4434 2688 4485 omnium
2720 4433 3054 4488 miserrimus
3081 4436 3203 4499 erit,
3233 4436 3378 4490 orbis
3407 4439 3693 4506 pernicies,
3719 4458 3834 4493 otti-

2248 4524 2497 4593 niutnque
2514 4526 2899 4594 pauperrimus.
2920 4526 3048 4580 Nam
3070 4528 3204 4581 sicut
3232 4542 3419 4584 unuse
3440 4532 3595 4601 vulgo
3612 4532 3833 4589 allectus

2246 4615 2367 4680 erit,
2398 4629 2500 4668 non
2528 4625 2719 4685 putans
2740 4616 2976 4670 omnium
3005 4618 3142 4671 bona
3173 4633 3267 4673 sua
3293 4634 3409 4673 esse
3431 4661 3447 4685 ,
3477 4621 3568 4675 sed
3594 4636 3649 4675 διε
3672 4639 3831 4677 ιιηιιηι

2247 4723 2311 4762 ει
2342 4708 2521 4762 multis
2548 4750 2561 4773 ,
2589 4717 2643 4762 et
2668 4709 2793 4762 dum
2821 4711 3057 4763 omnium
3088 4710 3223 4764 b0na
3271 4713 3476 4780 rapiet,
3511 4715 3753 4782 pauciora
3776 4732 3833 4770 so

2250 4797 2453 4865 putabit
2481 4800 2689 4853 czcteris
2712 4800 2959 4855 omnibus
2991 4800 3211 4855 habere.
3234 4800 3365 4855 Nam
3396 4804 3481 4857 illa
3511 4820 3629 4874 quae
3660 4808 3831 4874 possi-

2248 4887 2340 4942 det
2382 4904 2699 4958 comparans
2750 4905 2869 4945 cum
2912 4892 2977 4945 iis
3017 4907 3134 4961 qua:
3184 4893 3329 4962 cupit
3373 4905 3428 4949 et
3472 4895 3705 4950 nondum
3750 4910 3833 4954 est

2249 4980 2492 5050 adeptus,
2520 4981 2648 5035 nihil
2682 4982 2767 5035 illa
2798 4983 2880 5036 his
2910 4985 3264 5053 comparanda
3294 4985 3498 5054 putabit
3526 5002 3665 5042 esse.

2284 5073 2339 5125 4.
2358 5070 2508 5125 Avari
2519 5073 2701 5142 imago.
2723 5070 2939 5141 lnﬁrma
2953 5074 3170 5143 nequitia
3186 5083 3276 5136 est,
3298 5076 3441 5145 fortis
3455 5075 3833 5131 virtus.Damnc

2249 5181 2363 5234 quae
2383 5175 2573 5218 tantum
2592 5166 2659 5219 ad
2677 5182 2858 5235 corpus
2884 5167 3144 5233 pertinent,
3177 5169 3371 5221 minimi
3396 5170 3834 5241 [ασίεηάααιηὶιηα

2253 5264 2368 5309 tunc
2393 5272 2584 5325 pauper
2603 5272 2715 5309 cum
2739 5257 2937 5310 divitias
2971 5258 3210 5325 possidet,
3241 5268 3358 5312 tunc
3382 5261 3515 5314 dives
3536 5278 3649 5314 cum
3679 5264 3826 5331 inaps

2251 5346 2546 5401 est—Ideo
2571 5347 2645 5400 ait
2669 5348 2904 5417 quidam,
2932 5350 3096 5402 Avaro
3117 5349 3243 5402 nihil
3270 5351 3489 5420 iniquius
3520 5350 3719 5424 (Eccli.
3746 5355 3833 5410 10.

2254 5438 2329 5513 9).
2351 5440 2482 5495 Nam
2506 5442 2594 5511 qui
2615 5440 2734 5495 talis
2752 5450 2852 5506 est,
2876 5441 3105 5512 seipsum
3123 5458 3331 5512 quoque
3353 5444 3590 5510 vendit‘,
3612 5455 3667 5501 et
3687 5461 3829 5500 eom-

2317 5557 2332 5587 ¹
2364 5554 2416 5603 1η
2440 5552 2649 5615 vulgatis
2671 5553 2973 5603 Edtttonibus
2993 5554 3170 5615 Graecis
3186 5554 3439 5605 Bibliorum
3474 5559 3669 5609 omnino
3705 5558 3835 5607 aliud

2253 5616 2453 5679 legitur,
2480 5614 2658 5677 nempe
2688 5631 2699 5665 :
2725 5615 2953 5675 Quoniam
2988 5616 3038 5665 in
3078 5614 3172 5664 vita
3208 5631 3297 5667 sua
3320 5617 3517 5679 proiecit
3540 5620 3707 5669 intima
3728 5635 3831 5670 sua.

2252 5679 2475 5741 Quaedam
2516 5686 2677 5741 autem
2724 5680 3023 5741 exemplaria
3056 5679 3127 5726 sic
3171 5679 3568 5741 habenttAvaro
3610 5681 3731 5733 nihil
3768 5690 3835 5733 est

2258 5738 2534 5800 scelestius;
2557 5740 2635 5790 hic
2658 5740 2785 5790 enim
2807 5747 2853 5791 et
2875 5738 3087 5789 aniutant
3109 5753 3246 5790 suam
3273 5740 3483 5792 venalem
3503 5743 3535 5805 Ῑ
3544 5745 3636 5794 .cit.
