  <div class='ocr_page' id='page_1' title='image "/cluster/home/n/w/nwhite01/storage/ocr_20150623/58/nnc1.0046979956/268.png"; bbox 0 0 4154 6370; ppageno 0'>
   <div class='ocr_carea' id='block_1_1' title="bbox 319 314 430 371">
    <p class='ocr_par' dir='ltr' id='par_1_1' title="bbox 319 314 430 371">
     <span class='ocr_line' id='line_1_1' title="bbox 319 314 430 371; baseline 0 -1"><span class='ocrx_word' id='word_1_1' title='bbox 319 314 430 371; x_wconf 65' lang='grc'>727</span> 
     </span>
    </p>
   </div>
   <div class='ocr_carea' id='block_1_2' title="bbox 325 435 1990 507">
    <p class='ocr_par' dir='ltr' id='par_1_2' title="bbox 325 435 1990 507">
     <span class='ocr_line' id='line_1_2' title="bbox 325 435 1990 507; baseline 0.001 -19"><span class='ocrx_word' id='word_1_2' title='bbox 325 437 578 504; x_wconf 85' lang='grc' dir='ltr'>γυναῖκες</span> <span class='ocrx_word' id='word_1_3' title='bbox 611 435 1057 506; x_wconf 74' lang='grc' dir='ltr'>πεπορνευμέναι,</span> <span class='ocrx_word' id='word_1_4' title='bbox 1093 435 1207 488; x_wconf 86' lang='grc' dir='ltr'>τότε</span> <span class='ocrx_word' id='word_1_5' title='bbox 1238 435 1396 497; x_wconf 81' lang='grc' dir='ltr'>αὐτὸς</span> <span class='ocrx_word' id='word_1_6' title='bbox 1426 436 1494 488; x_wconf 77' lang='grc' dir='ltr'>τὰ</span> <span class='ocrx_word' id='word_1_7' title='bbox 1516 436 1561 468; x_wconf 72' lang='grc'><strong>⁸⁸</strong></span> <span class='ocrx_word' id='word_1_8' title='bbox 1607 436 1851 490; x_wconf 88' lang='grc' dir='ltr'>διαϐόλου</span> <span class='ocrx_word' id='word_1_9' title='bbox 1880 439 1990 507; x_wconf 83' lang='grc' dir='ltr'>εἱρ-</span> 
     </span>
    </p>
   </div>
   <div class='ocr_carea' id='block_1_3' title="bbox 325 515 1988 586">
    <p class='ocr_par' dir='ltr' id='par_1_3' title="bbox 325 515 1988 586">
     <span class='ocr_line' id='line_1_3' title="bbox 325 515 1988 586; baseline 0 -18"><span class='ocrx_word' id='word_1_10' title='bbox 325 515 539 581; x_wconf 81' lang='grc' dir='ltr'>γάζετο.</span> <span class='ocrx_word' id='word_1_11' title='bbox 571 516 612 567; x_wconf 86' lang='grc' dir='ltr'><strong>Τ</strong></span> <span class='ocrx_word' id='word_1_12' title='bbox 620 516 634 566; x_wconf 88' lang='grc' dir='ltr'>ί</span> <span class='ocrx_word' id='word_1_13' title='bbox 663 515 859 584; x_wconf 88' lang='grc' dir='ltr'>δήποτε</span> <span class='ocrx_word' id='word_1_14' title='bbox 889 515 1134 583; x_wconf 89' lang='grc' dir='ltr'>λέγουσιν</span> <span class='ocrx_word' id='word_1_15' title='bbox 1162 515 1328 568; x_wconf 84' lang='grc' dir='ltr'>αὐτοῦ</span> <span class='ocrx_word' id='word_1_16' title='bbox 1353 516 1414 568; x_wconf 78' lang='grc' dir='ltr'>τὸ</span> <span class='ocrx_word' id='word_1_17' title='bbox 1463 517 1814 586; x_wconf 87' lang='grc' dir='ltr'>παράσημον;</span> <span class='ocrx_word' id='word_1_18' title='bbox 1869 518 1988 571; x_wconf 85' lang='grc' dir='ltr'>Ὅτι</span> 
     </span>
    </p>
   </div>
   <div class='ocr_carea' id='block_1_4' title="bbox 323 590 1988 666">
    <p class='ocr_par' dir='ltr' id='par_1_4' title="bbox 323 590 1988 666">
     <span class='ocr_line' id='line_1_4' title="bbox 323 590 1988 666; baseline 0.002 -22"><span class='ocrx_word' id='word_1_19' title='bbox 323 590 390 662; x_wconf 83' lang='grc' dir='ltr'>ἦν</span> <span class='ocrx_word' id='word_1_20' title='bbox 419 595 513 646; x_wconf 70' lang='grc' dir='ltr'>καὶ</span> <span class='ocrx_word' id='word_1_21' title='bbox 544 594 700 658; x_wconf 82' lang='grc' dir='ltr'>ἄλλος</span> <span class='ocrx_word' id='word_1_22' title='bbox 735 593 958 658; x_wconf 85' lang='grc' dir='ltr'>Ἰούδας.</span> <span class='ocrx_word' id='word_1_23' title='bbox 988 595 1098 648; x_wconf 86' lang='lat' dir='ltr'>Kal</span> <span class='ocrx_word' id='word_1_24' title='bbox 1125 595 1243 648; x_wconf 85' lang='grc' dir='ltr'>οὐδὲ</span> <span class='ocrx_word' id='word_1_25' title='bbox 1275 595 1658 666; x_wconf 81' lang='grc' dir='ltr'>παραιτοῦνται</span> <span class='ocrx_word' id='word_1_26' title='bbox 1683 598 1878 657; x_wconf 86' lang='grc' dir='ltr'>εἰπεῖν,</span> <span class='ocrx_word' id='word_1_27' title='bbox 1908 596 1988 649; x_wconf 86' lang='grc' dir='ltr'>ὅτι</span> 
     </span>
    </p>
   </div>
   <div class='ocr_carea' id='block_1_5' title="bbox 321 671 1989 746">
    <p class='ocr_par' dir='ltr' id='par_1_5' title="bbox 321 671 1989 746">
     <span class='ocr_line' id='line_1_5' title="bbox 321 671 1989 746; baseline 0 -18"><span class='ocrx_word' id='word_1_28' title='bbox 321 673 432 728; x_wconf 81' lang='grc' dir='ltr'>ἀπὸ</span> <span class='ocrx_word' id='word_1_29' title='bbox 457 675 564 728; x_wconf 80' lang='grc' dir='ltr'>τῶν</span> <span class='ocrx_word' id='word_1_30' title='bbox 588 675 793 730; x_wconf 80' lang='grc' dir='ltr'>δώδεκα</span> <span class='ocrx_word' id='word_1_31' title='bbox 828 671 896 745; x_wconf 79' lang='grc' dir='ltr'>ἦν</span> <span class='ocrx_word' id='word_1_32' title='bbox 915 675 958 708; x_wconf 76' lang='grc'>⁸³</span> <span class='ocrx_word' id='word_1_33' title='bbox 978 693 991 706; x_wconf 90' lang='grc'><strong>·</strong></span> <span class='ocrx_word' id='word_1_34' title='bbox 1032 675 1204 739; x_wconf 76' lang='grc' dir='ltr'>οὔτως</span> <span class='ocrx_word' id='word_1_35' title='bbox 1228 675 1377 728; x_wconf 88' lang='grc' dir='ltr'>οὐδὲν</span> <span class='ocrx_word' id='word_1_36' title='bbox 1410 674 1709 746; x_wconf 79' lang='grc' dir='ltr'>κρύπτουσι</span> <span class='ocrx_word' id='word_1_37' title='bbox 1745 675 1852 729; x_wconf 87' lang='grc' dir='ltr'>τῶν</span> <span class='ocrx_word' id='word_1_38' title='bbox 1904 677 1989 729; x_wconf 82' lang='grc' dir='ltr'>δο-</span> 
     </span>
    </p>
   </div>
   <div class='ocr_carea' id='block_1_6' title="bbox 327 749 1986 823">
    <p class='ocr_par' dir='ltr' id='par_1_6' title="bbox 327 749 1986 823">
     <span class='ocr_line' id='line_1_6' title="bbox 327 749 1986 823; baseline 0.001 -18"><span class='ocrx_word' id='word_1_39' title='bbox 327 751 564 806; x_wconf 84' lang='grc' dir='ltr'>κούντων</span> <span class='ocrx_word' id='word_1_40' title='bbox 610 749 746 806; x_wconf 82' lang='grc' dir='ltr'>εἶναι</span> <span class='ocrx_word' id='word_1_41' title='bbox 776 754 1169 807; x_wconf 87' lang='grc' dir='ltr'>ἐπονειδίστων.</span> <span class='ocrx_word' id='word_1_42' title='bbox 1214 753 1401 808; x_wconf 82' lang='grc' dir='ltr'>Καίτοι</span> <span class='ocrx_word' id='word_1_43' title='bbox 1440 753 1564 823; x_wconf 80' lang='grc' dir='ltr'>ἐνῆν</span> <span class='ocrx_word' id='word_1_44' title='bbox 1618 756 1788 807; x_wconf 75' lang='grc' dir='ltr'>εἰπεῖν</span> <span class='ocrx_word' id='word_1_45' title='bbox 1816 753 1986 817; x_wconf 72' lang='grc' dir='ltr'>οὕτως</span> 
     </span>
    </p>
   </div>
   <div class='ocr_carea' id='block_1_7' title="bbox 327 827 1989 906">
    <p class='ocr_par' dir='ltr' id='par_1_7' title="bbox 327 827 1989 906">
     <span class='ocr_line' id='line_1_7' title="bbox 327 827 1989 906; baseline 0 -22"><span class='ocrx_word' id='word_1_46' title='bbox 327 831 532 906; x_wconf 80' lang='grc' dir='ltr'>ἁπλῶς,</span> <span class='ocrx_word' id='word_1_47' title='bbox 561 832 772 885; x_wconf 82' lang='grc' dir='ltr'>ὅτιτῶν</span> <span class='ocrx_word' id='word_1_48' title='bbox 800 831 1054 902; x_wconf 83' lang='grc' dir='ltr'><strong>μαθητῶν</strong></span> <span class='ocrx_word' id='word_1_49' title='bbox 1093 833 1255 886; x_wconf 88' lang='grc' dir='ltr'>αὐτοῦ</span> <span class='ocrx_word' id='word_1_50' title='bbox 1306 850 1390 894; x_wconf 89' lang='grc' dir='ltr'>τις</span> <span class='ocrx_word' id='word_1_51' title='bbox 1429 827 1529 903; x_wconf 82' lang='grc' dir='ltr'>ἦν·</span> <span class='ocrx_word' id='word_1_52' title='bbox 1569 827 1710 903; x_wconf 81' lang='grc' dir='ltr'>ἦσαν</span> <span class='ocrx_word' id='word_1_53' title='bbox 1750 832 1857 902; x_wconf 88' lang='grc' dir='ltr'>γὰρ</span> <span class='ocrx_word' id='word_1_54' title='bbox 1895 833 1989 884; x_wconf 70' lang='grc' dir='ltr'>καὶ</span> 
     </span>
    </p>
   </div>
   <div class='ocr_carea' id='block_1_8' title="bbox 324 909 1990 982">
    <p class='ocr_par' dir='ltr' id='par_1_8' title="bbox 324 909 1990 982">
     <span class='ocr_line' id='line_1_8' title="bbox 324 909 1990 982; baseline -0.001 -18"><span class='ocrx_word' id='word_1_55' title='bbox 324 911 492 965; x_wconf 72' lang='grc' dir='ltr'>ἄλλοι.</span> <span class='ocrx_word' id='word_1_56' title='bbox 546 911 658 964; x_wconf 84' lang='grc' dir='ltr'>Νῦν</span> <span class='ocrx_word' id='word_1_57' title='bbox 701 911 758 964; x_wconf 86' lang='grc' dir='ltr'>δέ</span> <span class='ocrx_word' id='word_1_58' title='bbox 800 911 1167 982; x_wconf 83' lang='grc' dir='ltr'>προστιθέασι,</span> <span class='ocrx_word' id='word_1_59' title='bbox 1201 909 1323 964; x_wconf 83' lang='grc' dir='ltr'>Τῶν</span> <span class='ocrx_word' id='word_1_60' title='bbox 1353 910 1602 973; x_wconf 82' lang='grc' dir='ltr'>δώδεκα,</span> <span class='ocrx_word' id='word_1_61' title='bbox 1649 911 1848 964; x_wconf 76' lang='grc' dir='ltr'>ὡσανεὶ</span> <span class='ocrx_word' id='word_1_62' title='bbox 1877 910 1990 963; x_wconf 82' lang='grc' dir='ltr'>ἐλε-</span> 
     </span>
    </p>
   </div>
   <div class='ocr_carea' id='block_1_9' title="bbox 326 989 1984 1062">
    <p class='ocr_par' dir='ltr' id='par_1_9' title="bbox 326 989 1984 1062">
     <span class='ocr_line' id='line_1_9' title="bbox 326 989 1984 1062; baseline -0.001 -20"><span class='ocrx_word' id='word_1_63' title='bbox 326 1009 418 1058; x_wconf 89' lang='grc' dir='ltr'>γον</span> <span class='ocrx_word' id='word_1_64' title='bbox 443 993 508 1057; x_wconf 71' lang='grc'>⁸⁸,</span> <span class='ocrx_word' id='word_1_65' title='bbox 543 990 634 1045; x_wconf 88' lang='grc' dir='ltr'>τοῦ</span> <span class='ocrx_word' id='word_1_66' title='bbox 665 989 882 1062; x_wconf 84' lang='grc' dir='ltr'>πρώτου</span> <span class='ocrx_word' id='word_1_67' title='bbox 905 990 1066 1060; x_wconf 86' lang='grc' dir='ltr'>χοροῦ</span> <span class='ocrx_word' id='word_1_68' title='bbox 1107 991 1214 1044; x_wconf 89' lang='grc' dir='ltr'>τῶν</span> <span class='ocrx_word' id='word_1_69' title='bbox 1237 989 1543 1062; x_wconf 74' lang='grc' dir='ltr'>ἀριστίνδην</span> <span class='ocrx_word' id='word_1_70' title='bbox 1575 989 1984 1059; x_wconf 76' lang='grc' dir='ltr'>ἐξειλεγμένων,</span> 
     </span>
    </p>
   </div>
   <div class='ocr_carea' id='block_1_10' title="bbox 324 1068 1984 1142">
    <p class='ocr_par' dir='ltr' id='par_1_10' title="bbox 324 1068 1984 1142">
     <span class='ocr_line' id='line_1_10' title="bbox 324 1068 1984 1142; baseline -0.002 -17"><span class='ocrx_word' id='word_1_71' title='bbox 324 1073 430 1126; x_wconf 88' lang='grc' dir='ltr'>τῶν</span> <span class='ocrx_word' id='word_1_72' title='bbox 471 1072 608 1140; x_wconf 86' lang='grc' dir='ltr'>μετά</span> <span class='ocrx_word' id='word_1_73' title='bbox 643 1073 848 1142; x_wconf 77' lang='grc' dir='ltr'>Πέτρου</span> <span class='ocrx_word' id='word_1_74' title='bbox 892 1071 987 1124; x_wconf 70' lang='grc' dir='ltr'>καὶ</span> <span class='ocrx_word' id='word_1_75' title='bbox 1019 1070 1286 1125; x_wconf 86' lang='grc' dir='ltr'>Ἰωάννου.</span> <span class='ocrx_word' id='word_1_76' title='bbox 1335 1070 1480 1133; x_wconf 81' lang='grc' dir='ltr'>Ἐνὺς</span> <span class='ocrx_word' id='word_1_77' title='bbox 1511 1068 1619 1140; x_wconf 84' lang='lat'>7&amp;9</span> <span class='ocrx_word' id='word_1_78' title='bbox 1643 1069 1823 1132; x_wconf 89' lang='grc' dir='ltr'>αὐτοῖς</span> <span class='ocrx_word' id='word_1_79' title='bbox 1856 1068 1984 1140; x_wconf 76' lang='grc' dir='ltr'>ἔμε⁹</span> 
     </span>
    </p>
   </div>
   <div class='ocr_carea' id='block_1_11' title="bbox 324 1146 1986 1221">
    <p class='ocr_par' dir='ltr' id='par_1_11' title="bbox 324 1146 1986 1221">
     <span class='ocr_line' id='line_1_11' title="bbox 324 1146 1986 1221; baseline -0.001 -19"><span class='ocrx_word' id='word_1_80' title='bbox 324 1151 404 1213; x_wconf 87' lang='grc' dir='ltr'>λε,</span> <span class='ocrx_word' id='word_1_81' title='bbox 435 1150 535 1220; x_wconf 82' lang='grc' dir='ltr'>τῆς</span> <span class='ocrx_word' id='word_1_82' title='bbox 561 1150 817 1221; x_wconf 80' lang='grc' dir='ltr'>ἀληθείας</span> <span class='ocrx_word' id='word_1_83' title='bbox 839 1149 1025 1220; x_wconf 88' lang='grc' dir='ltr'>μόνης,</span> <span class='ocrx_word' id='word_1_84' title='bbox 1054 1151 1115 1202; x_wconf 86' lang='grc' dir='ltr'>οὐ</span> <span class='ocrx_word' id='word_1_85' title='bbox 1142 1147 1235 1202; x_wconf 89' lang='grc' dir='ltr'>τοῦ</span> <span class='ocrx_word' id='word_1_86' title='bbox 1277 1150 1568 1203; x_wconf 76' lang='grc' dir='ltr'>συσκιάσαι</span> <span class='ocrx_word' id='word_1_87' title='bbox 1607 1146 1678 1199; x_wconf 88' lang='grc' dir='ltr'>τά</span> <span class='ocrx_word' id='word_1_88' title='bbox 1708 1148 1986 1218; x_wconf 89' lang='grc' dir='ltr'>γινόμενα.</span> 
     </span>
    </p>
   </div>
   <div class='ocr_carea' id='block_1_12' title="bbox 323 1226 1988 1300">
    <p class='ocr_par' dir='ltr' id='par_1_12' title="bbox 323 1226 1988 1300">
     <span class='ocr_line' id='line_1_12' title="bbox 323 1226 1988 1300; baseline 0.001 -20"><span class='ocrx_word' id='word_1_89' title='bbox 323 1230 420 1282; x_wconf 86' lang='grc' dir='ltr'>Διά</span> <span class='ocrx_word' id='word_1_90' title='bbox 447 1229 603 1282; x_wconf 91' lang='grc' dir='ltr'>τοῦτο</span> <span class='ocrx_word' id='word_1_91' title='bbox 628 1228 736 1281; x_wconf 88' lang='grc' dir='ltr'>τῶν</span> <span class='ocrx_word' id='word_1_92' title='bbox 769 1229 866 1298; x_wconf 90' lang='grc' dir='ltr'>μέν</span> <span class='ocrx_word' id='word_1_93' title='bbox 897 1227 1136 1299; x_wconf 75' lang='grc' dir='ltr'>σημείων</span> <span class='ocrx_word' id='word_1_94' title='bbox 1187 1227 1354 1281; x_wconf 77' lang='grc' dir='ltr'>πολλὰ</span> <span class='ocrx_word' id='word_1_95' title='bbox 1381 1229 1812 1300; x_wconf 78' lang='grc' dir='ltr'>παρατρέχουσι,</span> <span class='ocrx_word' id='word_1_96' title='bbox 1841 1226 1988 1300; x_wconf 83' lang='grc'>[769]</span> 
     </span>
    </p>
   </div>
   <div class='ocr_carea' id='block_1_13' title="bbox 323 1304 1986 1379">
    <p class='ocr_par' dir='ltr' id='par_1_13' title="bbox 323 1304 1986 1379">
     <span class='ocr_line' id='line_1_13' title="bbox 323 1304 1986 1379; baseline 0.001 -22"><span class='ocrx_word' id='word_1_97' title='bbox 323 1306 429 1358; x_wconf 91' lang='grc' dir='ltr'>τῶν</span> <span class='ocrx_word' id='word_1_98' title='bbox 440 1307 496 1359; x_wconf 80' lang='grc' dir='ltr'>δὲ</span> <span class='ocrx_word' id='word_1_99' title='bbox 513 1306 809 1360; x_wconf 81' lang='grc' dir='ltr'>δοκούντων</span> <span class='ocrx_word' id='word_1_100' title='bbox 826 1307 1196 1360; x_wconf 80' lang='grc' dir='ltr'>ἐπονειδίστων</span> <span class='ocrx_word' id='word_1_101' title='bbox 1213 1304 1347 1360; x_wconf 82' lang='grc' dir='ltr'>εἶναι</span> <span class='ocrx_word' id='word_1_102' title='bbox 1367 1308 1514 1361; x_wconf 78' lang='grc' dir='ltr'>οὐδὲν</span> <span class='ocrx_word' id='word_1_103' title='bbox 1530 1309 1986 1379; x_wconf 64' lang='grc' dir='ltr'>ἀποκρύπτονται,</span> 
     </span>
    </p>
   </div>
   <div class='ocr_carea' id='block_1_14' title="bbox 322 1386 1986 1464">
    <p class='ocr_par' dir='ltr' id='par_1_14' title="bbox 322 1386 1986 1464">
     <span class='ocr_line' id='line_1_14' title="bbox 322 1386 1986 1464; baseline 0.001 -26"><span class='ocrx_word' id='word_1_104' title='bbox 322 1386 457 1440; x_wconf 90' lang='grc' dir='ltr'>ἀλλά</span> <span class='ocrx_word' id='word_1_105' title='bbox 485 1386 584 1440; x_wconf 84' lang='grc' dir='ltr'>κᾶν</span> <span class='ocrx_word' id='word_1_106' title='bbox 621 1391 790 1464; x_wconf 80' lang='grc' dir='ltr'>ῥῆμα.</span> <span class='ocrx_word' id='word_1_107' title='bbox 838 1387 940 1440; x_wconf 82' lang='grc' dir='ltr'>κᾶν</span> <span class='ocrx_word' id='word_1_108' title='bbox 974 1389 1222 1458; x_wconf 84' lang='grc' dir='ltr'>πρᾶγμα,</span> <span class='ocrx_word' id='word_1_109' title='bbox 1265 1389 1366 1442; x_wconf 80' lang='grc' dir='ltr'>κᾶν</span> <span class='ocrx_word' id='word_1_110' title='bbox 1393 1386 1625 1464; x_wconf 82' lang='grc' dir='ltr'>ὁτιοῦνῇ</span> <span class='ocrx_word' id='word_1_111' title='bbox 1657 1389 1891 1443; x_wconf 83' lang='grc' dir='ltr'>τοιοῦτον</span> <span class='ocrx_word' id='word_1_112' title='bbox 1920 1389 1986 1454; x_wconf 82' lang='grc'>⁰¹,</span> 
     </span>
    </p>
   </div>
   <div class='ocr_carea' id='block_1_15' title="bbox 327 1463 1287 1536">
    <p class='ocr_par' dir='ltr' id='par_1_15' title="bbox 327 1463 1287 1536">
     <span class='ocr_line' id='line_1_15' title="bbox 327 1463 1287 1536; baseline 0.003 -20"><span class='ocrx_word' id='word_1_113' title='bbox 327 1464 467 1535; x_wconf 81' lang='grc' dir='ltr'>μετά</span> <span class='ocrx_word' id='word_1_114' title='bbox 496 1463 805 1534; x_wconf 71' lang='grc' dir='ltr'>παρρησίας</span> <span class='ocrx_word' id='word_1_115' title='bbox 833 1465 1287 1536; x_wconf 87' lang='grc' dir='ltr'>άνακηρύττουσι.</span> 
     </span>
    </p>
   </div>
   <div class='ocr_carea' id='block_1_16' title="bbox 392 1538 1988 1617">
    <p class='ocr_par' dir='ltr' id='par_1_16' title="bbox 392 1538 1988 1617">
     <span class='ocr_line' id='line_1_16' title="bbox 392 1538 1988 1617; baseline 0.004 -21"><span class='ocrx_word' id='word_1_116' title='bbox 392 1549 462 1613; x_wconf 84' lang='grc' dir='ltr'>γ’.</span> <span class='ocrx_word' id='word_1_117' title='bbox 498 1543 608 1596; x_wconf 76' lang='grc' dir='ltr'>Καὶ</span> <span class='ocrx_word' id='word_1_118' title='bbox 649 1545 746 1614; x_wconf 89' lang='grc' dir='ltr'>οὐχ</span> <span class='ocrx_word' id='word_1_119' title='bbox 772 1538 914 1598; x_wconf 69' lang='grc' dir='ltr'>οὗτοι</span> <span class='ocrx_word' id='word_1_120' title='bbox 957 1547 1137 1614; x_wconf 87' lang='grc' dir='ltr'>μόνον,</span> <span class='ocrx_word' id='word_1_121' title='bbox 1167 1545 1301 1600; x_wconf 88' lang='grc' dir='ltr'>άλλά</span> <span class='ocrx_word' id='word_1_122' title='bbox 1329 1547 1424 1601; x_wconf 80' lang='grc' dir='ltr'>καὶ</span> <span class='ocrx_word' id='word_1_123' title='bbox 1452 1547 1611 1611; x_wconf 81' lang='grc' dir='ltr'>αὐτὸς</span> <span class='ocrx_word' id='word_1_124' title='bbox 1632 1549 1661 1601; x_wconf 87' lang='grc' dir='ltr'>ό</span> <span class='ocrx_word' id='word_1_125' title='bbox 1687 1545 1756 1600; x_wconf 89' lang='grc' dir='ltr'>τά</span> <span class='ocrx_word' id='word_1_126' title='bbox 1790 1547 1988 1617; x_wconf 66' lang='grc' dir='ltr'>ὑψηλό-</span> 
     </span>
    </p>
   </div>
   <div class='ocr_carea' id='block_1_17' title="bbox 323 1621 1988 1698">
    <p class='ocr_par' dir='ltr' id='par_1_17' title="bbox 323 1621 1988 1698">
     <span class='ocr_line' id='line_1_17' title="bbox 323 1621 1988 1698; baseline 0.005 -23"><span class='ocrx_word' id='word_1_127' title='bbox 323 1639 456 1693; x_wconf 88' lang='grc' dir='ltr'>τερα</span> <span class='ocrx_word' id='word_1_128' title='bbox 485 1621 850 1692; x_wconf 82' lang='grc' dir='ltr'>φθεγγόμενος</span> <span class='ocrx_word' id='word_1_129' title='bbox 884 1623 1150 1695; x_wconf 84' lang='grc' dir='ltr'>Ἰωάννης.</span> <span class='ocrx_word' id='word_1_130' title='bbox 1199 1625 1370 1690; x_wconf 72' lang='grc' dir='ltr'>Αὐτὸς</span> <span class='ocrx_word' id='word_1_131' title='bbox 1399 1626 1507 1698; x_wconf 76' lang='grc' dir='ltr'>γὰρ</span> <span class='ocrx_word' id='word_1_132' title='bbox 1561 1627 1791 1697; x_wconf 86' lang='grc' dir='ltr'>μάλιστα</span> <span class='ocrx_word' id='word_1_133' title='bbox 1837 1629 1988 1697; x_wconf 89' lang='grc' dir='ltr'>λέγει</span> 
     </span>
    </p>
   </div>
   <div class='ocr_carea' id='block_1_18' title="bbox 323 1701 1980 1779">
    <p class='ocr_par' dir='ltr' id='par_1_18' title="bbox 323 1701 1980 1779">
     <span class='ocr_line' id='line_1_18' title="bbox 323 1701 1980 1779; baseline 0.006 -25"><span class='ocrx_word' id='word_1_134' title='bbox 323 1704 417 1755; x_wconf 80' lang='grc' dir='ltr'>καὶ</span> <span class='ocrx_word' id='word_1_135' title='bbox 444 1701 542 1765; x_wconf 81' lang='grc' dir='ltr'>τὰς</span> <span class='ocrx_word' id='word_1_136' title='bbox 576 1701 760 1772; x_wconf 76' lang='grc' dir='ltr'>ὕϐρεις</span> <span class='ocrx_word' id='word_1_137' title='bbox 807 1703 900 1756; x_wconf 75' lang='grc' dir='ltr'>καὶ</span> <span class='ocrx_word' id='word_1_138' title='bbox 949 1701 1017 1755; x_wconf 91' lang='grc' dir='ltr'>τά</span> <span class='ocrx_word' id='word_1_139' title='bbox 1060 1703 1230 1774; x_wconf 84' lang='grc' dir='ltr'>ὀνείδη</span> <span class='ocrx_word' id='word_1_140' title='bbox 1272 1704 1342 1758; x_wconf 79' lang='grc' dir='ltr'>τά</span> <span class='ocrx_word' id='word_1_141' title='bbox 1374 1707 1453 1769; x_wconf 72' lang='grc' dir='ltr'>είς</span> <span class='ocrx_word' id='word_1_142' title='bbox 1493 1707 1654 1760; x_wconf 73' lang='grc' dir='ltr'>αὐτὸν</span> <span class='ocrx_word' id='word_1_143' title='bbox 1691 1709 1980 1779; x_wconf 87' lang='grc' dir='ltr'>γενόμενα.</span> 
     </span>
    </p>
   </div>
   <div class='ocr_carea' id='block_1_19' title="bbox 323 1781 1985 1857">
    <p class='ocr_par' dir='ltr' id='par_1_19' title="bbox 323 1781 1985 1857">
     <span class='ocr_line' id='line_1_19' title="bbox 323 1781 1985 1857; baseline 0.004 -23"><span class='ocrx_word' id='word_1_144' title='bbox 323 1782 435 1835; x_wconf 83' lang='lat' dir='ltr'><strong><em>Kal</em></strong></span> <span class='ocrx_word' id='word_1_145' title='bbox 463 1781 564 1852; x_wconf 80' lang='grc' dir='ltr'>δρα</span> <span class='ocrx_word' id='word_1_146' title='bbox 591 1782 729 1852; x_wconf 86' lang='grc' dir='ltr'>πόση</span> <span class='ocrx_word' id='word_1_147' title='bbox 755 1783 788 1852; x_wconf 91' lang='grc' dir='ltr'>ἡ</span> <span class='ocrx_word' id='word_1_148' title='bbox 823 1783 867 1813; x_wconf 75' lang='grc'>⁸³</span> <span class='ocrx_word' id='word_1_149' title='bbox 896 1781 1062 1835; x_wconf 81' lang='grc' dir='ltr'>κακία</span> <span class='ocrx_word' id='word_1_150' title='bbox 1087 1782 1183 1836; x_wconf 91' lang='grc' dir='ltr'>τοῦ</span> <span class='ocrx_word' id='word_1_151' title='bbox 1217 1782 1402 1845; x_wconf 85' lang='grc' dir='ltr'>Ἰούδα,</span> <span class='ocrx_word' id='word_1_152' title='bbox 1430 1786 1556 1839; x_wconf 85' lang='grc' dir='ltr'>ὅταν</span> <span class='ocrx_word' id='word_1_153' title='bbox 1587 1787 1630 1818; x_wconf 83' lang='grc'>⁸³</span> <span class='ocrx_word' id='word_1_154' title='bbox 1666 1786 1985 1857; x_wconf 75' lang='grc' dir='ltr'>αὐτομάτως</span> 
     </span>
    </p>
   </div>
   <div class='ocr_carea' id='block_1_20' title="bbox 323 1859 1984 1936">
    <p class='ocr_par' dir='ltr' id='par_1_20' title="bbox 323 1859 1984 1936">
     <span class='ocr_line' id='line_1_20' title="bbox 323 1859 1984 1936; baseline 0.004 -23"><span class='ocrx_word' id='word_1_155' title='bbox 323 1859 542 1931; x_wconf 81' lang='grc' dir='ltr'>προσίῃ.</span> <span class='ocrx_word' id='word_1_156' title='bbox 568 1860 692 1913; x_wconf 82' lang='grc' dir='ltr'>ὅταν</span> <span class='ocrx_word' id='word_1_157' title='bbox 720 1860 982 1932; x_wconf 80' lang='grc' dir='ltr'>ἀργυρίου</span> <span class='ocrx_word' id='word_1_158' title='bbox 1013 1861 1170 1914; x_wconf 87' lang='grc' dir='ltr'>τοῦτο</span> <span class='ocrx_word' id='word_1_159' title='bbox 1197 1864 1346 1933; x_wconf 76' lang='grc' dir='ltr'>ποιῇ,</span> <span class='ocrx_word' id='word_1_160' title='bbox 1398 1864 1489 1917; x_wconf 74' lang='grc' dir='ltr'>καὶ</span> <span class='ocrx_word' id='word_1_161' title='bbox 1511 1865 1771 1936; x_wconf 87' lang='grc' dir='ltr'>ἀργυρίου</span> <span class='ocrx_word' id='word_1_162' title='bbox 1795 1865 1984 1919; x_wconf 76' lang='grc' dir='ltr'>τοσούο</span> 
     </span>
    </p>
   </div>
   <div class='ocr_carea' id='block_1_21' title="bbox 320 1939 1981 2014">
    <p class='ocr_par' dir='ltr' id='par_1_21' title="bbox 320 1939 1981 2014">
     <span class='ocr_line' id='line_1_21' title="bbox 320 1939 1981 2014; baseline 0.005 -22"><span class='ocrx_word' id='word_1_163' title='bbox 320 1957 436 1995; x_wconf 88' lang='grc' dir='ltr'>του.</span> <span class='ocrx_word' id='word_1_164' title='bbox 475 1939 533 1992; x_wconf 86' lang='grc' dir='ltr'>Ὁ</span> <span class='ocrx_word' id='word_1_165' title='bbox 576 1939 634 1992; x_wconf 87' lang='grc' dir='ltr'>δὲ</span> <span class='ocrx_word' id='word_1_166' title='bbox 659 1940 872 2001; x_wconf 79' lang='grc' dir='ltr'>Λουκᾶς</span> <span class='ocrx_word' id='word_1_167' title='bbox 899 1955 1082 2010; x_wconf 83' lang='grc' dir='ltr'>φησιν.</span> <span class='ocrx_word' id='word_1_168' title='bbox 1106 1941 1187 1993; x_wconf 82' lang='grc' dir='ltr'>ὅτι</span> <span class='ocrx_word' id='word_1_169' title='bbox 1212 1944 1322 2005; x_wconf 90' lang='grc' dir='ltr'>τοῖς</span> <span class='ocrx_word' id='word_1_170' title='bbox 1359 1947 1678 2014; x_wconf 83' lang='grc' dir='ltr'>στρατηγοῖς</span> <span class='ocrx_word' id='word_1_171' title='bbox 1712 1945 1981 2000; x_wconf 81' lang='grc' dir='ltr'>συνέθετο.</span> 
     </span>
    </p>
   </div>
   <div class='ocr_carea' id='block_1_22' title="bbox 334 2018 1985 2093">
    <p class='ocr_par' dir='ltr' id='par_1_22' title="bbox 334 2018 1985 2093">
     <span class='ocr_line' id='line_1_22' title="bbox 334 2018 1985 2093; baseline 0.004 -20"><span class='ocrx_word' id='word_1_172' title='bbox 334 2019 552 2090; x_wconf 80' lang='grc' dir='ltr'>Ἐπειδὴ</span> <span class='ocrx_word' id='word_1_173' title='bbox 580 2018 690 2089; x_wconf 84' lang='grc' dir='ltr'>γὰρ</span> <span class='ocrx_word' id='word_1_174' title='bbox 723 2019 1037 2084; x_wconf 78' lang='grc' dir='ltr'>ἐστασίαζον</span> <span class='ocrx_word' id='word_1_175' title='bbox 1064 2023 1112 2075; x_wconf 90' lang='grc' dir='ltr'>οἱ</span> <span class='ocrx_word' id='word_1_176' title='bbox 1150 2021 1408 2085; x_wconf 85' lang='grc' dir='ltr'>Ἰουδαῖοι,</span> <span class='ocrx_word' id='word_1_177' title='bbox 1441 2025 1566 2085; x_wconf 82' lang='grc' dir='ltr'>τούς</span> <span class='ocrx_word' id='word_1_178' title='bbox 1610 2025 1706 2093; x_wconf 82' lang='grc' dir='ltr'>τῆς</span> <span class='ocrx_word' id='word_1_179' title='bbox 1735 2024 1985 2090; x_wconf 77' lang='grc' dir='ltr'>εὐταξίας</span> 
     </span>
    </p>
   </div>
   <div class='ocr_carea' id='block_1_23' title="bbox 319 2098 1982 2174">
    <p class='ocr_par' dir='ltr' id='par_1_23' title="bbox 319 2098 1982 2174">
     <span class='ocr_line' id='line_1_23' title="bbox 319 2098 1982 2174; baseline 0.004 -23"><span class='ocrx_word' id='word_1_180' title='bbox 319 2098 496 2151; x_wconf 83' lang='grc' dir='ltr'>αὐτῶν</span> <span class='ocrx_word' id='word_1_181' title='bbox 525 2099 1019 2168; x_wconf 76' lang='grc' dir='ltr'>ἐπιμελησομένους</span> <span class='ocrx_word' id='word_1_182' title='bbox 1046 2101 1354 2169; x_wconf 89' lang='grc' dir='ltr'>ἐπέστησαν</span> <span class='ocrx_word' id='word_1_183' title='bbox 1395 2101 1579 2166; x_wconf 85' lang='grc' dir='ltr'>αὐτοῖς</span> <span class='ocrx_word' id='word_1_184' title='bbox 1621 2105 1670 2156; x_wconf 86' lang='grc' dir='ltr'>οί</span> <span class='ocrx_word' id='word_1_185' title='bbox 1705 2101 1982 2174; x_wconf 83' lang='grc' dir='ltr'>Ῥωμαῖοι.</span> 
     </span>
    </p>
   </div>
   <div class='ocr_carea' id='block_1_24' title="bbox 320 2175 1987 2254">
    <p class='ocr_par' dir='ltr' id='par_1_24' title="bbox 320 2175 1987 2254">
     <span class='ocr_line' id='line_1_24' title="bbox 320 2175 1987 2254; baseline 0.003 -24"><span class='ocrx_word' id='word_1_186' title='bbox 320 2178 431 2230; x_wconf 72' lang='grc' dir='ltr'>Καὶ</span> <span class='ocrx_word' id='word_1_187' title='bbox 469 2175 574 2247; x_wconf 89' lang='lat'>7&amp;9</span> <span class='ocrx_word' id='word_1_188' title='bbox 617 2178 648 2247; x_wconf 78' lang='grc' dir='ltr'>ἡ</span> <span class='ocrx_word' id='word_1_189' title='bbox 681 2179 822 2249; x_wconf 83' lang='grc' dir='ltr'>ἀρχὴ</span> <span class='ocrx_word' id='word_1_190' title='bbox 873 2177 1052 2231; x_wconf 89' lang='grc' dir='ltr'>αὐτῶν</span> <span class='ocrx_word' id='word_1_191' title='bbox 1087 2181 1467 2254; x_wconf 82' lang='grc' dir='ltr'>μεταπεσοῦσα</span> <span class='ocrx_word' id='word_1_192' title='bbox 1510 2182 1691 2236; x_wconf 79' lang='grc' dir='ltr'>λοιπὸν</span> <span class='ocrx_word' id='word_1_193' title='bbox 1721 2177 1790 2254; x_wconf 80' lang='grc' dir='ltr'>ἦν</span> <span class='ocrx_word' id='word_1_194' title='bbox 1843 2182 1987 2235; x_wconf 89' lang='grc' dir='ltr'>κατά</span> 
     </span>
    </p>
   </div>
   <div class='ocr_carea' id='block_1_25' title="bbox 318 2253 1984 2329">
    <p class='ocr_par' dir='ltr' id='par_1_25' title="bbox 318 2253 1984 2329">
     <span class='ocr_line' id='line_1_25' title="bbox 318 2253 1984 2329; baseline 0.005 -23"><span class='ocrx_word' id='word_1_195' title='bbox 318 2254 418 2324; x_wconf 72' lang='grc' dir='ltr'>τὴν</span> <span class='ocrx_word' id='word_1_196' title='bbox 446 2256 796 2326; x_wconf 83' lang='grc' dir='ltr'>προφητείαν.</span> <span class='ocrx_word' id='word_1_197' title='bbox 836 2255 1058 2319; x_wconf 88' lang='grc' dir='ltr'>Τούτοις</span> <span class='ocrx_word' id='word_1_198' title='bbox 1105 2253 1199 2310; x_wconf 74' lang='grc' dir='ltr'>οὖν</span> <span class='ocrx_word' id='word_1_199' title='bbox 1244 2259 1552 2329; x_wconf 84' lang='grc' dir='ltr'>προσελθών</span> <span class='ocrx_word' id='word_1_200' title='bbox 1583 2278 1714 2328; x_wconf 89' lang='grc' dir='ltr'>φησι</span> <span class='ocrx_word' id='word_1_201' title='bbox 1731 2253 1751 2292; x_wconf 16' lang='grc' dir='ltr'><em>’ν</em></span> <span class='ocrx_word' id='word_1_202' title='bbox 1802 2261 1863 2315; x_wconf 80' lang='grc' dir='ltr'>Τί</span> <span class='ocrx_word' id='word_1_203' title='bbox 1891 2260 1984 2315; x_wconf 88' lang='grc' dir='ltr'>θέ-</span> 
     </span>
    </p>
   </div>
   <div class='ocr_carea' id='block_1_26' title="bbox 317 2333 1985 2405">
    <p class='ocr_par' dir='ltr' id='par_1_26' title="bbox 317 2333 1985 2405">
     <span class='ocr_line' id='line_1_26' title="bbox 317 2333 1985 2405; baseline 0.004 -19"><span class='ocrx_word' id='word_1_204' title='bbox 317 2333 456 2386; x_wconf 71' lang='grc' dir='ltr'>λετέ</span> <span class='ocrx_word' id='word_1_205' title='bbox 503 2351 605 2401; x_wconf 84' lang='grc' dir='ltr'>μοι</span> <span class='ocrx_word' id='word_1_206' title='bbox 664 2334 893 2398; x_wconf 81' lang='grc' dir='ltr'>δοῦναι,</span> <span class='ocrx_word' id='word_1_207' title='bbox 967 2334 1127 2404; x_wconf 61' lang='grc' dir='ltr'>κάγὼ</span> <span class='ocrx_word' id='word_1_208' title='bbox 1180 2336 1324 2404; x_wconf 76' lang='grc' dir='ltr'>ὑμῖν·</span> <span class='ocrx_word' id='word_1_209' title='bbox 1376 2337 1706 2405; x_wconf 79' lang='grc' dir='ltr'>παραδώσω</span> <span class='ocrx_word' id='word_1_210' title='bbox 1757 2342 1985 2402; x_wconf 78' lang='grc' dir='ltr'>αὐτόν;</span> 
     </span>
    </p>
   </div>
   <div class='ocr_carea' id='block_1_27' title="bbox 314 2412 1983 2487">
    <p class='ocr_par' dir='ltr' id='par_1_27' title="bbox 314 2412 1983 2487">
     <span class='ocr_line' id='line_1_27' title="bbox 314 2412 1983 2487; baseline 0.005 -23"><span class='ocrx_word' id='word_1_211' title='bbox 314 2417 381 2465; x_wconf 79' lang='grc' dir='ltr'><em>Οἱ</em></span> <span class='ocrx_word' id='word_1_212' title='bbox 432 2412 500 2465; x_wconf 87' lang='grc' dir='ltr'>δὲ</span> <span class='ocrx_word' id='word_1_213' title='bbox 527 2414 800 2480; x_wconf 76' lang='grc' dir='ltr'>ἔστησαν·</span> <span class='ocrx_word' id='word_1_214' title='bbox 842 2413 1000 2479; x_wconf 82' lang='grc' dir='ltr'>αὑτῷ</span> <span class='ocrx_word' id='word_1_215' title='bbox 1031 2416 1349 2480; x_wconf 75' lang='grc' dir='ltr'>τριάκοντα</span> <span class='ocrx_word' id='word_1_216' title='bbox 1393 2418 1660 2487; x_wconf 79' lang='grc' dir='ltr'>ἀργύρια.</span> <span class='ocrx_word' id='word_1_217' title='bbox 1701 2419 1812 2472; x_wconf 75' lang='grc' dir='ltr'>Καὶ</span> <span class='ocrx_word' id='word_1_218' title='bbox 1865 2420 1983 2474; x_wconf 81' lang='grc' dir='ltr'>ἀπὸ</span> 
     </span>
    </p>
   </div>
   <div class='ocr_carea' id='block_1_28' title="bbox 317 2490 1986 2570">
    <p class='ocr_par' dir='ltr' id='par_1_28' title="bbox 317 2490 1986 2570">
     <span class='ocr_line' id='line_1_28' title="bbox 317 2490 1986 2570; baseline 0.005 -27"><span class='ocrx_word' id='word_1_219' title='bbox 317 2492 452 2544; x_wconf 80' lang='grc' dir='ltr'>τότε·</span> <span class='ocrx_word' id='word_1_220' title='bbox 486 2490 672 2557; x_wconf 75' lang='grc' dir='ltr'>ἐζήτει</span> <span class='ocrx_word' id='word_1_221' title='bbox 707 2493 1032 2560; x_wconf 76' lang='grc' dir='ltr'>εὐκαιρίαν,</span> <span class='ocrx_word' id='word_1_222' title='bbox 1063 2495 1162 2547; x_wconf 78' lang='grc' dir='ltr'>ἵνα</span> <span class='ocrx_word' id='word_1_223' title='bbox 1193 2495 1379 2548; x_wconf 79' lang='grc' dir='ltr'>αὐτὸν</span> <span class='ocrx_word' id='word_1_224' title='bbox 1405 2497 1665 2563; x_wconf 77' lang='grc' dir='ltr'>παραδῷ.</span> <span class='ocrx_word' id='word_1_225' title='bbox 1713 2499 1822 2552; x_wconf 72' lang='grc' dir='ltr'>Καὶ</span> <span class='ocrx_word' id='word_1_226' title='bbox 1876 2500 1986 2570; x_wconf 85' lang='grc' dir='ltr'>γάρ</span> 
     </span>
    </p>
   </div>
   <div class='ocr_carea' id='block_1_29' title="bbox 314 2571 1985 2647">
    <p class='ocr_par' dir='ltr' id='par_1_29' title="bbox 314 2571 1985 2647">
     <span class='ocr_line' id='line_1_29' title="bbox 314 2571 1985 2647; baseline 0.004 -22"><span class='ocrx_word' id='word_1_227' title='bbox 314 2571 572 2626; x_wconf 83' lang='grc' dir='ltr'>¹ἐδεδοίκει</span> <span class='ocrx_word' id='word_1_228' title='bbox 603 2571 695 2624; x_wconf 79' lang='grc' dir='ltr'>τὸν</span> <span class='ocrx_word' id='word_1_229' title='bbox 723 2571 896 2641; x_wconf 70' lang='grc' dir='ltr'>δχλον,</span> <span class='ocrx_word' id='word_1_230' title='bbox 920 2572 1014 2625; x_wconf 78' lang='grc' dir='ltr'>καὶ</span> <span class='ocrx_word' id='word_1_231' title='bbox 1036 2572 1194 2640; x_wconf 90' lang='grc' dir='ltr'>μόνον</span> <span class='ocrx_word' id='word_1_232' title='bbox 1225 2573 1520 2629; x_wconf 88' lang='grc' dir='ltr'>ἀπολαϐεῖν</span> <span class='ocrx_word' id='word_1_233' title='bbox 1545 2576 1756 2647; x_wconf 83' lang='grc' dir='ltr'>ἡθελεν.</span> <span class='ocrx_word' id='word_1_234' title='bbox 1793 2578 1856 2630; x_wconf 83' lang='grc' dir='ltr'><strong>Ὢ</strong></span> <span class='ocrx_word' id='word_1_235' title='bbox 1888 2579 1985 2646; x_wconf 80' lang='grc' dir='ltr'>τῆς</span> 
     </span>
    </p>
   </div>
   <div class='ocr_carea' id='block_1_30' title="bbox 317 2650 1982 2728">
    <p class='ocr_par' dir='ltr' id='par_1_30' title="bbox 317 2650 1982 2728">
     <span class='ocr_line' id='line_1_30' title="bbox 317 2650 1982 2728; baseline 0.002 -24"><span class='ocrx_word' id='word_1_236' title='bbox 317 2652 535 2716; x_wconf 79' lang='grc' dir='ltr'>ἀνοίαςι</span> <span class='ocrx_word' id='word_1_237' title='bbox 579 2651 693 2715; x_wconf 90' lang='grc' dir='ltr'>πῶς</span> <span class='ocrx_word' id='word_1_238' title='bbox 735 2650 896 2705; x_wconf 82' lang='grc' dir='ltr'>αὐτὸν</span> <span class='ocrx_word' id='word_1_239' title='bbox 943 2651 1194 2718; x_wconf 79' lang='grc' dir='ltr'>καθάπαξ</span> <span class='ocrx_word' id='word_1_240' title='bbox 1232 2654 1574 2724; x_wconf 82' lang='grc' dir='ltr'>ἐπήρωσενὴ</span> <span class='ocrx_word' id='word_1_241' title='bbox 1618 2655 1982 2728; x_wconf 71' lang='grc' dir='ltr'>φιλαργυρίαι</span> 
     </span>
    </p>
   </div>
   <div class='ocr_carea' id='block_1_31' title="bbox 329 2729 1986 2802">
    <p class='ocr_par' dir='ltr' id='par_1_31' title="bbox 329 2729 1986 2802">
     <span class='ocr_line' id='line_1_31' title="bbox 329 2729 1986 2802; baseline 0.002 -17"><span class='ocrx_word' id='word_1_242' title='bbox 329 2731 390 2785; x_wconf 89' lang='lat'><strong>&#39;0</strong></span> <span class='ocrx_word' id='word_1_243' title='bbox 418 2733 526 2802; x_wconf 85' lang='lat'>7&amp;9</span> <span class='ocrx_word' id='word_1_244' title='bbox 555 2729 812 2795; x_wconf 81' lang='grc' dir='ltr'>πολλάκις</span> <span class='ocrx_word' id='word_1_245' title='bbox 848 2730 971 2783; x_wconf 87' lang='grc' dir='ltr'>ίδὼν</span> <span class='ocrx_word' id='word_1_246' title='bbox 991 2731 1151 2785; x_wconf 76' lang='grc' dir='ltr'>αὐτὸν</span> <span class='ocrx_word' id='word_1_247' title='bbox 1173 2731 1260 2786; x_wconf 87' lang='grc' dir='ltr'>διά</span> <span class='ocrx_word' id='word_1_248' title='bbox 1309 2733 1474 2801; x_wconf 89' lang='grc' dir='ltr'>μέσου</span> <span class='ocrx_word' id='word_1_249' title='bbox 1498 2734 1543 2765; x_wconf 72' lang='grc'>⁸⁸</span> <span class='ocrx_word' id='word_1_250' title='bbox 1565 2733 1861 2799; x_wconf 85' lang='grc' dir='ltr'>διελθόντα,</span> <span class='ocrx_word' id='word_1_251' title='bbox 1892 2735 1986 2789; x_wconf 76' lang='grc' dir='ltr'>καὶ</span> 
     </span>
    </p>
   </div>
   <div class='ocr_carea' id='block_1_32' title="bbox 321 2809 1986 2883">
    <p class='ocr_par' dir='ltr' id='par_1_32' title="bbox 321 2809 1986 2883">
     <span class='ocr_line' id='line_1_32' title="bbox 321 2809 1986 2883; baseline 0.007 -27"><span class='ocrx_word' id='word_1_252' title='bbox 321 2810 848 2881; x_wconf 76' lang='grc' dir='ltr'>μὴκατασχεθέντα,</span> <span class='ocrx_word' id='word_1_253' title='bbox 878 2810 972 2862; x_wconf 78' lang='grc' dir='ltr'>καὶ</span> <span class='ocrx_word' id='word_1_254' title='bbox 999 2810 1098 2880; x_wconf 84' lang='grc' dir='ltr'>τῆς</span> <span class='ocrx_word' id='word_1_255' title='bbox 1125 2809 1288 2863; x_wconf 83' lang='grc' dir='ltr'>αὐτοῦ</span> <span class='ocrx_word' id='word_1_256' title='bbox 1311 2811 1558 2883; x_wconf 87' lang='grc' dir='ltr'>θεότητος</span> <span class='ocrx_word' id='word_1_257' title='bbox 1585 2813 1680 2866; x_wconf 77' lang='grc' dir='ltr'>καὶ</span> <span class='ocrx_word' id='word_1_258' title='bbox 1706 2813 1986 2882; x_wconf 88' lang='grc' dir='ltr'>δυνάμεως</span> 
     </span>
    </p>
   </div>
   <div class='ocr_carea' id='block_1_33' title="bbox 319 2889 1984 2962">
    <p class='ocr_par' dir='ltr' id='par_1_33' title="bbox 319 2889 1984 2962">
     <span class='ocr_line' id='line_1_33' title="bbox 319 2889 1984 2962; baseline 0.003 -22"><span class='ocrx_word' id='word_1_259' title='bbox 319 2891 519 2952; x_wconf 80' lang='grc' dir='ltr'>πολλάς</span> <span class='ocrx_word' id='word_1_260' title='bbox 549 2889 897 2960; x_wconf 84' lang='grc' dir='ltr'>παρασχόντα</span> <span class='ocrx_word' id='word_1_261' title='bbox 919 2889 1018 2952; x_wconf 87' lang='grc' dir='ltr'>τάς</span> <span class='ocrx_word' id='word_1_262' title='bbox 1042 2890 1366 2956; x_wconf 82' lang='grc' dir='ltr'>ἀποδείξεις,</span> <span class='ocrx_word' id='word_1_263' title='bbox 1394 2892 1793 2962; x_wconf 88' lang='grc' dir='ltr'>προσεδόκησεν</span> <span class='ocrx_word' id='word_1_264' title='bbox 1823 2893 1984 2947; x_wconf 86' lang='grc' dir='ltr'>αὐτὸν</span> 
     </span>
    </p>
   </div>
   <div class='ocr_carea' id='block_1_34' title="bbox 317 2971 1982 3046">
    <p class='ocr_par' dir='ltr' id='par_1_34' title="bbox 317 2971 1982 3046">
     <span class='ocr_line' id='line_1_34' title="bbox 317 2971 1982 3046; baseline 0.001 -23"><span class='ocrx_word' id='word_1_265' title='bbox 317 2971 595 3036; x_wconf 61' lang='grc' dir='ltr'>καθέξειν</span> <span class='ocrx_word' id='word_1_266' title='bbox 628 2971 722 3025; x_wconf 75' lang='grc' dir='ltr'>καὶ</span> <span class='ocrx_word' id='word_1_267' title='bbox 772 2973 964 3034; x_wconf 86' lang='grc' dir='ltr'>ταῦτα,</span> <span class='ocrx_word' id='word_1_268' title='bbox 1015 2972 1250 3026; x_wconf 83' lang='grc' dir='ltr'>τοσαῦτα</span> <span class='ocrx_word' id='word_1_269' title='bbox 1277 2971 1423 3043; x_wconf 82' lang='grc' dir='ltr'>αὐτῷ</span> <span class='ocrx_word' id='word_1_270' title='bbox 1465 2975 1833 3046; x_wconf 81' lang='grc' dir='ltr'>κατεπᾴδοντα</span> <span class='ocrx_word' id='word_1_271' title='bbox 1887 2973 1982 3028; x_wconf 78' lang='grc' dir='ltr'>καὶ</span> 
     </span>
    </p>
   </div>
   <div class='ocr_carea' id='block_1_35' title="bbox 319 3051 1984 3124">
    <p class='ocr_par' dir='ltr' id='par_1_35' title="bbox 319 3051 1984 3124">
     <span class='ocr_line' id='line_1_35' title="bbox 319 3051 1984 3124; baseline 0.001 -22"><span class='ocrx_word' id='word_1_272' title='bbox 319 3051 526 3120; x_wconf 82' lang='grc' dir='ltr'>φοϐερά</span> <span class='ocrx_word' id='word_1_273' title='bbox 562 3051 656 3104; x_wconf 75' lang='grc' dir='ltr'>καὶ</span> <span class='ocrx_word' id='word_1_274' title='bbox 687 3055 930 3122; x_wconf 83' lang='grc' dir='ltr'>προσηνῆ</span> <span class='ocrx_word' id='word_1_275' title='bbox 959 3052 1199 3124; x_wconf 80' lang='grc' dir='ltr'>ῥήματα,</span> <span class='ocrx_word' id='word_1_276' title='bbox 1233 3051 1372 3105; x_wconf 80' lang='grc' dir='ltr'>ὥστε</span> <span class='ocrx_word' id='word_1_277' title='bbox 1417 3052 1718 3106; x_wconf 86' lang='grc' dir='ltr'>καταλῦσαι</span> <span class='ocrx_word' id='word_1_278' title='bbox 1765 3053 1862 3123; x_wconf 85' lang='grc' dir='ltr'>τὴν</span> <span class='ocrx_word' id='word_1_279' title='bbox 1887 3071 1984 3105; x_wconf 90' lang='grc' dir='ltr'>πο-</span> 
     </span>
    </p>
   </div>
   <div class='ocr_carea' id='block_1_36' title="bbox 318 3131 1986 3204">
    <p class='ocr_par' dir='ltr' id='par_1_36' title="bbox 318 3131 1986 3204">
     <span class='ocr_line' id='line_1_36' title="bbox 318 3131 1986 3204; baseline 0 -20"><span class='ocrx_word' id='word_1_280' title='bbox 318 3132 490 3202; x_wconf 75' lang='grc' dir='ltr'>νηράν</span> <span class='ocrx_word' id='word_1_281' title='bbox 519 3132 720 3201; x_wconf 86' lang='grc' dir='ltr'>ταύτην</span> <span class='ocrx_word' id='word_1_282' title='bbox 753 3131 977 3185; x_wconf 80' lang='grc' dir='ltr'>ἔννοιαν.</span> <span class='ocrx_word' id='word_1_283' title='bbox 1017 3131 1148 3184; x_wconf 83' lang='grc' dir='ltr'>Οὐδέ</span> <span class='ocrx_word' id='word_1_284' title='bbox 1182 3132 1287 3204; x_wconf 82' lang='grc' dir='ltr'>γὰρ</span> <span class='ocrx_word' id='word_1_285' title='bbox 1316 3134 1374 3185; x_wconf 92' lang='grc' dir='ltr'>ἐν</span> <span class='ocrx_word' id='word_1_286' title='bbox 1404 3132 1482 3202; x_wconf 86' lang='grc' dir='ltr'>τῷ</span> <span class='ocrx_word' id='word_1_287' title='bbox 1532 3133 1730 3202; x_wconf 83' lang='grc' dir='ltr'>δείπνῳ</span> <span class='ocrx_word' id='word_1_288' title='bbox 1777 3132 1986 3202; x_wconf 85' lang='grc' dir='ltr'>ταύτης</span> 
     </span>
    </p>
   </div>
   <div class='ocr_carea' id='block_1_37' title="bbox 321 3210 1983 3283">
    <p class='ocr_par' dir='ltr' id='par_1_37' title="bbox 321 3210 1983 3283">
     <span class='ocr_line' id='line_1_37' title="bbox 321 3210 1983 3283; baseline 0 -19"><span class='ocrx_word' id='word_1_289' title='bbox 321 3213 531 3280; x_wconf 82' lang='grc' dir='ltr'>ἀπέστη</span> <span class='ocrx_word' id='word_1_290' title='bbox 561 3211 658 3279; x_wconf 83' lang='grc' dir='ltr'>τῆς</span> <span class='ocrx_word' id='word_1_291' title='bbox 691 3211 1027 3282; x_wconf 88' lang='grc' dir='ltr'>ἐπιμελείας,</span> <span class='ocrx_word' id='word_1_292' title='bbox 1055 3210 1170 3263; x_wconf 85' lang='grc' dir='ltr'>ἀλλ’</span> <span class='ocrx_word' id='word_1_293' title='bbox 1197 3210 1301 3274; x_wconf 77' lang='grc' dir='ltr'>ἕως</span> <span class='ocrx_word' id='word_1_294' title='bbox 1329 3212 1564 3282; x_wconf 82' lang='grc' dir='ltr'>ἐσχάτης</span> <span class='ocrx_word' id='word_1_295' title='bbox 1601 3211 1810 3283; x_wconf 82' lang='grc' dir='ltr'>ἡμέρας</span> <span class='ocrx_word' id='word_1_296' title='bbox 1848 3211 1983 3282; x_wconf 81' lang='grc' dir='ltr'>ὺπέρ</span> 
     </span>
    </p>
   </div>
   <div class='ocr_carea' id='block_1_38' title="bbox 317 3288 1981 3360">
    <p class='ocr_par' dir='ltr' id='par_1_38' title="bbox 317 3288 1981 3360">
     <span class='ocr_line' id='line_1_38' title="bbox 317 3288 1981 3360; baseline -0.001 -18"><span class='ocrx_word' id='word_1_297' title='bbox 317 3290 522 3344; x_wconf 85' lang='grc' dir='ltr'>τούτων</span> <span class='ocrx_word' id='word_1_298' title='bbox 550 3288 698 3360; x_wconf 89' lang='grc' dir='ltr'>αὐτῷ</span> <span class='ocrx_word' id='word_1_299' title='bbox 746 3289 1032 3358; x_wconf 83' lang='grc' dir='ltr'>διελέγετο.</span> <span class='ocrx_word' id='word_1_300' title='bbox 1081 3289 1220 3343; x_wconf 81' lang='grc' dir='ltr'>Ἀλλ’</span> <span class='ocrx_word' id='word_1_301' title='bbox 1248 3290 1400 3342; x_wconf 84' lang='grc' dir='ltr'>οὐδὲν</span> <span class='ocrx_word' id='word_1_302' title='bbox 1433 3292 1638 3352; x_wconf 88' lang='grc' dir='ltr'>ἐκεῖνος</span> <span class='ocrx_word' id='word_1_303' title='bbox 1673 3290 1981 3360; x_wconf 77' lang='grc' dir='ltr'>ἐκέρδανεν.</span> 
     </span>
    </p>
   </div>
   <div class='ocr_carea' id='block_1_39' title="bbox 320 3368 1983 3439">
    <p class='ocr_par' dir='ltr' id='par_1_39' title="bbox 320 3368 1983 3439">
     <span class='ocr_line' id='line_1_39' title="bbox 320 3368 1983 3439; baseline -0.001 -17"><span class='ocrx_word' id='word_1_304' title='bbox 320 3370 395 3422; x_wconf 86' lang='grc' dir='ltr'>Οὐ</span> <span class='ocrx_word' id='word_1_305' title='bbox 429 3368 533 3439; x_wconf 83' lang='grc' dir='ltr'>μὴν</span> <span class='ocrx_word' id='word_1_306' title='bbox 574 3370 661 3423; x_wconf 84' lang='grc' dir='ltr'>διά</span> <span class='ocrx_word' id='word_1_307' title='bbox 703 3368 859 3422; x_wconf 87' lang='grc' dir='ltr'>τοῦτο</span> <span class='ocrx_word' id='word_1_308' title='bbox 910 3371 937 3422; x_wconf 87' lang='grc' dir='ltr'>ὁ</span> <span class='ocrx_word' id='word_1_309' title='bbox 981 3369 1256 3436; x_wconf 69' lang='grc' dir='ltr'>Δεσπότης</span> <span class='ocrx_word' id='word_1_310' title='bbox 1299 3369 1344 3400; x_wconf 77' lang='grc'>⁸⁸</span> <span class='ocrx_word' id='word_1_311' title='bbox 1387 3368 1661 3422; x_wconf 87' lang='grc' dir='ltr'>ἐπαύσατο</span> <span class='ocrx_word' id='word_1_312' title='bbox 1700 3369 1768 3422; x_wconf 90' lang='grc' dir='ltr'>τά</span> <span class='ocrx_word' id='word_1_313' title='bbox 1821 3368 1983 3422; x_wconf 87' lang='grc' dir='ltr'>αὐτοῦ</span> 
     </span>
    </p>
   </div>
   <div class='ocr_carea' id='block_1_40' title="bbox 317 3445 1984 3518">
    <p class='ocr_par' dir='ltr' id='par_1_40' title="bbox 317 3445 1984 3518">
     <span class='ocr_line' id='line_1_40' title="bbox 317 3445 1984 3518; baseline -0.002 -16"><span class='ocrx_word' id='word_1_314' title='bbox 317 3449 508 3502; x_wconf 80' lang='grc' dir='ltr'>ποιῶν.</span> <span class='ocrx_word' id='word_1_315' title='bbox 533 3447 697 3501; x_wconf 78' lang='grc' dir='ltr'>Ταῦτ’</span> <span class='ocrx_word' id='word_1_316' title='bbox 736 3445 828 3502; x_wconf 77' lang='grc' dir='ltr'>οὖν</span> <span class='ocrx_word' id='word_1_317' title='bbox 859 3449 953 3501; x_wconf 68' lang='grc' dir='ltr'>καὶ</span> <span class='ocrx_word' id='word_1_318' title='bbox 989 3450 1149 3517; x_wconf 80' lang='grc' dir='ltr'>ἡμεῖς</span> <span class='ocrx_word' id='word_1_319' title='bbox 1170 3447 1388 3510; x_wconf 82' lang='grc' dir='ltr'>εἰδότες.</span> <span class='ocrx_word' id='word_1_320' title='bbox 1438 3447 1511 3517; x_wconf 82' lang='grc' dir='ltr'>μὴ</span> <span class='ocrx_word' id='word_1_321' title='bbox 1540 3447 1984 3518; x_wconf 81' lang='grc' dir='ltr'>διαλιμπάνωμεν</span> 
     </span>
    </p>
   </div>
   <div class='ocr_carea' id='block_1_41' title="bbox 319 3525 1982 3596">
    <p class='ocr_par' dir='ltr' id='par_1_41' title="bbox 319 3525 1982 3596">
     <span class='ocr_line' id='line_1_41' title="bbox 319 3525 1982 3596; baseline 0 -18"><span class='ocrx_word' id='word_1_322' title='bbox 319 3527 496 3580; x_wconf 85' lang='grc' dir='ltr'>πάντα</span> <span class='ocrx_word' id='word_1_323' title='bbox 517 3525 794 3590; x_wconf 86' lang='grc' dir='ltr'>ποιοῦντες</span> <span class='ocrx_word' id='word_1_324' title='bbox 815 3528 893 3590; x_wconf 88' lang='grc' dir='ltr'>εἰς</span> <span class='ocrx_word' id='word_1_325' title='bbox 918 3527 1044 3589; x_wconf 79' lang='grc' dir='ltr'>τοὺς</span> <span class='ocrx_word' id='word_1_326' title='bbox 1065 3526 1479 3596; x_wconf 84' lang='grc' dir='ltr'>ἁμαρτάνοντας</span> <span class='ocrx_word' id='word_1_327' title='bbox 1502 3525 1595 3579; x_wconf 75' lang='grc' dir='ltr'>καὶ</span> <span class='ocrx_word' id='word_1_328' title='bbox 1623 3525 1896 3596; x_wconf 77' lang='grc' dir='ltr'>ῥᾳθύμους</span> <span class='ocrx_word' id='word_1_329' title='bbox 1913 3527 1982 3588; x_wconf 72' lang='grc'>⁸⁸⁸,</span> 
     </span>
    </p>
   </div>
   <div class='ocr_carea' id='block_1_42' title="bbox 319 3603 1986 3675">
    <p class='ocr_par' dir='ltr' id='par_1_42' title="bbox 319 3603 1986 3675">
     <span class='ocr_line' id='line_1_42' title="bbox 319 3603 1986 3675; baseline -0.001 -18"><span class='ocrx_word' id='word_1_330' title='bbox 319 3604 714 3668; x_wconf 85' lang='grc' dir='ltr'>νουθετοῦντες,</span> <span class='ocrx_word' id='word_1_331' title='bbox 754 3605 1112 3668; x_wconf 78' lang='grc' dir='ltr'>διδάσκοντες,</span> <span class='ocrx_word' id='word_1_332' title='bbox 1162 3603 1626 3675; x_wconf 89' lang='grc' dir='ltr'>παρακαλοῦντες,</span> <span class='ocrx_word' id='word_1_333' title='bbox 1661 3603 1986 3674; x_wconf 85' lang='grc' dir='ltr'>παραινοῦν-</span> 
     </span>
    </p>
   </div>
   <div class='ocr_carea' id='block_1_43' title="bbox 320 3681 1982 3754">
    <p class='ocr_par' dir='ltr' id='par_1_43' title="bbox 320 3681 1982 3754">
     <span class='ocr_line' id='line_1_43' title="bbox 320 3681 1982 3754; baseline -0.001 -17"><span class='ocrx_word' id='word_1_334' title='bbox 320 3703 430 3749; x_wconf 85' lang='grc' dir='ltr'>τες,</span> <span class='ocrx_word' id='word_1_335' title='bbox 465 3684 942 3753; x_wconf 87' lang='grc' dir='ltr'>συμϐουλεύοντες,</span> <span class='ocrx_word' id='word_1_336' title='bbox 968 3683 1073 3736; x_wconf 82' lang='grc' dir='ltr'>κᾶν</span> <span class='ocrx_word' id='word_1_337' title='bbox 1105 3682 1268 3754; x_wconf 83' lang='grc' dir='ltr'>μηδὲν</span> <span class='ocrx_word' id='word_1_338' title='bbox 1297 3681 1615 3752; x_wconf 82' lang='grc' dir='ltr'>ὼφελῶμεν.</span> <span class='ocrx_word' id='word_1_339' title='bbox 1653 3684 1762 3736; x_wconf 78' lang='grc' dir='ltr'>Καὶ</span> <span class='ocrx_word' id='word_1_340' title='bbox 1799 3685 1907 3753; x_wconf 90' lang='lat'>7&amp;9</span> <span class='ocrx_word' id='word_1_341' title='bbox 1939 3685 1982 3714; x_wconf 77' lang='grc'>⁸⁷</span> 
     </span>
    </p>
   </div>
   <div class='ocr_carea' id='block_1_44' title="bbox 322 3760 1986 3834">
    <p class='ocr_par' dir='ltr' id='par_1_44' title="bbox 322 3760 1986 3834">
     <span class='ocr_line' id='line_1_44' title="bbox 322 3760 1986 3834; baseline -0.001 -17"><span class='ocrx_word' id='word_1_342' title='bbox 322 3766 350 3817; x_wconf 76' lang='grc' dir='ltr'>ὁ</span> <span class='ocrx_word' id='word_1_343' title='bbox 380 3763 610 3832; x_wconf 69' lang='grc' dir='ltr'>Χριστὸς</span> <span class='ocrx_word' id='word_1_344' title='bbox 641 3763 862 3834; x_wconf 73' lang='grc' dir='ltr'>προῄδει</span> <span class='ocrx_word' id='word_1_345' title='bbox 889 3763 948 3816; x_wconf 85' lang='grc' dir='ltr'>τὸ</span> <span class='ocrx_word' id='word_1_346' title='bbox 975 3762 1297 3833; x_wconf 85' lang='grc' dir='ltr'>ἀδιόρθωτον</span> <span class='ocrx_word' id='word_1_347' title='bbox 1335 3760 1430 3814; x_wconf 86' lang='grc' dir='ltr'>τοῦ</span> <span class='ocrx_word' id='word_1_348' title='bbox 1459 3761 1747 3833; x_wconf 80' lang='grc' dir='ltr'>προδότου·</span> <span class='ocrx_word' id='word_1_349' title='bbox 1784 3761 1896 3814; x_wconf 86' lang='grc' dir='ltr'>ἀλλ’</span> <span class='ocrx_word' id='word_1_350' title='bbox 1930 3762 1986 3815; x_wconf 82' lang='grc' dir='ltr'>ὄ-</span> 
     </span>
    </p>
   </div>
   <div class='ocr_carea' id='block_1_45' title="bbox 326 3837 1986 3910">
    <p class='ocr_par' dir='ltr' id='par_1_45' title="bbox 326 3837 1986 3910">
     <span class='ocr_line' id='line_1_45' title="bbox 326 3837 1986 3910; baseline -0.001 -16"><span class='ocrx_word' id='word_1_351' title='bbox 326 3859 440 3908; x_wconf 82' lang='grc' dir='ltr'>μως</span> <span class='ocrx_word' id='word_1_352' title='bbox 483 3842 583 3894; x_wconf 88' lang='grc' dir='ltr'>οὐκ</span> <span class='ocrx_word' id='word_1_353' title='bbox 625 3841 902 3895; x_wconf 80' lang='grc' dir='ltr'>ἐπαύσατο</span> <span class='ocrx_word' id='word_1_354' title='bbox 938 3841 1005 3893; x_wconf 81' lang='grc' dir='ltr'>τά</span> <span class='ocrx_word' id='word_1_355' title='bbox 1034 3842 1162 3910; x_wconf 83' lang='grc' dir='ltr'>παρ’</span> <span class='ocrx_word' id='word_1_356' title='bbox 1190 3837 1386 3892; x_wconf 85' lang='grc' dir='ltr'>ἐαυτοῦ</span> <span class='ocrx_word' id='word_1_357' title='bbox 1417 3838 1704 3910; x_wconf 81' lang='grc' dir='ltr'>εἰσφέρων,</span> <span class='ocrx_word' id='word_1_358' title='bbox 1736 3840 1830 3891; x_wconf 80' lang='grc' dir='ltr'>καὶ</span> <span class='ocrx_word' id='word_1_359' title='bbox 1866 3856 1986 3892; x_wconf 90' lang='grc' dir='ltr'>νου-</span> 
     </span>
    </p>
   </div>
   <div class='ocr_carea' id='block_1_46' title="bbox 319 3917 1986 3986">
    <p class='ocr_par' dir='ltr' id='par_1_46' title="bbox 319 3917 1986 3986">
     <span class='ocr_line' id='line_1_46' title="bbox 319 3917 1986 3986; baseline 0 -15"><span class='ocrx_word' id='word_1_360' title='bbox 319 3918 515 3984; x_wconf 78' lang='grc' dir='ltr'>θετῶν,</span> <span class='ocrx_word' id='word_1_361' title='bbox 565 3919 656 3972; x_wconf 79' lang='grc' dir='ltr'>καὶ</span> <span class='ocrx_word' id='word_1_362' title='bbox 683 3918 944 3981; x_wconf 80' lang='grc' dir='ltr'>ἀπειλῶν,</span> <span class='ocrx_word' id='word_1_363' title='bbox 980 3919 1075 3971; x_wconf 74' lang='grc' dir='ltr'>καὶ</span> <span class='ocrx_word' id='word_1_364' title='bbox 1131 3917 1450 3982; x_wconf 76' lang='grc' dir='ltr'>ταλανίζων,</span> <span class='ocrx_word' id='word_1_365' title='bbox 1483 3919 1577 3970; x_wconf 72' lang='grc' dir='ltr'>καὶ</span> <span class='ocrx_word' id='word_1_366' title='bbox 1624 3917 1857 3986; x_wconf 87' lang='grc' dir='ltr'>οὐδαμοῦ</span> <span class='ocrx_word' id='word_1_367' title='bbox 1892 3935 1986 3971; x_wconf 90' lang='grc' dir='ltr'>σα-</span> 
     </span>
    </p>
   </div>
   <div class='ocr_carea' id='block_1_47' title="bbox 325 3995 1984 4068">
    <p class='ocr_par' dir='ltr' id='par_1_47' title="bbox 325 3995 1984 4068">
     <span class='ocr_line' id='line_1_47' title="bbox 325 3995 1984 4068; baseline 0.001 -19"><span class='ocrx_word' id='word_1_368' title='bbox 325 3999 460 4067; x_wconf 75' lang='grc' dir='ltr'>φῶς,</span> <span class='ocrx_word' id='word_1_369' title='bbox 491 3997 612 4051; x_wconf 87' lang='grc' dir='ltr'>οὐδέ</span> <span class='ocrx_word' id='word_1_370' title='bbox 654 3997 846 4068; x_wconf 82' lang='grc' dir='ltr'>δὴλως,</span> <span class='ocrx_word' id='word_1_371' title='bbox 899 3997 1010 4050; x_wconf 89' lang='grc' dir='ltr'>ἀλλ’</span> <span class='ocrx_word' id='word_1_372' title='bbox 1039 3996 1548 4066; x_wconf 84' lang='grc' dir='ltr'>ἐπικεκρυμμένως.</span> <span class='ocrx_word' id='word_1_373' title='bbox 1596 3996 1684 4050; x_wconf 88' lang='grc' dir='ltr'>Ἐν</span> <span class='ocrx_word' id='word_1_374' title='bbox 1732 3995 1878 4065; x_wconf 80' lang='grc' dir='ltr'>αὐτῷ</span> <span class='ocrx_word' id='word_1_375' title='bbox 1927 3998 1984 4050; x_wconf 84' lang='grc' dir='ltr'>δέ</span> 
     </span>
    </p>
   </div>
   <div class='ocr_carea' id='block_1_48' title="bbox 323 4074 1978 4147">
    <p class='ocr_par' dir='ltr' id='par_1_48' title="bbox 323 4074 1978 4147">
     <span class='ocr_line' id='line_1_48' title="bbox 323 4074 1978 4147; baseline 0.001 -19"><span class='ocrx_word' id='word_1_376' title='bbox 323 4076 401 4145; x_wconf 80' lang='grc' dir='ltr'>τῷ</span> <span class='ocrx_word' id='word_1_377' title='bbox 429 4075 607 4147; x_wconf 81' lang='grc' dir='ltr'>καιρῷ</span> <span class='ocrx_word' id='word_1_378' title='bbox 647 4077 744 4146; x_wconf 85' lang='grc' dir='ltr'>τῆς</span> <span class='ocrx_word' id='word_1_379' title='bbox 766 4075 1052 4146; x_wconf 82' lang='grc' dir='ltr'>προδοσίας</span> <span class='ocrx_word' id='word_1_380' title='bbox 1079 4075 1172 4128; x_wconf 81' lang='grc' dir='ltr'>καὶ</span> <span class='ocrx_word' id='word_1_381' title='bbox 1194 4075 1412 4145; x_wconf 84' lang='grc' dir='ltr'>φιλῆσαι</span> <span class='ocrx_word' id='word_1_382' title='bbox 1445 4075 1604 4128; x_wconf 69' lang='grc' dir='ltr'>αὐτόν</span> <span class='ocrx_word' id='word_1_383' title='bbox 1631 4074 1947 4138; x_wconf 78' lang='grc' dir='ltr'>κατεδέξατο</span> <span class='ocrx_word' id='word_1_384' title='bbox 1965 4093 1978 4108; x_wconf 92' lang='grc'>·</span> 
     </span>
    </p>
   </div>
   <div class='ocr_carea' id='block_1_49' title="bbox 323 4153 1982 4226">
    <p class='ocr_par' dir='ltr' id='par_1_49' title="bbox 323 4153 1982 4226">
     <span class='ocr_line' id='line_1_49' title="bbox 323 4153 1982 4226; baseline -0.001 -17"><span class='ocrx_word' id='word_1_385' title='bbox 323 4155 440 4209; x_wconf 85' lang='grc' dir='ltr'>ἀλλ’</span> <span class='ocrx_word' id='word_1_386' title='bbox 469 4155 618 4209; x_wconf 82' lang='grc' dir='ltr'>οὐδὲν</span> <span class='ocrx_word' id='word_1_387' title='bbox 638 4157 841 4208; x_wconf 87' lang='grc' dir='ltr'>ἐκεῖνον</span> <span class='ocrx_word' id='word_1_388' title='bbox 866 4154 1040 4224; x_wconf 79' lang='grc' dir='ltr'>ὢνησε</span> <span class='ocrx_word' id='word_1_389' title='bbox 1071 4155 1228 4207; x_wconf 91' lang='grc' dir='ltr'>τοῦτο</span> <span class='ocrx_word' id='word_1_390' title='bbox 1259 4155 1323 4208; x_wconf 75' lang='grc'>⁸⁸.</span> <span class='ocrx_word' id='word_1_391' title='bbox 1353 4153 1616 4207; x_wconf 88' lang='grc' dir='ltr'>Τοσοῦτον</span> <span class='ocrx_word' id='word_1_392' title='bbox 1647 4156 1679 4223; x_wconf 89' lang='grc' dir='ltr'>ἡ</span> <span class='ocrx_word' id='word_1_393' title='bbox 1720 4154 1982 4226; x_wconf 85' lang='grc' dir='ltr'>φιλαργυ-</span> 
     </span>
    </p>
   </div>
   <div class='ocr_carea' id='block_1_50' title="bbox 327 4233 1994 4306">
    <p class='ocr_par' dir='ltr' id='par_1_50' title="bbox 327 4233 1994 4306">
     <span class='ocr_line' id='line_1_50' title="bbox 327 4233 1994 4306; baseline 0.005 -23"><span class='ocrx_word' id='word_1_394' title='bbox 327 4235 421 4302; x_wconf 81' lang='grc' dir='ltr'>ρία</span> <span class='ocrx_word' id='word_1_395' title='bbox 447 4235 614 4288; x_wconf 91' lang='grc' dir='ltr'>κακόν</span> <span class='ocrx_word' id='word_1_396' title='bbox 633 4251 647 4267; x_wconf 74' lang='grc' dir='ltr'><strong>ο</strong></span> <span class='ocrx_word' id='word_1_397' title='bbox 671 4234 809 4304; x_wconf 81' lang='grc' dir='ltr'>αὐτη</span> <span class='ocrx_word' id='word_1_398' title='bbox 833 4235 940 4306; x_wconf 86' lang='grc' dir='ltr'>γὰρ</span> <span class='ocrx_word' id='word_1_399' title='bbox 967 4233 1127 4287; x_wconf 83' lang='grc' dir='ltr'>αὐτὸν</span> <span class='ocrx_word' id='word_1_400' title='bbox 1175 4234 1270 4288; x_wconf 76' lang='grc' dir='ltr'>καὶ</span> <span class='ocrx_word' id='word_1_401' title='bbox 1301 4234 1562 4304; x_wconf 81' lang='grc' dir='ltr'>προδότην</span> <span class='ocrx_word' id='word_1_402' title='bbox 1588 4234 1682 4286; x_wconf 77' lang='grc' dir='ltr'>καὶ</span> <span class='ocrx_word' id='word_1_403' title='bbox 1711 4235 1994 4306; x_wconf 84' lang='grc' dir='ltr'>ἱερόσυλον,</span> 
     </span>
    </p>
   </div>
   <div class='ocr_carea' id='block_1_51' title="bbox 324 4312 1980 4384">
    <p class='ocr_par' dir='ltr' id='par_1_51' title="bbox 324 4312 1980 4384">
     <span class='ocr_line' id='line_1_51' title="bbox 324 4312 1980 4384; baseline 0.002 -21"><span class='ocrx_word' id='word_1_404' title='bbox 324 4312 598 4382; x_wconf 77' lang='grc' dir='ltr'>ἐποίησεν.</span> <span class='ocrx_word' id='word_1_405' title='bbox 639 4312 929 4364; x_wconf 80' lang='grc' dir='ltr'>Ἀκούσατε</span> <span class='ocrx_word' id='word_1_406' title='bbox 955 4312 1020 4376; x_wconf 77' lang='grc'>⁸⁸,</span> <span class='ocrx_word' id='word_1_407' title='bbox 1047 4312 1245 4375; x_wconf 85' lang='grc' dir='ltr'>πάντες</span> <span class='ocrx_word' id='word_1_408' title='bbox 1271 4315 1319 4364; x_wconf 88' lang='grc' dir='ltr'>οί</span> <span class='ocrx_word' id='word_1_409' title='bbox 1340 4312 1680 4384; x_wconf 82' lang='grc' dir='ltr'>φιλάργυροι,</span> <span class='ocrx_word' id='word_1_410' title='bbox 1720 4316 1768 4367; x_wconf 89' lang='grc' dir='ltr'>οἱ</span> <span class='ocrx_word' id='word_1_411' title='bbox 1800 4314 1859 4366; x_wconf 86' lang='grc' dir='ltr'>τὸ</span> <span class='ocrx_word' id='word_1_412' title='bbox 1888 4315 1980 4368; x_wconf 76' lang='grc' dir='ltr'>τοῦ</span> 
     </span>
    </p>
   </div>
   <div class='ocr_carea' id='block_1_52' title="bbox 340 4391 1983 4461">
    <p class='ocr_par' dir='ltr' id='par_1_52' title="bbox 340 4391 1983 4461">
     <span class='ocr_line' id='line_1_52' title="bbox 340 4391 1983 4461; baseline 0.002 -18"><span class='ocrx_word' id='word_1_413' title='bbox 340 4391 506 4444; x_wconf 89' lang='grc' dir='ltr'>Ἰούδα</span> <span class='ocrx_word' id='word_1_414' title='bbox 537 4391 746 4460; x_wconf 84' lang='grc' dir='ltr'>νόσημα</span> <span class='ocrx_word' id='word_1_415' title='bbox 796 4391 1041 4461; x_wconf 79' lang='grc' dir='ltr'>ἔχοντες·</span> <span class='ocrx_word' id='word_1_416' title='bbox 1094 4391 1362 4444; x_wconf 87' lang='grc' dir='ltr'>ἀκούσατε</span> <span class='ocrx_word' id='word_1_417' title='bbox 1418 4393 1510 4444; x_wconf 72' lang='grc' dir='ltr'>καὶ</span> <span class='ocrx_word' id='word_1_418' title='bbox 1558 4392 1863 4460; x_wconf 81' lang='grc' dir='ltr'>φυλάξασθε</span> <span class='ocrx_word' id='word_1_419' title='bbox 1923 4395 1983 4446; x_wconf 86' lang='grc' dir='ltr'>τὸ</span> 
     </span>
    </p>
   </div>
   <div class='ocr_carea' id='block_1_53' title="bbox 328 4468 1984 4543">
    <p class='ocr_par' dir='ltr' id='par_1_53' title="bbox 328 4468 1984 4543">
     <span class='ocr_line' id='line_1_53' title="bbox 328 4468 1984 4543; baseline 0.002 -21"><span class='ocrx_word' id='word_1_420' title='bbox 328 4469 516 4533; x_wconf 82' lang='grc' dir='ltr'>πάθος.</span> <span class='ocrx_word' id='word_1_421' title='bbox 556 4471 618 4522; x_wconf 71' lang='lat' dir='ltr'><strong>Ei</strong></span> <span class='ocrx_word' id='word_1_422' title='bbox 648 4469 756 4540; x_wconf 90' lang='lat'>7&amp;9</span> <span class='ocrx_word' id='word_1_423' title='bbox 778 4472 806 4523; x_wconf 87' lang='grc' dir='ltr'>ὁ</span> <span class='ocrx_word' id='word_1_424' title='bbox 832 4468 1007 4523; x_wconf 86' lang='grc' dir='ltr'>συνὼν</span> <span class='ocrx_word' id='word_1_425' title='bbox 1026 4468 1101 4540; x_wconf 85' lang='grc' dir='ltr'>τῷ</span> <span class='ocrx_word' id='word_1_426' title='bbox 1126 4469 1365 4541; x_wconf 84' lang='grc' dir='ltr'>Χριστῷ,</span> <span class='ocrx_word' id='word_1_427' title='bbox 1399 4471 1491 4524; x_wconf 80' lang='grc' dir='ltr'>καὶ</span> <span class='ocrx_word' id='word_1_428' title='bbox 1532 4473 1732 4540; x_wconf 87' lang='grc' dir='ltr'>σημεῖα</span> <span class='ocrx_word' id='word_1_429' title='bbox 1757 4472 1984 4543; x_wconf 89' lang='grc' dir='ltr'>ἐργασά-</span> 
     </span>
    </p>
   </div>
   <div class='ocr_carea' id='block_1_54' title="bbox 328 4549 1982 4624">
    <p class='ocr_par' dir='ltr' id='par_1_54' title="bbox 328 4549 1982 4624">
     <span class='ocr_line' id='line_1_54' title="bbox 328 4549 1982 4624; baseline 0.002 -22"><span class='ocrx_word' id='word_1_430' title='bbox 328 4565 508 4619; x_wconf 88' lang='grc' dir='ltr'>μενος,</span> <span class='ocrx_word' id='word_1_431' title='bbox 551 4549 646 4603; x_wconf 70' lang='grc' dir='ltr'>καὶ</span> <span class='ocrx_word' id='word_1_432' title='bbox 672 4549 936 4618; x_wconf 89' lang='grc' dir='ltr'>τοσαύτης</span> <span class='ocrx_word' id='word_1_433' title='bbox 965 4549 1275 4614; x_wconf 87' lang='grc' dir='ltr'>ἀπολαύσας</span> <span class='ocrx_word' id='word_1_434' title='bbox 1300 4551 1662 4612; x_wconf 87' lang='grc' dir='ltr'>διδασκαλίας,</span> <span class='ocrx_word' id='word_1_435' title='bbox 1692 4553 1878 4619; x_wconf 83' lang='grc' dir='ltr'>ἐπειδὴ</span> <span class='ocrx_word' id='word_1_436' title='bbox 1909 4553 1982 4624; x_wconf 84' lang='grc' dir='ltr'>μὴ</span> 
     </span>
    </p>
   </div>
   <div class='ocr_carea' id='block_1_55' title="bbox 323 4627 1984 4700">
    <p class='ocr_par' dir='ltr' id='par_1_55' title="bbox 323 4627 1984 4700">
     <span class='ocr_line' id='line_1_55' title="bbox 323 4627 1984 4700; baseline 0.003 -20"><span class='ocrx_word' id='word_1_437' title='bbox 323 4627 614 4698; x_wconf 84' lang='grc' dir='ltr'>ἀπηλλάγη</span> <span class='ocrx_word' id='word_1_438' title='bbox 659 4627 748 4680; x_wconf 90' lang='grc' dir='ltr'>τοῦ</span> <span class='ocrx_word' id='word_1_439' title='bbox 799 4631 1123 4700; x_wconf 86' lang='grc' dir='ltr'>νοσήματος,</span> <span class='ocrx_word' id='word_1_440' title='bbox 1155 4631 1235 4692; x_wconf 85' lang='grc' dir='ltr'>εἰς</span> <span class='ocrx_word' id='word_1_441' title='bbox 1275 4630 1524 4682; x_wconf 83' lang='grc' dir='ltr'>τοσοῦτον</span> <span class='ocrx_word' id='word_1_442' title='bbox 1556 4629 1858 4700; x_wconf 88' lang='grc' dir='ltr'>κατηνέχθη</span> <span class='ocrx_word' id='word_1_443' title='bbox 1889 4630 1984 4696; x_wconf 83' lang='grc' dir='ltr'>βά-</span> 
     </span>
    </p>
   </div>
   <div class='ocr_carea' id='block_1_56' title="bbox 331 4705 1982 4778">
    <p class='ocr_par' dir='ltr' id='par_1_56' title="bbox 331 4705 1982 4778">
     <span class='ocr_line' id='line_1_56' title="bbox 331 4705 1982 4778; baseline 0.002 -20"><span class='ocrx_word' id='word_1_444' title='bbox 331 4705 528 4775; x_wconf 81' lang='grc' dir='ltr'>ραθρον</span> <span class='ocrx_word' id='word_1_445' title='bbox 547 4722 560 4734; x_wconf 92' lang='grc'><strong>·</strong></span> <span class='ocrx_word' id='word_1_446' title='bbox 592 4706 766 4778; x_wconf 87' lang='grc' dir='ltr'>πολλῷ</span> <span class='ocrx_word' id='word_1_447' title='bbox 800 4708 998 4777; x_wconf 82' lang='grc' dir='ltr'>μᾶλλον</span> <span class='ocrx_word' id='word_1_448' title='bbox 1021 4710 1197 4778; x_wconf 80' lang='grc' dir='ltr'>ὑμεῖς.</span> <span class='ocrx_word' id='word_1_449' title='bbox 1237 4708 1285 4760; x_wconf 84' lang='grc' dir='ltr'>οἱ</span> <span class='ocrx_word' id='word_1_450' title='bbox 1338 4707 1470 4778; x_wconf 87' lang='grc' dir='ltr'>μηδέ</span> <span class='ocrx_word' id='word_1_451' title='bbox 1502 4707 1728 4777; x_wconf 88' lang='grc' dir='ltr'>Γραφῶν</span> <span class='ocrx_word' id='word_1_452' title='bbox 1757 4708 1982 4762; x_wconf 86' lang='grc' dir='ltr'>ἀκούον-</span> 
     </span>
    </p>
   </div>
   <div class='ocr_carea' id='block_1_57' title="bbox 326 4785 1982 4858">
    <p class='ocr_par' dir='ltr' id='par_1_57' title="bbox 326 4785 1982 4858">
     <span class='ocr_line' id='line_1_57' title="bbox 326 4785 1982 4858; baseline 0.002 -21"><span class='ocrx_word' id='word_1_453' title='bbox 326 4785 496 4846; x_wconf 72' lang='grc' dir='ltr'>τεςτθ,</span> <span class='ocrx_word' id='word_1_454' title='bbox 530 4785 578 4838; x_wconf 83' lang='grc' dir='ltr'>οί</span> <span class='ocrx_word' id='word_1_455' title='bbox 603 4785 892 4850; x_wconf 82' lang='grc' dir='ltr'>διαπαντὸς</span> <span class='ocrx_word' id='word_1_456' title='bbox 917 4789 1026 4850; x_wconf 91' lang='grc' dir='ltr'>τοῖς</span> <span class='ocrx_word' id='word_1_457' title='bbox 1057 4786 1286 4856; x_wconf 87' lang='grc' dir='ltr'>παροῦσι</span> <span class='ocrx_word' id='word_1_458' title='bbox 1311 4786 1738 4858; x_wconf 84' lang='grc' dir='ltr'>προσηλωμένοι,</span> <span class='ocrx_word' id='word_1_459' title='bbox 1779 4786 1982 4840; x_wconf 82' lang='grc' dir='ltr'>εὐάλω-</span> 
     </span>
    </p>
   </div>
   <div class='ocr_carea' id='block_1_58' title="bbox 325 4863 1980 4937">
    <p class='ocr_par' dir='ltr' id='par_1_58' title="bbox 325 4863 1980 4937">
     <span class='ocr_line' id='line_1_58' title="bbox 325 4863 1980 4937; baseline 0.002 -21"><span class='ocrx_word' id='word_1_460' title='bbox 325 4881 408 4916; x_wconf 87' lang='grc' dir='ltr'>τοι</span> <span class='ocrx_word' id='word_1_461' title='bbox 455 4863 532 4933; x_wconf 84' lang='grc' dir='ltr'>τῷ</span> <span class='ocrx_word' id='word_1_462' title='bbox 583 4864 744 4918; x_wconf 86' lang='grc' dir='ltr'>πάθει</span> <span class='ocrx_word' id='word_1_463' title='bbox 794 4868 966 4937; x_wconf 86' lang='grc' dir='ltr'>τούτῳ</span> <span class='ocrx_word' id='word_1_464' title='bbox 1007 4866 1318 4937; x_wconf 79' lang='grc' dir='ltr'>γενήσεσθε,</span> <span class='ocrx_word' id='word_1_465' title='bbox 1367 4867 1414 4918; x_wconf 89' lang='grc' dir='ltr'>εί</span> <span class='ocrx_word' id='word_1_466' title='bbox 1445 4867 1518 4936; x_wconf 86' lang='grc' dir='ltr'>μὴ</span> <span class='ocrx_word' id='word_1_467' title='bbox 1550 4864 1806 4935; x_wconf 86' lang='grc' dir='ltr'>συνεχοῦς</span> <span class='ocrx_word' id='word_1_468' title='bbox 1847 4868 1980 4920; x_wconf 90' lang='grc' dir='ltr'>ἀπο-</span> 
     </span>
    </p>
   </div>
   <div class='ocr_carea' id='block_1_59' title="bbox 324 4940 1984 5017">
    <p class='ocr_par' dir='ltr' id='par_1_59' title="bbox 324 4940 1984 5017">
     <span class='ocr_line' id='line_1_59' title="bbox 324 4940 1984 5017; baseline 0.003 -24"><span class='ocrx_word' id='word_1_469' title='bbox 324 4940 540 4994; x_wconf 82' lang='grc' dir='ltr'>λαύοιτε</span> <span class='ocrx_word' id='word_1_470' title='bbox 561 4943 894 5012; x_wconf 82' lang='grc' dir='ltr'>ἐπιμελείας.</span> <span class='ocrx_word' id='word_1_471' title='bbox 926 4944 1063 4998; x_wconf 84' lang='grc' dir='ltr'>Καθ’</span> <span class='ocrx_word' id='word_1_472' title='bbox 1084 4946 1321 5015; x_wconf 80' lang='grc' dir='ltr'>ἑκάστην</span> <span class='ocrx_word' id='word_1_473' title='bbox 1343 4945 1558 5017; x_wconf 81' lang='grc' dir='ltr'>ἡμέραν</span> <span class='ocrx_word' id='word_1_474' title='bbox 1589 4948 1752 5014; x_wconf 83' lang='grc' dir='ltr'>συνῆν</span> <span class='ocrx_word' id='word_1_475' title='bbox 1780 4947 1984 5010; x_wconf 88' lang='grc' dir='ltr'>ἐκεῖνος</span> 
     </span>
    </p>
   </div>
   <div class='ocr_carea' id='block_1_60' title="bbox 321 5019 1984 5096">
    <p class='ocr_par' dir='ltr' id='par_1_60' title="bbox 321 5019 1984 5096">
     <span class='ocr_line' id='line_1_60' title="bbox 321 5019 1984 5096; baseline 0.003 -24"><span class='ocrx_word' id='word_1_476' title='bbox 321 5019 405 5088; x_wconf 83' lang='grc' dir='ltr'>τῷ</span> <span class='ocrx_word' id='word_1_477' title='bbox 437 5019 511 5090; x_wconf 85' lang='grc' dir='ltr'>μὴ</span> <span class='ocrx_word' id='word_1_478' title='bbox 540 5019 714 5090; x_wconf 75' lang='grc' dir='ltr'>ἔχοντι</span> <span class='ocrx_word' id='word_1_479' title='bbox 741 5021 840 5076; x_wconf 82' lang='grc' dir='ltr'>ποῦ</span> <span class='ocrx_word' id='word_1_480' title='bbox 867 5023 966 5094; x_wconf 82' lang='grc' dir='ltr'>τὴν</span> <span class='ocrx_word' id='word_1_481' title='bbox 993 5023 1231 5093; x_wconf 78' lang='grc' dir='ltr'>κεφαλὴν</span> <span class='ocrx_word' id='word_1_482' title='bbox 1257 5025 1454 5082; x_wconf 86' lang='grc' dir='ltr'>κλῖναι.</span> <span class='ocrx_word' id='word_1_483' title='bbox 1485 5025 1575 5077; x_wconf 72' lang='grc' dir='ltr'>καὶ</span> <span class='ocrx_word' id='word_1_484' title='bbox 1599 5023 1718 5077; x_wconf 89' lang='grc' dir='ltr'>καθ’</span> <span class='ocrx_word' id='word_1_485' title='bbox 1749 5024 1984 5096; x_wconf 84' lang='grc' dir='ltr'>ἑκάστην</span> 
     </span>
    </p>
   </div>
   <div class='ocr_carea' id='block_1_61' title="bbox 324 5099 1983 5174">
    <p class='ocr_par' dir='ltr' id='par_1_61' title="bbox 324 5099 1983 5174">
     <span class='ocr_line' id='line_1_61' title="bbox 324 5099 1983 5174; baseline 0.003 -24"><span class='ocrx_word' id='word_1_486' title='bbox 324 5099 641 5152; x_wconf 78' lang='grc' dir='ltr'>ἐπαιδεύετο</span> <span class='ocrx_word' id='word_1_487' title='bbox 669 5101 765 5171; x_wconf 81' lang='grc' dir='ltr'>τὴν</span> <span class='ocrx_word' id='word_1_488' title='bbox 809 5103 1043 5172; x_wconf 80' lang='grc' dir='ltr'>ἡμέραν,</span> <span class='ocrx_word' id='word_1_489' title='bbox 1097 5103 1162 5156; x_wconf 85' lang='grc' dir='ltr'>δι’</span> <span class='ocrx_word' id='word_1_490' title='bbox 1191 5103 1386 5173; x_wconf 79' lang='grc' dir='ltr'>ἔργων,</span> <span class='ocrx_word' id='word_1_491' title='bbox 1431 5103 1518 5155; x_wconf 82' lang='grc' dir='ltr'>διά</span> <span class='ocrx_word' id='word_1_492' title='bbox 1569 5103 1850 5174; x_wconf 82' lang='grc' dir='ltr'>ῥημάτων,</span> <span class='ocrx_word' id='word_1_493' title='bbox 1909 5105 1983 5174; x_wconf 83' lang='grc' dir='ltr'>μὴ</span> 
     </span>
    </p>
   </div>
   <div class='ocr_carea' id='block_1_62' title="bbox 327 5178 1986 5253">
    <p class='ocr_par' dir='ltr' id='par_1_62' title="bbox 327 5178 1986 5253">
     <span class='ocr_line' id='line_1_62' title="bbox 327 5178 1986 5253; baseline 0.003 -24"><span class='ocrx_word' id='word_1_494' title='bbox 327 5178 570 5248; x_wconf 79' lang='grc' dir='ltr'>χρυσίον,</span> <span class='ocrx_word' id='word_1_495' title='bbox 609 5179 684 5250; x_wconf 83' lang='grc' dir='ltr'>μὴ</span> <span class='ocrx_word' id='word_1_496' title='bbox 738 5180 999 5251; x_wconf 87' lang='grc' dir='ltr'>ἀργύριον</span> <span class='ocrx_word' id='word_1_497' title='bbox 1027 5182 1094 5246; x_wconf 77' lang='grc'>⁷⁸,</span> <span class='ocrx_word' id='word_1_498' title='bbox 1149 5183 1222 5252; x_wconf 79' lang='grc' dir='ltr'>μὴ</span> <span class='ocrx_word' id='word_1_499' title='bbox 1261 5182 1354 5236; x_wconf 93' lang='grc' dir='ltr'>δύο</span> <span class='ocrx_word' id='word_1_500' title='bbox 1389 5182 1622 5253; x_wconf 84' lang='grc' dir='ltr'>χιτῶνας</span> <span class='ocrx_word' id='word_1_501' title='bbox 1673 5181 1836 5250; x_wconf 79' lang='grc' dir='ltr'>ἔχειν,</span> <span class='ocrx_word' id='word_1_502' title='bbox 1892 5183 1986 5235; x_wconf 75' lang='grc' dir='ltr'>καὶ</span> 
     </span>
    </p>
   </div>
   <div class='ocr_carea' id='block_1_63' title="bbox 400 5267 1825 5346">
    <p class='ocr_par' dir='ltr' id='par_1_63' title="bbox 400 5267 1825 5346">
     <span class='ocr_line' id='line_1_63' title="bbox 400 5267 1825 5346; baseline 0.005 -25"><span class='ocrx_word' id='word_1_503' title='bbox 400 5271 445 5302; x_wconf 80' lang='grc'>⁵⁸</span> <span class='ocrx_word' id='word_1_504' title='bbox 473 5269 564 5342; x_wconf 82' lang='grc' dir='ltr'>τὰ]</span> <span class='ocrx_word' id='word_1_505' title='bbox 587 5271 656 5346; x_wconf 73' lang='grc' dir='ltr'>τὰ</span> <span class='ocrx_word' id='word_1_506' title='bbox 675 5271 769 5346; x_wconf 69' lang='grc' dir='ltr'>τοῦ</span> <span class='ocrx_word' id='word_1_507' title='bbox 798 5271 1001 5346; x_wconf 86' lang='lat' dir='ltr'><strong>G._Ep.</strong></span> <span class='ocrx_word' id='word_1_508' title='bbox 1090 5276 1151 5346; x_wconf 50' lang='grc' dir='ltr'>ξ’</span> <span class='ocrx_word' id='word_1_509' title='bbox 1178 5270 1270 5346; x_wconf 81' lang='grc' dir='ltr'>ἦν]</span> <span class='ocrx_word' id='word_1_510' title='bbox 1297 5275 1390 5346; x_wconf 76' lang='lat' dir='ltr'><strong><em>xal</em></strong></span> <span class='ocrx_word' id='word_1_511' title='bbox 1417 5267 1569 5346; x_wconf 69' lang='grc' dir='ltr'>οὗτος</span> <span class='ocrx_word' id='word_1_512' title='bbox 1597 5269 1666 5346; x_wconf 49' lang='grc' dir='ltr'><strong>ᾖ</strong></span> <span class='ocrx_word' id='word_1_513' title='bbox 1690 5271 1825 5346; x_wconf 80' lang='lat' dir='ltr'>Edd.</span> 
     </span>
    </p>
   </div>
   <div class='ocr_carea' id='block_1_64' title="bbox 323 5337 1711 5416">
    <p class='ocr_par' dir='ltr' id='par_1_64' title="bbox 323 5337 1711 5416">
     <span class='ocr_line' id='line_1_64' title="bbox 323 5337 1711 5416; baseline 0.005 -26"><span class='ocrx_word' id='word_1_514' title='bbox 323 5337 506 5416; x_wconf 80' lang='grc' dir='ltr'>οὔτον.</span> <span class='ocrx_word' id='word_1_515' title='bbox 531 5337 689 5416; x_wconf 73' lang='grc' dir='ltr'>τοῦτο</span> <span class='ocrx_word' id='word_1_516' title='bbox 723 5341 848 5416; x_wconf 58' lang='lat' dir='ltr'><strong>ng.</strong></span> <span class='ocrx_word' id='word_1_517' title='bbox 875 5337 1006 5416; x_wconf 68' lang='grc' dir='ltr'>Βοὴ.</span> <span class='ocrx_word' id='word_1_518' title='bbox 1083 5345 1185 5416; x_wconf 30' lang='grc' dir='ltr'>⁶²Αὴ</span> <span class='ocrx_word' id='word_1_519' title='bbox 1203 5337 1481 5416; x_wconf 19' lang='lat' dir='ltr'>ﬁldidiiex</span> <span class='ocrx_word' id='word_1_520' title='bbox 1506 5343 1569 5396; x_wconf 88' lang='grc' dir='ltr'>Κ.</span> <span class='ocrx_word' id='word_1_521' title='bbox 1604 5337 1711 5416; x_wconf 74' lang='lat' dir='ltr'>Ep.</span> 
     </span>
    </p>
   </div>
   <div class='ocr_carea' id='block_1_65' title="bbox 330 5409 1984 5483">
    <p class='ocr_par' dir='ltr' id='par_1_65' title="bbox 330 5409 1984 5483">
     <span class='ocr_line' id='line_1_65' title="bbox 330 5409 1984 5483; baseline 0.003 -23"><span class='ocrx_word' id='word_1_522' title='bbox 330 5411 446 5460; x_wconf 87' lang='grc' dir='ltr'>σων’</span> <span class='ocrx_word' id='word_1_523' title='bbox 559 5411 720 5483; x_wconf 76' lang='grc' dir='ltr'>μέσον</span> <span class='ocrx_word' id='word_1_524' title='bbox 753 5415 850 5483; x_wconf 84' lang='lat' dir='ltr'>Ep.</span> <span class='ocrx_word' id='word_1_525' title='bbox 876 5413 1096 5467; x_wconf 78' lang='grc' dir='ltr'>ἐλθόντα</span> <span class='ocrx_word' id='word_1_526' title='bbox 1118 5409 1184 5469; x_wconf 67' lang='grc' dir='ltr'>(ἓξ</span> <span class='ocrx_word' id='word_1_527' title='bbox 1215 5414 1278 5470; x_wconf 86' lang='grc' dir='ltr'>Κ.</span> <span class='ocrx_word' id='word_1_528' title='bbox 1371 5415 1416 5446; x_wconf 81' lang='grc'>⁸⁵</span> <span class='ocrx_word' id='word_1_529' title='bbox 1441 5409 1738 5483; x_wconf 81' lang='grc' dir='ltr'>Δεσπότης]</span> <span class='ocrx_word' id='word_1_530' title='bbox 1758 5413 1886 5483; x_wconf 15' lang='lat' dir='ltr'>iadd.</span> <span class='ocrx_word' id='word_1_531' title='bbox 1914 5415 1955 5465; x_wconf 91' lang='grc' dir='ltr'>Χ</span> <span class='ocrx_word' id='word_1_532' title='bbox 1966 5431 1984 5483; x_wconf 64' lang='grc' dir='ltr'><em>ε</em></span> 
     </span>
    </p>
   </div>
   <div class='ocr_carea' id='block_1_66' title="bbox 2087 5409 3122 5483">
    <p class='ocr_par' dir='ltr' id='par_1_66' title="bbox 2087 5409 3122 5483">
     <span class='ocr_line' id='line_1_66' title="bbox 2087 5409 3122 5483; baseline 0.002 -18"><span class='ocrx_word' id='word_1_533' title='bbox 2087 5411 2255 5483; x_wconf 16' lang='grc' dir='ltr'>δεῖς.-</span> <span class='ocrx_word' id='word_1_534' title='bbox 2279 5409 2354 5483; x_wconf 75' lang='lat' dir='ltr'>H_._</span> <span class='ocrx_word' id='word_1_535' title='bbox 2489 5427 2542 5480; x_wconf 89' lang='lat' dir='ltr'><strong>p.</strong></span> <span class='ocrx_word' id='word_1_536' title='bbox 2586 5409 3122 5483; x_wconf 52' lang='grc' dir='ltr'>ρξτάίέαυτοῦΈιίά.</span> 
     </span>
    </p>
   </div>
   <div class='ocr_carea' id='block_1_67' title="bbox 329 5479 936 5552">
    <p class='ocr_par' dir='ltr' id='par_1_67' title="bbox 329 5479 936 5552">
     <span class='ocr_line' id='line_1_67' title="bbox 329 5479 936 5552; baseline 0.01 -21"><span class='ocrx_word' id='word_1_537' title='bbox 329 5481 508 5552; x_wconf 62' lang='grc' dir='ltr'>θεωρεῖ</span> <span class='ocrx_word' id='word_1_538' title='bbox 531 5479 936 5552; x_wconf 58' lang='grc' dir='ltr'>ῥᾳθυμοῦντας</span> 
     </span>
    </p>
   </div>
   <div class='ocr_carea' id='block_1_68' title="bbox 1330 309 2770 369">
    <p class='ocr_par' dir='ltr' id='par_1_68' title="bbox 1330 309 2770 369">
     <span class='ocr_line' id='line_1_68' title="bbox 1330 309 2770 369; baseline 0 -2"><span class='ocrx_word' id='word_1_539' title='bbox 1330 312 1405 368; x_wconf 86' lang='grc' dir='ltr'>ἸΝ</span> <span class='ocrx_word' id='word_1_540' title='bbox 1445 311 1857 368; x_wconf 56' lang='grc' dir='ltr'>ΜΑΤΤΗΙΕΗΜ</span> <span class='ocrx_word' id='word_1_541' title='bbox 1897 313 2128 369; x_wconf 69' lang='lat' dir='ltr'><strong><em>llOMlL.</em></strong></span> <span class='ocrx_word' id='word_1_542' title='bbox 2168 313 2378 369; x_wconf 72' lang='lat' dir='ltr'>LXXX.</span> <span class='ocrx_word' id='word_1_543' title='bbox 2422 313 2492 368; x_wconf 83' lang='lat' dir='ltr'><strong><em>al.</em></strong></span> <span class='ocrx_word' id='word_1_544' title='bbox 2533 309 2770 368; x_wconf 61' lang='lat' dir='ltr'><strong>LXXXI.</strong></span> 
     </span>
    </p>
   </div>
   <div class='ocr_carea' id='block_1_69' title="bbox 1926 5269 2440 5340">
    <p class='ocr_par' dir='ltr' id='par_1_69' title="bbox 1926 5269 2440 5340">
     <span class='ocr_line' id='line_1_69' title="bbox 1926 5269 2440 5340; baseline -0.002 -15"><span class='ocrx_word' id='word_1_545' title='bbox 1926 5273 1972 5305; x_wconf 83' lang='grc'>⁶⁰</span> <span class='ocrx_word' id='word_1_546' title='bbox 1993 5273 2146 5340; x_wconf 76' lang='grc' dir='ltr'>ἔλεγε</span> <span class='ocrx_word' id='word_1_547' title='bbox 2177 5270 2240 5326; x_wconf 89' lang='lat' dir='ltr'><strong>G.</strong></span> <span class='ocrx_word' id='word_1_548' title='bbox 2268 5269 2332 5323; x_wconf 90' lang='grc' dir='ltr'>Κ.</span> <span class='ocrx_word' id='word_1_549' title='bbox 2367 5269 2440 5324; x_wconf 83' lang='grc' dir='ltr'>Μ.</span> 
     </span>
    </p>
   </div>
   <div class='ocr_carea' id='block_1_70' title="bbox 3653 313 3758 368">
    <p class='ocr_par' dir='ltr' id='par_1_70' title="bbox 3653 313 3758 368">
     <span class='ocr_line' id='line_1_70' title="bbox 3653 313 3758 368; baseline 0.019 -2"><span class='ocrx_word' id='word_1_550' title='bbox 3653 313 3758 368; x_wconf 64' lang='grc' dir='ltr'><strong>Ἲὲκ</strong></span> 
     </span>
    </p>
   </div>
   <div class='ocr_carea' id='block_1_71' title="bbox 2091 432 3754 505">
    <p class='ocr_par' dir='ltr' id='par_1_71' title="bbox 2091 432 3754 505">
     <span class='ocr_line' id='line_1_71' title="bbox 2091 432 3754 505; baseline 0.001 -18"><span class='ocrx_word' id='word_1_551' title='bbox 2091 437 2238 505; x_wconf 77' lang='grc' dir='ltr'>ὅμως</span> <span class='ocrx_word' id='word_1_552' title='bbox 2270 437 2368 488; x_wconf 87' lang='grc' dir='ltr'>οὐκ</span> <span class='ocrx_word' id='word_1_553' title='bbox 2403 435 2776 505; x_wconf 72' lang='grc' dir='ltr'>ἐσωφρονίσθη</span> <span class='ocrx_word' id='word_1_554' title='bbox 2803 450 2815 463; x_wconf 82' lang='lat'><strong><em>°</em></strong></span> <span class='ocrx_word' id='word_1_555' title='bbox 2855 433 2947 485; x_wconf 73' lang='grc' dir='ltr'>καὶ</span> <span class='ocrx_word' id='word_1_556' title='bbox 2972 432 3086 497; x_wconf 88' lang='grc' dir='ltr'>πῶς</span> <span class='ocrx_word' id='word_1_557' title='bbox 3116 433 3179 486; x_wconf 75' lang='grc' dir='ltr'>σὺ</span> <span class='ocrx_word' id='word_1_558' title='bbox 3210 433 3510 505; x_wconf 84' lang='grc' dir='ltr'>προσδοκᾷς</span> <span class='ocrx_word' id='word_1_559' title='bbox 3535 434 3754 504; x_wconf 85' lang='grc' dir='ltr'>διαφεύ-</span> 
     </span>
    </p>
   </div>
   <div class='ocr_carea' id='block_1_72' title="bbox 2091 510 3758 582">
    <p class='ocr_par' dir='ltr' id='par_1_72' title="bbox 2091 510 3758 582">
     <span class='ocr_line' id='line_1_72' title="bbox 2091 510 3758 582; baseline -0.001 -16"><span class='ocrx_word' id='word_1_560' title='bbox 2091 513 2272 578; x_wconf 81' lang='grc' dir='ltr'>ξεσθαι</span> <span class='ocrx_word' id='word_1_561' title='bbox 2295 515 2354 566; x_wconf 64' lang='grc' dir='ltr'>τὸ</span> <span class='ocrx_word' id='word_1_562' title='bbox 2387 514 2618 582; x_wconf 82' lang='grc' dir='ltr'>νόσημα,</span> <span class='ocrx_word' id='word_1_563' title='bbox 2651 511 2726 582; x_wconf 83' lang='grc' dir='ltr'>μὴ</span> <span class='ocrx_word' id='word_1_564' title='bbox 2748 510 2980 580; x_wconf 77' lang='grc' dir='ltr'>σφοδρᾶς</span> <span class='ocrx_word' id='word_1_565' title='bbox 3007 511 3299 566; x_wconf 84' lang='grc' dir='ltr'>ἀπολαύων</span> <span class='ocrx_word' id='word_1_566' title='bbox 3324 510 3637 581; x_wconf 84' lang='grc' dir='ltr'>θεραπείας,</span> <span class='ocrx_word' id='word_1_567' title='bbox 3665 514 3758 567; x_wconf 76' lang='grc' dir='ltr'>καὶ</span> 
     </span>
    </p>
   </div>
   <div class='ocr_carea' id='block_1_73' title="bbox 2089 589 3758 664">
    <p class='ocr_par' dir='ltr' id='par_1_73' title="bbox 2089 589 3758 664">
     <span class='ocr_line' id='line_1_73' title="bbox 2089 589 3758 664; baseline 0 -20"><span class='ocrx_word' id='word_1_568' title='bbox 2089 592 2257 664; x_wconf 82' lang='grc' dir='ltr'>πολλῇ</span> <span class='ocrx_word' id='word_1_569' title='bbox 2289 596 2353 664; x_wconf 82' lang='grc' dir='ltr'>τῇ</span> <span class='ocrx_word' id='word_1_570' title='bbox 2388 592 2588 664; x_wconf 81' lang='grc' dir='ltr'>σπουδῇ</span> <span class='ocrx_word' id='word_1_571' title='bbox 2623 591 2994 661; x_wconf 85' lang='grc' dir='ltr'>κεχρημένος;</span> <span class='ocrx_word' id='word_1_572' title='bbox 3023 589 3170 663; x_wconf 76' lang='grc'>[770]</span> <span class='ocrx_word' id='word_1_573' title='bbox 3207 591 3387 644; x_wconf 84' lang='grc' dir='ltr'>Δεινὸν</span> <span class='ocrx_word' id='word_1_574' title='bbox 3418 591 3548 662; x_wconf 88' lang='lat'><strong>7&amp;9,</strong></span> <span class='ocrx_word' id='word_1_575' title='bbox 3586 592 3758 646; x_wconf 79' lang='grc' dir='ltr'>δεινὸν</span> 
     </span>
    </p>
   </div>
   <div class='ocr_carea' id='block_1_74' title="bbox 2087 669 3754 746">
    <p class='ocr_par' dir='ltr' id='par_1_74' title="bbox 2087 669 3754 746">
     <span class='ocr_line' id='line_1_74' title="bbox 2087 669 3754 746; baseline 0.003 -24"><span class='ocrx_word' id='word_1_576' title='bbox 2087 673 2235 725; x_wconf 73' lang='grc' dir='ltr'>τουτὶ</span> <span class='ocrx_word' id='word_1_577' title='bbox 2271 671 2332 725; x_wconf 81' lang='grc' dir='ltr'>τὸ</span> <span class='ocrx_word' id='word_1_578' title='bbox 2358 673 2572 743; x_wconf 81' lang='grc' dir='ltr'>θηρίον⁸</span> <span class='ocrx_word' id='word_1_579' title='bbox 2608 669 2721 724; x_wconf 82' lang='grc' dir='ltr'>ἀλλ’</span> <span class='ocrx_word' id='word_1_580' title='bbox 2743 671 2888 740; x_wconf 82' lang='grc' dir='ltr'>ὅμως</span> <span class='ocrx_word' id='word_1_581' title='bbox 2932 670 2998 724; x_wconf 88' lang='grc' dir='ltr'>ἀν</span> <span class='ocrx_word' id='word_1_582' title='bbox 3039 669 3248 742; x_wconf 85' lang='grc' dir='ltr'>ἐθέλῃς,</span> <span class='ocrx_word' id='word_1_583' title='bbox 3284 670 3478 742; x_wconf 74' lang='grc' dir='ltr'>ῥᾳδίως</span> <span class='ocrx_word' id='word_1_584' title='bbox 3506 672 3754 746; x_wconf 83' lang='grc' dir='ltr'>περιέσῃ.</span> 
     </span>
    </p>
   </div>
   <div class='ocr_carea' id='block_1_75' title="bbox 2088 748 3758 823">
    <p class='ocr_par' dir='ltr' id='par_1_75' title="bbox 2088 748 3758 823">
     <span class='ocr_line' id='line_1_75' title="bbox 2088 748 3758 823; baseline 0.001 -18"><span class='ocrx_word' id='word_1_585' title='bbox 2088 753 2162 805; x_wconf 89' lang='grc' dir='ltr'>Οὐ</span> <span class='ocrx_word' id='word_1_586' title='bbox 2195 753 2303 823; x_wconf 91' lang='grc' dir='ltr'>γάρ</span> <span class='ocrx_word' id='word_1_587' title='bbox 2333 753 2478 805; x_wconf 88' lang='grc' dir='ltr'>ἐστιν</span> <span class='ocrx_word' id='word_1_588' title='bbox 2516 753 2548 820; x_wconf 88' lang='grc' dir='ltr'><strong>ἠ</strong></span> <span class='ocrx_word' id='word_1_589' title='bbox 2583 748 2845 819; x_wconf 89' lang='grc' dir='ltr'>ἐπιθυμία</span> <span class='ocrx_word' id='word_1_590' title='bbox 2878 753 3118 822; x_wconf 84' lang='grc' dir='ltr'>φυσική·</span> <span class='ocrx_word' id='word_1_591' title='bbox 3165 752 3259 803; x_wconf 71' lang='grc' dir='ltr'>καὶ</span> <span class='ocrx_word' id='word_1_592' title='bbox 3287 749 3443 822; x_wconf 81' lang='grc' dir='ltr'>δῆλον</span> <span class='ocrx_word' id='word_1_593' title='bbox 3493 750 3651 806; x_wconf 89' lang='grc' dir='ltr'>τοῦτο</span> <span class='ocrx_word' id='word_1_594' title='bbox 3692 754 3758 806; x_wconf 77' lang='grc' dir='ltr'>ἐκ</span> 
     </span>
    </p>
   </div>
   <div class='ocr_carea' id='block_1_76' title="bbox 2085 828 3758 901">
    <p class='ocr_par' dir='ltr' id='par_1_76' title="bbox 2085 828 3758 901">
     <span class='ocr_line' id='line_1_76' title="bbox 2085 828 3758 901; baseline 0.001 -19"><span class='ocrx_word' id='word_1_595' title='bbox 2085 831 2195 884; x_wconf 88' lang='grc' dir='ltr'>τῶν</span> <span class='ocrx_word' id='word_1_596' title='bbox 2251 829 2682 901; x_wconf 82' lang='grc' dir='ltr'>ἀπηλλαγμένων</span> <span class='ocrx_word' id='word_1_597' title='bbox 2727 828 2914 898; x_wconf 80' lang='grc' dir='ltr'>αὐτῆς.</span> <span class='ocrx_word' id='word_1_598' title='bbox 2955 828 3037 881; x_wconf 90' lang='grc' dir='ltr'>Τά</span> <span class='ocrx_word' id='word_1_599' title='bbox 3069 828 3176 898; x_wconf 85' lang='grc' dir='ltr'>γὰρ</span> <span class='ocrx_word' id='word_1_600' title='bbox 3215 830 3314 896; x_wconf 81' lang='grc' dir='ltr'>τῆς</span> <span class='ocrx_word' id='word_1_601' title='bbox 3356 829 3571 897; x_wconf 87' lang='grc' dir='ltr'>φύσεως</span> <span class='ocrx_word' id='word_1_602' title='bbox 3603 831 3758 884; x_wconf 86' lang='grc' dir='ltr'>κοινά</span> 
     </span>
    </p>
   </div>
   <div class='ocr_carea' id='block_1_77' title="bbox 2092 906 3758 978">
    <p class='ocr_par' dir='ltr' id='par_1_77' title="bbox 2092 906 3758 978">
     <span class='ocr_line' id='line_1_77' title="bbox 2092 906 3758 978; baseline -0.001 -15"><span class='ocrx_word' id='word_1_603' title='bbox 2092 911 2308 964; x_wconf 89' lang='grc' dir='ltr'>πάντων</span> <span class='ocrx_word' id='word_1_604' title='bbox 2332 908 2477 962; x_wconf 78' lang='grc' dir='ltr'>ἐστίν</span> <span class='ocrx_word' id='word_1_605' title='bbox 2503 925 2516 939; x_wconf 88' lang='grc'><strong>·</strong></span> <span class='ocrx_word' id='word_1_606' title='bbox 2570 907 2707 977; x_wconf 83' lang='grc' dir='ltr'>αῦτη</span> <span class='ocrx_word' id='word_1_607' title='bbox 2734 907 2791 960; x_wconf 86' lang='grc' dir='ltr'>δὲ</span> <span class='ocrx_word' id='word_1_608' title='bbox 2824 907 2887 959; x_wconf 88' lang='grc' dir='ltr'>ἐκ</span> <span class='ocrx_word' id='word_1_609' title='bbox 2915 906 3232 977; x_wconf 81' lang='grc' dir='ltr'>ρᾳθυμίαςὴ</span> <span class='ocrx_word' id='word_1_610' title='bbox 3263 906 3524 978; x_wconf 86' lang='grc' dir='ltr'>ἐπιθυμία</span> <span class='ocrx_word' id='word_1_611' title='bbox 3551 907 3758 976; x_wconf 85' lang='grc' dir='ltr'>γίνεται</span> 
     </span>
    </p>
   </div>
   <div class='ocr_carea' id='block_1_78' title="bbox 2095 984 3758 1058">
    <p class='ocr_par' dir='ltr' id='par_1_78' title="bbox 2095 984 3758 1058">
     <span class='ocr_line' id='line_1_78' title="bbox 2095 984 3758 1058; baseline -0.001 -16"><span class='ocrx_word' id='word_1_612' title='bbox 2095 989 2298 1058; x_wconf 74' lang='grc' dir='ltr'>μόνηςο</span> <span class='ocrx_word' id='word_1_613' title='bbox 2355 985 2601 1040; x_wconf 89' lang='grc' dir='ltr'>ἐντεῦθεν</span> <span class='ocrx_word' id='word_1_614' title='bbox 2649 985 2860 1054; x_wconf 87' lang='grc' dir='ltr'>φύεται,</span> <span class='ocrx_word' id='word_1_615' title='bbox 2909 985 3155 1040; x_wconf 84' lang='grc' dir='ltr'>ἐντεῦθεν</span> <span class='ocrx_word' id='word_1_616' title='bbox 3188 984 3442 1050; x_wconf 76' lang='grc' dir='ltr'>αὔξεταιο</span> <span class='ocrx_word' id='word_1_617' title='bbox 3491 988 3585 1040; x_wconf 77' lang='grc' dir='ltr'>καὶ</span> <span class='ocrx_word' id='word_1_618' title='bbox 3629 988 3758 1050; x_wconf 80' lang='grc' dir='ltr'>τοὺς</span> 
     </span>
    </p>
   </div>
   <div class='ocr_carea' id='block_1_79' title="bbox 2091 1064 3754 1138">
    <p class='ocr_par' dir='ltr' id='par_1_79' title="bbox 2091 1064 3754 1138">
     <span class='ocr_line' id='line_1_79' title="bbox 2091 1064 3754 1138; baseline -0.002 -17"><span class='ocrx_word' id='word_1_619' title='bbox 2091 1065 2227 1138; x_wconf 72' lang='grc' dir='ltr'>πρὸς</span> <span class='ocrx_word' id='word_1_620' title='bbox 2259 1065 2424 1137; x_wconf 83' lang='grc' dir='ltr'>αὐτὴν</span> <span class='ocrx_word' id='word_1_621' title='bbox 2452 1066 2748 1136; x_wconf 86' lang='grc' dir='ltr'>κεχηνότας</span> <span class='ocrx_word' id='word_1_622' title='bbox 2773 1066 2902 1119; x_wconf 83' lang='grc' dir='ltr'>ὅταν</span> <span class='ocrx_word' id='word_1_623' title='bbox 2933 1064 3049 1137; x_wconf 75' lang='grc' dir='ltr'>ἕλῃ,</span> <span class='ocrx_word' id='word_1_624' title='bbox 3094 1065 3244 1136; x_wconf 86' lang='grc' dir='ltr'>παρά</span> <span class='ocrx_word' id='word_1_625' title='bbox 3269 1064 3430 1133; x_wconf 86' lang='grc' dir='ltr'>φύσιν</span> <span class='ocrx_word' id='word_1_626' title='bbox 3469 1067 3614 1119; x_wconf 86' lang='grc' dir='ltr'>ποιεῖ</span> <span class='ocrx_word' id='word_1_627' title='bbox 3635 1066 3754 1135; x_wconf 77' lang='grc' dir='ltr'>ζῇν.</span> 
     </span>
    </p>
   </div>
   <div class='ocr_carea' id='block_1_80' title="bbox 2089 1144 3758 1216">
    <p class='ocr_par' dir='ltr' id='par_1_80' title="bbox 2089 1144 3758 1216">
     <span class='ocr_line' id='line_1_80' title="bbox 2089 1144 3758 1216; baseline -0.001 -17"><span class='ocrx_word' id='word_1_628' title='bbox 2089 1146 2257 1200; x_wconf 84' lang='grc' dir='ltr'>Ὅταν</span> <span class='ocrx_word' id='word_1_629' title='bbox 2289 1145 2397 1216; x_wconf 90' lang='grc' dir='ltr'>γάρ</span> <span class='ocrx_word' id='word_1_630' title='bbox 2431 1145 2666 1213; x_wconf 87' lang='grc' dir='ltr'>ἀγνοῶσι</span> <span class='ocrx_word' id='word_1_631' title='bbox 2686 1145 2811 1208; x_wconf 83' lang='grc' dir='ltr'>τούς</span> <span class='ocrx_word' id='word_1_632' title='bbox 2856 1144 3180 1215; x_wconf 83' lang='grc' dir='ltr'>ὁμοφύλους,</span> <span class='ocrx_word' id='word_1_633' title='bbox 3216 1147 3341 1208; x_wconf 86' lang='grc' dir='ltr'>τοὺς</span> <span class='ocrx_word' id='word_1_634' title='bbox 3393 1144 3596 1213; x_wconf 87' lang='grc' dir='ltr'>φίλους,</span> <span class='ocrx_word' id='word_1_635' title='bbox 3629 1145 3758 1208; x_wconf 83' lang='grc' dir='ltr'>τούς</span> 
     </span>
    </p>
   </div>
   <div class='ocr_carea' id='block_1_81' title="bbox 2087 1224 3759 1295">
    <p class='ocr_par' dir='ltr' id='par_1_81' title="bbox 2087 1224 3759 1295">
     <span class='ocr_line' id='line_1_81' title="bbox 2087 1224 3759 1295; baseline -0.001 -16"><span class='ocrx_word' id='word_1_636' title='bbox 2087 1226 2368 1295; x_wconf 80' lang='grc' dir='ltr'>ἀδελφοὺς,</span> <span class='ocrx_word' id='word_1_637' title='bbox 2425 1225 2551 1288; x_wconf 79' lang='grc' dir='ltr'>τοὺς</span> <span class='ocrx_word' id='word_1_638' title='bbox 2595 1225 2892 1292; x_wconf 84' lang='grc' dir='ltr'>συγγενεῖς,</span> <span class='ocrx_word' id='word_1_639' title='bbox 2949 1224 3192 1287; x_wconf 70' lang='grc' dir='ltr'>ἅπαντας</span> <span class='ocrx_word' id='word_1_640' title='bbox 3225 1225 3428 1288; x_wconf 81' lang='grc' dir='ltr'>ἁπλῶς,</span> <span class='ocrx_word' id='word_1_641' title='bbox 3487 1226 3580 1278; x_wconf 74' lang='grc' dir='ltr'>καὶ</span> <span class='ocrx_word' id='word_1_642' title='bbox 3623 1225 3759 1294; x_wconf 85' lang='grc' dir='ltr'>μετά</span> 
     </span>
    </p>
   </div>
   <div class='ocr_carea' id='block_1_82' title="bbox 2085 1304 3758 1376">
    <p class='ocr_par' dir='ltr' id='par_1_82' title="bbox 2085 1304 3758 1376">
     <span class='ocr_line' id='line_1_82' title="bbox 2085 1304 3758 1376; baseline -0.001 -17"><span class='ocrx_word' id='word_1_643' title='bbox 2085 1305 2289 1359; x_wconf 89' lang='grc' dir='ltr'>τούτων</span> <span class='ocrx_word' id='word_1_644' title='bbox 2314 1306 2407 1359; x_wconf 78' lang='grc' dir='ltr'>καὶ</span> <span class='ocrx_word' id='word_1_645' title='bbox 2437 1305 2683 1368; x_wconf 78' lang='grc' dir='ltr'>ἑαυτοὺς,</span> <span class='ocrx_word' id='word_1_646' title='bbox 2710 1305 2858 1374; x_wconf 83' lang='grc' dir='ltr'>παρὰ</span> <span class='ocrx_word' id='word_1_647' title='bbox 2874 1305 2921 1336; x_wconf 66' lang='grc' dir='ltr'>ν’</span> <span class='ocrx_word' id='word_1_648' title='bbox 2947 1304 3106 1374; x_wconf 81' lang='grc' dir='ltr'>φύσιν</span> <span class='ocrx_word' id='word_1_649' title='bbox 3130 1305 3285 1358; x_wconf 89' lang='grc' dir='ltr'>τοῦτό</span> <span class='ocrx_word' id='word_1_650' title='bbox 3315 1307 3429 1359; x_wconf 88' lang='grc' dir='ltr'>ἐστι</span> <span class='ocrx_word' id='word_1_651' title='bbox 3448 1305 3565 1376; x_wconf 75' lang='grc' dir='ltr'>ζῇν.</span> <span class='ocrx_word' id='word_1_652' title='bbox 3597 1306 3758 1360; x_wconf 76' lang='grc' dir='ltr'>Ὅθεν</span> 
     </span>
    </p>
   </div>
   <div class='ocr_carea' id='block_1_83' title="bbox 2086 1385 3759 1457">
    <p class='ocr_par' dir='ltr' id='par_1_83' title="bbox 2086 1385 3759 1457">
     <span class='ocr_line' id='line_1_83' title="bbox 2086 1385 3759 1457; baseline 0.001 -17"><span class='ocrx_word' id='word_1_653' title='bbox 2086 1386 2262 1456; x_wconf 82' lang='grc' dir='ltr'>δῆλον,</span> <span class='ocrx_word' id='word_1_654' title='bbox 2294 1385 2556 1457; x_wconf 77' lang='grc' dir='ltr'>ὄτιπαρά</span> <span class='ocrx_word' id='word_1_655' title='bbox 2594 1385 2757 1453; x_wconf 88' lang='grc' dir='ltr'>φύσιν</span> <span class='ocrx_word' id='word_1_656' title='bbox 2790 1385 3032 1456; x_wconf 84' lang='grc' dir='ltr'>ἡκακία,</span> <span class='ocrx_word' id='word_1_657' title='bbox 3065 1387 3160 1439; x_wconf 74' lang='grc' dir='ltr'>καὶ</span> <span class='ocrx_word' id='word_1_658' title='bbox 3184 1385 3362 1455; x_wconf 77' lang='grc' dir='ltr'>τὸτῆς</span> <span class='ocrx_word' id='word_1_659' title='bbox 3395 1386 3759 1456; x_wconf 84' lang='grc' dir='ltr'>φιλαργυρίας</span> 
     </span>
    </p>
   </div>
   <div class='ocr_carea' id='block_1_84' title="bbox 2086 1456 3756 1536">
    <p class='ocr_par' dir='ltr' id='par_1_84' title="bbox 2086 1456 3756 1536">
     <span class='ocr_line' id='line_1_84' title="bbox 2086 1456 3756 1536; baseline 0.001 -19"><span class='ocrx_word' id='word_1_660' title='bbox 2086 1466 2320 1534; x_wconf 86' lang='grc' dir='ltr'>νόσημα,</span> <span class='ocrx_word' id='word_1_661' title='bbox 2369 1456 2414 1531; x_wconf 81' lang='grc' dir='ltr'><strong>ᾧ</strong></span> <span class='ocrx_word' id='word_1_662' title='bbox 2442 1465 2538 1518; x_wconf 78' lang='grc' dir='ltr'>καὶ</span> <span class='ocrx_word' id='word_1_663' title='bbox 2581 1463 2780 1528; x_wconf 85' lang='grc' dir='ltr'>Ἰούδας</span> <span class='ocrx_word' id='word_1_664' title='bbox 2827 1463 3161 1534; x_wconf 85' lang='grc' dir='ltr'>περιπεσὼν,</span> <span class='ocrx_word' id='word_1_665' title='bbox 3207 1464 3471 1536; x_wconf 82' lang='grc' dir='ltr'>προδότης</span> <span class='ocrx_word' id='word_1_666' title='bbox 3520 1464 3756 1532; x_wconf 86' lang='grc' dir='ltr'>ἐγένετο.</span> 
     </span>
    </p>
   </div>
   <div class='ocr_carea' id='block_1_85' title="bbox 2086 1542 3757 1614">
    <p class='ocr_par' dir='ltr' id='par_1_85' title="bbox 2086 1542 3757 1614">
     <span class='ocr_line' id='line_1_85' title="bbox 2086 1542 3757 1614; baseline -0.001 -17"><span class='ocrx_word' id='word_1_667' title='bbox 2086 1545 2196 1598; x_wconf 85' lang='lat' dir='ltr'><strong><em>Kal</em></strong></span> <span class='ocrx_word' id='word_1_668' title='bbox 2226 1543 2344 1607; x_wconf 86' lang='grc' dir='ltr'>πῶς</span> <span class='ocrx_word' id='word_1_669' title='bbox 2384 1542 2622 1603; x_wconf 83' lang='grc' dir='ltr'>τοιοῦτος</span> <span class='ocrx_word' id='word_1_670' title='bbox 2649 1542 2858 1611; x_wconf 83' lang='grc' dir='ltr'>γέγονε,</span> <span class='ocrx_word' id='word_1_671' title='bbox 2891 1543 3042 1613; x_wconf 72' lang='grc' dir='ltr'>φησὶ,</span> <span class='ocrx_word' id='word_1_672' title='bbox 3071 1543 3290 1613; x_wconf 78' lang='grc' dir='ltr'>κληθεὶς</span> <span class='ocrx_word' id='word_1_673' title='bbox 3321 1543 3426 1599; x_wconf 78' lang='grc' dir='ltr'>ὑπὸ</span> <span class='ocrx_word' id='word_1_674' title='bbox 3478 1543 3572 1597; x_wconf 90' lang='grc' dir='ltr'>τοῦ</span> <span class='ocrx_word' id='word_1_675' title='bbox 3622 1545 3757 1614; x_wconf 86' lang='grc' dir='ltr'>Χρι-</span> 
     </span>
    </p>
   </div>
   <div class='ocr_carea' id='block_1_86' title="bbox 2085 1619 3758 1693">
    <p class='ocr_par' dir='ltr' id='par_1_86' title="bbox 2085 1619 3758 1693">
     <span class='ocr_line' id='line_1_86' title="bbox 2085 1619 3758 1693; baseline 0 -17"><span class='ocrx_word' id='word_1_676' title='bbox 2085 1623 2216 1688; x_wconf 84' lang='grc' dir='ltr'>τοῦ;</span> <span class='ocrx_word' id='word_1_677' title='bbox 2251 1624 2372 1677; x_wconf 81' lang='grc' dir='ltr'>Ὀτι</span> <span class='ocrx_word' id='word_1_678' title='bbox 2413 1624 2513 1676; x_wconf 90' lang='grc' dir='ltr'>οὐκ</span> <span class='ocrx_word' id='word_1_679' title='bbox 2557 1619 2930 1690; x_wconf 82' lang='grc' dir='ltr'>ἀναγκαστικὴ</span> <span class='ocrx_word' id='word_1_680' title='bbox 2973 1620 3067 1674; x_wconf 85' lang='grc' dir='ltr'>τοῦ</span> <span class='ocrx_word' id='word_1_681' title='bbox 3123 1621 3261 1675; x_wconf 84' lang='grc' dir='ltr'>Θεοῦ</span> <span class='ocrx_word' id='word_1_682' title='bbox 3307 1624 3341 1693; x_wconf 83' lang='grc' dir='ltr'>ἡ</span> <span class='ocrx_word' id='word_1_683' title='bbox 3395 1621 3604 1691; x_wconf 83' lang='grc' dir='ltr'>κλῆσις,</span> <span class='ocrx_word' id='word_1_684' title='bbox 3636 1623 3758 1676; x_wconf 85' lang='grc' dir='ltr'>οὐδέ</span> 
     </span>
    </p>
   </div>
   <div class='ocr_carea' id='block_1_87' title="bbox 2085 1701 3757 1776">
    <p class='ocr_par' dir='ltr' id='par_1_87' title="bbox 2085 1701 3757 1776">
     <span class='ocr_line' id='line_1_87' title="bbox 2085 1701 3757 1776; baseline -0.001 -18"><span class='ocrx_word' id='word_1_685' title='bbox 2085 1703 2328 1776; x_wconf 85' lang='grc' dir='ltr'>βιάζεται</span> <span class='ocrx_word' id='word_1_686' title='bbox 2367 1704 2469 1776; x_wconf 82' lang='grc' dir='ltr'>τὴν</span> <span class='ocrx_word' id='word_1_687' title='bbox 2496 1702 2718 1773; x_wconf 87' lang='grc' dir='ltr'>γνώμην</span> <span class='ocrx_word' id='word_1_688' title='bbox 2742 1701 2852 1755; x_wconf 91' lang='grc' dir='ltr'>τῶν</span> <span class='ocrx_word' id='word_1_689' title='bbox 2885 1701 2960 1774; x_wconf 84' lang='grc' dir='ltr'>μὴ</span> <span class='ocrx_word' id='word_1_690' title='bbox 2991 1701 3328 1773; x_wconf 79' lang='grc' dir='ltr'>βουλομένων</span> <span class='ocrx_word' id='word_1_691' title='bbox 3378 1703 3580 1774; x_wconf 86' lang='grc' dir='ltr'>ἀρετὴν</span> <span class='ocrx_word' id='word_1_692' title='bbox 3639 1701 3757 1757; x_wconf 84' lang='grc' dir='ltr'>ἐλέ-</span> 
     </span>
    </p>
   </div>
   <div class='ocr_carea' id='block_1_88' title="bbox 2086 1780 3758 1856">
    <p class='ocr_par' dir='ltr' id='par_1_88' title="bbox 2086 1780 3758 1856">
     <span class='ocr_line' id='line_1_88' title="bbox 2086 1780 3758 1856; baseline -0.002 -19"><span class='ocrx_word' id='word_1_693' title='bbox 2086 1784 2230 1843; x_wconf 89' lang='grc' dir='ltr'>σθαι,</span> <span class='ocrx_word' id='word_1_694' title='bbox 2260 1783 2394 1838; x_wconf 87' lang='grc' dir='ltr'>ἀλλά</span> <span class='ocrx_word' id='word_1_695' title='bbox 2437 1785 2693 1856; x_wconf 82' lang='grc' dir='ltr'>παραινεῖ</span> <span class='ocrx_word' id='word_1_696' title='bbox 2733 1789 2833 1850; x_wconf 84' lang='grc' dir='ltr'>μὲν</span> <span class='ocrx_word' id='word_1_697' title='bbox 2873 1782 2966 1835; x_wconf 70' lang='grc' dir='ltr'>καὶ</span> <span class='ocrx_word' id='word_1_698' title='bbox 3017 1780 3393 1852; x_wconf 81' lang='grc' dir='ltr'>συμϐουλεύει,</span> <span class='ocrx_word' id='word_1_699' title='bbox 3442 1782 3536 1835; x_wconf 79' lang='grc' dir='ltr'>καὶ</span> <span class='ocrx_word' id='word_1_700' title='bbox 3579 1781 3758 1834; x_wconf 78' lang='grc' dir='ltr'>πάντα</span> 
     </span>
    </p>
   </div>
   <div class='ocr_carea' id='block_1_89' title="bbox 2085 1859 3759 1934">
    <p class='ocr_par' dir='ltr' id='par_1_89' title="bbox 2085 1859 3759 1934">
     <span class='ocr_line' id='line_1_89' title="bbox 2085 1859 3759 1934; baseline -0.001 -18"><span class='ocrx_word' id='word_1_701' title='bbox 2085 1865 2228 1917; x_wconf 82' lang='grc' dir='ltr'>ποιεῖ</span> <span class='ocrx_word' id='word_1_702' title='bbox 2269 1864 2362 1917; x_wconf 56' lang='grc' dir='ltr'>καὶ⁸</span> <span class='ocrx_word' id='word_1_703' title='bbox 2414 1861 2882 1934; x_wconf 85' lang='grc' dir='ltr'>πραγματεύεται,</span> <span class='ocrx_word' id='word_1_704' title='bbox 2929 1860 3067 1914; x_wconf 83' lang='grc' dir='ltr'>ὥστε</span> <span class='ocrx_word' id='word_1_705' title='bbox 3117 1863 3299 1913; x_wconf 78' lang='grc' dir='ltr'>πεῖσαι</span> <span class='ocrx_word' id='word_1_706' title='bbox 3331 1859 3584 1928; x_wconf 85' lang='grc' dir='ltr'>γενέσθαι</span> <span class='ocrx_word' id='word_1_707' title='bbox 3623 1877 3759 1930; x_wconf 76' lang='grc' dir='ltr'>χρη-</span> 
     </span>
    </p>
   </div>
   <div class='ocr_carea' id='block_1_90' title="bbox 2086 1938 3758 2013">
    <p class='ocr_par' dir='ltr' id='par_1_90' title="bbox 2086 1938 3758 2013">
     <span class='ocr_line' id='line_1_90' title="bbox 2086 1938 3758 2013; baseline -0.002 -18"><span class='ocrx_word' id='word_1_708' title='bbox 2086 1943 2275 2007; x_wconf 78' lang='grc' dir='ltr'>στούςο</span> <span class='ocrx_word' id='word_1_709' title='bbox 2304 1943 2356 1995; x_wconf 81' lang='grc' dir='ltr'>εἰ</span> <span class='ocrx_word' id='word_1_710' title='bbox 2382 1941 2442 1995; x_wconf 87' lang='grc' dir='ltr'>δέ</span> <span class='ocrx_word' id='word_1_711' title='bbox 2474 1942 2547 2013; x_wconf 73' lang='grc' dir='ltr'>μὴ</span> <span class='ocrx_word' id='word_1_712' title='bbox 2575 1940 2890 2010; x_wconf 88' lang='grc' dir='ltr'>ἀνάσχοιντό</span> <span class='ocrx_word' id='word_1_713' title='bbox 2911 1957 3076 2003; x_wconf 88' lang='grc' dir='ltr'>τινες,</span> <span class='ocrx_word' id='word_1_714' title='bbox 3127 1938 3227 1992; x_wconf 87' lang='grc' dir='ltr'>οὐκ</span> <span class='ocrx_word' id='word_1_715' title='bbox 3251 1939 3570 2007; x_wconf 81' lang='grc' dir='ltr'>ἀναγκάζει.</span> <span class='ocrx_word' id='word_1_716' title='bbox 3613 1940 3674 1992; x_wconf 78' lang='lat' dir='ltr'><strong><em>El</em></strong></span> <span class='ocrx_word' id='word_1_717' title='bbox 3700 1939 3758 1992; x_wconf 82' lang='grc' dir='ltr'>δέ</span> 
     </span>
    </p>
   </div>
   <div class='ocr_carea' id='block_1_91' title="bbox 2087 2017 3759 2092">
    <p class='ocr_par' dir='ltr' id='par_1_91' title="bbox 2087 2017 3759 2092">
     <span class='ocr_line' id='line_1_91' title="bbox 2087 2017 3759 2092; baseline -0.002 -17"><span class='ocrx_word' id='word_1_718' title='bbox 2087 2020 2266 2092; x_wconf 87' lang='grc' dir='ltr'>βούλει</span> <span class='ocrx_word' id='word_1_719' title='bbox 2317 2021 2527 2092; x_wconf 88' lang='grc' dir='ltr'>μαθεῖν,</span> <span class='ocrx_word' id='word_1_720' title='bbox 2579 2020 2740 2074; x_wconf 90' lang='grc' dir='ltr'>πόθεν</span> <span class='ocrx_word' id='word_1_721' title='bbox 2770 2020 2933 2082; x_wconf 86' lang='grc' dir='ltr'>αὐτὸς</span> <span class='ocrx_word' id='word_1_722' title='bbox 2970 2017 3162 2088; x_wconf 89' lang='grc' dir='ltr'>γέγονε</span> <span class='ocrx_word' id='word_1_723' title='bbox 3192 2017 3448 2082; x_wconf 87' lang='grc' dir='ltr'>τοιοῦτος,</span> <span class='ocrx_word' id='word_1_724' title='bbox 3505 2019 3759 2090; x_wconf 78' lang='grc' dir='ltr'>εὑρήσεις</span> 
     </span>
    </p>
   </div>
   <div class='ocr_carea' id='block_1_92' title="bbox 2086 2096 3758 2171">
    <p class='ocr_par' dir='ltr' id='par_1_92' title="bbox 2086 2096 3758 2171">
     <span class='ocr_line' id='line_1_92' title="bbox 2086 2096 3758 2171; baseline -0.002 -16"><span class='ocrx_word' id='word_1_725' title='bbox 2086 2101 2193 2155; x_wconf 75' lang='grc' dir='ltr'>ἀπὸ</span> <span class='ocrx_word' id='word_1_726' title='bbox 2232 2101 2331 2170; x_wconf 81' lang='grc' dir='ltr'>τῆς</span> <span class='ocrx_word' id='word_1_727' title='bbox 2364 2099 2722 2171; x_wconf 87' lang='grc' dir='ltr'>φιλαργυρίας</span> <span class='ocrx_word' id='word_1_728' title='bbox 2757 2099 2920 2152; x_wconf 82' lang='grc' dir='ltr'>αὐτὸν</span> <span class='ocrx_word' id='word_1_729' title='bbox 2967 2096 3302 2153; x_wconf 88' lang='grc' dir='ltr'>ἀπολωλότα.</span> <span class='ocrx_word' id='word_1_730' title='bbox 3352 2098 3462 2151; x_wconf 76' lang='grc' dir='ltr'>Καὶ</span> <span class='ocrx_word' id='word_1_731' title='bbox 3497 2098 3614 2160; x_wconf 79' lang='grc' dir='ltr'>πιῖις</span> <span class='ocrx_word' id='word_1_732' title='bbox 3653 2098 3758 2151; x_wconf 76' lang='grc' dir='ltr'>ὑπὸ</span> 
     </span>
    </p>
   </div>
   <div class='ocr_carea' id='block_1_93' title="bbox 2086 2176 3755 2248">
    <p class='ocr_par' dir='ltr' id='par_1_93' title="bbox 2086 2176 3755 2248">
     <span class='ocr_line' id='line_1_93' title="bbox 2086 2176 3755 2248; baseline -0.001 -16"><span class='ocrx_word' id='word_1_733' title='bbox 2086 2179 2180 2232; x_wconf 84' lang='grc' dir='ltr'>τοῦ</span> <span class='ocrx_word' id='word_1_734' title='bbox 2220 2179 2424 2243; x_wconf 88' lang='grc' dir='ltr'>πάθους</span> <span class='ocrx_word' id='word_1_735' title='bbox 2451 2180 2591 2234; x_wconf 88' lang='grc' dir='ltr'>ἐάλω</span> <span class='ocrx_word' id='word_1_736' title='bbox 2617 2177 2836 2240; x_wconf 89' lang='grc' dir='ltr'>τούτου;</span> <span class='ocrx_word' id='word_1_737' title='bbox 2873 2177 3057 2247; x_wconf 90' lang='grc' dir='ltr'>φησίν.</span> <span class='ocrx_word' id='word_1_738' title='bbox 3097 2177 3314 2246; x_wconf 84' lang='grc' dir='ltr'>Ἐπειδὴ</span> <span class='ocrx_word' id='word_1_739' title='bbox 3348 2176 3755 2248; x_wconf 78' lang='grc' dir='ltr'>ἐρρᾳθύμησεν.</span> 
     </span>
    </p>
   </div>
   <div class='ocr_carea' id='block_1_94' title="bbox 2098 2251 3758 2328">
    <p class='ocr_par' dir='ltr' id='par_1_94' title="bbox 2098 2251 3758 2328">
     <span class='ocr_line' id='line_1_94' title="bbox 2098 2251 3758 2328; baseline -0.001 -17"><span class='ocrx_word' id='word_1_740' title='bbox 2098 2257 2372 2312; x_wconf 83' lang='grc' dir='ltr'>Ἐντεῦθεν</span> <span class='ocrx_word' id='word_1_741' title='bbox 2404 2257 2512 2328; x_wconf 86' lang='grc' dir='ltr'>γὰρ</span> <span class='ocrx_word' id='word_1_742' title='bbox 2542 2257 2599 2311; x_wconf 82' lang='grc' dir='ltr'>αἱ</span> <span class='ocrx_word' id='word_1_743' title='bbox 2628 2255 2872 2311; x_wconf 81' lang='grc' dir='ltr'>τοιαῦται</span> <span class='ocrx_word' id='word_1_744' title='bbox 2920 2255 3229 2326; x_wconf 77' lang='grc' dir='ltr'>μεταϐολαὶ,</span> <span class='ocrx_word' id='word_1_745' title='bbox 3285 2254 3472 2327; x_wconf 78' lang='grc' dir='ltr'>ὥσπερ</span> <span class='ocrx_word' id='word_1_746' title='bbox 3514 2251 3607 2310; x_wconf 84' lang='grc' dir='ltr'>οῦν</span> <span class='ocrx_word' id='word_1_747' title='bbox 3648 2256 3758 2310; x_wconf 74' lang='grc' dir='ltr'>ἀπὸ</span> 
     </span>
    </p>
   </div>
   <div class='ocr_carea' id='block_1_95' title="bbox 2087 2335 3758 2408">
    <p class='ocr_par' dir='ltr' id='par_1_95' title="bbox 2087 2335 3758 2408">
     <span class='ocr_line' id='line_1_95' title="bbox 2087 2335 3758 2408; baseline -0.001 -17"><span class='ocrx_word' id='word_1_748' title='bbox 2087 2339 2322 2408; x_wconf 82' lang='grc' dir='ltr'>σπουδῆς</span> <span class='ocrx_word' id='word_1_749' title='bbox 2358 2341 2412 2392; x_wconf 90' lang='grc' dir='ltr'>αί</span> <span class='ocrx_word' id='word_1_750' title='bbox 2453 2337 2587 2408; x_wconf 71' lang='grc' dir='ltr'>πρὸς</span> <span class='ocrx_word' id='word_1_751' title='bbox 2614 2337 2675 2390; x_wconf 80' lang='grc' dir='ltr'>τὸ</span> <span class='ocrx_word' id='word_1_752' title='bbox 2703 2338 2959 2391; x_wconf 88' lang='grc' dir='ltr'>ἐναντίον.</span> <span class='ocrx_word' id='word_1_753' title='bbox 2993 2337 3156 2390; x_wconf 87' lang='grc' dir='ltr'>Πόσοι</span> <span class='ocrx_word' id='word_1_754' title='bbox 3181 2336 3309 2404; x_wconf 86' lang='grc' dir='ltr'>γοῦν</span> <span class='ocrx_word' id='word_1_755' title='bbox 3345 2335 3505 2406; x_wconf 85' lang='grc' dir='ltr'>βίαιοι</span> <span class='ocrx_word' id='word_1_756' title='bbox 3530 2337 3758 2406; x_wconf 85' lang='grc' dir='ltr'>γενόμε-</span> 
     </span>
    </p>
   </div>
   <div class='ocr_carea' id='block_1_96' title="bbox 2085 2417 3754 2489">
    <p class='ocr_par' dir='ltr' id='par_1_96' title="bbox 2085 2417 3754 2489">
     <span class='ocr_line' id='line_1_96' title="bbox 2085 2417 3754 2489; baseline -0.001 -17"><span class='ocrx_word' id='word_1_757' title='bbox 2085 2438 2166 2473; x_wconf 92' lang='grc' dir='ltr'>νοι</span> <span class='ocrx_word' id='word_1_758' title='bbox 2195 2460 2209 2480; x_wconf 93' lang='grc'>,</span> <span class='ocrx_word' id='word_1_759' title='bbox 2257 2419 2541 2488; x_wconf 89' lang='grc' dir='ltr'>προϐάτων</span> <span class='ocrx_word' id='word_1_760' title='bbox 2569 2418 2707 2472; x_wconf 76' lang='grc' dir='ltr'>εἰσὶν</span> <span class='ocrx_word' id='word_1_761' title='bbox 2742 2417 3078 2489; x_wconf 80' lang='grc' dir='ltr'>ἡμερώτεροι</span> <span class='ocrx_word' id='word_1_762' title='bbox 3106 2417 3231 2483; x_wconf 90' lang='grc' dir='ltr'>νῦν;</span> <span class='ocrx_word' id='word_1_763' title='bbox 3283 2417 3438 2471; x_wconf 88' lang='grc' dir='ltr'>πόσοι</span> <span class='ocrx_word' id='word_1_764' title='bbox 3484 2417 3754 2485; x_wconf 82' lang='grc' dir='ltr'>ἀσελγεῖς,</span> 
     </span>
    </p>
   </div>
   <div class='ocr_carea' id='block_1_97' title="bbox 2089 2495 3757 2570">
    <p class='ocr_par' dir='ltr' id='par_1_97' title="bbox 2089 2495 3757 2570">
     <span class='ocr_line' id='line_1_97' title="bbox 2089 2495 3757 2570; baseline -0.001 -19"><span class='ocrx_word' id='word_1_765' title='bbox 2089 2498 2359 2570; x_wconf 85' lang='grc' dir='ltr'>σώφρονες</span> <span class='ocrx_word' id='word_1_766' title='bbox 2411 2497 2548 2567; x_wconf 88' lang='grc' dir='ltr'>μετά</span> <span class='ocrx_word' id='word_1_767' title='bbox 2591 2496 2760 2550; x_wconf 89' lang='grc' dir='ltr'>ταῦτα</span> <span class='ocrx_word' id='word_1_768' title='bbox 2814 2497 3189 2566; x_wconf 78' lang='grc' dir='ltr'>κατέστησανς</span> <span class='ocrx_word' id='word_1_769' title='bbox 3239 2497 3392 2548; x_wconf 83' lang='grc' dir='ltr'>πόσοι</span> <span class='ocrx_word' id='word_1_770' title='bbox 3441 2495 3757 2550; x_wconf 87' lang='grc' dir='ltr'>πλεονέκται</span> 
     </span>
    </p>
   </div>
   <div class='ocr_carea' id='block_1_98' title="bbox 2088 2573 3758 2650">
    <p class='ocr_par' dir='ltr' id='par_1_98' title="bbox 2088 2573 3758 2650">
     <span class='ocr_line' id='line_1_98' title="bbox 2088 2573 3758 2650; baseline -0.002 -18"><span class='ocrx_word' id='word_1_771' title='bbox 2088 2580 2193 2650; x_wconf 84' lang='grc' dir='ltr'>πρὸ</span> <span class='ocrx_word' id='word_1_772' title='bbox 2218 2577 2425 2638; x_wconf 89' lang='grc' dir='ltr'>τούτου,</span> <span class='ocrx_word' id='word_1_773' title='bbox 2449 2577 2542 2629; x_wconf 87' lang='grc' dir='ltr'>νῦν</span> <span class='ocrx_word' id='word_1_774' title='bbox 2573 2576 2628 2628; x_wconf 78' lang='grc' dir='ltr'>δὲ</span> <span class='ocrx_word' id='word_1_775' title='bbox 2653 2577 2746 2629; x_wconf 71' lang='grc' dir='ltr'>καὶ</span> <span class='ocrx_word' id='word_1_776' title='bbox 2766 2575 2832 2629; x_wconf 84' lang='grc' dir='ltr'>τά</span> <span class='ocrx_word' id='word_1_777' title='bbox 2864 2575 3070 2629; x_wconf 79' lang='grc' dir='ltr'>ἑαυτῶν</span> <span class='ocrx_word' id='word_1_778' title='bbox 3109 2575 3154 2606; x_wconf 84' lang='grc'>⁷³</span> <span class='ocrx_word' id='word_1_779' title='bbox 3194 2573 3456 2646; x_wconf 75' lang='grc' dir='ltr'>έρῤιψανς</span> <span class='ocrx_word' id='word_1_780' title='bbox 3501 2577 3612 2629; x_wconf 84' lang='lat' dir='ltr'>Kal</span> <span class='ocrx_word' id='word_1_781' title='bbox 3635 2575 3758 2628; x_wconf 82' lang='grc' dir='ltr'>τού-</span> 
     </span>
    </p>
   </div>
   <div class='ocr_carea' id='block_1_99' title="bbox 2086 2652 3756 2726">
    <p class='ocr_par' dir='ltr' id='par_1_99' title="bbox 2086 2652 3756 2726">
     <span class='ocr_line' id='line_1_99' title="bbox 2086 2652 3756 2726; baseline -0.001 -18"><span class='ocrx_word' id='word_1_782' title='bbox 2086 2656 2298 2711; x_wconf 86' lang='grc' dir='ltr'>ναντίον</span> <span class='ocrx_word' id='word_1_783' title='bbox 2331 2656 2492 2709; x_wconf 87' lang='grc' dir='ltr'>πάλιν</span> <span class='ocrx_word' id='word_1_784' title='bbox 2520 2654 2628 2709; x_wconf 82' lang='grc' dir='ltr'>ἀπὸ</span> <span class='ocrx_word' id='word_1_785' title='bbox 2663 2655 2934 2726; x_wconf 80' lang='grc' dir='ltr'>ῥᾳθυμίας</span> <span class='ocrx_word' id='word_1_786' title='bbox 2965 2653 3182 2725; x_wconf 83' lang='grc' dir='ltr'>συνέϐη.</span> <span class='ocrx_word' id='word_1_787' title='bbox 3236 2654 3346 2708; x_wconf 82' lang='lat' dir='ltr'><strong><em>Kal</em></strong></span> <span class='ocrx_word' id='word_1_788' title='bbox 3382 2652 3491 2725; x_wconf 86' lang='lat'>7&amp;9</span> <span class='ocrx_word' id='word_1_789' title='bbox 3537 2655 3567 2707; x_wconf 87' lang='grc' dir='ltr'>ό</span> <span class='ocrx_word' id='word_1_790' title='bbox 3593 2653 3756 2726; x_wconf 73' lang='grc' dir='ltr'>Γιεζῆ</span> 
     </span>
    </p>
   </div>
   <div class='ocr_carea' id='block_1_100' title="bbox 2085 2733 3756 2807">
    <p class='ocr_par' dir='ltr' id='par_1_100' title="bbox 2085 2733 3756 2807">
     <span class='ocr_line' id='line_1_100' title="bbox 2085 2733 3756 2807; baseline -0.001 -17"><span class='ocrx_word' id='word_1_791' title='bbox 2085 2736 2239 2807; x_wconf 79' lang='grc' dir='ltr'>ἀνδρὶ</span> <span class='ocrx_word' id='word_1_792' title='bbox 2269 2734 2408 2805; x_wconf 90' lang='grc' dir='ltr'>ἀγίῳ</span> <span class='ocrx_word' id='word_1_793' title='bbox 2435 2734 2654 2805; x_wconf 80' lang='grc' dir='ltr'>συνέζη,</span> <span class='ocrx_word' id='word_1_794' title='bbox 2686 2734 2781 2788; x_wconf 76' lang='grc' dir='ltr'>καὶ</span> <span class='ocrx_word' id='word_1_795' title='bbox 2813 2733 3002 2801; x_wconf 88' lang='grc' dir='ltr'>γέγονε</span> <span class='ocrx_word' id='word_1_796' title='bbox 3027 2733 3298 2805; x_wconf 76' lang='grc' dir='ltr'>μοχθηρὸς</span> <span class='ocrx_word' id='word_1_797' title='bbox 3325 2733 3422 2786; x_wconf 61' lang='grc' dir='ltr'>καὶ⁷</span> <span class='ocrx_word' id='word_1_798' title='bbox 3453 2733 3616 2798; x_wconf 78' lang='grc' dir='ltr'>αὐτδς</span> <span class='ocrx_word' id='word_1_799' title='bbox 3648 2733 3756 2788; x_wconf 69' lang='grc' dir='ltr'>ἀπὸ</span> 
     </span>
    </p>
   </div>
   <div class='ocr_carea' id='block_1_101' title="bbox 2085 2813 3756 2886">
    <p class='ocr_par' dir='ltr' id='par_1_101' title="bbox 2085 2813 3756 2886">
     <span class='ocr_line' id='line_1_101' title="bbox 2085 2813 3756 2886; baseline -0.002 -16"><span class='ocrx_word' id='word_1_800' title='bbox 2085 2815 2179 2870; x_wconf 85' lang='grc' dir='ltr'>τοῦ</span> <span class='ocrx_word' id='word_1_801' title='bbox 2224 2814 2387 2869; x_wconf 89' lang='grc' dir='ltr'>αὐτοῦ</span> <span class='ocrx_word' id='word_1_802' title='bbox 2433 2815 2758 2886; x_wconf 72' lang='grc' dir='ltr'>νοσήματος.</span> <span class='ocrx_word' id='word_1_803' title='bbox 2789 2813 2864 2867; x_wconf 84' lang='grc' dir='ltr'>Τὸ</span> <span class='ocrx_word' id='word_1_804' title='bbox 2906 2815 2954 2847; x_wconf 75' lang='grc'>’⁸</span> <span class='ocrx_word' id='word_1_805' title='bbox 2981 2813 3089 2885; x_wconf 92' lang='grc' dir='ltr'>γάρ</span> <span class='ocrx_word' id='word_1_806' title='bbox 3122 2813 3338 2868; x_wconf 87' lang='grc' dir='ltr'>πάντων</span> <span class='ocrx_word' id='word_1_807' title='bbox 3377 2813 3756 2884; x_wconf 79' lang='grc' dir='ltr'>χαλεπώτατον</span> 
     </span>
    </p>
   </div>
   <div class='ocr_carea' id='block_1_102' title="bbox 2085 2892 3758 2964">
    <p class='ocr_par' dir='ltr' id='par_1_102' title="bbox 2085 2892 3758 2964">
     <span class='ocr_line' id='line_1_102' title="bbox 2085 2892 3758 2964; baseline -0.002 -14"><span class='ocrx_word' id='word_1_808' title='bbox 2085 2895 2242 2950; x_wconf 87' lang='grc' dir='ltr'>τοῦτο</span> <span class='ocrx_word' id='word_1_809' title='bbox 2260 2896 2320 2948; x_wconf 81' lang='grc' dir='ltr'>τὸ</span> <span class='ocrx_word' id='word_1_810' title='bbox 2351 2893 2540 2958; x_wconf 90' lang='grc' dir='ltr'>πάθος.</span> <span class='ocrx_word' id='word_1_811' title='bbox 2588 2892 2867 2948; x_wconf 85' lang='grc' dir='ltr'>Ἐντεῦθεν</span> <span class='ocrx_word' id='word_1_812' title='bbox 2895 2892 3261 2964; x_wconf 84' lang='grc' dir='ltr'>τυμϐωρύχοι,</span> <span class='ocrx_word' id='word_1_813' title='bbox 3292 2893 3538 2946; x_wconf 82' lang='grc' dir='ltr'>ἐντεῦθεν</span> <span class='ocrx_word' id='word_1_814' title='bbox 3569 2892 3758 2964; x_wconf 82' lang='grc' dir='ltr'>ἀνδρο-</span> 
     </span>
    </p>
   </div>
   <div class='ocr_carea' id='block_1_103' title="bbox 2087 2972 3757 3046">
    <p class='ocr_par' dir='ltr' id='par_1_103' title="bbox 2087 2972 3757 3046">
     <span class='ocr_line' id='line_1_103' title="bbox 2087 2972 3757 3046; baseline -0.001 -19"><span class='ocrx_word' id='word_1_815' title='bbox 2087 2975 2256 3042; x_wconf 86' lang='grc' dir='ltr'>φόνοι,</span> <span class='ocrx_word' id='word_1_816' title='bbox 2275 2973 2522 3026; x_wconf 87' lang='grc' dir='ltr'>ἐντεῦθεν</span> <span class='ocrx_word' id='word_1_817' title='bbox 2549 2973 2774 3043; x_wconf 90' lang='grc' dir='ltr'>πόλεμοι</span> <span class='ocrx_word' id='word_1_818' title='bbox 2805 2973 2899 3026; x_wconf 73' lang='grc' dir='ltr'>καὶ</span> <span class='ocrx_word' id='word_1_819' title='bbox 2934 2973 3124 3044; x_wconf 80' lang='grc' dir='ltr'>μάχαι,</span> <span class='ocrx_word' id='word_1_820' title='bbox 3155 2973 3250 3026; x_wconf 65' lang='grc' dir='ltr'>καλ⁵</span> <span class='ocrx_word' id='word_1_821' title='bbox 3270 2973 3407 3044; x_wconf 74' lang='grc' dir='ltr'>ὅπερ</span> <span class='ocrx_word' id='word_1_822' title='bbox 3441 2972 3508 3026; x_wconf 81' lang='grc' dir='ltr'>ἂν</span> <span class='ocrx_word' id='word_1_823' title='bbox 3549 2974 3574 3006; x_wconf 86' lang='grc'><strong><em>⁸</em></strong></span> <span class='ocrx_word' id='word_1_824' title='bbox 3595 2973 3757 3046; x_wconf 73' lang='grc' dir='ltr'>εἴπῃς</span> 
     </span>
    </p>
   </div>
   <div class='ocr_carea' id='block_1_104' title="bbox 2087 3050 3754 3123">
    <p class='ocr_par' dir='ltr' id='par_1_104' title="bbox 2087 3050 3754 3123">
     <span class='ocr_line' id='line_1_104' title="bbox 2087 3050 3754 3123; baseline 0.001 -20"><span class='ocrx_word' id='word_1_825' title='bbox 2087 3053 2274 3116; x_wconf 80' lang='grc' dir='ltr'>κακὸν,</span> <span class='ocrx_word' id='word_1_826' title='bbox 2307 3051 2575 3105; x_wconf 87' lang='grc' dir='ltr'>ἐντεῦθεν.</span> <span class='ocrx_word' id='word_1_827' title='bbox 2633 3051 2743 3105; x_wconf 84' lang='lat' dir='ltr'>Kal</span> <span class='ocrx_word' id='word_1_828' title='bbox 2794 3050 3069 3121; x_wconf 80' lang='grc' dir='ltr'>πανταχοῦ</span> <span class='ocrx_word' id='word_1_829' title='bbox 3118 3053 3389 3123; x_wconf 78' lang='grc' dir='ltr'>ἄχρηστος</span> <span class='ocrx_word' id='word_1_830' title='bbox 3416 3052 3446 3103; x_wconf 75' lang='grc' dir='ltr'>ό</span> <span class='ocrx_word' id='word_1_831' title='bbox 3493 3051 3754 3116; x_wconf 82' lang='grc' dir='ltr'>τοιοῦτος,</span> 
     </span>
    </p>
   </div>
   <div class='ocr_carea' id='block_1_105' title="bbox 2086 3129 3757 3201">
    <p class='ocr_par' dir='ltr' id='par_1_105' title="bbox 2086 3129 3757 3201">
     <span class='ocr_line' id='line_1_105' title="bbox 2086 3129 3757 3201; baseline -0.001 -18"><span class='ocrx_word' id='word_1_832' title='bbox 2086 3130 2150 3185; x_wconf 82' lang='grc' dir='ltr'>ἄν</span> <span class='ocrx_word' id='word_1_833' title='bbox 2171 3147 2229 3184; x_wconf 91' lang='grc' dir='ltr'>τε</span> <span class='ocrx_word' id='word_1_834' title='bbox 2267 3130 2659 3201; x_wconf 84' lang='grc' dir='ltr'>στρατηγῆσαι,</span> <span class='ocrx_word' id='word_1_835' title='bbox 2688 3129 2754 3183; x_wconf 80' lang='grc' dir='ltr'>ἄν</span> <span class='ocrx_word' id='word_1_836' title='bbox 2779 3148 2837 3183; x_wconf 90' lang='grc' dir='ltr'>τε</span> <span class='ocrx_word' id='word_1_837' title='bbox 2877 3130 3274 3199; x_wconf 82' lang='grc' dir='ltr'>δημαγωγῆσαι</span> <span class='ocrx_word' id='word_1_838' title='bbox 3301 3130 3393 3200; x_wconf 87' lang='grc' dir='ltr'>δέῃ</span> <span class='ocrx_word' id='word_1_839' title='bbox 3416 3145 3429 3159; x_wconf 91' lang='grc'><strong>·</strong></span> <span class='ocrx_word' id='word_1_840' title='bbox 3471 3129 3668 3200; x_wconf 77' lang='grc' dir='ltr'>μᾶλλον</span> <span class='ocrx_word' id='word_1_841' title='bbox 3699 3129 3757 3182; x_wconf 70' lang='grc' dir='ltr'>δὲ</span> 
     </span>
    </p>
   </div>
   <div class='ocr_carea' id='block_1_106' title="bbox 2084 3209 3762 3279">
    <p class='ocr_par' dir='ltr' id='par_1_106' title="bbox 2084 3209 3762 3279">
     <span class='ocr_line' id='line_1_106' title="bbox 2084 3209 3762 3279; baseline 0.001 -16"><span class='ocrx_word' id='word_1_842' title='bbox 2084 3211 2182 3264; x_wconf 86' lang='grc' dir='ltr'>οὐκ</span> <span class='ocrx_word' id='word_1_843' title='bbox 2211 3213 2268 3263; x_wconf 89' lang='grc' dir='ltr'>ἐν</span> <span class='ocrx_word' id='word_1_844' title='bbox 2289 3213 2401 3274; x_wconf 91' lang='grc' dir='ltr'>τοῖς</span> <span class='ocrx_word' id='word_1_845' title='bbox 2421 3213 2616 3274; x_wconf 84' lang='grc' dir='ltr'>κοινοῖς</span> <span class='ocrx_word' id='word_1_846' title='bbox 2651 3211 2829 3279; x_wconf 90' lang='grc' dir='ltr'>μόνον,</span> <span class='ocrx_word' id='word_1_847' title='bbox 2865 3209 3002 3263; x_wconf 84' lang='grc' dir='ltr'>ἀλλά</span> <span class='ocrx_word' id='word_1_848' title='bbox 3041 3210 3135 3263; x_wconf 74' lang='grc' dir='ltr'>καὶ</span> <span class='ocrx_word' id='word_1_849' title='bbox 3185 3211 3374 3275; x_wconf 85' lang='grc' dir='ltr'>ἐντοῖς</span> <span class='ocrx_word' id='word_1_850' title='bbox 3423 3211 3592 3275; x_wconf 72' lang='grc' dir='ltr'>ίδίοις.</span> <span class='ocrx_word' id='word_1_851' title='bbox 3635 3211 3762 3265; x_wconf 57' lang='grc' dir='ltr'>Κάπ’</span> 
     </span>
    </p>
   </div>
   <div class='ocr_carea' id='block_1_107' title="bbox 2085 3288 3758 3361">
    <p class='ocr_par' dir='ltr' id='par_1_107' title="bbox 2085 3288 3758 3361">
     <span class='ocr_line' id='line_1_107' title="bbox 2085 3288 3758 3361; baseline 0.001 -21"><span class='ocrx_word' id='word_1_852' title='bbox 2085 3291 2316 3358; x_wconf 83' lang='grc' dir='ltr'>γυναῖκα</span> <span class='ocrx_word' id='word_1_853' title='bbox 2343 3288 2569 3354; x_wconf 77' lang='grc' dir='ltr'>ἄγεσθαι</span> <span class='ocrx_word' id='word_1_854' title='bbox 2605 3288 2794 3359; x_wconf 89' lang='grc' dir='ltr'>μέλλῃ,</span> <span class='ocrx_word' id='word_1_855' title='bbox 2830 3289 2890 3342; x_wconf 88' lang='grc' dir='ltr'>οὐ</span> <span class='ocrx_word' id='word_1_856' title='bbox 2933 3288 3161 3360; x_wconf 71' lang='grc' dir='ltr'>λήψεται</span> <span class='ocrx_word' id='word_1_857' title='bbox 3195 3289 3292 3360; x_wconf 82' lang='grc' dir='ltr'>τὴν</span> <span class='ocrx_word' id='word_1_858' title='bbox 3322 3289 3594 3361; x_wconf 77' lang='grc' dir='ltr'>ἐνάρετον.</span> <span class='ocrx_word' id='word_1_859' title='bbox 3621 3288 3758 3343; x_wconf 84' lang='grc' dir='ltr'>άλλά</span> 
     </span>
    </p>
   </div>
   <div class='ocr_carea' id='block_1_108' title="bbox 2084 3365 3756 3440">
    <p class='ocr_par' dir='ltr' id='par_1_108' title="bbox 2084 3365 3756 3440">
     <span class='ocr_line' id='line_1_108' title="bbox 2084 3365 3756 3440; baseline 0 -21"><span class='ocrx_word' id='word_1_860' title='bbox 2084 3367 2182 3438; x_wconf 80' lang='grc' dir='ltr'>τὴν</span> <span class='ocrx_word' id='word_1_861' title='bbox 2205 3366 2392 3420; x_wconf 82' lang='grc' dir='ltr'>πασῶν</span> <span class='ocrx_word' id='word_1_862' title='bbox 2430 3366 2769 3435; x_wconf 86' lang='grc' dir='ltr'>φαυλοτάτην</span> <span class='ocrx_word' id='word_1_863' title='bbox 2792 3383 2808 3398; x_wconf 78' lang='grc' dir='ltr'><strong>ο</strong></span> <span class='ocrx_word' id='word_1_864' title='bbox 2865 3366 2968 3420; x_wconf 84' lang='grc' dir='ltr'>κᾶν</span> <span class='ocrx_word' id='word_1_865' title='bbox 3007 3367 3183 3422; x_wconf 91' lang='grc' dir='ltr'>οίκίαν</span> <span class='ocrx_word' id='word_1_866' title='bbox 3226 3366 3508 3440; x_wconf 68' lang='grc' dir='ltr'>⁶πρίασθαι,</span> <span class='ocrx_word' id='word_1_867' title='bbox 3552 3369 3612 3421; x_wconf 87' lang='grc' dir='ltr'>οὐ</span> <span class='ocrx_word' id='word_1_868' title='bbox 3656 3365 3756 3438; x_wconf 73' lang='grc' dir='ltr'>τὴν</span> 
     </span>
    </p>
   </div>
   <div class='ocr_carea' id='block_1_109' title="bbox 2085 3442 3756 3516">
    <p class='ocr_par' dir='ltr' id='par_1_109' title="bbox 2085 3442 3756 3516">
     <span class='ocr_line' id='line_1_109' title="bbox 2085 3442 3756 3516; baseline 0.002 -20"><span class='ocrx_word' id='word_1_869' title='bbox 2085 3443 2354 3514; x_wconf 82' lang='grc' dir='ltr'>ἐλευθέρῳ</span> <span class='ocrx_word' id='word_1_870' title='bbox 2393 3443 2727 3514; x_wconf 82' lang='grc' dir='ltr'>πρέπουσαν,</span> <span class='ocrx_word' id='word_1_871' title='bbox 2778 3442 2914 3497; x_wconf 89' lang='grc' dir='ltr'>ἀλλά</span> <span class='ocrx_word' id='word_1_872' title='bbox 2954 3444 3053 3514; x_wconf 80' lang='grc' dir='ltr'>τὴν</span> <span class='ocrx_word' id='word_1_873' title='bbox 3108 3445 3274 3500; x_wconf 81' lang='grc' dir='ltr'>πολὺν</span> <span class='ocrx_word' id='word_1_874' title='bbox 3316 3445 3619 3516; x_wconf 86' lang='grc' dir='ltr'>δυναμένην</span> <span class='ocrx_word' id='word_1_875' title='bbox 3663 3446 3756 3500; x_wconf 77' lang='grc' dir='ltr'>τὸν</span> 
     </span>
    </p>
   </div>
   <div class='ocr_carea' id='block_1_110' title="bbox 2089 3521 3758 3595">
    <p class='ocr_par' dir='ltr' id='par_1_110' title="bbox 2089 3521 3758 3595">
     <span class='ocr_line' id='line_1_110' title="bbox 2089 3521 3758 3595; baseline 0.004 -21"><span class='ocrx_word' id='word_1_876' title='bbox 2089 3522 2278 3592; x_wconf 87' lang='grc' dir='ltr'>μισθὸν</span> <span class='ocrx_word' id='word_1_877' title='bbox 2315 3523 2558 3589; x_wconf 79' lang='grc' dir='ltr'>ἐνεγκεῖν</span> <span class='ocrx_word' id='word_1_878' title='bbox 2579 3538 2591 3550; x_wconf 90' lang='grc'><strong>·</strong></span> <span class='ocrx_word' id='word_1_879' title='bbox 2630 3522 2731 3574; x_wconf 83' lang='grc' dir='ltr'>κᾶν</span> <span class='ocrx_word' id='word_1_880' title='bbox 2759 3521 2995 3587; x_wconf 79' lang='grc' dir='ltr'>οἰκέτας,</span> <span class='ocrx_word' id='word_1_881' title='bbox 3027 3524 3132 3578; x_wconf 74' lang='grc' dir='ltr'>κᾶν</span> <span class='ocrx_word' id='word_1_882' title='bbox 3169 3525 3345 3578; x_wconf 80' lang='grc' dir='ltr'>ὁτιοῦν</span> <span class='ocrx_word' id='word_1_883' title='bbox 3371 3524 3559 3595; x_wconf 73' lang='grc' dir='ltr'>ἕτερον</span> <span class='ocrx_word' id='word_1_884' title='bbox 3600 3524 3758 3580; x_wconf 85' lang='grc' dir='ltr'>ὠνεῖ-</span> 
     </span>
    </p>
   </div>
   <div class='ocr_carea' id='block_1_111' title="bbox 2087 3601 3758 3674">
    <p class='ocr_par' dir='ltr' id='par_1_111' title="bbox 2087 3601 3758 3674">
     <span class='ocr_line' id='line_1_111' title="bbox 2087 3601 3758 3674; baseline 0.002 -20"><span class='ocrx_word' id='word_1_885' title='bbox 2087 3601 2212 3654; x_wconf 90' lang='grc' dir='ltr'>σθαι</span> <span class='ocrx_word' id='word_1_886' title='bbox 2241 3601 2431 3672; x_wconf 87' lang='grc' dir='ltr'>μέλλῃ.</span> <span class='ocrx_word' id='word_1_887' title='bbox 2459 3601 2521 3654; x_wconf 85' lang='grc' dir='ltr'>τὸ</span> <span class='ocrx_word' id='word_1_888' title='bbox 2549 3601 2886 3670; x_wconf 83' lang='grc' dir='ltr'>φαυλότατον</span> <span class='ocrx_word' id='word_1_889' title='bbox 2909 3602 3163 3673; x_wconf 80' lang='grc' dir='ltr'>λήψεται.</span> <span class='ocrx_word' id='word_1_890' title='bbox 3190 3605 3298 3656; x_wconf 86' lang='lat' dir='ltr'><strong><em>Kal</em></strong></span> <span class='ocrx_word' id='word_1_891' title='bbox 3321 3603 3372 3656; x_wconf 88' lang='grc' dir='ltr'>τί</span> <span class='ocrx_word' id='word_1_892' title='bbox 3398 3603 3539 3670; x_wconf 88' lang='grc' dir='ltr'>λέγω</span> <span class='ocrx_word' id='word_1_893' title='bbox 3563 3620 3758 3674; x_wconf 87' lang='grc' dir='ltr'>στρατ-</span> 
     </span>
    </p>
   </div>
   <div class='ocr_carea' id='block_1_112' title="bbox 2085 3680 3758 3755">
    <p class='ocr_par' dir='ltr' id='par_1_112' title="bbox 2085 3680 3758 3755">
     <span class='ocr_line' id='line_1_112' title="bbox 2085 3680 3758 3755; baseline 0.004 -24"><span class='ocrx_word' id='word_1_894' title='bbox 2085 3680 2268 3751; x_wconf 86' lang='grc' dir='ltr'>ηγίαν,</span> <span class='ocrx_word' id='word_1_895' title='bbox 2295 3680 2388 3733; x_wconf 79' lang='grc' dir='ltr'>καὶ</span> <span class='ocrx_word' id='word_1_896' title='bbox 2417 3681 2797 3750; x_wconf 79' lang='grc' dir='ltr'>δημαγωγίαν,</span> <span class='ocrx_word' id='word_1_897' title='bbox 2830 3684 2926 3735; x_wconf 77' lang='grc' dir='ltr'>καὶ</span> <span class='ocrx_word' id='word_1_898' title='bbox 2958 3683 3363 3754; x_wconf 70' lang='grc' dir='ltr'>οίκονομίαςπς</span> <span class='ocrx_word' id='word_1_899' title='bbox 3389 3682 3506 3735; x_wconf 84' lang='grc' dir='ltr'>Κάν</span> <span class='ocrx_word' id='word_1_900' title='bbox 3537 3682 3644 3755; x_wconf 84' lang='grc' dir='ltr'>γὰρ</span> <span class='ocrx_word' id='word_1_901' title='bbox 3667 3683 3758 3754; x_wconf 87' lang='grc' dir='ltr'>βα-</span> 
     </span>
    </p>
   </div>
   <div class='ocr_carea' id='block_1_113' title="bbox 2086 3755 3757 3833">
    <p class='ocr_par' dir='ltr' id='par_1_113' title="bbox 2086 3755 3757 3833">
     <span class='ocr_line' id='line_1_113' title="bbox 2086 3755 3757 3833; baseline 0.003 -21"><span class='ocrx_word' id='word_1_902' title='bbox 2086 3759 2267 3822; x_wconf 80' lang='grc' dir='ltr'>σιλεὺς</span> <span class='ocrx_word' id='word_1_903' title='bbox 2287 3755 2343 3831; x_wconf 82' lang='grc' dir='ltr'>ᾖ,</span> <span class='ocrx_word' id='word_1_904' title='bbox 2370 3760 2588 3813; x_wconf 89' lang='grc' dir='ltr'>πάντων</span> <span class='ocrx_word' id='word_1_905' title='bbox 2616 3761 2764 3814; x_wconf 80' lang='grc' dir='ltr'>ἐστὶν</span> <span class='ocrx_word' id='word_1_906' title='bbox 2795 3760 3142 3833; x_wconf 83' lang='grc' dir='ltr'>ἀθλιώτερος,</span> <span class='ocrx_word' id='word_1_907' title='bbox 3173 3763 3269 3815; x_wconf 73' lang='grc' dir='ltr'>καὶ</span> <span class='ocrx_word' id='word_1_908' title='bbox 3295 3760 3438 3832; x_wconf 89' lang='grc' dir='ltr'>λύμη</span> <span class='ocrx_word' id='word_1_909' title='bbox 3466 3761 3564 3830; x_wconf 81' lang='grc' dir='ltr'>τῆς</span> <span class='ocrx_word' id='word_1_910' title='bbox 3583 3765 3757 3816; x_wconf 85' lang='grc' dir='ltr'>οίκου-</span> 
     </span>
    </p>
   </div>
   <div class='ocr_carea' id='block_1_114' title="bbox 2087 3835 3755 3912">
    <p class='ocr_par' dir='ltr' id='par_1_114' title="bbox 2087 3835 3755 3912">
     <span class='ocr_line' id='line_1_114' title="bbox 2087 3835 3755 3912; baseline 0.002 -22"><span class='ocrx_word' id='word_1_911' title='bbox 2087 3837 2290 3912; x_wconf 36' lang='grc' dir='ltr'>μένης,</span> <span class='ocrx_word' id='word_1_912' title='bbox 2309 3839 2402 3890; x_wconf 70' lang='grc' dir='ltr'>καὶ</span> <span class='ocrx_word' id='word_1_913' title='bbox 2431 3837 2649 3891; x_wconf 88' lang='grc' dir='ltr'>πάντων</span> <span class='ocrx_word' id='word_1_914' title='bbox 2680 3839 3022 3910; x_wconf 79' lang='grc' dir='ltr'>πενέστερος.</span> <span class='ocrx_word' id='word_1_915' title='bbox 3062 3839 3150 3902; x_wconf 83' lang='grc' dir='ltr'>Ὦς</span> <span class='ocrx_word' id='word_1_916' title='bbox 3171 3839 3280 3910; x_wconf 82' lang='grc' dir='ltr'>γάρ</span> <span class='ocrx_word' id='word_1_917' title='bbox 3305 3835 3385 3902; x_wconf 74' lang='grc' dir='ltr'>εἷς</span> <span class='ocrx_word' id='word_1_918' title='bbox 3417 3839 3524 3893; x_wconf 89' lang='grc' dir='ltr'>τῶν</span> <span class='ocrx_word' id='word_1_919' title='bbox 3544 3840 3755 3894; x_wconf 79' lang='grc' dir='ltr'>πολλῶν</span> 
     </span>
    </p>
   </div>
   <div class='ocr_carea' id='block_1_115' title="bbox 2083 3915 3755 3988">
    <p class='ocr_par' dir='ltr' id='par_1_115' title="bbox 2083 3915 3755 3988">
     <span class='ocr_line' id='line_1_115' title="bbox 2083 3915 3755 3988; baseline 0.001 -18"><span class='ocrx_word' id='word_1_920' title='bbox 2083 3915 2433 3981; x_wconf 88' lang='grc' dir='ltr'>διακείσεται,</span> <span class='ocrx_word' id='word_1_921' title='bbox 2469 3916 2589 3986; x_wconf 75' lang='grc' dir='ltr'>οὐχὶ</span> <span class='ocrx_word' id='word_1_922' title='bbox 2617 3915 2687 3969; x_wconf 86' lang='grc' dir='ltr'>τὰ</span> <span class='ocrx_word' id='word_1_923' title='bbox 2721 3917 2936 3970; x_wconf 89' lang='grc' dir='ltr'>πάντων</span> <span class='ocrx_word' id='word_1_924' title='bbox 2962 3917 3127 3970; x_wconf 91' lang='grc' dir='ltr'>αὐτοῦ</span> <span class='ocrx_word' id='word_1_925' title='bbox 3178 3918 3411 3988; x_wconf 79' lang='grc' dir='ltr'>νομίζων</span> <span class='ocrx_word' id='word_1_926' title='bbox 3445 3915 3604 3982; x_wconf 80' lang='grc' dir='ltr'>εἶναι,</span> <span class='ocrx_word' id='word_1_927' title='bbox 3638 3917 3755 3972; x_wconf 85' lang='grc' dir='ltr'>ἀλλ’</span> 
     </span>
    </p>
   </div>
   <div class='ocr_carea' id='block_1_116' title="bbox 2084 3996 3756 4071">
    <p class='ocr_par' dir='ltr' id='par_1_116' title="bbox 2084 3996 3756 4071">
     <span class='ocr_line' id='line_1_116' title="bbox 2084 3996 3756 4071; baseline 0.002 -24"><span class='ocrx_word' id='word_1_928' title='bbox 2084 3996 2246 4048; x_wconf 83' lang='grc' dir='ltr'>αὐτὸν</span> <span class='ocrx_word' id='word_1_929' title='bbox 2272 3996 2366 4049; x_wconf 73' lang='grc' dir='ltr'>ἕνα</span> <span class='ocrx_word' id='word_1_930' title='bbox 2395 3996 2782 4071; x_wconf 44' lang='grc' dir='ltr'>τῶν-πάντωνο</span> <span class='ocrx_word' id='word_1_931' title='bbox 2815 3998 2906 4050; x_wconf 78' lang='grc' dir='ltr'>καὶ</span> <span class='ocrx_word' id='word_1_932' title='bbox 2937 3997 3005 4050; x_wconf 90' lang='grc' dir='ltr'>τά</span> <span class='ocrx_word' id='word_1_933' title='bbox 3037 3998 3253 4052; x_wconf 80' lang='grc' dir='ltr'>πάντων</span> <span class='ocrx_word' id='word_1_934' title='bbox 3292 3999 3574 4070; x_wconf 77' lang='grc' dir='ltr'>ἁρπάζων,</span> <span class='ocrx_word' id='word_1_935' title='bbox 3617 3999 3756 4052; x_wconf 83' lang='grc' dir='ltr'>πάν-</span> 
     </span>
    </p>
   </div>
   <div class='ocr_carea' id='block_1_117' title="bbox 2084 4073 3757 4148">
    <p class='ocr_par' dir='ltr' id='par_1_117' title="bbox 2084 4073 3757 4148">
     <span class='ocr_line' id='line_1_117' title="bbox 2084 4073 3757 4148; baseline 0.002 -23"><span class='ocrx_word' id='word_1_936' title='bbox 2084 4091 2191 4126; x_wconf 91' lang='grc' dir='ltr'>των</span> <span class='ocrx_word' id='word_1_937' title='bbox 2214 4073 2472 4128; x_wconf 88' lang='grc' dir='ltr'>ἐλάττονα</span> <span class='ocrx_word' id='word_1_938' title='bbox 2498 4074 2638 4144; x_wconf 84' lang='grc' dir='ltr'>ἔχειν</span> <span class='ocrx_word' id='word_1_939' title='bbox 2669 4074 2879 4146; x_wconf 80' lang='grc' dir='ltr'>νομίζει</span> <span class='ocrx_word' id='word_1_940' title='bbox 2905 4076 2972 4132; x_wconf 88' lang='lat'>&quot;&quot;.</span> <span class='ocrx_word' id='word_1_941' title='bbox 3002 4076 3078 4148; x_wconf 84' lang='grc' dir='ltr'>Τῇ</span> <span class='ocrx_word' id='word_1_942' title='bbox 3117 4077 3224 4145; x_wconf 83' lang='grc' dir='ltr'>γάρ</span> <span class='ocrx_word' id='word_1_943' title='bbox 3257 4077 3363 4130; x_wconf 85' lang='grc' dir='ltr'>τῶν</span> <span class='ocrx_word' id='word_1_944' title='bbox 3391 4077 3602 4131; x_wconf 81' lang='grc' dir='ltr'>οὐδέπω</span> <span class='ocrx_word' id='word_1_945' title='bbox 3629 4094 3757 4146; x_wconf 85' lang='grc' dir='ltr'>κτη-</span> 
     </span>
    </p>
   </div>
   <div class='ocr_carea' id='block_1_118' title="bbox 2086 4152 3756 4228">
    <p class='ocr_par' dir='ltr' id='par_1_118' title="bbox 2086 4152 3756 4228">
     <span class='ocr_line' id='line_1_118' title="bbox 2086 4152 3756 4228; baseline 0.002 -23"><span class='ocrx_word' id='word_1_946' title='bbox 2086 4152 2285 4206; x_wconf 86' lang='grc' dir='ltr'>θέντων</span> <span class='ocrx_word' id='word_1_947' title='bbox 2313 4153 2578 4226; x_wconf 78' lang='grc' dir='ltr'>ἐπιθυμίᾳ</span> <span class='ocrx_word' id='word_1_948' title='bbox 2609 4155 2678 4208; x_wconf 81' lang='grc' dir='ltr'>τά</span> <span class='ocrx_word' id='word_1_949' title='bbox 2698 4153 2940 4225; x_wconf 83' lang='grc' dir='ltr'>παρόντα</span> <span class='ocrx_word' id='word_1_950' title='bbox 2969 4155 3202 4228; x_wconf 84' lang='grc' dir='ltr'>μετρῶν,</span> <span class='ocrx_word' id='word_1_951' title='bbox 3234 4155 3384 4211; x_wconf 83' lang='grc' dir='ltr'>οὐδὲν</span> <span class='ocrx_word' id='word_1_952' title='bbox 3413 4155 3585 4210; x_wconf 88' lang='grc' dir='ltr'>ταῦτα</span> <span class='ocrx_word' id='word_1_953' title='bbox 3617 4156 3756 4228; x_wconf 69' lang='grc' dir='ltr'>πρὸς</span> 
     </span>
    </p>
   </div>
   <div class='ocr_carea' id='block_1_119' title="bbox 2086 4229 2743 4306">
    <p class='ocr_par' dir='ltr' id='par_1_119' title="bbox 2086 4229 2743 4306">
     <span class='ocr_line' id='line_1_119' title="bbox 2086 4229 2743 4306; baseline 0.003 -19"><span class='ocrx_word' id='word_1_954' title='bbox 2086 4235 2272 4288; x_wconf 89' lang='grc' dir='ltr'>ἐκεῖνα</span> <span class='ocrx_word' id='word_1_955' title='bbox 2295 4229 2434 4287; x_wconf 79' lang='grc' dir='ltr'>εἶναι</span> <span class='ocrx_word' id='word_1_956' title='bbox 2457 4236 2743 4306; x_wconf 82' lang='grc' dir='ltr'>ἡγήσεται.</span> 
     </span>
    </p>
   </div>
   <div class='ocr_carea' id='block_1_120' title="bbox 2151 4312 3757 4384">
    <p class='ocr_par' dir='ltr' id='par_1_120' title="bbox 2151 4312 3757 4384">
     <span class='ocr_line' id='line_1_120' title="bbox 2151 4312 3757 4384; baseline 0.003 -19"><span class='ocrx_word' id='word_1_957' title='bbox 2151 4313 2214 4368; x_wconf 86' lang='grc' dir='ltr'>δ’.</span> <span class='ocrx_word' id='word_1_958' title='bbox 2243 4312 2334 4366; x_wconf 82' lang='grc' dir='ltr'>Διὸ</span> <span class='ocrx_word' id='word_1_959' title='bbox 2356 4313 2448 4366; x_wconf 91' lang='grc' dir='ltr'>καί</span> <span class='ocrx_word' id='word_1_960' title='bbox 2477 4313 2560 4376; x_wconf 91' lang='grc' dir='ltr'>τίς</span> <span class='ocrx_word' id='word_1_961' title='bbox 2582 4330 2714 4384; x_wconf 85' lang='grc' dir='ltr'>φησι</span> <span class='ocrx_word' id='word_1_962' title='bbox 2733 4329 2748 4344; x_wconf 78' lang='grc' dir='ltr'><strong>ο</strong></span> <span class='ocrx_word' id='word_1_963' title='bbox 2801 4314 3172 4384; x_wconf 76' lang='grc' dir='ltr'>Φιλαργύρου</span> <span class='ocrx_word' id='word_1_964' title='bbox 3192 4319 3309 4383; x_wconf 76' lang='grc' dir='ltr'>μὲν</span> <span class='ocrx_word' id='word_1_965' title='bbox 3331 4313 3377 4347; x_wconf 78' lang='grc'><strong>⁷⁸</strong></span> <span class='ocrx_word' id='word_1_966' title='bbox 3406 4314 3587 4369; x_wconf 73' lang='grc' dir='ltr'>οὐδὲν</span> <span class='ocrx_word' id='word_1_967' title='bbox 3613 4314 3757 4370; x_wconf 69' lang='grc' dir='ltr'>ἄνο-</span> 
     </span>
    </p>
   </div>
   <div class='ocr_carea' id='block_1_121' title="bbox 2078 4391 3751 4466">
    <p class='ocr_par' dir='ltr' id='par_1_121' title="bbox 2078 4391 3751 4466">
     <span class='ocr_line' id='line_1_121' title="bbox 2078 4391 3751 4466; baseline 0.004 -24"><span class='ocrx_word' id='word_1_968' title='bbox 2078 4391 2360 4461; x_wconf 81' lang='grc' dir='ltr'>μώτερον.</span> <span class='ocrx_word' id='word_1_969' title='bbox 2405 4391 2462 4444; x_wconf 86' lang='grc' dir='ltr'>Ὀ</span> <span class='ocrx_word' id='word_1_970' title='bbox 2490 4391 2598 4463; x_wconf 84' lang='grc' dir='ltr'>γάρ</span> <span class='ocrx_word' id='word_1_971' title='bbox 2632 4391 2870 4454; x_wconf 86' lang='grc' dir='ltr'>τοιοῦτος</span> <span class='ocrx_word' id='word_1_972' title='bbox 2898 4391 3047 4466; x_wconf 82' lang='grc'>[771]</span> <span class='ocrx_word' id='word_1_973' title='bbox 3074 4395 3168 4447; x_wconf 80' lang='grc' dir='ltr'>καὶ</span> <span class='ocrx_word' id='word_1_974' title='bbox 3200 4393 3389 4448; x_wconf 79' lang='grc' dir='ltr'>ἐαυτὸν</span> <span class='ocrx_word' id='word_1_975' title='bbox 3420 4393 3751 4456; x_wconf 79' lang='grc' dir='ltr'>ἀποδίδοται.</span> 
     </span>
    </p>
   </div>
   <div class='ocr_carea' id='block_1_122' title="bbox 2084 4470 3753 4544">
    <p class='ocr_par' dir='ltr' id='par_1_122' title="bbox 2084 4470 3753 4544">
     <span class='ocr_line' id='line_1_122' title="bbox 2084 4470 3753 4544; baseline 0.002 -19"><span class='ocrx_word' id='word_1_976' title='bbox 2084 4471 2178 4525; x_wconf 73' lang='grc' dir='ltr'>καὶ</span> <span class='ocrx_word' id='word_1_977' title='bbox 2195 4471 2371 4534; x_wconf 83' lang='grc' dir='ltr'>κοινὸς</span> <span class='ocrx_word' id='word_1_978' title='bbox 2394 4470 2742 4542; x_wconf 84' lang='grc' dir='ltr'>περιέρχεται</span> <span class='ocrx_word' id='word_1_979' title='bbox 2767 4474 2864 4542; x_wconf 83' lang='grc' dir='ltr'>τῆς</span> <span class='ocrx_word' id='word_1_980' title='bbox 2884 4472 3207 4542; x_wconf 80' lang='grc' dir='ltr'>οἰκουμένης</span> <span class='ocrx_word' id='word_1_981' title='bbox 3228 4473 3438 4544; x_wconf 82' lang='grc' dir='ltr'>ἐχθρὸς,</span> <span class='ocrx_word' id='word_1_982' title='bbox 3464 4472 3644 4542; x_wconf 89' lang='grc' dir='ltr'>ἀλγῶν</span> <span class='ocrx_word' id='word_1_983' title='bbox 3669 4475 3753 4529; x_wconf 83' lang='grc' dir='ltr'>ὅτι</span> 
     </span>
    </p>
   </div>
   <div class='ocr_carea' id='block_1_123' title="bbox 2086 4549 3751 4623">
    <p class='ocr_par' dir='ltr' id='par_1_123' title="bbox 2086 4549 3751 4623">
     <span class='ocr_line' id='line_1_123' title="bbox 2086 4549 3751 4623; baseline 0.011 -25"><span class='ocrx_word' id='word_1_984' title='bbox 2086 4549 2160 4620; x_wconf 81' lang='grc' dir='ltr'>μὴ</span> <span class='ocrx_word' id='word_1_985' title='bbox 2188 4552 2408 4621; x_wconf 82' lang='grc' dir='ltr'>χρυσίον</span> <span class='ocrx_word' id='word_1_986' title='bbox 2427 4551 2579 4622; x_wconf 88' lang='grc' dir='ltr'>φέρει</span> <span class='ocrx_word' id='word_1_987' title='bbox 2615 4550 2735 4604; x_wconf 81' lang='grc' dir='ltr'>ἀντὶ</span> <span class='ocrx_word' id='word_1_988' title='bbox 2753 4551 2860 4604; x_wconf 89' lang='grc' dir='ltr'>τῶν</span> <span class='ocrx_word' id='word_1_989' title='bbox 2880 4551 3166 4622; x_wconf 88' lang='grc' dir='ltr'>ἀσταχύων</span> <span class='ocrx_word' id='word_1_990' title='bbox 3195 4553 3227 4622; x_wconf 81' lang='grc' dir='ltr'>ἡ</span> <span class='ocrx_word' id='word_1_991' title='bbox 3251 4553 3344 4623; x_wconf 82' lang='grc' dir='ltr'>γῆ,</span> <span class='ocrx_word' id='word_1_992' title='bbox 3381 4553 3473 4616; x_wconf 76' lang='grc' dir='ltr'>καὶ</span> <span class='ocrx_word' id='word_1_993' title='bbox 3494 4553 3615 4606; x_wconf 72' lang='grc' dir='ltr'>ἀντὶ</span> <span class='ocrx_word' id='word_1_994' title='bbox 3643 4554 3751 4609; x_wconf 78' lang='grc' dir='ltr'>τῶν</span> 
     </span>
    </p>
   </div>
   <div class='ocr_carea' id='block_1_124' title="bbox 2083 4628 3753 4703">
    <p class='ocr_par' dir='ltr' id='par_1_124' title="bbox 2083 4628 3753 4703">
     <span class='ocr_line' id='line_1_124' title="bbox 2083 4628 3753 4703; baseline 0.004 -23"><span class='ocrx_word' id='word_1_995' title='bbox 2083 4628 2337 4697; x_wconf 89' lang='grc' dir='ltr'>ναμάτων</span> <span class='ocrx_word' id='word_1_996' title='bbox 2365 4629 2421 4682; x_wconf 88' lang='grc' dir='ltr'>αἱ</span> <span class='ocrx_word' id='word_1_997' title='bbox 2458 4628 2677 4703; x_wconf 83' lang='grc' dir='ltr'>κρῆναι,</span> <span class='ocrx_word' id='word_1_998' title='bbox 2707 4630 2800 4682; x_wconf 77' lang='grc' dir='ltr'>καὶ</span> <span class='ocrx_word' id='word_1_999' title='bbox 2827 4629 2950 4684; x_wconf 74' lang='grc' dir='ltr'>ἀντὶ</span> <span class='ocrx_word' id='word_1_1000' title='bbox 2983 4630 3092 4682; x_wconf 88' lang='grc' dir='ltr'>τῶν</span> <span class='ocrx_word' id='word_1_1001' title='bbox 3115 4630 3278 4684; x_wconf 90' lang='grc' dir='ltr'>λίθων</span> <span class='ocrx_word' id='word_1_1002' title='bbox 3305 4631 3372 4685; x_wconf 91' lang='grc' dir='ltr'>τά</span> <span class='ocrx_word' id='word_1_1003' title='bbox 3401 4631 3502 4702; x_wconf 75' lang='grc' dir='ltr'>ὅρη</span> <span class='ocrx_word' id='word_1_1004' title='bbox 3520 4647 3534 4660; x_wconf 85' lang='grc'><strong>·</strong></span> <span class='ocrx_word' id='word_1_1005' title='bbox 3561 4632 3753 4702; x_wconf 85' lang='grc' dir='ltr'>δυσχε-</span> 
     </span>
    </p>
   </div>
   <div class='ocr_carea' id='block_1_125' title="bbox 2084 4706 3751 4779">
    <p class='ocr_par' dir='ltr' id='par_1_125' title="bbox 2084 4706 3751 4779">
     <span class='ocr_line' id='line_1_125' title="bbox 2084 4706 3751 4779; baseline 0.003 -19"><span class='ocrx_word' id='word_1_1006' title='bbox 2084 4707 2282 4778; x_wconf 90' lang='grc' dir='ltr'>ραίνων</span> <span class='ocrx_word' id='word_1_1007' title='bbox 2331 4706 2466 4778; x_wconf 80' lang='grc' dir='ltr'>πρὸς</span> <span class='ocrx_word' id='word_1_1008' title='bbox 2517 4709 2615 4778; x_wconf 84' lang='grc' dir='ltr'>τὴν</span> <span class='ocrx_word' id='word_1_1009' title='bbox 2654 4707 2963 4779; x_wconf 91' lang='grc' dir='ltr'>εὐετηρίαν,</span> <span class='ocrx_word' id='word_1_1010' title='bbox 3020 4710 3078 4762; x_wconf 87' lang='grc' dir='ltr'>ἐν</span> <span class='ocrx_word' id='word_1_1011' title='bbox 3124 4712 3234 4772; x_wconf 89' lang='grc' dir='ltr'>τοῖς</span> <span class='ocrx_word' id='word_1_1012' title='bbox 3277 4713 3474 4774; x_wconf 87' lang='grc' dir='ltr'>κοινοῖς</span> <span class='ocrx_word' id='word_1_1013' title='bbox 3526 4711 3751 4779; x_wconf 84' lang='grc' dir='ltr'>ἀγαθοῖς</span> 
     </span>
    </p>
   </div>
   <div class='ocr_carea' id='block_1_126' title="bbox 2085 4784 3752 4860">
    <p class='ocr_par' dir='ltr' id='par_1_126' title="bbox 2085 4784 3752 4860">
     <span class='ocr_line' id='line_1_126' title="bbox 2085 4784 3752 4860; baseline 0.005 -24"><span class='ocrx_word' id='word_1_1014' title='bbox 2085 4784 2510 4855; x_wconf 87' lang='grc' dir='ltr'>συνεσταλμένος</span> <span class='ocrx_word' id='word_1_1015' title='bbox 2529 4801 2543 4816; x_wconf 91' lang='grc'><strong>·</strong></span> <span class='ocrx_word' id='word_1_1016' title='bbox 2585 4787 2764 4839; x_wconf 83' lang='grc' dir='ltr'>πᾶσαν</span> <span class='ocrx_word' id='word_1_1017' title='bbox 2805 4788 3278 4859; x_wconf 84' lang='grc' dir='ltr'>ἀποστρεφόμενος</span> <span class='ocrx_word' id='word_1_1018' title='bbox 3307 4788 3598 4860; x_wconf 83' lang='grc' dir='ltr'>πρόφασιν,</span> <span class='ocrx_word' id='word_1_1019' title='bbox 3625 4789 3752 4844; x_wconf 75' lang='grc' dir='ltr'>ὅθεν</span> 
     </span>
    </p>
   </div>
   <div class='ocr_carea' id='block_1_127' title="bbox 2085 4862 3752 4936">
    <p class='ocr_par' dir='ltr' id='par_1_127' title="bbox 2085 4862 3752 4936">
     <span class='ocr_line' id='line_1_127' title="bbox 2085 4862 3752 4936; baseline 0.004 -21"><span class='ocrx_word' id='word_1_1020' title='bbox 2085 4864 2186 4916; x_wconf 87' lang='grc' dir='ltr'>οὐκ</span> <span class='ocrx_word' id='word_1_1021' title='bbox 2211 4863 2356 4917; x_wconf 76' lang='grc' dir='ltr'>ἐστιν</span> <span class='ocrx_word' id='word_1_1022' title='bbox 2387 4862 2649 4934; x_wconf 89' lang='grc' dir='ltr'>ἀργύριον</span> <span class='ocrx_word' id='word_1_1023' title='bbox 2688 4863 2870 4918; x_wconf 89' lang='grc' dir='ltr'>λαϐεῖν</span> <span class='ocrx_word' id='word_1_1024' title='bbox 2891 4883 2904 4896; x_wconf 89' lang='grc'><strong>·</strong></span> <span class='ocrx_word' id='word_1_1025' title='bbox 2947 4868 3124 4921; x_wconf 88' lang='grc' dir='ltr'>πάντα</span> <span class='ocrx_word' id='word_1_1026' title='bbox 3157 4867 3462 4936; x_wconf 82' lang='grc' dir='ltr'>ὑπομένων,</span> <span class='ocrx_word' id='word_1_1027' title='bbox 3505 4867 3626 4922; x_wconf 82' lang='grc' dir='ltr'>ὅθεν</span> <span class='ocrx_word' id='word_1_1028' title='bbox 3657 4872 3752 4922; x_wconf 80' lang='grc' dir='ltr'>καὶ</span> 
     </span>
    </p>
   </div>
   <div class='ocr_carea' id='block_1_128' title="bbox 2087 4940 3752 5015">
    <p class='ocr_par' dir='ltr' id='par_1_128' title="bbox 2087 4940 3752 5015">
     <span class='ocr_line' id='line_1_128' title="bbox 2087 4940 3752 5015; baseline 0.002 -19"><span class='ocrx_word' id='word_1_1029' title='bbox 2087 4941 2182 4997; x_wconf 88' lang='grc' dir='ltr'>δύο</span> <span class='ocrx_word' id='word_1_1030' title='bbox 2221 4940 2466 5006; x_wconf 82' lang='grc' dir='ltr'>συλλέξαι</span> <span class='ocrx_word' id='word_1_1031' title='bbox 2514 4941 2672 5012; x_wconf 89' lang='grc' dir='ltr'>μόνον</span> <span class='ocrx_word' id='word_1_1032' title='bbox 2708 4942 2928 5008; x_wconf 82' lang='grc' dir='ltr'>ὀϐολοὺς</span> <span class='ocrx_word' id='word_1_1033' title='bbox 2953 4944 3064 5000; x_wconf 74' lang='grc' dir='ltr'>ἔνι·</span> <span class='ocrx_word' id='word_1_1034' title='bbox 3103 4946 3350 5009; x_wconf 79' lang='grc' dir='ltr'>ἅπαντας</span> <span class='ocrx_word' id='word_1_1035' title='bbox 3401 4944 3594 5015; x_wconf 77' lang='grc' dir='ltr'>μισῶν,</span> <span class='ocrx_word' id='word_1_1036' title='bbox 3627 4948 3752 5011; x_wconf 82' lang='grc' dir='ltr'>τούς</span> 
     </span>
    </p>
   </div>
   <div class='ocr_carea' id='block_1_129' title="bbox 2089 5020 3752 5096">
    <p class='ocr_par' dir='ltr' id='par_1_129' title="bbox 2089 5020 3752 5096">
     <span class='ocr_line' id='line_1_129' title="bbox 2089 5020 3752 5096; baseline 0.002 -22"><span class='ocrx_word' id='word_1_1037' title='bbox 2089 5021 2347 5091; x_wconf 88' lang='grc' dir='ltr'>πένητας,</span> <span class='ocrx_word' id='word_1_1038' title='bbox 2376 5020 2503 5082; x_wconf 76' lang='grc' dir='ltr'>τοὺς</span> <span class='ocrx_word' id='word_1_1039' title='bbox 2533 5020 2894 5086; x_wconf 86' lang='grc' dir='ltr'>πλουτοῦντας</span> <span class='ocrx_word' id='word_1_1040' title='bbox 2923 5023 3004 5055; x_wconf 72' lang='grc' dir='ltr'>’π’</span> <span class='ocrx_word' id='word_1_1041' title='bbox 3050 5024 3176 5087; x_wconf 82' lang='grc' dir='ltr'>τοὺς</span> <span class='ocrx_word' id='word_1_1042' title='bbox 3210 5025 3307 5092; x_wconf 84' lang='grc' dir='ltr'>μὲν</span> <span class='ocrx_word' id='word_1_1043' title='bbox 3353 5023 3608 5094; x_wconf 77' lang='grc' dir='ltr'>πένητας,</span> <span class='ocrx_word' id='word_1_1044' title='bbox 3649 5027 3752 5096; x_wconf 84' lang='grc' dir='ltr'>μή-</span> 
     </span>
    </p>
   </div>
   <div class='ocr_carea' id='block_1_130' title="bbox 2092 5099 3751 5171">
    <p class='ocr_par' dir='ltr' id='par_1_130' title="bbox 2092 5099 3751 5171">
     <span class='ocr_line' id='line_1_130' title="bbox 2092 5099 3751 5171; baseline 0.004 -19"><span class='ocrx_word' id='word_1_1045' title='bbox 2092 5116 2219 5152; x_wconf 89' lang='grc' dir='ltr'>ποτε</span> <span class='ocrx_word' id='word_1_1046' title='bbox 2252 5099 2635 5169; x_wconf 87' lang='grc' dir='ltr'>προσελθόντες</span> <span class='ocrx_word' id='word_1_1047' title='bbox 2667 5102 2930 5171; x_wconf 89' lang='grc' dir='ltr'>αίτὴσωσι</span> <span class='ocrx_word' id='word_1_1048' title='bbox 2951 5119 2965 5131; x_wconf 73' lang='grc' dir='ltr'><strong>ο</strong></span> <span class='ocrx_word' id='word_1_1049' title='bbox 3009 5103 3134 5165; x_wconf 77' lang='grc' dir='ltr'>τοὺς</span> <span class='ocrx_word' id='word_1_1050' title='bbox 3172 5103 3228 5154; x_wconf 80' lang='grc' dir='ltr'>δὲ</span> <span class='ocrx_word' id='word_1_1051' title='bbox 3256 5103 3636 5168; x_wconf 85' lang='grc' dir='ltr'>πλουτοῦντας,</span> <span class='ocrx_word' id='word_1_1052' title='bbox 3665 5107 3751 5160; x_wconf 87' lang='grc' dir='ltr'>ὃτι</span> 
     </span>
    </p>
   </div>
   <div class='ocr_carea' id='block_1_131' title="bbox 2093 5179 3752 5255">
    <p class='ocr_par' dir='ltr' id='par_1_131' title="bbox 2093 5179 3752 5255">
     <span class='ocr_line' id='line_1_131' title="bbox 2093 5179 3752 5255; baseline 0.004 -24"><span class='ocrx_word' id='word_1_1053' title='bbox 2093 5181 2167 5250; x_wconf 81' lang='grc' dir='ltr'>μὴ</span> <span class='ocrx_word' id='word_1_1054' title='bbox 2218 5180 2284 5232; x_wconf 86' lang='grc' dir='ltr'>τὰ</span> <span class='ocrx_word' id='word_1_1055' title='bbox 2311 5181 2531 5232; x_wconf 83' lang='grc' dir='ltr'>ἐκείνων</span> <span class='ocrx_word' id='word_1_1056' title='bbox 2559 5179 2692 5249; x_wconf 76' lang='grc' dir='ltr'>ἔχει.</span> <span class='ocrx_word' id='word_1_1057' title='bbox 2724 5182 3001 5245; x_wconf 81' lang='grc' dir='ltr'>⁸Ἀπαντας</span> <span class='ocrx_word' id='word_1_1058' title='bbox 3024 5185 3092 5234; x_wconf 79' lang='grc' dir='ltr'>τὰ</span> <span class='ocrx_word' id='word_1_1059' title='bbox 3115 5182 3276 5236; x_wconf 86' lang='grc' dir='ltr'>αὐτοῦ</span> <span class='ocrx_word' id='word_1_1060' title='bbox 3296 5184 3507 5253; x_wconf 84' lang='grc' dir='ltr'>νομίζει</span> <span class='ocrx_word' id='word_1_1061' title='bbox 3555 5187 3752 5255; x_wconf 78' lang='grc' dir='ltr'>κεκτῆο</span> 
     </span>
    </p>
   </div>
   <div class='ocr_carea' id='block_1_132' title="bbox 2542 5271 3751 5336">
    <p class='ocr_par' dir='ltr' id='par_1_132' title="bbox 2542 5271 3751 5336">
     <span class='ocr_line' id='line_1_132' title="bbox 2542 5271 3751 5336; baseline 0.005 -13"><span class='ocrx_word' id='word_1_1062' title='bbox 2542 5271 2583 5302; x_wconf 82' lang='grc'>⁶¹</span> <span class='ocrx_word' id='word_1_1063' title='bbox 2608 5271 2871 5336; x_wconf 78' lang='grc' dir='ltr'>τοιοῦτον]</span> <span class='ocrx_word' id='word_1_1064' title='bbox 2899 5272 2990 5327; x_wconf 91' lang='lat' dir='ltr'>Sic</span> <span class='ocrx_word' id='word_1_1065' title='bbox 3009 5273 3072 5329; x_wconf 77' lang='grc' dir='ltr'>Ο.</span> <span class='ocrx_word' id='word_1_1066' title='bbox 3103 5274 3162 5328; x_wconf 85' lang='grc' dir='ltr'>ι..</span> <span class='ocrx_word' id='word_1_1067' title='bbox 3190 5273 3324 5330; x_wconf 83' lang='lat' dir='ltr'>Mor.</span> <span class='ocrx_word' id='word_1_1068' title='bbox 3356 5274 3535 5330; x_wconf 67' lang='lat' dir='ltr'>caueri</span> <span class='ocrx_word' id='word_1_1069' title='bbox 3559 5274 3620 5328; x_wconf 80' lang='grc' dir='ltr'>τὸ</span> <span class='ocrx_word' id='word_1_1070' title='bbox 3643 5291 3751 5329; x_wconf 83' lang='grc' dir='ltr'>τοι·</span> 
     </span>
    </p>
   </div>
   <div class='ocr_carea' id='block_1_133' title="bbox 1817 5339 3622 5415">
    <p class='ocr_par' dir='ltr' id='par_1_133' title="bbox 1817 5339 3622 5415">
     <span class='ocr_line' id='line_1_133' title="bbox 1817 5339 3622 5415; baseline 0.001 -19"><span class='ocrx_word' id='word_1_1071' title='bbox 1817 5343 1864 5415; x_wconf 77' lang='lat'>_“_</span> <span class='ocrx_word' id='word_1_1072' title='bbox 1884 5342 2034 5415; x_wconf 81' lang='grc' dir='ltr'>ὅταν]</span> <span class='ocrx_word' id='word_1_1073' title='bbox 2065 5339 2462 5415; x_wconf 50' lang='grc' dir='ltr'>πῶς-και-Μρτ.</span> <span class='ocrx_word' id='word_1_1074' title='bbox 2489 5339 2620 5395; x_wconf 87' lang='lat' dir='ltr'>Ben.</span> <span class='ocrx_word' id='word_1_1075' title='bbox 2652 5357 2777 5415; x_wconf 73' lang='lat' dir='ltr'>p._p_</span> <span class='ocrx_word' id='word_1_1076' title='bbox 2821 5341 3048 5415; x_wconf 80' lang='grc' dir='ltr'>προσῄει</span> <span class='ocrx_word' id='word_1_1077' title='bbox 3080 5343 3212 5415; x_wconf 74' lang='grc' dir='ltr'>Ειιό.</span> <span class='ocrx_word' id='word_1_1078' title='bbox 3242 5353 3290 5397; x_wconf 87' lang='lat' dir='ltr'><strong><em>el</em></strong></span> <span class='ocrx_word' id='word_1_1079' title='bbox 3329 5361 3410 5414; x_wconf 84' lang='lat' dir='ltr'>pr.</span> <span class='ocrx_word' id='word_1_1080' title='bbox 3435 5344 3500 5415; x_wconf 56' lang='grc' dir='ltr'>(ἦ.</span> <span class='ocrx_word' id='word_1_1081' title='bbox 3555 5346 3622 5415; x_wconf 24' lang='grc'>*⁸⁸</span> 
     </span>
    </p>
   </div>
   <div class='ocr_carea' id='block_1_134' title="bbox 3251 5346 3748 5482">
    <p class='ocr_par' dir='ltr' id='par_1_134' title="bbox 3251 5346 3748 5482">
     <span class='ocr_line' id='line_1_134' title="bbox 3251 5346 3748 5482; baseline 0.004 -15"><span class='ocrx_word' id='word_1_1082' title='bbox 3251 5353 3297 5446; x_wconf 62' lang='grc' dir='ltr'>εἰ</span> <span class='ocrx_word' id='word_1_1083' title='bbox 3329 5346 3512 5468; x_wconf 65' lang='grc' dir='ltr'>’ἐῖιίξςῑ</span> <span class='ocrx_word' id='word_1_1084' title='bbox 3554 5346 3622 5468; x_wconf 71' lang='grc' dir='ltr'>ίῗ</span> <span class='ocrx_word' id='word_1_1085' title='bbox 3648 5346 3748 5482; x_wconf 64' lang='lat' dir='ltr'>E5;</span> 
     </span>
    </p>
   </div>
   <div class='ocr_carea' id='block_1_135' title="bbox 1017 5480 3747 5556">
    <p class='ocr_par' dir='ltr' id='par_1_135' title="bbox 1017 5480 3747 5556">
     <span class='ocr_line' id='line_1_135' title="bbox 1017 5480 3747 5556; baseline 0 -19"><span class='ocrx_word' id='word_1_1086' title='bbox 1017 5486 1059 5516; x_wconf 80' lang='grc'>⁸⁷</span> <span class='ocrx_word' id='word_1_1087' title='bbox 1091 5485 1221 5556; x_wconf 82' lang='grc' dir='ltr'>γὰρ]</span> <span class='ocrx_word' id='word_1_1088' title='bbox 1257 5484 1382 5556; x_wconf 67' lang='lat' dir='ltr'>add.</span> <span class='ocrx_word' id='word_1_1089' title='bbox 1410 5485 1512 5556; x_wconf 74' lang='lat' dir='ltr'><strong><em>xal</em></strong></span> <span class='ocrx_word' id='word_1_1090' title='bbox 1530 5483 1596 5538; x_wconf 90' lang='lat' dir='ltr'><strong>G.</strong></span> <span class='ocrx_word' id='word_1_1091' title='bbox 1632 5480 1693 5536; x_wconf 76' lang='grc' dir='ltr'>ΙΙ.</span> <span class='ocrx_word' id='word_1_1092' title='bbox 1722 5480 1796 5556; x_wconf 33' lang='grc' dir='ltr'>Μ..</span> <span class='ocrx_word' id='word_1_1093' title='bbox 1821 5480 2116 5556; x_wconf 69' lang='grc' dir='ltr'>προδότου]</span> <span class='ocrx_word' id='word_1_1094' title='bbox 2132 5481 2301 5556; x_wconf 38' lang='grc' dir='ltr'>’,ιούδα</span> <span class='ocrx_word' id='word_1_1095' title='bbox 2322 5480 2504 5556; x_wconf 64' lang='grc' dir='ltr'>ἱίἁςτηι.</span> <span class='ocrx_word' id='word_1_1096' title='bbox 2583 5481 2628 5513; x_wconf 81' lang='grc'>⁸⁸</span> <span class='ocrx_word' id='word_1_1097' title='bbox 2655 5482 2858 5556; x_wconf 75' lang='grc' dir='ltr'>τούτων</span> <span class='ocrx_word' id='word_1_1098' title='bbox 2886 5481 2950 5538; x_wconf 89' lang='lat' dir='ltr'><strong>G.</strong></span> <span class='ocrx_word' id='word_1_1099' title='bbox 2974 5483 3092 5556; x_wconf 71' lang='grc' dir='ltr'>ἀλλ’</span> <span class='ocrx_word' id='word_1_1100' title='bbox 3123 5484 3273 5538; x_wconf 83' lang='grc' dir='ltr'>οὐδὲν</span> <span class='ocrx_word' id='word_1_1101' title='bbox 3293 5485 3516 5556; x_wconf 80' lang='grc' dir='ltr'>ἐκείνων</span> <span class='ocrx_word' id='word_1_1102' title='bbox 3545 5483 3610 5538; x_wconf 79' lang='grc' dir='ltr'>ὦ.</span> <span class='ocrx_word' id='word_1_1103' title='bbox 3634 5480 3747 5538; x_wconf 83' lang='grc' dir='ltr'>τοῦ·</span> 
     </span>
    </p>
   </div>
   <div class='ocr_carea' id='block_1_136' title="bbox 326 5547 3748 5626">
    <p class='ocr_par' dir='ltr' id='par_1_136' title="bbox 326 5547 3748 5626">
     <span class='ocr_line' id='line_1_136' title="bbox 326 5547 3748 5626; baseline 0.002 -23"><span class='ocrx_word' id='word_1_1104' title='bbox 326 5564 418 5600; x_wconf 85' lang='grc' dir='ltr'>τον</span> <span class='ocrx_word' id='word_1_1105' title='bbox 525 5547 745 5626; x_wconf 44' lang='grc' dir='ltr'>βίοι-,ξ’</span> <span class='ocrx_word' id='word_1_1106' title='bbox 779 5547 1060 5626; x_wconf 67' lang='grc' dir='ltr'>ΗΘΙΚΟΝ,</span> <span class='ocrx_word' id='word_1_1107' title='bbox 1096 5547 1252 5626; x_wconf 75' lang='grc' dir='ltr'>Κάέά</span> <span class='ocrx_word' id='word_1_1108' title='bbox 1285 5553 1633 5626; x_wconf 82' lang='grc' dir='ltr'>φιλαργύρων</span> <span class='ocrx_word' id='word_1_1109' title='bbox 1651 5570 1664 5582; x_wconf 87' lang='grc'><strong>·</strong></span> <span class='ocrx_word' id='word_1_1110' title='bbox 1703 5553 1796 5606; x_wconf 73' lang='grc' dir='ltr'>καὶ</span> <span class='ocrx_word' id='word_1_1111' title='bbox 1816 5547 1896 5626; x_wconf 63' lang='grc' dir='ltr'>ετξ</span> <span class='ocrx_word' id='word_1_1112' title='bbox 1924 5553 2032 5626; x_wconf 81' lang='grc' dir='ltr'>ἀπὸ</span> <span class='ocrx_word' id='word_1_1113' title='bbox 2054 5547 2334 5626; x_wconf 37' lang='grc' dir='ltr'>-ρᾁυμίας</span> <span class='ocrx_word' id='word_1_1114' title='bbox 2347 5551 2604 5626; x_wconf 52' lang='grc' dir='ltr'>τίκτεται⁸</span> <span class='ocrx_word' id='word_1_1115' title='bbox 2627 5552 2884 5626; x_wconf 74' lang='grc' dir='ltr'>τδδεινὸν</span> <span class='ocrx_word' id='word_1_1116' title='bbox 2907 5553 3062 5626; x_wconf 84' lang='grc' dir='ltr'>τοῦτο</span> <span class='ocrx_word' id='word_1_1117' title='bbox 3086 5556 3300 5626; x_wconf 82' lang='grc' dir='ltr'>νόσημα</span> <span class='ocrx_word' id='word_1_1118' title='bbox 3321 5554 3474 5626; x_wconf 48' lang='grc' dir='ltr'>[καὶ</span> <span class='ocrx_word' id='word_1_1119' title='bbox 3487 5555 3748 5626; x_wconf 75' lang='grc' dir='ltr'>ὅτιπᾱσα</span> 
     </span>
    </p>
   </div>
   <div class='ocr_carea' id='block_1_137' title="bbox 327 5619 2405 5694">
    <p class='ocr_par' dir='ltr' id='par_1_137' title="bbox 327 5619 2405 5694">
     <span class='ocr_line' id='line_1_137' title="bbox 327 5619 2405 5694; baseline 0.003 -26"><span class='ocrx_word' id='word_1_1120' title='bbox 327 5619 496 5672; x_wconf 88' lang='grc' dir='ltr'>κακία</span> <span class='ocrx_word' id='word_1_1121' title='bbox 517 5621 1038 5694; x_wconf 29' lang='grc' dir='ltr'>ἐντεῦθενᾼτίκτεται</span> <span class='ocrx_word' id='word_1_1122' title='bbox 1057 5641 1070 5655; x_wconf 81' lang='lat'>&#39;</span> <span class='ocrx_word' id='word_1_1123' title='bbox 1102 5625 1159 5676; x_wconf 84' lang='grc' dir='ltr'>ἐν</span> <span class='ocrx_word' id='word_1_1124' title='bbox 1188 5620 1232 5693; x_wconf 82' lang='grc' dir='ltr'><strong>ᾧ</strong></span> <span class='ocrx_word' id='word_1_1125' title='bbox 1265 5619 1359 5678; x_wconf 75' lang='grc' dir='ltr'>καὶ</span> <span class='ocrx_word' id='word_1_1126' title='bbox 1395 5619 1715 5694; x_wconf 77' lang='grc' dir='ltr'>παραίνεσις</span> <span class='ocrx_word' id='word_1_1127' title='bbox 1741 5623 1878 5694; x_wconf 84' lang='grc' dir='ltr'>πρὸς</span> <span class='ocrx_word' id='word_1_1128' title='bbox 1904 5623 2028 5686; x_wconf 81' lang='grc' dir='ltr'>τοὺς</span> <span class='ocrx_word' id='word_1_1129' title='bbox 2137 5619 2314 5694; x_wconf 72' lang='grc' dir='ltr'>πενίᾳ.</span> <span class='ocrx_word' id='word_1_1130' title='bbox 2339 5619 2405 5694; x_wconf 66' lang='grc' dir='ltr'>(ἶ.</span> 
     </span>
    </p>
   </div>
   <div class='ocr_carea' id='block_1_138' title="bbox 327 5691 941 5748">
    <p class='ocr_par' dir='ltr' id='par_1_138' title="bbox 327 5691 941 5748">
     <span class='ocr_line' id='line_1_138' title="bbox 327 5691 941 5748; baseline 0 0"><span class='ocrx_word' id='word_1_1131' title='bbox 327 5691 572 5748; x_wconf 64' lang='grc' dir='ltr'>ϊουσιϐ.</span> <span class='ocrx_word' id='word_1_1132' title='bbox 679 5693 722 5724; x_wconf 76' lang='grc'>⁷³</span> <span class='ocrx_word' id='word_1_1133' title='bbox 763 5691 854 5748; x_wconf 89' lang='lat' dir='ltr'>Sic</span> <span class='ocrx_word' id='word_1_1134' title='bbox 884 5695 941 5748; x_wconf 85' lang='lat' dir='ltr'><strong>L.</strong></span> 
     </span>
    </p>
   </div>
   <div class='ocr_carea' id='block_1_139' title="bbox 328 5705 1462 5832">
    <p class='ocr_par' dir='ltr' id='par_1_139' title="bbox 328 5705 1462 5832">
     <span class='ocr_line' id='line_1_139' title="bbox 328 5705 1446 5821; baseline 0.006 -81"><span class='ocrx_word' id='word_1_1135' title='bbox 328 5705 572 5821; x_wconf 59' lang='grc' dir='ltr'>ἕουσιιὶ.</span> <span class='ocrx_word' id='word_1_1136' title='bbox 680 5705 722 5724; x_wconf 80' lang='grc'>⁷⁸</span> <span class='ocrx_word' id='word_1_1137' title='bbox 763 5705 854 5748; x_wconf 71' lang='grc' dir='ltr'>διο</span> <span class='ocrx_word' id='word_1_1138' title='bbox 885 5705 941 5748; x_wconf 60' lang='grc' dir='ltr'>ιλ.</span> <span class='ocrx_word' id='word_1_1139' title='bbox 980 5705 1076 5765; x_wconf 74' lang='lat' dir='ltr'>b‘p.</span> <span class='ocrx_word' id='word_1_1140' title='bbox 1107 5705 1243 5749; x_wconf 83' lang='lat' dir='ltr'>Mor.</span> <span class='ocrx_word' id='word_1_1141' title='bbox 1267 5705 1446 5750; x_wconf 62' lang='lat' dir='ltr'>caueri</span> 
     </span>
     <span class='ocr_line' id='line_1_140' title="bbox 361 5758 1462 5832; baseline 0.001 -15"><span class='ocrx_word' id='word_1_1142' title='bbox 361 5758 448 5828; x_wconf 79' lang='grc' dir='ltr'>ἦν]</span> <span class='ocrx_word' id='word_1_1143' title='bbox 476 5760 536 5812; x_wconf 79' lang='grc' dir='ltr'>τὸ</span> <span class='ocrx_word' id='word_1_1144' title='bbox 559 5759 658 5832; x_wconf 78' lang='grc' dir='ltr'>ζῆν</span> <span class='ocrx_word' id='word_1_1145' title='bbox 687 5763 751 5817; x_wconf 89' lang='lat' dir='ltr'><strong>G.</strong></span> <span class='ocrx_word' id='word_1_1146' title='bbox 776 5763 839 5815; x_wconf 87' lang='lat' dir='ltr'><strong>H.</strong></span> <span class='ocrx_word' id='word_1_1147' title='bbox 873 5764 942 5819; x_wconf 85' lang='lat' dir='ltr'>M.</span> <span class='ocrx_word' id='word_1_1148' title='bbox 1018 5767 1062 5798; x_wconf 85' lang='grc'>⁷³</span> <span class='ocrx_word' id='word_1_1149' title='bbox 1087 5765 1264 5819; x_wconf 85' lang='grc' dir='ltr'>αὐτῶν</span> <span class='ocrx_word' id='word_1_1150' title='bbox 1293 5766 1356 5820; x_wconf 85' lang='lat' dir='ltr'><strong>G.</strong></span> <span class='ocrx_word' id='word_1_1151' title='bbox 1399 5764 1462 5818; x_wconf 82' lang='grc' dir='ltr'>ΙΙ.</span> 
     </span>
    </p>
   </div>
   <div class='ocr_carea' id='block_1_140' title="bbox 325 5832 1771 5904">
    <p class='ocr_par' dir='ltr' id='par_1_140' title="bbox 325 5832 1771 5904">
     <span class='ocr_line' id='line_1_141' title="bbox 325 5832 1771 5904; baseline 0.01 -27"><span class='ocrx_word' id='word_1_1152' title='bbox 325 5832 583 5904; x_wconf 78' lang='grc' dir='ltr'>κονομίαν</span> <span class='ocrx_word' id='word_1_1153' title='bbox 621 5833 753 5886; x_wconf 73' lang='grc' dir='ltr'>Ειιιί.</span> <span class='ocrx_word' id='word_1_1154' title='bbox 788 5901 803 5904; x_wconf 26' lang='grc' dir='ltr'><strong>Α</strong></span> <span class='ocrx_word' id='word_1_1155' title='bbox 895 5835 1134 5904; x_wconf 84' lang='grc' dir='ltr'>νομίζειν</span> <span class='ocrx_word' id='word_1_1156' title='bbox 1164 5835 1222 5888; x_wconf 71' lang='grc' dir='ltr'>Ιι.</span> <span class='ocrx_word' id='word_1_1157' title='bbox 1247 5836 1482 5904; x_wconf 76' lang='grc' dir='ltr'>νομίζων</span> <span class='ocrx_word' id='word_1_1158' title='bbox 1513 5836 1578 5889; x_wconf 86' lang='lat' dir='ltr'><strong>G.</strong></span> <span class='ocrx_word' id='word_1_1159' title='bbox 1607 5833 1666 5886; x_wconf 80' lang='grc' dir='ltr'>Κ.</span> <span class='ocrx_word' id='word_1_1160' title='bbox 1697 5832 1771 5904; x_wconf 75' lang='grc' dir='ltr'>Μ-</span> 
     </span>
    </p>
   </div>
   <div class='ocr_carea' id='block_1_141' title="bbox 980 5689 1984 5826">
    <p class='ocr_par' dir='ltr' id='par_1_141' title="bbox 980 5689 1984 5826">
     <span class='ocr_line' id='line_1_142' title="bbox 980 5689 1983 5816; baseline -0.006 -67"><span class='ocrx_word' id='word_1_1161' title='bbox 980 5695 1076 5765; x_wconf 86' lang='lat' dir='ltr'><strong>Ep.</strong></span> <span class='ocrx_word' id='word_1_1162' title='bbox 1106 5689 1243 5749; x_wconf 73' lang='lat' dir='ltr'><strong>Moi&#39;.</strong></span> <span class='ocrx_word' id='word_1_1163' title='bbox 1267 5696 1446 5750; x_wconf 71' lang='lat' dir='ltr'>caeleri</span> <span class='ocrx_word' id='word_1_1164' title='bbox 1477 5689 1677 5816; x_wconf 53' lang='grc' dir='ltr'>χὲυσὺν</span> <span class='ocrx_word' id='word_1_1165' title='bbox 1697 5701 1747 5747; x_wconf 77' lang='lat' dir='ltr'>et</span> <span class='ocrx_word' id='word_1_1166' title='bbox 1775 5689 1983 5762; x_wconf 80' lang='grc' dir='ltr'>ἇργυρο</span> 
     </span>
     <span class='ocr_line' id='line_1_143' title="bbox 1018 5761 1984 5826; baseline -0.005 -7"><span class='ocrx_word' id='word_1_1167' title='bbox 1018 5767 1062 5798; x_wconf 85' lang='grc'>⁷³</span> <span class='ocrx_word' id='word_1_1168' title='bbox 1087 5765 1264 5819; x_wconf 80' lang='grc' dir='ltr'>αὐτῶν</span> <span class='ocrx_word' id='word_1_1169' title='bbox 1293 5766 1356 5820; x_wconf 67' lang='grc' dir='ltr'>(ἶ.</span> <span class='ocrx_word' id='word_1_1170' title='bbox 1399 5764 1462 5818; x_wconf 81' lang='grc' dir='ltr'>ΙΙ.</span> <span class='ocrx_word' id='word_1_1171' title='bbox 1554 5807 1564 5817; x_wconf 94' lang='grc'>.</span> <span class='ocrx_word' id='word_1_1172' title='bbox 1591 5763 1661 5818; x_wconf 83' lang='grc' dir='ltr'>Μ.</span> <span class='ocrx_word' id='word_1_1173' title='bbox 1738 5763 1784 5793; x_wconf 77' lang='grc'><strong>⁷⁸</strong></span> <span class='ocrx_word' id='word_1_1174' title='bbox 1811 5761 1904 5826; x_wconf 76' lang='grc' dir='ltr'>Τὸ]</span> <span class='ocrx_word' id='word_1_1175' title='bbox 1929 5765 1984 5815; x_wconf 74' lang='grc' dir='ltr'>Κι</span> 
     </span>
    </p>
   </div>
   <div class='ocr_carea' id='block_1_142' title="bbox 2087 5689 2947 5826">
    <p class='ocr_par' dir='ltr' id='par_1_142' title="bbox 2087 5689 2947 5826">
     <span class='ocr_line' id='line_1_144' title="bbox 2087 5689 2947 5762; baseline 0.003 -18"><span class='ocrx_word' id='word_1_1176' title='bbox 2087 5692 2180 5745; x_wconf 77' lang='grc' dir='ltr'><strong>1οχ</strong></span> <span class='ocrx_word' id='word_1_1177' title='bbox 2215 5689 2604 5758; x_wconf 83' lang='grc' dir='ltr'>διαφεύξασθαι</span> <span class='ocrx_word' id='word_1_1178' title='bbox 2637 5691 2701 5746; x_wconf 87' lang='lat' dir='ltr'><strong>G.</strong></span> <span class='ocrx_word' id='word_1_1179' title='bbox 2729 5692 2798 5746; x_wconf 79' lang='grc' dir='ltr'>Μ.</span> <span class='ocrx_word' id='word_1_1180' title='bbox 2847 5693 2947 5762; x_wconf 84' lang='lat' dir='ltr'>Ep.</span> 
     </span>
     <span class='ocr_line' id='line_1_145' title="bbox 2087 5760 2947 5826; baseline 0.002 -12"><span class='ocrx_word' id='word_1_1181' title='bbox 2087 5761 2193 5816; x_wconf 67' lang='lat' dir='ltr'>Edd.</span> <span class='ocrx_word' id='word_1_1182' title='bbox 2270 5761 2316 5794; x_wconf 77' lang='grc'>⁷³</span> <span class='ocrx_word' id='word_1_1183' title='bbox 2350 5761 2485 5826; x_wconf 84' lang='grc' dir='ltr'>ὅπερ</span> <span class='ocrx_word' id='word_1_1184' title='bbox 2516 5760 2604 5826; x_wconf 84' lang='grc' dir='ltr'>ἂνΙ</span> <span class='ocrx_word' id='word_1_1185' title='bbox 2635 5762 2662 5814; x_wconf 84' lang='grc' dir='ltr'><strong>ὃ</strong></span> <span class='ocrx_word' id='word_1_1186' title='bbox 2685 5762 2780 5814; x_wconf 87' lang='grc' dir='ltr'>ἐὰν</span> <span class='ocrx_word' id='word_1_1187' title='bbox 2810 5762 2873 5815; x_wconf 86' lang='lat' dir='ltr'><strong>G.</strong></span> <span class='ocrx_word' id='word_1_1188' title='bbox 2917 5766 2947 5816; x_wconf 77' lang='grc' dir='ltr'><strong>Η</strong></span> 
     </span>
    </p>
   </div>
   <div class='ocr_carea' id='block_1_143' title="bbox 2503 5621 3746 5766">
    <p class='ocr_par' dir='ltr' id='par_1_143' title="bbox 2503 5621 3746 5766">
     <span class='ocr_line' id='line_1_146' title="bbox 2503 5621 3746 5696; baseline 0.004 -23"><span class='ocrx_word' id='word_1_1189' title='bbox 2503 5621 2548 5650; x_wconf 73' lang='grc' dir='ltr'>τ’</span> <span class='ocrx_word' id='word_1_1190' title='bbox 2583 5621 2915 5688; x_wconf 87' lang='grc' dir='ltr'>ἀκούσαντες</span> <span class='ocrx_word' id='word_1_1191' title='bbox 2945 5624 3006 5678; x_wconf 83' lang='lat' dir='ltr'><strong>L.</strong></span> <span class='ocrx_word' id='word_1_1192' title='bbox 3035 5621 3267 5696; x_wconf 83' lang='grc' dir='ltr'>παροῦσι</span> <span class='ocrx_word' id='word_1_1193' title='bbox 3323 5623 3412 5680; x_wconf 82' lang='lat' dir='ltr'>Sic</span> <span class='ocrx_word' id='word_1_1194' title='bbox 3439 5624 3536 5695; x_wconf 86' lang='lat' dir='ltr'>Ep.</span> <span class='ocrx_word' id='word_1_1195' title='bbox 3569 5625 3746 5696; x_wconf 84' lang='grc' dir='ltr'>ὑπάρ-</span> 
     </span>
     <span class='ocr_line' id='line_1_147' title="bbox 2503 5624 3746 5766; baseline 0.006 -23"><span class='ocrx_word' id='word_1_1196' title='bbox 2503 5689 2604 5766; x_wconf 59' lang='lat' dir='ltr'>rga:</span> <span class='ocrx_word' id='word_1_1197' title='bbox 2820 5693 2947 5766; x_wconf 41' lang='lat' dir='ltr'>“Ep.</span> <span class='ocrx_word' id='word_1_1198' title='bbox 3015 5697 3088 5766; x_wconf 54' lang='lat'>_:&quot;</span> <span class='ocrx_word' id='word_1_1199' title='bbox 3121 5624 3293 5766; x_wconf 43' lang='lat' dir='ltr'>Rapit}</span> <span class='ocrx_word' id='word_1_1200' title='bbox 3321 5697 3381 5748; x_wconf 86' lang='grc' dir='ltr'>οὐ</span> <span class='ocrx_word' id='word_1_1201' title='bbox 3416 5694 3568 5766; x_wconf 66' lang='grc' dir='ltr'>παρά</span> <span class='ocrx_word' id='word_1_1202' title='bbox 3606 5693 3746 5751; x_wconf 81' lang='grc' dir='ltr'>ΕιΙιΙ.</span> 
     </span>
    </p>
   </div>
   <div class='ocr_carea' id='block_1_144' title="bbox 2591 5693 3746 5848">
    <p class='ocr_par' dir='ltr' id='par_1_144' title="bbox 2591 5693 3746 5848">
     <span class='ocr_line' id='line_1_148' title="bbox 2591 5693 3746 5766; baseline 0.007 -23"><span class='ocrx_word' id='word_1_1203' title='bbox 2591 5709 2604 5743; x_wconf 93' lang='grc' dir='ltr'>ι</span> <span class='ocrx_word' id='word_1_1204' title='bbox 2637 5693 2701 5746; x_wconf 89' lang='lat' dir='ltr'><strong>G.</strong></span> <span class='ocrx_word' id='word_1_1205' title='bbox 2729 5693 2798 5746; x_wconf 80' lang='grc' dir='ltr'>Μ.</span> <span class='ocrx_word' id='word_1_1206' title='bbox 2847 5693 2947 5762; x_wconf 84' lang='lat' dir='ltr'>Ep.</span> <span class='ocrx_word' id='word_1_1207' title='bbox 3045 5697 3088 5727; x_wconf 83' lang='grc'>⁷¹</span> <span class='ocrx_word' id='word_1_1208' title='bbox 3121 5693 3293 5766; x_wconf 78' lang='grc' dir='ltr'>παρὰ]</span> <span class='ocrx_word' id='word_1_1209' title='bbox 3321 5697 3381 5748; x_wconf 86' lang='grc' dir='ltr'>οὐ</span> <span class='ocrx_word' id='word_1_1210' title='bbox 3416 5693 3568 5766; x_wconf 78' lang='grc' dir='ltr'>παρά</span> <span class='ocrx_word' id='word_1_1211' title='bbox 3606 5693 3746 5751; x_wconf 65' lang='lat' dir='ltr'>Eun.</span> 
     </span>
     <span class='ocr_line' id='line_1_149' title="bbox 2591 5761 3746 5848; baseline 0.005 -35"><span class='ocrx_word' id='word_1_1212' title='bbox 2591 5761 2604 5848; x_wconf 64' lang='lat' dir='ltr'>l</span> <span class='ocrx_word' id='word_1_1213' title='bbox 2635 5762 2662 5814; x_wconf 84' lang='grc' dir='ltr'><strong>ὃ</strong></span> <span class='ocrx_word' id='word_1_1214' title='bbox 2685 5762 2780 5814; x_wconf 85' lang='grc' dir='ltr'>ἐὰν</span> <span class='ocrx_word' id='word_1_1215' title='bbox 2917 5766 2981 5816; x_wconf 84' lang='grc' dir='ltr'>Η.</span> <span class='ocrx_word' id='word_1_1216' title='bbox 3015 5764 3184 5848; x_wconf 78' lang='lat' dir='ltr'><strong>K._M.</strong></span> <span class='ocrx_word' id='word_1_1217' title='bbox 3221 5766 3390 5848; x_wconf 66' lang='grc' dir='ltr'>ἰίινιιο</span> <span class='ocrx_word' id='word_1_1218' title='bbox 3426 5763 3523 5848; x_wconf 67' lang='grc' dir='ltr'>ξέρ.</span> <span class='ocrx_word' id='word_1_1219' title='bbox 3599 5766 3644 5848; x_wconf 75' lang='lat'>&#39;_‘</span> <span class='ocrx_word' id='word_1_1220' title='bbox 3666 5768 3746 5848; x_wconf 69' lang='grc' dir='ltr'>οί·</span> 
     </span>
    </p>
   </div>
   <div class='ocr_carea' id='block_1_145' title="bbox 2516 5760 2580 5812">
    <p class='ocr_par' dir='ltr' id='par_1_145' title="bbox 2516 5760 2580 5812">
     <span class='ocr_line' id='line_1_150' title="bbox 2516 5760 2580 5812; baseline 0 0"><span class='ocrx_word' id='word_1_1221' title='bbox 2516 5760 2580 5812; x_wconf 84' lang='grc' dir='ltr'>ἂν</span> 
     </span>
    </p>
   </div>
   <div class='ocr_carea' id='block_1_146' title="bbox 326 5778 1984 5981">
    <p class='ocr_par' dir='ltr' id='par_1_146' title="bbox 326 5778 1984 5981">
     <span class='ocr_line' id='line_1_151' title="bbox 328 5778 1984 5832; baseline -0.004 -11"><span class='ocrx_word' id='word_1_1222' title='bbox 328 5778 448 5828; x_wconf 67' lang='grc' dir='ltr'>ι,τινι</span> <span class='ocrx_word' id='word_1_1223' title='bbox 476 5778 536 5812; x_wconf 84' lang='grc' dir='ltr'>το</span> <span class='ocrx_word' id='word_1_1224' title='bbox 559 5778 658 5832; x_wconf 72' lang='grc' dir='ltr'>ςην</span> <span class='ocrx_word' id='word_1_1225' title='bbox 687 5778 751 5817; x_wconf 73' lang='grc' dir='ltr'>υ.</span> <span class='ocrx_word' id='word_1_1226' title='bbox 776 5778 839 5815; x_wconf 80' lang='grc' dir='ltr'>ιι.</span> <span class='ocrx_word' id='word_1_1227' title='bbox 873 5778 942 5819; x_wconf 81' lang='grc' dir='ltr'>ιιι.</span> <span class='ocrx_word' id='word_1_1228' title='bbox 1018 5778 1062 5798; x_wconf 70' lang='grc' dir='ltr'><strong>η</strong></span> <span class='ocrx_word' id='word_1_1229' title='bbox 1087 5778 1264 5819; x_wconf 72' lang='grc' dir='ltr'>αὐτων</span> <span class='ocrx_word' id='word_1_1230' title='bbox 1293 5778 1356 5820; x_wconf 75' lang='lat' dir='ltr'><strong>u.</strong></span> <span class='ocrx_word' id='word_1_1231' title='bbox 1399 5778 1462 5818; x_wconf 93' lang='grc' dir='ltr'>ιι.</span> <span class='ocrx_word' id='word_1_1232' title='bbox 1501 5778 1564 5817; x_wconf 74' lang='grc' dir='ltr'>ιι.</span> <span class='ocrx_word' id='word_1_1233' title='bbox 1592 5778 1661 5818; x_wconf 83' lang='grc' dir='ltr'>ιιι.</span> <span class='ocrx_word' id='word_1_1234' title='bbox 1743 5778 1784 5793; x_wconf 74' lang='grc' dir='ltr'>ι’</span> <span class='ocrx_word' id='word_1_1235' title='bbox 1811 5778 1904 5826; x_wconf 81' lang='grc' dir='ltr'>ιοι</span> <span class='ocrx_word' id='word_1_1236' title='bbox 1929 5778 1984 5815; x_wconf 73' lang='grc' dir='ltr'><em>Ν</em></span> 
     </span>
     <span class='ocr_line' id='line_1_152' title="bbox 326 5832 1984 5904; baseline 0.004 -27"><span class='ocrx_word' id='word_1_1237' title='bbox 326 5832 583 5897; x_wconf 85' lang='grc' dir='ltr'>κονομίαν</span> <span class='ocrx_word' id='word_1_1238' title='bbox 621 5833 753 5886; x_wconf 73' lang='grc' dir='ltr'>Ειιιί.</span> <span class='ocrx_word' id='word_1_1239' title='bbox 829 5834 871 5864; x_wconf 74' lang='grc'>’⁷</span> <span class='ocrx_word' id='word_1_1240' title='bbox 895 5835 1134 5904; x_wconf 84' lang='grc' dir='ltr'>νομίζειν</span> <span class='ocrx_word' id='word_1_1241' title='bbox 1164 5835 1222 5888; x_wconf 71' lang='grc' dir='ltr'>Ιι.</span> <span class='ocrx_word' id='word_1_1242' title='bbox 1247 5836 1482 5904; x_wconf 76' lang='grc' dir='ltr'>νομίζων</span> <span class='ocrx_word' id='word_1_1243' title='bbox 1513 5836 1578 5889; x_wconf 86' lang='lat' dir='ltr'><strong>G.</strong></span> <span class='ocrx_word' id='word_1_1244' title='bbox 1607 5833 1666 5886; x_wconf 81' lang='grc' dir='ltr'>Κ,</span> <span class='ocrx_word' id='word_1_1245' title='bbox 1697 5832 1771 5885; x_wconf 86' lang='grc' dir='ltr'>Μ..</span> <span class='ocrx_word' id='word_1_1246' title='bbox 1863 5834 1907 5864; x_wconf 79' lang='grc'>⁷³</span> <span class='ocrx_word' id='word_1_1247' title='bbox 1933 5835 1984 5902; x_wconf 81' lang='grc' dir='ltr'>μΞ</span> 
     </span>
     <span class='ocr_line' id='line_1_153' title="bbox 326 5900 1966 5981; baseline 0.007 -34"><span class='ocrx_word' id='word_1_1248' title='bbox 326 5914 481 5971; x_wconf 73' lang='grc' dir='ltr'>τερον</span> <span class='ocrx_word' id='word_1_1249' title='bbox 525 5900 666 5956; x_wconf 71' lang='lat' dir='ltr'>Flor.</span> <span class='ocrx_word' id='word_1_1250' title='bbox 701 5920 752 5981; x_wconf 74' lang='grc' dir='ltr'>ρ.</span> <span class='ocrx_word' id='word_1_1251' title='bbox 779 5901 882 5958; x_wconf 72' lang='grc'>218</span> <span class='ocrx_word' id='word_1_1252' title='bbox 917 5906 1093 5976; x_wconf 84' lang='lat' dir='ltr'>(Tom.</span> <span class='ocrx_word' id='word_1_1253' title='bbox 1126 5922 1219 5968; x_wconf 81' lang='lat' dir='ltr'>xu,</span> <span class='ocrx_word' id='word_1_1254' title='bbox 1246 5921 1296 5975; x_wconf 67' lang='grc' dir='ltr'>ιι.</span> <span class='ocrx_word' id='word_1_1255' title='bbox 1330 5906 1432 5960; x_wconf 71' lang='grc'>554</span> <span class='ocrx_word' id='word_1_1256' title='bbox 1456 5907 1541 5974; x_wconf 78' lang='grc' dir='ltr'>Δ.)</span> <span class='ocrx_word' id='word_1_1257' title='bbox 1616 5905 1660 5935; x_wconf 81' lang='grc'><strong>⁷⁸</strong></span> <span class='ocrx_word' id='word_1_1258' title='bbox 1686 5902 1966 5968; x_wconf 80' lang='grc' dir='ltr'>πλουσίους</span> 
     </span>
    </p>
   </div>
   <div class='ocr_carea' id='block_1_147' title="bbox 2087 5778 3739 5981">
    <p class='ocr_par' dir='ltr' id='par_1_147' title="bbox 2087 5778 3739 5972">
     <span class='ocr_line' id='line_1_154' title="bbox 2087 5778 3739 5848; baseline 0.003 -34"><span class='ocrx_word' id='word_1_1259' title='bbox 2087 5778 2193 5816; x_wconf 66' lang='grc' dir='ltr'>ιαα.</span> <span class='ocrx_word' id='word_1_1260' title='bbox 2271 5778 2316 5794; x_wconf 74' lang='grc' dir='ltr'>τυ</span> <span class='ocrx_word' id='word_1_1261' title='bbox 2350 5778 2448 5813; x_wconf 91' lang='grc' dir='ltr'>οπε</span> <span class='ocrx_word' id='word_1_1262' title='bbox 2480 5831 2492 5842; x_wconf 39' lang='grc' dir='ltr'>ν</span> <span class='ocrx_word' id='word_1_1263' title='bbox 2516 5778 2604 5848; x_wconf 51' lang='lat' dir='ltr'>av!</span> <span class='ocrx_word' id='word_1_1264' title='bbox 2635 5778 2662 5814; x_wconf 83' lang='grc' dir='ltr'>ο</span> <span class='ocrx_word' id='word_1_1265' title='bbox 2685 5778 2780 5814; x_wconf 89' lang='grc' dir='ltr'>εαν</span> <span class='ocrx_word' id='word_1_1266' title='bbox 2810 5778 2873 5815; x_wconf 80' lang='lat' dir='ltr'><strong>b.</strong></span> <span class='ocrx_word' id='word_1_1267' title='bbox 2917 5778 2981 5816; x_wconf 80' lang='lat' dir='ltr'><strong>ﬂ.</strong></span> <span class='ocrx_word' id='word_1_1268' title='bbox 3015 5778 3078 5818; x_wconf 70' lang='lat' dir='ltr'>IL</span> <span class='ocrx_word' id='word_1_1269' title='bbox 3113 5778 3184 5822; x_wconf 85' lang='grc' dir='ltr'><strong>Μ.</strong></span> <span class='ocrx_word' id='word_1_1270' title='bbox 3221 5778 3390 5820; x_wconf 81' lang='grc' dir='ltr'>ιιινιιο</span> <span class='ocrx_word' id='word_1_1271' title='bbox 3426 5778 3468 5818; x_wconf 65' lang='lat' dir='ltr'>l&#39;.’</span> <span class='ocrx_word' id='word_1_1272' title='bbox 3509 5804 3523 5818; x_wconf 95' lang='lat'>.</span> <span class='ocrx_word' id='word_1_1273' title='bbox 3601 5778 3644 5797; x_wconf 88' lang='lat'><strong>&quot;</strong></span> <span class='ocrx_word' id='word_1_1274' title='bbox 3666 5778 3739 5819; x_wconf 79' lang='grc' dir='ltr'>οι‹</span> 
     </span>
     <span class='ocr_line' id='line_1_155' title="bbox 2087 5778 3739 5914; baseline 0.001 -28"><span class='ocrx_word' id='word_1_1275' title='bbox 2087 5830 2294 5911; x_wconf 66' lang='lat' dir='ltr'><strong>add.7&amp;</strong></span> <span class='ocrx_word' id='word_1_1276' title='bbox 2353 5829 2426 5914; x_wconf 64' lang='grc' dir='ltr'>(ἶ.⁷</span> <span class='ocrx_word' id='word_1_1277' title='bbox 2549 5849 2645 5901; x_wconf 89' lang='grc' dir='ltr'>μεν</span> <span class='ocrx_word' id='word_1_1278' title='bbox 2674 5849 2785 5888; x_wconf 85' lang='grc' dir='ltr'>οιιι.</span> <span class='ocrx_word' id='word_1_1279' title='bbox 2814 5833 2872 5886; x_wconf 73' lang='grc' dir='ltr'>Ιι.</span> <span class='ocrx_word' id='word_1_1280' title='bbox 2942 5876 2953 5888; x_wconf 96' lang='grc'>.</span> <span class='ocrx_word' id='word_1_1281' title='bbox 2994 5851 3045 5905; x_wconf 88' lang='lat' dir='ltr'><strong>p.</strong></span> <span class='ocrx_word' id='word_1_1282' title='bbox 3087 5835 3405 5906; x_wconf 75' lang='grc' dir='ltr'>ἀτιμότερον</span> <span class='ocrx_word' id='word_1_1283' title='bbox 3438 5781 3570 5890; x_wconf 63' lang='grc' dir='ltr'>λίότ.</span> <span class='ocrx_word' id='word_1_1284' title='bbox 3600 5835 3739 5906; x_wconf 82' lang='grc' dir='ltr'>ὡμό-</span> 
     </span>
     <span class='ocr_line' id='line_1_156' title="bbox 2101 5847 2972 5972; baseline 0.003 -16"><span class='ocrx_word' id='word_1_1285' title='bbox 2101 5901 2164 5958; x_wconf 86' lang='lat' dir='ltr'><strong>H.</strong></span> <span class='ocrx_word' id='word_1_1286' title='bbox 2193 5901 2255 5956; x_wconf 71' lang='grc' dir='ltr'>Κ.</span> <span class='ocrx_word' id='word_1_1287' title='bbox 2281 5847 2352 5957; x_wconf 51' lang='lat' dir='ltr'><strong><em>ill).</em></strong></span> <span class='ocrx_word' id='word_1_1288' title='bbox 2389 5901 2674 5972; x_wconf 77' lang='lat' dir='ltr'>Vulgamm</span> <span class='ocrx_word' id='word_1_1289' title='bbox 2706 5904 2866 5958; x_wconf 73' lang='lat' dir='ltr'><strong>habet</strong></span> <span class='ocrx_word' id='word_1_1290' title='bbox 2893 5850 2972 5959; x_wconf 59' lang='grc' dir='ltr'>βι.</span> 
     </span>
    </p>
   </div>
   <div class='ocr_carea' id='block_1_148' title="bbox 2389 5901 2866 5972">
    <p class='ocr_par' dir='ltr' id='par_1_148' title="bbox 2389 5901 2866 5972">
     <span class='ocr_line' id='line_1_157' title="bbox 2389 5901 2866 5972; baseline 0.004 -16"><span class='ocrx_word' id='word_1_1291' title='bbox 2389 5901 2674 5972; x_wconf 79' lang='lat' dir='ltr'>Vulgamm</span> <span class='ocrx_word' id='word_1_1292' title='bbox 2706 5904 2866 5958; x_wconf 73' lang='lat' dir='ltr'><strong>habet</strong></span> 
     </span>
    </p>
   </div>
   <div class='ocr_carea' id='block_1_149' title="bbox 3436 5989 3476 6002">
    <p class='ocr_par' dir='ltr' id='par_1_149' title="bbox 3436 5989 3476 6002">
     <span class='ocr_line' id='line_1_158' title="bbox 3436 5989 3476 6002; baseline 0 -2"><span class='ocrx_word' id='word_1_1293' title='bbox 3436 5989 3476 6002; x_wconf 49' lang='grc' dir='ltr'>ρ</span> 
     </span>
    </p>
   </div>
  </div>
