4130 6374
409 421 510 475 τεο

407 536 582 590 munis
604 533 842 590 omnium
876 532 1041 586 hostis
1069 530 1481 600 circumquaque
1510 528 1764 591 ambulat,
1800 526 1988 580 dolens

405 628 547 700 quod
580 638 720 682 terra
751 643 854 680 non
881 640 1068 679 aurum
1099 639 1192 694 pro
1222 624 1383 692 spicis
1405 622 1653 694 proferat,
1686 635 1786 674 nec
1806 619 1984 674 fontes

406 738 502 793 pro
531 723 701 792 aquis,
727 735 827 775 nec
867 727 1075 772 montes
1107 733 1203 786 pro
1233 715 1397 785 petris
1427 730 1441 772 :
1474 713 1807 768 sterilitatem
1848 726 1989 780 aegre

406 816 528 881 fert,
563 815 613 868 in
643 813 868 883 publicis
891 811 1044 865 bonis
1081 817 1409 873 contractus,
1439 819 1760 874 omnemque
1787 801 1991 856 fastidit

405 924 645 973 Causam,
676 906 816 961 unde
843 913 1119 975 argentum
1144 918 1248 955 non
1280 899 1556 970 provenit;
1587 897 1764 951 omnia
1787 894 1986 961 ferens,

405 1000 532 1053 dum
564 997 701 1052 duos
739 995 909 1066 possit
936 994 1124 1048 obolos
1167 991 1384 1046 lucrari.
1413 987 1612 1044 Omnes
1655 985 1777 1041 odio
1805 985 1986 1048 habet,

408 1106 670 1162 pauperes
689 1131 705 1156 ,
735 1089 926 1144 divites
955 1105 968 1141 :
1017 1100 1279 1160 pauperes
1300 1124 1314 1146 ,
1345 1099 1412 1137 ne
1438 1082 1660 1154 petitum
1696 1078 1986 1143 accedant;

408 1184 624 1247 divites,
654 1181 795 1251 quod
824 1182 962 1235 bona
986 1179 1198 1232 illorum
1229 1190 1333 1229 non
1359 1172 1645 1243 possideat.
1673 1170 1874 1224 Omnes
1895 1185 1990 1237 pu-

405 1286 483 1332 tat
509 1293 602 1331 sua
630 1273 902 1345 possidere
934 1290 948 1327 :
975 1281 1134 1340 atque
1155 1279 1214 1324 ut
1232 1269 1299 1323 ab
1319 1267 1565 1320 omnibus
1593 1264 1772 1327 laesus,
1795 1261 1989 1315 adver-

405 1384 521 1422 sum
548 1382 736 1421 omnes
761 1364 1062 1433 indignatur
1093 1380 1105 1417 :
1141 1358 1517 1434 plenitudinem
1550 1354 1739 1416 nescit,
1770 1353 1989 1406 satieta-

407 1471 512 1514 tem
542 1473 644 1512 n0n
675 1456 844 1519 novit,
875 1453 1110 1509 omnium
1134 1461 1215 1507 est
1237 1449 1566 1504 miserrimus
1597 1465 1610 1499 :
1640 1443 1991 1516 quemadmo-

407 1556 530 1609 dum
562 1552 650 1624 qui
680 1551 760 1608 his
777 1548 1024 1605 omnibus
1049 1553 1132 1600 est
1151 1558 1362 1614 expers,
1388 1539 1719 1611 philosophis
1743 1535 1990 1590 omnibus

406 1647 506 1701 erit
532 1643 759 1699 beatior.
789 1639 998 1696 Probus
1038 1637 1180 1693 enim
1210 1637 1322 1700 vir,
1357 1631 1458 1688 etsi
1510 1644 1694 1686 servus
1735 1628 1832 1692 sit,
1894 1625 1995 1680 etsi

398 1732 902 1798 vinctus‘,omnium
930 1739 1013 1784 est
1039 1727 1398 1784 beatissimus.
1429 1720 1600 1776 Nemo
1643 1720 1786 1775 enim
1816 1719 1993 1787 ipsum

406 1826 547 1881 malo
569 1824 784 1888 afﬁciet,
807 1820 1014 1876 etiamsi
1045 1828 1185 1872 totus
1210 1814 1353 1871 orbis
1373 1810 1654 1867 conveniat
1681 1825 1801 1864 cum
1827 1808 1991 1862 armis

405 1927 463 1974 et
486 1916 828 1981 exercitibus,
859 1913 1136 1983 ipsumque
1161 1909 1453 1979 impugnet.
1488 1903 1762 1973 Improbus
1784 1911 1984 1960 autem,

405 2019 456 2065 et
487 2009 606 2062 talis
633 2006 843 2076 qualem
880 2001 1284 2070 descripsimus,
1308 1995 1515 2052 etiamsi
1547 2008 1638 2047 rex
1667 1993 1756 2054 sit,
1780 1991 1990 2046 etiamsi

406 2101 553 2156 mille
569 2097 958 2155 diadematibus
979 2084 1219 2158 o'rnetur,
1239 2105 1267 2143 a
1300 2086 1486 2156 quovis
1509 2085 1725 2140 homine
1750 2092 1988 2138 extrema

408 2193 640 2263 patietur
670 2205 684 2244 :
717 2202 889 2259 usque
915 2185 1049 2240 adeo
1078 2181 1286 2236 inﬁrma
1311 2176 1545 2248 nequitia
1581 2183 1694 2239 est;
1727 2175 1797 2228 ita
1834 2172 1989 2228 fertis

405 2297 489 2340 est
517 2284 700 2338 virtus.
729 2280 866 2349 Quid
886 2279 1042 2349 igitur
1061 2277 1230 2344 luges,
1257 2287 1377 2327 cum
1401 2271 1453 2324 in
1476 2277 1785 2339 paupertate
1809 2280 1989 2321 versa-

404 2377 516 2431 ris?
547 2374 671 2446 quid
692 2374 866 2444 ploras
893 2370 1083 2424 festum
1108 2363 1314 2436 agens?
1342 2362 1473 2417 Nam
1500 2360 1603 2414 diei
1627 2357 1746 2413 festi
1778 2367 1986 2426 tempus

401 2478 504 2524 est.
534 2465 670 2534 Quid
706 2463 840 2519 ﬁes?
867 2461 998 2515 Nam
1038 2467 1320 2529 paupertas
1352 2462 1435 2509 est
1480 2449 1783 2512 celebritas,
1817 2449 1860 2503 si
1901 2463 1986 2502 sa-

406 2560 553 2628 piens
584 2557 764 2612 fueris.
807 2552 942 2622 Quid
969 2549 1190 2621 plangis,
1220 2563 1253 2602 ο
1277 2560 1404 2616 puer
1422 2543 1448 2596 ?
1473 2542 1701 2597 Puerum
1727 2540 1868 2595 enim
1903 2547 1983 2592 ta-

401 2649 506 2704 lem
540 2647 711 2702 virum
737 2657 930 2698 vocare
955 2647 1188 2710 oportet.
1226 2632 1534 2690 Vcrberavit
1562 2633 1582 2661 ³
1607 2640 1657 2685 te
1681 2625 1979 2700 quispiam?

401 2737 471 2792 Et
496 2735 620 2808 quid
638 2733 778 2790 hoc?
803 2731 881 2788 Te
910 2729 1278 2802 patientiorem
1307 2722 1553 2778 reddidit.
1583 2719 1689 2775 Sed
1725 2718 1980 2788 pecunias

397 2826 646 2882 abstulit?
677 2824 896 2879 Multum
924 2822 1102 2876 oneris
1152 2817 1388 2872 abstulit.
1426 2813 1644 2869 Famam
1696 2820 1838 2867 tuam
1889 2810 1982 2864 Ia:-

399 2919 506 2974 sit?
531 2918 762 2973 Rursum
791 2913 932 2969 aliud
956 2911 1085 2966 mihi
1109 2906 1373 2964 libertatis
1396 2903 1807 2975 genusindicas.
1840 2900 1979 2956 Audi

392 3013 612 3058 exteros
623 3005 700 3057 sic
718 3002 1186 3072 philosophantes:
1207 3002 1346 3056 Nihil
1363 3002 1487 3056 mali
1503 3015 1699 3071 passus
1711 3015 1790 3061 es,
1807 2989 1970 3052 modo

393 3097 845 3152 dissimulaveris.
867 3096 973 3151 Sed
987 3097 1211 3151 domum
1235 3095 1382 3151 illam
1403 3111 1654 3166 magnam
1675 3095 1769 3148 tibi
1792 3093 1972 3149 abstu-

393 3188 634 3258 litseptis
645 3187 938 3242 munitam?
949 3186 1018 3241 At
1029 3201 1157 3244 ecce
1173 3187 1425 3242 universa
1439 3194 1582 3240 terra
1598 3185 1654 3238 in
1674 3191 1971 3252 conspectu

393 3293 484 3337 tuo
511 3293 614 3348 est,
651 3281 854 3351 publica
885 3279 1127 3347 ardiﬁcia,
1158 3276 1275 3329 sive
1303 3271 1370 3326 ad
1400 3271 1744 3339 voluptatein,
1776 3267 1887 3320 sive
1906 3265 1972 3319 ad

391 3391 544 3431 usum
574 3375 768 3428 habere
796 3372 948 3425 velis.
983 3369 1116 3437 Quid
1143 3367 1430 3438 jucundius
1472 3373 1528 3418 et
1553 3361 1848 3432 speciosius
1880 3359 1971 3412 ﬁr-

391 3475 660 3522 mamento
678 3463 833 3519 creli?
861 3461 1148 3531 Usquequo
1168 3457 1394 3513 mendici
1418 3465 1472 3510 et
1497 3466 1758 3524 pauperes
1782 3450 1971 3505 eritis?

388 3559 502 3614 Non
538 3566 710 3628 potest
737 3556 886 3610 dives
913 3568 1054 3618 esse,
1077 3552 1164 3621 qui
1194 3566 1297 3604 non
1325 3549 1507 3602 animo
1525 3546 1593 3598 sit
1613 3545 1762 3598 dives
1791 3559 1806 3596 :
1835 3543 1971 3596 sicut

389 3666 493 3705 non
528 3659 702 3716 pOIest
733 3661 935 3717 pauper
964 3659 1103 3706 esse,
1144 3642 1231 3712 qui
1258 3648 1619 3710 paupertatem
1659 3653 1764 3690 non
1791 3637 1970 3689 animo

384 3749 576 3812 gestet.
604 3739 734 3795 Nam
757 3739 801 3792 si
832 3736 1177 3792 excellentior
1220 3736 1397 3787 anima
1425 3745 1672 3799 corpore,
1716 3742 1819 3780 non
1848 3741 1969 3796 pos-

387 3844 511 3888 sunt
537 3848 654 3903 quae
689 3831 875 3885 viliora
902 3837 1026 3883 sunt
1055 3827 1196 3882 illam
1241 3824 1306 3878 ad
1337 3839 1396 3878 se
1433 3820 1723 3876 attrahere.
1757 3818 1862 3873 Sed
1903 3834 1967 3871 ea

385 3942 504 3993 qua:
530 3923 744 3977 domina
771 3929 873 3986 est,
901 3935 1020 3989 qua:
1045 3934 1149 3972 non
1181 3917 1252 3970 ita
1283 3914 1382 3970 sibi
1409 3912 1618 3984 propria
1647 3920 1790 3974 sunt,
1825 3909 1876 3962 in
1905 3923 1965 3962 se

283 3999 292 4009 ’
382 4015 672 4071 altrahitet
692 4023 1000 4069 commutat.
1030 4010 1136 4065 Cor
1162 4009 1303 4064 enim
1333 4023 1453 4062 cum
1484 4005 1752 4076 quidpiam
1784 4002 1966 4057 damni

381 4108 666 4177 acceperit,
697 4115 863 4158 totum
887 4116 1082 4172 corpus
1102 4100 1181 4156 sic
1205 4098 1402 4164 afﬁcit,
1436 4106 1493 4152 et
1516 4094 1832 4164 intemperie
1869 4107 1964 4146 sua

385 4211 550 4257 totum
577 4199 907 4268 corrumpit;
952 4197 1034 4252 sin
1073 4205 1256 4250 contra
1302 4192 1440 4248 bene
1480 4198 1834 4260 temperatum
1870 4187 1961 4253 sit,

440 4460 461 4495 ι
481 4458 704 4518 Quatuor
738 4454 878 4503 codd.
898 4451 1120 4503 habent:
1155 4445 1346 4497 Probus
1376 4447 1537 4492 autem
1557 4437 1654 4497 tir,
1672 4435 1957 4488 siveservus

376 4518 464 4582 sit,
486 4519 586 4582 sive
616 4518 778 4582 herus.

1289 415 1356 470 IN
1390 411 1793 469 MAT’I‘IIAEUM
1837 412 2062 466 IIOIIiL.
2106 413 2342 469 LXXXI.
2383 416 2454 472 al.
2495 417 2756 477 LXXXII.

3579 425 3684 482 750

2097 528 2190 582 toti
2216 527 2414 585 homini
2438 532 2675 603 prodest.
2716 534 2770 590 Si
2802 534 2925 604 quid
2951 551 3078 591 vero
3107 552 3172 592 ex
3199 539 3408 594 ca‘teris
3435 554 3682 596 corrum-

2095 632 2272 693 patur,
2304 623 2408 680 hoc
2436 626 2579 682 intus
2618 642 2751 682 sano
2781 640 3030 685 manente
3053 673 3069 697 ,
3101 631 3256 686 facile
3303 632 3514 688 illorum
3559 649 3684 690 cor-

2095 719 2357 789 ruptelam
2383 722 2603 774 excutit.
2623 719 2687 776 Ut
2715 731 2891 775 autem
2913 723 3108 776 clarius
3126 725 3328 793 loquar,
3356 725 3504 794 quid,
3533 742 3682 796 qure-

2093 823 2176 876 so,
2229 822 2452 881 prosunt
2481 813 2613 867 rami
2654 813 2853 868 virides
2877 855 2894 880 ,
2941 814 2984 869 si
3027 814 3176 869 radix
3221 815 3292 869 sit
3333 815 3521 871 arida?
3553 817 3679 886 quid

2093 905 2297 972 damni,
2331 906 2377 960 si
2404 923 2634 977 superna
2665 906 2790 962 folia
2829 909 3185 976 exsiccentur,
3212 908 3392 964 radice
3412 924 3537 963 sana
3568 927 3680 965 ma—

2095 1000 2288 1055 nente?
2331 1000 2421 1056 Sic
2455 1013 2510 1056 et
2557 1001 2659 1057 hoc
2705 1002 2821 1057 loco
2849 1003 2990 1058 nulla
3019 1001 3361 1074 pecuniarum
3385 1003 3604 1072 utilitas,
3633 1007 3680 1061 si

2095 1095 2249 1164 inops
2271 1095 2342 1149 sit
2365 1095 2561 1161 anima;
2583 1111 2752 1166 neque
2778 1098 3104 1166 paupertatis
3130 1097 3407 1162 damnum,
3432 1098 3475 1152 si
3501 1099 3680 1154 anima

2096 1187 2166 1241 sit
2189 1187 2360 1242 dives.
2393 1185 2460 1242 Et
2485 1187 2774 1258 quomodo,
2817 1189 3048 1259 inquies,
3092 1190 3268 1244 anima
3300 1191 3451 1246 dives
3474 1191 3598 1256 erit,
3633 1191 3681 1246 si

2095 1280 2320 1354 pecunia
2347 1281 2541 1350 egeat?
2570 1281 2721 1337 Tune
2744 1283 2976 1337 maxime
3000 1283 3184 1349 dives;
3219 1291 3344 1337 tunc
3367 1283 3510 1337 enim
3545 1284 3683 1339 dite-

2100 1389 2257 1428 scere
2285 1373 2445 1428 solet.
2477 1371 2532 1426 Si
2574 1372 2742 1437 enim,
2780 1380 2838 1425 ut
2882 1387 3025 1442 stepe
3054 1372 3576 1438 demonstravimus,
3611 1387 3680 1427 ex

2097 1479 2165 1518 eo
2205 1464 2361 1519 dives
2405 1464 2726 1534 agnoscitur
2765 1463 2909 1532 quod
2957 1463 3222 1532 pecunias
3266 1471 3579 1517 contemnat
3627 1472 3682 1516 et

2099 1557 2250 1611 nullo
2279 1565 2456 1627 egeat,
2488 1570 2695 1626 pauper
2739 1571 2868 1610 vero
2907 1570 2973 1609 ex
3005 1569 3070 1608 eo
3110 1553 3254 1623 quod
3295 1553 3564 1622 indigeat;
3599 1551 3681 1605 fa-

2100 1649 2371 1719 ciliusque
2399 1649 2470 1702 sit
2499 1650 2552 1702 in
2581 1657 2900 1718 paupertate
2921 1662 3082 1716 quam
3110 1646 3164 1699 in
3188 1645 3392 1700 divitiis
3422 1645 3682 1712 pecunias

2099 1750 2470 1808 contemnere,
2483 1741 2660 1811 palam
2673 1748 2756 1796 est
2767 1749 3137 1812 paupertatem
3152 1738 3388 1808 majores
3405 1753 3592 1806 parere
3607 1739 3691 1792 di-

2102 1835 2284 1891 vitias.
2312 1834 2446 1890 Nam
2462 1835 2606 1905 quod
2623 1836 2773 1890 dives
2789 1835 2912 1905 plus
2929 1848 3090 1905 quam
3107 1847 3311 1904 pauper
3326 1831 3686 1886 divitiascon-

2103 1930 2368 2000 cupiscat,
2399 1930 2603 1984 nemini
2633 1943 2740 1983 non
2782 1936 2968 1982 notutn
3000 1935 3116 1981 est:
3148 1924 3607 1995 quemadmodum
3633 1933 3690 1977 et

2104 2027 2290 2082 ebrius
2307 2026 2479 2092 magis
2502 2024 2634 2090 sitit,
2657 2039 2821 2094 quam
2847 2022 2939 2092 qui
2960 2021 3241 2076 moderato
3267 2037 3398 2076 usus
3419 2029 3505 2075 est
3529 2029 3682 2089 potu.

2105 2118 2226 2174 Non
2242 2119 2388 2173 enim
2408 2118 2530 2172 talis
2543 2127 2625 2172 est
2638 2116 3078 2185 concupiscentia
3094 2131 3216 2183 qnze
3234 2130 3292 2165 ex
3317 2113 3508 2181 majori
3530 2110 3688 2178 copia

2092 2209 2485 2280 exstinguatur,
2513 2205 2620 2261 imo
2647 2205 2822 2275 potius
2851 2202 2976 2259 inde
3003 2204 3172 2272 magis
3198 2201 3516 2256 incenditur.
3541 2201 3672 2255 Nam

2093 2302 2230 2370 ignis
2250 2309 2448 2370 quanto
2491 2297 2746 2367 majorem
2777 2310 2954 2350 escam
2984 2295 3194 2362 accipit,
3227 2303 3374 2348 tanto
3403 2293 3570 2362 magis
3599 2293 3677 2346 in~

2091 2391 2422 2451 flammatur;
2463 2387 2542 2442 sic
2575 2397 2631 2442 et
2673 2387 3014 2457 pecuniarum
3047 2384 3344 2455 cupiditas,
3393 2399 3514 2438 cum
3556 2383 3677 2453 plus

2090 2483 2353 2552 acceperit
2378 2480 2532 2547 auri,
2565 2488 2693 2534 tunc
2721 2478 2888 2548 magis
2923 2477 3162 2532 effertur.
3207 2476 3260 2530 Si
3308 2490 3436 2544 ergo
3473 2475 3687 2545 majora

2088 2592 2286 2648 cupere
2318 2575 2368 2629 id
2401 2581 2682 2644 paupertas
2707 2580 2791 2626 est
2814 2612 2828 2635 ,
2855 2570 2944 2640 qui
2984 2571 3032 2622 in
3070 2569 3268 2624 divit‘is
3293 2577 3376 2623 est
3402 2569 3556 2632 talis,
3590 2569 3675 2624 hic

2087 2671 2320 2726 maxime
2350 2682 2549 2738 pauper
2575 2673 2676 2720 est.
2701 2662 2890 2718 Viden’
2919 2663 3152 2716 animam
3185 2669 3296 2715 tum
3340 2661 3506 2731 magis
3539 2676 3671 2729 pau-

2087 2777 2268 2834 perem
2297 2774 2436 2820 esse.
2468 2773 2588 2812 cum
2616 2755 2767 2810 dives
2806 2763 2888 2808 est
2921 2771 2934 2806 :
2965 2763 3194 2822 tuncque
3221 2752 3502 2819 ditescere,
3550 2767 3680 2806 cum

2085 2863 2166 2911 est
2195 2850 2384 2922 inops?
2413 2849 2456 2904 si
2487 2849 2566 2903 vis
2595 2857 2771 2901 autem
2801 2855 2860 2899 ut
2887 2845 2938 2899 in
2969 2843 3174 2898 duabus
3217 2843 3458 2913 personis
3492 2841 3543 2896 id
3571 2857 3671 2897 ex-

2085 2950 2357 3020 ploremus
2377 2987 2392 3010 ,
2423 2951 2567 2997 stent
2593 2940 2698 2995 duo
2746 2939 3004 3010 quipiam,
3036 2951 3260 3006 quorum
3300 2935 3434 2988 alius
3482 2933 3668 2989 decem

2083 3040 2245 3097 millia
2289 3037 2486 3092 talenta
2523 3033 2736 3094 habeat,
2781 3031 2919 3083 alius
2952 3042 3081 3083 vero
3102 3027 3284 3082 decem
3313 3034 3514 3079 tantum
3542 3041 3556 3083 ;
3602 3025 3670 3076 al.

2082 3145 2308 3204 utroque
2346 3140 2524 3186 autem
2556 3131 2670 3180 ha-c
2695 3123 3000 3178 auferamus
3030 3139 3042 3174 :
3073 3130 3191 3174 uter
3221 3120 3389 3189 magis
3428 3118 3683 3172 dolebit?"

2079 3243 2256 3283 annon
2305 3225 2393 3280 ille
2431 3224 2519 3293 qui
2546 3222 2730 3276 decem
2762 3215 2925 3270 millia
2955 3213 3166 3267 amisit?
3191 3211 3302 3266 Non
3332 3220 3511 3265 autem
3549 3227 3666 3262 ma-

2077 3321 2158 3392 gis
2187 3319 2412 3382 doleret,
2444 3315 2545 3370 nisi
2571 3313 2742 3381 magis
2767 3317 3006 3371 amaret;
3035 3307 3078 3361 si
3108 3305 3275 3375 magis
3306 3312 3469 3367 amat,
3499 3305 3670 3368 magis.

2080 3408 2441 3480 concupiscit;
2468 3407 2512 3460 si
2536 3403 2704 3474 magis
2733 3397 3081 3468 concupiscit,
3114 3395 3284 3465 magis
3322 3408 3521 3464 pauper
3559 3400 3660 3445 est.

2077 3505 2209 3562 Illud
2239 3504 2380 3559 enim
2412 3499 2582 3569 magis
2603 3492 3050 3564 concupiscimus,
3081 3505 3186 3559 quo
3209 3488 3437 3542 maxime
3463 3485 3665 3553 indige-

2075 3614 2196 3656 mus
2225 3615 2238 3652 :
2272 3613 2335 3650 ex
2369 3591 2660 3664 indigentia
2687 3589 2828 3644 cnim
2850 3583 3132 3654 cupiditas.
3171 3581 3301 3634 Nam
3335 3579 3422 3632 ubi
3446 3576 3666 3632 satietas

2074 3703 2156 3749 est
2178 3733 2196 3758 ,
2248 3687 2512 3758 cupiditas
2549 3697 2668 3740 esse
2695 3696 2800 3735 non
2833 3685 3024 3749 potest.
3057 3675 3207 3729 Tunc
3245 3673 3388 3728 enim
3429 3671 3668 3725 maxime

2075 3784 2161 3840 siti
2193 3794 2466 3844 vexamur,
2490 3791 2611 3830 cum
2643 3780 2770 3843 potu
2799 3783 3037 3841 egemus.
3070 3765 3195 3820 Iltec
3215 3779 3244 3818 a
3267 3779 3350 3817 me
3381 3762 3518 3816 dicta
3537 3770 3662 3814 sunt

2074 3885 2133 3932 ut
2160 3874 2402 3947 probem,
2435 3870 2479 3924 si
2509 3865 2810 3938 vigilemus,
2845 3859 3114 3916 neminem
3135 3856 3288 3910 nobis
3317 3867 3510 3908 nocere
3530 3868 3656 3922 pos-

2071 3983 2132 4023 se
2159 3946 2172 4020 ὲ
2201 3980 2264 4018 ac
2291 3977 2395 4016 non
2426 3975 2494 4015 ex
2519 3964 2850 4029 paupertate,
2874 3950 2967 4006 sed
2985 3965 3048 4005 ex
3078 3947 3230 4004 nobis
3247 3947 3375 4016 ipsis
3401 3946 3654 3999 damnum

2071 4057 2278 4116 inferri.
2306 4056 2484 4122 Quare
2507 4065 2658 4120 rogo,
2686 4046 2829 4101 omni
2856 4043 3123 4113 diligentia
3144 4041 3380 4095 avaritia:
3409 4039 3665 4094 morbum.

2072 4151 2367 4222 ejiciamus,
2418 4155 2476 4200 ut
2500 4154 2555 4198 et
2601 4141 2687 4196 hic
2705 4139 2897 4194 divites
2927 4137 3116 4201 simus,
3151 4141 3205 4188 et
3229 4142 3426 4187 mterna
3455 4144 3649 4186 conse-

2069 4221 2296 4315 quamur
2315 4241 2476 4302 bona,
2500 4234 2666 4307 gratia
2687 4242 2740 4288 et
2767 4229 3092 4300 benignitate
3116 4223 3322 4280 Domini
3339 4223 3505 4278 nostri
3527 4221 3665 4277 Jcsu

2070 4336 2292 4399 Christi,
2326 4334 2408 4389 cui
2432 4331 2600 4403 gloria
2630 4328 2681 4380 iu
2712 4323 2910 4380 srecula
2941 4320 3278 4376 saeculorum.
3313 4319 3505 4372 Amen.

2146 4525 2164 4556 ⁸
2193 4521 2288 4574 Cfr.
2319 4518 2494 4572 Adnot.
2520 4511 2762 4566 Friderici
2786 4509 2930 4562 Field
2956 4507 3020 4558 ad
3042 4519 3154 4570 pag.
3180 4503 3291 4552 772.

445 4561 466 4614 ἶ
487 4561 589 4632 iiii
616 4561 824 4637 habent,
843 4572 1060 4641 offendit,
1085 4584 1192 4634 pro,
1213 4561 1504 4621 verberavit.

1441 4721 1789 4785 HOMILIA
1830 4713 2130 4779 LXXXI.
2172 4709 2258 4772 al.
2303 4701 2628 4767 LXXXII.

375 4879 508 4934 CAP.
535 4875 628 4930 ‘26.
673 4890 726 4928 ν.
761 4875 847 4928 I7.
894 4871 1070 4926 Prima
1103 4879 1268 4924 autem
1318 4880 1610 4937 azymorum
1647 4867 1960 4915 accesserunt

448 4968 684 5037 discipuli
712 4966 779 5020 ad
818 4963 994 5020 Iesum
1013 5007 1029 5031 ,
1057 4963 1272 5017 dicentes
1299 4977 1317 5012 :
1349 4958 1445 5014 Ubi
1487 4957 1561 5011 eis
1599 4969 1831 5025 paremus
1874 4950 1962 5002 tibi

445 5075 500 5118 ut
531 5062 799 5116 mendaces
836 5057 1067 5129 pascha?
1110 5055 1194 5111 18.
1241 5052 1361 5124 lpsc
1395 5060 1565 5105 autem
1599 5047 1727 5100 dixit
1757 5061 1774 5098 :
1799 5043 1881 5097 Ite
1907 5044 1960 5096 in

451 5157 699 5211 civitatem
729 5152 798 5208 ad
845 5150 1132 5224 quemdam,
1165 5157 1210 5203 et
1231 5147 1380 5201 dicite
1407 5146 1449 5198 ei
1475 5161 1491 5198 :
1520 5141 1764 5213 Magister
1800 5137 1955 5200 dicit,

447 5247 668 5315 Tempus
696 5260 861 5299 meum
890 5258 1048 5314 prope
1069 5250 1164 5306 est,
1209 5237 1348 5308 apud
1378 5246 1424 5291 te
1453 5233 1585 5305 [acia
1630 5229 1818 5302 pascha
1845 5243 1960 5281 cum

445 5337 713 5408 discipulis
739 5335 887 5390 meis.

449 5436 504 5490 ί.
533 5433 768 5490 Primam
816 5441 1126 5500 azymorum
1172 5439 1290 5479 eam
1318 5422 1457 5476 diem
1497 5425 1654 5472 vocat
1690 5428 1809 5484 qua:
1836 5419 1958 5466 ante

381 5541 566 5599 azyma
595 5529 712 5581 erat
741 5539 756 5578 :
787 5521 962 5577 solent
979 5518 1119 5574 enim
1146 5531 1177 5571 a
1209 5527 1428 5582 vespera
1456 5523 1668 5578 semper
1699 5505 1838 5560 diem
1864 5517 1962 5554 nu-

380 5636 590 5678 nterare
622 5638 635 5672 :
667 5627 724 5673 et
759 5616 897 5670 hanc
927 5620 1186 5668 memorat
1210 5609 1262 5662 in
1302 5606 1453 5675 cujus
1497 5614 1714 5670 vespera
1764 5595 1958 5667 pascha

385 5711 765 5769 immolandum
789 5715 905 5764 erat
935 5724 950 5760 :
979 5704 1160 5776 quinta
1189 5703 1332 5758 enim
1363 5696 1569 5752 sabbati
1592 5699 1953 5746 accesserunt.

385 5809 530 5865 ﬂanc
554 5820 683 5861 vero
711 5803 845 5858 alius
869 5801 1010 5856 diem
1045 5807 1168 5852 ante
1209 5807 1392 5866 azyma
1423 5798 1596 5853 vocat,
1630 5795 1836 5855 tempus
1859 5782 1957 5836 de-

385 5913 576 5957 notans
600 5911 706 5968 quo
735 5897 1076 5950 accesserunt
1105 5907 1117 5944 :
1152 5887 1285 5942 altius
1327 5899 1453 5940 vero
1488 5882 1564 5938 sic
1601 5878 1726 5937 dicit
1757 5895 1768 5931 :
1812 5874 1955 5928 Venit

2066 4854 2173 4906 dies
2221 4862 2514 4919 azymorum
2539 4885 2554 4905 ,
2601 4841 2658 4894 in
2713 4854 2812 4907 qua
2856 4835 3114 4906 oportebat
3153 4831 3408 4886 immolari
3462 4829 3650 4900 pascha

2069 4946 2087 5006 (
2095 4942 2216 4996 Luc.
2248 4941 2340 4994 Ἡ..
2389 4939 2465 5008 I).
2497 4933 2651 4998 Illud,
2678 4929 2825 4985 Venit
2849 4970 2863 4996 ,
2886 4929 2988 4982 hoc
3009 4924 3292 4996 signiﬁcat,
3323 4938 3486 4993 prope
3510 4931 3645 4988 erat,

2067 5036 2118 5090 in
2139 5032 2316 5102 januis
2329 5039 2464 5090 erat,
2482 5037 2758 5094 vesperam
2776 5019 3021 5074 videlicet
3038 5017 3180 5072 illam
3198 5029 3644 5070 commemorans.

2064 5131 2106 5183 A
2132 5139 2356 5194 vespera
2372 5121 2513 5177 enim
2538 5117 2891 5188 incipiebant:
2925 5112 3044 5167 ideo
3060 5109 3254 5180 singuli
3275 5107 3498 5174 addunt,
3521 5106 3648 5162 Cum

2064 5217 2410 5275 immolaretur
2435 5211 2645 5283 pascha.
2693 5209 2761 5264 Et
2787 5207 3011 5262 dicunt:
3047 5201 3146 5259 Ubi
3187 5203 3260 5256 vis
3287 5216 3523 5272 paremus
3559 5200 3647 5252 tibi

2064 5312 2322 5369 comedere
2345 5305 2579 5378 pascha?
2597 5301 2780 5372 Itaque
2805 5300 2932 5355 hinc
2953 5305 3117 5368 patet,
3148 5297 3244 5366 ipsi
3279 5310 3378 5350 nec
3403 5294 3652 5357 domum,

2066 5422 2166 5462 nec
2197 5399 2546 5459 diversorium
2573 5396 2768 5450 fuisse:
2803 5406 2975 5462 neque
2999 5387 3292 5458 discipulis,
3323 5395 3468 5455 puto.
3497 5385 3646 5438 Alio-

2065 5501 2192 5570 quin
2223 5496 2314 5550 illo
2340 5493 2608 5548 divertere
2643 5493 2940 5556 rogassent.
2983 5481 3089 5538 Sed
3129 5481 3236 5536 illis
3263 5479 3410 5534 nulla
3453 5477 3648 5532 domus

2065 5601 2201 5654 erat,
2231 5588 2321 5659 qui
2348 5583 2596 5639 omnibus
2615 5579 3072 5635 renuntiaverant.
3104 5574 3211 5630 Cur
3240 5582 3417 5626 autem
3448 5571 3648 5640 pascha.

2064 5681 2354 5742 celebravit
2375 5680 2397 5732 ?
2422 5677 2486 5733 Ut
2515 5676 2568 5730 in
2596 5673 2845 5729 omnibus
2881 5668 3189 5725 ostenderet
3217 5682 3275 5722 se
3299 5666 3364 5718 ad
3402 5666 3642 5720 ultimum

2065 5794 2232 5849 usque
2265 5777 2384 5829 vitm
2415 5788 2525 5826 sua:
2563 5771 2706 5825 diem
2739 5783 2845 5822 non
2873 5763 3006 5836 legis
3047 5760 3408 5818 adversarium
3457 5759 3638 5814 fuisse.

2065 5872 2131 5926 Et
2158 5886 2251 5927 cur
2276 5867 2342 5923 ad
2378 5866 2614 5938 ignotum
2641 5860 2908 5918 hominem
2948 5856 3143 5913 mittit?
3184 5853 3316 5909 llinc
3351 5850 3637 5908 ostendens
