4130 6374
396 477 505 532 τδι

402 610 460 648 se
488 603 592 645 non
623 594 899 656 passurum
924 574 1087 629 fuisse
1108 569 1152 624 si
1177 563 1449 620 voluisset.
1474 555 1602 609 Nam
1626 549 1717 620 qui
1749 546 1982 600 animum

408 662 550 739 illius
593 642 770 733 verbis
796 678 999 726 tantum
1030 658 1275 721 induxit,
1334 660 1393 705 ut
1430 648 1547 703 illos
1577 642 1863 709 reciperet,
1896 646 1992 687 cur

413 792 523 831 non
548 788 642 828 eos
669 769 758 840 qui
789 781 847 820 se
871 755 1249 827 crucifigebant
1277 750 1550 803 mutasset,
1583 738 1627 791 si
1657 731 1761 804 pati
1788 727 1993 784 noluis-

411 869 527 924 set!
556 864 815 934 Quodque
840 858 982 914 circa
1023 851 1226 907 asinam
1255 844 1471 899 fecerat,
1504 835 1590 887 hic
1615 840 1826 899 quoque
1850 820 1992 875 fecit.

415 913 526 924 μυ-.
561 913 777 934 ,νηγ
796 913 809 914 ,
857 913 862 914 ,

415 962 486 1015 lbi
515 970 743 1027 namque
767 950 900 1007 dixit
923 966 941 1002 ι
964 945 1023 1001 Si
1042 958 1152 1012 quis
1167 936 1304 993 vobis
1325 929 1583 1004 quidpiam
1603 919 1815 981 dixerit,
1829 913 1996 974 dicite,

1393 1024 1402 1027 “
1531 1017 1542 1027 ¹
1652 1013 1664 1027 ¹
1718 1026 1727 1027 κ
1750 1026 1759 1027 κ
1839 1006 1883 1027 ΙΙ
1899 1024 1917 1027 .-
1930 1004 1971 1027 ..2

418 1004 897 1123 lipsi-sues—D'omino
916 1004 1127 1107 (Malih.
1147 1031 1210 1085 2i
1225 1068 1239 1081 .
1261 1026 1342 1096 5);
1364 1024 1438 1078 sic
1456 1027 1510 1074 et
1531 1017 1631 1071 hoc
1652 1013 1770 1066 loco
1794 1026 1806 1062 :
1828 1006 1883 1123 1:!
1889 1004 2001 1075 agi-

413 1098 698 1202 sier—vdicit,
727 1133 877 1207 Apud
907 1098 953 1185 te
980 1129 1110 1201 facio
1140 1120 1348 1195 pascha.
1381 1116 1491 1184 Ego
1526 1122 1653 1163 vero
1679 1119 1784 1159 non
1819 1098 1873 1207 id
1910 1112 2002 1151 so-

422 1237 530 1291 lum
563 1233 749 1295 miror,
796 1224 934 1297 quod
963 1223 1198 1292 ignotum
1234 1208 1551 1277 susceperit,
1582 1199 1675 1267 sed
1712 1191 1853 1266 quod
1883 1203 2004 1245 cum

425 1338 625 1383 tantam
653 1322 938 1378 adversum
962 1330 1021 1368 se
1042 1313 1175 1366 iram
1195 1300 1448 1361 concitari
1477 1294 1838 1363 exspectaret,
1856 1292 1911 1337 et
1938 1281 2010 1333 ir—
2034 1345 2066 1361 _

425 1411 827 1475 reconciliabile
851 1406 1081 1467 bellum,
1108 1398 1397 1455 multorum
1442 1388 1624 1443 odium
1671 1386 2009 1443 contempse-

425 1512 517 1565 rit.
549 1505 752 1562 Deinde
781 1495 1144 1572 ignorantibus
1188 1490 1395 1559 signum
1444 1480 1625 1541 dedit,
1672 1470 1828 1544 quale
1865 1463 2011 1522 Saﬁli

430 1601 687 1672 propheta
720 1614 733 1651 :
763 1591 1028 1647 lnveniens
1059 1584 1309 1639 hominem
1354 1572 1701 1629 ascendentem
1724 1606 1739 1629 ,
1769 1572 1816 1617 et
1853 1569 2015 1613 utrem

433 1662 695 1746 habiantem
715 1687 732 1757 (
750 1687 772 1740 l
788 1724 801 1737 .
817 1683 945 1752 Reg.
970 1679 1057 1734 l0.
1079 1677 1170 1747 3);
1195 1673 1280 1727 hic
1300 1684 1447 1733 vero,
1478 1662 1787 1732 Amphoram
1809 1663 2017 1724 portan-

441 1836 574 1930 tum:
605 1870 719 1926 Non
740 1868 880 1923 enim
898 1836 1070 1919 solum
1090 1858 1242 1923 dixit,
1271 1853 1470 1907 Pascha
1499 1846 1668 1917 facio:
1694 1840 1788 1896 sed
1816 1836 2017 1905 adjicit.

442 1971 662 2037 Tempus
689 1977 852 2016 meum
869 1972 1025 2031 prope
1044 1963 1138 2008 est.
1162 1950 1273 2004 lloc
1297 1954 1475 2001 autem
1502 1938 1749 1999 faciebat,
1782 1941 1839 1986 ut
1866 1925 2023 1982 simul

442 2055 717 2127 discipulis
762 2027 1067 2120 frequenter
1107 2041 1409 2113 passionem
1452 2030 1936 2088 commemoraret,
1971 2027 2028 2070 ut

447 2168 512 2207 ex
557 2144 920 2220 prtedictionis
946 2135 1243 2209 frequentia
1268 2135 1651 2186 exercerentur
1699 2120 1753 2174 in
1799 2114 2027 2171 medita-

452 2244 598 2297 tione
625 2240 701 2294 rei
739 2239 963 2299 futurm;
994 2241 1157 2299 utque
1198 2221 1508 2280 ostenderet
1534 2215 1658 2279 illis,
1690 2220 1745 2266 et
1796 2223 1854 2263 se
1882 2203 2029 2261 esci-

450 2332 635 2406 pienti,
686 2327 1042 2393 omnibusque
1075 2317 1306 2381 JUdiBlS,
1347 2321 1407 2367 ut
1446 2322 1591 2377 smpe
1634 2302 1766 2365 dixi,
1815 2313 1874 2352 se
1928 2310 2032 2349 non

453 2386 678 2483 invitum
708 2420 774 2476 ad
805 2417 1111 2489 passionem
1147 2408 1353 2464 venire.
1402 2398 1621 2457 Addidit
1661 2402 1837 2448 autem
1860 2430 1875 2456 ,
1908 2386 2037 2443 Cum

455 2515 722 2590 discipulis
770 2513 915 2577 meis,
955 2517 1015 2563 ut
1061 2502 1331 2561 sufficiens
1375 2500 1661 2566 apparatus
1699 2494 1863 2547 esset,
1905 2492 2039 2535 neve

457 2574 787 2669 exisiiiiiaret
808 2574 930 2669 ille,
948 2601 1126 2670 ipsum
1152 2593 1384 2650 latebras
1403 2596 1665 2658 quzerere.
1692 2578 1785 2633 20.
1822 2574 2040 2643 Vespere

459 2665 626 2757 ait—tem
647 2703 801 2771 facta,
826 2665 1166 2747 discumbebat
1192 2699 1303 2737 cum
1321 2675 1607 2747 discipulis.
1631 2671 1675 2726 Ο
1695 2666 1845 2725 Judte
1872 2665 2045 2732 impu-

463 2756 727 2848 dentiam!
760 2756 890 2840 Nam
916 2790 971 2837 et
1014 2779 1102 2833 ille
1134 2776 1253 2830 istic
1277 2771 1484 2833 aderat,
1511 2764 1762 2832 venitque
1785 2756 2047 2828 particeps

466 2886 674 2938 iuturus
703 2887 758 2933 et
784 2872 1160 2947 mysteriorum
1189 2874 1244 2921 et
1286 2873 1487 2917 mensae
1512 2872 1532 2911 :
1560 2864 1614 2909 et
1640 2853 1691 2906 in
1723 2853 1835 2920 ipsa
1864 2857 2050 2901 mensa

468 2973 812 3045 arguebatur,
858 2965 948 3021 ubi
978 2958 1186 3017 etiamsi
1213 2956 1324 3011 fera
1351 2960 1529 3014 esset,
1551 2942 1879 3001 mansuetior
1911 2936 2054 2990 futu-

474 3026 565 3120 ro:
587 3070 724 3118 erat.
758 3059 989 3125 Ideoque
1018 3054 1133 3121 ipse
1157 3044 1483 3117 evangelista
1513 3035 1799 3108 significat,
1831 3026 2056 3084 mandu-

474 3155 717 3215 cantibus
742 3152 869 3218 illis,
900 3121 1171 3203 Christum
1202 3140 1269 3196 de
1289 3134 1595 3209 proditione
1621 3131 1897 3199 loquutum
1928 3121 2059 3176 fuis-

477 3263 557 3313 se,
604 3256 662 3300 ut
686 3252 739 3297 et
758 3257 784 3295 a
814 3250 1057 3308 tempore
1100 3242 1154 3289 et
1182 3247 1210 3284 a
1242 3241 1426 3284 mensa
1452 3220 1739 3294 proditoris
1766 3213 2056 3285 nequitiam

479 3338 807 3397 ostenderet.
853 3307 1139 3400 Postquam
1189 3323 1331 3380 enim
1377 3320 1613 3374 fecerant
1638 3310 1885 3380 discipuli
1926 3307 2062 3361 sicut

484 3433 587 3490 illis
614 3430 771 3487 Iesus
822 3429 1183 3498 prmceperat,
1229 3427 1453 3483 veSpere
1484 3410 1657 3473 laeto,
1698 3399 2066 3459 discumbebat

483 3542 603 3582 cum
649 3496 932 3578 duodecim
960 3512 1252 3581 discipulis.
1294 3507 1384 3560 2i.
1434 3496 1856 3555 Manducantibus
1901 3501 2066 3544 autem

486 3621 595 3673 illis
615 3616 779 3670 dixit:
806 3612 961 3664 Amen
987 3606 1099 3660 dico
1141 3602 1297 3666 vobis,
1329 3613 1461 3653 unus
1485 3610 1547 3649 ex
1566 3591 1700 3646 vobis
1738 3604 1816 3641 me
1848 3585 2066 3639 traditu-

487 3729 575 3766 rus
602 3718 709 3773 est;
738 3715 862 3761 ante
890 3714 1098 3757 coenam
1134 3694 1264 3751 vero
1294 3691 1456 3763 pedes
1481 3688 1596 3757 ejus
1637 3682 1784 3737 lavit.
1815 3678 1945 3733 Vide
1970 3692 2069 3729 au-

494 3816 599 3860 tem
628 3798 899 3873 quomodo
949 3791 1209 3867 proditori
1236 3793 1439 3859 parcat.
1470 3783 1586 3837 Non
1618 3778 1759 3834 enim
1788 3774 1947 3837 dixit,
1982 3771 2073 3825 llle

497 3914 581 3952 me
605 3895 812 3965 tradet;
853 3889 947 3947 sed
971 3929 987 3953 ,
1039 3885 1183 3941 Unus
1225 3898 1289 3936 ea:
1325 3878 1461 3933 vobis
1485 3918 1498 3939 ,
1536 3883 1594 3928 ut
1633 3886 1819 3927 rursus
1866 3868 1961 3936 ipsi
1992 3865 2071 3918 Ia-

499 3989 630 4046 tenti
672 3963 962 4056 paenitendi
991 3976 1291 4033 facultatem
1328 3970 1522 4024 daret:
1558 3963 1845 4031 maluilque
1890 3969 2077 4011 omnes

504 4093 733 4141 terrere,
764 4085 823 4129 ut
852 4073 993 4126 hunc
1040 4069 1246 4122 salvum
1272 4064 1491 4117 faceret.
1514 4056 1663 4112 Unus
1689 4068 1755 4107 ex
1784 4048 1934 4103 vobis
1954 4045 2081 4100 duo-

504 4174 699 4235 decim,
743 4166 943 4236 inquit,
963 4162 1054 4232 qui
1095 4160 1292 4227 ubique
1319 4168 1526 4207 mecum
1557 4154 1701 4209 sunt,
1733 4154 1960 4213 quorum
1989 4152 2081 4206 pe-

509 4268 606 4321 des
644 4233 791 4324 lavi,
818 4233 1015 4328 quibus
1058 4261 1134 4306 tot
1178 4257 1429 4316 tantaque
1459 4239 1700 4312 promisi.
1731 4235 1882 4290 Tunc
1913 4233 2085 4285 luctus

510 4364 695 4429 ingens
724 4367 932 4409 sacrum
957 4350 1100 4403 illum
1118 4345 1339 4399 chorum
1370 4335 1579 4393 invasit.
1608 4330 1841 4387 Joannes
1861 4323 2073 4395 quidem

512 4454 605 4516 ait,
635 4452 779 4520 ipsos
809 4444 1048 4500 turbatos
1098 4438 1283 4497 fuisse,
1332 4444 1381 4487 et
1429 4445 1487 4485 se
1516 4436 1698 4481 mutuo
1749 4417 2048 4488 reSpexisse
2071 4457 2086 4479 ,

513 4544 856 4615 singulosque
899 4537 1073 4605 ipsum
1106 4533 1462 4597 interrogasse
1504 4522 1752 4575 timentes
1795 4513 1918 4575 sibi,
1968 4510 2092 4563 licet

518 4601 715 4694 nullius
737 4601 811 4689 rei
843 4601 1148 4699 huiusmodi
1190 4622 1289 4676 sibi
1338 4616 1581 4673 conscios
1610 4612 1803 4681 (Joan.
1838 4606 1922 4661 18.
1951 4601 2091 4673 2‘2);

519 4736 609 4791 hic
635 4749 761 4786 vero
803 4729 875 4781 ait
910 4743 922 4779 :
968 4724 1059 4776 22.
1092 4714 1381 4773 Contrislali
1425 4709 1569 4764 valde
1608 4712 1863 4774 coeperunt
1909 4695 2095 4765 singuli

522 4829 707 4886 dicere.
739 4817 1001 4890 Numquid
1026 4830 1116 4885 ego
1154 4827 1286 4873 sum,
1336 4802 1577 4859 Domine?
1603 4799 1693 4853 25.
1722 4795 1842 4863 Ipse
1870 4808 1983 4845 vero
2014 4805 2097 4843 re-

524 4918 774 4989 spondens
796 4913 869 4965 ait
892 4882 917 4965 ':
946 4906 1039 4963 Cui
1055 4882 1146 4974 ego
1174 4901 1439 4954 intinctam
1479 4892 1642 4945 cibum
1680 4899 1970 4957 porrexero,
1996 4882 2103 4949 ipse

528 4977 599 5066 est
626 5006 784 5081 (Ibid.
814 5019 860 5057 v.
890 4996 1003 5071 26).
1037 4994 1171 5049 Vide
1201 4987 1415 5061 quando
1442 4984 1612 5054 ipsum
1646 4977 1899 5033 revelavit
1919 5015 1934 5039 ,
1981 4986 2101 5026 cum

532 5102 692 5157 vellet
719 5109 907 5163 nempe
931 5100 1155 5145 caeteros
1177 5100 1206 5137 a
1240 5081 1326 5135 tali
1355 5076 1520 5134 animi
1547 5071 1816 5128 anxietate
1840 5068 2101 5122 liberare:

538 5210 658 5250 nam
705 5202 897 5259 pavore
944 5180 1099 5252 quasi
1138 5173 1332 5231 mortui
1368 5179 1555 5230 erant;
1602 5165 1827 5231 ideoque
1853 5158 2111 5227 urgebant

540 5248 1155 5351 iiiterriigantes.hcque
1183 5274 1383 5322 tantum
1412 5271 1469 5316 ut
1494 5260 1615 5314 illos
1640 5272 1669 5310 a
1700 5262 1847 5309 tanto
1871 5260 2012 5305 metu
2048 5248 2112 5300 li-

542 5383 785 5434 teral-et,
832 5367 924 5423 sed
969 5366 1126 5421 etiam
1158 5368 1218 5415 ut
1270 5354 1596 5427 proditorem
1640 5341 1983 5404 emendaret,
2014 5340 2116 5391 hoc

541 5473 688 5527 feeit.
717 5466 848 5534 Quia
877 5461 1018 5517 enim
1063 5470 1185 5513 cum
1224 5465 1367 5518 saepe
1406 5442 1712 5501 indistincte
1762 5436 1814 5491 id
1858 5433 2119 5493 audisset,

545 5581 652 5621 non
681 5557 1010 5615 movebatur,
1036 5560 1093 5603 ut
1119 5544 1286 5614 magis
1304 5542 1452 5596 illum
1482 5532 1863 5606 pcrstringeret
1880 5526 2117 5591 ,larvam

548 5658 664 5727 ejus
693 5649 908 5718 deiecit.
954 5644 1087 5698 Cum
1117 5652 1245 5707 ergo
1274 5634 1349 5688 illi
1377 5638 1665 5686 mcerenles
1708 5623 2121 5686 interrogarent,

839 5757 929 5812 ego
965 5751 1094 5796 sum,
1128 5705 1363 5790 Domine,
1391 5720 1693 5791 respondens
1729 5712 1854 5766 dixit
1879 5727 1895 5764 :
1926 5706 2025 5772 Qui
2050 5705 2129 5757 iu-

554 5846 697 5912 tingit
740 5852 933 5892 nierum
973 5843 1177 5883 manum
1212 5823 1267 5875 in
1318 5813 1608 5889 paropside,
1643 5802 1723 5862 hic
1750 5821 1827 5858 me
1853 5801 2129 5855 traditurus

559 5902 651 5992 est:
668 5934 757 5987 “24.
794 5929 896 5985 Sed
926 5925 1087 5979 Filius
1106 5917 1307 5989 quidam
1325 5909 1537 5965 hominis
1568 5903 1724 5968 vadit,
1743 5905 1868 5953 sicut
1891 5902 2128 5963 scriptum

1122 454 1177 508 S.
1216 440 1492 504 JOANNIS
1528 423 1997 493 CHRYSOSTOMI
2036 417 2351 476 ARCHIEP.
2393 407 2920 467 CONSTANTliVOP.

3574 390 3685 445 75‘}

2098 544 2168 587 est
2212 533 2274 586 de
2300 531 2387 584 illo
2408 546 2427 594 ;
2448 544 2522 582 va:
2550 537 2715 581 autem
2745 522 2933 577 homini
2963 517 3059 581 illi,
3086 532 3173 582 per
3197 528 3342 585 queat
3379 507 3428 563 F
3430 509 3546 563 ilius
3578 508 3677 562 lao-

2096 628 2246 682 minis
2267 627 2490 679 tradetur
2512 643 2531 678 :
2554 625 2735 677 bonum
2751 629 2855 673 erat
2881 617 2927 670 ei
2935 658 2950 680 ,
2973 616 3015 668 si
3040 622 3189 667 natus
3214 628 3315 665 non
3338 608 3511 677 fuisset
3532 605 3695 658 homo

2100 721 2209 775 ille.
2255 716 2482 784 Quidam
2515 721 2735 768 narrant
2757 712 2930 780 ipsum
2957 708 3027 760 ita
3048 703 3377 776 petulantem
3407 698 3596 759 fuisse,
3628 703 3684 748 ut

2102 814 2415 881 magistrum
2446 825 2550 862 non
2573 814 2929 866 revereretur,
2958 800 3050 854 sed
3091 813 3212 852 eum
3233 797 3347 864 ipso
3370 793 3681 861 intingeret;

2106 905 2236 959 mihi
2265 912 2440 957 autem
2482 900 2696 954 videtur
2726 898 2827 951 hoc
2873 893 3062 949 fecisse
3093 889 3334 944 Christus
3359 928 3374 951 ,
3427 895 3486 937 ut
3536 882 3683 936 illum

2108 996 2300 1065 majori
2332 993 2569 1047 afficeret
2593 989 2813 1060 pudore,
2843 993 2899 1041 et
2923 984 2997 1039 ad
3023 982 3297 1037 meliorem
3331 976 3576 1032 afl‘ectnm
3607 973 3684 1041 ip-

2110 1102 2226 1142 sum
2278 1084 2652 1156 pertraheret;
2701 1095 2807 1151 qua
2851 1079 2905 1133 in
2953 1091 3012 1132 re
3052 1070 3257 1144 aliquid
3279 1070 3450 1138 majus
3496 1067 3689 1137 depre-

2113 1179 2382 1234 henditur.

2183 1273 2239 1328 2.
2282 1269 2385 1325 Ira:
2410 1279 2575 1323 motus
2600 1265 2833 1352 sedandi.
2856 1293 2926 1304 —
2954 1261 3078 1316 inec
3104 1270 3262 1327 porro
3288 1270 3393 1308 non
3432 1248 3691 1321 simplici-

2117 1374 2198 1419 ter
2248 1340 2704 1430 przetercurrenda
2749 1364 2894 1414 sunt.
2947 1350 3041 1407 sed
3086 1350 3137 1403 in
3188 1345 3380 1400 animis
3430 1338 3700 1410 inﬁgenda

2117 1456 2335 1511 nostris.
2377 1461 2434 1506 ut
2480 1450 2681 1503 nullum
2727 1458 2976 1515 umquam
3002 1442 3092 1496 irae
3117 1440 3290 1493 locum
3322 1435 3529 1490 demus.
3570 1431 3697 1498 Qui;

2120 1548 2261 1602 enim
2301 1559 2508 1599 caenam
2536 1541 2682 1595 illam
2724 1545 2902 1592 mente
2940 1533 3237 1596 revolvens,
3270 1526 3699 1598 proditoremque

2122 1654 2243 1693 cum
2272 1636 2507 1691 omnium
2548 1632 2835 1688 Servatore
2878 1625 3300 1685 recumbenletn,
3342 1631 3571 1687 cumque
3612 1617 3699 1673 qui

2124 1730 2428 1803 prodendus
2450 1738 2563 1782 erat
2588 1738 2693 1779 tam
2719 1723 2833 1777 miti
2857 1732 3103 1775 sermone
3129 1723 3385 1775 utentem,
3413 1726 3520 1765 non
3559 1710 3707 1761 virus

2128 1834 2298 1878 totum
2346 1822 2437 1875 ira:
2484 1829 2641 1887 atque
2687 1814 2878 1868 luroris
2927 1807 3145 1878 ejiciat?
3179 1804 3310 1859 \iid‘e
3348 1805 3507 1873 igitur
3545 1814 3703 1868 (piam

2129 1922 2407 1970 mansuete
2433 1922 2737 1966 sermonem
2764 1904 2829 1959 ad
2859 1905 3031 1973 ipsum
3069 1906 3363 1954 convertat.
3403 1893 3567 1945 Filius
3594 1889 3706 1959 qui-

2131 2006 2246 2059 dem
2292 2003 2508 2058 hominis
2545 1999 2702 2065 vadit,
2746 1997 2876 2050 sicut
2920 1992 3164 2062 scriptum
3209 1998 3281 2042 est
3322 1987 3384 2040 de
3432 1983 3543 2036 illo.
3588 1980 3712 2035 lla'c

2133 2110 2295 2167 porro
2322 2093 2457 2148 dixit
2481 2100 2538 2146 ut
2561 2088 2849 2158 discipulos
2878 2086 3241 2146 confirmaret,
3274 2085 3421 2131 utne
3451 2074 3579 2128 illud
3611 2072 3710 2125 im-

2136 2186 2410 2242 hecillitati
2451 2184 2763 2246 tribuerent,
2795 2187 2957 2248 utque
2995 2176 3153 2229 etiam
3184 2171 3509 2241 proditorem
3536 2184 3714 2221 emen-

2137 2280 2309 2334 daret.
2355 2275 2442 2331 Va:
2482 2285 2648 2328 autem
2674 2270 2864 2324 homini
2905 2268 2983 2322 illi
3010 2284 3097 2339 per
3131 2279 3275 2334 quem
3306 2262 3474 2315 Filius
3503 2258 3719 2311 hominis

2143 2370 2366 2426 tradetur
2388 2383 2405 2423 :
2428 2368 2611 2422 bonum
2635 2374 2741 2418 erat
2764 2362 2862 2427 illi,
2888 2361 2932 2415 si
2950 2368 3096 2413 natus
3122 2374 3223 2409 non
3247 2355 3423 2425 fuisset
3444 2353 3592 2405 homo
3611 2349 3719 2403 ille.

2145 2464 2277 2519 Vide
2307 2477 2515 2518 rursum
2546 2460 2598 2514 in
2627 2456 2897 2527 arguendo
2928 2452 3246 2508 ineffabilem
3289 2449 3581 2504 lenitatem.
3607 2444 3721 2500 Non

2146 2556 2287 2610 enim
2315 2553 2404 2609 hic
2444 2551 2661 2615 acriter,
2713 2547 2806 2603 sed
2839 2545 3126 2601 miserabili
3160 2544 3333 2612 potius
3378 2540 3534 2595 modo
3563 2538 3725 2593 verba

2149 2647 2295 2709 facit,
2344 2655 2506 2714 atque
2560 2657 2773 2696 rursum
2823 2639 3154 2694 subobscure
3197 2654 3210 2691 :
3248 2650 3565 2706 quamquam
3621 2648 3728 2686 non

2150 2740 2310 2795 modo
2335 2739 2577 2807 superior
2605 2733 2871 2797 vecordia,
2898 2731 2993 2786 sed
3020 2741 3073 2786 et
3095 2730 3357 2800 posterior
3381 2725 3733 2797 impudentia,

2154 2832 2352 2902 ingenti
2392 2830 2549 2900 digna
2578 2835 2720 2882 esset
2763 2823 3145 2894 indignatione.
3195 2821 3325 2875 Nam
3353 2829 3627 2889 postquam
3663 2818 3730 2871 ita

2154 2924 2428 2979 Convictus
2445 2924 2632 2983 fuerat,
2647 2918 2779 2973 dixit
2799 2936 2812 2972 :
2829 2918 2921 2972 ‘25.
2943 2915 3204 2986 Numquid
3223 2930 3313 2984 ego
3328 2929 3460 2977 sum,
3485 2910 3732 2964 Domine?

2156 3016 2201 3071 Ο
2225 3012 2560 3071 vecordiam!
2591 3010 2789 3065 Horum
2825 3007 2923 3062 sibi
2964 3006 3211 3063 conscius
3246 3003 3574 3057 sciscitatur:
3614 3016 3736 3054 nam

2159 3107 2480 3178 evangelista
2520 3104 2635 3173 eius
2663 3102 2934 3157 admirans
2962 3098 3303 3168 petulantiam
3332 3096 3445 3150 haac
3472 3095 3565 3149 ait.
3602 3092 3738 3158 Quid

2161 3217 2288 3271 ergo
2335 3198 2639 3253 lenissimus
2694 3194 3107 3262 mitissitnusque
3154 3188 3347 3244 Jesus?
3411 3186 3487 3240 Tu
3545 3185 3741 3239 dixisti.

2163 3296 2493 3363 Quamquam
2519 3291 2696 3346 dicere
2726 3290 2983 3358 potuisset
3013 3273 3031 3341 ἶ
3051 3286 3283 3340 Sceleste
3320 3292 3374 3338 et
3397 3280 3741 3345 exsecrande,

2166 3399 2324 3457 atque
2349 3384 2730 3455 impurissime,
2760 3390 2905 3435 tanto
2942 3389 3182 3447 tempore
3213 3377 3313 3430 hoc
3341 3375 3533 3429 malum
3565 3384 3742 3443 partu-

2167 3483 2332 3547 riens,
2366 3489 2486 3550 post
2513 3479 2812 3548 [unctionem
2842 3473 3156 3530 diabolicam
3187 3478 3627 3535 numeratamqne
3657 3482 3748 3534 pe-

2171 3573 2402 3637 cuniam,
2433 3586 2464 3624 a
2489 3586 2576 3624 me
2596 3570 2889 3632 convictus,
2912 3563 3076 3619 audes
3102 3561 3276 3615 adhuc
3302 3557 3661 3627 interrogare?
3683 3559 3751 3609 At

2174 3664 2371 3719 horum
2406 3662 2538 3716 nihil
2579 3660 2747 3714 dixit:
2776 3657 2871 3712 sed
2913 3656 3072 3726 quid?
3115 3652 3191 3706 Tu
3237 3650 3432 3713 dixisti,
3482 3650 3559 3703 sic
3601 3646 3752 3702 nobis

2175 3758 2320 3827 leges
2357 3764 2596 3809 statuens
2644 3749 2874 3806 ferendae
2915 3748 3139 3816 injuria}.
3182 3742 3380 3798 Verum
3419 3741 3561 3795 dicet
3604 3739 3752 3808 quis-

2178 3850 2315 3919 piam
2343 3864 2357 3902 :
2388 3846 2443 3901 Si
2472 3845 2725 3913 scriptum
2770 3850 2854 3897 est
2880 3840 3147 3895 Christum
3190 3836 3260 3889 ita
3290 3848 3565 3905 passurum
3607 3847 3751 3895 esse,

2180 3956 2275 3995 cur
2321 3946 2599 3994 accusatur
2625 3934 2835 3990 Judas‘!
2879 3946 2997 3984 nam
3023 3944 3140 3997 quae
3170 3927 3365 3992 scripta
3394 3934 3546 3979 erant
3582 3922 3755 3992 perle-

2181 4035 2271 4087 cit.
2303 4033 2373 4086 At
2401 4046 2509 4085 non
2540 4029 2639 4083 hoc
2664 4027 2751 4080 ille
2774 4024 2953 4079 animo
2982 4021 3125 4085 fecit,
3159 4018 3251 4073 sed
3279 4033 3344 4071 ex
3388 4016 3612 4070 scelere.
3645 4013 3754 4067 NLsi

2184 4139 2361 4183 autem
2391 4124 2625 4177 animum
2662 4114 3046 4185 exploraveris,
3097 4114 3264 4179 ipsum
3291 4106 3558 4161 diabolum
3603 4122 3630 4156 a
3661 4104 3764 4156 cri-

2187 4223 2330 4278 mine
2360 4215 2628 4273 liberabis.
2676 4210 2780 4265 Sed
2826 4224 2929 4262 non
2966 4202 3064 4270 ita,
3098 4220 3202 4257 non
3252 4201 3320 4254 ila
3348 4209 3492 4254 certe
3531 4214 3618 4252 res
3660 4205 3761 4249 est.

2188 4313 2464 4373 Sexcentis
2505 4309 2644 4364 enim
2686 4315 2740 4361 et
2784 4304 2869 4357 hic
2907 4310 2961 4356 et
3002 4300 3091 4353 ille
3132 4305 3255 4350 sunt
3288 4293 3427 4363 digni
3472 4290 3764 4359 suppliciis,

2192 4408 2398 4467 etiamsi
2438 4402 2583 4460 orbis
2629 4401 2751 4454 hinc
2794 4405 3037 4451 servatus
3081 4393 3170 4445 sit.
3218 4388 3399 4458 Neque
3438 4386 3579 4439 enim
3620 4383 3769 4437 .hula:

2194 4501 2425 4574 proditio
2454 4497 2677 4552 salutem
2723 4489 2877 4543 nobis
2905 4493 3122 4555 operata
3161 4489 3262 4543 est,
3312 4477 3406 4533 sed
3450 4475 3643 4530 Christi
3680 4489 3771 4526 sa-

2199 4592 2417 4665 pientia,
2446 4588 2533 4658 qui
2555 4586 2684 4640 mira
2711 4580 2924 4635 solertia
2953 4576 3177 4630 aliorum
3209 4568 3502 4625 sceleribus
3530 4567 3596 4619 ad
3635 4564 3773 4618 salu-

2202 4697 2306 4742 tem
2355 4690 2589 4737 nostram
2629 4685 2710 4730 est
2737 4687 2881 4727 usus.
2911 4667 3048 4736 Quid
3088 4677 3234 4734 ergo,
3285 4661 3510 4731 inquies,
3542 4659 3585 4711 si
3615 4655 3776 4711 ludas

2203 4797 2307 4835 non
2365 4770 2707 4845 prodidisset,
2757 4778 2933 4819 annon
2988 4759 3122 4812 alius
3160 4754 3463 4826 proditurus
3512 4750 3664 4805 erat?
3715 4748 3779 4801 Et

2204 4870 2329 4943 quid
2371 4869 2471 4921 hoc
2514 4863 2578 4918 ad
2620 4876 2734 4915 rem
2774 4851 3094 4927 qumsitam?
3133 4849 3188 4904 Si
3225 4845 3456 4914 crueifigi
3504 4839 3781 4911 Oportebat

2206 4932 2496 5022 (ΞΙιι-ἱδιυιιι,
2530 4952 2753 5023 inquies,
2799 4962 2894 5016 per
2922 4941 3203 5015 quemdam
3250 4935 3547 5007 oportebat.
3588 4932 3644 4987 Si
3687 4943 3784 5000 per

2211 5051 2512 5126 quemdam,
2543 5061 2636 5115 per
2681 5040 2949 5095 hominem
2994 5028 3298 5101 huiusmodi
3330 5023 3695 5097 proculdubio.
3726 5022 3782 5075 Si

2216 5159 2373 5216 porro
2417 5140 2538 5194 boni
2586 5135 2809 5187 fuissent
2845 5140 3053 5191 omnes,
3103 5124 3224 5176 hinc
3264 5120 3552 5174 cohibitum
3600 5114 3789 5169 fuisset

2216 5234 2400 5291 salutis
2426 5238 2620 5284 nostra:
2649 5220 2937 5293 negotium.
2962 5216 3133 5271 Absit.
3162 5212 3279 5282 lpse
3307 5210 3471 5272 enim,
3504 5206 3787 5276 sapientis-

2219 5331 2383 5385 simus
2413 5338 2534 5378 cum
2577 5326 2741 5379 esset,
2789 5313 2992 5369 sciebat
3028 5306 3295 5377 quomodo
3324 5313 3503 5357 nostra
3544 5309 3686 5355 esset
3713 5299 3793 5352 di-

2222 5424 2567 5490 Spensaturus
2600 5443 2616 5467 ν
2676 5403 2884 5460 etiamsi
2951 5415 3037 5454 res
3089 5398 3108 5430 ¹
3155 5396 3224 5451 ita
3319 5395 3600 5461 cecidisset
3639 5392 3794 5459 :ejus

2225 5513 2417 5580 quippe
2446 5499 2701 5572 sapientia
2728 5508 2779 5551 et
2816 5504 3001 5565 potens
3030 5498 3081 5544 et
3111 5484 3663 5556 incomprehensibilis
3691 5493 3793 5535 est.

2230 5576 2553 5659 ldeoautem
2582 5608 2649 5647 ne
2680 5588 2797 5660 quis
2823 5592 3048 5656 putaret,
3074 5579 3262 5635 Judam
3293 5577 3449 5646 hujus
3487 5576 3799 5631 (Bconumim

2232 5697 2395 5752 fuisse
2422 5687 2741 5745 ministrum.
2770 5679 3020 5735 miserum
3060 5672 3207 5728 illum
3237 5669 3507 5741 prmdical.

2297 5896 2315 5926 ι
2340 5891 2421 5942 Sic
2443 5888 2593 5941 Savil.
2628 5884 2801 5937 Morel.
2835 5887 3000 5932 autem
3027 5882 3077 5928 et
3098 5889 3223 5927 unus
3250 5872 3354 5923 cod,
3380 5870 3565 5919 habent
3588 5877 3680 5915 non
3703 5860 3793 5911 ita.
