4130 6374
374 389 476 446 753

445 502 616 569 Quare
659 500 792 556 Deus
828 499 1082 570 improbos
1119 498 1259 553 nasci
1298 498 1573 568 permittat.
1600 523 1673 535 --
1699 495 1767 549 At
1811 491 1952 546 dicet

374 594 566 649 iterum
612 593 913 664 quispiam:
945 591 1001 648 Si
1045 593 1242 648 bonum
1295 599 1410 645 erat
1451 604 1573 645 eum
1618 603 1722 642 non
1771 597 1952 640 natum

374 688 555 752 fuisse,
599 701 698 742 cur
735 685 975 755 permisit
1020 683 1167 739 illum
1211 682 1453 754 produci,
1504 696 1610 735 non
1654 681 1814 740 hunc,
1858 677 1954 732 sed

374 780 532 834 etiam
561 778 834 850 improbos
870 777 1097 832 omnes?
1126 774 1261 830 Cum
1287 781 1559 843 oporteret
1602 779 1653 826 te
1683 767 1955 837 improbos

373 884 560 925 omnes
587 869 850 935 incusare,
877 869 1017 940 quod
1044 884 1163 923 cum
1199 881 1352 923 secus
1379 866 1552 920 facere
1589 872 1826 933 possent,
1857 861 1956 914 im-

377 961 525 1032 probi
555 962 840 1024 evaserint,
872 971 948 1026 tu,
991 961 1092 1014 illis
1120 959 1511 1029 pratermissis,
1544 972 1662 1025 quin
1690 955 1755 1008 ad
1788 955 1952 1006 Deum

375 1061 615 1121 spectant
641 1051 900 1105 curiosius
937 1046 1182 1119 inq’uiris,
1213 1063 1410 1120 gnarus
1442 1057 1617 1101 tamen
1654 1047 1856 1100 nullum
1887 1059 1954 1098 ex

377 1144 696 1196 necessitate
723 1142 920 1197 malum
961 1157 1103 1197 esse.
1133 1140 1261 1208 Sed,
1290 1140 1519 1210 inquies,
1548 1139 1717 1192 bonos
1749 1146 1953 1190 tantum

379 1235 519 1289 nasci
546 1236 886 1305 oportuisset,
913 1249 1085 1304 neque
1112 1244 1237 1287 tunc
1271 1242 1413 1287 esset
1437 1231 1693 1302 gehennae
1722 1227 1958 1284 necessi-

379 1337 478 1394 tas,
505 1343 604 1383 nec
629 1343 800 1398 ptenze
829 1327 1160 1398 suppliciive,
1191 1340 1365 1396 neque
1390 1325 1555 1379 ullum
1580 1322 1831 1393 nequitia:
1860 1335 1956 1375 ve-

377 1421 622 1490 stigium;
650 1421 818 1475 malos
843 1431 1020 1475 autem
1050 1434 1336 1489 numquam
1359 1433 1480 1473 esse
1508 1433 1604 1487 par
1632 1416 1841 1480 fuisset,
1871 1416 1956 1470 vel

377 1514 420 1568 si
451 1514 558 1568 nati
583 1525 783 1580 essent,
813 1515 989 1568 statim
1032 1513 1308 1569 recedere.
1344 1512 1521 1566 Primo
1551 1511 1641 1566 tibi
1668 1510 1956 1565 dicendum

378 1613 460 1660 est
481 1605 828 1675 apostolicum
855 1604 981 1658 illud
1011 1623 1024 1659 :
1053 1605 1222 1674 Atqui,
1249 1620 1278 1658 ο
1301 1603 1470 1670 homo,
1502 1612 1555 1656 tu
1579 1605 1665 1672 qui
1686 1618 1738 1657 es
1763 1602 1848 1672 qui
1874 1618 1957 1656 re-

377 1698 626 1764 spondeas
658 1695 806 1749 Deo?
832 1695 975 1749 Num
1004 1697 1134 1749 dicet
1173 1696 1467 1767 ﬁgmentum
1496 1695 1540 1748 ei
1579 1695 1665 1765 qui
1693 1711 1746 1748 se
1785 1694 1954 1763 ﬁnxit,

380 1788 483 1841 Cur
520 1805 598 1842 me
623 1789 695 1841 ita
724 1788 956 1858 formasti
975 1787 1148 1858 (Rom.
1173 1789 1226 1843 9.
1259 1785 1388 1858 20)?
1413 1786 1468 1841 Si
1514 1797 1692 1840 autem
1737 1785 1955 1841 ratioci-

378 1881 461 1932 nia
489 1881 704 1950 qua-ris,
737 1880 840 1935 hoc
864 1880 1176 1946 dixerimus,
1209 1881 1398 1949 majori
1421 1878 1759 1934 admirationi
1785 1878 1957 1935 bonos

375 1989 517 2039 esse,
547 1989 668 2030 cum
693 1975 847 2029 malis
879 1975 1169 2044 permixtos
1195 1991 1208 2027 :
1239 1989 1361 2027 nam
1389 1981 1514 2027 tunc
1544 1972 1758 2027 illorum
1785 1982 1840 2027 et
1865 1987 1960 2042 pa-

377 2068 556 2123 tientia
579 2077 631 2122 et
658 2066 989 2136 pbiIOSOphia
1017 2067 1184 2135 magis
1202 2065 1506 2135 conspicua:
1530 2074 1670 2120 sunt.
1702 2063 1781 2120 Tu
1802 2079 1953 2132 vero,

375 2161 463 2230 qui
491 2160 603 2214 haec
628 2159 780 2222 d.cis,
810 2175 1020 2214 omnem
1053 2160 1196 2212 tollis
1221 2159 1568 2214 certaminum
1595 2159 1952 2213 occasionem.

376 2253 483 2307 Cur
511 2271 658 2320 ergo,
689 2253 914 2323 inquies,
951 2263 1007 2308 nt
1043 2253 1132 2306 alii
1160 2254 1415 2308 meliores
1441 2252 1742 2321 videantur,
1778 2253 1830 2307 hi
1863 2270 1956 2322 pu-

378 2347 628 2401 nientur?
659 2346 842 2410 Absit;
883 2346 976 2401 sed
1019 2346 1089 2400 ob
1130 2362 1280 2401 suam
1313 2347 1601 2414 nequitiam
1645 2347 1952 2416 puniuntur.

375 2438 557 2509 Neque
584 2439 728 2492 enim
753 2439 876 2509 quia
908 2439 1014 2492 nati
1046 2451 1188 2504 sunt,
1222 2439 1448 2508 improbi
1477 2439 1719 2502 fuerunt;
1763 2439 1856 2494 sed
1887 2441 1958 2493 ob

377 2532 638 2602 ignaviam
666 2546 815 2586 suam
837 2532 877 2596 ¹,
905 2530 1129 2600 ideoque
1154 2532 1476 2600 plectuntur.
1509 2531 1787 2600 Quomodo
1813 2532 1954 2585 enim

378 2641 482 2678 non
511 2625 768 2693 supplicio
795 2623 940 2693 digni
971 2624 1096 2686 sint,
1125 2624 1215 2693 qui
1241 2633 1318 2678 tot
1341 2624 1552 2677 virtutis
1580 2621 1829 2678 doctores
1858 2623 1953 2676 ha-

378 2719 558 2784 beant,
590 2718 826 2788 nihilque
852 2716 972 2772 inde
1001 2717 1131 2772 lucri
1157 2715 1435 2771 referant?
1463 2715 1610 2772 Sicut
1630 2717 1770 2770 enim
1797 2717 1954 2786 probi

377 2808 574 2879 duplici
607 2809 673 2863 de
699 2823 856 2863 causa
899 2817 1026 2861 sunt
1072 2810 1293 2877 praemio
1337 2807 1508 2878 digni,
1540 2816 1649 2860 tum
1678 2807 1798 2876 quia
1829 2807 1954 2862 boni

378 2913 518 2966 sunt,
569 2910 678 2956 tum
722 2902 845 2972 quia
891 2901 1020 2955 nihil
1068 2900 1137 2956 ab
1175 2900 1432 2972 improbis
1474 2910 1598 2954 sunt
1627 2901 1736 2955 laesi
1767 2901 1874 2955 :ita
1903 2910 1957 2955 et

378 2996 603 3064 improbi
630 2994 824 3064 duplici
867 3004 990 3049 sunt
1014 2993 1158 3065 digni
1202 2995 1486 3064 supplicio,
1526 3003 1639 3049 tum
1678 2995 1800 3064 quia
1832 2995 1954 3048 ntali

376 3099 521 3156 sunt,
561 3105 681 3143 cum
727 3103 846 3144 esse
888 3088 1012 3143 boni
1056 3088 1371 3159 potuissent,
1419 3097 1477 3142 ut
1515 3104 1582 3144 ex
1631 3089 1785 3143 bonis
1829 3089 1957 3158 ipsis

377 3181 650 3251 probatur,
682 3190 791 3236 tum
814 3183 935 3251 quia
959 3182 1092 3236 nihil
1119 3197 1184 3237 ex
1205 3182 1465 3236 bonorum
1494 3183 1739 3252 exemplo
1768 3182 1954 3237 lucrati

377 3284 520 3328 sunt.
555 3276 623 3327 At
660 3273 934 3329 videamus
970 3273 1096 3344 quid
1138 3275 1282 3329 dicat
1324 3276 1489 3330 miser
1516 3276 1605 3330 ille
1641 3292 1672 3330 a
1701 3275 1957 3346 Magistro

375 3375 673 3434 correptus.
719 3365 854 3431 Quid
895 3381 1024 3436 ergo
1063 3365 1525 3435 dicit?‘Numquid
1569 3385 1658 3440 ego
1688 3386 1818 3434 sum,
1857 3369 1958 3423 Do-

376 3457 551 3511 mine?
579 3458 642 3511 Et
669 3473 763 3511 cur
788 3472 892 3512 non
915 3458 992 3512 sic
1020 3457 1087 3513 ab
1113 3458 1265 3512 initio
1305 3459 1693 3529 interrogavit?
1721 3461 1778 3516 Id
1804 3472 1958 3532 puta-

378 3548 465 3601 bat
493 3547 675 3613 l.itere,
707 3548 848 3619 quod
888 3549 1130 3616 dixisset,
1165 3548 1310 3604 Unus
1333 3561 1587 3616 vestrum;
1614 3567 1738 3608 cum
1776 3565 1954 3609 autem

381 3640 528 3696 illum
580 3641 927 3708 declarasset,
981 3656 1145 3702 ausus
1189 3652 1273 3698 est
1319 3644 1666 3716 interrogare,
1719 3646 1954 3703 doctoris

379 3733 768 3787 mansuetudini
800 3734 986 3798 fidens,
1027 3750 1088 3789 se
1129 3749 1352 3806 sperans
1394 3752 1500 3792 non
1530 3738 1953 3810 redarguenduin

377 3826 510 3882 fore.
545 3826 769 3896 Ideoque
791 3826 944 3882 illum
973 3827 1138 3883 Rabbi
1165 3828 1391 3883 vocavit.

448 3921 501 3976 5.
547 3918 782 3974 Pecunia:
823 3935 968 3972 amor
1010 3934 1162 3988 quam
1209 3935 1359 3988 prave
1398 3919 1622 3974 animum
1658 3922 1862 3993 ofﬁciat.
1885 3954 1957 3964 -

377 4010 422 4067 0
445 4011 765 4066 caecitatem!
812 4024 1086 4079 quousque
1123 4009 1195 4065 ab
1233 4009 1320 4063 illa
1354 4009 1612 4080 impulsus
1654 4014 1774 4068 est?
1811 4013 1957 4069 Talis

376 4113 458 4159 est
485 4103 721 4173 pecuniae
747 4117 898 4156 amor
924 4119 937 4156 :
967 4102 1158 4155 stultos
1179 4100 1365 4166 efficit,
1391 4103 1687 4171 petulantes
1715 4115 1768 4160 et
1794 4120 1955 4161 canes

376 4211 439 4249 ex
471 4193 808 4256 hominibus;
840 4193 949 4246 imo
978 4192 1198 4247 canibus
1227 4191 1544 4257 deteriores.
1570 4202 1623 4248 et
1644 4209 1708 4248 ex
1735 4195 1956 4252 canibus

375 4287 663 4341 daemonas.
701 4284 794 4338 Hic
824 4283 1017 4353 quippe
1038 4282 1307 4338 diabolum
1335 4283 1434 4337 sibi
1471 4282 1811 4340 insidiantem
1840 4286 1955 4340 adi-

375 4379 485 4445 bat,
517 4376 697 4432 Jesnm
723 4384 903 4430 autem
940 4376 1041 4430 sibi
1085 4375 1382 4430 benelicum
1422 4375 1676 4446 prodidit,
1719 4392 1840 4432 cum
1881 4393 1951 4434 ex

376 4470 645 4540 preposito
668 4468 776 4537 jam
805 4466 1050 4522 diabolus
1093 4467 1316 4521 effectus
1355 4477 1521 4527 esset.
1564 4467 1722 4523 Tales
1757 4469 1954 4540 quippe

373 4563 539 4621 efficit
567 4560 879 4616 insatiabilis
923 4559 1264 4629 pecuniarum
1293 4559 1578 4629 cupiditas,
1619 4561 1832 4626 stultos,
1863 4561 1950 4616 fn-

375 4656 573 4720 riosos,
617 4661 757 4706 totos
787 4651 1026 4721 pecuniat
1068 4651 1330 4716 addictos,
1360 4660 1418 4705 ut
1453 4650 1618 4706 Judas
1653 4650 1772 4710 fuit.
1803 4654 1952 4720 Quo-

375 4744 535 4800 modo
571 4752 748 4799 autem
791 4741 1072 4796 Matthaeus
1100 4750 1155 4797 et
1200 4742 1290 4797 alii
1320 4742 1525 4810 dicunt,
1566 4755 1691 4798 tunc
1738 4745 1884 4800 illum
1920 4761 1948 4799 a

373 4838 585 4894 diabolo
624 4844 835 4909 captum
865 4837 1047 4899 fuisse,
1079 4850 1200 4890 cum
1227 4835 1294 4890 de
1323 4836 1621 4907 proditione
1659 4848 1810 4907 pacta
1851 4839 1952 4893 ini-

373 4941 474 4998 ret,
502 4931 733 4985 Joannes
759 4944 908 4994 vero,
945 4926 1068 4982 Post
1106 4928 1380 4982 buccellam
1425 4928 1722 4999 ingressum
1771 4930 1824 4983 in
1856 4931 1950 4984 illo

371 5039 494 5079 esse
514 5031 776 5087 satanam,
798 5035 919 5076 cum
946 5018 1075 5075 illud
1105 5019 1217 5088 ipse
1241 5019 1445 5073 sciret?
1470 5019 1639 5088 Supra
1668 5022 1809 5074 enim
1837 5022 1945 5076 ait:

373 5114 525 5170 Cana
547 5117 702 5184 facta,
728 5127 842 5165 cum
859 5111 973 5177 jam
1003 5109 1232 5163 diabolus
1259 5109 1543 5164 immisisset
1582 5112 1634 5164 in
1662 5127 1750 5165 cor
1772 5113 1945 5180 ludar,

372 5216 427 5259 ut
463 5205 678 5258 traderet
717 5219 832 5256 eum
862 5200 1036 5272 (Joan.
1069 5201 1156 5256 15.
1190 5200 1272 5271 2).
1305 5200 1586 5270 Quomodo
1629 5218 1756 5272 ergo
1794 5202 1944 5268 dicit,

373 5296 498 5351 Post
521 5295 796 5350 buccellam
829 5293 1034 5346 intravit
1075 5294 1127 5345 in
1163 5308 1279 5345 eum
1301 5303 1505 5347 satanas
1530 5292 1691 5364 (Ibid.
1731 5312 1778 5351 ιε,
1811 5296 1948 5364 27)?

369 5389 504 5456 Quia
530 5404 634 5442 non
673 5385 950 5441 confertim
979 5385 1160 5445 intrat,
1204 5383 1297 5437 sed
1339 5384 1630 5453 periculum
1663 5384 1787 5440 facit
1825 5397 1949 5440 ante

371 5481 691 5552 diligenter:
721 5478 861 5549 quod
894 5478 979 5532 hic
1016 5490 1231 5545 quoque
1272 5475 1515 5546 contigit.
1564 5475 1773 5531 Sensim
1804 5479 1948 5532 enim

371 5573 629 5628 accedens
673 5572 842 5636 initio,
887 5578 942 5624 et
986 5567 1189 5637 placide
1234 5579 1572 5636 congressus,
1606 5575 1664 5620 ut
1701 5567 1842 5621 videt
1887 5568 1951 5621 il-

371 5664 484 5720 lum
511 5663 578 5718 ad
623 5679 680 5718 se
728 5660 1091 5732 recipiendum
1129 5667 1392 5728 paratum,
1438 5665 1603 5712 totum
1646 5673 1704 5713 se
1733 5658 1954 5716 demum.

435 5817 452 5848 ⁸
482 5822 530 5865 In
553 5816 718 5866 Morel.
745 5817 940 5882 legitur,
969 5815 1052 5868 sed
1074 5814 1134 5866 ob
1157 5814 1390 5866 malitiam
1411 5819 1456 5864 et
1479 5812 1718 5879 ignaviam
1739 5829 1892 5867 suam.

1294 382 1360 438 IN
1396 377 1802 440 MATTHA‘ZUH
1841 373 2072 430 HOMIL.
2114 377 2353 437 LXXXI.
2393 380 2464 434 al.
2507 379 2768 435 LXXXII.

3546 385 3650 442 754

2060 493 2314 560 spirando
2345 495 2582 559 immisit,
2611 505 2666 552 et
2689 499 2848 567 plane
2875 500 3145 569 superavit
3172 501 3342 558 illum.
3367 501 3650 570 Quomodo

2061 594 2237 638 autem
2265 585 2308 639 si
2339 586 2532 654 pascha
2566 589 2939 654 conicdebant,
2969 603 3153 646 contra
3189 593 3361 663 legem
3391 594 3443 650 id
3482 594 3647 650 facie-

2061 673 2222 728 bant?
2250 675 2365 729 Non
2413 678 2554 731 enim
2604 681 2972 736 recumbentes
3014 685 3295 752 Oportebat
3333 687 3644 744 comedere.

2059 765 2196 832 Quid
2221 783 2350 837 ergo
2389 768 2715 824 dicendum?
2746 772 2892 840 Ipsos
2921 783 3199 844 postquam
3229 779 3422 846 pascha
3467 795 3649 834 come-

2061 860 2284 926 dissent,
2326 862 2521 917 deinde
2565 865 2873 922 recubuisse
2902 868 2968 922 ad
3001 871 3342 928 cmnandnm.
3373 875 3524 929 Alius
3553 891 3648 928 au-

2063 959 2167 1004 tem
2195 955 2517 1022 evangelista
2559 957 2652 1021 ait,
2680 959 2821 1027 quod
2850 976 3070 1029 vespera
3102 962 3189 1015 illa
3232 978 3335 1017 non
3364 965 3525 1019 modo
3550 981 3615 1022 c0
3634 996 3649 1009 -

2062 1044 2288 1099 mederit
2309 1048 2526 1115 pascha,
2557 1050 2652 1104 sed
2689 1052 2847 1105 etiam
2877 1052 3071 1108 dixerit
3102 1073 3114 1108 :
3147 1053 3414 1110 Desiderio
3443 1057 3644 1113 deside-

2061 1137 2168 1189 ravi
2196 1139 2291 1191 hoc
2317 1143 2508 1208 pascha
2530 1143 2838 1198 manducare
2861 1147 3112 1200 vobiscum
3145 1148 3295 1217 (Luc.
3323 1149 3412 1204 εξ.
3437 1152 3562 1219 15);
3593 1151 3644 1206 id

2061 1229 2299 1308 est,lhoc
2327 1248 2487 1287 anno.
2531 1233 2746 1300 Quare?
2789 1235 2920 1306 Quia
2948 1247 3072 1293 tunc
3109 1239 3254 1294 orbis
3282 1243 3427 1297 salus
3472 1243 3642 1299 futura

2063 1332 2197 1383 erat,
2226 1327 2475 1394 mysteria
2497 1327 2770 1393 tradenda,
2799 1330 2964 1382 tristia
2988 1347 3083 1400 per
3102 1341 3326 1386 mortem
3357 1335 3643 1404 solvenda;

2063 1414 2140 1468 sic
2165 1414 2238 1468 illi
2265 1431 2396 1471 crux
2425 1433 2488 1472 ex
2517 1427 2642 1473 voto
2676 1421 2982 1476 accedebat.
3020 1422 3214 1478 Verum
3262 1426 3410 1481 illam
3453 1431 3645 1484 imma-

2065 1521 2185 1558 nem
2220 1505 2382 1560 feram
2411 1507 2543 1562 nihil
2573 1510 2853 1580 mitigavit,
2889 1512 3019 1566 nihil
3042 1513 3208 1570 ﬂexit.
3240 1516 3331 1571 Vae
3363 1529 3540 1573 autem
3573 1521 3644 1578 illi

2056 1589 2190 1650 dixit
2263 1596 2349 1653 his
2413 1602 2592 1658 verbis
2652 1621 2666 1657 :
2725 1600 2812 1656 Va:
2836 1602 3028 1657 homini
3060 1606 3158 1660 illi.
3185 1607 3399 1663 Terruit
3426 1626 3640 1681 quoque

2062 1692 2209 1746 illum
2263 1693 2711 1752 dicens:Bonum
2746 1694 2795 1748 ei
2831 1701 2965 1758 erat,
3003 1692 3048 1746 si
3113 1710 3263 1754 natus
3308 1717 3407 1755 non
3448 1704 3642 1770 fuisset.

2053 1774 2275 1838 Pudore
2313 1797 2438 1838 eum
2479 1781 2662 1846 allicit,
2709 1783 2898 1836 dicens
2924 1826 2938 1842 .
2981 1781 3081 1836 Cui
3116 1798 3208 1854 ego
3258 1783 3478 1836 tinctam
3519 1783 3647 1837 buc-

2059 1872 2249 1930 cellam
2302 1891 2604 1945 porrexero.
2660 1877 2730 1926 At
2795 1872 2934 1926 nihil
2994 1873 3186 1926 horum
3247 1874 3426 1944 ipsum
3487 1888 3650 1928 coer-

2060 1967 2213 2034 cuit,
2253 1967 2348 2022 s'ed
2385 1967 2543 2035 quasi
2594 1965 2808 2020 insania
2852 1977 3042 2032 captus
3082 1975 3165 2020 est
3203 1967 3444 2021 avaritia:
3473 2009 3486 2033 ,
3533 1967 3649 2020 imo

2061 2059 2303 2127 graviore
2331 2059 2520 2114 morbo
2565 2069 2865 2130 correptus.
2913 2059 3045 2114 Nam
3077 2062 3289 2132 gravior
3331 2073 3476 2117 certe
3503 2063 3648 2118 furor

2063 2158 2164 2202 est.
2195 2145 2332 2215 Quid
2365 2148 2508 2202 enim
2553 2165 2802 2219 umquam
2853 2150 3026 2205 simile
3070 2150 3255 2206 furens
3285 2151 3446 2206 homo
3484 2151 3642 2207 fecit?

2062 2240 2178 2294 Non
2221 2241 2497 2296 emittebat
2540 2240 2627 2296 hic
2673 2257 2918 2311 spumam
2962 2259 3028 2297 ex
3065 2258 3179 2310 ore,
3232 2245 3328 2299 sed
3369 2245 3650 2302 emittebat

2066 2333 2273 2386 Domini
2301 2333 2500 2386 caedem
2532 2350 2546 2386 :
2576 2347 2681 2387 non
2714 2335 2994 2402 torquebat
3023 2351 3234 2402 manus,
3259 2337 3353 2392 sed
3383 2339 3499 2393 illas
3525 2348 3646 2394 ten-

2063 2424 2241 2488 debat,
2273 2433 2328 2478 ut
2353 2424 2641 2493 pretiosum
2671 2425 2981 2494 sanguinem
3014 2428 3286 2481 venderet.
3321 2428 3446 2482 Ideo
3476 2430 3648 2500 major

2065 2517 2212 2571 furor
2240 2528 2375 2580 erat,
2408 2519 2531 2585 quia
2569 2533 2729 2572 sanus
2755 2518 2984 2573 furebat.
3012 2519 3119 2574 Sed
3163 2535 3266 2574 non
3296 2521 3530 2592 loquitur
3560 2524 3644 2577 in-

2063 2610 2228 2672 sulsa,
2261 2611 2444 2665 dices?
2483 2611 2682 2680 Ecquid
2713 2611 2970 2666 insulsius
2997 2612 3087 2666 illa
3133 2628 3287 2679 voce,
3320 2613 3458 2679 Quid
3496 2616 3651 2671 vultis

2062 2702 2187 2754 mihi
2212 2703 2352 2768 dare,
2382 2710 2426 2754 et
2456 2718 2545 2771 ego
2566 2702 2700 2755 vobis
2726 2702 2924 2755 tradam
2950 2719 3062 2756 eum
3083 2703 3109 2756 ?
3136 2704 3383 2760 Diabolus
3412 2706 3647 2761 insonuit

2065 2808 2160 2860 per
2183 2807 2243 2846 ος
2268 2794 2402 2860 ejus.
2430 2793 2534 2848 Sed
2573 2809 2676 2846 non
2705 2795 2968 2862 percussit
3004 2803 3202 2849 terram
3233 2796 3455 2865 pedibus
3480 2799 3655 2853 calci:

2066 2889 2250 2938 trans?
2279 2884 2346 2938 Et
2367 2894 2568 2954 quanto
2596 2887 2786 2940 melius
2813 2886 3114 2954 calcitrare,
3147 2904 3304 2958 quam
3331 2890 3409 2944 sic
3440 2900 3653 2947 rectum

2063 2975 2373 3032 stare?Sed
2411 2977 2677 3048 lapidibus
2698 2978 2935 3047 seipsum
2971 2994 3078 3033 non
3117 2983 3420 3050 percussit?
3451 2983 3646 3040 Verum

2065 3077 2263 3136 quanto
2286 3067 2479 3122 melius
2520 3067 2572 3122 id
2597 3067 2806 3134 fuisset,
2830 3084 2986 3138 quam
3019 3071 3121 3124 tale
3159 3069 3366 3127 facinus
3395 3075 3660 3144 aggredi?

2137 3158 2292 3212 Avari
2332 3159 2602 3213 deteriores
2645 3161 2992 3214 diemoniacis.
3015 3191 3086 3200 —
3115 3161 3286 3218 Vultis
3329 3164 3381 3217 in
3414 3166 3658 3222 medium.

2063 3249 2390 3302 adducamus
2414 3249 2773 3304 ὠυιηοηίτωυε
2813 3262 2866 3304 et
2890 3266 3102 3318 avaros,
3136 3261 3189 3306 et
3223 3263 3476 3324 utrosque
3499 3271 3655 3311 cont-_

2066 3340 2354 3410 paremus?
2396 3341 2500 3397 Sed
2547 3356 2706 3396 nemo
2747 3341 2800 3396 id
2842 3341 2895 3396 in
2940 3343 3020 3397 sui
3046 3346 3421 3400 c0ntnmeliam
3452 3358 3656 3408 vertat.

2064 3433 2178 3486 Non
2223 3433 2364 3487 enim
2397 3442 2641 3486 naturain
2679 3432 2976 3502 culpamus,
3021 3433 3117 3488 sed
3162 3451 3274 3490 rem
3321 3435 3646 3505 linjnsmmli.

2062 3525 2361 3596 Numquam
2407 3525 2769 3580 diemoniacus
2809 3526 3048 3581 vestibus
3093 3527 3348 3593 induitur,
3385 3529 3660 3601 lapidibus.

2063 3618 2297 3686 seipsum
2318 3617 2551 3682 ctedens,
2581 3632 2644 3672 ac
2671 3632 2767 3687 per
2792 3618 2933 3672 invia
2971 3627 3026 3674 et
3049 3634 3237 3689 aspera
3261 3620 3371 3675 loca
3401 3637 3646 3691 currens,

2063 3708 2413 3764 vehementer
2449 3723 2478 3762 a
2517 3707 2762 3763 daemone
2789 3719 2962 3764 actus.
3003 3709 3196 3765 Annon
3240 3709 3354 3766 haec
3381 3711 3646 3771 horrenda

2061 3801 2358 3859 videntur?
2387 3801 2524 3869 Quid
2561 3816 2689 3872 ergo
2713 3802 2757 3856 si
2785 3801 3129 3857 ostendamus
3158 3819 3349 3858 avaros
3380 3806 3462 3860 his
3489 3807 3644 3864 dete-

2063 3893 2255 3959 riores,
2299 3892 2481 3963 pejora
2529 3892 2583 3948 in
2629 3892 2862 3948 animam
2911 3907 3062 3949 suam
3091 3905 3324 3965 patrare,
3373 3905 3535 3968 atque
3573 3902 3644 3955 ita

2075 3982 2284 4053 pejora,
2305 3992 2365 4037 ut
2390 3984 2505 4039 haec
2528 3984 2689 4040 ludus
2713 4001 2836 4040 esse
2858 3985 3186 4043 videantur?
3214 3985 3407 4043 Nonne
3441 3988 3678 4060 fugietis

2077 4076 2242 4131 talem
2260 4076 2512 4131 morbum
2532 4078 2555 4131 *ἶ
2570 4079 2704 4148 Age,
2723 4079 3153 4150 videamusjquis
3165 4096 3356 4137 eorum
3370 4082 3441 4137 sit
3457 4082 3670 4139 tolera‘

2076 4166 2263 4222 bilior.
2279 4167 2422 4222 Nihil
2443 4179 2592 4223 certe
2608 4170 2768 4222 ambo
2785 4170 3066 4226 differunt:
3092 4171 3254 4226 ambo
3274 4172 3419 4226 enim
3434 4189 3678 4230 sexcen‘

2063 4261 2131 4316 tis
2151 4259 2308 4315 nudis
2337 4257 2639 4313 hominibus
2669 4265 2796 4313 sunt
2820 4257 3105 4327 turpiores.
3131 4256 3310 4327 Longe
3347 4259 3491 4314 enim
3532 4276 3647 4315 nte-

2061 4354 2162 4409 lius
2183 4361 2267 4410 est
2284 4351 2485 4407 nudum
2504 4351 2739 4406 vestibus
2758 4365 2899 4417 esse,
2921 4365 3080 4421 quam
3103 4365 3169 4405 ex
3191 4351 3372 4420 rapina
3403 4352 3642 4407 indutum

2062 4445 2330 4512 incedere,
2362 4444 2504 4498 sicut
2531 4443 2852 4498 bacchantes
2879 4442 3150 4498 incedunt.
3181 4443 3653 4511 Quemadmodum

2061 4537 2203 4592 enim
2231 4536 2306 4591 illi
2337 4536 2515 4590 larvas
2567 4543 2622 4590 et
2655 4544 2833 4590 vestes
2875 4535 3162 4589 furentium
3205 4535 3422 4601 habent,
3471 4538 3550 4591 sic
3589 4547 3652 4595 et

2060 4629 2168 4682 isti.
2219 4630 2299 4682 Ac
2345 4625 2794 4697 quemadmodum
2840 4626 3293 4680 daemoniacorum
3343 4627 3650 4690 nuditatem.

2060 4722 2208 4775 furor
2241 4719 2426 4782 efficit,
2456 4719 2528 4773 ita
2566 4732 2778 4788 quoque
2802 4726 2857 4772 et
2881 4716 3025 4771 hunc
3063 4717 3315 4771 amictum
3348 4717 3512 4772 furori
3543 4720 3643 4773 tri-

2058 4811 2327 4868 buendum
2352 4825 2548 4866 censeo
2572 4827 2585 4864 :
2609 4810 2700 4880 qui
2739 4809 2965 4864 amictus
2993 4807 3233 4864 nuditate
3264 4809 3376 4880 ipsa
3407 4810 3649 4868 deterius

2056 4916 2156 4962 est.
2193 4905 2245 4960 Id
2271 4905 2414 4976 quod
2446 4903 2570 4958 hinc
2595 4903 2968 4958 demonstrare
2994 4902 3251 4956 conabor.
3285 4902 3453 4968 Quem
3493 4904 3646 4969 enim

2056 4997 2288 5052 maxime
2330 4994 2509 5050 furere
2546 4993 2806 5059 dicamus,
2847 5007 2914 5045 an
2951 4992 3042 5062 qui
3085 4991 3319 5060 seipsum
3357 4991 3533 5059 caedit,
3571 5009 3641 5050 an

2057 5091 2147 5162 qui
2176 5103 2358 5144 secum
2395 5097 2620 5142 caeteros
2645 5100 2834 5140 omnes
2862 5082 3082 5138 obvios?
3113 5073 3331 5137 Plautini
3372 5093 3474 5147 est.
3501 5084 3650 5141 hunc-

2056 5197 2175 5237 esse
2203 5190 2551 5252 postremum.
2598 5177 2762 5250 Igitur
2805 5176 2882 5231 illi
2918 5191 3038 5231 sese
3079 5175 3368 5240 denudant,
3415 5176 3469 5231 hi
3512 5193 3650 5232 vero

2055 5273 2241 5328 obvios
2284 5285 2494 5326 omnes.
2538 5269 2612 5325 At
2658 5269 2732 5323 illi
2775 5267 3094 5322 vestimenta
3142 5268 3489 5323 discindunt?
3531 5270 3638 5324 Sed

2055 5374 2311 5437 quantum
2345 5362 2690 5418 mallentlazsi
2715 5360 2908 5430 singuli
2929 5361 3243 5416 veSIimenta
3264 5377 3361 5416 sua
3387 5361 3637 5428 discindi.

2055 5473 2213 5529 quam
2255 5470 2442 5510 omnes
2486 5454 2586 5508 sibi
2637 5453 2920 5508 facultates
2964 5452 3176 5521 abripi?
3216 5453 3322 5508 Sed
3366 5453 3544 5523 plagas
3583 5455 3640 5509 in

2055 5551 2258 5604 vultum
2313 5563 2417 5601 non
2471 5544 2740 5600 inferunt?
2794 5543 2952 5613 Atqui
3001 5542 3103 5598 hoc
3158 5547 3388 5600 maxime
3440 5545 3640 5601 faciunt

2054 5644 2198 5699 avari
2225 5642 2296 5697 illi
2334 5653 2574 5711 rapaces,
2605 5653 2710 5693 non
2751 5646 2926 5691 tamen
2953 5652 3159 5706 omnes,
3192 5639 3286 5694 sed
3332 5638 3384 5693 in
3425 5647 3640 5696 ventres

2122 5865 2138 5893 ι
2171 5859 2361 5921 Montf.,
2389 5863 2520 5911 Num
2542 5857 2728 5911 sentitis
2754 5857 2848 5912 vim
2862 5857 3051 5915 morbi?
