4130 6374
520 360 624 417 735

517 472 741 526 aliorum
768 468 922 526 famis
951 478 1005 525 et
1031 470 1353 540 paupertatis
1375 472 1648 540 graviores
1679 470 1969 523 immittunt
2002 469 2099 524 do-

521 567 680 619 lores.
709 563 813 620 Sed
840 580 942 619 non
976 564 1219 618 mordent
1239 563 1529 618 dentibus?
1560 564 1769 619 Utinam
1792 562 2101 617 morderent

516 656 784 723 dentibus,
815 665 870 710 et
896 672 1000 709 non
1029 657 1333 725 rapacitatis
1365 656 1505 720 telis,
1546 671 1663 725 qua:
1694 656 1937 724 graviora
1969 654 2099 708 den-

518 750 656 803 tibus
672 759 811 803 sunt.
833 750 964 803 Nam
989 749 1171 803 Dentes
1188 766 1357 801 eorum
1379 765 1523 801 arma
1543 759 1589 802 et
1610 750 1805 818 sagitta:
1818 750 1835 817 (
1850 748 1987 801 Psal.
2006 749 2095 803 56.

514 841 592 910 5).
630 840 757 896 Uter
783 840 950 909 magis
979 839 1143 901 dolet,
1178 840 1264 906 qui
1297 840 1460 892 semel
1495 840 1786 903 mordetur,
1831 851 1886 892 et
1919 840 2095 892 statim

511 941 749 995 curatur,
780 946 845 984 an
879 932 964 1001 qui
994 946 1206 1000 semper
1228 933 1553 999 paupertatis
1581 931 1829 984 dentibus
1859 931 2096 984 corrodi-

515 1022 635 1075 tur?
666 1021 955 1089 Paupertas
983 1023 1179 1091 quippe
1224 1022 1581 1075 involuutaria
1625 1020 1841 1075 fornace
1872 1032 1925 1075 et
1966 1021 2095 1075 feris

512 1114 723 1182 gravior
752 1122 853 1167 est.
887 1112 991 1168 Sed
1024 1130 1127 1166 non
1161 1130 1253 1181 per
1279 1112 1488 1167 deserta
1520 1122 1777 1182 vagantur
1807 1124 1861 1166 ut
1896 1113 2095 1167 darmo-

513 1205 684 1258 niaci?
718 1203 925 1259 Utinam
951 1220 1043 1273 per
1075 1205 1306 1268 deserta,
1341 1219 1444 1258 non
1484 1222 1577 1273 per
1602 1205 1763 1260 urbes
1792 1217 2089 1271 currerent,

511 1308 565 1351 et
595 1309 719 1352 tunc
740 1313 925 1352 oumes
951 1298 1036 1368 qui
1067 1298 1118 1351 in
1144 1297 1361 1352 urbibus
1387 1307 1510 1351 sunt
1540 1298 1588 1350 iu
1616 1298 1795 1368 quiete
1817 1298 2089 1368 degerent,

513 1405 653 1445 nunc
680 1406 807 1443 vero
839 1390 940 1443 illis
967 1389 1215 1443 omnibus
1240 1388 1682 1443 intolerabiliores
1711 1400 1856 1455 sunt,
1889 1390 2011 1458 quia
2040 1390 2091 1442 iu

513 1482 727 1536 urbibus
758 1483 871 1534 ha:e
896 1481 1111 1543 faciunt,
1142 1480 1282 1551 quod
1310 1482 1383 1535 illi
1416 1482 1465 1534 in
1489 1481 1736 1546 desertis,
1765 1483 1907 1551 ipsas
1934 1481 2093 1535 urbes

510 1592 563 1629 tu
596 1575 806 1629 deserta
849 1583 1136 1637 mutantes,
1175 1590 1238 1627 ac
1267 1575 1411 1627 velut
1452 1576 1502 1628 in
1548 1575 1763 1628 deserto
1806 1574 1892 1627 ubi
1936 1590 2093 1627 nemo

509 1671 761 1725 cohibere
795 1678 993 1741 potest,
1023 1671 1101 1723 sic
1128 1670 1364 1723 omnium
1400 1670 1534 1723 bona
1566 1668 1955 1737 depraedantes.
1988 1668 2091 1722 Sed

508 1762 696 1816 obvios
742 1778 845 1816 non
875 1761 1136 1831 lapidibus
1166 1761 1415 1815 ca-dunt‘!
1448 1761 1511 1814 Et
1536 1760 1666 1831 quid
1711 1760 1848 1813 hoc?
1879 1763 1919 1812 A
1961 1760 2088 1828 lapi-

507 1852 663 1909 dibus
693 1854 833 1907 enim
876 1853 975 1906 sibi
1015 1867 1207 1906 cavere
1252 1850 1406 1905 facile
1443 1853 1595 1915 est‘;
1644 1867 1760 1917 quae
1798 1866 1923 1904 vero
1969 1865 2091 1904 cum

507 1946 690 2000 charta
720 1955 773 2000 et
799 1956 1097 2001 atramento
1123 1947 1333 2000 miseris
1360 1946 1679 2015 pauperibus
1711 1945 1931 2000 vulnera
1958 1946 2092 2000 infe-

506 2051 650 2104 runt,
683 2039 908 2094 schedas
940 2039 1085 2093 mille
1117 2039 1281 2108 plagis
1301 2048 1520 2092 onustas
1547 2038 1946 2101 concinnantes,
1974 2037 2092 2108 quis

506 2133 675 2203 possit
697 2133 885 2187 obvius
913 2147 1103 2187 cavere
1131 2143 1185 2185 et
1210 2130 1488 2186 avertere?

576 2227 630 2280 4.
677 2225 962 2279 Videamus
991 2235 1169 2280 autem
1202 2233 1331 2293 quot
1359 2224 1459 2279 sibi
1501 2223 1630 2293 ipsis
1670 2225 1808 2276 mala
1837 2222 2088 2277 inferunt.

504 2319 639 2375 Nudi
681 2319 951 2373 ambulant
991 2335 1084 2388 per
1129 2319 1352 2373 urbem:
1383 2329 1581 2372 vestem
1632 2323 1827 2388 quippe
1882 2318 2090 2371 virtutis

506 2432 611 2467 non
652 2415 867 2467 habent.
890 2412 1041 2480 Quod
1072 2413 1115 2466 si
1143 2413 1190 2467 id
1221 2413 1326 2466 illis
1359 2421 1511 2480 turpe
1540 2428 1645 2465 non
1674 2410 1906 2465 videatur
1944 2426 2085 2473 esse,

506 2505 605 2559 hoc
642 2520 706 2559 cx
757 2505 943 2575 grandi
991 2505 1192 2557 insania
1244 2503 1504 2571 procedit,
1560 2503 1698 2572 quod
1747 2503 2085 2569 ignominiam

504 2613 608 2651 non
641 2600 905 2663 sentiant;
948 2598 1039 2652 sed
1068 2613 1292 2667 corpore
1321 2597 1445 2651 nudi
1486 2598 1827 2659 erubescunt,
1856 2596 2084 2647 animam

503 2707 630 2745 vero
661 2689 855 2744 nudam
882 2689 1320 2743 circumferentes
1349 2689 1657 2757 gloriantur.
1703 2688 1756 2740 Si
1798 2688 1957 2741 vultis
1996 2704 2087 2741 au-

502 2797 629 2848 tem,
655 2800 749 2839 cur
775 2782 973 2837 nullum
1004 2796 1219 2836 sensum
1251 2780 1514 2834 liabeant'
1547 2781 1737 2833 dicam.
1771 2780 1898 2848 Quae
1930 2781 2087 2851 igitur

500 2892 661 2930 causa
697 2874 817 2928 est?
868 2873 1010 2929 Inter
1063 2872 1260 2927 multos
1309 2873 1477 2926 nudos
1527 2872 1812 2934 nudantur,
1862 2873 2086 2940 ideoque

502 2984 607 3019 non
653 2966 996 3029 erubescunt,
1045 2974 1104 3019 ut
1144 2980 1315 3033 neque
1354 2980 1451 3017 nos
1491 2965 1542 3018 in
1585 2964 1809 3018 balneis.
1848 2964 1998 3030 Quod
2039 2966 2085 3019 si

502 3058 650 3110 tntilli
683 3070 859 3112 essent
890 3059 1083 3113 viitute
1126 3057 1312 3123 imluti,
1361 3057 1532 3125 major
1564 3058 1691 3126 ipsis
1725 3060 1895 3127 pudor
1920 3067 2083 3114 esset.

499 3151 649 3205 Nunc
675 3163 849 3204 autent
882 3151 1005 3205 illud
1037 3152 1264 3205 maxime
1291 3151 1539 3221 lacryniis
1568 3151 1784 3221 dignum
1815 3162 1915 3216 est,
1944 3152 2083 3222 quod

499 3260 620 3297 cum
656 3242 806 3295 multi
834 3244 938 3297 sint
965 3243 1111 3301 mali.
1148 3243 1323 3297 nullus
1348 3251 1433 3296 est
1469 3242 1638 3311 pudor
1662 3259 1726 3297 ex
1754 3244 1915 3298 malo.
1949 3242 2081 3299 Cum

499 3336 617 3390 aliis
642 3337 783 3389 enim
816 3339 916 3391 hoc
953 3337 1111 3390 etiam
1140 3335 1263 3389 fecit
1291 3336 1554 3399 diabolus,
1584 3344 1639 3388 ut
1664 3350 1836 3406 neque
1862 3350 2080 3391 sensum

500 3430 757 3483 malorum
783 3430 945 3482 ullum
974 3429 1201 3482 habeant
1228 3446 1241 3493 ;
1274 3440 1435 3498 utque
1464 3445 1526 3483 ex
1557 3430 1915 3499 improborum
1947 3429 2083 3483 mul-

501 3522 723 3576 titudine
747 3522 914 3591 pudor
935 3521 1217 3591 obtegatur
1246 3540 1258 3574 :
1291 3539 1410 3576 nam
1443 3523 1487 3576 si
1517 3524 1568 3576 in
1598 3522 1934 3578 multitudine
1962 3521 2081 3592 phi-

499 3614 840 3682 losrqdnmuu
886 3625 1206 3679 versaretur,
1255 3630 1403 3668 suam
1448 3615 1534 3669 ille
1577 3613 1869 3668 nuditatem
1915 3616 2082 3686 magis

498 3718 701 3761 nosset.
734 3708 955 3761 Planum
1002 3722 1129 3776 ergo
1168 3716 1250 3761 est
1291 3708 1407 3761 illos
1450 3706 1792 3761 dzemoniacis
1829 3722 1949 3761 esse
1993 3723 2082 3759 nu-

497 3798 704 3861 diores;
738 3799 877 3867 quod
906 3808 1080 3853 autem
1123 3798 1335 3852 deserta
1370 3798 1483 3851 leca
1513 3797 1870 3868 frequentent,
1924 3814 2081 3851 nemo

498 3904 645 3947 certe
686 3893 974 3963 negaverit.
1022 3891 1149 3946 Lata
1196 3892 1393 3962 quippe
1434 3904 1489 3947 et
1533 3892 1765 3962 spatiosa
1810 3892 1888 3945 via
1933 3891 2079 3945 omni

498 3986 712 4038 deserto
746 3985 1007 4040 desertior
1046 3994 1147 4039 est.
1194 3985 1302 4038 Etsi
1337 4000 1565 4053 namque
1608 3984 1838 4038 viatores
1883 3984 2080 4037 multos

502 4075 727 4142 habeat,
774 4076 867 4130 sed
912 4075 1183 4129 hominem
1239 4077 1479 4131 nullum:
1526 4090 1707 4129 verum
1761 4082 2076 4143 serpentes,

497 4167 828 4235 scorpiones,
854 4167 1025 4234 lupos,
1052 4167 1278 4234 viperas,
1301 4166 1532 4233 aspidcs.
1558 4166 1717 4220 Tales
1740 4167 1935 4236 quippe
1952 4174 2079 4220 sunt

498 4260 533 4312 ii
572 4258 659 4326 qui
695 4258 980 4326 nequitiam
1024 4268 1317 4311 sectantur.
1351 4258 1473 4311 Ilaec
1502 4273 1608 4311 nou
1646 4258 1858 4312 deserta
1903 4258 2075 4312 solum

496 4364 598 4417 est,
629 4352 719 4406 sed
750 4353 906 4406 etiam
930 4352 1191 4420 asperior.
1228 4350 1279 4405 Id
1308 4353 1446 4421 quod
1478 4352 1600 4406 hinc
1631 4352 1799 4420 palam
1820 4359 1902 4404 est.
1933 4374 1945 4405 :
1971 4366 2074 4404 non

494 4445 636 4497 enim
687 4443 907 4512 lapides,
956 4450 1241 4511 prwrupta,
1291 4443 1566 4497 cacumina
1613 4442 1966 4497 ascendentes
2007 4442 2075 4495 ita

495 4536 749 4599 lacerant,
778 4543 836 4587 ut
882 4535 1062 4602 rapina
1103 4544 1157 4589 et
1184 4533 1405 4587 avaritia
1435 4534 1638 4587 animas
1664 4549 1782 4602 quae
1811 4533 1951 4586 illam
1990 4534 2076 4587 ad-

494 4628 730 4680 mittunt.
775 4625 923 4692 Quod
954 4634 1130 4679 autem
1174 4626 1311 4679 circa
1356 4625 1597 4694 sepulcra
1628 4626 1788 4677 vitam
1833 4634 1990 4694 agant
2020 4633 2077 4677 ut

493 4718 826 4780 daemoniaci,
860 4720 968 4771 imo
1010 4718 1181 4786 potius
1214 4718 1354 4787 quod
1392 4719 1490 4785 ipsi
1532 4717 1775 4787 sepulcra
1801 4717 1927 4780 sint,
1954 4716 2076 4771 hine

495 4811 829 4866 iuanifestmn
853 4821 953 4864 est.
984 4809 1120 4878 Quid
1149 4810 1289 4864 enim
1321 4818 1401 4864 est
1422 4809 1765 4878 sepulcrum?
1795 4809 1954 4878 Lapis
1983 4810 2074 4878 qui

494 4914 826 4959 mortuorum
870 4918 1091 4973 corpora
1131 4904 1389 4957 centinet.
1425 4902 1481 4956 In
1523 4919 1630 4973 quo
1671 4918 1799 4974 ergo
1824 4902 2076 4957 differunt

492 5000 705 5054 illorum
752 5013 977 5068 corpora
1022 4997 1089 5051 ab
1131 4997 1433 5066 hujusmodi
1469 4994 1766 5066 lapidibus?
1805 4995 1919 5050 lmo
1960 4995 2075 5053 lucc

495 5094 601 5147 illis
640 5089 1023 5146 miserabiliora
1065 5100 1206 5144 sunt.
1240 5090 1353 5144 Non
1385 5090 1525 5144 enim
1558 5090 1691 5159 lapis
1739 5097 1822 5144 est
1847 5088 2075 5144 cadaver

491 5184 791 5249 continens,
838 5180 934 5236 sed
976 5197 1168 5251 corpus
1208 5181 1471 5250 lapidibus
1514 5180 1891 5244 insensibilius,
1932 5197 2076 5234 mor-

495 5289 636 5330 tuam
667 5275 1049 5330 circumferens
1072 5275 1324 5328 animam.
1348 5272 1706 5339 Quamobrem
1733 5287 1836 5326 nou
1863 5272 2075 5330 aberrat

491 5371 535 5424 si
565 5370 684 5440 quis
706 5368 826 5422 illos
849 5367 1089 5436 sepulcra
1118 5367 1406 5420 vocaverit.
1440 5365 1568 5419 Nam
1612 5366 1865 5418 Dominus
1890 5374 2074 5417 noster

492 5476 570 5516 Sic
597 5460 811 5515 Judaeos
854 5460 1099 5519 vocavit;
1145 5458 1370 5527 ideoque
1411 5456 1685 5526 subjunxit
1713 5474 1727 5511 :
1760 5455 2072 5509 lntrinsccus

492 5555 674 5623 rapina
716 5562 761 5607 et
790 5551 1002 5606 avaritia
1040 5551 1175 5620 pleni
1213 5561 1327 5605 sunt
1359 5550 1570 5620 (Matth.
1613 5550 1703 5604 23.
1741 5548 1855 5619 9.5).
1904 5548 2073 5601 Vultis

492 5645 705 5703 demum
744 5642 1019 5702 ostendam
1057 5642 1328 5716 quomodo
1354 5642 1619 5711 lapidibus
1656 5642 1827 5711 capita
1857 5657 1948 5696 sua
1991 5642 2068 5694 l'e-

569 5860 584 5925 ξ
614 5858 875 5925 lustri-rel,
904 5858 1089 5925 lapides
1112 5858 1238 5925 enim
1258 5859 1400 5925 facile
1423 5869 1491 5925 est
1514 5864 1739 5925 effligere.

568 5922 587 5951 ¹
607 5919 715 5979 Alii,
741 5933 828 5970 cur
851 5919 1030 5973 tantam
1051 5919 1397 5986 impudentiam
1420 5919 1637 5978 habeam".

1359 358 1414 415 S.
1444 357 1721 415 JOANNlS
1760 354 2232 412 CllRYSOSTOMI
2270 360 2584 417 ARClllEP.
2628 364 3157 428 CONSTANTINOP.

3689 382 3791 438 756

2210 471 2381 525 riant?
2410 473 2683 531 Uudenam
2707 480 2729 531 ?
2757 480 2860 533 Sed
2893 484 3065 551 primo
3092 486 3175 540 dic
3207 489 3333 541 mihi
3363 490 3502 545 unde
3530 490 3632 547 hoc
3659 499 3791 551 velis

2205 562 2431 631 discere,
2455 582 2483 619 a
2516 573 2950 639 przcseutibusne,
2982 592 3049 629 an
3077 594 3105 631 a
3134 576 3364 634 futuris?
3395 583 3463 635 At
3491 582 3787 642 futurorum

2205 653 2279 707 illi
2300 671 2403 709 non
2422 674 2663 729 magnam
2688 665 2943 719 rationem
2964 667 3188 722 habent:
3206 670 3272 723 de
3289 678 3641 739 pra'sentibus
3661 694 3789 749 ergo

2205 747 2545 818 loquendum.
2571 753 2773 820 Quibus
2801 757 3062 826 lapidibus
3081 763 3349 830 graviores
3373 781 3475 817 uou
3503 778 3625 820 sunt
3645 747 3787 823 cuiae

2202 840 2327 907 illae,
2360 858 2478 912 quae
2502 861 2604 898 non
2637 849 2809 916 capita
2843 850 3057 916 feriunt,
3083 854 3174 906 sed
3204 856 3433 908 animam
3462 860 3785 916 eorroduut?

2211 931 2421 987 'l‘iment
2441 935 2603 1001 enim,
2629 953 2696 991 ne
2712 943 2833 1005 jure
2854 955 2917 993 ex
2939 940 3098 995 domo
3119 953 3312 999 exeant
3339 947 3422 999 illa
3451 964 3568 1018 qua:
3587 951 3784 1015 injuste

2200 1034 2347 1090 parta
2390 1035 2544 1092 sunt;
2582 1037 2819 1083 extrema
2862 1029 3178 1099 formidant,
3224 1038 3552 1105 irascuntur,
3599 1054 3781 1098 contra

2199 1127 2346 1179 suos,
2394 1127 2577 1170 contra
2624 1130 2907 1175 extraneos
2952 1124 3224 1178 irritantur
3256 1145 3267 1179 :
3299 1143 3511 1193 mceror,
3559 1141 3781 1196 tremor,

2200 1201 2346 1259 furor
2373 1206 2471 1260 sibi
2505 1218 2689 1263 mutuo
2729 1213 3039 1280 succedunt,
3072 1226 3125 1270 et
3148 1219 3300 1287 quasi
3329 1234 3359 1273 a
3399 1222 3691 1291 praecipitio
3728 1226 3781 1278 iu

2199 1296 2550 1366 prmeipitium
2602 1310 2976 1369 transeuntes,
3043 1323 3161 1377 quae
3219 1308 3452 1364 nondum
3508 1314 3782 1380 possident

2199 1389 2435 1456 quotidie
2473 1402 2808 1461 exspectant.
2849 1394 3185 1467 Quapropter
3222 1415 3395 1470 neque
3426 1401 3635 1470 placent
3674 1405 3780 1461 illis

2197 1495 2261 1535 ea
2301 1498 2420 1551 qua)
2448 1484 2739 1552 possident,
2770 1488 2911 1557 quod
2954 1498 3066 1543 tuto
3112 1495 3310 1545 servari
3357 1510 3460 1547 non
3489 1497 3776 1562 confidant,

2197 1572 2447 1641 quodque
2487 1584 2599 1629 toto
2642 1578 2820 1631 animo
2845 1579 2910 1632 ad
2942 1595 3025 1645 ea,
3069 1597 3190 1650 quae
3221 1584 3453 1637 nondum
3483 1588 3777 1654 possident,

2197 1663 2467 1717 anhelent.
2494 1668 2568 1718 Ac
2590 1669 3037 1735 quemadmodum
3067 1671 3109 1725 is
3131 1672 3216 1741 qui
3239 1672 3483 1728 diuturna
3513 1678 3595 1728 siti
3623 1694 3777 1730 vexa-

2200 1762 2282 1806 tus
2308 1764 2411 1817 est,
2444 1756 2649 1810 etiamsi
2686 1760 2879 1813 multos
2902 1762 3209 1817 exhauserit
3233 1766 3430 1830 fontes,
3454 1769 3774 1838 voluptatem

2200 1862 2301 1899 non
2333 1847 2513 1909 sentit,
2546 1847 2688 1916 quod
2718 1851 2898 1904 satiari
2930 1863 3195 1922 nequeat:
3231 1855 3299 1907 ita
3328 1866 3381 1910 et
3404 1856 3454 1910 hi
3487 1875 3590 1910 non
3623 1859 3778 1912 modo

2201 1956 2303 1992 non
2340 1940 2693 2007 delectantur,
2739 1943 2831 1995 sed
2861 1958 2925 1997 eo
2967 1948 3133 2013 magis
3172 1948 3474 2002 cruciantur
3499 1964 3603 2019 quo
3631 1950 3775 2018 plura

2200 2039 2397 2096 tenent,
2423 2032 2561 2100 quod
2586 2032 2759 2086 nullus
2791 2034 2860 2087 sit
2885 2034 3189 2104 Cupiditatis
3217 2037 3356 2092 linis.
3384 2040 3447 2092 Et
3469 2039 3583 2094 lucc
3606 2058 3777 2111 quan-

2198 2132 2305 2174 tum
2346 2122 2411 2176 ad
2440 2126 2721 2192 praesentia
2753 2143 2767 2178 :
2804 2142 2939 2180 nunc
2971 2127 3038 2181 de
3058 2125 3234 2182 futuro
3274 2130 3363 2183 illo
3389 2130 3473 2184 die
3513 2132 3772 2185 dicamus.

2195 2215 2341 2270 Licet
2365 2218 2503 2270 enim
2543 2217 2616 2271 illi
2647 2234 2749 2272 non
2782 2218 3090 2284 attendant;
3121 2229 3174 2274 at
3198 2236 3378 2289 Operm
3412 2226 3635 2291 pretium
3677 2226 3780 2280 erit

2194 2307 2260 2360 de
2294 2307 2383 2360 illo
2412 2308 2609 2362 dicere.
2647 2310 2702 2363 In
2745 2310 2921 2364 futuro
2964 2312 3137 2382 itaque
3165 2313 3252 2368 die
3282 2315 3514 2384 undique
3545 2317 3619 2370 illi
3648 2334 3771 2371 cru-

2193 2398 2493 2451 ciabuntur.
2543 2397 2673 2451 Nam
2719 2415 2839 2452 cum
2881 2400 3030 2463 dixit,
3082 2398 3303 2466 Esuriri,
3341 2413 3387 2456 et
3427 2421 3527 2456 non
3573 2406 3778 2459 dedistis

2193 2489 2316 2540 mihi
2361 2489 2683 2554 manducare,
2737 2491 2888 2553 sitivi,
2940 2502 2985 2543 et
3026 2508 3125 2544 non
3178 2503 3352 2561 potum
3406 2497 3527 2548 mihi
3575 2498 3779 2550 dedistis

2196 2580 2407 2650 (Manli.
2454 2581 2546 2635 25.
2592 2581 2708 2651 42),
2745 2582 2827 2636 his
2857 2582 3033 2636 verbis
3061 2584 3318 2653 castigat;
3366 2596 3419 2640 et
3462 2601 3580 2640 cum
3628 2588 3775 2653 dicit,

2192 2671 2273 2725 lte
2307 2673 2360 2726 in
2407 2675 2569 2744 ignem
2598 2684 2841 2727 wternum
2872 2685 3109 2744 paratum
3155 2676 3354 2730 diabolo
3382 2676 3542 2745 (Ibid.
3584 2696 3632 2732 v.
3661 2681 3771 2747 41),

2191 2782 2283 2820 eos
2331 2766 2420 2835 qui
2468 2767 2603 2819 male
2650 2769 2813 2835 partis
2857 2767 3057 2820 divitiis
3101 2767 3326 2822 afﬂuunt
3357 2770 3448 2823 illo
3493 2773 3670 2826 mittit.
3712 2773 3777 2826 Et

2191 2875 2381 2915 Servus
2416 2860 2501 2913 ille
2536 2876 2783 2930 nequam,
2827 2860 2914 2930 qui
2946 2862 3219 2915 conservis
3260 2862 3395 2917 bona
3426 2864 3624 2918 domini
3669 2883 3774 2920 nou

2190 2952 2428 3022 largitur,
2463 2953 2512 3005 in
2540 2953 2725 3006 eadem
2754 2961 2837 3007 est
2875 2953 3084 3019 classe;
3116 2970 3319 3008 necnon
3353 2956 3397 3009 is
3426 2962 3541 3025 quis
3571 2959 3657 3027 qui
3691 2969 3775 3013 ta-

2191 3044 2391 3099 lentum
2423 3044 2654 3109 suli'odit,
2700 3056 2748 3098 et
2792 3046 3024 3115 quinque
3052 3047 3302 3115 virgines.
3332 3048 3397 3102 Et
3436 3065 3774 3120 quocumque

2188 3136 2408 3201 abieris,
2447 3152 2637 3189 avaros
2667 3136 2824 3205 plecti
2867 3137 3089 3190 videbis.
3140 3145 3215 3192 Ac
3247 3155 3385 3193 nunc
3428 3141 3640 3210 quidem
3672 3159 3770 3194 au-

2187 3226 2355 3291 dleut,
2392 3227 2557 3281 Chaos
2595 3238 2667 3282 est
2692 3229 2823 3281 inter
2859 3244 2949 3281 nos
2977 3238 3022 3282 et
3066 3245 3151 3282 vos
3176 3228 3325 3301 (Luc.
3358 3233 3441 3286 i6.
3474 3231 3563 3302 26)
3589 3250 3602 3290 :
3633 3251 3771 3289 nunc

2199 3311 2442 3371 Recedite
2483 3337 2514 3371 a
2559 3335 2637 3370 me
2686 3322 2739 3369 in
2783 3333 2948 3385 ignem
2993 3316 3191 3387 [κυιιιδι
3230 3330 3519 3384 paratum;
3563 3330 3616 3375 et
3650 3330 3779 3378 tunc

2193 3407 2242 3458 iu
2269 3405 2402 3459 duas
2426 3414 2602 3475 partes
2626 3403 2833 3460 discissi
2859 3405 2952 3460 illo
2983 3405 3131 3460 ibunt
3164 3406 3249 3460 ubi
3281 3407 3475 3461 stridor
3510 3408 3770 3472 dentium,

2188 3510 2348 3569 atque
2376 3498 2612 3569 undique
2642 3498 2777 3568 pulsi
2803 3498 3143 3566 videbuntur,
3177 3516 3439 3570 nusquam
3468 3501 3642 3556 locum
3673 3505 3770 3555 ha-

2190 3592 2377 3645 bentes
2405 3590 2505 3645 nisi
2537 3592 2587 3643 in
2616 3591 2878 3660 gehenna.

2260 3682 2313 3735 5.
2359 3680 2505 3736 Sana
2528 3681 2654 3751 ﬁdes
2676 3699 2773 3734 non
2793 3680 2995 3752 prodest
3019 3681 3126 3736 sine
3145 3682 3470 3751 operibus.—
3489 3681 3623 3749 Quid
3644 3698 3775 3753 ergo

2189 3773 2343 3828 nobis
2366 3788 2495 3826 sana
2539 3772 2671 3826 lich
2712 3772 2951 3841 proderit
2988 3771 3055 3826 ad
3084 3772 3335 3838 salutem,
3363 3788 3481 3826 cum
3520 3773 3635 3827 hare
3678 3790 3773 3824 au-

2186 3867 2433 3922 diemus?
2478 3865 2612 3931 Illic,
2657 3864 2855 3919 stridor
2895 3864 3155 3931 dentium,
3188 3863 3422 3920 tenebrae
3452 3866 3769 3929 exteriores,

2187 3970 2241 4014 et
2295 3960 2431 4029 ignis
2484 3965 2703 4029 paratus
2749 3956 2983 4020 diabolo,
3037 3956 3300 4020 discissio,
3351 3956 3635 4025 expulsio;
3683 3956 3771 4012 hic

2187 4065 2336 4116 vero,
2382 4050 2695 4114 iuimicitiaz,
2721 4048 3022 4112 calumnize,
3057 4047 3317 4117 pericula,
3356 4049 3767 4118 sollicitudines,

2186 4141 2428 4206 insidiae,
2476 4141 2656 4195 odium
2706 4140 2968 4202 onmium,
2997 4139 3322 4193 abominatio
3367 4141 3507 4210 apud
3534 4140 3760 4205 omnes,

2184 4237 2345 4289 etiam
2368 4248 2462 4288 eos
2485 4234 2573 4303 qui
2603 4232 2809 4287 adulari
2834 4232 3096 4286 videntur.
3126 4232 3276 4287 Sicut
3299 4233 3442 4290 enim
3474 4232 3641 4288 bonos
3661 4248 3769 4290 non

2183 4326 2311 4381 boni
2338 4325 2532 4390 solum,
2558 4324 2652 4378 sed
2684 4324 2843 4379 etiam
2875 4321 3100 4392 improbi
3129 4322 3388 4378 mirantur
3413 4342 3427 4378 :
3459 4324 3537 4379 sic
3567 4326 3767 4394 impro-

2184 4420 2282 4474 bos
2308 4432 2412 4471 non
2440 4416 2565 4469 boni
2596 4424 2821 4479 tantum,
2842 4413 2935 4468 sed
2960 4414 3120 4468 etiam
3152 4414 3378 4484 improbi
3400 4413 3523 4469 odio
3545 4415 3765 4471 habent.

2183 4511 2312 4577 Quae
2337 4525 2424 4564 res
2452 4507 2587 4561 adeo
2613 4521 2737 4560 vera
2766 4513 2868 4569 est,
2904 4514 2961 4559 ut
3003 4520 3191 4559 avaros
3236 4506 3379 4574 ipsos
3422 4506 3647 4561 libenter
3687 4508 3768 4561 in-

2188 4613 2477 4672 terrogem,
2509 4615 2687 4653 annon
2731 4599 2867 4651 alter
2906 4597 3061 4651 alteri
3109 4597 3310 4651 invisus
3357 4599 3444 4658 sit,
3476 4607 3530 4652 et
3570 4600 3613 4652 si
3659 4615 3763 4653 non

2185 4695 2407 4765 perinde
2434 4692 2539 4746 sint
2567 4693 2705 4745 inter
2732 4705 2791 4745 se
2823 4690 3045 4756 inimici,
3076 4705 3139 4743 ac
3168 4689 3212 4743 si
3257 4705 3316 4745 se
3360 4702 3542 4743 mutuo
3582 4692 3767 4745 adnio-

2183 4791 2308 4844 dum
2337 4787 2619 4848 hesissent,
2654 4798 2832 4837 annon
2870 4799 2928 4837 se
2959 4792 3142 4835 umtuo
3187 4782 3553 4841 criminentur,
3586 4798 3762 4838 anmm

2183 4878 2562 4935 contumeliam
2609 4891 2720 4930 rem
2763 4875 2952 4944 ipsam,
2998 4889 3155 4943 quam
3185 4881 3367 4941 agunt,
3414 4886 3534 4927 esse
3579 4874 3765 4927 existi-

2182 4980 2349 5034 ment,
2380 4984 2501 5023 cum
2530 4967 2650 5036 quis
2681 4966 2786 5020 illis
2822 4966 2923 5019 hoc
2952 4965 3294 5033 opprobrium
3326 4962 3527 5031 objicit.
3554 4963 3763 5032 Oppre-

2181 5064 2355 5118 brium
2378 5062 2571 5129 quippe
2610 5058 2709 5112 hoe
2732 5066 2815 5111 est
2838 5068 3160 5120 extremum,
3184 5064 3238 5109 et
3272 5070 3498 5109 summa:
3523 5056 3765 5125 maligni-

2182 5156 2306 5210 tatis
2331 5162 2722 5222 argumentum.
2754 5148 2888 5203 Nam
2928 5148 2972 5202 si
3015 5148 3268 5217 pecunias
3289 5156 3633 5201 contemnere
3658 5162 3762 5201 non

2184 5256 2353 5317 potes,
2383 5243 2653 5312 quomodo
2686 5241 2869 5294 vinces
2895 5239 3404 5309 concupiscentiam,
3430 5253 3617 5292 vanam
3647 5238 3764 5308 glo-

2181 5339 2338 5400 riam,
2370 5336 2625 5395 furorem,
2653 5332 2825 5386 iram?
2853 5332 2918 5386 Et
2944 5331 3213 5401 quomodo
3251 5330 3370 5400 quis
3397 5330 3480 5384 his
3519 5331 3571 5384 in
3603 5331 3763 5385 rebus

2181 5426 2557 5495 obtemperet?
2585 5423 2719 5478 Nam
2747 5422 3235 5492 concupiscentiam
3265 5437 3579 5490 corporum,
3605 5422 3759 5485 iram,

2182 5523 2453 5585 furorem,
2488 5518 2664 5571 carnis
2716 5515 3072 5584 complexioni
3132 5514 3404 5577 tribuunt,
3463 5513 3763 5582 medicique

2184 5615 2307 5668 huic
2347 5612 2735 5666 vehementiam
2764 5620 3003 5665 motuum
3032 5608 3376 5672 adscribunt;
3420 5608 3759 5661 calidiorrm.

2181 5722 2284 5777 que
2309 5714 2361 5761 et
2392 5703 2744 5757 humidior-em
2793 5701 3043 5753 lascivum
3073 5713 3194 5752 esse
3228 5708 3429 5766 putant,
3459 5714 3579 5752 eum
3612 5713 3758 5763 vero,

2181 5798 2269 5867 qui
2298 5796 2522 5853 sicciore
2550 5794 2620 5848 sit
2645 5791 2978 5861 intemperie,
3009 5790 3309 5854 ardentem,
3348 5790 3680 5853 iracundum,
3706 5802 3757 5845 et

2184 5892 2461 5947 furiosum.
2515 5890 2585 5943 De
2615 5886 2836 5941 avaritia
2887 5895 3062 5939 autem
3111 5884 3241 5939 nihil
3286 5884 3473 5940 horum
3505 5884 3697 5941 dicitur
3726 5900 3755 5938 a
