4130 6374
207 400 310 458 735

207 515 366 587 λιμοῦ
395 514 608 584 καὶτῆς
647 515 837 580 πενίας
867 516 1252 588 χαλεπωτέρας
1283 517 1518 580 ἅπαντες
1550 520 1725 572 ἐνιᾶσι
1773 519 1871 584 τὰς

207 593 414 659 ὀδύνας.
452 595 590 648 Ἀλλ’
626 596 685 648 ού
710 596 996 649 δάκνουσιν
1019 595 1246 650 ὀδοῦσιν.
1272 598 1394 651 Εἴθε
1423 597 1624 665 ὀδοῦσι,
1662 599 1756 652 καλ¹
1796 600 1870 670 μὴ

211 672 386 742 βέλεσι
406 673 716 739 πλεονεξίας
731 674 1127 747 χαλεπωτέροις
1149 676 1393 732 ὀδόντων.
1413 681 1478 731 Ol
1499 679 1606 750 γάρ
1630 678 1871 745 ὀδόντες

208 752 404 806 αὐτῶν
429 753 589 806 ὅπλα
609 752 706 806 καὶ
731 752 910 820 βέλη.
939 754 1034 817 Τίς
1053 755 1162 824 γάρ
1189 755 1386 825 μᾶλλον
1435 756 1685 828 ἀλγήσει.
1714 759 1742 811 6
1775 757 1870 827 δη-

207 831 354 901 χθεὶς
380 832 527 897 ἅπαξ
559 833 653 885 καὶ¹
674 832 875 896 εὐθέως
903 832 1278 903 θεραπευθεὶς,
1309 835 1342 906 ἢ
1373 837 1401 888 6
1443 836 1731 901 διαπαντὸς
1757 840 1870 901 τοῖς

207 911 383 964 ὀδοῦσι
412 911 513 981 τῆς
541 912 730 975 πενίας
761 911 1208 982 κατεσθιόμενος;
1245 915 1411 968 Πενία
1452 916 1559 986 γάρ
1593 917 1866 981 ἀκούσιος,

208 991 300 1044 καὶ
321 990 555 1060 καμίνου
577 990 672 1043 καὶ
699 989 889 1060 θηρίου
916 992 1316 1063 χαλεπώτερον.
1360 994 1498 1046 Ἀλλ’
1527 995 1587 1046 ού
1615 995 1868 1050 διώκουσι

206 1069 304 1131 τᾶς
365 1068 642 1140 ἐρημίας,
693 1069 944 1140 καθάπερ
1011 1073 1059 1122 οἰ
1139 1071 1520 1142 δαιμονῶντες.
1585 1073 1708 1126 Εἴθε
1770 1075 1870 1136 τὰς

206 1147 460 1217 ἐρημίας,
507 1149 601 1200 καὶ
661 1147 737 1218 μὴ
785 1149 881 1212 τάς
923 1149 1106 1213 πόλεις
1132 1151 1480 1221 κατέτρεχον,
1519 1153 1614 1205 καὶ
1667 1153 1869 1216 πάντες

203 1224 269 1277 ἀν
289 1227 336 1278 οἱ
375 1229 432 1279 ἐν
466 1227 683 1280 πόλεσιν
713 1227 894 1292 ἀδείας
927 1229 1268 1300 ἀπήλαυσαν.
1308 1230 1446 1282 Νυνὶ
1482 1231 1539 1283 δὲ
1575 1231 1668 1284 καὶ
1695 1233 1866 1302 ταύτῃ

205 1306 421 1358 πάντων
455 1305 680 1359 ἐκείνων
712 1309 850 1360 εἰσὶν
879 1308 1293 1378 ἀφορητότεροι,
1326 1310 1408 1363 δτι
1437 1310 1496 1361 ἐν
1531 1313 1652 1374 ταῖς
1680 1310 1868 1365 πόλεσι

202 1383 374 1438 ταῦτα
411 1385 675 1449 ποιοῦσιν,
720 1387 862 1457 άπερ
895 1389 954 1440 ἐν
984 1389 1242 1458 ἐρημίαις
1291 1391 1508 1451 ἐκεῖνοι,
1552 1390 1652 1453 τὰς
1685 1390 1870 1455 πόλεις

203 1463 436 1532 ἐρημίας
464 1462 860 1536 ἐργαζόμενοι,
898 1466 990 1518 καὶ
1036 1465 1288 1536 καθάπερ
1331 1467 1388 1519 ἐν
1420 1468 1624 1538 ἐρημίᾳ
1657 1467 1870 1531 οὐδενὸς

203 1541 354 1604 ὄντος
397 1541 492 1596 τοῦ
529 1544 847 1608 κωλύοντος,
876 1544 1018 1597 οὓτω
1043 1544 1110 1599 τὰ
1140 1545 1356 1598 πάντων
1389 1547 1675 1610 συλῶντες.
1727 1548 1866 1600 Ἀλλ’

202 1621 261 1672 ού
292 1620 544 1691 βάλλουσι
572 1623 738 1686 λίθοις
764 1626 890 1687 τοὺς
915 1623 1289 1687 ἀπαντῶντας.
1325 1627 1435 1678 Καὶ
1466 1625 1519 1679 τί
1551 1625 1739 1693 τοῦτο;
1773 1627 1870 1680 Λί-

204 1699 327 1764 θους
359 1702 457 1772 μὲν
482 1702 590 1774 γάρ
617 1703 794 1775 ρᾁιον
826 1703 920 1756 καὶ
960 1703 1296 1770 φυλάξασθαι
1316 1719 1329 1733 ⁶
1365 1703 1402 1757 ἀ
1440 1704 1497 1757 δὲ
1530 1704 1618 1759 διὰ
1666 1706 1867 1776 χάρτου

204 1780 298 1833 καὶ
333 1781 564 1851 μέλανος
593 1782 915 1852 ἐργάζονται
940 1785 1053 1845 τοῖς
1085 1782 1450 1852 ταλαιπώροις
1482 1783 1674 1855 πένησι
1697 1785 1858 1857 τραύο

205 1877 370 1929 ματα,
403 1864 758 1933 γραμματεῖα
787 1861 996 1932 μυρίων
1034 1861 1256 1932 πληγῶν
1305 1863 1548 1933 γέμοντα
1597 1865 1868 1918 συντιθέν-

201 1955 310 2002 τες,
339 1938 422 2002 τίς
447 1939 514 1993 ἀν
543 1957 670 1993 ποτε
709 1939 907 2011 ῥαδίως
930 1939 1225 2007 φυλάξαιτο
1243 1941 1289 1973 ⁵³
1319 1941 1427 1994 τῶν
1475 1943 1820 2013 ἐμπεσόντων
1851 1962 1866 2008 ;

270 2017 332 2072 δ’.
365 2017 594 2089 Ἴδωμεν
619 2018 676 2072 δὲ
707 2019 798 2072 καὶ
827 2020 1054 2083 ἑαυτοὺς
1083 2019 1131 2051 ⁵⁸
1158 2020 1258 2073 ὃσα
1289 2020 1630 2091 ἐργάζονται.
1667 2022 1869 2091 Γυμνοὶ

201 2097 560 2165 περιπατοῦσι
607 2097 750 2150 κατὰ
773 2100 873 2169 τὴν
917 2099 1105 2151 πόλινο
1165 2099 1377 2170 ἱμάτιον
1419 2101 1528 2171 γὰρ
1559 2101 1738 2164 αὐτοῖς
1768 2102 1869 2155 ούκ

200 2174 346 2227 ἐστιν
377 2175 595 2252 ἀρετῆς.
629 2176 692 2230 Εἰ
713 2175 770 2228 δὲ
796 2177 857 2230 ού
880 2178 1032 2230 δοκεῖ
1050 2177 1206 2230 τοῦτο
1229 2180 1412 2242 αὐτοῖς
1437 2179 1662 2252 αἰσχρὸν
1700 2175 1865 2241 εἶναι,

200 2252 294 2305 καὶ
312 2251 470 2306 τοῦτο
508 2253 608 2324 τῆς
637 2255 1080 2327 ὑπερϐαλλούσης
1113 2258 1289 2313 αὐτῶν
1339 2259 1572 2328 μανίας,
1621 2260 1704 2312 ὅτι
1747 2259 1869 2312 οὐδὲ

199 2330 542 2384 αἰσθάνονται
571 2332 671 2401 τῆς
708 2335 1096 2406 ἀσχημοσύνης
1129 2339 1208 2370 ³⁸⁸
1241 2336 1377 2390 άλλά
1411 2337 1568 2403 σῶμα
1620 2339 1718 2408 μὲν
1766 2355 1866 2406 γυ-

201 2410 500 2489 μνωθέντες
512 2413 853 2480 αἰσχύνονται
862 2416 977 2485 ,τὴν
991 2416 1046 2468 δὲ
1059 2416 1236 2489 ψυχὴν
1254 2435 1320 2486 γυ
1330 2417 1468 2488 μνὴν
1483 2417 1868 2488 περιφέροντες

197 2488 715 2556 ἐγκαλλωπίζονται.
744 2492 807 2545 Ei
823 2492 880 2546 δέ
901 2493 1174 2563 βούλεσθε,
1194 2488 1287 2548 καὶ
1311 2497 1373 2548 16
1392 2497 1563 2550 αῐτιον
1586 2495 1688 2566 τῆς
1711 2498 1867 2549 ἀναι-

199 2566 429 2638 σθησίας
476 2569 524 2600 ⁸⁸
555 2570 684 2641 ἐρῶ.
722 2571 788 2624 Τί
815 2568 909 2625 οὖν
937 2573 997 2626 16
1029 2575 1236 2640 αῐτιον;
1282 2575 1370 2626 Ἐν
1405 2575 1618 2637 πολλοῖς
1650 2574 1793 2628 οὕτω
1819 2575 1864 2607 ⁸⁷

197 2647 595 2718 γυμνουμένοις
648 2651 1016 2720 γυμνοῦνται,
1069 2652 1258 2724 διόπερ
1308 2654 1429 2707 ούδέ
1483 2653 1864 2724 αἰσχύνονται,

197 2726 449 2806 καθάπερ
481 2729 602 2782 ούδέ
630 2731 689 2783 ἐν
717 2734 830 2796 τοῖς
861 2733 1163 2802 βαλανείοις
1196 2737 1374 2806 ἡμεῖς.
1421 2736 1505 2799 Ὠς
1539 2737 1654 2804 εἴγε
1683 2736 1867 2789 πολλοὶ

196 2801 414 2886 ἦσανῌοί
440 2807 537 2880 τὴν
565 2809 768 2882 ἀρετὴν
814 2801 1267 2884 περιϐεϐλημένοι
1293 2855 1307 2877 ,
1359 2815 1477 2868 τότε
1513 2815 1578 2869 ἂν
1603 2801 1866 2886 μειζόνως

195 2883 479 2968 τὺλαῐσχος
507 2889 554 2921 ⁸⁸
574 2890 754 2944 αὐτῶν
782 2892 974 2962 ἐφάνη.
997 2883 1196 2947 Νῦννδὲ
1222 2896 1380 2949 τοῦτο
1410 2883 1644 2968 μάλιστά
1670 2899 1783 2950 ἐστι
1804 2896 1867 2949 τὸ

199 2965 410 3022 πολλῶν
440 2967 692 3040 δακρύων
720 2970 889 3037 ἀξιον,
927 2973 1010 3025 ὅτι
1030 2971 1117 3026 διὰ
1150 2975 1212 3026 16
1241 2965 1469 3038 πολλοῦς
1490 2972 1628 3030 εἶναι
1661 2978 1865 3041 κακοὺς

197 3046 320 3101 ούδέ
367 3050 426 3101 ἐν
455 3049 684 3123 αἰσχύνῃ
715 3051 784 3104 τά
836 3052 1002 3106 κακά.
1043 3055 1197 3109 Μετά
1253 3055 1362 3125 γὰρ
1421 3055 1528 3109 τῶν
1567 3055 1744 3111 ἄλλων
1775 3059 1868 3112 καὶ

198 3125 357 3206 τοῦτο
391 3129 685 3202 εἰργάσατο
720 3131 749 3183 6
783 3129 1048 3195 διάϐολος,
1081 3132 1140 3185 16
1181 3133 1316 3204 μηδὲ
1353 3132 1605 3206 αἰσθησιν
1651 3136 1868 3205 ἀφιέναι

199 3205 386 3260 λαϐεῖν
415 3208 523 3261 τῶν
551 3208 757 3273 κακῶν,
789 3209 926 3264 ἀλλά
961 3210 1040 3281 τῷ
1073 3210 1265 3282 πλήθει
1283 3212 1393 3266 τῶν
1431 3205 1721 3284 μετιόντων
1765 3216 1868 3286 τὴν

197 3287 462 3369 πονηρίαν
489 3289 801 3369 συσκιάζειν
822 3292 990 3362 αὐτῆς
1013 3291 1112 3363 τὴν
1127 3291 1388 3364 αἰσχύνην
1405 3310 1420 3325 ·
1439 3295 1560 3347 ἐπεὶ
1588 3296 1636 3348 εί
1667 3296 1864 3369 συνέϐη

197 3369 257 3421 ἐν
285 3367 482 3439 πλήθει
515 3369 724 3424 πολλῶν
749 3367 888 3425 εἰναι
917 3372 1371 3442 φιλοσοφούντων,
1414 3375 1613 3446 μᾶλλον
1640 3376 1706 3430 ἂν
1726 3367 1868 3432 εἶδεν

197 3447 360 3501 αὑτοῦ
384 3449 484 3520 τὴν
510 3449 790 3520 γύμνωσιν
822 3452 866 3483 ⁸⁸
886 3455 916 3504 6
937 3451 1195 3516 τοιοῦτος.
1228 3454 1350 3508 Ὀτι
1384 3455 1481 3524 μὲν
1510 3452 1602 3510 οὖν
1623 3457 1730 3509 τῶν
1750 3457 1867 3513 δαι-

200 3526 488 3598 μονώντων
508 3530 615 3582 είσὶ
645 3530 990 3604 γυμνότεροι,
1013 3531 1172 3601 δῆλον
1207 3535 1271 3585 ἐκ
1303 3533 1507 3587 τούτων
1525 3552 1538 3566 °
1567 3535 1650 3588 ὅτι
1691 3535 1747 3588 δὲ
1773 3538 1868 3591 καὶ

197 3607 436 3687 ἐρήμους
461 3607 806 3687 ἐπέρχονται,
838 3609 958 3663 οὐδὲ
989 3609 1143 3663 τοῦτο
1177 3610 1239 3662 ἀν
1261 3628 1342 3673 τις
1372 3612 1634 3666 ἀντείποι.
1670 3613 1735 3666 Ἦ
1759 3615 1868 3687 γάρ

200 3684 433 3767 πλατεῖα
445 3686 540 3740 καὶ
561 3687 868 3760 εὐρύχωρος
897 3690 1106 3760 ἐρήμου
1129 3691 1306 3761 πάσης
1328 3693 1657 3764 ἐρημοτέρα.
1677 3695 1740 3747 EE
1763 3684 1871 3767 γὰρ

199 3765 295 3846 καί
311 3760 549 3846 πολλοὺς
578 3767 690 3837 ἔχει
719 3771 846 3833 τοὺς
874 3769 1158 3837 ὁδεύοντας
1177 3811 1192 3831 .
1241 3760 1367 3825 ἀλλί
1387 3760 1538 3844 ὅμως
1569 3760 1871 3846 ἀνθρώπων

197 3845 410 3911 οῦδένα,
436 3847 552 3900 ἀλλ’
595 3848 766 3918 δφεις,
805 3851 1120 3922 σκορπίους,
1168 3852 1386 3916 λύκους,
1417 3854 1583 3923 ἔχεις,
1615 3856 1868 3918 ἀσπίδας.

198 3924 576 4005 Τοιοῦτοιγάρ
603 3927 770 3998 οἰτὴν
798 3930 1061 4000 πονηρίαν
1098 3931 1395 4000 μετιόντες.
1437 3934 1554 3987 Οὐκ
1591 3933 1772 4005 ἐρήμη
1811 3934 1870 3987 δὲ

202 4005 364 4075 μόνον
405 4004 567 4078 αὕτη.
624 4007 760 4062 ἀλλὰ
810 4010 905 4062 καὶ
954 4010 1265 4081 τραχυτέρα
1315 4009 1467 4083 [779]
1494 4004 1728 4084 ἐκείνης.
1762 4014 1873 4067 Καὶ⁹

199 4084 358 4138 τοῦτο
380 4085 536 4157 δῆλον
557 4087 826 4143 ἐντεῦθεν.
859 4090 935 4142 Οὐ
963 4089 1072 4161 γάρ
1094 4089 1237 4143 οὕτω
1276 4091 1571 4159 πλήττουσι
1610 4091 1748 4146 λίθοι
1778 4093 1874 4146 καὶ

201 4165 484 4236 φάραγγες
511 4167 602 4220 καὶ
626 4165 927 4238 ἀκρώρειαι
954 4169 1078 4233 τοὺς
1132 4169 1522 4235 ἀναϐαίνοντας
1566 4171 1738 4234 αύτάς
1756 4211 1771 4234 ,
1797 4172 1873 4235 ώς

199 4245 424 4316 ἁρπαγὴ
453 4247 546 4299 καὶ
570 4246 851 4314 πλεονεξία
878 4249 978 4312 τὰς
1003 4249 1291 4320 μετιούσας
1322 4249 1489 4320 αὐτὴν
1520 4251 1718 4322 ψυχάς.
1746 4252 1870 4304 Ὅτι

197 4323 254 4376 δέ
281 4325 376 4377 καὶ
399 4326 550 4396 παρά
575 4327 645 4380 τά
668 4331 906 4398 μνημεῖα
935 4329 1094 4392 ζῶσι,
1125 4329 1379 4400 καθάπερ
1404 4333 1452 4383 οἰ
1481 4330 1865 4400 δαιμονῶντες,

203 4401 404 4470 μᾶλλον
426 4403 482 4457 δὲ
504 4405 597 4458 καὶ
645 4407 801 4460 αὐτοὶ
849 4408 1110 4478 μνήματά
1137 4410 1264 4472 είσι,
1304 4408 1463 4477 δῆλον
1491 4410 1761 4463 ἐντεῦθεν.
1798 4411 1865 4463 Τί

200 4481 310 4554 γάρ
347 4485 461 4536 ἐστι
485 4487 782 4555 μνημεῖον;
809 4486 990 4550 Λίθος,
1028 4487 1186 4557 σῶμα
1226 4487 1415 4558 νεκρὸν
1449 4487 1586 4558 ἔχων
1614 4489 1868 4559 ἐγκείμε-

199 4579 290 4614 νον
315 4561 382 4616 ⁶⁸.
423 4561 488 4616 Τί
537 4559 629 4616 οὖν
660 4564 882 4618 ἐκείνων
920 4565 1167 4637 διαφέρει
1212 4565 1320 4619 τῶν
1371 4565 1626 4620 λίθωντά
1658 4567 1865 4620 τούτων

202 4639 462 4711 σώματα,
501 4642 700 4713 μᾶλλον
728 4643 785 4696 δὲ
816 4644 908 4698 καὶ
936 4645 1161 4699 ἐκείνων
1181 4646 1534 4717 ἐλεεινότερα
1569 4646 1760 4701 ταῦτα.
1788 4647 1864 4700 Οὐ

201 4720 310 4792 γὰρ
335 4721 479 4786 λίθος
523 4723 642 4776 ἐστὶ
680 4723 838 4794 σῶμα
870 4725 1064 4795 νεκρὸν
1105 4725 1242 4796 έχων
1266 4769 1281 4793 ,
1337 4726 1472 4780 ἀλλὰ
1512 4725 1670 4796 σῶμα
1704 4727 1866 4780 λίθων

202 4799 652 4873 άναισθητότερον
677 4842 691 4864 ,
737 4801 916 4874 ψυχὴν
951 4805 1247 4875 περιφέρον
1278 4806 1496 4875 νεκράν.
1548 4805 1640 4858 Διὸ
1672 4807 1772 4859 οὐκ
1800 4806 1866 4859 ἄν

199 4895 286 4940 τις
337 4879 570 4951 ἁμάρτοι
597 4881 797 4949 τάφους
859 4882 1056 4946 αὐτοὺς
1089 4884 1421 4955 προσειπών.
1457 4887 1567 4938 Καὶ
1585 4884 1694 4957 γάρ
1717 4887 1811 4957 καὶ
1837 4888 1866 4939 6

202 4957 406 5029 Κύριος
434 4961 591 5032 ήμῶν
611 4959 783 5026 οὕτως
811 4963 1036 5016 ἐκάλεσε
1062 4966 1191 5028 τοὺς
1230 4963 1548 5028 Ἰουδαίους,
1593 4956 1680 5018 διά
1709 4956 1867 5018 τόῦτο

207 5039 440 5108 μάλιστα
458 5057 471 5072 ο
500 5043 744 5112 ἐπήγαγε
773 5042 903 5111 γοῦν
936 5045 979 5075 ⁶¹
1010 5043 1182 5113 λέγων
1201 5059 1215 5075 ⁶
1256 5046 1525 5100 Ἕσωθεν
1555 5045 1623 5098 δέ
1656 5045 1866 5114 γέμου-

204 5133 306 5172 σιν
342 5119 615 5188 ἁρπαγῆς
637 5121 734 5173 καί
759 5122 1135 5188 πλεονεξίας.
1174 5122 1436 5176 Βούλεσθε
1477 5123 1658 5176 λοιπὸν
1688 5123 1864 5190 δείξω,

203 5198 317 5273 πῶς
339 5199 433 5252 καὶ
451 5199 616 5262 λίθοις
640 5199 737 5260 τάς
759 5200 962 5253 ἐαυτῶν
983 5203 1379 5273 κατατέμνουσι
1401 5203 1640 5272 κεφαλάς
1659 5221 1672 5268 ;
1697 5203 1867 5257 Πόθεν

200 5272 294 5331 οὖν
327 5277 560 5348 πρῶτον,
597 5278 717 5330 εἰπέ
743 5295 852 5348 μοι,
879 5278 1038 5333 τοῦτο
1069 5272 1248 5350 βούλει
1286 5280 1478 5351 μαθεῖν
1510 5282 1590 5348 ⁶¹;
1619 5281 1727 5335 ἀπὸ
1755 5282 1865 5335 τῶν

201 5403 248 5436 u
287 5402 585 5473 φυλάξηται
614 5401 680 5458 G.
716 5405 783 5460 Κ.
811 5405 1108 5472 φυλάξεται
1133 5405 1200 5462 Η.
1241 5407 1312 5465 Μ.

200 5611 402 5700 ⁸³Ηαιε
446 5614 682 5700 τοῦτοοβ,
711 5629 922 5700 μηρορι
947 5611 1248 5700 μελλόντων
1294 5611 1642 5700 τείὶςὶιιηίᾨ.
1685 5611 1750 5675 Κξ

203 5683 502 5769 μέλλουσαν
523 5683 736 5756 ἡμέραν
948 5683 1201 5769 ’ᾼίιει-υηι
1227 5683 1388 5769 venit
1414 5689 1703 5769 Ιιιιειρτεε.

200 5755 328 5829 τους
351 5755 619 5829 τοιούτους
642 5755 752 5829 οιη.
771 5756 939 5829 κιαι..
976 5759 1091 5813 Mox
1119 5762 1379 5814 ἐπείνασα
1410 5771 1463 5815 et
1491 5755 1721 5829 ἐδίψησα
1747 5760 1881 5817 Edd.

1199 400 1268 456 ΙΝ
1305 401 1721 458 ΜΑΤΤΙΙᾸΞΟΜ
1762 403 1997 459 1103111..
2040 403 2273 462 LXXXI.
2317 411 2386 464 al.
2429 406 2688 464 LXXXII.

1390 5409 1436 5440 "
1459 5410 1672 5472 ἐαυτοῖς
1704 5408 1772 5463 Il.
1803 5409 1866 5463 L.
1885 5411 2084 5474 αὐτοὺς
2113 5408 2178 5465 Κ.
2214 5409 2284 5462 Μ.

274 5473 656 5550 ἀναισχυγτίας
694 5475 760 5530 G.
810 5475 873 5528 11.
939 5478 996 5550 _"’
1025 5476 1190 5550 οὕτω]
1223 5479 1312 5533 Sic
1359 5478 1455 5534 Ge.
1497 5489 1552 5550 et
1585 5481 1743 5534 codd.
1775 5475 1865 5533 οῦτ

1971 5473 2092 5535 de.

200 5546 248 5577 ⁶⁶
277 5542 368 5598 Sic
406 5542 470 5596 Κ.
495 5542 556 5596 L.
596 5546 731 5602 Mor.
772 5547 953 5601 caeteri
995 5542 1222 5616 σώματά
1269 5550 1479 5620 νεκρῶν
1513 5549 1652 5620 ἔχων
1695 5552 1865 5621 ἐγκειι

200 5617 247 5648 ⁸⁸
278 5611 402 5668 Haec
446 5614 603 5667 τοῦτο
633 5616 682 5676 β.
711 5634 767 5676 μ.
799 5629 922 5676 post
947 5617 1248 5676 μελλόντων
1294 5621 1548 5676 reiiciunl
1577 5621 1642 5675 G.
1685 5620 1750 5675 K.
1845 5623 1865 5653 ‘

1971 5570 2050 5604 ον.
2155 5551 2199 5582 ⁶¹
2223 5551 2353 5618 γοῦν

1971 5621 2054 5676 ςω1
2079 5622 2178 5675 ὃσα
2214 5621 2278 5676 Κ.
2315 5622 2353 5674 ι.

1845 5622 1890 5653 ⁸³
1922 5621 2054 5693 ὅσῳ]
2079 5622 2178 5675 ὃσα
2214 5621 2278 5676 Κ.
2315 5622 2375 5675 ι..
2481 5621 2526 5651 ⁸⁸
2547 5621 2657 5673 Καὶ
2685 5621 2753 5674 τὰ
2785 5621 2973 5690 μὲν....
2999 5621 3240 5688 ἡμέρας]
3271 5621 3428 5669 Κατὰ
3455 5621 3512 5668 δὲ
3537 5621 3610 5688 τὴ¹

1895 5692 1971 5765 μὴ
2002 5693 2338 5765 προσέχωσιν
2360 5690 2426 5746 G.
2461 5690 2529 5746 Μ.
2557 5690 3186 5765 111ι)1·.-ού-προσέχουτιν
3227 5689 3356 5765 δαν.
3381 5684 3511 5765 Ben.
3560 5693 3610 5765 ’ξ

1971 522 2239 588 ἐντεῦθεν,
2269 526 2300 595 ἥ
2337 526 2444 579 ἀπὸ
2473 523 2581 578 τῶν
2619 519 2919 592 μελλόντων
2945 535 2964 583 ;
3008 518 3169 573 ’Λλλά
3196 519 3306 572 τῶν
3340 520 3644 592 μελλόντων

1970 602 2151 667 αὐτοῖς
2187 605 2248 656 ού
2293 605 2460 667 πολὺς
2495 605 2522 656 6
2562 601 2718 668 λόγος
2745 615 2758 627 ’
2797 597 2992 653 οὐκοῦν
3037 598 3104 650 τά
3151 598 3385 653 ἐνταῦθα
3423 599 3637 671 ῥητέον.

1970 680 2157 732 Πόσων
2185 683 2294 752 γὰρ
2321 681 2482 734 λίθων
2520 681 2580 734 ού
2606 677 2984 751 χαλεπώτεραι
3011 679 3068 732 αί
3113 679 3413 748 φροντίδες,
3449 680 3510 732 οὐ
3545 697 3641 732 κε-

1969 759 2144 826 φαλάς
2164 759 2584 831 τιτρώσκουσαι,
2613 758 2751 811 ἀλλά
2771 757 2946 828 ψυχὴν
2973 757 3327 823 δαπανῶσαι;
3356 758 3640 811 Δεδοίκασι

1967 835 2095 906 γὰρ,
2129 839 2336 907 μήποτε
2363 838 2584 900 δικαίως
2613 839 2678 889 ἐκ
2697 837 2794 906 τῆς
2815 834 2995 888 αὐτῶν
3017 836 3192 899 οἰκίας
3214 835 3406 907 ἐξέλθῃ
3434 838 3502 889 τά
3529 837 3644 888 ἀδί-

1968 930 2079 976 κως
2107 915 2486 968 ἐπεισελθόντα
2506 932 2518 944 ·
2553 915 2851 985 τρέμουσιν
2885 915 3025 984 ὑπὲρ
3050 914 3157 968 τῶν
3191 916 3457 984 ἐσχάτων,
3489 913 3643 984 ὀργί-

1969 991 2170 1060 ζονται,
2225 995 2640 1066 παροξύνονται,
2679 993 2817 1063 πρὸς
2849 993 3103 1058 οἰκείους,
3127 994 3264 1064 πρὸς
3289 993 3638 1064 ἀλλοτρίους·

1967 1073 2063 1124 καὶ
2089 1072 2180 1126 νῦν
2220 1076 2316 1144 μὲν
2357 1074 2585 1144 ἀθυμία.
2613 1072 2709 1124 νῦν
2738 1072 2795 1124 δὲ
2819 1072 3002 1140 φόϐος,
3032 1073 3127 1126 νῦν
3160 1072 3216 1126 δὲ
3241 1073 3407 1144 θυμὸς
3445 1074 3642 1134 αὐτοὺς

1968 1150 2288 1222 διαδέχεται,
2323 1155 2415 1206 καὶ⁵
2459 1151 2710 1222 καθάπερ
2745 1153 3028 1222 κρημνοὺς
3075 1149 3185 1204 ἀπὸ
3228 1151 3492 1222 κρημνῶν
3527 1150 3641 1203 δια-

1969 1230 2265 1296 ϐαίνοντες,
2294 1234 2386 1285 καὶ
2411 1231 2476 1284 τά
2503 1231 2726 1302 μηδέπω
2752 1229 3024 1298 κτηθέντα
3049 1231 3172 1283 καθ’
3205 1231 3442 1300 ἑκάστην
3468 1247 3643 1299 καραι-

1967 1309 2184 1362 δοκοῦσι
2206 1310 2302 1381 τὴν
2321 1310 2550 1381 ἡμέραν.
2571 1309 2772 1379 Διόπερ
2791 1309 2913 1361 οὐδὲ
2935 1309 3154 1379 ἥδονται
3178 1310 3320 1381 ὑπὲρ
3337 1305 3411 1363 ὦν
3433 1309 3641 1380 ἐχουσι,

1967 1388 2045 1457 τῷ
2073 1406 2132 1441 τε
2163 1390 2235 1461 μὴ
2261 1391 2482 1460 θαρρεῖν
2512 1389 2653 1459 ὺπέρ
2677 1387 2776 1457 τῆς
2795 1387 3092 1455 ἀσφαλείας
3125 1388 3325 1452 αὐτῶν,
3361 1389 3438 1458 τῷ
3462 1405 3522 1441 τε
3544 1388 3646 1460 ὅλῃ

1967 1471 2032 1537 τῇ
2069 1469 2277 1539 διανοίᾳ
2322 1470 2458 1540 πρὸς
2498 1469 2566 1522 τὰ
2610 1468 2834 1539 μηδέπω
2876 1467 3152 1538 ληφθέντα
3196 1469 3503 1539 κεχηνέναι.
3532 1467 3645 1534 Καὶ

1967 1546 2218 1616 καθάπερ
2243 1549 2272 1599 6
2315 1546 2578 1616 διηνεκῶς
2625 1545 2817 1614 διψῶν,
2867 1545 2969 1599 κᾶν
3007 1547 3208 1618 μυρίας
3237 1547 3404 1620 ἐκπίῃ
3437 1549 3642 1618 πηγὰς,

1969 1625 2067 1677 οὐκ
2102 1625 2418 1678 αἰσθάνεται
2443 1625 2544 1696 τῆς
2569 1625 2785 1695 ἡδονῆς,
2813 1625 2900 1678 διὰ
2928 1625 2990 1678 16
3019 1626 3095 1696 μὴ
3127 1626 3427 1696 λαμϐάνειν
3456 1627 3640 1698 κόρον’

1970 1702 2113 1757 οὕτω
2134 1704 2228 1756 καὶ
2259 1699 2426 1771 οῦτοι,
2451 1707 2512 1758 οὺ
2551 1705 2708 1774 μόνον
2738 1705 2836 1774 οὐχ
2868 1705 3112 1774 ἥδονται,
3144 1705 3280 1758 ἀλλά
3304 1708 3395 1759 καὶ
3424 1705 3646 1775 βασανί-

1972 1781 2174 1846 ζονται,
2210 1783 2319 1852 ὅσῳ
2340 1783 2385 1814 ⁸³
2420 1783 2486 1836 ἂν
2531 1782 2988 1852 περιϐάλλωνται,
3012 1783 3091 1852 τῷ
3117 1784 3285 1854 μηδὲν
3321 1783 3520 1837 ειδέναι
3549 1783 3646 1836 πέο

1972 1877 2072 1931 ρας
2096 1860 2196 1930 τῆς
2219 1860 2474 1932 τοιαύτης
2495 1863 2811 1932 ἐπιθυμίας.
2843 1863 2952 1914 Καὶ
2978 1861 3048 1916 τά
3076 1863 3174 1933 μὲν
3204 1863 3439 1917 ἐνταῦθα
3460 1861 3646 1915 τοιαῦ-

1969 1955 2036 1991 τα
2059 1955 2073 1968 ο
2110 1940 2353 2010 εἴπωμεν
2380 1941 2437 1995 δὲ
2476 1941 2726 2012 καὶπερὶ
2761 1941 2864 2011 τῆς
2901 1940 3204 2013 μελλούσης
3231 1942 3446 2012 ἡμέρας
3476 1943 3542 1996 ⁸⁸.
3582 1941 3645 1993 Εἰ

1969 2017 2078 2088 γὰρ
2108 2019 2199 2070 καὶ
2229 2019 2383 2072 αὐτοὶ
2413 2019 2489 2090 μὴ
2519 2021 2881 2090 προσέχουσιν
2913 2020 2978 2084 ⁸³,
3007 2019 3123 2074 ἀλλ’
3175 2022 3310 2091 ἡμῖν
3347 2023 3646 2090 ἀναγκαῖον

1970 2100 2162 2150 εἰπεῖν.
2189 2099 2343 2152 Κατά
2367 2100 2467 2168 τὴν
2501 2099 2801 2169 μέλλουσαν
2835 2094 2928 2152 οὖν
2950 2100 3163 2169 ἡμέραν
3187 2099 3461 2170 πανταχοῦ
3485 2099 3644 2153 κολα-

1969 2174 2230 2246 ζομένους
2265 2178 2363 2230 ῖδοι
2416 2194 2501 2241 τις
2554 2177 2620 2230 ἂν
2663 2180 2790 2240 τοὺς
2836 2178 3114 2241 τοιούτους
3155 2178 3222 2231 ⁸⁸.
3256 2179 3365 2231 Καὶ
3389 2179 3499 2249 γάρ
3517 2179 3646 2231 ὅταν

1969 2253 2124 2326 λέγῃ,
2155 2255 2462 2319 Ἐπείνων,
2482 2255 2579 2309 καὶ
2597 2258 2710 2309 οὐκ
2729 2255 2988 2310 ἐδώκατέ
3007 2274 3107 2325 μοι
3127 2257 3343 2326 φαγεῖν
3361 2273 3376 2288 ’
3392 2257 3644 2325 ἐδίψων,

1969 2331 2068 2384 καί
2092 2334 2199 2386 οὐκ
2229 2333 2552 2386 ἐποτίσατέ
2565 2350 2662 2403 με,
2686 2333 2912 2398 τούτους
2945 2333 3162 2398 κολάζει
3185 2351 3198 2365 ·
3223 2335 3318 2388 καὶ
3343 2335 3472 2388 ὅταν
3487 2335 3645 2406 λέγῃ.

1969 2413 2303 2479 Πορεύεσθε
2323 2415 2409 2478 εἰς
2424 2413 2488 2465 τὸ
2525 2412 2644 2479 πῦρ
2669 2413 2738 2466 τὸ
2765 2413 3004 2466 αἰώνιον
3033 2413 3075 2445 ⁸⁷
3105 2414 3174 2467 τὸ
3201 2414 3648 2482 ἡτοιμασμένον

1968 2489 2049 2554 τῷ
2068 2489 2343 2557 διαϐόλῳ,
2369 2491 2495 2554 τοὺς
2518 2491 2704 2555 κακῶς
2729 2491 3090 2556 πλουτοῦντας
3115 2495 3233 2545 ἐκεῖ
3257 2493 3643 2564 παραπέμπει.

1969 2569 2082 2621 Καὶ
2104 2569 2132 2620 6
2161 2568 2345 2632 δοῦλος
2365 2572 2394 2623 ὀ
2427 2569 2682 2641 πονηρὸς,
2716 2571 2744 2622 6
2786 2571 2860 2642 μὴ
2898 2571 3074 2634 διδοὺς
3102 2574 3214 2634 τοῖς
3239 2570 3543 2636 συνδούλοις
3576 2573 3647 2626 τὰ

1968 2645 2280 2718 ὑπάρχοντα
2304 2649 2372 2701 τὰ
2401 2649 2719 2714 δεσποτικὰ,
2753 2650 2862 2718 τῆς
2896 2648 3100 2702 τούτων
3130 2650 3349 2719 μερίδος
3370 2650 3487 2702 ἐστί
3510 2671 3524 2684 ·
3551 2652 3647 2704 καὶ

1967 2729 1997 2778 6
2034 2727 2099 2779 16
2125 2726 2387 2781 τάλαντον
2424 2726 2749 2799 κατορύξας,
2789 2727 2883 2780 καὶ
2915 2729 2970 2780 αί
3008 2728 3170 2781 πέντε
3217 2727 3496 2798 παρθένοι.
3534 2731 3648 2782 Καὶ

1967 2803 2102 2858 ὅπου
2155 2805 2200 2857 6‘
2229 2806 2297 2860 ἂν
2334 2805 2575 2878 ἀπέλθῃς
2602 2847 2616 2872 ,
2657 2807 2783 2868 τοὺς
2831 2806 3200 2878 φιλαργύρους
3245 2809 3646 2879 κολαζομένους

1967 2883 2109 2953 ὕψει.
2163 2885 2274 2939 Καὶ
2326 2884 2422 2939 νῦν
2469 2886 2569 2957 μὲν
2617 2885 2962 2954 ἀκούσονται,
3010 2887 3167 2954 Χάος
3191 2888 3322 2942 ἐστὶ
3348 2889 3394 2921 ⁸⁸
3415 2891 3647 2958 μεταξὺ

1967 2963 2138 3033 ήμῶν
2165 2965 2266 3018 καί
2291 2965 2462 3035 ὑμῶν
2481 2983 2496 2998 ο
2532 2967 2627 3019 νῦν
2659 2966 2737 3031 δὲ,
2768 2968 3101 3036 Πορεύεσθε
3138 2968 3240 3024 ἀπ’
3283 2968 3430 3039 ἐμοῦ
3463 2971 3551 3036 είς
3577 2970 3648 3024 τὸ

1969 3043 2091 3113 πῦρ
2108 3043 2175 3097 τὸ
2205 3045 2650 3115 ἡτοιμασμένον
2684 3047 2760 3078 ⁸⁸·
2804 3047 2900 3100 καλ⁵
2936 3047 3032 3101 νῦν
3058 3048 3156 3118 μὲν
3198 3048 3647 3121 διχοτομηθέντες

1970 3123 2361 3178 ἀπελεύσονται
2394 3125 2522 3178 ἔνθα
2553 3128 2581 3179 6
2620 3125 2865 3196 βρυγμὸς
2885 3127 2991 3180 τῶν
3016 3127 3274 3181 ὀδόντων·
3322 3129 3416 3181 καὶ
3445 3129 3645 3182 πάντο-

1974 3202 2065 3257 θεν
2092 3205 2290 3269 αύτοὺς
2311 3205 2702 3276 ἐλαυνομένους
2728 3207 2824 3259 ῐδοι
2847 3225 2930 3270 τις
2948 3207 3035 3270 ἀν,
3064 3208 3158 3261 καὶ
3191 3207 3429 3280 οὐδαμοῦ
3459 3209 3646 3280 χώραν

1973 3281 2218 3354 ἔχοντας,
2253 3283 2369 3337 ἀλλ’
2401 3287 2481 3348 εἰς
2512 3284 2611 3356 τὴν
2639 3285 2862 3353 γέενναν
2895 3287 3063 3358 μόνην
3093 3289 3515 3358 συναγομένους.

2043 3362 2104 3418 ε’.
2139 3365 2204 3418 Τί
2223 3365 2402 3418 τοίνυν
2420 3365 2520 3436 τῆς
2545 3366 2716 3438 ὀρθῆς
2744 3369 2875 3437 ἡμῖν
2895 3367 3130 3431 πίστεως
3155 3367 3344 3436 ὄφελος
3364 3370 3444 3431 εἰς
3471 3385 3647 3440 σωτη-

1974 3445 2116 3516 ρίαν,
2138 3445 2267 3499 ὂταν
2290 3443 2441 3517 [780]
2464 3445 2635 3500 ταῦτα
2657 3447 3010 3518 ἀκούσωμεν;
3055 3448 3201 3501 Ἐκεῖ
3219 3449 3247 3500 6
3270 3446 3514 3519 βρυγμὸς
3535 3450 3646 3502 τῶν

1970 3526 2217 3590 ὀδόντων,
2243 3527 2338 3581 καὶ
2376 3527 2565 3591 σκότος
2598 3527 2860 3599 ἐξώτερον
2885 3569 2900 3593 ,
2942 3529 3037 3582 καὶ
3071 3529 3184 3600 πῦρ
3237 3531 3298 3581 16
3332 3532 3376 3562 ⁷⁰
3411 3533 3644 3600 ήτοιμαο

1975 3605 2171 3674 σμένον
2191 3605 2268 3677 τῷ
2293 3606 2545 3676 διαϐόλῳ,
2577 3609 2672 3660 καὶ
2693 3609 2752 3660 16
2771 3609 3190 3679 διχοτομεῖσθαι,
3214 3610 3307 3662 καὶ
3331 3610 3394 3662 16
3425 3610 3645 3663 ἐλαύνε-

1975 3684 2132 3736 σθαι·
2161 3685 2395 3739 ἐνταῦθα
2420 3686 2726 3756 ἀπέχθειαι,
2764 3689 3117 3760 κακηγορίαι,
3150 3688 3392 3742 διαϐολαὶ
3413 3727 3427 3753 ,
3463 3690 3644 3744 κίνδυ-

1971 3781 2073 3829 νοι,
2093 3765 2390 3834 φροντίδες,
2415 3765 2719 3827 ἐπιϐουλαὶ.
2745 3768 2807 3820 τὸ
2828 3769 2976 3838 παρὰ
3016 3767 3230 3820 πάντων
3255 3767 3552 3838 μισεῖσθαι,
3584 3766 3651 3824 16

1973 3845 2124 3915 παρά
2161 3844 2377 3898 πάντων
2411 3843 2790 3914 βδελύττεσθαι
2811 3849 2878 3911 ⁷⁸,
2911 3848 3005 3900 καὶ
3033 3848 3160 3916 παρ’
3194 3847 3373 3900 αὐτῶν
3419 3847 3528 3899 τῶν
3555 3849 3643 3901 60-

1973 3923 2212 3977 κούντων
2249 3923 2585 3978 κολακεύειν.
2636 3926 2846 4000 Ὥσπερ
2888 3926 2998 3998 γὰρ
3031 3929 3159 3991 τοὺς
3201 3925 3440 3994 ἀγαθοὺς
3472 3928 3566 3998 ούχ
3596 3931 3648 3983 οἰ

1972 4001 2168 4070 ἀγαθοὶ
2199 4004 2379 4074 μόνον,
2414 4003 2551 4058 ἀλλὰ
2577 4005 2671 4058 καὶ
2717 4007 2766 4058 οι
2801 4005 3028 4077 πονηροὶ
3061 4005 3430 4076 θαυμάζουσιν
3453 4048 3467 4073 ,
3501 4007 3649 4061 οὕτω

1971 4084 2099 4146 τοὺς
2129 4085 2330 4146 κακοὺς
2362 4084 2407 4114 τί
2442 4084 2539 4154 οὐχ
2573 4085 2622 4137 οἰ
2659 4085 2885 4155 χρηστοὶ
2917 4085 3098 4156 μόνον,
3141 4085 3280 4139 ἀλλὰ
3304 4087 3398 4140 καὶ
3422 4089 3471 4139 οἱ
3503 4087 3645 4156 φαῦ-

1972 4162 2054 4216 λοι
2083 4163 2321 4234 μισοῦσι.
2353 4165 2464 4217 Καὶ⁵
2495 4165 2576 4217 ὃτι
2606 4165 2765 4218 τοῦτό
2785 4167 2934 4219 ἐστιν
2966 4165 3186 4235 ἀληθὲς,
3222 4167 3347 4229 τοὺς
3378 4167 3643 4238 φιλαργύ-

1978 4259 2102 4313 ρους
2148 4242 2317 4314 ήδέως
2373 4243 2438 4296 ἂν
2472 4243 2719 4316 ἐροίμην,
2769 4247 2818 4297 εἰ
2872 4244 2947 4316 μὴ
2978 4245 3114 4315 πρὸς
3151 4244 3412 4316 ἀλλήλους
3461 4247 3646 4318 ἀηδῶς

1973 4323 2155 4393 έχουσι
2183 4323 2249 4389 ’³,
2279 4324 2375 4375 καὶ
2405 4321 2514 4377 τῶν
2562 4323 2632 4376 τὰ
2669 4323 2900 4393 μέγιστα
2933 4325 3271 4394 ἠδικηκότων
3313 4324 3645 4394 πολεμιωτέ-

1977 4419 2100 4472 ρους
2131 4397 2271 4455 εἶναι
2297 4402 2628 4472 νομίζουσιν,
2665 4406 2714 4456 εἰ
2749 4404 2822 4474 μὴ
2850 4404 2944 4458 καὶ
2969 4403 3179 4457 ἐαυτῶν
3219 4405 3638 4475 κατηγοροῦσιν,

1972 4483 2020 4534 εί
2045 4482 2119 4553 μὴ
2155 4480 2311 4555 ὓϐριν
2357 4483 2417 4535 16
2448 4483 2680 4554 πρᾶγμά
2709 4501 2894 4552 φασιν,
2934 4485 3059 4537 ὅταν
3087 4501 3168 4546 τις
3201 4485 3386 4549 αὐτοῖς
3407 4483 3565 4536 τοῦτο
3595 4485 3645 4516 ’δ

1971 4562 2312 4635 προσενέγκῃ
2341 4562 2404 4614 16
2442 4562 2661 4626 ὄνειδος.
2711 4563 2822 4616 Καὶ
2843 4564 2950 4634 γὰρ
2980 4563 3180 4626 ὄνειδος
3207 4562 3432 4632 ἔσχατον
3461 4563 3638 4631 τοῦτο,

1972 4641 2064 4693 καὶ
2097 4640 2295 4712 πολλῆς
2340 4642 2539 4705 κακίας
2579 4642 2875 4709 ἀπόδειξις.
2910 4643 2972 4694 Εἰ
3003 4642 3112 4710 γὰρ
3147 4641 3448 4712 χρημάτων
3473 4643 3642 4714 ὑπερ-

1973 4721 2096 4774 ιδεῖν
2119 4722 2218 4774 οὐκ
2245 4723 2434 4796 ἀνέχῃ,
2468 4723 2614 4785 τίνος
2643 4723 2873 4794 περιέσῃ
2900 4723 3032 4775 ποτέ
3070 4723 3152 4788 ⁷⁵;
3202 4721 3518 4791 ἐπιθυμίας,
3550 4721 3641 4774 καὶ

1968 4801 2310 4871 δοξομανίας,
2335 4805 2430 4854 καὶ
2461 4801 2656 4873 θυμοῦ,
2695 4803 2791 4856 καὶ
2812 4802 2982 4873 ὀργῆς
3007 4817 3020 4867 ;
3049 4801 3157 4854 Καὶ
3182 4799 3300 4863 πῶς
3325 4800 3390 4854 ἄν
3413 4817 3494 4854 τις
3523 4817 3642 4852 πει-

1971 4879 2122 4951 σθείη
2152 4897 2166 4945 ;
2209 4881 2532 4951 Ἐπιθυμίας
2574 4880 2678 4951 μέν
2711 4881 2821 4952 γὰρ
2849 4881 3034 4933 ἕνεκεν
3081 4881 3179 4950 τῆς
3205 4879 3314 4931 τῶν
3350 4879 3639 4950 σωμάτων,

1970 4962 2064 5013 καὶ
2087 4961 2259 5031 ὀργῆς
2288 4962 2383 5015 καὶ
2409 4961 2606 5032 θυμοῦ,
2653 4960 2839 5013 πολλοὶ
2874 4960 2970 5011 καὶ
3000 4961 3068 5030 τῇ
3098 4958 3196 5028 τῆς
3242 4957 3442 5026 σαρκὸς
3473 4974 3643 5010 κατα-

1972 5045 2140 5113 σκευῇ
2171 5043 2218 5073 ⁷⁶
2269 5042 2612 5110 λογίζονται,
2673 5043 2766 5094 καὶ
2812 5040 2910 5102 τὰς
2950 5038 3257 5109 ὑπερϐολάς
3291 5038 3640 5090 ἀνατιθέασιν

1972 5125 2173 5195 ἰατρῶν
2218 5125 2406 5186 παῖδες
2427 5138 2440 5151 ⁸
2469 5125 2563 5176 καὶ⁵
2597 5122 2689 5174 16v
2740 5123 2836 5193 μὲν
2878 5120 3204 5191 θερμότερον
3228 5121 3323 5174 καὶ
3347 5120 3641 5190 ὑγρότερον

1966 5205 2286 5274 λαγνότερον
2313 5199 2452 5255 εἷναί
2477 5219 2630 5271 φασι,
2653 5202 2743 5254 τὸν
2769 5202 2827 5254 δὲ
2856 5201 2992 5270 πρὸς
3017 5199 3078 5269 ξη
3089 5199 3315 5270 ροτέραν
3337 5199 3642 5252 ἐκπεσόντα

1965 5283 2319 5357 δυσκρασίαν,
2353 5282 2617 5354 ὀρμητίαν
2646 5283 2740 5336 καὶ
2771 5279 3064 5353 ἀκρόχολον
3091 5280 3186 5334 καὶ
3220 5277 3469 5384 θυμώδηὲ
3508 5278 3638 5331 εἶιιλ-

2393 5409 2439 5442 ⁵⁸
2470 5411 2526 5463 αἰ
2602 5407 2662 5462 ύν
2707 5427 2734 5472 ς
2770 5408 2836 5462 Κ.
2867 5424 2920 5479 p.
2960 5423 3016 5477 p.
3049 5405 3188 5461 ἀλλά
3217 5403 3282 5458 16
3307 5403 3384 5456 σῶ
3429 5421 3465 5456 α
3493 5397 3636 5462 Edd.

2393 5479 2507 5527 γοὺν
2755 5478 2828 5527 Μ-
2932 5479 2977 5511 ⁸⁸
3012 5477 3333 5527 γυιινόττιτα
3454 5473 3520 5527 11.
3561 5475 3634 5527 Μ.

2194 5481 2242 5513 ⁸⁸
2281 5479 2507 5550 αίσχρὺν
2562 5475 2628 5534 (1.
2664 5475 2728 5533 11.
2755 5478 2828 5534 Μ.
2867 5475 2885 5479 ⁷
2932 5475 2977 5511 ⁸⁵
3012 5477 3333 5546 γυμνότητα
3360 5475 3424 5530 G.
3561 5475 3634 5530 Μ.

2155 5551 2199 5582 ⁶¹
2223 5551 2355 5618 γοῦν
2385 5567 2496 5605 om.
2534 5549 2661 5604 Sav.
2690 5550 2799 5604 Nos
2825 5549 3237 5618 distinctione"!
3268 5561 3632 5618 ςερττοκιιηιιε.

2481 5620 2526 5651 ⁸⁸
2547 5621 2657 5673 Καὶ
2685 5621 2753 5674 τὰ
2785 5621 2973 5690 μὲν....
2999 5614 3428 5698 ήμέρας]ιΚατά
3455 5615 3512 5668 δὲ
3537 5615 3639 5688 τὴν

2481 5690 2506 5718 ,ι
2561 5690 2670 5718 nn-
2732 5691 2789 5718 -.ι
2827 5690 3186 5718 -..ηληληηυ
3227 5693 3333 5718 κου
3382 5684 3488 5718 nm.
3589 5688 3636 5718 ιο

3250 5689 3258 5698 ι

1994 5754 2132 5816 ⁴⁵¹¹’τὸ
2174 5754 2394 5817 αἰώνιον
2440 5778 2553 5815 om.
2595 5760 2660 5816 Κ.
2699 5760 2763 5815 L.
2802 5754 2939 5815 Mdr.
3000 5754 3090 5790 ""
3119 5757 3272 5810 ἔσται
3317 5755 3382 5810 (ἶ.
3445 5755 3510 5810 Η.
3560 5754 3634 5810 Μ·

203 5827 253 5911 δῖ
280 5825 712 5911 ἡτοιμασμένον1
727 5828 817 5882 Sic
851 5828 1190 5911 (ἶφι-αἰώνιον
1214 5831 1288 5911 L_._
1305 5830 1497 5911 61:16}
1523 5825 1756 5911 διαϐόλῳ
1787 5831 1850 5886 Η.
1881 5832 2098 5911 αίῶνιον
2133 5834 2196 5911 16
2223 5835 2310 5902 ήτ.
2345 5832 2422 5902 τῷ
2453 5832 2501 5885 δ.
2533 5830 2595 5886 Κ.
2671 5834 2716 5911 '_'°
2755 5830 2865 5911 πῦρ
2895 5829 2980 5904 τὸ]
3011 5828 3123 5911 πῦρ
3147 5826 3207 5880 L.
3237 5825 3298 5879 16
3329 5825 3442 5911 πῦρ
3469 5825 3534 5911 :6

204 5895 265 5950 16
300 5903 426 5949 ante
460 5894 772 5951 ἐλαύνεσθαι
804 5914 914 5953 om.
948 5899 1012 5954 G.
1047 5899 1112 5956 H.
1144 5900 1208 5955 Κ.
1240 5894 1339 5955 Μ.’
1387 5903 1433 5935 τί
1455 5894 1581 5958 Ηευε
1605 5903 1667 5956 16
1696 5894 1755 5956 τε.
1788 5920 1846 5956 π.

205 5966 266 6021 Κ.
305 5964 374 6018 Μ.
474 5966 521 5997 ⁷³
541 5964 704 6021 ἔγωσι
734 5978 782 6021 el
817 5969 1108 6021 νομίζωσιν
1140 5971 1205 6021 G.
1248 5971 1369 6021 Mox
1395 5974 1772 6021 κατηγορῶσιν
1800 5973 1839 6021 (ἶ

205 6034 358 6108 ποτὲ]
384 6034 585 6095 λοιπιόν
613 6061 739 6099 ποτε
765 6034 898 6099 ΕιΙιΙΖ

1885 5903 2262 5974 βδελύττεσθαι
2290 5919 2396 5956 mm
2426 5913 2644 5974 exstant
2672 5903 2724 5958 in
2755 5905 2908 5957 meis.

474 5966 521 5997 ⁷³
541 5964 704 6044 ἔχωσι
734 5978 782 6022 el
817 5969 1108 6044 νομίζωσιν
1140 5971 1205 6026 G.
1247 5971 1369 6028 Mox
1395 5974 1772 6044 κατηγορῶσιν
1800 5973 1862 6028 G.
1885 5964 1959 6028 'K.
2005 5974 2075 6027 Μ.
2111 5974 2576 6044 κατηγορήσουσιν
2603 5973 2661 6028 1...

979 6043 1022 6073 ⁷⁶
1048 6043 1141 6112 τήν
1171 6059 1220 6097 τ.
1249 6060 1298 6100 σ.
1331 6043 1675 6116 κατασκευήν
1701 6045 1764 6100 G.
1794 6060 1845 6114 p.
1874 6061 1926 6116 p.
1957 6043 2331 6100 ἀντιτιθέασιν
2349 6046 2510 6099 idem.

3023 5902 3070 5934 ⁷⁸
3095 5896 3440 5967 κακουργοὺς
3467 5896 3530 5953 G.
3549 5897 3629 5967 11.

2777 5974 2826 6006 ⁷⁸
2856 5972 3013 6026 τοῦτο
3039 5971 3190 6028 deest
3220 5965 3434 6022 in‘Edd.
3545 5966 3596 6000 "
