4130 6374
245 319 341 374 737

246 433 490 487 medicis.
513 430 605 486 Sic
630 446 695 487 ex
728 431 942 501 ignavia
967 439 1172 485 tantum
1199 442 1253 485 et
1280 432 1443 486 animi
1470 440 1689 501 stupore
1716 431 1830 487 ha'c

243 523 503 594 aegritudo
548 524 805 578 nascitur.
835 523 1193 589 Quamobrem
1242 538 1450 593 precor,
1491 523 1605 578 lnec
1650 526 1828 577 omnia

243 614 614 681 emendemus,
637 621 972 684 cteterosque
994 614 1155 668 animi
1185 615 1402 669 morbos
1425 616 1512 683 qui
1535 615 1827 669 secundum

241 716 454 762 a:tatem
477 708 750 772 accidunt,
774 707 824 761 in
850 708 1175 761 contrarium
1198 707 1603 763 transferamus.
1623 708 1679 763 Si
1702 723 1830 763 vero

242 814 336 868 per
381 799 618 870 singulas
656 799 777 854 vita:
819 811 997 869 partes
1029 798 1329 869 navigando
1370 801 1582 853 virtutis
1614 798 1828 854 labores

242 891 560 957 devitemus,
591 901 645 945 et
670 890 865 959 ubique
896 889 1171 961 naufragia
1204 889 1480 956 facientes,
1508 890 1576 944 ad
1615 900 1826 961 portum

241 984 572 1054 appellamus
623 983 878 1037 sarcinis‘
930 983 1298 1052 spiritualibus
1354 983 1539 1048 vacui,
1586 992 1827 1038 extrema

246 1079 532 1148 patiemur.
579 1076 825 1131 Praesens
852 1075 1049 1146 quippe
1074 1077 1179 1129 vita
1212 1076 1433 1145 pelagus
1455 1085 1539 1130 est
1565 1075 1819 1145 amplum.

239 1170 304 1224 Et
334 1171 473 1224 sicut
517 1170 569 1224 in
601 1169 703 1225 hoc
748 1170 882 1224 mari
922 1169 1054 1224 varii
1100 1179 1225 1223 sunt
1268 1170 1437 1227 sinus.
1466 1169 1555 1238 qui
1584 1168 1824 1223 diversas

239 1261 436 1317 habent
473 1270 851 1331 tempestates:
879 1259 1227 1332 Egaeumque
1254 1276 1403 1316 mare
1434 1279 1459 1313 a
1494 1260 1666 1316 ventis
1696 1261 1829 1316 infe-

242 1364 443 1419 statur;
475 1354 812 1426 Tyrrhenum
844 1355 1055 1418 fretum,
1077 1365 1357 1425 angustum
1388 1366 1498 1417 est;
1527 1353 1827 1425 Charybdis

242 1462 389 1513 vero,
408 1463 527 1518 quae
545 1456 629 1504 est
652 1447 796 1502 circa
818 1446 1040 1518 Lybiam
1071 1447 1141 1502 ob
1171 1448 1349 1502 brevia
1381 1447 1617 1516 pericula
1637 1446 1821 1508 oll‘ert;

241 1537 523 1607 Propontis
566 1548 716 1593 extra
758 1538 1311 1604 Euxinum-Pontum,
1356 1544 1427 1592 ob
1474 1538 1727 1606 impetum
1763 1546 1827 1609 et

240 1631 629 1687 vehementiam
667 1648 849 1702 aquai;
892 1648 1012 1702 qua:
1041 1642 1198 1688 extra
1219 1631 1415 1695 Gades,
1438 1631 1583 1701 quod
1608 1632 1826 1701 pelagus

239 1722 366 1777 illud
413 1723 484 1777 sit
512 1722 966 1791 infrequentatum
1006 1730 1063 1778 et
1107 1723 1367 1793 ignotum,
1394 1723 1620 1792 aliaeque
1663 1723 1825 1777 maris

239 1822 419 1881 partes
447 1813 517 1867 ob
545 1813 679 1868 alias
707 1828 899 1868 causas
928 1829 944 1867 :
988 1813 1069 1869 sic
1095 1823 1149 1869 et
1178 1814 1230 1869 in
1254 1814 1362 1869 vita
1400 1823 1583 1869 nostra
1610 1814 1821 1868 accidit.

238 1905 582 1975 Primumque
607 1906 828 1977 pelagus
855 1916 939 1961 est
960 1907 1182 1976 puerilis
1210 1915 1361 1971 tetas,
1394 1922 1516 1977 quas
1547 1907 1723 1962 multis
1743 1917 1824 1962 est

238 1997 641 2065 tempestatibus
667 1997 915 2062 obnoxia,
945 1997 1015 2052 ob
1058 1998 1493 2067 imprudentiam,
1518 1998 1821 2053 facilitatem

236 2089 477 2153 nimiam,
504 2104 799 2158 parumque
832 2089 990 2143 fixam
1022 2089 1275 2144 indolem.
1314 2089 1546 2159 Ideoque
1576 2090 1822 2159 paedago-

236 2196 332 2249 gos
351 2189 405 2235 et
429 2180 691 2235 doctores“
721 2180 901 2249 pueris
931 2181 1235 2247 statuimus,
1264 2181 1355 2250 qui
1384 2180 1436 2234 id
1463 2181 1603 2248 quod
1646 2180 1697 2233 in
1724 2196 1822 2234 na-

237 2283 350 2328 tura
383 2273 563 2328 delicit
589 2273 893 2343 suppleant,
919 2281 977 2326 ut
1004 2272 1055 2325 in
1088 2274 1218 2326 mari
1242 2287 1336 2343 per
1360 2281 1530 2326 artem
1556 2271 1825 2341 guberna-

236 2366 449 2420 toriam.
480 2366 606 2420 Post
635 2365 773 2419 hanc
799 2374 1012 2419 (etatem
1044 2364 1423 2419 adolescentia:
1453 2379 1604 2417 mare
1632 2377 1821 2418 succe-

233 2457 333 2525 dit,
363 2458 450 2512 ubi
480 2457 627 2512 venti
656 2458 1023 2519 vehementes,
1052 2464 1110 2509 ut
1153 2455 1205 2509 in
1251 2452 1440 2523 1Eng
1482 2453 1638 2520 mari,
1666 2463 1821 2508 aucta

232 2565 427 2621 nempe
469 2548 924 2619 concupiscentia.
968 2546 1028 2603 In
1074 2547 1174 2602 hac
1212 2547 1443 2601 maxime
1486 2553 1647 2601 tetate
1685 2559 1822 2600 rarae

296 2747 313 2778 ⁸
340 2745 396 2795 In
423 2743 584 2795 more].
610 2756 706 2795 non
729 2743 913 2808 legitur
936 2755 1049 2803 vox,

1169 314 1231 370 IN
1271 315 1677 373 ΜᾹΤΪΠᾸΕΙΙΜ
1711 317 1946 375 ΙΙΟΜΙῙ..
1980 318 2242 375 LXXXII.
2286 324 2356 376 al.
2401 322 2679 378 LXXXIII.

3414 326 3519 379 75$

1934 445 2051 487 sunt
2083 436 2519 501 emendationes;
2553 454 2657 490 non
2689 434 2847 492 modo
2863 437 3002 507 quod
3037 437 3126 492 illa
3153 438 3525 498 vehementius

1934 529 2267 598 exagitetur;
2300 529 2392 583 sed
2415 530 2555 600 quod
2584 540 2799 600 peccata
2825 547 2929 585 non
2952 542 3367 597 redarguantur;
3400 544 3527 590 tunc

1934 618 2075 672 enim
2106 619 2293 673 doctor
2319 629 2373 674 et
2401 620 2720 690 pedagogos
2754 621 3154 675 abscesserunt.
3181 623 3313 676 Cum
3347 624 3526 694 itaque

1932 711 2081 765 venti
2110 711 2482 767 vehementius
2513 713 2725 777 reﬂant,
2759 715 2802 767 si
2831 714 3157 784 gubernator
3182 718 3251 770 sit
3281 718 3522 773 imbecil-

1933 802 2059 869 lior,
2078 818 2344 872 nemoque
2374 804 2443 859 sit
2464 806 2553 875 qui
2577 806 2871 859 subsidium
2902 807 3109 872 afferat,
3128 809 3300 877 cogita
3328 820 3521 879 quanta

1932 896 2003 949 sit
2036 897 2370 964 tempestatis
2399 898 2730 967 magnitudo.
2755 897 2889 951 Iluic
2918 898 3157 953 succedit
3182 900 3345 954 altera
3369 910 3522 966 tetas,

1931 1002 2050 1055 quae
2076 997 2160 1041 est
2187 988 2445 1051 virorum,
2476 989 2527 1042 in
2556 1005 2657 1057 qua
2689 989 2765 1043 rei
2795 988 3076 1043 familiaris
3102 989 3518 1056 administratio,

1932 1087 2043 1131 tum
2084 1094 2219 1132 uxor
2261 1078 2494 1145 ducitur,
2542 1080 2694 1134 liberi
2749 1090 3119 1149 procreantur,
3153 1080 3346 1135 domus
3392 1097 3519 1135 cura

1931 1171 2154 1240 geritur,
2203 1171 2453 1241 milleque
2500 1172 2887 1226 sollicitudines
2932 1172 3335 1241 superveniunt.
3370 1172 3524 1225 Tunc

1931 1263 2164 1318 maxime
2190 1264 2371 1334 vigent
2398 1264 2618 1318 avaritia
2650 1274 2704 1318 et
2745 1263 2962 1318 invidia.
3004 1264 3058 1319 Si
3093 1265 3251 1333 igitur
3286 1265 3524 1335 singulas

1929 1355 2050 1410 vitae
2106 1367 2287 1425 partes
2339 1371 2461 1409 cum
2521 1354 2811 1425 naufragiis
2860 1356 3198 1421 emetiamur,
3250 1356 3526 1425 quomodo

1929 1457 2253 1515 praesentem
2304 1447 2467 1501 vitam
2525 1446 2911 1500 transibimus?
2961 1446 3229 1514 quomodo
3281 1446 3524 1501 futurum

1929 1537 2248 1607 supplicium
2290 1538 2625 1591 vitabimus?
2672 1538 2725 1591 Si
2754 1540 2897 1592 enim
2928 1539 2979 1591 in
3007 1539 3176 1607 prima
3207 1547 3365 1594 aatate
3390 1539 3523 1593 nihil

1929 1630 2044 1682 sani
2071 1628 2438 1694 didicerimus,
2467 1629 2519 1682 in
2555 1628 2843 1697 juventute
2872 1630 3215 1685 continenter
3244 1645 3348 1685 non
3376 1633 3527 1685 vixe-

1930 1721 2121 1787 rimus,
2152 1720 2360 1775 virilem
2400 1720 2579 1790 adepti
2624 1729 2836 1775 a-tatem
2883 1721 3159 1775 avaritiam
3192 1737 3297 1777 non
3328 1722 3523 1778 viceri-

1930 1828 2084 1877 mus;
2118 1813 2167 1866 in
2197 1821 2528 1867 senectutem
2569 1814 2721 1882 quasi
2761 1814 2813 1866 in
2846 1813 3111 1868 sentinam
3143 1814 3373 1880 devecti,
3397 1830 3521 1870 cum

1931 1918 2027 1971 per
2055 1902 2155 1958 hos
2184 1918 2371 1958 omnes
2396 1905 2545 1973 quasi
2578 1904 2797 1974 laqueos
2841 1906 3034 1960 anima:
3081 1907 3380 1961 naviculam
3414 1908 3520 1961 im-

1930 1994 2259 2049 becilliorem
2314 1995 2729 2061 reddideritnus,
2778 1997 3082 2067 tabulisque
3129 2000 3419 2064 dissolutis,
3453 2001 3521 2054 ad

1930 2086 2078 2140 illum
2103 2097 2318 2157 portum
2361 2087 2758 2152 deveneritnns,
2792 2105 2890 2158 pro
2930 2090 3296 2159 spiritualibus
3324 2094 3521 2147 merci-

1928 2180 2030 2235 bus
2071 2181 2298 2235 multum
2353 2190 2753 2250 eomportantes
2806 2183 2973 2236 lutum
3019 2202 3031 2237 :
3076 2184 3287 2238 diabolo
3334 2185 3520 2245 risum.

1931 2272 2086 2326 nobis
2134 2271 2335 2325 luctum
2388 2272 2714 2341 parabimus,
2746 2274 3209 2345 intolerabiliaque
3259 2278 3523 2346 supplicia

1930 2362 2236 2418 afferetnus.
2262 2363 2339 2418 Ne
2368 2364 2544 2434 itaque
2575 2364 2689 2419 hmc
2716 2365 2843 2419 fiant
2887 2382 2984 2420 nos
3010 2367 3245 2437 undique
3272 2371 3521 2423 munien-

1930 2465 2030 2520 tes,
2062 2455 2425 2527 adversusque
2452 2472 2641 2511 omnes
2679 2459 2841 2512 animi
2880 2460 3098 2514 morbos
3124 2471 3349 2526 stantes,
3380 2462 3522 2515 divi-

1929 2549 2122 2603 tiarum
2143 2549 2489 2617 cupiditatem
2519 2550 2817 2619 ejiciamns,
2842 2560 2900 2604 ut
2926 2553 3095 2605 fututa
3128 2568 3521 2623 consequamur
3560 2598 3569 2606 .

1931 2639 2089 2700 bona,
2121 2645 2287 2708 gratia
2323 2649 2378 2692 et
2408 2639 2737 2708 benignitate
2782 2640 2995 2694 Domini
3036 2640 3162 2697 Jesu
3190 2642 3407 2710 Christi,
3434 2645 3521 2699 cui

1930 2729 2099 2799 gloria
2133 2731 2183 2782 in
2212 2730 2403 2783 saecula
2432 2730 2773 2784 szrculorum.
2807 2732 3000 2785 Amen.

235 2862 3516 2891 ww

1232 2941 1578 3004 HOMILIA
1621 2940 1946 3003 LXXXII.
1991 2939 2077 3001 aI.
2123 2939 2478 3002 LXXXIII.

232 3095 362 3151 CAP.
429 3094 518 3149 εδ.
572 3109 627 3146 v.
673 3093 763 3147 26.
831 3091 1154 3146 ϐαηαηιὶιηιε
1209 3100 1377 3144 autem
1429 3088 1572 3153 illis,
1627 3086 1819 3155 accepit

304 3188 453 3241 Iesus
483 3201 684 3256 partem,
716 3194 762 3239 et
790 3184 981 3254 gratias
1016 3199 1189 3253 agens,
1227 3182 1375 3252 fregit
1403 3180 1635 3247 deditque
1661 3176 1817 3230 disci-

307 3279 461 3347 pulis,
508 3287 555 3330 et
601 3277 673 3329 ait
709 3292 728 3329 :
771 3275 1013 3344 Accipite,
1053 3273 1334 3337 comedite;
1374 3273 1468 3325 hoc
1514 3280 1586 3323 est
1635 3283 1818 3337 corpus

304 3386 490 3423 meum.
515 3368 604 3423 27.
630 3368 694 3421 Et
718 3367 971 3437 accipiens
998 3367 1227 3431 calicem,
1258 3364 1449 3435 gratias
1466 3363 1585 3432 egit,
1618 3370 1662 3414 et
1682 3360 1819 3412 dedit

305 3464 395 3526 eis,
427 3462 597 3515 dicens
626 3476 645 3514 :
684 3459 846 3513 Bibite
875 3475 937 3513 ea:
963 3459 1056 3513 hoc
1085 3475 1278 3512 omnes.
1315 3456 1406 3513 28.
1443 3455 1542 3509 Hic
1586 3464 1658 3509 est
1683 3453 1818 3507 enim

305 3555 514 3626 sanguis
541 3570 680 3608 meus
719 3554 834 3606 novi
875 3552 1175 3615 testamenti,
1204 3551 1289 3621 qui
1320 3566 1411 3620 pro
1438 3548 1611 3603 multis
1648 3545 1818 3614 eﬂ'un-

309 3646 456 3698 detur
482 3644 537 3697 in
555 3644 900 3697 remissionem
927 3653 1261 3713 peccatorum.

310 3786 364 3840 I.
410 3783 585 3853 Papae,
615 3790 808 3853 quanta
844 3780 1055 3836 caecitas
1084 3778 1405 3849 proditoris!
1446 3777 1815 3849 Mysteriornm

237 3891 481 3943 consors,
506 3876 643 3929 idem
669 3873 994 3944 permansit;
1026 3881 1081 3927 et
1102 3872 1229 3926 dum
1251 3870 1525 3925 tremenda
1557 3869 1819 3923 frueretur

237 3985 444 4035 mensa,
475 3984 580 4023 non
631 3975 866 4022 mutatus
913 3974 1015 4021 est.
1048 3966 1115 4020 Et
1163 3965 1265 4020 hoc
1314 3965 1483 4019 Lucas
1534 3962 1817 4034 signiﬁcat,

237 4062 446 4127 dicens,
481 4068 599 4129 post
648 4058 764 4113 haec
804 4057 855 4112 in
888 4072 1007 4111 eum
1041 4056 1337 4126 ingressum
1370 4056 1534 4109 fuisse
1578 4064 1818 4108 satanam

239 4151 392 4222 (Luc.
418 4152 509 4206 22.
541 4152 595 4221 5)
624 4169 637 4205 :
680 4164 786 4205 non
815 4147 955 4219 quod
981 4147 1308 4202 dominicum
1354 4160 1549 4215 corpus
1573 4145 1818 4215 despice~

239 4254 343 4310 ret,
358 4243 453 4299 sed
474 4242 615 4313 quod
643 4240 1025 4312 impudentiam
1056 4238 1343 4309 proditoris
1369 4238 1634 4293 irrideret.
1654 4237 1820 4306 Majas

238 4334 381 4390 enim
438 4341 713 4403 peccatum
753 4333 1001 4401 utrinque
1053 4330 1333 4386 ﬁebat:et
1361 4330 1502 4400 quod
1552 4345 1672 4385 cum
1728 4330 1820 4384 tali

238 4428 420 4483 anime
444 4428 511 4483 ad
538 4427 790 4499 mysteria
822 4425 1121 4490 accederet,
1156 4433 1211 4479 et
1239 4423 1380 4494 quod
1406 4438 1527 4478 cum
1557 4424 1817 4477 accessis-

241 4526 344 4583 set,
376 4532 476 4572 nec
507 4517 720 4583 timore,
762 4510 866 4571 nec
906 4514 1187 4581 beneﬁcio,
1233 4529 1334 4569 nec
1381 4513 1587 4569 honore
1631 4514 1823 4568 melior

240 4608 511 4665 evaderet.
539 4606 784 4663 Christus
826 4621 954 4662 vero
1002 4606 1210 4662 etiamsi
1256 4606 1434 4660 omnia
1485 4616 1684 4670 nosset,
1713 4619 1819 4659 non

242 4701 547 4770 prohibuit;
580 4710 636 4754 ut
665 4699 845 4754 'discas
885 4699 1057 4769 ipsum
1097 4697 1231 4752 nihil
1262 4712 1447 4753 eorum
1500 4698 1819 4765 praetermit-

242 4802 377 4858 tere,
399 4807 518 4862 quze
544 4791 611 4845 ad
649 4790 1079 4846 emendationem
1122 4788 1425 4845 conferunt.
1468 4788 1592 4844 Ideo
1616 4799 1669 4844 et
1697 4800 1821 4844 ante

241 4895 293 4939 et
335 4894 515 4955 postea
544 4882 851 4955 frequenter
871 4884 1041 4954 ipsum
1065 4885 1271 4937 monuit
1289 4896 1352 4937 ac
1371 4882 1607 4948 retinuit,
1622 4883 1818 4947 verbis,

243 4975 516 5047 operibus,
548 4974 761 5041 timore,
808 4975 989 5039 minis,
1031 4974 1236 5029 honore
1277 4982 1331 5029 et
1355 4974 1521 5028 cultu.
1554 4972 1658 5028 Sed
1690 4973 1821 5028 nihil

241 5084 362 5123 eum
389 5083 419 5122 a
449 5077 555 5122 tam
596 5068 743 5138 gravi
772 5068 958 5121 morbo
989 5066 1219 5120 reduxit.
1250 5066 1452 5121 Idcirco
1491 5067 1579 5121 illo
1606 5067 1821 5121 demum

243 5162 447 5227 relicto,
474 5160 750 5230 discipulis
780 5174 874 5229 per
903 5159 1157 5230 mysteria
1190 5174 1377 5213 necem
1408 5173 1557 5213 suam
1588 5174 1823 5214 comme-

243 5258 434 5317 morat,
463 5261 516 5305 et
556 5250 696 5303 inter
723 5248 1042 5305 et'enandum
1087 5249 1155 5303 de
1193 5264 1352 5303 cruce
1396 5248 1650 5318 loquitur,
1682 5265 1819 5318 pra:-

242 5342 487 5398 dictionis
518 5342 811 5412 frequentia
844 5341 1145 5411 passionem
1178 5356 1329 5395 suam
1360 5342 1587 5396 toleratu
1618 5342 1822 5397 facilio-

245 5450 356 5489 rem
404 5435 655 5491 reddens.
705 5435 837 5490 Nam
886 5437 931 5490 si
959 5444 1081 5507 post
1107 5443 1188 5489 tot
1215 5449 1302 5488 res
1342 5446 1520 5505 gestas
1548 5448 1601 5492 et
1628 5438 1823 5507 prredi-

239 5528 443 5583 ctiones
474 5528 671 5583 turbati
702 5537 845 5596 sunt,
869 5528 913 5583 si
958 5526 1090 5582 nihil
1120 5527 1314 5580 borum
1341 5528 1665 5594 audissent‘,
1697 5529 1822 5599 quid

242 5633 347 5674 non
386 5621 595 5692 passuri
640 5621 828 5678 erant?
859 5620 926 5675 Et
972 5621 1394 5677 manducantibu:
1424 5621 1526 5675 illis
1574 5622 1823 5692 accipiens

308 5778 327 5809 ι
351 5778 466 5841 Alit,
490 5778 531 5829 ri
552 5791 612 5830 ne
633 5778 739 5834 lucc
761 5778 954 5845 quidem
977 5779 1250 5842 audissent;
1276 5794 1370 5832 non
1399 5782 1545 5831 male.

1925 3098 2106 3153 panem
2138 3084 2305 3153 fregit.
2334 3082 2443 3137 Cur
2465 3095 2589 3140 tunc
2622 3095 2858 3155 tempore
2888 3088 3155 3157 paschalis
3185 3090 3286 3147 hoc
3316 3103 3517 3164 myste-

1926 3178 2065 3231 rium
2109 3177 2444 3232 celebravit?
2489 3178 2559 3233 Ut
2604 3180 2837 3250 undique
2880 3182 3074 3247 discas,
3127 3184 3270 3237 illtnu
3307 3186 3519 3241 Veteris

1925 3268 2251 3323 Testamenti
2282 3269 2447 3325 fuisse
2474 3271 2852 3339 legislatorem,
2874 3283 2929 3327 et
2954 3289 3013 3325 ea
3046 3291 3163 3341 qua:
3187 3275 3239 3329 in
3270 3276 3360 3331 illo
3390 3291 3517 3333 sunt

1924 3371 2141 3430 prepter
2187 3361 2302 3416 lucc
2353 3362 2664 3416 adumbrata
2719 3362 2901 3418 fuisse.
2943 3365 3172 3437 Ideoque
3217 3368 3305 3422 ubi
3357 3380 3521 3440 typus

1924 3461 2056 3515 erat,
2090 3452 2161 3505 ibi
2190 3452 2467 3507 veritatem
2497 3454 2792 3508 constituit.
2828 3454 3061 3524 Vespera
3114 3467 3293 3512 autem
3343 3461 3515 3529 pleni-

1925 3545 2122 3599 tudinis
2148 3554 2446 3615 temporum
2484 3547 2691 3615 signum
2726 3558 2859 3612 erat,
2894 3548 3267 3620 indicabatque
3300 3568 3385 3606 res
3416 3554 3517 3609 de-

1926 3654 2071 3693 mum
2096 3637 2161 3691 ad
2192 3638 2352 3692 ﬁnem
2381 3638 2657 3693 accedere.
2686 3639 3004 3710 Gratiasque
3026 3642 3155 3711 agit,
3184 3643 3384 3699 docens
3413 3661 3514 3699 nos

1922 3728 2193 3799 quomodo
2224 3739 2465 3797 oporteat
2497 3731 2597 3785 hoc
2641 3733 2957 3802 mysterium
2998 3735 3295 3798 celebrare,
3328 3748 3513 3791 osten-

1923 3822 2057 3876 dens
2083 3837 2142 3875 se
2170 3838 2276 3875 non
2307 3822 2527 3875 invitum
2555 3823 2620 3877 ad
2646 3825 2952 3893 passionem
2983 3828 3184 3892 venire,
3206 3829 3516 3885 instituens-

1923 3929 2028 3983 que
2054 3928 2173 3981 nos,
2192 3923 2249 3967 ut
2269 3914 2519 3984 quidquid
2546 3916 2830 3983 patiamur,
2850 3933 2970 3971 eum
2992 3920 3281 3987 gratiarum
3302 3923 3519 3979 aetione

1925 4004 2180 4070 feramus,
2214 4006 2516 4074 bonamque
2564 4008 2686 4061 inde
2727 4024 2875 4076 spem
2906 4009 3153 4065 ali'erens.
3188 4012 3317 4067 Nam
3347 4015 3390 4069 si
3433 4025 3514 4086 ty-

1924 4111 2025 4166 pus
2050 4106 2105 4151 et
2133 4096 2300 4166 ﬁgura
2330 4113 2358 4150 a
2397 4106 2538 4151 tanta
2585 4100 2754 4167 potuit
2782 4102 3042 4157 servitute
3071 4102 3317 4171 liberare,
3349 4108 3521 4162 multo

1925 4188 2095 4257 magis
2123 4189 2322 4243 veritas
2344 4190 2531 4242 orbem
2585 4190 2849 4255 liberabit,
2882 4193 3041 4263 inque
3078 4195 3391 4251 beneﬁcium
3423 4214 3506 4269 ge-

1926 4279 2072 4333 neris
2100 4278 2269 4333 nostri
2292 4278 2553 4334 tradetur.
2590 4279 2790 4335 ldcirco
2820 4298 2923 4336 non
2950 4284 3176 4341 antehac
3202 4290 3521 4358 mysterium

1926 4370 2092 4437 dedit,
2121 4371 2213 4425 sed
2241 4385 2360 4425 cum
2392 4372 2586 4442 legalia
2622 4382 2742 4443 post
2783 4373 2899 4429 hac
2926 4385 3196 4432 cessatura
3221 4390 3419 4433 essent.
3451 4380 3510 4434 Im

1926 4472 2086 4532 caput
2131 4465 2526 4519 solemnitatum
2573 4480 2760 4519 eorum
2813 4468 2990 4532 solvit,
3039 4468 3105 4523 ad
3156 4470 3313 4525 aliam
3370 4472 3515 4540 ipsos

1928 4555 2259 4612 transferens
2308 4572 2546 4611 mensam
2596 4558 3071 4626 terribilissimam,
3112 4564 3330 4632 aitque:
3364 4564 3510 4616 Acci-

1929 4648 2051 4717 pite,
2080 4649 2361 4710 comedite;
2387 4649 2480 4703 hoc
2506 4659 2579 4703 est
2608 4666 2791 4719 corpus
2821 4668 3005 4716 meum,
3036 4655 3169 4722 quod
3214 4672 3305 4723 pro
3343 4656 3478 4709 vobis
3496 4658 3511 4687 '

1929 4740 2185 4810 frangitur
2213 4738 2421 4807 (l.Car.
2440 4741 2654 4809 “.24).
2684 4742 2746 4795 Et
2761 4743 3028 4812 quomodo
3046 4760 3148 4799 non
3174 4746 3363 4800 turbati
3391 4757 3517 4801 sunt

1930 4831 2031 4885 boc
2060 4832 2376 4886 audientes?
2405 4832 2538 4899 Quia
2579 4835 2743 4888 multa
2791 4851 3087 4906 magnaque
3115 4853 3177 4892 ea
3208 4838 3275 4893 de
3318 4856 3375 4894 re
3402 4841 3515 4910 jam

1928 4925 2058 4995 ipsis
2085 4924 2314 4979 dixerat.
2348 4924 2474 4979 Ideo
2502 4941 2605 4978 non
2640 4926 2768 4980 illud
2797 4927 2932 4981 ultra
2978 4930 3193 4993 statuit;
3239 4932 3360 4999 quia
3404 4932 3519 4998 jam

1928 5018 2057 5071 satis
2087 5017 2386 5071 audierant.
2416 5019 2643 5072 Causam
2673 5034 2800 5073 vero
2849 5022 3111 5088 passionis
3142 5023 3290 5089 dicit,
3326 5039 3504 5093 pecca-

1929 5117 2102 5163 torum
2132 5124 2324 5177 nempe
2350 5110 2746 5164 remissionem.
2778 5112 2844 5167 Et
2870 5114 3181 5182 sanguinem
3207 5118 3325 5169 novi
3356 5126 3515 5170 testa-

1924 5200 2091 5254 menti
2122 5208 2301 5264 vocat,
2325 5198 2381 5254 id
2411 5208 2514 5266 est,
2544 5200 2974 5271 pollicitationis,
3008 5215 3165 5254 nova:
3201 5200 3354 5270 legis.
3388 5199 3504 5253 Iloc

1928 5290 2069 5344 enim
2089 5291 2197 5357 jam
2224 5291 2353 5343 olim
2382 5292 2647 5359 pollicitus
2675 5301 2812 5356 erat,
2842 5300 2897 5347 et
2916 5306 3111 5346 novum
3138 5302 3514 5350 testamentmu

1929 5381 2233 5435 confirmat.
2262 5383 2340 5435 Ac
2364 5381 2814 5450 quemadmodum
2846 5382 3009 5435 Vetus
3054 5398 3181 5437 oves
3230 5394 3284 5438 et
3322 5386 3515 5438 vitulos

1932 5472 2133 5538 habuit,
2166 5473 2245 5528 sic
2269 5484 2323 5528 et
2345 5472 2447 5529 hoc
2467 5472 2794 5529 dominicum
2827 5474 3161 5543 sanguinem.
3190 5476 3325 5531 Hinc
3353 5478 3515 5532 etiam

1930 5566 2164 5621 ostendit
2202 5581 2261 5621 se
2298 5567 2614 5621 moriturum
2658 5581 2780 5622 esse
2823 5584 2838 5622 :
2885 5566 3007 5621 ideo
3041 5576 3097 5623 et
3139 5576 3516 5623 testamentum

1932 5666 2215 5720 memorat,
2245 5665 2299 5711 et
2338 5657 2533 5714 veteris
2559 5658 2719 5714 etiam
2751 5659 3081 5714 mentionem
3104 5656 3267 5715 facit:
3309 5677 3431 5716 nam
3462 5671 3516 5717 et

1998 5783 2015 5815 ι
2041 5780 2155 5842 Alii.
2179 5794 2270 5835 ora
2290 5780 2469 5834 multis.
