4130 6374
583 374 684 429 739

583 484 709 537 illud
732 494 944 551 quoque
977 491 1071 547 per
1091 472 1396 542 sanguinem
1421 466 1721 521 dedicatum
1749 459 1937 551 fuerat.
1954 454 2154 551 lterum

581 543 794 642 quoque
823 543 1008 620 mortis
1029 578 1243 617 causaut
1282 559 1432 622 dicit,
1468 555 1567 620 Qui
1611 569 1702 621 pro
1729 549 1901 642 multis
1926 543 2156 642 eﬂ'unde-

585 638 666 718 tur
690 638 741 717 in
772 659 1110 715 remissioriem
1154 664 1472 724 peccatorum
1503 663 1522 702 :
1559 649 1756 714 aitque,
1791 640 1901 695 Hoc
1931 638 2079 710 facite
2105 639 2158 689 in

582 771 746 808 meam
785 747 1326 805 conmtemorationem.
1356 739 1549 795 Viden'
1591 732 1858 806 quomodo
1879 746 1908 784 a
1927 727 2159 784 Jttdaicis

583 845 812 899 abducat
840 852 895 896 et
920 847 1109 892 avocet
1139 832 1413 890 moribus?
1451 830 1581 884 Nam
1623 828 1762 881 sicut
1789 821 1936 887 illud,
1969 820 2155 888 inquit,

586 931 938 988 celebrabatis
979 929 1030 982 iu
1075 922 1639 980 commemorationem
1681 913 2056 970 miraculorum
2106 911 2156 963 in

589 1026 820 1096 Egypto
848 1022 1134 1080 editorum,
1166 1017 1236 1071 ita
1264 1026 1317 1070 et
1357 1016 1457 1068 hoc
1485 1013 1536 1066 in
1567 1024 1739 1064 meam
1769 1016 2158 1061 commemora-

588 1120 784 1171 tionem
813 1116 986 1168 facile.
1017 1109 1147 1165 Illud
1177 1107 1401 1163 ell'usum
1433 1114 1512 1158 est
1553 1102 1621 1156 ad
1645 1101 1868 1154 salutem
1892 1096 2160 1166 primoge-

591 1209 822 1260 nitortun
871 1221 882 1256 :
936 1201 1040 1256 hoc
1078 1199 1145 1254 ad
1193 1195 1565 1252 remissionem
1611 1199 1946 1261 peccatorum
2003 1187 2160 1240 totius

587 1297 752 1351 orbis.
785 1294 885 1348 llic
913 1301 986 1345 est
1024 1291 1155 1344 enim
1183 1287 1388 1358 sanguis
1417 1301 1576 1347 meus,
1606 1281 1794 1350 inquit,
1826 1279 1912 1347 qui
1936 1275 2162 1343 effunde-

590 1400 672 1443 tur
708 1389 761 1442 in
801 1384 1142 1440 remissionem
1172 1389 1505 1452 peccatorum.
1545 1376 1656 1429 Hoc
1701 1387 1857 1442 porro
1900 1370 2056 1434 dixit,
2105 1377 2164 1422 ut

591 1479 747 1534 simul
775 1476 1080 1530 ostenderet.
1116 1472 1416 1541 passionem
1445 1479 1499 1522 et
1537 1480 1750 1519 crucem
1792 1477 1916 1517 esse
1959 1468 2162 1530 myste-

591 1572 751 1631 rium,
778 1579 940 1636 atque
968 1565 1066 1618 hac
1090 1563 1298 1617 ratione
1324 1561 1512 1612 iterum
1540 1553 1827 1624 discipulos
1858 1551 2163 1606 consolare.

593 1673 696 1714 tur.
730 1661 792 1714 Et
819 1660 956 1712 sicut
980 1657 1187 1726 Moyses
1215 1652 1307 1716 ait,
1340 1650 1452 1704 Hoc
1491 1647 1627 1702 vobis
1668 1644 1956 1699 mcmoriaie
1974 1641 2163 1712 sempi-

593 1765 788 1806 ternum
818 1749 1010 1819 (Exod.
1042 1749 1095 1802 5.
1126 1744 1214 1816 15)
1242 1762 1255 1797 :
1286 1744 1362 1797 sic
1401 1751 1457 1797 et
1481 1741 1614 1811 ipse,
1656 1737 1722 1792 In
1758 1753 1920 1791 meam
1947 1751 2164 1788 comme-

593 1843 920 1897 morationem
949 1837 1119 1911 (Luc.
1151 1835 1242 1889 22.
1272 1835 1338 1889 19
1365 1836 1406 1903 ),
1459 1833 1630 1886 donec
1680 1829 1908 1883 veniam.
1962 1825 2164 1880 Idcirco

595 1937 689 1997 ait,
739 1932 998 1986 Desiderio
1026 1927 1306 1983 desideravi
1345 1927 1440 1978 hoc
1481 1925 1671 1994 pascha
1720 1919 2063 1982 manducare;
2113 1915 2164 1969 id

594 2035 697 2092 est,
729 2024 878 2076 vobis
903 2037 987 2075 res
1007 2035 1171 2073 novas
1195 2017 1426 2078 tradere,
1451 2023 1505 2068 et
1547 2011 1740 2082 pascha
1771 2011 1918 2073 dare,
1945 2023 2050 2078 quo
2072 2020 2168 2060 vos

596 2115 898 2186 spirituales
928 2113 1170 2167 reddam.
1199 2110 1264 2164 Et
1294 2110 1408 2177 ipse
1442 2121 1652 2175 quoque
1677 2121 1742 2158 ex
1769 2103 1861 2157 illo
1902 2101 2051 2155 bibit.
2091 2099 2167 2154 Ne

596 2214 736 2266 enim
759 2211 871 2264 haec
885 2207 1160 2262 audientes
1175 2204 1413 2259 dicerent
1427 2217 1442 2254 :
1458 2200 1592 2267 Quid
1605 2199 1766 2268 ergo?
1785 2196 2165 2265 sanguinemne

597 2305 848 2366 bibimus,
875 2309 932 2355 et
973 2313 1188 2354 carnem
1239 2293 1655 2349 manducamus?
1695 2301 1749 2345 et
1793 2290 2164 2349 turbarentur;

597 2406 716 2445 nam
753 2405 873 2445 eum
917 2389 1014 2443 hac
1053 2387 1121 2441 de
1149 2401 1204 2441 re
1245 2385 1408 2440 verba
1461 2386 1675 2444 faceret,
1707 2381 1775 2434 de
1824 2379 1953 2450 ipsis
1993 2378 2169 2433 verbis

600 2483 744 2536 multi
775 2480 960 2536 ull'ensi
987 2487 1112 2533 sunt
1141 2497 1154 2537 ;
1183 2493 1251 2532 ne
1280 2478 1457 2545 itaque
1499 2467 1626 2528 tunc
1663 2475 2022 2535 turbarentur,
2052 2471 2166 2540 pri-

601 2591 720 2629 mus
749 2574 861 2642 ipse
904 2573 1005 2625 hoc
1044 2569 1189 2632 facit,
1221 2577 1278 2622 ut
1305 2567 1424 2620 illos
1450 2565 1515 2619 ad
1546 2563 1921 2635 mysteriorum
1961 2560 2172 2630 partici-

603 2669 867 2737 pationem
927 2663 1210 2733 tranquillo
1258 2659 1438 2713 animo
1485 2654 1812 2711 subeundam
1875 2653 2169 2708 induceret.

599 2759 724 2814 ideo
754 2773 880 2827 ergo
915 2771 1070 2810 suum
1119 2754 1232 2822 ipse
1265 2751 1576 2821 sanguinem
1623 2747 1778 2802 bibit.
1809 2746 1946 2814 Quid
1990 2744 2170 2816 igitur,

605 2851 831 2920 inquies,
866 2864 931 2903 an
960 2847 1062 2902 hoc
1090 2855 1146 2902 et
1189 2854 1342 2900 vetus
1368 2844 1495 2899 illud
1524 2841 1682 2897 simul
1726 2840 2024 2894 faciendum
2053 2838 2173 2893 est?

599 2941 962 3011 Nequaquam.
987 2938 1112 2992 Ideo
1139 2951 1368 3005 namque
1397 2934 1554 2996 dixit,
1582 2932 1693 3011 Hoc
1713 2933 1883 3002 facite,
1903 2939 1960 2984 ut
1988 2928 2056 2983 ab
2081 2928 2175 2982 illo

601 3032 908 3085 abduceret.
930 3029 1060 3082 Nam
1084 3028 1128 3081 si
1153 3027 1253 3080 hoc
1279 3025 1648 3080 remissionem
1674 3031 2009 3092 peccatorum
2029 3019 2172 3084 facit,

606 3132 661 3175 ιιι
689 3123 847 3176 etiam
878 3118 1022 3184 facit,
1051 3116 1375 3186 superﬂuum
1403 3115 1504 3168 erit
1533 3112 1680 3166 illud.
1720 3112 1869 3166 Sicut
1895 3124 2022 3180 ergo
2046 3108 2173 3164 olim

603 3213 740 3284 apud
762 3211 996 3274 Judaaos,
1015 3211 1092 3264 sic
1113 3217 1167 3263 et
1196 3223 1334 3262 nunc
1358 3219 1569 3274 quoque
1594 3202 1836 3258 beneﬁcii
1862 3200 2174 3256 memoriam

607 3305 860 3376 mysterio
885 3302 1170 3370 colligavit,
1205 3298 1330 3352 hinc
1356 3296 1725 3349 haereticorum
1753 3309 1844 3347 ora
1870 3293 2172 3346 obstructis.

604 3397 737 3448 Cum
767 3394 908 3448 enim
935 3393 1134 3453 dicunt,
1161 3388 1311 3445 Unde
1341 3389 1510 3455 palam
1537 3398 1620 3440 est
1646 3385 1972 3438 immolatum
2014 3381 2176 3436 fuisse
2201 3456 2208 3461 ν

603 3483 915 3538 tibi-istum?
959 3497 1076 3535 cum
1116 3480 1264 3540 aliis.
1316 3480 1474 3531 etiam
1520 3493 1549 3529 a
1596 3475 1889 3545 mysteriis,
1940 3473 2173 3541 ipsorum

603 3575 929 3630 obstruimus
976 3590 1090 3627 ora.
1140 3571 1270 3626 Nam
1315 3571 1358 3624 si
1405 3569 1559 3623 Jesus
1609 3582 1713 3619 non
1746 3574 1984 3618 mortuus
2011 3572 2173 3628 esset,

606 3668 758 3738 cujus
784 3666 1024 3738 symbols
1053 3674 1233 3719 essent
1273 3662 1357 3714 illa
1383 3676 1499 3730 qua:
1528 3657 1860 3714 olferuutur‘!

673 3761 726 3814 2.
763 3759 940 3813 Viden‘
970 3772 1090 3812 cmn
1115 3766 1308 3825 quanta
1339 3767 1465 3806 cura
1496 3751 1768 3820 provisum
1799 3749 1886 3811 sit,
1919 3757 1975 3799 ut
1997 3761 2176 3800 recor-

603 3853 797 3907 demur
822 3864 1033 3918 semper
1064 3849 1233 3915 ipsum
1265 3862 1360 3914 pro
1387 3844 1540 3899 nobis
1567 3853 1833 3897 mortuum
1861 3855 1981 3894 esse
2001 3840 2024 3892 ?
2044 3839 2175 3906 Quia

607 3945 748 3998 enim
777 3943 992 4007 Marcio,
1023 3940 1331 3994 Valentinus
1353 3949 1406 3990 et
1432 3937 1610 3990 Manes
1648 3935 1784 3989 hanc
1820 3935 2175 3988 (Bconomiam

609 4035 846 4104 negaturi
880 4041 1054 4095 erant,
1098 4031 1360 4100 passionis
1389 4029 1703 4082 memoriam
1725 4025 1937 4080 assidue
1965 4033 2180 4078 revocat

609 4128 767 4180 etiam
797 4140 890 4192 per
939 4121 1188 4193 mysteria
1212 4162 1226 4186 ,
1261 4128 1318 4172 ut
1346 4133 1503 4172 nemo
1548 4117 1725 4171 seduci
1759 4116 1943 4186 possit.
1977 4129 2180 4185 perque

607 4233 814 4272 sacram
848 4215 990 4267 illam
1037 4226 1276 4265 mensam
1305 4209 1458 4264 simul
1484 4221 1663 4262 servat
1687 4219 1739 4260 et
1770 4207 2020 4260 instituit.
2053 4205 2174 4258 Etc-

609 4310 716 4362 nim
744 4307 871 4361 illud
899 4315 1058 4374 caput
1083 4305 1341 4358 bonorum
1375 4310 1476 4356 est.
1508 4300 1630 4353 Ideo
1660 4299 1854 4354 Paulus
1877 4299 2180 4366 frequenter

611 4402 710 4454 huc
735 4399 945 4468 repetit.
967 4394 1163 4450 Deinde
1192 4405 1466 4463 postquam
1495 4391 1726 4456 tradidit,
1753 4390 1880 4444 dicit
1907 4406 1921 4442 :
1944 4390 2028 4444 29.
2059 4387 2177 4440 Non

608 4491 771 4546 bibam
797 4490 860 4542 de
902 4488 995 4540 hoc
1035 4486 1284 4556 genimine
1309 4486 1420 4539 vitis
1451 4500 1606 4550 usque
1637 4484 1690 4536 in
1713 4483 1847 4535 diem
1874 4481 2036 4544 illaut,
2064 4497 2178 4533 cum

609 4581 738 4636 illud
762 4581 925 4634 bibam
954 4594 1133 4632 novum
1159 4577 1408 4630 vobiscum
1434 4576 1485 4628 in
1514 4591 1667 4644 regno
1693 4573 1868 4626 Patris
1905 4574 2018 4626 mei.
2047 4571 2178 4626 Nam

608 4674 730 4742 quia
778 4673 903 4739 ipsis
927 4671 994 4724 de
1024 4671 1265 4738 passione
1291 4678 1345 4722 et
1391 4682 1549 4720 cruce
1594 4667 1841 4734 loquutus
1867 4674 1972 4729 est,
1999 4679 2180 4718 resur-

609 4763 862 4818 rectionis
902 4776 1086 4815 rursus
1129 4759 1456 4813 mentionem
1503 4755 1663 4821 facit,
1697 4756 1946 4825 illamque
1978 4755 2062 4808 hic
2090 4769 2178 4808 re—

610 4871 771 4924 gnum
797 4861 969 4906 vocat.
1003 4851 1069 4904 Et
1096 4865 1260 4919 quare
1286 4857 1403 4917 post
1431 4847 1872 4902 resurrectionem
1903 4847 2074 4900 bibit?
2102 4845 2179 4900 Ne

612 4947 856 5000 rmliores
883 4949 1132 5012 putarent
1158 4939 1599 4993 resurrectionem
1651 4952 1770 4992 esse
1815 4937 2167 5006 phantasma;

615 5039 715 5092 hoc
753 5036 896 5090 enim
941 5033 1092 5088 multi
1125 5032 1141 5063 ί
1171 5032 1376 5100 signum
1405 5044 1525 5083 esse
1551 5029 1954 5083 resurrectionis
1979 5038 2182 5083 statue-

617 5131 760 5181 bant.
787 5127 911 5180 ldeo
940 5124 1164 5193 apostoli
1204 5132 1260 5176 ut
1288 5120 1658 5175 resurrectioni
1693 5119 1848 5175 ﬁdem
1901 5119 2178 5183 facerent,

617 5221 722 5274 huc
754 5219 1002 5273 dicebant
1036 5234 1048 5268 :
1083 5215 1180 5281 Qui
1208 5215 1358 5268 simul
1396 5214 1722 5278 comedimus,
1751 5222 1797 5266 et
1829 5213 2042 5267 bibimus
2068 5229 2183 5266 cum

618 5329 675 5365 eo
724 5310 861 5376 (Art.
911 5308 999 5363 10.
1043 5307 1158 5379 tl).
1190 5305 1258 5361 Ut
1314 5306 1472 5375 igitur
1506 5304 1787 5370 ostendat,
1832 5304 1974 5374 quod
2014 5305 2184 5374 ipsum

612 5405 757 5460 clare
789 5409 910 5470 post
960 5399 1400 5454 resurrectionem
1433 5397 1593 5450 visuri
1623 5399 1748 5461 sint,
1780 5395 1918 5465 quod
1940 5411 2058 5449 cum
2087 5397 2188 5452 illis

615 5497 792 5549 denuo
815 5492 1026 5546 futurus
1052 5491 1145 5556 sit,
1177 5501 1230 5545 et
1253 5490 1398 5560 quod
1449 5489 1546 5558 ipsi
1575 5499 1629 5543 et
1657 5505 1720 5544 ex
1747 5489 1885 5551 visu,
1914 5498 1967 5543 et
1997 5505 2062 5542 ex
2096 5503 2185 5543 reo

617 5585 714 5639 bus
741 5583 808 5637 de
830 5584 894 5636 iis
924 5598 1040 5652 quae
1069 5589 1219 5650 gesta
1249 5589 1371 5635 sunt
1398 5580 1758 5634 testimonium
1786 5580 1892 5633 sint
1911 5579 2185 5645 reddituri,

613 5678 683 5730 ait
712 5695 723 5726 :
758 5675 927 5728 Donec
956 5673 1086 5726 illud
1116 5675 1280 5726 bibam
1306 5689 1486 5725 novum
1516 5674 1785 5739 vobiscum,
1810 5673 1960 5728 vobis
1993 5675 2187 5728 tesuti-

647 5779 770 5835 'Alii
799 5787 999 5846 habent,
1024 5791 1218 5842 releras,
1249 5797 1351 5846 pro,
1378 5783 1532 5833 multi.

1251 361 1309 417 S.
1345 353 1624 416 JOANNIS
1652 344 2119 405 CllltYSOSTOMl
2160 342 2473 399 ARCIIIEP.
2513 343 3038 400 CONSTANTINOP.

2231 5301 2263 5324 *ὓ

3729 347 3827 403 m

2261 453 2520 507 cantibus.
2560 454 2666 508 Vos
2706 455 2847 508 enim
2877 471 2963 509 me
2991 455 3238 510 videbitis
3267 465 3542 526 postquam
3594 471 3833 511 resurre-

2263 561 2410 600 xcro.
2437 547 2572 614 Quid
2602 557 2686 602 est
2711 556 2884 601 autem
2929 547 3079 611 illud,
3112 546 3352 602 Novum?
3380 548 3436 602 ld
3467 558 3569 612 est,
3602 563 3740 601 novo
3777 557 3833 602 et

2262 636 2502 690 inaudito
2527 637 2706 702 modo,
2739 653 2843 691 non
2875 640 2926 692 in
2954 653 3176 708 corpore
3202 639 3458 708 passibili.
3486 638 3578 694 sed
3609 637 3832 693 immor-

2263 727 2350 781 tali
2383 738 2435 780 ct
2467 727 2872 798 incorruptibili,
2924 744 3022 784 nec
3050 730 3168 784 cibo
3211 731 3404 798 egenti.
3439 729 3566 784 Post
3593 744 3835 784 resurreo

2261 821 2494 873 ctionem
2538 821 2697 890 igitur
2727 837 2830 874 non
2859 836 2924 875 ex
2954 827 3272 876 necessitate
3299 821 3534 876 comedit
3580 832 3633 876 et
3664 822 3828 888 bibit:

2263 924 2436 978 neque
2462 909 2604 964 enim
2639 911 2702 964 iis
2738 921 2863 964 tunc
2891 911 3078 979 egebat
3106 927 3337 981 corpus;
3378 911 3471 966 sed
3516 912 3580 966 ad
3630 912 3831 966 certius

2262 1002 2671 1056 resurrectionis
2699 1013 3089 1072 argumentum.
3145 1003 3248 1057 Sed
3285 1019 3380 1056 cur
3422 1012 3540 1071 post
3587 1019 3830 1057 resurre-

2263 1094 2531 1157 ctionem,
2566 1108 2671 1146 non
2718 1109 2930 1163 aquam,
2988 1094 3079 1148 sed
3120 1095 3302 1147 vinum
3348 1093 3520 1146 bibit?
3553 1093 3622 1149 Ut
3669 1093 3826 1148 aliam

2263 1182 2457 1236 malam
2488 1182 2730 1238 hmresim
2765 1184 3014 1238 radicitus
3043 1183 3312 1239 evelleret.
3364 1183 3494 1252 Quia
3523 1184 3664 1238 enim
3713 1183 3832 1253 qui.

2263 1273 2384 1328 dam
2406 1274 2458 1326 in
2485 1275 2752 1344 mysteriis
2775 1289 2908 1345 aqua
2937 1284 3172 1339 utuntur,
3201 1285 3259 1329 ut
3277 1276 3524 1330 ostendat
3551 1290 3610 1330 se
3633 1286 3687 1330 et
3711 1291 3831 1330 cum

2263 1370 2519 1438 mysteria
2551 1369 2766 1423 tradidit
2797 1371 2921 1423 vino
2951 1387 3103 1424 ursum
3135 1371 3316 1432 fuisse,
3347 1381 3400 1423 et
3445 1379 3566 1440 post
3595 1385 3831 1425 resurre-

2266 1462 2496 1514 ctionem
2527 1462 2642 1516 sine
2663 1463 2931 1532 mysteriis
2960 1464 3012 1515 in
3038 1463 3239 1532 vulgari
3265 1477 3446 1516 mensa
3475 1461 3652 1515 viuum
3682 1461 3836 1516 adlu-

2266 1549 2468 1615 buisse,
2496 1549 2579 1604 Ea:
2605 1552 2854 1622 genimine
2875 1552 3006 1617 vitis,
3037 1552 3223 1621 inquit.
3249 1552 3410 1606 Vinea
3434 1562 3610 1606 autem
3631 1554 3832 1618 vinum,

2267 1657 2376 1695 non
2419 1657 2607 1710 aquam
2660 1641 2847 1712 gignit.
2894 1642 2982 1698 30.
3015 1641 3082 1696 Et
3112 1645 3298 1713 hymno
3346 1645 3478 1697 dicto
3519 1646 3745 1698 exierunt
3783 1645 3835 1698 in

2269 1733 2493 1788 Montem
2538 1735 2806 1789 olivarum.
2841 1736 3072 1790 Audiant
3101 1747 3398 1806 quotquot,
3433 1752 3712 1806 porcorum
3758 1737 3840 1790 in-

2267 1837 2400 1887 Star,
2428 1835 2612 1880 contra
2651 1839 2891 1880 mensam
2940 1826 3245 1880 sensibilem
3290 1826 3634 1881 comedentes
3680 1826 3837 1881 calci-

2271 1927 2434 1980 trant,
2467 1925 2521 1971 et
2549 1917 2821 1972 temulenti
2853 1926 3117 1987 surgunt,
3150 1933 3271 1973 cum
3319 1929 3595 1988 oporteret
3642 1919 3837 1988 gratias

2269 2024 2430 2078 agere
2458 2018 2510 2063 et
2539 2010 2590 2062 in
2641 1998 2867 2080 hymnos
2913 2010 3179 2064 desinere.
3211 2011 3404 2064 Audite
3434 2019 3695 2079 quotquot
3738 2025 3837 2079 po-

2271 2109 2522 2154 stremain
2563 2102 2862 2155 orationem
2913 2101 3290 2172 mysteriorum
3325 2116 3427 2154 non
3475 2100 3834 2170 exspectatis:

2271 2209 2390 2263 qua:
2412 2194 2552 2247 illius
2575 2193 2874 2265 symbolum
2902 2202 3005 2248 est.
3039 2193 3249 2249 Gratias
3294 2196 3402 2264 egit
3444 2202 3724 2264 antequam
3760 2192 3841 2246 di-

2272 2287 2491 2355 scipulis
2518 2285 2690 2346 daret.
2720 2294 2777 2339 ιιι
2805 2286 2967 2339 etiam
2997 2300 3096 2339 nos
3125 2286 3324 2355 gratias
3366 2299 3603 2354 agamus.
3631 2284 3839 2339 Gratias

2273 2380 2381 2447 egit
2409 2386 2464 2432 et
2493 2377 2748 2449 hymnum
2772 2377 2906 2431 dixit
2932 2388 3208 2447 postquam
3242 2377 3477 2432 dedisset
3500 2422 3518 2439 ,
3564 2387 3618 2431 ut
3659 2386 3714 2430 et
3743 2390 3840 2431 nos

2275 2469 2376 2522 hoc
2397 2470 2567 2537 ipsum
2591 2468 2862 2523 faciamus.
2886 2467 2990 2523 Sed
3015 2483 3110 2523 cur
3129 2470 3238 2522 exit
3262 2476 3317 2521 ut
3339 2467 3591 2524 ascendat
3613 2468 3663 2522 in
3691 2482 3841 2521 mou-

2275 2561 2428 2613 tem?
2469 2557 2600 2614 Sese
2646 2558 2927 2614 manifeste
2978 2559 3264 2614 ostendens
3293 2569 3350 2614 ut
3377 2559 3638 2629 capiatur,
3671 2573 3738 2614 ne
3765 2559 3844 2612 vi-

2275 2651 2462 2705 deatur
2491 2665 2610 2706 sese
2653 2653 2922 2706 occultare
2952 2668 2965 2703 :
2994 2650 3279 2706 festinabat
3311 2651 3506 2721 quippe
3553 2652 3616 2704 ad
3666 2651 3840 2705 locum

2274 2741 2424 2797 Juda:
2451 2751 2655 2796 notum.
2683 2743 2772 2797 5|.
2805 2741 2942 2796 Tum:
2971 2743 3101 2796 dixit
3129 2743 3199 2797 eis
3219 2760 3236 2795 :
3272 2741 3371 2797 Vos
3401 2759 3570 2797 omnes
3589 2741 3846 2795 scandali-

2275 2832 2512 2886 zabimini
2554 2833 2610 2886 in
2639 2849 2736 2886 me.
2770 2831 2970 2888 Deinde
2996 2832 3146 2886 addit
3179 2832 3510 2902 prophetiam
3537 2850 3551 2886 :
3581 2831 3843 2900 Scriptura

2278 2933 2349 2978 est
2391 2925 2524 2977 enim
2550 2965 2564 2988 ,
2600 2925 2878 2994 percutiam
2915 2933 3202 2994 pastorem,
3239 2935 3286 2978 et
3334 2924 3685 2996 dispergentur
3730 2939 3844 2978 oves

2279 3014 2462 3086 (Zacli.
2508 3017 2594 3070 15.
2650 3017 2746 3086 7);
2787 3031 2909 3071 cum
2941 3025 2996 3071 ut
3051 3017 3153 3070 illis
3201 3017 3440 3081 suadeat,
3487 3031 3700 3088 semper
3726 3034 3844 3074 esse

2280 3107 2569 3176 Scripturis
2597 3108 3002 3173 attendendum,
3037 3118 3142 3162 tum
3175 3118 3233 3162 ut
3257 3109 3534 3179 signiﬁcet,
3570 3125 3628 3165 se
3656 3127 3721 3166 cx
3755 3111 3844 3165 Dei

2278 3199 2552 3252 voluntate
2580 3197 2816 3268 cruciﬁgi
2845 3239 2858 3262 ,
2887 3207 3046 3268 atque
3075 3199 3307 3268 undique
3338 3199 3625 3255 ostendens
3652 3217 3710 3256 se
3739 3218 3843 3255 non

2278 3304 2398 3346 esse
2427 3305 2455 3342 a
2499 3289 2614 3358 lege
2662 3291 2827 3344 veteri
2855 3290 3105 3353 alienum,
3138 3306 3309 3360 neque
3339 3307 3368 3345 a
3401 3292 3510 3346 Deo
3539 3292 3627 3361 qui
3659 3292 3709 3344 in
3757 3291 3844 3346 illa

2281 3381 2682 3451 prmdicabatur,
2708 3383 2936 3452 itemque
2957 3385 3096 3451 quod
3126 3392 3246 3438 tunc
3279 3384 3434 3438 ﬁebat
3455 3401 3518 3439 ex
3550 3387 3844 3441 oeconomia

2284 3472 2413 3536 fieri,
2446 3488 2506 3527 ac
2533 3472 2817 3543 prepbetas
2843 3475 3048 3540 omnia,
3077 3491 3196 3543 qua:
3228 3485 3351 3530 tunc
3373 3477 3712 3547 gerebantur,
3736 3478 3844 3545 jam

2281 3567 2405 3619 olim
2442 3567 2755 3636 prmdixissc
2780 3608 2795 3633 ,
2830 3575 2888 3622 ut
2914 3567 3034 3621 hinc
3082 3568 3157 3622 illi
3199 3569 3263 3622 de
3295 3569 3602 3624 melioribus
3659 3569 3849 3624 futuris

2280 3659 2568 3714 admodum
2616 3659 2970 3716 conﬁderent.
3008 3661 3274 3729 Docetque
3300 3678 3405 3730 quo
3456 3672 3608 3732 pacto
3645 3678 3844 3733 cogno-

2281 3763 2500 3807 scantur
2527 3752 2712 3823 quales
2739 3764 2886 3818 ante,
2935 3753 3122 3822 quales
3174 3763 3294 3822 post
3337 3769 3548 3808 crucem
3604 3754 3849 3824 discipuli

2281 3841 2498 3898 fuerint.
2530 3844 2658 3897 Nam
2689 3844 2778 3912 qui
2807 3858 2930 3898 cum
2948 3842 3343 3912 cruciﬁgeretur
3370 3859 3436 3899 ne
3463 3853 3604 3900 stare
3631 3845 3843 3915 quidem

2285 3944 2588 4002 potuerunt,
2623 3935 2674 3989 hi
2729 3945 2848 4005 post
2894 3951 3106 3990 crucem
3139 3939 3338 3991 strenui
3368 3946 3420 3990 et
3445 3937 3725 3992 adamante
3755 3938 3849 3991 ﬁr-

2285 4025 2480 4079 miores
2511 4023 2741 4079 fuerunt.
2771 4027 2868 4081 llic
2912 4037 3090 4082 autem
3119 4040 3291 4083 metus
3334 4039 3387 4083 et
3411 4028 3531 4099 fuga
3559 4029 3851 4098 discipulo-

2286 4134 2400 4172 rum
2428 4119 2613 4172 mortis
2643 4119 2759 4187 ejus
2789 4129 3161 4189 argumentum
3187 4130 3290 4176 est.
3320 4121 3373 4176 Si
3405 4123 3546 4175 enim
3576 4132 3852 4190 pestquam

2285 4219 2362 4264 tot
2412 4218 2663 4278 tantaque
2711 4210 2849 4264 dicta
2881 4221 3022 4275 sunt,
3055 4212 3264 4281 quidam
3314 4212 3647 4282 impudenter
3673 4213 3854 4268 dicunt

2286 4305 2456 4370 ipsum
2503 4318 2607 4356 non
2656 4303 2817 4357 fuisse
2865 4304 3176 4358 cruciﬁxum
3207 4305 3286 4358 :si
3320 4305 3448 4358 nihil
3472 4321 3654 4359 eorum
3685 4305 3856 4359 conti-

2284 4397 2466 4466 gisset.
2490 4411 2595 4464 quo
2624 4411 2728 4449 non
2763 4396 3047 4463 impietatis
3069 4397 3472 4466 prorupissent?
3496 4396 3620 4452 Ideo
3650 4413 3754 4452 non
3786 4413 3854 4452 ex

2285 4503 2379 4541 sua
2413 4497 2615 4541 tantum
2648 4488 2914 4557 passione,
2949 4487 3040 4542 sed
3069 4488 3226 4542 etiam
3256 4504 3322 4542 ex
3366 4488 3431 4542 iis
3457 4503 3576 4558 quae
3607 4488 3673 4542 ad
3698 4488 3852 4543 discl-

2285 4581 2437 4650 pulos
2458 4589 2721 4648 spectant,
2766 4594 2970 4634 necnon
3013 4594 3077 4634 ex
3109 4578 3377 4650 mysteriis
3403 4619 3418 4643 ,
3450 4589 3673 4634 mortem
3705 4595 3855 4634 suam

2285 4669 2588 4734 conﬁrmat,
2621 4669 2989 4724 Marcionistas
3013 4670 3246 4740 undique
3273 4669 3574 4738 proﬁigans.
3614 4669 3736 4724 Ideo
3767 4685 3852 4724 co-

2287 4762 2561 4833 ryphzeum
2593 4776 2786 4830 negare
2815 4775 2874 4815 se
2920 4761 3194 4831 permittit.
3223 4760 3279 4816 Si
3331 4761 3472 4815 enim
3521 4775 3620 4816 nec
3651 4762 3856 4817 vini-tus

2288 4870 2388 4909 nec
2412 4853 2699 4907 cruciﬁxus
2731 4851 2940 4915 fuisset,
2990 4852 3129 4906 unde
3156 4860 3329 4905 tantus
3349 4862 3403 4906 et
3448 4853 3520 4906 illi
3551 4862 3606 4907 et
3646 4853 3860 4922 reliquis

2291 4955 2464 5000 metus
2509 4945 2718 4998 futurus
2766 4945 2918 4998 erat?
2967 4945 3146 5014 Neque
3177 4954 3352 4998 tamen
3397 4945 3516 4999 illus
3544 4947 3598 5000 in
3629 4961 3860 5000 maerore

2289 5039 2524 5108 reliquit,
2551 5037 2643 5092 sed
2680 5037 2807 5106 quid
2846 5037 2959 5090 ait?
2990 5037 3080 5091 52.
3115 5035 3392 5106 Postquam
3437 5045 3606 5090 autem
3634 5052 3860 5090 resurre-

2291 5149 2432 5196 πει-ο,
2469 5131 2748 5200 praecedam
2772 5145 2856 5183 vos
2873 5130 2924 5182 in
2955 5127 3240 5184 Galilaeam.
3272 5127 3453 5198 Neque
3473 5130 3611 5183 enim
3640 5144 3706 5184 ex
3731 5128 3862 5182 ca'iu

2292 5224 2468 5276 statim
2496 5229 2740 5291 apparet,
2770 5236 2944 5288 neque
2967 5221 3018 5274 in
3047 5220 3328 5289 quamdam
3362 5221 3630 5289 regionem
3659 5219 3863 5289 longin-

2293 5329 2452 5382 quam
2481 5313 2609 5374 abit,
2642 5311 2734 5365 sed
2784 5312 2836 5364 in
2865 5311 2976 5380 ipsa
3004 5319 3166 5381 gente
3191 5309 3330 5380 apud
3381 5325 3539 5379 quam
3582 5309 3858 5363 cruciﬁxus

2295 5389 2398 5472 est,
2437 5405 2487 5458 in
2522 5405 2652 5473 ipsis
2685 5402 2796 5457 fere
2847 5402 2998 5463 locis,
3034 5411 3088 5455 ιιι
3131 5401 3288 5455 etiam
3347 5401 3469 5454 inde
3523 5399 3864 5462 c0nﬁrmaret

2296 5499 2445 5566 ipsis,
2477 5498 2721 5550 eumdem
2747 5507 2798 5549 et
2821 5495 3131 5550 cruciﬁxum
3159 5493 3343 5558 fuisse,
3376 5502 3431 5546 et
3459 5491 3816 5546 resurrexisse
3845 5531 3862 5552 .

2297 5601 2353 5644 ut
2401 5590 2525 5644 hinc
2555 5600 2842 5646 mmrentes
2884 5587 3048 5656 magis
3095 5586 3477 5640 consolaretur.
3513 5583 3750 5646 Idcirco,
3801 5581 3862 5636 In

2299 5684 2535 5744 Galila’a,
2562 5681 2716 5744 dixit,
2755 5691 2865 5734 uta
2896 5689 3037 5732 metu
3081 5677 3382 5730 Judaaorum
3431 5675 3661 5731 liberati.
3709 5672 3864 5728 dictis

2307 5775 2603 5831 crederent.
2633 5774 2738 5827 llac
2775 5771 2914 5826 enim
2945 5769 3010 5823 de
3042 5783 3198 5822 eausa
3245 5766 3315 5821 ibi
3353 5764 3614 5836 apparuit.
3647 5762 3736 5818 55.
3775 5761 3862 5816 Πε-
