4130 6374
347 350 443 404 7H

349 468 597 533 spondeus
625 474 790 517 autem
828 461 1004 514 Petrus
1043 459 1172 511 dixit
1201 473 1218 508 :
1248 455 1356 508 Etsi
1389 470 1559 507 omnes
1591 448 1927 503 scaudalizati

351 561 536 630 fuerint
561 559 612 610 in
644 568 708 619 te,
738 572 829 626 ego
856 563 1018 606 tamen
1039 567 1311 619 numquam
1331 544 1735 601 scandalizabor.

421 656 475 707 5.
503 651 640 717 Quid
674 650 775 712 ais,
828 645 1032 700 Petre?
1065 642 1323 713 preplieta
1353 639 1507 696 dixit,
1564 635 1935 704 Dispergentur

350 761 502 808 oves;
531 743 778 797 Christus
806 740 1006 793 dictum
1048 733 1420 790 continuavit:
1455 741 1508 785 et
1540 742 1592 782 ιιι
1623 728 1776 790 dicis,
1825 723 1935 778 Ne-

351 835 659 906 quaquam?
691 848 795 886 non
825 831 958 884 satis
986 828 1078 881 tibi
1107 835 1232 880 sunt
1259 825 1434 893 priora
1469 824 1553 875 illa
1584 863 1597 883 ,
1629 833 1749 873 cum
1781 815 1934 870 dice-

363 929 478 993 bas,
510 925 771 992 Propitius
790 933 893 976 esto
925 921 1012 973 tibi
1041 917 1250 988 (Matth.
1288 915 1375 970 16.
1407 913 1524 981 ‘2“2),
1551 923 1604 964 et
1635 911 1937 976 inrrepatus

355 1018 538 1072 fuisti?
560 1017 684 1070 lileo
717 1015 864 1068 illum
893 1012 1087 1066 cadere
1107 1009 1254 1072 sinit,
1272 1008 1530 1061 ιιιιιοιιυειι
1557 1003 1698 1056 illum
1728 1011 1942 1066 semper

353 1112 570 1166 Christo
590 1107 838 1171 credere,
862 1121 917 1158 ei
942 1105 1060 1173 ejus
1090 1100 1408 1156 sententiam
1439 1095 1650 1164 proiiria
1678 1088 1940 1146 sententia

358 1203 646 1256 ﬁrmiorem
674 1208 881 1268 putare.
920 1193 1136 1263 Reliqui
1158 1207 1286 1246 vero
1325 1206 1431 1244 non
1461 1201 1648 1256 parum
1679 1182 1883 1236 fructus
1908 1194 1939 1232 a

355 1294 636 1362 negatione
673 1291 790 1357 ejus
816 1294 1161 1356 acceperunt,
1192 1285 1423 1336 humana
1450 1284 1741 1344 conspecta
1792 1272 1944 1327 inﬁr-

358 1387 541 1440 mitate
564 1425 580 1448 ,
616 1384 814 1450 Deique
846 1380 1157 1434 veraciiate.
1187 1376 1322 1430 Cum
1351 1373 1498 1427 enim
1547 1370 1636 1422 ille
1666 1365 1942 1437 quidpiam

364 1475 692 1545 praidixerit,
722 1489 826 1526 non
859 1471 999 1524 ultra
1031 1469 1304 1536 disputare
1336 1471 1572 1532 OpOt'lel,
1626 1471 1801 1526 neque
1847 1454 1944 1507 ad-

361 1581 548 1622 versus
579 1564 777 1618 multos
823 1563 1142 1630 insurgere:
1177 1555 1407 1610 Gloriam
1444 1555 1608 1613 enim,
1635 1548 1807 1617 inquit
1834 1587 1848 1609 ,
1893 1545 1946 1596 in

362 1671 426 1724 te,
459 1668 502 1711 et
531 1675 629 1711 non
660 1659 712 1708 in
742 1655 845 1707 alio
875 1652 1078 1704 habebis
1109 1648 1249 1720 (Gal.
1295 1646 1348 1701 6.
1383 1645 1458 1715 4).
1493 1643 1628 1697 Cum
1651 1641 1793 1694 enim
1829 1652 1947 1706 pre-

363 1752 589 1806 eundum
620 1759 787 1811 esset,
822 1762 884 1800 ac
931 1743 1216 1798 dicendum
1245 1783 1258 1802 ,
1296 1738 1497 1804 Adjuva
1533 1749 1650 1796 nos,
1676 1747 1745 1790 ne
1771 1732 1868 1783 abs
1898 1739 1948 1783 te

367 1842 698 1900 scindantur,
745 1840 834 1892 ille
874 1838 924 1889 in
974 1851 1031 1889 se
1079 1833 1333 1897 conﬁdit,
1383 1840 1434 1883 et
1465 1829 1578 1882 ait:
1608 1823 1720 1878 Etsi
1777 1837 1947 1876 omnes

363 1933 694 1992 scandalizati
709 1935 893 2003 fuerint
914 1929 966 1982 in
994 1937 1059 1992 te,
1089 1944 1179 1996 ego
1197 1936 1361 1978 tamen
1384 1935 1660 1990 numquam
1683 1935 1702 1983 ;
1728 1914 1944 1972 etiamsi

367 2042 554 2081 omnes
585 2025 634 2078 id
671 2025 959 2092 patiantur,
993 2019 1185 2088 inquit,
1213 2033 1312 2086 ego
1339 2031 1442 2069 non
1469 2014 1677 2083 patiar:
1706 2007 1852 2079 quod
1890 2006 1953 2060 il-

372 2121 482 2174 lum
510 2118 575 2172 ad
610 2117 828 2171 nimiam
874 2111 1256 2168 conﬁdentiam
1289 2108 1546 2178 paulatim
1594 2103 1791 2159 evexit.
1841 2100 1955 2155 Hoc

373 2211 665 2279 reprimere
693 2206 938 2262 Christus
954 2205 1161 2267 volens,
1193 2201 1534 2272 negationem
1563 2196 1807 2268 permisit
1829 2194 1953 2262 quia

373 2303 514 2355 enim
546 2315 718 2370 iii-que
760 2299 975 2352 Christo
1025 2310 1200 2365 neque
1239 2293 1517 2363 prophetia
1567 2285 1959 2355 obtemperavit

377 2394 522 2465 (ideo
561 2393 703 2446 enim
742 2390 905 2444 etiam
949 2386 1264 2458 prophetam
1304 2386 1626 2443 induxerat,
1675 2388 1831 2431 utne
1871 2374 1959 2428 ille

377 2480 746 2553 repugnaret),
779 2489 1018 2533 attamen
1049 2477 1172 2546 quia
1209 2474 1388 2529 verbis
1428 2486 1534 2526 non
1579 2473 1861 2539 potuerat,
1893 2479 1962 2518 ex

378 2575 535 2629 rebus
569 2573 698 2641 ipsis
724 2569 988 2626 eruditur.
1013 2567 1166 2634 Quod
1197 2575 1371 2620 autem
1400 2562 1522 2616 ideo
1546 2556 1872 2630 permiserit,
1904 2563 1964 2607 ut

381 2664 530 2719 illum
562 2671 744 2732 postea
772 2660 1106 2723 emendaret,
1141 2656 1265 2711 audi
1291 2653 1416 2726 quid
1449 2652 1630 2707 dicat:
1654 2649 1764 2719 Ego
1791 2656 1963 2700 autem

377 2759 549 2830 rogavi
570 2773 660 2826 pro
689 2764 755 2818 te,
785 2765 840 2807 ut
866 2770 968 2807 non
992 2752 1196 2819 deficiat
1245 2749 1370 2817 ﬁdes
1420 2757 1508 2800 tua
1549 2743 1701 2811 (Luc.
1724 2741 1816 2795 22.
1844 2739 1960 2808 52).

382 2850 493 2904 Hoc
548 2849 689 2902 enim
745 2846 879 2900 dixit
913 2885 926 2908 ,
961 2854 1018 2896 ut
1049 2839 1426 2898 vehementius
1471 2838 1617 2891 illum
1678 2840 1960 2904 tangeret,

381 2943 794 3010 ostenderetque
836 2938 977 2993 illius
1024 2937 1234 3005 lapsum
1272 2942 1587 2986 creterorum
1644 2927 1796 2996 lapsu
1845 2937 1968 2978 esse

387 3035 662 3103 pcjorem,
715 3031 1012 3100 majorique
1059 3025 1258 3080 auxilio
1305 3038 1439 3093 opus
1490 3020 1706 3074 habere.
1760 3015 1964 3085 Duplex

383 3129 524 3181 enim
548 3127 748 3179 crimen
781 3131 917 3184 erat,
948 3131 1002 3175 et
1044 3117 1186 3189 quod
1211 3113 1619 3178 contradixerit,
1643 3122 1699 3165 et
1728 3108 1868 3179 quod
1909 3121 1970 3162 se

385 3221 502 3272 aliis
545 3216 942 3288 antepOsuei-it;
994 3213 1206 3265 tertium
1245 3207 1460 3277 gravius
1513 3204 1686 3265 adest,
1717 3197 1860 3268 quod
1888 3205 1973 3250 to-

390 3324 502 3367 tum
526 3310 626 3364 sibi
655 3306 1016 3376 adscripserit.
1043 3303 1139 3358 llis
1168 3310 1225 3354 ut
1249 3298 1548 3360 medeatur,
1575 3295 1783 3363 lapsum
1809 3291 1824 3321 ¹
1848 3304 1971 3343 eve-

392 3409 508 3458 nire
545 3403 712 3464 sinit;
743 3399 969 3468 ideoque
1019 3394 1196 3449 missis
1225 3392 1379 3455 aliis,
1429 3389 1604 3458 ipsum
1647 3384 1968 3452 alloquitur:

393 3496 596 3558 Simon,
629 3491 976 3554 Simon,_ecce
1006 3497 1210 3540 satanas
1237 3482 1471 3552 expetivit
1501 3495 1586 3533 vos
1641 3487 1691 3530 ut
1732 3473 1974 3528 cribraret

391 3588 516 3641 sicut
547 3585 766 3639 triticum
798 3581 900 3654 (Ib.
935 3597 981 3633 υ.
1014 3576 1104 3648 51)
1131 3593 1145 3639 ;
1179 3575 1232 3630 id
1262 3583 1365 3637 est,
1414 3581 1473 3625 ut
1503 3570 1777 3631 turbaret,
1805 3573 1975 3619 tenta-

393 3685 512 3732 ret:
553 3675 659 3746 Ego
710 3684 878 3727 autent
925 3687 1016 3741 pro
1045 3680 1094 3724 te
1141 3666 1336 3738 rogavi,
1369 3674 1421 3718 ut
1451 3680 1551 3716 non
1583 3661 1816 3730 deﬁceret
1848 3657 1975 3725 fides

395 3783 502 3825 tua.
532 3771 596 3824 Et
617 3785 732 3831 cur,
761 3768 804 3820 si
833 3779 1021 3821 omnes
1050 3760 1322 3830 expetivit,
1364 3773 1470 3812 non
1503 3755 1636 3808 dixit
1663 3772 1676 3807 :
1714 3753 1817 3806 Pro
1847 3765 1963 3802 om-

396 3862 552 3919 nibus
582 3859 802 3930 rogavi?
825 3859 1014 3912 Annon
1056 3853 1228 3923 palam
1254 3859 1358 3915 est,
1405 3847 1634 3916 idipsum
1662 3859 1802 3906 esse,
1833 3840 1975 3911 quod
2015 3873 2019 3878 ι

400 3972 560 4025 supra
586 3953 737 4008 dixi?
762 3951 829 4007 Ut
857 3949 1061 4003 scilicet
1085 3943 1407 4014 persuingat
1442 3954 1562 3992 eum
1587 3979 1600 4001 ,
1647 3944 1702 3990 et
1729 3931 1978 3988 ostendat

399 4050 614 4119 gravius
637 4060 794 4115 quam
821 4049 1048 4096 cteteros
1077 4038 1282 4105 lapsum
1310 4048 1450 4096 esse,
1484 4030 1548 4084 ad
1578 4029 1724 4082 illum
1769 4038 1978 4080 sermo-

404 4112 524 4193 iiein
550 4112 748 4205 dirigit.
780 4133 844 4187 Et
871 4147 965 4187 cur
992 4144 1098 4182 non
1127 4126 1283 4190 dixit,
1309 4123 1421 4191 Ego
1441 4136 1545 4174 non
1574 4118 1790 4188 permisi
1817 4157 1832 4177 .
1859 4112 1978 4176 sed,

406 4231 640 4304 Rogavi?
663 4228 740 4283 Ad
773 4226 1076 4296 passionem
1106 4221 1300 4282 iturus,
1337 4214 1558 4269 humilia
1605 4209 1842 4280 loquitur
1864 4249 1878 4273 ,
1925 4214 1983 4258 iit

335 4307 340 4313 i
407 4324 788 4380 humanitatem
823 4333 971 4373 suam
1003 4315 1362 4369 demonstret.
1406 4308 1535 4361 Nam
1564 4306 1654 4374 qui
1687 4301 1980 4359 Ecclesium

406 4433 569 4487 supra
617 4412 1010 4470 confessionem
1059 4408 1178 4476 ejus
1220 4401 1542 4465 aedificavit,
1592 4399 1869 4467 ipsamque
1913 4395 1984 4446 ita

404 4508 649 4570 munivit,
683 4514 740 4558 ut
769 4519 865 4557 nec
891 4500 1035 4554 mille
1066 4496 1298 4567 pericula
1324 4534 1338 4557 ,
1371 4507 1468 4546 nec
1499 4489 1644 4543 mille
1675 4496 1877 4542 mortes
1925 4485 1987 4536 il-

408 4604 510 4655 lam
539 4600 748 4671 possint
777 4607 1055 4664 superare,
1109 4589 1198 4659 qui
1225 4587 1475 4641 cat-lorum
1507 4583 1605 4652 ipsi
1628 4581 1807 4634 claves
1842 4576 1988 4631 dedit

407 4705 463 4750 et
489 4701 693 4748 tantam
727 4698 1068 4759 potestatem,
1119 4697 1293 4751 neque
1323 4676 1572 4748 precibus
1601 4673 1666 4728 ad
1697 4672 1812 4725 hinc
1854 4684 1989 4738 opus

413 4787 597 4842 habuit
618 4787 817 4852 (neque
843 4782 984 4836 enim
1012 4787 1138 4832 tunc
1165 4773 1316 4836 dixit,
1347 4770 1542 4840 Rogavi
1565 4785 1583 4832 ;
1630 4764 1724 4821 sed
1753 4779 1872 4817 cum
1904 4777 1997 4815 au-

411 4881 682 4941 ctoritate,
733 4871 1030 4940 Ediﬁcabo
1064 4867 1342 4922 Ecclesium
1380 4879 1562 4923 meam,
1624 4868 1670 4913 et
1725 4857 1854 4910 dabo
1904 4853 1991 4906 tibi

413 4971 580 5024 claves
610 4966 895 5032 caelorum),
923 4959 1192 5032 quomodo
1226 4956 1470 5011 oratione
1495 4968 1630 5021 opus
1655 4947 1906 5009 habebat,
1936 4954 1994 4999 ut

414 5061 750 5116 vacillantem
802 5057 958 5110 unius
1010 5053 1242 5106 hominis
1273 5049 1502 5101 animam
1555 5039 1993 5108 constringeret?

415 5155 520 5208 Cur
551 5167 682 5222 ergo
708 5151 777 5203 ita
805 5149 1055 5217 loquutus
1097 5143 1214 5198 est?
1244 5141 1472 5207 Propter
1517 5151 1636 5191 eam
1677 5147 1837 5204 quam
1883 5130 1994 5200 jam

417 5248 528 5304 dixi
569 5258 818 5306 causam,
845 5249 900 5296 et
927 5245 1146 5308 propter
1175 5234 1384 5287 illorum
1417 5230 1782 5284 inﬁrmitatem
1810 5243 1822 5277 :
1857 5240 1993 5277 non-

418 5343 544 5394 dum
589 5338 730 5391 enim
761 5349 900 5395 eam,
953 5343 1108 5398 quam
1155 5325 1400 5390 decebat,
1452 5321 1532 5388 de.
1570 5322 1660 5374 illo
1687 5305 1995 5388 opinionem

423 5432 705 5486 habebant.
733 5423 1011 5494 Quomodo
1037 5435 1163 5489 ergo
1184 5417 1390 5487 negavit
1417 5415 1438 5468 ?
1462 5413 1576 5468 Non
1601 5413 1770 5476 dixit,
1799 5409 1870 5465 Ut
1894 5423 1997 5460 non

423 5542 584 5596 neges
607 5567 622 5590 ,
679 5523 796 5584 sed,
841 5519 910 5574 Ut
956 5532 1060 5570 non
1089 5514 1303 5568 deficiat
1334 5511 1467 5563 ﬁdes
1494 5549 1508 5572 ,
1561 5514 1621 5559 ut
1649 5522 1753 5559 non
1783 5503 2001 5557 omnino

427 5627 625 5688 pereat.
677 5614 819 5668 Illius
865 5611 1004 5665 enim
1049 5622 1175 5662 cura
1210 5602 1261 5656 id
1287 5601 1485 5656 factum
1511 5609 1592 5652 est
1627 5616 1638 5650 :
1673 5612 1800 5651 nam
1829 5605 2002 5650 metus

495 5792 509 5826 ⁸
547 5791 683 5841 Alias
700 5789 902 5852 legitur,
925 5785 1237 5848 negationem,
1266 5793 1366 5842 pro,
1396 5777 1598 5840 lapsum.

747 5871 1016 5928 ΡΑτιιοι..
1062 5863 1179 5921 Ca.
1236 5856 1440 5915 LYIii.

1267 339 1332 393 ΙΝ
1371 332 1776 392 ΜΑΤΤΠᾹΞΗΜ
1816 329 2043 386 IIOMIL.
2087 329 2346 385 LXXXII.
2388 333 2459 387 ai.
2503 334 2783 388 LXXXIII.

3512 334 3613 388 712

2041 448 2218 499 omnia
2257 447 2417 517 cjecit
2452 467 2463 500 :
2496 450 2682 518 ingens
2725 452 2864 504 enim
2895 459 3046 515 erat;
3081 452 3266 520 ingens
3308 466 3436 506 vero
3472 449 3567 504 fuit
3601 493 3616 517 ,

2039 539 2159 604 quia
2197 540 2394 592 auxilio
2445 555 2541 592 suo
2575 542 2715 595 Deus
2751 543 2898 596 illum
2925 541 3214 596 admodum
3244 541 3464 594 nudavit
3487 560 3499 592 :
3526 543 3620 595 ad.

2040 630 2255 684 modum
2284 648 2412 686 vero
2437 634 2670 697 nudavit,
2710 634 2832 702 quia
2869 635 3160 689 vehemens
3192 635 3242 687 in
3271 634 3361 687 illo
3405 633 3622 688 morbus

2048 731 2162 777 erat
2190 724 2506 792 arrogantia:
2537 734 2589 777 et
2618 725 3081 779 contradictionis.
3109 725 3178 781 Ut
3206 741 3333 794 ergo
3369 725 3621 778 radicitus

2043 813 2184 867 hunc
2208 817 2452 872 morbum
2485 820 2700 873 tolleret
2726 861 2739 879 ,
2771 820 2891 873 ideo
2924 821 3160 891 permisit
3191 829 3245 871 ut
3273 820 3418 872 illum
3450 831 3623 876 terror

2045 908 2342 964 invaderet.
2385 912 2516 977 Quia
2558 915 2703 967 enim
2744 913 3035 967 vehemens
3066 915 3113 965 in
3150 915 3238 966 illo
3293 913 3378 966 hic
3404 915 3624 967 morbus

2046 997 2315 1068 eratfiion
2345 1003 2503 1056 modo
2532 1013 2587 1058 et
2633 1007 2904 1074 proplieta-
2933 1017 2986 1058 et
3016 1007 3227 1060 tlhristo
3257 1008 3622 1074 contradixit,

2045 1097 2140 1153 sed
2189 1098 2348 1152 etiam
2400 1110 2584 1167 postea
2615 1113 2734 1150 cum
2779 1099 3019 1152 Christus
3055 1100 3299 1165 dixisset,
3334 1101 3420 1154 5i.
3466 1100 3626 1152 Amen

2049 1191 2162 1244 dico
2190 1190 2540 1258 tibi,quoniam
2567 1189 2662 1242 hac
2691 1202 2834 1243 nocte
2857 1232 2870 1253 ,
2921 1202 3190 1262 antequam
3218 1191 3386 1263 gallus
3413 1202 3577 1245 cantet
3608 1233 3624 1258 ,

2049 1293 2123 1337 ter
2150 1300 2228 1337 me
2266 1284 2490 1353 negabis,
2520 1283 2798 1351 respondit
2823 1301 2836 1337 :
2867 1284 2954 1338 55.
3002 1283 3219 1337 Etiamsi
3246 1284 3520 1352 aportuerit
3551 1300 3630 1336 me

2051 1377 2182 1429 mori
2210 1385 2391 1438 tecum,
2421 1392 2520 1430 non
2547 1386 2594 1430 te
2624 1377 2832 1446 negabo.
2886 1376 3058 1430 Lucas
3087 1374 3236 1445 (Cap.
3267 1374 3354 1428 2‘2.
3386 1375 3478 1443 54)
3503 1389 3629 1428 vero

2051 1472 2216 1531 addit,
2258 1481 2454 1539 quanio
2486 1471 2653 1538 magis
2695 1468 2940 1523 Christus
2989 1467 3239 1537 negabat,
3289 1475 3436 1519 tanto
3465 1464 3632 1535 magis

2050 1565 2264 1619 Petrum
2287 1571 2471 1617 contra
2493 1561 2850 1615 contendisse.
2880 1560 3015 1626 Quid
3041 1562 3139 1614 hoc
3160 1567 3261 1622 est,
3291 1557 3484 1612 Petre?
3513 1572 3634 1611 cum

2057 1659 2293 1716 dicebat.
2322 1655 2464 1710 Unus
2495 1663 2711 1708 vestrum
2754 1671 2833 1707 me
2853 1655 3133 1707 traditurus
3161 1663 3253 1712 est,
3288 1651 3513 1704 timebas
3565 1665 3631 1703 ne

2055 1762 2109 1804 tu
2161 1752 2276 1820 ipse
2327 1749 2766 1824 proditor‘esses,
2797 1757 2855 1800 et
2903 1744 3330 1812 condiscipulum
3374 1740 3636 1794 sciscitari

2054 1847 2304 1915 cogebas,
2331 1847 2456 1900 licet
2503 1841 2634 1895 nihil
2663 1840 2853 1893 horum
2886 1838 2977 1892 tibi
3008 1836 3254 1891 conscius
3283 1847 3464 1895 esses;
3494 1844 3636 1884 nunc

2056 1946 2231 1991 autem
2261 1938 2378 2007 ipso
2399 1938 2544 1991 clare
2571 1935 2836 1989 clamante
2863 1945 2924 1985 ac
2945 1930 3177 1991 dicente,
3209 1927 3397 1980 Omnes
3421 1926 3641 1978 scanda-

2059 2029 2357 2092 lizabimini,
2381 2026 2723 2090 contradicis,
2756 2040 2854 2079 nec
2881 2023 3044 2078 semel
3076 2029 3278 2075 tantum
3299 2060 3313 2083 ,
3337 2017 3432 2072 sed
3474 2017 3555 2071 bis
3583 2026 3640 2070 et

2059 2121 2294 2196 pluries?
2324 2119 2438 2173 Hoc
2461 2119 2662 2188 quippe
2691 2117 2822 2172 dicit
2846 2115 3038 2171 Lucas.
3071 2111 3224 2168 Unde
3253 2126 3380 2181 ergo
3404 2111 3505 2163 hoc
3533 2108 3637 2177 ipsi

2059 2214 2326 2284 contigit?
2375 2211 2455 2266 Ex
2507 2212 2673 2264 multa
2720 2210 2965 2275 caritate,
3021 2223 3086 2261 ex
3144 2206 3308 2259 multa
3352 2201 3644 2271 voluptate.

2061 2317 2349 2382 Postquam
2379 2313 2521 2364 enim
2552 2307 2646 2360 illo
2677 2315 2882 2361 terrore
2909 2306 3168 2360 liberatus
3216 2300 3336 2367 fuit,
3365 2313 3432 2352 ne
3461 2295 3646 2366 prodi-

2063 2407 2282 2475 toripse
2305 2413 2467 2468 esset,
2501 2409 2557 2456 et
2582 2399 2910 2471 proditorem
2962 2395 3130 2460 novit,
3166 2410 3287 2449 cum
3315 2390 3636 2446 conﬁdentia

2069 2505 2255 2569 postea
2281 2494 2614 2564 loquebatur,
2638 2500 2692 2546 et
2711 2501 2899 2545 contra
2925 2489 3059 2544 alios
3092 2482 3600 2556 insurgebatdiceiis
3629 2498 3644 2535 :

2071 2591 2180 2644 Etsi
2205 2604 2375 2643 omnes
2405 2584 2740 2641 scandalizati
2761 2583 2971 2654 fuerint,
3003 2597 3094 2651 ego
3119 2597 3218 2633 non
3245 2573 3649 2632 scandalizabor.

2067 2683 2179 2737 lmo
2208 2679 2404 2752 aliquid
2430 2675 2736 2732 ambitionis
2763 2674 2850 2728 hic
2867 2683 2982 2728 erat
3005 2690 3020 2738 ;
3050 2687 3171 2726 nam
3199 2680 3252 2725 et
3274 2670 3326 2722 iii
3353 2681 3505 2722 creua
3533 2663 3654 2734 quis

2068 2790 2252 2830 eorum
2281 2773 2451 2844 major
2476 2781 2620 2828 esset
2648 2768 3049 2838 disceptabant;
3080 2765 3152 2820 ita
3187 2763 3304 2818 illos
3325 2761 3412 2816 hic
3434 2761 3655 2816 morbus

2069 2864 2391 2936 exagitabat.
2428 2863 2630 2918 Idcirco
2676 2861 2822 2914 illum
2852 2859 3114 2921 cohibuit,
3163 2871 3268 2910 non
3298 2853 3362 2908 ad
3413 2851 3658 2923 negatio-

2071 2973 2190 3012 nem
2224 2954 2546 3026 impellens;
2578 2951 2755 3015 absit;
2802 2948 2899 3004 sed
2927 2947 3129 3002 auxilio
3173 2960 3272 3000 suo
3313 2958 3540 2998 vacuum
3568 2957 3654 2996 re-

2072 3051 2340 3118 linquens,
2373 3047 2725 3114 humana-que
2767 3053 2973 3098 natura:
3019 3040 3390 3096 inﬁrmitatem
3441 3037 3660 3091 demon-

2073 3159 2274 3199 su-ans.
2308 3143 2442 3196 Vide
2489 3149 2670 3193 autem
2713 3135 2987 3208 quomodo
3038 3146 3160 3205 post
3224 3133 3340 3187 haec
3393 3129 3660 3184 demissus

2077 3234 2250 3288 fuerit.
2288 3233 2418 3288 Nam
2453 3241 2574 3301 post
2601 3229 3075 3293 resurrectionem,
3118 3223 3332 3296 quando
3358 3222 3521 3286 dixit,
3560 3220 3660 3275 Hic

2076 3337 2241 3379 autem
2270 3325 2392 3395 quid
2425 3324 2601 3396 (Joau.
2629 3323 2717 3378 21.
2749 3322 2840 3393 21)
2864 3322 2887 3375 ?
2931 3330 2982 3373 et
3011 3329 3290 3387 repressus
3311 3323 3413 3379 est,
3445 3329 3511 3366 ne
3532 3327 3662 3367 con-

2080 3420 2339 3474 tradicere
2369 3418 2584 3488 quidem
2631 3429 2794 3469 ausus
2833 3424 2935 3478 est,
2961 3422 3018 3466 ut
3046 3409 3150 3473 hic,
3182 3408 3274 3463 sed
3306 3409 3490 3460 tacuit.
3519 3405 3660 3458 Rur-

2079 3531 2277 3584 susque
2305 3523 2425 3584 post
2453 3509 2896 3566 resurrectionem
2941 3519 3063 3558 cum
3112 3500 3280 3565 audit,
3315 3495 3438 3550 Non
3464 3509 3537 3552 est
3580 3512 3663 3551 oe-

2081 3619 2410 3661 strumnosse
2437 3615 2664 3674 tempora
2701 3600 2778 3653 vel
2822 3606 3074 3650 momenta
3097 3593 3229 3661 (Act.
3266 3591 3317 3643 1.
3350 3588 3428 3658 7),
3479 3601 3663 3641 rursus

2083 3706 2265 3772 tacuit,
2287 3722 2383 3761 nec
2408 3701 2742 3760 coatradicit.
2761 3694 3068 3763 Deindeqiie
3091 3692 3141 3743 in
3172 3687 3448 3743 cmnaculo
3474 3692 3530 3739 et
3550 3687 3663 3739 sin-

2084 3803 2224 3858 done
2246 3817 2366 3858 cum
2397 3798 2636 3854 audisset
2666 3807 2851 3849 vocem
2899 3790 3166 3842 dicentem
3210 3783 3333 3847 sibi,
3371 3780 3499 3845 Quae
3529 3781 3666 3833 Deus

2087 3896 2416 3966 puri/icavit,
2467 3900 2520 3943 tu
2562 3883 2849 3940 communia
2896 3896 2959 3933 ne
2997 3877 3184 3931 dixeris
3226 3872 3348 3944 (Ib.
3399 3871 3487 3926 10.
3536 3871 3660 3940 15),

2086 3963 2215 4047 cum
2249 4003 2356 4043 non
2409 3985 2553 4038 clare
2580 3980 2744 4035 sciret
2764 3974 2891 4046 quid
2916 3971 3016 4026 sibi
3048 3969 3212 4023 vellet
3240 3965 3393 4030 illud,
3426 3963 3664 4034 quievit,

2087 4095 2256 4151 neque
2284 4073 2582 4132 contendit.

2156 4148 2212 4230 Ai.
2261 4170 2504 4225 Voluntas
2531 4166 2637 4219 sine
2664 4159 2828 4232 gratia
2859 4174 2957 4210 non
2990 4156 3122 4226 agit,
3155 4161 3211 4206 ut
3235 4168 3325 4205 nec
3360 4149 3526 4220 gratia
3562 4148 3670 4200 sine

2087 4267 2356 4322 uoluntate.
2404 4259 2660 4313 Christum
2696 4251 2892 4305 edimus
2941 4247 2994 4298 in
3044 4241 3386 4297 Eucltaristia.
3439 4270 3508 4278 —
3547 4237 3671 4293 Hinc

2092 4371 2252 4426 porro
2287 4350 2462 4404 omnia
2491 4347 2672 4414 lapsus
2703 4341 2791 4396 ille
2815 4345 3065 4408 operatus
3087 4335 3200 4388 fuit.
3232 4335 3399 4386 Antea
3426 4345 3554 4384 vero
3589 4340 3668 4385 lo-

2093 4424 2202 4502 tum
2249 4443 2350 4498 sibi
2388 4438 2661 4500 adscribit,
2700 4435 2885 4487 dicens
2925 4448 2938 4482 :
2973 4429 3081 4481 Etsi
3129 4443 3300 4479 omnes
3342 4424 3672 4478 scandalizati

2093 4539 2314 4610 fuerint,
2346 4551 2434 4605 ego
2473 4547 2574 4584 non
2618 4521 3022 4581 scandalizabor.
3055 4519 3265 4572 Etiamsi
3294 4516 3572 4587 oportuerit
3597 4531 3675 4566 me

2094 4607 2223 4686 mori
2244 4639 2542 4691 tecum,non
2563 4633 2609 4674 te
2639 4617 2868 4688 negabo;
2893 4629 3012 4668 cum
3035 4611 3213 4666 dicere
3239 4611 3582 4680 oportuisset,
3617 4607 3673 4660 Si

2094 4722 2261 4794 gratia
2303 4727 2389 4772 tua
2436 4716 2607 4776 fruar;
2655 4719 2841 4766 contra
2887 4721 3014 4761 vero
3054 4713 3234 4773 postea
3282 4702 3359 4757 sic
3399 4701 3673 4770 loquitur:

2101 4793 2235 4882 Quid
2264 4811 2404 4864 nobis
2425 4805 2702 4869 attenditis,
2732 4801 2877 4871 quasi
2909 4798 3114 4868 prapria
3143 4796 3324 4849 virtute
3349 4796 3425 4847 vel
3454 4793 3635 4862 pietate
3660 4794 3673 4823 ¹

2098 4905 2362 4977 fecerimus
2405 4901 2538 4952 hunc
2581 4894 2840 4948 ambulare
2869 4889 3022 4963 (Act.
3051 4889 3101 4941 5.
3133 4887 3200 4942 12
3223 4887 3284 4957 )?
3319 4885 3560 4955 Magnum
3593 4883 3680 4937 hic

2100 5000 2287 5066 dogma
2307 4992 2617 5062 accipimus,
2637 5003 2742 5040 non
2765 4983 3010 5040 sufficere
3028 4979 3256 5034 hominis
3281 4977 3563 5044 fervorem,
3581 4977 3680 5030 nisi

2101 5103 2330 5160 superna
2360 5085 2499 5138 adsit
2544 5079 2746 5152 gratia;
2794 5077 3028 5144 itemque
3066 5071 3198 5126 nihil
3244 5084 3340 5124 nos
3373 5083 3402 5122 a
3451 5083 3679 5138 superna

2101 5185 2268 5257 gratia
2289 5180 2481 5250 juvari,
2531 5175 2631 5230 nisi
2675 5170 2964 5226 voluntatis
3003 5165 3234 5221 studium
3273 5163 3426 5217 adsit.
3474 5161 3540 5216 Et
3570 5161 3685 5215 huic

2105 5254 2262 5335 ambo
2285 5273 2574 5330 ostendunt
2600 5269 2763 5324 Iudas
2787 5275 2840 5320 et
2877 5264 3067 5318 Petrus
3101 5276 3113 5312 :
3144 5258 3231 5312 ille
3257 5271 3485 5326 namque
3521 5254 3685 5308 multo

2108 5375 2267 5428 fultus
2290 5367 2508 5431 auxilio,
2541 5362 2671 5418 nihil
2699 5359 2819 5413 hinc
2842 5355 3044 5410 fructus
3072 5351 3328 5423 percepit,
3358 5349 3478 5420 quia
3497 5347 3684 5412 noluit,

2109 5480 2209 5520 nec
2235 5478 2327 5516 sua
2355 5456 2610 5520 contulit;
2651 5452 2741 5507 hic
2770 5465 2896 5504 vero
2917 5462 3035 5502 cum
3072 5443 3346 5514 proposito
3377 5439 3684 5504 voluntatis,

2107 5558 2230 5628 quia
2255 5554 2399 5608 nullo
2419 5550 2577 5604 fultus
2607 5555 2723 5601 erat
2746 5542 2965 5605 auxilio,
2999 5540 3178 5607 lapsus
3207 5545 3309 5590 est.
3339 5534 3470 5588 Nam
3501 5547 3565 5586 ex
3599 5531 3687 5584 his

2108 5648 2314 5705 duobus
2340 5644 2508 5697 virtus
2526 5636 2848 5694 contexitur.
2884 5633 3216 5701 Quapropter
3245 5641 3392 5694 rogo,
3424 5639 3490 5679 ne
3512 5623 3688 5677 omnia

2179 5763 2194 5792 ι
2220 5758 2332 5818 Alii,
2360 5753 2432 5806 vel
2464 5757 2704 5817 potestate.
3260 5805 3335 5867 18
