  <div class='ocr_page' id='page_1' title='image "/cluster/home/n/w/nwhite01/storage/ocr_20150623/58/nnc1.0046979956/283.png"; bbox 0 0 4104 6380; ppageno 0'>
   <div class='ocr_carea' id='block_1_1' title="bbox 463 288 563 339">
    <p class='ocr_par' dir='ltr' id='par_1_1' title="bbox 463 288 563 339">
     <span class='ocr_line' id='line_1_1' title="bbox 463 288 563 339; baseline 0 -1"><span class='ocrx_word' id='word_1_1' title='bbox 463 288 563 339; x_wconf 64' lang='grc' dir='ltr'><strong>Ἱ-ιπ</strong></span> 
     </span>
    </p>
   </div>
   <div class='ocr_carea' id='block_1_2' title="bbox 460 404 2043 477">
    <p class='ocr_par' dir='ltr' id='par_1_2' title="bbox 460 404 2043 477">
     <span class='ocr_line' id='line_1_2' title="bbox 460 404 2043 477; baseline 0.003 -21"><span class='ocrx_word' id='word_1_2' title='bbox 460 404 523 457; x_wconf 82' lang='lat' dir='ltr'><strong>ad</strong></span> <span class='ocrx_word' id='word_1_3' title='bbox 554 404 719 459; x_wconf 84' lang='lat' dir='ltr'><strong>Deum</strong></span> <span class='ocrx_word' id='word_1_4' title='bbox 747 407 1096 469; x_wconf 88' lang='lat' dir='ltr'><strong>remittentes,</strong></span> <span class='ocrx_word' id='word_1_5' title='bbox 1116 407 1464 472; x_wconf 80' lang='lat' dir='ltr'><strong>dormiamus,</strong></span> <span class='ocrx_word' id='word_1_6' title='bbox 1492 423 1622 463; x_wconf 84' lang='lat' dir='ltr'>neve</span> <span class='ocrx_word' id='word_1_7' title='bbox 1641 423 1800 477; x_wconf 83' lang='lat' dir='ltr'><strong>agere</strong></span> <span class='ocrx_word' id='word_1_8' title='bbox 1826 407 2043 462; x_wconf 91' lang='lat' dir='ltr'><strong>studen-</strong></span> 
     </span>
    </p>
   </div>
   <div class='ocr_carea' id='block_1_3' title="bbox 461 498 2043 568">
    <p class='ocr_par' dir='ltr' id='par_1_3' title="bbox 461 498 2043 568">
     <span class='ocr_line' id='line_1_3' title="bbox 461 498 2043 568; baseline 0.003 -18"><span class='ocrx_word' id='word_1_9' title='bbox 461 506 560 561; x_wconf 76' lang='lat' dir='ltr'><strong>tes,</strong></span> <span class='ocrx_word' id='word_1_10' title='bbox 588 506 836 565; x_wconf 88' lang='lat' dir='ltr'><strong>putemus</strong></span> <span class='ocrx_word' id='word_1_11' title='bbox 882 512 980 552; x_wconf 91' lang='lat' dir='ltr'><strong>nos</strong></span> <span class='ocrx_word' id='word_1_12' title='bbox 1022 499 1251 568; x_wconf 83' lang='lat' dir='ltr'><strong>propriis</strong></span> <span class='ocrx_word' id='word_1_13' title='bbox 1294 498 1562 553; x_wconf 77' lang='lat' dir='ltr'><strong>laboribus</strong></span> <span class='ocrx_word' id='word_1_14' title='bbox 1604 510 1770 554; x_wconf 88' lang='lat' dir='ltr'><strong>totum</strong></span> <span class='ocrx_word' id='word_1_15' title='bbox 1817 501 2043 555; x_wconf 79' lang='lat' dir='ltr'><strong>facturos</strong></span> 
     </span>
    </p>
   </div>
   <div class='ocr_carea' id='block_1_4' title="bbox 456 589 2044 663">
    <p class='ocr_par' dir='ltr' id='par_1_4' title="bbox 456 589 2044 663">
     <span class='ocr_line' id='line_1_4' title="bbox 456 589 2044 663; baseline 0.002 -19"><span class='ocrx_word' id='word_1_16' title='bbox 456 605 598 646; x_wconf 85' lang='lat' dir='ltr'><strong>esse.</strong></span> <span class='ocrx_word' id='word_1_17' title='bbox 630 589 813 659; x_wconf 83' lang='lat' dir='ltr'><strong>Neque</strong></span> <span class='ocrx_word' id='word_1_18' title='bbox 856 590 999 645; x_wconf 93' lang='lat' dir='ltr'><strong>enim</strong></span> <span class='ocrx_word' id='word_1_19' title='bbox 1040 606 1138 645; x_wconf 90' lang='lat' dir='ltr'><strong>nos</strong></span> <span class='ocrx_word' id='word_1_20' title='bbox 1173 594 1392 663; x_wconf 86' lang='lat' dir='ltr'><strong>supinos</strong></span> <span class='ocrx_word' id='word_1_21' title='bbox 1422 608 1544 647; x_wconf 86' lang='lat' dir='ltr'><strong>esse</strong></span> <span class='ocrx_word' id='word_1_22' title='bbox 1570 593 1677 646; x_wconf 85' lang='lat' dir='ltr'><strong>vult</strong></span> <span class='ocrx_word' id='word_1_23' title='bbox 1710 594 1866 647; x_wconf 86' lang='lat' dir='ltr'>Deus.</span> <span class='ocrx_word' id='word_1_24' title='bbox 1920 593 2044 647; x_wconf 81' lang='lat' dir='ltr'><strong>Ideo</strong></span> 
     </span>
    </p>
   </div>
   <div class='ocr_carea' id='block_1_5' title="bbox 460 683 2042 754">
    <p class='ocr_par' dir='ltr' id='par_1_5' title="bbox 460 683 2042 754">
     <span class='ocr_line' id='line_1_5' title="bbox 460 683 2042 754; baseline 0.002 -19"><span class='ocrx_word' id='word_1_25' title='bbox 460 698 562 736; x_wconf 90' lang='lat' dir='ltr'><strong>non</strong></span> <span class='ocrx_word' id='word_1_26' title='bbox 597 690 761 735; x_wconf 90' lang='lat' dir='ltr'><strong>totum</strong></span> <span class='ocrx_word' id='word_1_27' title='bbox 792 683 905 750; x_wconf 90' lang='lat' dir='ltr'><strong>ipse</strong></span> <span class='ocrx_word' id='word_1_28' title='bbox 954 683 1161 751; x_wconf 88' lang='lat' dir='ltr'><strong>perficit</strong></span> <span class='ocrx_word' id='word_1_29' title='bbox 1183 725 1197 745; x_wconf 91' lang='lat'><strong>,</strong></span> <span class='ocrx_word' id='word_1_30' title='bbox 1247 699 1420 751; x_wconf 90' lang='lat' dir='ltr'><strong>neque</strong></span> <span class='ocrx_word' id='word_1_31' title='bbox 1450 684 1561 737; x_wconf 94' lang='lat' dir='ltr'><strong>vult</strong></span> <span class='ocrx_word' id='word_1_32' title='bbox 1590 699 1688 738; x_wconf 90' lang='lat' dir='ltr'><strong>nos</strong></span> <span class='ocrx_word' id='word_1_33' title='bbox 1734 694 2042 754; x_wconf 71' lang='lat' dir='ltr'><strong>arrogantes</strong></span> 
     </span>
    </p>
   </div>
   <div class='ocr_carea' id='block_1_6' title="bbox 457 773 2042 845">
    <p class='ocr_par' dir='ltr' id='par_1_6' title="bbox 457 773 2042 845">
     <span class='ocr_line' id='line_1_6' title="bbox 457 773 2042 845; baseline 0.004 -20"><span class='ocrx_word' id='word_1_34' title='bbox 457 790 594 827; x_wconf 57' lang='lat' dir='ltr'><strong>esse.</strong></span> <span class='ocrx_word' id='word_1_35' title='bbox 620 773 954 841; x_wconf 90' lang='lat' dir='ltr'><strong>Quapropter</strong></span> <span class='ocrx_word' id='word_1_36' title='bbox 984 789 1087 827; x_wconf 90' lang='lat' dir='ltr'><strong>non</strong></span> <span class='ocrx_word' id='word_1_37' title='bbox 1109 783 1275 827; x_wconf 87' lang='lat' dir='ltr'><strong>totum</strong></span> <span class='ocrx_word' id='word_1_38' title='bbox 1301 776 1450 828; x_wconf 90' lang='lat' dir='ltr'><strong>nobis</strong></span> <span class='ocrx_word' id='word_1_39' title='bbox 1474 775 1640 837; x_wconf 90' lang='lat' dir='ltr'><strong>dedit,</strong></span> <span class='ocrx_word' id='word_1_40' title='bbox 1668 776 1759 829; x_wconf 84' lang='lat' dir='ltr'><strong>sed</strong></span> <span class='ocrx_word' id='word_1_41' title='bbox 1794 779 2042 845; x_wconf 90' lang='lat' dir='ltr'><strong>utrinque</strong></span> 
     </span>
    </p>
   </div>
   <div class='ocr_carea' id='block_1_7' title="bbox 457 865 2041 936">
    <p class='ocr_par' dir='ltr' id='par_1_7' title="bbox 457 865 2041 936">
     <span class='ocr_line' id='line_1_7' title="bbox 457 865 2041 936; baseline 0.004 -19"><span class='ocrx_word' id='word_1_42' title='bbox 457 880 647 918; x_wconf 79' lang='lat' dir='ltr'><strong>noxam</strong></span> <span class='ocrx_word' id='word_1_43' title='bbox 684 865 957 929; x_wconf 76' lang='lat' dir='ltr'><strong>auferens,</strong></span> <span class='ocrx_word' id='word_1_44' title='bbox 1000 865 1142 935; x_wconf 91' lang='lat' dir='ltr'><strong>quod</strong></span> <span class='ocrx_word' id='word_1_45' title='bbox 1194 876 1312 920; x_wconf 78' lang='lat' dir='ltr'><strong>erat</strong></span> <span class='ocrx_word' id='word_1_46' title='bbox 1368 868 1497 921; x_wconf 86' lang='lat' dir='ltr'><strong>utile</strong></span> <span class='ocrx_word' id='word_1_47' title='bbox 1547 868 1779 936; x_wconf 76' lang='lat' dir='ltr'><strong>reliquit.</strong></span> <span class='ocrx_word' id='word_1_48' title='bbox 1840 868 2041 923; x_wconf 79' lang='lat' dir='ltr'><strong>Idcirco</strong></span> 
     </span>
    </p>
   </div>
   <div class='ocr_carea' id='block_1_8' title="bbox 455 955 2039 1026">
    <p class='ocr_par' dir='ltr' id='par_1_8' title="bbox 455 955 2039 1026">
     <span class='ocr_line' id='line_1_8' title="bbox 455 955 2039 1026; baseline 0.003 -17"><span class='ocrx_word' id='word_1_49' title='bbox 455 955 796 1026; x_wconf 70' lang='lat' dir='ltr'><strong>corypltmum</strong></span> <span class='ocrx_word' id='word_1_50' title='bbox 827 956 1023 1011; x_wconf 89' lang='lat' dir='ltr'><strong>cadere</strong></span> <span class='ocrx_word' id='word_1_51' title='bbox 1052 957 1292 1026; x_wconf 77' lang='lat' dir='ltr'><strong>permisit</strong></span> <span class='ocrx_word' id='word_1_52' title='bbox 1314 998 1330 1019; x_wconf 89' lang='lat'><strong>,</strong></span> <span class='ocrx_word' id='word_1_53' title='bbox 1367 968 1427 1011; x_wconf 90' lang='lat' dir='ltr'><strong>ut</strong></span> <span class='ocrx_word' id='word_1_54' title='bbox 1459 958 1603 1012; x_wconf 83' lang='lat' dir='ltr'><strong>illum</strong></span> <span class='ocrx_word' id='word_1_55' title='bbox 1633 959 2039 1013; x_wconf 82' lang='lat' dir='ltr'><strong>moderatiorem</strong></span> 
     </span>
    </p>
   </div>
   <div class='ocr_carea' id='block_1_9' title="bbox 456 1048 2043 1116">
    <p class='ocr_par' dir='ltr' id='par_1_9' title="bbox 456 1048 2043 1116">
     <span class='ocr_line' id='line_1_9' title="bbox 456 1048 2043 1116; baseline 0.003 -15"><span class='ocrx_word' id='word_1_56' title='bbox 456 1048 723 1107; x_wconf 81' lang='lat' dir='ltr'><strong>redderet.</strong></span> <span class='ocrx_word' id='word_1_57' title='bbox 774 1057 828 1102; x_wconf 84' lang='lat' dir='ltr'><strong>et</strong></span> <span class='ocrx_word' id='word_1_58' title='bbox 858 1049 922 1102; x_wconf 86' lang='lat' dir='ltr'><strong>ad</strong></span> <span class='ocrx_word' id='word_1_59' title='bbox 972 1048 1228 1116; x_wconf 90' lang='lat' dir='ltr'><strong>majorem</strong></span> <span class='ocrx_word' id='word_1_60' title='bbox 1280 1053 1552 1103; x_wconf 78' lang='lat' dir='ltr'><strong>caritatem</strong></span> <span class='ocrx_word' id='word_1_61' title='bbox 1605 1050 1917 1105; x_wconf 86' lang='lat' dir='ltr'><strong>induceret:</strong></span> <span class='ocrx_word' id='word_1_62' title='bbox 1946 1050 2043 1106; x_wconf 84' lang='lat' dir='ltr'><strong>Cui</strong></span> 
     </span>
    </p>
   </div>
   <div class='ocr_carea' id='block_1_10' title="bbox 453 1139 2036 1212">
    <p class='ocr_par' dir='ltr' id='par_1_10' title="bbox 453 1139 2036 1212">
     <span class='ocr_line' id='line_1_10' title="bbox 453 1139 2036 1212; baseline 0.004 -22"><span class='ocrx_word' id='word_1_63' title='bbox 453 1140 604 1199; x_wconf 84' lang='lat' dir='ltr'><strong>enim,</strong></span> <span class='ocrx_word' id='word_1_64' title='bbox 638 1139 825 1208; x_wconf 90' lang='lat' dir='ltr'><strong>inquit,</strong></span> <span class='ocrx_word' id='word_1_65' title='bbox 853 1139 967 1208; x_wconf 76' lang='lat' dir='ltr'><strong>plus</strong></span> <span class='ocrx_word' id='word_1_66' title='bbox 992 1140 1252 1193; x_wconf 79' lang='lat' dir='ltr'><strong>remissum</strong></span> <span class='ocrx_word' id='word_1_67' title='bbox 1277 1140 1449 1208; x_wconf 82' lang='lat' dir='ltr'><strong>fuerit,</strong></span> <span class='ocrx_word' id='word_1_68' title='bbox 1467 1140 2036 1212; x_wconf 78' lang='lat' dir='ltr'><strong>ismagisdiliget(buc.</strong></span> 
     </span>
    </p>
   </div>
   <div class='ocr_carea' id='block_1_11' title="bbox 455 1227 2041 1302">
    <p class='ocr_par' dir='ltr' id='par_1_11' title="bbox 455 1227 2041 1302">
     <span class='ocr_line' id='line_1_11' title="bbox 455 1227 2041 1302; baseline 0.002 -19"><span class='ocrx_word' id='word_1_69' title='bbox 455 1231 506 1283; x_wconf 90' lang='lat'><strong>7.</strong></span> <span class='ocrx_word' id='word_1_70' title='bbox 538 1227 651 1302; x_wconf 73' lang='grc'>47).</span> <span class='ocrx_word' id='word_1_71' title='bbox 683 1230 791 1284; x_wconf 89' lang='lat' dir='ltr'><strong>Deo</strong></span> <span class='ocrx_word' id='word_1_72' title='bbox 817 1230 974 1299; x_wconf 86' lang='lat' dir='ltr'><strong>igitur</strong></span> <span class='ocrx_word' id='word_1_73' title='bbox 1004 1230 1201 1298; x_wconf 90' lang='lat' dir='ltr'><strong>ubique</strong></span> <span class='ocrx_word' id='word_1_74' title='bbox 1228 1230 1614 1298; x_wconf 68' lang='lat' dir='ltr'><strong>obsequantur;</strong></span> <span class='ocrx_word' id='word_1_75' title='bbox 1649 1246 1749 1285; x_wconf 91' lang='lat' dir='ltr'><strong>nec</strong></span> <span class='ocrx_word' id='word_1_76' title='bbox 1772 1234 2041 1287; x_wconf 78' lang='lat' dir='ltr'><strong>Contradi-</strong></span> 
     </span>
    </p>
   </div>
   <div class='ocr_carea' id='block_1_12' title="bbox 453 1320 2037 1395">
    <p class='ocr_par' dir='ltr' id='par_1_12' title="bbox 453 1320 2037 1395">
     <span class='ocr_line' id='line_1_12' title="bbox 453 1320 2037 1395; baseline 0.001 -19"><span class='ocrx_word' id='word_1_77' title='bbox 453 1338 638 1376; x_wconf 88' lang='lat' dir='ltr'><strong>camus</strong></span> <span class='ocrx_word' id='word_1_78' title='bbox 663 1321 735 1384; x_wconf 90' lang='lat' dir='ltr'><strong>ei,</strong></span> <span class='ocrx_word' id='word_1_79' title='bbox 769 1320 981 1375; x_wconf 91' lang='lat' dir='ltr'><strong>etiamsi</strong></span> <span class='ocrx_word' id='word_1_80' title='bbox 1006 1320 1055 1375; x_wconf 90' lang='lat' dir='ltr'><strong>id</strong></span> <span class='ocrx_word' id='word_1_81' title='bbox 1085 1320 1224 1391; x_wconf 92' lang='lat' dir='ltr'><strong>quod</strong></span> <span class='ocrx_word' id='word_1_82' title='bbox 1253 1321 1402 1386; x_wconf 85' lang='lat' dir='ltr'><strong>dicit,</strong></span> <span class='ocrx_word' id='word_1_83' title='bbox 1433 1322 1625 1377; x_wconf 89' lang='lat' dir='ltr'><strong>rationi</strong></span> <span class='ocrx_word' id='word_1_84' title='bbox 1647 1333 1707 1378; x_wconf 90' lang='lat' dir='ltr'><strong>et</strong></span> <span class='ocrx_word' id='word_1_85' title='bbox 1735 1324 2037 1395; x_wconf 90' lang='lat' dir='ltr'><strong>intelligen—</strong></span> 
     </span>
    </p>
   </div>
   <div class='ocr_carea' id='block_1_13' title="bbox 454 1410 2038 1484">
    <p class='ocr_par' dir='ltr' id='par_1_13' title="bbox 454 1410 2038 1484">
     <span class='ocr_line' id='line_1_13' title="bbox 454 1410 2038 1484; baseline 0.004 -21"><span class='ocrx_word' id='word_1_86' title='bbox 454 1413 538 1465; x_wconf 73' lang='lat' dir='ltr'><strong>tia:</strong></span> <span class='ocrx_word' id='word_1_87' title='bbox 566 1421 761 1465; x_wconf 68' lang='lat' dir='ltr'><strong>nostra:</strong></span> <span class='ocrx_word' id='word_1_88' title='bbox 790 1411 1112 1465; x_wconf 90' lang='lat' dir='ltr'><strong>contrarium</strong></span> <span class='ocrx_word' id='word_1_89' title='bbox 1146 1410 1388 1466; x_wconf 89' lang='lat' dir='ltr'><strong>videatur</strong></span> <span class='ocrx_word' id='word_1_90' title='bbox 1419 1429 1432 1465; x_wconf 88' lang='lat'><strong>:</strong></span> <span class='ocrx_word' id='word_1_91' title='bbox 1463 1412 1558 1466; x_wconf 92' lang='lat' dir='ltr'><strong>sed</strong></span> <span class='ocrx_word' id='word_1_92' title='bbox 1591 1414 1879 1482; x_wconf 84' lang='lat' dir='ltr'><strong>praevaleat</strong></span> <span class='ocrx_word' id='word_1_93' title='bbox 1923 1414 2038 1484; x_wconf 89' lang='lat' dir='ltr'><strong>ejus</strong></span> 
     </span>
    </p>
   </div>
   <div class='ocr_carea' id='block_1_14' title="bbox 454 1503 2037 1573">
    <p class='ocr_par' dir='ltr' id='par_1_14' title="bbox 454 1503 2037 1573">
     <span class='ocr_line' id='line_1_14' title="bbox 454 1503 2037 1573; baseline 0.004 -17"><span class='ocrx_word' id='word_1_94' title='bbox 454 1519 631 1557; x_wconf 79' lang='lat' dir='ltr'><strong>sermo</strong></span> <span class='ocrx_word' id='word_1_95' title='bbox 659 1503 849 1557; x_wconf 88' lang='lat' dir='ltr'><strong>rationi</strong></span> <span class='ocrx_word' id='word_1_96' title='bbox 894 1512 947 1556; x_wconf 90' lang='lat' dir='ltr'><strong>et</strong></span> <span class='ocrx_word' id='word_1_97' title='bbox 993 1503 1356 1573; x_wconf 68' lang='lat' dir='ltr'><strong>intelligentiae</strong></span> <span class='ocrx_word' id='word_1_98' title='bbox 1406 1512 1627 1558; x_wconf 60' lang='lat' dir='ltr'><strong>nostrae.</strong></span> <span class='ocrx_word' id='word_1_99' title='bbox 1657 1504 1748 1561; x_wconf 91' lang='lat' dir='ltr'><strong>Sic</strong></span> <span class='ocrx_word' id='word_1_100' title='bbox 1772 1507 1931 1561; x_wconf 90' lang='lat' dir='ltr'><strong>etiam</strong></span> <span class='ocrx_word' id='word_1_101' title='bbox 1983 1509 2037 1563; x_wconf 90' lang='lat' dir='ltr'><strong>in</strong></span> 
     </span>
    </p>
   </div>
   <div class='ocr_carea' id='block_1_15' title="bbox 452 1595 2034 1668">
    <p class='ocr_par' dir='ltr' id='par_1_15' title="bbox 452 1595 2034 1668">
     <span class='ocr_line' id='line_1_15' title="bbox 452 1595 2034 1668; baseline 0.005 -21"><span class='ocrx_word' id='word_1_102' title='bbox 452 1597 720 1666; x_wconf 87' lang='lat' dir='ltr'><strong>mysteriis</strong></span> <span class='ocrx_word' id='word_1_103' title='bbox 751 1595 1025 1660; x_wconf 83' lang='lat' dir='ltr'><strong>faciamus,</strong></span> <span class='ocrx_word' id='word_1_104' title='bbox 1065 1612 1168 1649; x_wconf 90' lang='lat' dir='ltr'><strong>non</strong></span> <span class='ocrx_word' id='word_1_105' title='bbox 1210 1611 1272 1650; x_wconf 86' lang='lat' dir='ltr'><strong>ea</strong></span> <span class='ocrx_word' id='word_1_106' title='bbox 1304 1596 1477 1651; x_wconf 89' lang='lat' dir='ltr'><strong>solum</strong></span> <span class='ocrx_word' id='word_1_107' title='bbox 1507 1614 1625 1668; x_wconf 60' lang='lat' dir='ltr'><strong>qua!</strong></span> <span class='ocrx_word' id='word_1_108' title='bbox 1671 1599 1771 1653; x_wconf 89' lang='lat' dir='ltr'><strong>sub</strong></span> <span class='ocrx_word' id='word_1_109' title='bbox 1816 1616 2034 1655; x_wconf 90' lang='lat' dir='ltr'><strong>sensum</strong></span> 
     </span>
    </p>
   </div>
   <div class='ocr_carea' id='block_1_16' title="bbox 449 1687 2036 1758">
    <p class='ocr_par' dir='ltr' id='par_1_16' title="bbox 449 1687 2036 1758">
     <span class='ocr_line' id='line_1_16' title="bbox 449 1687 2036 1758; baseline 0.006 -19"><span class='ocrx_word' id='word_1_110' title='bbox 449 1689 641 1740; x_wconf 78' lang='lat' dir='ltr'><strong>cmluut</strong></span> <span class='ocrx_word' id='word_1_111' title='bbox 670 1687 1039 1755; x_wconf 81' lang='lat' dir='ltr'><strong>rcSpicientes,</strong></span> <span class='ocrx_word' id='word_1_112' title='bbox 1087 1687 1181 1741; x_wconf 91' lang='lat' dir='ltr'><strong>sed</strong></span> <span class='ocrx_word' id='word_1_113' title='bbox 1223 1687 1382 1742; x_wconf 88' lang='lat' dir='ltr'><strong>verba</strong></span> <span class='ocrx_word' id='word_1_114' title='bbox 1413 1689 1529 1758; x_wconf 87' lang='lat' dir='ltr'><strong>ejus</strong></span> <span class='ocrx_word' id='word_1_115' title='bbox 1568 1690 1875 1746; x_wconf 87' lang='lat' dir='ltr'><strong>retinentes.</strong></span> <span class='ocrx_word' id='word_1_116' title='bbox 1907 1693 2036 1748; x_wconf 89' lang='lat' dir='ltr'><strong>Ver-</strong></span> 
     </span>
    </p>
   </div>
   <div class='ocr_carea' id='block_1_17' title="bbox 449 1780 2037 1850">
    <p class='ocr_par' dir='ltr' id='par_1_17' title="bbox 449 1780 2037 1850">
     <span class='ocr_line' id='line_1_17' title="bbox 449 1780 2037 1850; baseline 0.003 -15"><span class='ocrx_word' id='word_1_117' title='bbox 449 1782 572 1835; x_wconf 86' lang='lat' dir='ltr'><strong>bum</strong></span> <span class='ocrx_word' id='word_1_118' title='bbox 602 1781 793 1850; x_wconf 77' lang='lat' dir='ltr'><strong>quippe</strong></span> <span class='ocrx_word' id='word_1_119' title='bbox 817 1780 933 1848; x_wconf 90' lang='lat' dir='ltr'><strong>ejus</strong></span> <span class='ocrx_word' id='word_1_120' title='bbox 981 1780 1165 1834; x_wconf 87' lang='lat' dir='ltr'><strong>fallere</strong></span> <span class='ocrx_word' id='word_1_121' title='bbox 1206 1780 1419 1850; x_wconf 90' lang='lat' dir='ltr'><strong>nequit;</strong></span> <span class='ocrx_word' id='word_1_122' title='bbox 1462 1796 1652 1836; x_wconf 90' lang='lat' dir='ltr'><strong>sensus</strong></span> <span class='ocrx_word' id='word_1_123' title='bbox 1699 1798 1827 1837; x_wconf 89' lang='lat' dir='ltr'><strong>vero</strong></span> <span class='ocrx_word' id='word_1_124' title='bbox 1855 1795 2037 1839; x_wconf 87' lang='lat' dir='ltr'><strong>noster</strong></span> 
     </span>
    </p>
   </div>
   <div class='ocr_carea' id='block_1_18' title="bbox 449 1869 2034 1942">
    <p class='ocr_par' dir='ltr' id='par_1_18' title="bbox 449 1869 2034 1942">
     <span class='ocr_line' id='line_1_18' title="bbox 449 1869 2034 1942; baseline 0.003 -17"><span class='ocrx_word' id='word_1_125' title='bbox 449 1872 604 1926; x_wconf 83' lang='lat' dir='ltr'><strong>facile</strong></span> <span class='ocrx_word' id='word_1_126' title='bbox 625 1870 902 1939; x_wconf 76' lang='lat' dir='ltr'><strong>decipitur.</strong></span> <span class='ocrx_word' id='word_1_127' title='bbox 930 1869 1162 1925; x_wconf 83' lang='lat' dir='ltr'><strong>Verbum</strong></span> <span class='ocrx_word' id='word_1_128' title='bbox 1187 1870 1300 1939; x_wconf 85' lang='lat' dir='ltr'><strong>ejus</strong></span> <span class='ocrx_word' id='word_1_129' title='bbox 1321 1887 1609 1942; x_wconf 88' lang='lat' dir='ltr'><strong>numquam</strong></span> <span class='ocrx_word' id='word_1_130' title='bbox 1638 1874 1866 1941; x_wconf 83' lang='lat' dir='ltr'><strong>excidit;</strong></span> <span class='ocrx_word' id='word_1_131' title='bbox 1898 1891 2034 1931; x_wconf 84' lang='lat' dir='ltr'><strong>sen-</strong></span> 
     </span>
    </p>
   </div>
   <div class='ocr_carea' id='block_1_19' title="bbox 447 1959 2034 2030">
    <p class='ocr_par' dir='ltr' id='par_1_19' title="bbox 447 1959 2034 2030">
     <span class='ocr_line' id='line_1_19' title="bbox 447 1959 2034 2030; baseline 0.003 -14"><span class='ocrx_word' id='word_1_132' title='bbox 447 1978 539 2017; x_wconf 87' lang='lat' dir='ltr'><strong>sus</strong></span> <span class='ocrx_word' id='word_1_133' title='bbox 567 1978 693 2015; x_wconf 85' lang='lat' dir='ltr'><strong>vero</strong></span> <span class='ocrx_word' id='word_1_134' title='bbox 719 1976 863 2030; x_wconf 74' lang='lat' dir='ltr'><strong>smpe</strong></span> <span class='ocrx_word' id='word_1_135' title='bbox 889 1959 1106 2014; x_wconf 86' lang='lat' dir='ltr'><strong>fallitur.</strong></span> <span class='ocrx_word' id='word_1_136' title='bbox 1152 1961 1414 2030; x_wconf 81' lang='lat' dir='ltr'><strong>Quoniam</strong></span> <span class='ocrx_word' id='word_1_137' title='bbox 1446 1978 1574 2018; x_wconf 89' lang='lat' dir='ltr'><strong>vero</strong></span> <span class='ocrx_word' id='word_1_138' title='bbox 1615 1964 1702 2020; x_wconf 90' lang='lat' dir='ltr'><strong>ille</strong></span> <span class='ocrx_word' id='word_1_139' title='bbox 1731 1965 1884 2029; x_wconf 84' lang='lat' dir='ltr'><strong>dixit,</strong></span> <span class='ocrx_word' id='word_1_140' title='bbox 1924 1967 2034 2021; x_wconf 84' lang='lat' dir='ltr'><strong>Hoc</strong></span> 
     </span>
    </p>
   </div>
   <div class='ocr_carea' id='block_1_20' title="bbox 446 2052 2026 2127">
    <p class='ocr_par' dir='ltr' id='par_1_20' title="bbox 446 2052 2026 2127">
     <span class='ocr_line' id='line_1_20' title="bbox 446 2052 2026 2127; baseline 0.004 -21"><span class='ocrx_word' id='word_1_141' title='bbox 446 2063 722 2122; x_wconf 80' lang='lat' dir='ltr'><strong>estcorpus</strong></span> <span class='ocrx_word' id='word_1_142' title='bbox 752 2068 937 2118; x_wconf 83' lang='lat' dir='ltr'><strong>meum,</strong></span> <span class='ocrx_word' id='word_1_143' title='bbox 968 2052 1419 2121; x_wconf 88' lang='lat' dir='ltr'><strong>obtemperemus,</strong></span> <span class='ocrx_word' id='word_1_144' title='bbox 1450 2053 1752 2122; x_wconf 86' lang='lat' dir='ltr'><strong>credamus,</strong></span> <span class='ocrx_word' id='word_1_145' title='bbox 1792 2067 1844 2111; x_wconf 92' lang='lat' dir='ltr'><strong>et</strong></span> <span class='ocrx_word' id='word_1_146' title='bbox 1869 2059 2026 2127; x_wconf 90' lang='lat' dir='ltr'><strong>spiri-</strong></span> 
     </span>
    </p>
   </div>
   <div class='ocr_carea' id='block_1_21' title="bbox 446 2145 2035 2214">
    <p class='ocr_par' dir='ltr' id='par_1_21' title="bbox 446 2145 2035 2214">
     <span class='ocr_line' id='line_1_21' title="bbox 446 2145 2035 2214; baseline 0.003 -13"><span class='ocrx_word' id='word_1_147' title='bbox 446 2146 676 2201; x_wconf 84' lang='lat' dir='ltr'><strong>tualibus</strong></span> <span class='ocrx_word' id='word_1_148' title='bbox 705 2145 873 2200; x_wconf 90' lang='lat' dir='ltr'><strong>oculis</strong></span> <span class='ocrx_word' id='word_1_149' title='bbox 897 2146 1068 2214; x_wconf 91' lang='lat' dir='ltr'><strong>ipsum</strong></span> <span class='ocrx_word' id='word_1_150' title='bbox 1095 2145 1463 2213; x_wconf 85' lang='lat' dir='ltr'><strong>respiciamus.</strong></span> <span class='ocrx_word' id='word_1_151' title='bbox 1511 2146 1649 2202; x_wconf 89' lang='lat' dir='ltr'><strong>Nihil</strong></span> <span class='ocrx_word' id='word_1_152' title='bbox 1691 2150 1832 2203; x_wconf 91' lang='lat' dir='ltr'><strong>enim</strong></span> <span class='ocrx_word' id='word_1_153' title='bbox 1860 2152 2035 2205; x_wconf 80' lang='lat' dir='ltr'><strong>sensi-</strong></span> 
     </span>
    </p>
   </div>
   <div class='ocr_carea' id='block_1_22' title="bbox 445 2236 2033 2301">
    <p class='ocr_par' dir='ltr' id='par_1_22' title="bbox 445 2236 2033 2301">
     <span class='ocr_line' id='line_1_22' title="bbox 445 2236 2033 2301; baseline 0.004 -11"><span class='ocrx_word' id='word_1_154' title='bbox 445 2237 550 2292; x_wconf 89' lang='lat' dir='ltr'><strong>bile</strong></span> <span class='ocrx_word' id='word_1_155' title='bbox 574 2236 731 2292; x_wconf 88' lang='lat' dir='ltr'><strong>nobis</strong></span> <span class='ocrx_word' id='word_1_156' title='bbox 752 2236 995 2291; x_wconf 81' lang='lat' dir='ltr'><strong>Christus</strong></span> <span class='ocrx_word' id='word_1_157' title='bbox 1017 2237 1195 2301; x_wconf 91' lang='lat' dir='ltr'><strong>dedit;</strong></span> <span class='ocrx_word' id='word_1_158' title='bbox 1222 2236 1315 2291; x_wconf 88' lang='lat' dir='ltr'><strong>sed</strong></span> <span class='ocrx_word' id='word_1_159' title='bbox 1338 2237 1495 2291; x_wconf 83' lang='lat' dir='ltr'><strong>rebus</strong></span> <span class='ocrx_word' id='word_1_160' title='bbox 1507 2239 1666 2292; x_wconf 89' lang='lat' dir='ltr'><strong>etiam</strong></span> <span class='ocrx_word' id='word_1_161' title='bbox 1690 2242 2033 2297; x_wconf 91' lang='lat' dir='ltr'><strong>sensibilibus</strong></span> 
     </span>
    </p>
   </div>
   <div class='ocr_carea' id='block_1_23' title="bbox 445 2326 2034 2402">
    <p class='ocr_par' dir='ltr' id='par_1_23' title="bbox 445 2326 2034 2402">
     <span class='ocr_line' id='line_1_23' title="bbox 445 2326 2034 2402; baseline 0.003 -20"><span class='ocrx_word' id='word_1_162' title='bbox 445 2329 621 2382; x_wconf 90' lang='lat' dir='ltr'><strong>omnia</strong></span> <span class='ocrx_word' id='word_1_163' title='bbox 646 2336 769 2383; x_wconf 92' lang='lat' dir='ltr'><strong>sunt</strong></span> <span class='ocrx_word' id='word_1_164' title='bbox 806 2326 1120 2396; x_wconf 81' lang='lat' dir='ltr'><strong>Spiritnalia.</strong></span> <span class='ocrx_word' id='word_1_165' title='bbox 1155 2328 1243 2382; x_wconf 91' lang='lat' dir='ltr'><strong>Sic</strong></span> <span class='ocrx_word' id='word_1_166' title='bbox 1272 2328 1417 2382; x_wconf 93' lang='lat' dir='ltr'><strong>enim</strong></span> <span class='ocrx_word' id='word_1_167' title='bbox 1461 2336 1518 2384; x_wconf 90' lang='lat' dir='ltr'><strong>et</strong></span> <span class='ocrx_word' id='word_1_168' title='bbox 1552 2330 1604 2383; x_wconf 89' lang='lat' dir='ltr'><strong>in</strong></span> <span class='ocrx_word' id='word_1_169' title='bbox 1632 2329 1898 2399; x_wconf 90' lang='lat' dir='ltr'><strong>baptismo</strong></span> <span class='ocrx_word' id='word_1_170' title='bbox 1939 2348 2034 2402; x_wconf 91' lang='lat' dir='ltr'><strong>per</strong></span> 
     </span>
    </p>
   </div>
   <div class='ocr_carea' id='block_1_24' title="bbox 444 2417 2032 2489">
    <p class='ocr_par' dir='ltr' id='par_1_24' title="bbox 444 2417 2032 2489">
     <span class='ocr_line' id='line_1_24' title="bbox 444 2417 2032 2489; baseline 0.004 -17"><span class='ocrx_word' id='word_1_171' title='bbox 444 2434 554 2473; x_wconf 91' lang='lat' dir='ltr'><strong>rem</strong></span> <span class='ocrx_word' id='word_1_172' title='bbox 578 2418 827 2473; x_wconf 80' lang='lat' dir='ltr'><strong>sensilem</strong></span> <span class='ocrx_word' id='word_1_173' title='bbox 854 2419 1052 2473; x_wconf 91' lang='lat' dir='ltr'><strong>donum</strong></span> <span class='ocrx_word' id='word_1_174' title='bbox 1083 2433 1234 2487; x_wconf 82' lang='lat' dir='ltr'><strong>aquae</strong></span> <span class='ocrx_word' id='word_1_175' title='bbox 1257 2417 1588 2484; x_wconf 89' lang='lat' dir='ltr'><strong>conceditur,</strong></span> <span class='ocrx_word' id='word_1_176' title='bbox 1615 2420 1756 2489; x_wconf 90' lang='lat' dir='ltr'><strong>quod</strong></span> <span class='ocrx_word' id='word_1_177' title='bbox 1802 2423 2032 2478; x_wconf 83' lang='lat' dir='ltr'><strong>efficitur</strong></span> 
     </span>
    </p>
   </div>
   <div class='ocr_carea' id='block_1_25' title="bbox 444 2509 2032 2581">
    <p class='ocr_par' dir='ltr' id='par_1_25' title="bbox 444 2509 2032 2581">
     <span class='ocr_line' id='line_1_25' title="bbox 444 2509 2032 2581; baseline 0.003 -16"><span class='ocrx_word' id='word_1_178' title='bbox 444 2512 720 2581; x_wconf 88' lang='lat' dir='ltr'><strong>spirituale</strong></span> <span class='ocrx_word' id='word_1_179' title='bbox 744 2520 845 2576; x_wconf 91' lang='lat' dir='ltr'><strong>est,</strong></span> <span class='ocrx_word' id='word_1_180' title='bbox 885 2509 1161 2580; x_wconf 78' lang='lat' dir='ltr'><strong>generatio</strong></span> <span class='ocrx_word' id='word_1_181' title='bbox 1186 2518 1243 2564; x_wconf 90' lang='lat' dir='ltr'><strong>et</strong></span> <span class='ocrx_word' id='word_1_182' title='bbox 1274 2511 1607 2578; x_wconf 84' lang='lat' dir='ltr'><strong>regeneratio</strong></span> <span class='ocrx_word' id='word_1_183' title='bbox 1625 2553 1638 2577; x_wconf 92' lang='lat'><strong>,</strong></span> <span class='ocrx_word' id='word_1_184' title='bbox 1672 2511 1785 2566; x_wconf 87' lang='lat' dir='ltr'><strong>sive</strong></span> <span class='ocrx_word' id='word_1_185' title='bbox 1808 2529 2032 2569; x_wconf 83' lang='lat' dir='ltr'><strong>renova-</strong></span> 
     </span>
    </p>
   </div>
   <div class='ocr_carea' id='block_1_26' title="bbox 445 2599 2030 2670">
    <p class='ocr_par' dir='ltr' id='par_1_26' title="bbox 445 2599 2030 2670">
     <span class='ocr_line' id='line_1_26' title="bbox 445 2599 2030 2670; baseline -0.001 -11"><span class='ocrx_word' id='word_1_186' title='bbox 445 2604 688 2659; x_wconf 83' lang='lat' dir='ltr'><strong>tio.Nam</strong></span> <span class='ocrx_word' id='word_1_187' title='bbox 721 2604 763 2657; x_wconf 91' lang='lat' dir='ltr'><strong>si</strong></span> <span class='ocrx_word' id='word_1_188' title='bbox 790 2604 1135 2670; x_wconf 85' lang='lat' dir='ltr'><strong>incorporeus</strong></span> <span class='ocrx_word' id='word_1_189' title='bbox 1158 2615 1325 2661; x_wconf 67' lang='lat' dir='ltr'><strong>esses,</strong></span> <span class='ocrx_word' id='word_1_190' title='bbox 1360 2600 1499 2653; x_wconf 86' lang='lat' dir='ltr'><strong>nuda</strong></span> <span class='ocrx_word' id='word_1_191' title='bbox 1532 2599 1623 2654; x_wconf 83' lang='lat' dir='ltr'><strong>tibi</strong></span> <span class='ocrx_word' id='word_1_192' title='bbox 1661 2602 1748 2655; x_wconf 88' lang='lat' dir='ltr'><strong>illa</strong></span> <span class='ocrx_word' id='word_1_193' title='bbox 1774 2611 1826 2656; x_wconf 79' lang='lat' dir='ltr'><strong>et</strong></span> <span class='ocrx_word' id='word_1_194' title='bbox 1854 2602 2030 2657; x_wconf 81' lang='lat' dir='ltr'><strong>incor-</strong></span> 
     </span>
    </p>
   </div>
   <div class='ocr_carea' id='block_1_27' title="bbox 446 2690 2029 2763">
    <p class='ocr_par' dir='ltr' id='par_1_27' title="bbox 446 2690 2029 2763">
     <span class='ocr_line' id='line_1_27' title="bbox 446 2690 2029 2763; baseline 0.003 -19"><span class='ocrx_word' id='word_1_195' title='bbox 446 2709 602 2763; x_wconf 87' lang='lat' dir='ltr'><strong>porca</strong></span> <span class='ocrx_word' id='word_1_196' title='bbox 629 2693 767 2747; x_wconf 88' lang='lat' dir='ltr'><strong>dona</strong></span> <span class='ocrx_word' id='word_1_197' title='bbox 798 2692 1102 2754; x_wconf 86' lang='lat' dir='ltr'><strong>tribuisset;</strong></span> <span class='ocrx_word' id='word_1_198' title='bbox 1132 2690 1225 2745; x_wconf 88' lang='lat' dir='ltr'><strong>sed</strong></span> <span class='ocrx_word' id='word_1_199' title='bbox 1249 2690 1371 2759; x_wconf 89' lang='lat' dir='ltr'><strong>quia</strong></span> <span class='ocrx_word' id='word_1_200' title='bbox 1399 2692 1609 2759; x_wconf 83' lang='lat' dir='ltr'><strong>corpori</strong></span> <span class='ocrx_word' id='word_1_201' title='bbox 1635 2693 1913 2760; x_wconf 86' lang='lat' dir='ltr'><strong>conjuncta</strong></span> <span class='ocrx_word' id='word_1_202' title='bbox 1946 2706 2029 2749; x_wconf 79' lang='lat' dir='ltr'><strong>est</strong></span> 
     </span>
    </p>
   </div>
   <div class='ocr_carea' id='block_1_28' title="bbox 443 2781 2025 2853">
    <p class='ocr_par' dir='ltr' id='par_1_28' title="bbox 443 2781 2025 2853">
     <span class='ocr_line' id='line_1_28' title="bbox 443 2781 2025 2853; baseline 0.002 -17"><span class='ocrx_word' id='word_1_203' title='bbox 443 2785 637 2845; x_wconf 86' lang='lat' dir='ltr'><strong>anima,</strong></span> <span class='ocrx_word' id='word_1_204' title='bbox 669 2785 718 2837; x_wconf 94' lang='lat' dir='ltr'><strong>in</strong></span> <span class='ocrx_word' id='word_1_205' title='bbox 752 2782 1091 2837; x_wconf 89' lang='lat' dir='ltr'><strong>sensibilibus</strong></span> <span class='ocrx_word' id='word_1_206' title='bbox 1134 2781 1429 2849; x_wconf 86' lang='lat' dir='ltr'><strong>Spiritualia</strong></span> <span class='ocrx_word' id='word_1_207' title='bbox 1462 2782 1554 2835; x_wconf 92' lang='lat' dir='ltr'><strong>tibi</strong></span> <span class='ocrx_word' id='word_1_208' title='bbox 1603 2783 1842 2853; x_wconf 83' lang='lat' dir='ltr'><strong>largitur.</strong></span> <span class='ocrx_word' id='word_1_209' title='bbox 1885 2785 2025 2853; x_wconf 86' lang='lat' dir='ltr'><strong>Quot</strong></span> 
     </span>
    </p>
   </div>
   <div class='ocr_carea' id='block_1_29' title="bbox 442 2874 2024 2949">
    <p class='ocr_par' dir='ltr' id='par_1_29' title="bbox 442 2874 2024 2949">
     <span class='ocr_line' id='line_1_29' title="bbox 442 2874 2024 2949; baseline -0.003 -16"><span class='ocrx_word' id='word_1_210' title='bbox 442 2888 564 2933; x_wconf 90' lang='lat' dir='ltr'><strong>sunt</strong></span> <span class='ocrx_word' id='word_1_211' title='bbox 587 2877 675 2946; x_wconf 92' lang='lat' dir='ltr'><strong>qui</strong></span> <span class='ocrx_word' id='word_1_212' title='bbox 709 2876 866 2930; x_wconf 90' lang='lat' dir='ltr'><strong>modo</strong></span> <span class='ocrx_word' id='word_1_213' title='bbox 905 2874 1105 2937; x_wconf 89' lang='lat' dir='ltr'><strong>dicunt,</strong></span> <span class='ocrx_word' id='word_1_214' title='bbox 1142 2874 1345 2929; x_wconf 85' lang='lat' dir='ltr'><strong>Vellem</strong></span> <span class='ocrx_word' id='word_1_215' title='bbox 1389 2874 1502 2944; x_wconf 85' lang='lat' dir='ltr'><strong>ejus</strong></span> <span class='ocrx_word' id='word_1_216' title='bbox 1526 2874 1783 2939; x_wconf 90' lang='lat' dir='ltr'><strong>formam,</strong></span> <span class='ocrx_word' id='word_1_217' title='bbox 1819 2886 2024 2949; x_wconf 84' lang='lat' dir='ltr'><strong>typum,</strong></span> 
     </span>
    </p>
   </div>
   <div class='ocr_carea' id='block_1_30' title="bbox 443 2965 2023 3033">
    <p class='ocr_par' dir='ltr' id='par_1_30' title="bbox 443 2965 2023 3033">
     <span class='ocr_line' id='line_1_30' title="bbox 443 2965 2023 3033; baseline 0 -9"><span class='ocrx_word' id='word_1_218' title='bbox 443 2969 780 3033; x_wconf 90' lang='lat' dir='ltr'><strong>vestimenta,</strong></span> <span class='ocrx_word' id='word_1_219' title='bbox 830 2968 1191 3022; x_wconf 89' lang='lat' dir='ltr'><strong>calceamenta</strong></span> <span class='ocrx_word' id='word_1_220' title='bbox 1236 2965 1456 3019; x_wconf 87' lang='lat' dir='ltr'><strong>videre?</strong></span> <span class='ocrx_word' id='word_1_221' title='bbox 1485 2966 1622 3021; x_wconf 87' lang='lat' dir='ltr'><strong>Ecce</strong></span> <span class='ocrx_word' id='word_1_222' title='bbox 1667 2967 1813 3021; x_wconf 92' lang='lat' dir='ltr'><strong>illum</strong></span> <span class='ocrx_word' id='word_1_223' title='bbox 1854 2968 2023 3033; x_wconf 73' lang='lat' dir='ltr'><strong>vides,</strong></span> 
     </span>
    </p>
   </div>
   <div class='ocr_carea' id='block_1_31' title="bbox 443 3054 2025 3132">
    <p class='ocr_par' dir='ltr' id='par_1_31' title="bbox 443 3054 2025 3132">
     <span class='ocr_line' id='line_1_31' title="bbox 443 3054 2025 3132; baseline -0.001 -18"><span class='ocrx_word' id='word_1_224' title='bbox 443 3062 616 3132; x_wconf 87' lang='lat' dir='ltr'><strong>ipsum</strong></span> <span class='ocrx_word' id='word_1_225' title='bbox 646 3060 841 3129; x_wconf 80' lang='lat' dir='ltr'><strong>tangis,</strong></span> <span class='ocrx_word' id='word_1_226' title='bbox 888 3058 1059 3127; x_wconf 91' lang='lat' dir='ltr'><strong>ipsum</strong></span> <span class='ocrx_word' id='word_1_227' title='bbox 1096 3056 1352 3110; x_wconf 87' lang='lat' dir='ltr'><strong>comedis.</strong></span> <span class='ocrx_word' id='word_1_228' title='bbox 1407 3054 1473 3110; x_wconf 86' lang='lat' dir='ltr'><strong>Et</strong></span> <span class='ocrx_word' id='word_1_229' title='bbox 1518 3068 1572 3110; x_wconf 94' lang='lat' dir='ltr'><strong>tu</strong></span> <span class='ocrx_word' id='word_1_230' title='bbox 1619 3058 1831 3126; x_wconf 86' lang='lat' dir='ltr'><strong>quidem</strong></span> <span class='ocrx_word' id='word_1_231' title='bbox 1862 3061 2025 3113; x_wconf 64' lang='lat' dir='ltr'><strong>vesti-</strong></span> 
     </span>
    </p>
   </div>
   <div class='ocr_carea' id='block_1_32' title="bbox 445 3148 2022 3219">
    <p class='ocr_par' dir='ltr' id='par_1_32' title="bbox 445 3148 2022 3219">
     <span class='ocr_line' id='line_1_32' title="bbox 445 3148 2022 3219; baseline -0.003 -11"><span class='ocrx_word' id='word_1_232' title='bbox 445 3163 620 3208; x_wconf 90' lang='lat' dir='ltr'><strong>menta</strong></span> <span class='ocrx_word' id='word_1_233' title='bbox 644 3151 825 3206; x_wconf 90' lang='lat' dir='ltr'><strong>videre</strong></span> <span class='ocrx_word' id='word_1_234' title='bbox 850 3150 998 3219; x_wconf 92' lang='lat' dir='ltr'><strong>cupis</strong></span> <span class='ocrx_word' id='word_1_235' title='bbox 1029 3167 1042 3204; x_wconf 93' lang='lat'>:</span> <span class='ocrx_word' id='word_1_236' title='bbox 1074 3149 1186 3217; x_wconf 90' lang='lat' dir='ltr'><strong>ipse</strong></span> <span class='ocrx_word' id='word_1_237' title='bbox 1226 3162 1353 3201; x_wconf 79' lang='lat' dir='ltr'><strong>vero</strong></span> <span class='ocrx_word' id='word_1_238' title='bbox 1394 3148 1627 3217; x_wconf 85' lang='lat' dir='ltr'><strong>seipsum</strong></span> <span class='ocrx_word' id='word_1_239' title='bbox 1657 3149 1746 3204; x_wconf 89' lang='lat' dir='ltr'><strong>tibi</strong></span> <span class='ocrx_word' id='word_1_240' title='bbox 1780 3150 1889 3214; x_wconf 89' lang='lat' dir='ltr'><strong>dat,</strong></span> <span class='ocrx_word' id='word_1_241' title='bbox 1919 3167 2022 3204; x_wconf 91' lang='lat' dir='ltr'><strong>non</strong></span> 
     </span>
    </p>
   </div>
   <div class='ocr_carea' id='block_1_33' title="bbox 444 3239 2027 3310">
    <p class='ocr_par' dir='ltr' id='par_1_33' title="bbox 444 3239 2027 3310">
     <span class='ocr_line' id='line_1_33' title="bbox 444 3239 2027 3310; baseline -0.004 -8"><span class='ocrx_word' id='word_1_242' title='bbox 444 3245 726 3302; x_wconf 86' lang='lat' dir='ltr'><strong>videndum</strong></span> <span class='ocrx_word' id='word_1_243' title='bbox 758 3242 936 3308; x_wconf 93' lang='lat' dir='ltr'><strong>modo,</strong></span> <span class='ocrx_word' id='word_1_244' title='bbox 966 3242 1060 3297; x_wconf 89' lang='lat' dir='ltr'><strong>sed</strong></span> <span class='ocrx_word' id='word_1_245' title='bbox 1092 3239 1412 3310; x_wconf 87' lang='lat' dir='ltr'><strong>tangendum</strong></span> <span class='ocrx_word' id='word_1_246' title='bbox 1437 3280 1451 3305; x_wconf 91' lang='lat'><strong>,</strong></span> <span class='ocrx_word' id='word_1_247' title='bbox 1481 3240 1873 3295; x_wconf 92' lang='lat' dir='ltr'><strong>comedendum</strong></span> <span class='ocrx_word' id='word_1_248' title='bbox 1897 3283 1910 3305; x_wconf 93' lang='lat'><strong>,</strong></span> <span class='ocrx_word' id='word_1_249' title='bbox 1944 3243 2027 3295; x_wconf 87' lang='lat' dir='ltr'><strong>in-</strong></span> 
     </span>
    </p>
   </div>
   <div class='ocr_carea' id='block_1_34' title="bbox 441 3332 2018 3405">
    <p class='ocr_par' dir='ltr' id='par_1_34' title="bbox 441 3332 2018 3405">
     <span class='ocr_line' id='line_1_34' title="bbox 441 3332 2018 3405; baseline -0.004 -11"><span class='ocrx_word' id='word_1_250' title='bbox 441 3350 525 3394; x_wconf 85' lang='lat' dir='ltr'><strong>tus</strong></span> <span class='ocrx_word' id='word_1_251' title='bbox 565 3336 950 3405; x_wconf 88' lang='lat' dir='ltr'><strong>accipiendum.</strong></span> <span class='ocrx_word' id='word_1_252' title='bbox 1001 3332 1168 3387; x_wconf 84' lang='lat' dir='ltr'><strong>Nemo</strong></span> <span class='ocrx_word' id='word_1_253' title='bbox 1226 3333 1404 3401; x_wconf 89' lang='lat' dir='ltr'><strong>itaque</strong></span> <span class='ocrx_word' id='word_1_254' title='bbox 1451 3346 1715 3386; x_wconf 87' lang='lat' dir='ltr'><strong>nauseans</strong></span> <span class='ocrx_word' id='word_1_255' title='bbox 1767 3334 2018 3400; x_wconf 89' lang='lat' dir='ltr'><strong>accedat,</strong></span> 
     </span>
    </p>
   </div>
   <div class='ocr_carea' id='block_1_35' title="bbox 441 3424 2023 3491">
    <p class='ocr_par' dir='ltr' id='par_1_35' title="bbox 441 3424 2023 3491">
     <span class='ocr_line' id='line_1_35' title="bbox 441 3424 2023 3491; baseline -0.003 -5"><span class='ocrx_word' id='word_1_256' title='bbox 441 3446 599 3486; x_wconf 90' lang='lat' dir='ltr'><strong>nemo</strong></span> <span class='ocrx_word' id='word_1_257' title='bbox 628 3430 904 3491; x_wconf 89' lang='lat' dir='ltr'><strong>remissus,</strong></span> <span class='ocrx_word' id='word_1_258' title='bbox 930 3440 1118 3480; x_wconf 88' lang='lat' dir='ltr'><strong>omnes</strong></span> <span class='ocrx_word' id='word_1_259' title='bbox 1154 3424 1424 3481; x_wconf 88' lang='lat' dir='ltr'><strong>ardentes.</strong></span> <span class='ocrx_word' id='word_1_260' title='bbox 1450 3440 1639 3480; x_wconf 91' lang='lat' dir='ltr'><strong>omnes</strong></span> <span class='ocrx_word' id='word_1_261' title='bbox 1674 3424 1943 3481; x_wconf 83' lang='lat' dir='ltr'><strong>ferventes</strong></span> <span class='ocrx_word' id='word_1_262' title='bbox 1970 3437 2023 3481; x_wconf 89' lang='lat' dir='ltr'><strong>ct</strong></span> 
     </span>
    </p>
   </div>
   <div class='ocr_carea' id='block_1_36' title="bbox 438 3517 2022 3580">
    <p class='ocr_par' dir='ltr' id='par_1_36' title="bbox 438 3517 2022 3580">
     <span class='ocr_line' id='line_1_36' title="bbox 438 3517 2022 3580; baseline -0.003 -2"><span class='ocrx_word' id='word_1_263' title='bbox 438 3522 673 3578; x_wconf 77' lang='lat' dir='ltr'><strong>excitati.</strong></span> <span class='ocrx_word' id='word_1_264' title='bbox 702 3520 831 3574; x_wconf 86' lang='lat' dir='ltr'><strong>Nam</strong></span> <span class='ocrx_word' id='word_1_265' title='bbox 859 3520 901 3572; x_wconf 92' lang='lat' dir='ltr'><strong>si</strong></span> <span class='ocrx_word' id='word_1_266' title='bbox 928 3517 1099 3573; x_wconf 69' lang='lat' dir='ltr'><strong>Judmi</strong></span> <span class='ocrx_word' id='word_1_267' title='bbox 1132 3525 1354 3579; x_wconf 86' lang='lat' dir='ltr'><strong>stantes,</strong></span> <span class='ocrx_word' id='word_1_268' title='bbox 1383 3517 1626 3580; x_wconf 89' lang='lat' dir='ltr'><strong>calceati,</strong></span> <span class='ocrx_word' id='word_1_269' title='bbox 1662 3517 1881 3573; x_wconf 82' lang='lat' dir='ltr'><strong>baculus</strong></span> <span class='ocrx_word' id='word_1_270' title='bbox 1912 3536 2022 3573; x_wconf 89' lang='lat' dir='ltr'><strong>ma-</strong></span> 
     </span>
    </p>
   </div>
   <div class='ocr_carea' id='block_1_37' title="bbox 438 3608 2022 3678">
    <p class='ocr_par' dir='ltr' id='par_1_37' title="bbox 438 3608 2022 3678">
     <span class='ocr_line' id='line_1_37' title="bbox 438 3608 2022 3678; baseline -0.003 -8"><span class='ocrx_word' id='word_1_271' title='bbox 438 3615 596 3670; x_wconf 90' lang='lat' dir='ltr'><strong>nibus</strong></span> <span class='ocrx_word' id='word_1_272' title='bbox 626 3621 889 3678; x_wconf 89' lang='lat' dir='ltr'><strong>tenentes,</strong></span> <span class='ocrx_word' id='word_1_273' title='bbox 921 3626 1041 3665; x_wconf 88' lang='lat' dir='ltr'><strong>cum</strong></span> <span class='ocrx_word' id='word_1_274' title='bbox 1077 3608 1421 3662; x_wconf 83' lang='lat' dir='ltr'><strong>festinatione</strong></span> <span class='ocrx_word' id='word_1_275' title='bbox 1446 3609 1820 3672; x_wconf 85' lang='lat' dir='ltr'><strong>comedebant,</strong></span> <span class='ocrx_word' id='word_1_276' title='bbox 1854 3611 2022 3666; x_wconf 89' lang='lat' dir='ltr'><strong>multo</strong></span> 
     </span>
    </p>
   </div>
   <div class='ocr_carea' id='block_1_38' title="bbox 437 3697 2016 3776">
    <p class='ocr_par' dir='ltr' id='par_1_38' title="bbox 437 3697 2016 3776">
     <span class='ocr_line' id='line_1_38' title="bbox 437 3697 2016 3776; baseline -0.003 -17"><span class='ocrx_word' id='word_1_277' title='bbox 437 3705 605 3776; x_wconf 87' lang='lat' dir='ltr'><strong>magis</strong></span> <span class='ocrx_word' id='word_1_278' title='bbox 655 3712 706 3758; x_wconf 90' lang='lat' dir='ltr'><strong>te</strong></span> <span class='ocrx_word' id='word_1_279' title='bbox 754 3703 974 3772; x_wconf 81' lang='lat' dir='ltr'><strong>vigilare</strong></span> <span class='ocrx_word' id='word_1_280' title='bbox 1002 3708 1232 3769; x_wconf 90' lang='lat' dir='ltr'><strong>oportet.</strong></span> <span class='ocrx_word' id='word_1_281' title='bbox 1284 3697 1365 3752; x_wconf 88' lang='lat' dir='ltr'><strong>Illi</strong></span> <span class='ocrx_word' id='word_1_282' title='bbox 1411 3699 1553 3752; x_wconf 90' lang='lat' dir='ltr'><strong>enim</strong></span> <span class='ocrx_word' id='word_1_283' title='bbox 1585 3699 1635 3753; x_wconf 90' lang='lat' dir='ltr'><strong>in</strong></span> <span class='ocrx_word' id='word_1_284' title='bbox 1683 3700 2016 3756; x_wconf 79' lang='lat' dir='ltr'><strong>Palaestinam</strong></span> 
     </span>
    </p>
   </div>
   <div class='ocr_carea' id='block_1_39' title="bbox 437 3790 2017 3862">
    <p class='ocr_par' dir='ltr' id='par_1_39' title="bbox 437 3790 2017 3862">
     <span class='ocr_line' id='line_1_39' title="bbox 437 3790 2017 3862; baseline -0.003 -10"><span class='ocrx_word' id='word_1_285' title='bbox 437 3799 556 3852; x_wconf 91' lang='lat' dir='ltr'><strong>ituri</strong></span> <span class='ocrx_word' id='word_1_286' title='bbox 586 3804 756 3860; x_wconf 87' lang='lat' dir='ltr'><strong>erant,</strong></span> <span class='ocrx_word' id='word_1_287' title='bbox 806 3794 1031 3862; x_wconf 90' lang='lat' dir='ltr'><strong>ideoque</strong></span> <span class='ocrx_word' id='word_1_288' title='bbox 1077 3793 1339 3845; x_wconf 86' lang='lat' dir='ltr'><strong>viatorum</strong></span> <span class='ocrx_word' id='word_1_289' title='bbox 1381 3790 1581 3845; x_wconf 87' lang='lat' dir='ltr'><strong>cultum</strong></span> <span class='ocrx_word' id='word_1_290' title='bbox 1624 3791 1929 3856; x_wconf 88' lang='lat' dir='ltr'><strong>habebant;</strong></span> <span class='ocrx_word' id='word_1_291' title='bbox 1963 3804 2017 3848; x_wconf 94' lang='lat' dir='ltr'><strong>tu</strong></span> 
     </span>
    </p>
   </div>
   <div class='ocr_carea' id='block_1_40' title="bbox 436 3886 1303 3955">
    <p class='ocr_par' dir='ltr' id='par_1_40' title="bbox 436 3886 1303 3955">
     <span class='ocr_line' id='line_1_40' title="bbox 436 3886 1303 3955; baseline -0.007 -13"><span class='ocrx_word' id='word_1_292' title='bbox 436 3905 564 3945; x_wconf 85' lang='lat' dir='ltr'><strong>vero</strong></span> <span class='ocrx_word' id='word_1_293' title='bbox 586 3893 636 3942; x_wconf 92' lang='lat' dir='ltr'><strong>in</strong></span> <span class='ocrx_word' id='word_1_294' title='bbox 666 3889 853 3941; x_wconf 63' lang='lat' dir='ltr'><strong>(velum</strong></span> <span class='ocrx_word' id='word_1_295' title='bbox 884 3886 1204 3955; x_wconf 84' lang='lat' dir='ltr'><strong>migraturus</strong></span> <span class='ocrx_word' id='word_1_296' title='bbox 1226 3898 1303 3938; x_wconf 90' lang='lat' dir='ltr'><strong>es.</strong></span> 
     </span>
    </p>
   </div>
   <div class='ocr_carea' id='block_1_41' title="bbox 507 3976 2017 4050">
    <p class='ocr_par' dir='ltr' id='par_1_41' title="bbox 507 3976 2017 4050">
     <span class='ocr_line' id='line_1_41' title="bbox 507 3976 2017 4050; baseline -0.003 -15"><span class='ocrx_word' id='word_1_297' title='bbox 507 3982 560 4035; x_wconf 84' lang='grc'><strong>5.</strong></span> <span class='ocrx_word' id='word_1_298' title='bbox 603 3978 826 4050; x_wconf 84' lang='lat' dir='ltr'><strong>Indigna</strong></span> <span class='ocrx_word' id='word_1_299' title='bbox 862 3976 1145 4031; x_wconf 82' lang='lat' dir='ltr'><strong>communio</strong></span> <span class='ocrx_word' id='word_1_300' title='bbox 1182 3983 1426 4045; x_wconf 88' lang='lat' dir='ltr'><strong>quantum</strong></span> <span class='ocrx_word' id='word_1_301' title='bbox 1477 3976 1688 4031; x_wconf 88' lang='lat' dir='ltr'><strong>malum.</strong></span> <span class='ocrx_word' id='word_1_302' title='bbox 1727 3976 1928 4031; x_wconf 76' lang='lat' dir='ltr'><strong>Caritas</strong></span> <span class='ocrx_word' id='word_1_303' title='bbox 1971 3987 2017 4031; x_wconf 85' lang='lat' dir='ltr'><strong>et</strong></span> 
     </span>
    </p>
   </div>
   <div class='ocr_carea' id='block_1_42' title="bbox 436 4065 2018 4141">
    <p class='ocr_par' dir='ltr' id='par_1_42' title="bbox 436 4065 2018 4141">
     <span class='ocr_line' id='line_1_42' title="bbox 436 4065 2018 4141; baseline -0.002 -15"><span class='ocrx_word' id='word_1_304' title='bbox 436 4072 806 4141; x_wconf 80' lang='lat' dir='ltr'><strong>magniﬁcentia</strong></span> <span class='ocrx_word' id='word_1_305' title='bbox 856 4068 1044 4123; x_wconf 82' lang='lat' dir='ltr'><strong>Christi</strong></span> <span class='ocrx_word' id='word_1_306' title='bbox 1088 4069 1142 4121; x_wconf 87' lang='lat' dir='ltr'><strong>in</strong></span> <span class='ocrx_word' id='word_1_307' title='bbox 1194 4065 1539 4120; x_wconf 82' lang='lat' dir='ltr'><strong>Eucharistia.</strong></span> <span class='ocrx_word' id='word_1_308' title='bbox 1568 4066 2018 4133; x_wconf 83' lang='lat' dir='ltr'><strong>—Quamobrem</strong></span> 
     </span>
    </p>
   </div>
   <div class='ocr_carea' id='block_1_43' title="bbox 438 4158 2018 4232">
    <p class='ocr_par' dir='ltr' id='par_1_43' title="bbox 438 4158 2018 4232">
     <span class='ocr_line' id='line_1_43' title="bbox 438 4158 2018 4232; baseline -0.001 -15"><span class='ocrx_word' id='word_1_309' title='bbox 438 4171 653 4232; x_wconf 86' lang='lat' dir='ltr'><strong>oportet</strong></span> <span class='ocrx_word' id='word_1_310' title='bbox 688 4176 903 4230; x_wconf 87' lang='lat' dir='ltr'><strong>semper</strong></span> <span class='ocrx_word' id='word_1_311' title='bbox 927 4158 1147 4228; x_wconf 86' lang='lat' dir='ltr'><strong>vigilare</strong></span> <span class='ocrx_word' id='word_1_312' title='bbox 1172 4175 1185 4211; x_wconf 92' lang='lat'>:</span> <span class='ocrx_word' id='word_1_313' title='bbox 1217 4174 1323 4213; x_wconf 91' lang='lat' dir='ltr'><strong>non</strong></span> <span class='ocrx_word' id='word_1_314' title='bbox 1353 4173 1576 4228; x_wconf 89' lang='lat' dir='ltr'><strong>parvum</strong></span> <span class='ocrx_word' id='word_1_315' title='bbox 1607 4159 1750 4213; x_wconf 92' lang='lat' dir='ltr'><strong>enim</strong></span> <span class='ocrx_word' id='word_1_316' title='bbox 1778 4159 2018 4215; x_wconf 89' lang='lat' dir='ltr'><strong>imminet</strong></span> 
     </span>
    </p>
   </div>
   <div class='ocr_carea' id='block_1_44' title="bbox 433 4250 2019 4324">
    <p class='ocr_par' dir='ltr' id='par_1_44' title="bbox 433 4250 2019 4324">
     <span class='ocr_line' id='line_1_44' title="bbox 433 4250 2019 4324; baseline -0.001 -18"><span class='ocrx_word' id='word_1_317' title='bbox 433 4253 751 4324; x_wconf 87' lang='lat' dir='ltr'><strong>supplicium</strong></span> <span class='ocrx_word' id='word_1_318' title='bbox 771 4252 835 4306; x_wconf 91' lang='lat' dir='ltr'><strong>iis</strong></span> <span class='ocrx_word' id='word_1_319' title='bbox 860 4251 950 4321; x_wconf 90' lang='lat' dir='ltr'><strong>qui</strong></span> <span class='ocrx_word' id='word_1_320' title='bbox 982 4251 1194 4320; x_wconf 84' lang='lat' dir='ltr'><strong>indigne</strong></span> <span class='ocrx_word' id='word_1_321' title='bbox 1219 4251 1631 4304; x_wconf 89' lang='lat' dir='ltr'><strong>communicant.</strong></span> <span class='ocrx_word' id='word_1_322' title='bbox 1650 4250 1832 4320; x_wconf 90' lang='lat' dir='ltr'><strong>Cogita</strong></span> <span class='ocrx_word' id='word_1_323' title='bbox 1848 4266 2019 4320; x_wconf 85' lang='lat' dir='ltr'><strong>quan-</strong></span> 
     </span>
    </p>
   </div>
   <div class='ocr_carea' id='block_1_45' title="bbox 436 4342 2015 4414">
    <p class='ocr_par' dir='ltr' id='par_1_45' title="bbox 436 4342 2015 4414">
     <span class='ocr_line' id='line_1_45' title="bbox 436 4342 2015 4414; baseline -0.003 -12"><span class='ocrx_word' id='word_1_324' title='bbox 436 4360 545 4402; x_wconf 92' lang='lat' dir='ltr'><strong>tum</strong></span> <span class='ocrx_word' id='word_1_325' title='bbox 578 4354 763 4401; x_wconf 89' lang='lat' dir='ltr'><strong>contra</strong></span> <span class='ocrx_word' id='word_1_326' title='bbox 792 4343 1115 4414; x_wconf 86' lang='lat' dir='ltr'><strong>proditorem</strong></span> <span class='ocrx_word' id='word_1_327' title='bbox 1146 4342 1435 4412; x_wconf 87' lang='lat' dir='ltr'><strong>indignaris</strong></span> <span class='ocrx_word' id='word_1_328' title='bbox 1457 4383 1471 4407; x_wconf 95' lang='lat'><strong>,</strong></span> <span class='ocrx_word' id='word_1_329' title='bbox 1507 4349 1561 4397; x_wconf 92' lang='lat' dir='ltr'><strong>et</strong></span> <span class='ocrx_word' id='word_1_330' title='bbox 1590 4351 1772 4397; x_wconf 89' lang='lat' dir='ltr'><strong>contra</strong></span> <span class='ocrx_word' id='word_1_331' title='bbox 1804 4358 1897 4398; x_wconf 92' lang='lat' dir='ltr'><strong>eos</strong></span> <span class='ocrx_word' id='word_1_332' title='bbox 1926 4345 2015 4413; x_wconf 92' lang='lat' dir='ltr'><strong>qui</strong></span> 
     </span>
    </p>
   </div>
   <div class='ocr_carea' id='block_1_46' title="bbox 432 4432 2017 4503">
    <p class='ocr_par' dir='ltr' id='par_1_46' title="bbox 432 4432 2017 4503">
     <span class='ocr_line' id='line_1_46' title="bbox 432 4432 2017 4503; baseline -0.002 -10"><span class='ocrx_word' id='word_1_333' title='bbox 432 4439 704 4494; x_wconf 87' lang='lat' dir='ltr'><strong>Clu-istum</strong></span> <span class='ocrx_word' id='word_1_334' title='bbox 736 4436 1136 4491; x_wconf 84' lang='lat' dir='ltr'><strong>crucifixerunt.</strong></span> <span class='ocrx_word' id='word_1_335' title='bbox 1169 4432 1312 4488; x_wconf 80' lang='lat' dir='ltr'><strong>Cave</strong></span> <span class='ocrx_word' id='word_1_336' title='bbox 1356 4448 1483 4503; x_wconf 89' lang='lat' dir='ltr'><strong>ergo</strong></span> <span class='ocrx_word' id='word_1_337' title='bbox 1503 4475 1516 4497; x_wconf 89' lang='lat'><strong>,</strong></span> <span class='ocrx_word' id='word_1_338' title='bbox 1550 4449 1618 4488; x_wconf 91' lang='lat' dir='ltr'><strong>ne</strong></span> <span class='ocrx_word' id='word_1_339' title='bbox 1661 4444 1716 4487; x_wconf 93' lang='lat' dir='ltr'><strong>tu</strong></span> <span class='ocrx_word' id='word_1_340' title='bbox 1748 4434 1862 4503; x_wconf 90' lang='lat' dir='ltr'><strong>ipse</strong></span> <span class='ocrx_word' id='word_1_341' title='bbox 1891 4450 2017 4491; x_wconf 90' lang='lat' dir='ltr'><strong>reus</strong></span> 
     </span>
    </p>
   </div>
   <div class='ocr_carea' id='block_1_47' title="bbox 435 4522 2015 4598">
    <p class='ocr_par' dir='ltr' id='par_1_47' title="bbox 435 4522 2015 4598">
     <span class='ocr_line' id='line_1_47' title="bbox 435 4522 2015 4598; baseline -0.003 -15"><span class='ocrx_word' id='word_1_342' title='bbox 435 4530 509 4584; x_wconf 90' lang='lat' dir='ltr'><strong>sis</strong></span> <span class='ocrx_word' id='word_1_343' title='bbox 540 4528 781 4598; x_wconf 90' lang='lat' dir='ltr'><strong>corporis</strong></span> <span class='ocrx_word' id='word_1_344' title='bbox 823 4534 878 4581; x_wconf 89' lang='lat' dir='ltr'><strong>et</strong></span> <span class='ocrx_word' id='word_1_345' title='bbox 919 4524 1189 4594; x_wconf 87' lang='lat' dir='ltr'><strong>sanguinis</strong></span> <span class='ocrx_word' id='word_1_346' title='bbox 1226 4522 1443 4577; x_wconf 88' lang='lat' dir='ltr'><strong>Christi.</strong></span> <span class='ocrx_word' id='word_1_347' title='bbox 1479 4524 1551 4577; x_wconf 91' lang='lat' dir='ltr'><strong>Illi</strong></span> <span class='ocrx_word' id='word_1_348' title='bbox 1579 4537 1787 4578; x_wconf 89' lang='lat' dir='ltr'><strong>sacrum</strong></span> <span class='ocrx_word' id='word_1_349' title='bbox 1819 4538 2015 4595; x_wconf 81' lang='lat' dir='ltr'><strong>corpus</strong></span> 
     </span>
    </p>
   </div>
   <div class='ocr_carea' id='block_1_48' title="bbox 437 4615 2013 4687">
    <p class='ocr_par' dir='ltr' id='par_1_48' title="bbox 437 4615 2013 4687">
     <span class='ocr_line' id='line_1_48' title="bbox 437 4615 2013 4687; baseline -0.003 -11"><span class='ocrx_word' id='word_1_350' title='bbox 437 4621 790 4682; x_wconf 82' lang='lat' dir='ltr'><strong>trucidarunt,</strong></span> <span class='ocrx_word' id='word_1_351' title='bbox 822 4630 877 4673; x_wconf 91' lang='lat' dir='ltr'><strong>tu</strong></span> <span class='ocrx_word' id='word_1_352' title='bbox 905 4627 1024 4687; x_wconf 89' lang='lat' dir='ltr'><strong>post</strong></span> <span class='ocrx_word' id='word_1_353' title='bbox 1050 4626 1125 4671; x_wconf 92' lang='lat' dir='ltr'><strong>tot</strong></span> <span class='ocrx_word' id='word_1_354' title='bbox 1158 4615 1416 4671; x_wconf 85' lang='lat' dir='ltr'><strong>beneficia</strong></span> <span class='ocrx_word' id='word_1_355' title='bbox 1446 4631 1567 4670; x_wconf 91' lang='lat' dir='ltr'><strong>cum</strong></span> <span class='ocrx_word' id='word_1_356' title='bbox 1604 4615 1817 4670; x_wconf 90' lang='lat' dir='ltr'><strong>sordida</strong></span> <span class='ocrx_word' id='word_1_357' title='bbox 1840 4617 2013 4672; x_wconf 90' lang='lat' dir='ltr'><strong>susci-</strong></span> 
     </span>
    </p>
   </div>
   <div class='ocr_carea' id='block_1_49' title="bbox 440 4706 2010 4783">
    <p class='ocr_par' dir='ltr' id='par_1_49' title="bbox 440 4706 2010 4783">
     <span class='ocr_line' id='line_1_49' title="bbox 440 4706 2010 4783; baseline -0.004 -15"><span class='ocrx_word' id='word_1_358' title='bbox 440 4716 520 4783; x_wconf 89' lang='lat' dir='ltr'><strong>pis</strong></span> <span class='ocrx_word' id='word_1_359' title='bbox 540 4712 741 4767; x_wconf 86' lang='lat' dir='ltr'><strong>anima.</strong></span> <span class='ocrx_word' id='word_1_360' title='bbox 766 4709 949 4780; x_wconf 86' lang='lat' dir='ltr'><strong>Neque</strong></span> <span class='ocrx_word' id='word_1_361' title='bbox 988 4708 1131 4764; x_wconf 91' lang='lat' dir='ltr'><strong>enim</strong></span> <span class='ocrx_word' id='word_1_362' title='bbox 1175 4707 1303 4761; x_wconf 89' lang='lat' dir='ltr'><strong>satis</strong></span> <span class='ocrx_word' id='word_1_363' title='bbox 1349 4706 1528 4761; x_wconf 90' lang='lat' dir='ltr'><strong>habttit</strong></span> <span class='ocrx_word' id='word_1_364' title='bbox 1566 4706 1833 4762; x_wconf 88' lang='lat' dir='ltr'><strong>hominem</strong></span> <span class='ocrx_word' id='word_1_365' title='bbox 1876 4710 2010 4776; x_wconf 86' lang='lat' dir='ltr'><strong>fieri,</strong></span> 
     </span>
    </p>
   </div>
   <div class='ocr_carea' id='block_1_50' title="bbox 433 4800 2015 4876">
    <p class='ocr_par' dir='ltr' id='par_1_50' title="bbox 433 4800 2015 4876">
     <span class='ocr_line' id='line_1_50' title="bbox 433 4800 2015 4876; baseline -0.003 -16"><span class='ocrx_word' id='word_1_366' title='bbox 433 4806 604 4876; x_wconf 87' lang='lat' dir='ltr'><strong>alapis</strong></span> <span class='ocrx_word' id='word_1_367' title='bbox 629 4803 784 4866; x_wconf 66' lang='lat' dir='ltr'><strong>caedi,</strong></span> <span class='ocrx_word' id='word_1_368' title='bbox 812 4802 1096 4867; x_wconf 89' lang='lat' dir='ltr'><strong>immolari,</strong></span> <span class='ocrx_word' id='word_1_369' title='bbox 1116 4800 1211 4856; x_wconf 89' lang='lat' dir='ltr'><strong>sed</strong></span> <span class='ocrx_word' id='word_1_370' title='bbox 1239 4800 1470 4871; x_wconf 90' lang='lat' dir='ltr'><strong>seipsum</strong></span> <span class='ocrx_word' id='word_1_371' title='bbox 1501 4801 1810 4855; x_wconf 91' lang='lat' dir='ltr'><strong>commiscet</strong></span> <span class='ocrx_word' id='word_1_372' title='bbox 1836 4803 2015 4856; x_wconf 88' lang='lat' dir='ltr'><strong>nobis-</strong></span> 
     </span>
    </p>
   </div>
   <div class='ocr_carea' id='block_1_51' title="bbox 437 4893 2012 4967">
    <p class='ocr_par' dir='ltr' id='par_1_51' title="bbox 437 4893 2012 4967">
     <span class='ocr_line' id='line_1_51' title="bbox 437 4893 2012 4967; baseline -0.003 -13"><span class='ocrx_word' id='word_1_373' title='bbox 437 4915 560 4954; x_wconf 90' lang='lat' dir='ltr'><strong>cum</strong></span> <span class='ocrx_word' id='word_1_374' title='bbox 584 4938 601 4967; x_wconf 90' lang='lat'><strong>,</strong></span> <span class='ocrx_word' id='word_1_375' title='bbox 633 4914 737 4952; x_wconf 90' lang='lat' dir='ltr'><strong>non</strong></span> <span class='ocrx_word' id='word_1_376' title='bbox 767 4895 871 4951; x_wconf 85' lang='lat' dir='ltr'><strong>fide</strong></span> <span class='ocrx_word' id='word_1_377' title='bbox 900 4903 1103 4949; x_wconf 89' lang='lat' dir='ltr'><strong>tantum</strong></span> <span class='ocrx_word' id='word_1_378' title='bbox 1127 4936 1142 4960; x_wconf 91' lang='lat'><strong>,</strong></span> <span class='ocrx_word' id='word_1_379' title='bbox 1170 4893 1262 4948; x_wconf 91' lang='lat' dir='ltr'><strong>sed</strong></span> <span class='ocrx_word' id='word_1_380' title='bbox 1303 4895 1474 4963; x_wconf 90' lang='lat' dir='ltr'><strong>reipsa</strong></span> <span class='ocrx_word' id='word_1_381' title='bbox 1498 4906 1595 4946; x_wconf 92' lang='lat' dir='ltr'><strong>nos</strong></span> <span class='ocrx_word' id='word_1_382' title='bbox 1633 4908 1828 4962; x_wconf 90' lang='lat' dir='ltr'><strong>corpus</strong></span> <span class='ocrx_word' id='word_1_383' title='bbox 1857 4910 2012 4950; x_wconf 92' lang='lat' dir='ltr'><strong>suum</strong></span> 
     </span>
    </p>
   </div>
   <div class='ocr_carea' id='block_1_52' title="bbox 440 4986 2011 5056">
    <p class='ocr_par' dir='ltr' id='par_1_52' title="bbox 440 4986 2011 5056">
     <span class='ocr_line' id='line_1_52' title="bbox 440 4986 2011 5056; baseline -0.003 -11"><span class='ocrx_word' id='word_1_384' title='bbox 440 4989 735 5045; x_wconf 90' lang='lat' dir='ltr'><strong>constituit.</strong></span> <span class='ocrx_word' id='word_1_385' title='bbox 752 4988 957 5056; x_wconf 83' lang='lat' dir='ltr'><strong>Quanta</strong></span> <span class='ocrx_word' id='word_1_386' title='bbox 972 5001 1099 5056; x_wconf 88' lang='lat' dir='ltr'><strong>ergo</strong></span> <span class='ocrx_word' id='word_1_387' title='bbox 1115 4986 1341 5056; x_wconf 88' lang='lat' dir='ltr'><strong>puritate</strong></span> <span class='ocrx_word' id='word_1_388' title='bbox 1356 4992 1628 5054; x_wconf 87' lang='lat' dir='ltr'><strong>oporteret</strong></span> <span class='ocrx_word' id='word_1_389' title='bbox 1651 5001 1771 5039; x_wconf 91' lang='lat' dir='ltr'><strong>eum</strong></span> <span class='ocrx_word' id='word_1_390' title='bbox 1790 5000 1907 5039; x_wconf 87' lang='lat' dir='ltr'><strong>esse</strong></span> <span class='ocrx_word' id='word_1_391' title='bbox 1923 4987 2011 5055; x_wconf 91' lang='lat' dir='ltr'><strong>qui</strong></span> 
     </span>
    </p>
   </div>
   <div class='ocr_carea' id='block_1_53' title="bbox 441 5074 2015 5147">
    <p class='ocr_par' dir='ltr' id='par_1_53' title="bbox 441 5074 2015 5147">
     <span class='ocr_line' id='line_1_53' title="bbox 441 5074 2015 5147; baseline -0.003 -12"><span class='ocrx_word' id='word_1_392' title='bbox 441 5083 545 5135; x_wconf 87' lang='lat' dir='ltr'><strong>hoc</strong></span> <span class='ocrx_word' id='word_1_393' title='bbox 572 5080 763 5134; x_wconf 87' lang='lat' dir='ltr'><strong>fruitur</strong></span> <span class='ocrx_word' id='word_1_394' title='bbox 789 5077 1094 5135; x_wconf 83' lang='lat' dir='ltr'><strong>sacrificio?</strong></span> <span class='ocrx_word' id='word_1_395' title='bbox 1132 5083 1330 5147; x_wconf 88' lang='lat' dir='ltr'><strong>quanto</strong></span> <span class='ocrx_word' id='word_1_396' title='bbox 1355 5074 1517 5129; x_wconf 88' lang='lat' dir='ltr'><strong>radiis</strong></span> <span class='ocrx_word' id='word_1_397' title='bbox 1543 5075 1805 5131; x_wconf 88' lang='lat' dir='ltr'><strong>solaribus</strong></span> <span class='ocrx_word' id='word_1_398' title='bbox 1833 5077 2015 5145; x_wconf 84' lang='lat' dir='ltr'><strong>purio-</strong></span> 
     </span>
    </p>
   </div>
   <div class='ocr_carea' id='block_1_54' title="bbox 440 5166 2009 5240">
    <p class='ocr_par' dir='ltr' id='par_1_54' title="bbox 440 5166 2009 5240">
     <span class='ocr_line' id='line_1_54' title="bbox 440 5166 2009 5240; baseline -0.003 -13"><span class='ocrx_word' id='word_1_399' title='bbox 440 5187 553 5229; x_wconf 78' lang='lat' dir='ltr'><strong>rem</strong></span> <span class='ocrx_word' id='word_1_400' title='bbox 579 5187 701 5226; x_wconf 68' lang='lat' dir='ltr'><strong>es.~e</strong></span> <span class='ocrx_word' id='word_1_401' title='bbox 727 5179 998 5240; x_wconf 88' lang='lat' dir='ltr'><strong>oporteret</strong></span> <span class='ocrx_word' id='word_1_402' title='bbox 1034 5183 1250 5223; x_wconf 89' lang='lat' dir='ltr'><strong>manum</strong></span> <span class='ocrx_word' id='word_1_403' title='bbox 1291 5167 1455 5230; x_wconf 89' lang='lat' dir='ltr'><strong>illam,</strong></span> <span class='ocrx_word' id='word_1_404' title='bbox 1487 5182 1605 5236; x_wconf 66' lang='lat' dir='ltr'><strong>qua:</strong></span> <span class='ocrx_word' id='word_1_405' title='bbox 1637 5166 1773 5221; x_wconf 87' lang='lat' dir='ltr'><strong>hanc</strong></span> <span class='ocrx_word' id='word_1_406' title='bbox 1796 5182 2009 5223; x_wconf 87' lang='lat' dir='ltr'><strong>carnem</strong></span> 
     </span>
    </p>
   </div>
   <div class='ocr_carea' id='block_1_55' title="bbox 431 5257 2014 5332">
    <p class='ocr_par' dir='ltr' id='par_1_55' title="bbox 431 5257 2014 5332">
     <span class='ocr_line' id='line_1_55' title="bbox 431 5257 2014 5332; baseline -0.003 -13"><span class='ocrx_word' id='word_1_407' title='bbox 431 5273 601 5327; x_wconf 85' lang='lat' dir='ltr'><strong>secat,</strong></span> <span class='ocrx_word' id='word_1_408' title='bbox 633 5279 694 5317; x_wconf 91' lang='lat' dir='ltr'><strong>os</strong></span> <span class='ocrx_word' id='word_1_409' title='bbox 719 5260 860 5332; x_wconf 89' lang='lat' dir='ltr'><strong>quod</strong></span> <span class='ocrx_word' id='word_1_410' title='bbox 901 5259 1159 5330; x_wconf 90' lang='lat' dir='ltr'><strong>spirituali</strong></span> <span class='ocrx_word' id='word_1_411' title='bbox 1188 5257 1425 5328; x_wconf 86' lang='lat' dir='ltr'><strong>repletur</strong></span> <span class='ocrx_word' id='word_1_412' title='bbox 1454 5258 1603 5329; x_wconf 84' lang='lat' dir='ltr'><strong>igne,</strong></span> <span class='ocrx_word' id='word_1_413' title='bbox 1645 5257 1876 5329; x_wconf 90' lang='lat' dir='ltr'><strong>linguam</strong></span> <span class='ocrx_word' id='word_1_414' title='bbox 1908 5267 2014 5314; x_wconf 88' lang='lat' dir='ltr'><strong>tre-</strong></span> 
     </span>
    </p>
   </div>
   <div class='ocr_carea' id='block_1_56' title="bbox 437 5352 2013 5428">
    <p class='ocr_par' dir='ltr' id='par_1_56' title="bbox 437 5352 2013 5428">
     <span class='ocr_line' id='line_1_56' title="bbox 437 5352 2013 5428; baseline -0.009 -11"><span class='ocrx_word' id='word_1_415' title='bbox 437 5358 635 5417; x_wconf 91' lang='lat' dir='ltr'><strong>mendo</strong></span> <span class='ocrx_word' id='word_1_416' title='bbox 654 5357 911 5428; x_wconf 85' lang='lat' dir='ltr'><strong>sanguine</strong></span> <span class='ocrx_word' id='word_1_417' title='bbox 936 5353 1189 5410; x_wconf 87' lang='lat' dir='ltr'><strong>tinctam?</strong></span> <span class='ocrx_word' id='word_1_418' title='bbox 1208 5353 1391 5423; x_wconf 89' lang='lat' dir='ltr'><strong>Cogita</strong></span> <span class='ocrx_word' id='word_1_419' title='bbox 1421 5359 1676 5422; x_wconf 89' lang='lat' dir='ltr'><strong>quantum</strong></span> <span class='ocrx_word' id='word_1_420' title='bbox 1700 5352 1920 5421; x_wconf 89' lang='lat' dir='ltr'><strong>adeptus</strong></span> <span class='ocrx_word' id='word_1_421' title='bbox 1940 5352 2013 5406; x_wconf 91' lang='lat' dir='ltr'><strong>sis</strong></span> 
     </span>
    </p>
   </div>
   <div class='ocr_carea' id='block_1_57' title="bbox 439 5441 2014 5519">
    <p class='ocr_par' dir='ltr' id='par_1_57' title="bbox 439 5441 2014 5519">
     <span class='ocr_line' id='line_1_57' title="bbox 439 5441 2014 5519; baseline -0.008 -11"><span class='ocrx_word' id='word_1_422' title='bbox 439 5450 741 5509; x_wconf 81' lang='lat' dir='ltr'><strong>honorem?</strong></span> <span class='ocrx_word' id='word_1_423' title='bbox 769 5462 871 5519; x_wconf 92' lang='lat' dir='ltr'><strong>qua</strong></span> <span class='ocrx_word' id='word_1_424' title='bbox 901 5446 1094 5501; x_wconf 80' lang='lat' dir='ltr'><strong>fruaris</strong></span> <span class='ocrx_word' id='word_1_425' title='bbox 1130 5442 1360 5500; x_wconf 82' lang='lat' dir='ltr'><strong>mensa?</strong></span> <span class='ocrx_word' id='word_1_426' title='bbox 1385 5441 1538 5511; x_wconf 85' lang='lat' dir='ltr'><strong>Quod</strong></span> <span class='ocrx_word' id='word_1_427' title='bbox 1573 5441 1748 5513; x_wconf 83' lang='lat' dir='ltr'><strong>angeli</strong></span> <span class='ocrx_word' id='word_1_428' title='bbox 1780 5450 2014 5497; x_wconf 90' lang='lat' dir='ltr'><strong>tremunt</strong></span> 
     </span>
    </p>
   </div>
   <div class='ocr_carea' id='block_1_58' title="bbox 436 5531 2012 5611">
    <p class='ocr_par' dir='ltr' id='par_1_58' title="bbox 436 5531 2012 5611">
     <span class='ocr_line' id='line_1_58' title="bbox 436 5531 2012 5611; baseline -0.01 -9"><span class='ocrx_word' id='word_1_429' title='bbox 436 5547 696 5611; x_wconf 84' lang='lat' dir='ltr'><strong>videntes,</strong></span> <span class='ocrx_word' id='word_1_430' title='bbox 730 5555 826 5595; x_wconf 88' lang='lat' dir='ltr'><strong>nec</strong></span> <span class='ocrx_word' id='word_1_431' title='bbox 854 5538 970 5595; x_wconf 85' lang='lat' dir='ltr'><strong>sine</strong></span> <span class='ocrx_word' id='word_1_432' title='bbox 995 5545 1139 5592; x_wconf 89' lang='lat' dir='ltr'><strong>metu</strong></span> <span class='ocrx_word' id='word_1_433' title='bbox 1158 5535 1423 5606; x_wconf 88' lang='lat' dir='ltr'><strong>respicere</strong></span> <span class='ocrx_word' id='word_1_434' title='bbox 1441 5533 1640 5589; x_wconf 85' lang='lat' dir='ltr'><strong>audent</strong></span> <span class='ocrx_word' id='word_1_435' title='bbox 1654 5533 1723 5588; x_wconf 94' lang='lat' dir='ltr'><strong>ob</strong></span> <span class='ocrx_word' id='word_1_436' title='bbox 1748 5531 2012 5602; x_wconf 86' lang='lat' dir='ltr'><strong>fulgorem</strong></span> 
     </span>
    </p>
   </div>
   <div class='ocr_carea' id='block_1_59' title="bbox 440 5625 2008 5702">
    <p class='ocr_par' dir='ltr' id='par_1_59' title="bbox 440 5625 2008 5702">
     <span class='ocr_line' id='line_1_59' title="bbox 440 5625 2008 5702; baseline -0.011 -8"><span class='ocrx_word' id='word_1_437' title='bbox 440 5638 567 5694; x_wconf 89' lang='lat' dir='ltr'><strong>inde</strong></span> <span class='ocrx_word' id='word_1_438' title='bbox 594 5641 922 5702; x_wconf 85' lang='lat' dir='ltr'><strong>manantem,</strong></span> <span class='ocrx_word' id='word_1_439' title='bbox 945 5647 1010 5686; x_wconf 89' lang='lat' dir='ltr'><strong>eo</strong></span> <span class='ocrx_word' id='word_1_440' title='bbox 1039 5644 1138 5685; x_wconf 91' lang='lat' dir='ltr'><strong>nos</strong></span> <span class='ocrx_word' id='word_1_441' title='bbox 1162 5629 1376 5695; x_wconf 88' lang='lat' dir='ltr'><strong>alimur,</strong></span> <span class='ocrx_word' id='word_1_442' title='bbox 1409 5625 1532 5682; x_wconf 91' lang='lat' dir='ltr'><strong>huic</strong></span> <span class='ocrx_word' id='word_1_443' title='bbox 1558 5626 1971 5682; x_wconf 88' lang='lat' dir='ltr'><strong>commiscemur</strong></span> <span class='ocrx_word' id='word_1_444' title='bbox 1990 5665 2008 5693; x_wconf 90' lang='lat'><strong>,</strong></span> 
     </span>
    </p>
   </div>
   <div class='ocr_carea' id='block_1_60' title="bbox 438 5720 2010 5798">
    <p class='ocr_par' dir='ltr' id='par_1_60' title="bbox 438 5720 2010 5798">
     <span class='ocr_line' id='line_1_60' title="bbox 438 5720 2010 5798; baseline -0.008 -14"><span class='ocrx_word' id='word_1_445' title='bbox 438 5729 664 5798; x_wconf 80' lang='lat' dir='ltr'><strong>tactique</strong></span> <span class='ocrx_word' id='word_1_446' title='bbox 702 5739 887 5784; x_wconf 85' lang='lat' dir='ltr'><strong>sumus</strong></span> <span class='ocrx_word' id='word_1_447' title='bbox 940 5720 1141 5780; x_wconf 82' lang='lat' dir='ltr'><strong>Christi</strong></span> <span class='ocrx_word' id='word_1_448' title='bbox 1188 5734 1352 5776; x_wconf 88' lang='lat' dir='ltr'><strong>unum</strong></span> <span class='ocrx_word' id='word_1_449' title='bbox 1404 5733 1601 5789; x_wconf 89' lang='lat' dir='ltr'><strong>corpus</strong></span> <span class='ocrx_word' id='word_1_450' title='bbox 1647 5727 1704 5775; x_wconf 90' lang='lat' dir='ltr'><strong>et</strong></span> <span class='ocrx_word' id='word_1_451' title='bbox 1738 5733 1841 5774; x_wconf 89' lang='lat' dir='ltr'><strong>una</strong></span> <span class='ocrx_word' id='word_1_452' title='bbox 1864 5732 2010 5773; x_wconf 90' lang='lat' dir='ltr'><strong>caro.</strong></span> 
     </span>
    </p>
   </div>
   <div class='ocr_carea' id='block_1_61' title="bbox 1174 291 2982 365">
    <p class='ocr_par' dir='ltr' id='par_1_61' title="bbox 1174 291 2982 365">
     <span class='ocr_line' id='line_1_61' title="bbox 1174 291 2982 365; baseline 0.01 -20"><span class='ocrx_word' id='word_1_453' title='bbox 1174 292 1228 345; x_wconf 90' lang='lat' dir='ltr'><strong>S.</strong></span> <span class='ocrx_word' id='word_1_454' title='bbox 1270 292 1547 348; x_wconf 77' lang='lat' dir='ltr'><strong>JOANNIS</strong></span> <span class='ocrx_word' id='word_1_455' title='bbox 1584 291 2056 347; x_wconf 81' lang='lat' dir='ltr'><strong>CHRYSOSTOMI</strong></span> <span class='ocrx_word' id='word_1_456' title='bbox 2096 294 2411 353; x_wconf 78' lang='lat' dir='ltr'><strong>ARCHIEP.</strong></span> <span class='ocrx_word' id='word_1_457' title='bbox 2454 301 2982 365; x_wconf 79' lang='lat' dir='ltr'><strong>CONSTANTINOP.</strong></span> 
     </span>
    </p>
   </div>
   <div class='ocr_carea' id='block_1_62' title="bbox 3633 324 3733 381">
    <p class='ocr_par' dir='ltr' id='par_1_62' title="bbox 3633 324 3733 381">
     <span class='ocr_line' id='line_1_62' title="bbox 3633 324 3733 381; baseline 0.04 -4"><span class='ocrx_word' id='word_1_458' title='bbox 3633 324 3733 381; x_wconf 70' lang='lat' dir='ltr'><strong>7H</strong></span> 
     </span>
    </p>
   </div>
   <div class='ocr_carea' id='block_1_63' title="bbox 2158 407 3734 504">
    <p class='ocr_par' dir='ltr' id='par_1_63' title="bbox 2158 407 3734 504">
     <span class='ocr_line' id='line_1_63' title="bbox 2158 407 3734 504; baseline 0.023 -44"><span class='ocrx_word' id='word_1_459' title='bbox 2158 407 2288 475; x_wconf 79' lang='lat' dir='ltr'><strong>Quis</strong></span> <span class='ocrx_word' id='word_1_460' title='bbox 2315 412 2546 480; x_wconf 79' lang='lat' dir='ltr'><strong>loquetur</strong></span> <span class='ocrx_word' id='word_1_461' title='bbox 2569 423 2816 484; x_wconf 78' lang='lat' dir='ltr'><strong>potentias</strong></span> <span class='ocrx_word' id='word_1_462' title='bbox 2859 423 3104 481; x_wconf 82' lang='lat' dir='ltr'><strong>Domini?</strong></span> <span class='ocrx_word' id='word_1_463' title='bbox 3146 430 3348 485; x_wconf 81' lang='lat' dir='ltr'><strong>auditas</strong></span> <span class='ocrx_word' id='word_1_464' title='bbox 3384 437 3532 504; x_wconf 75' lang='lat' dir='ltr'><strong>faciet</strong></span> <span class='ocrx_word' id='word_1_465' title='bbox 3566 456 3734 496; x_wconf 74' lang='lat' dir='ltr'><strong>omnes</strong></span> 
     </span>
    </p>
   </div>
   <div class='ocr_carea' id='block_1_64' title="bbox 2152 500 3730 595">
    <p class='ocr_par' dir='ltr' id='par_1_64' title="bbox 2152 500 3730 595">
     <span class='ocr_line' id='line_1_64' title="bbox 2152 500 3730 595; baseline 0.022 -45"><span class='ocrx_word' id='word_1_466' title='bbox 2152 500 2328 555; x_wconf 78' lang='lat' dir='ltr'><strong>laudes</strong></span> <span class='ocrx_word' id='word_1_467' title='bbox 2348 505 2455 572; x_wconf 78' lang='lat' dir='ltr'><strong>ejus</strong></span> <span class='ocrx_word' id='word_1_468' title='bbox 2484 511 2499 575; x_wconf 96' lang='lat'>(</span> <span class='ocrx_word' id='word_1_469' title='bbox 2531 507 2676 563; x_wconf 76' lang='lat' dir='ltr'><strong>Paul.</strong></span> <span class='ocrx_word' id='word_1_470' title='bbox 2706 512 2828 568; x_wconf 73' lang='lat'><strong>103.</strong></span> <span class='ocrx_word' id='word_1_471' title='bbox 2859 514 2894 567; x_wconf 74' lang='grc'>2</span> <span class='ocrx_word' id='word_1_472' title='bbox 2914 516 2973 585; x_wconf 83' lang='lat'><strong>)?</strong></span> <span class='ocrx_word' id='word_1_473' title='bbox 2998 516 3127 582; x_wconf 86' lang='lat' dir='ltr'><strong>Quis</strong></span> <span class='ocrx_word' id='word_1_474' title='bbox 3157 530 3338 588; x_wconf 87' lang='lat' dir='ltr'><strong>pastor</strong></span> <span class='ocrx_word' id='word_1_475' title='bbox 3380 500 3604 595; x_wconf 79' lang='lat' dir='ltr'><strong>propriis</strong></span> <span class='ocrx_word' id='word_1_476' title='bbox 3633 532 3730 586; x_wconf 83' lang='lat' dir='ltr'><strong>sibi</strong></span> 
     </span>
    </p>
   </div>
   <div class='ocr_carea' id='block_1_65' title="bbox 2151 595 3734 679">
    <p class='ocr_par' dir='ltr' id='par_1_65' title="bbox 2151 595 3734 679">
     <span class='ocr_line' id='line_1_65' title="bbox 2151 595 3734 679; baseline 0.023 -36"><span class='ocrx_word' id='word_1_477' title='bbox 2151 595 2405 649; x_wconf 80' lang='lat' dir='ltr'><strong>membris</strong></span> <span class='ocrx_word' id='word_1_478' title='bbox 2432 613 2561 655; x_wconf 84' lang='lat' dir='ltr'><strong>oves</strong></span> <span class='ocrx_word' id='word_1_479' title='bbox 2581 605 2786 658; x_wconf 87' lang='lat' dir='ltr'><strong>nutrit?</strong></span> <span class='ocrx_word' id='word_1_480' title='bbox 2814 607 3012 677; x_wconf 84' lang='lat' dir='ltr'><strong>Ecquid</strong></span> <span class='ocrx_word' id='word_1_481' title='bbox 3045 621 3311 679; x_wconf 83' lang='lat' dir='ltr'><strong>pastorem</strong></span> <span class='ocrx_word' id='word_1_482' title='bbox 3340 615 3501 672; x_wconf 87' lang='lat' dir='ltr'><strong>dico?</strong></span> <span class='ocrx_word' id='word_1_483' title='bbox 3542 620 3734 679; x_wconf 80' lang='lat' dir='ltr'><strong>Matres</strong></span> 
     </span>
    </p>
   </div>
   <div class='ocr_carea' id='block_1_66' title="bbox 2150 699 3732 769">
    <p class='ocr_par' dir='ltr' id='par_1_66' title="bbox 2150 699 3732 769">
     <span class='ocr_line' id='line_1_66' title="bbox 2150 699 3732 769; baseline 0.02 -31"><span class='ocrx_word' id='word_1_484' title='bbox 2150 700 2291 755; x_wconf 67' lang='lat' dir='ltr'><strong>saepe</strong></span> <span class='ocrx_word' id='word_1_485' title='bbox 2321 699 2461 754; x_wconf 89' lang='lat' dir='ltr'><strong>sunt,</strong></span> <span class='ocrx_word' id='word_1_486' title='bbox 2493 710 2611 760; x_wconf 87' lang='lat' dir='ltr'><strong>quae</strong></span> <span class='ocrx_word' id='word_1_487' title='bbox 2640 706 2758 763; x_wconf 93' lang='lat' dir='ltr'><strong>post</strong></span> <span class='ocrx_word' id='word_1_488' title='bbox 2782 711 2991 767; x_wconf 91' lang='lat' dir='ltr'><strong>partum</strong></span> <span class='ocrx_word' id='word_1_489' title='bbox 3023 703 3038 733; x_wconf 84' lang='grc'>¹</span> <span class='ocrx_word' id='word_1_490' title='bbox 3069 704 3291 760; x_wconf 83' lang='lat' dir='ltr'><strong>infantes</strong></span> <span class='ocrx_word' id='word_1_491' title='bbox 3307 707 3426 761; x_wconf 91' lang='lat' dir='ltr'><strong>aliis</strong></span> <span class='ocrx_word' id='word_1_492' title='bbox 3443 713 3732 769; x_wconf 88' lang='lat' dir='ltr'><strong>nutricibus</strong></span> 
     </span>
    </p>
   </div>
   <div class='ocr_carea' id='block_1_67' title="bbox 2148 777 3731 873">
    <p class='ocr_par' dir='ltr' id='par_1_67' title="bbox 2148 777 3731 873">
     <span class='ocr_line' id='line_1_67' title="bbox 2148 777 3731 873; baseline 0.02 -43"><span class='ocrx_word' id='word_1_493' title='bbox 2148 777 2313 832; x_wconf 90' lang='lat' dir='ltr'><strong>dant:</strong></span> <span class='ocrx_word' id='word_1_494' title='bbox 2346 781 2458 850; x_wconf 89' lang='lat' dir='ltr'><strong>ipse</strong></span> <span class='ocrx_word' id='word_1_495' title='bbox 2502 799 2629 839; x_wconf 87' lang='lat' dir='ltr'><strong>vero</strong></span> <span class='ocrx_word' id='word_1_496' title='bbox 2669 787 2719 840; x_wconf 93' lang='lat' dir='ltr'><strong>id</strong></span> <span class='ocrx_word' id='word_1_497' title='bbox 2749 804 2854 843; x_wconf 88' lang='lat' dir='ltr'><strong>nou</strong></span> <span class='ocrx_word' id='word_1_498' title='bbox 2883 806 3069 860; x_wconf 86' lang='lat' dir='ltr'><strong>passus</strong></span> <span class='ocrx_word' id='word_1_499' title='bbox 3110 805 3212 861; x_wconf 91' lang='lat' dir='ltr'><strong>est,</strong></span> <span class='ocrx_word' id='word_1_500' title='bbox 3246 798 3339 851; x_wconf 86' lang='lat' dir='ltr'><strong>sed</strong></span> <span class='ocrx_word' id='word_1_501' title='bbox 3376 815 3473 854; x_wconf 87' lang='lat' dir='ltr'><strong>nos</strong></span> <span class='ocrx_word' id='word_1_502' title='bbox 3518 808 3731 873; x_wconf 86' lang='lat' dir='ltr'><strong>proprio</strong></span> 
     </span>
    </p>
   </div>
   <div class='ocr_carea' id='block_1_68' title="bbox 2147 871 3727 957">
    <p class='ocr_par' dir='ltr' id='par_1_68' title="bbox 2147 871 3727 957">
     <span class='ocr_line' id='line_1_68' title="bbox 2147 871 3727 957; baseline 0.02 -37"><span class='ocrx_word' id='word_1_503' title='bbox 2147 871 2405 937; x_wconf 90' lang='lat' dir='ltr'><strong>sanguine</strong></span> <span class='ocrx_word' id='word_1_504' title='bbox 2422 876 2607 941; x_wconf 91' lang='lat' dir='ltr'><strong>nutrit,</strong></span> <span class='ocrx_word' id='word_1_505' title='bbox 2638 889 2691 931; x_wconf 90' lang='lat' dir='ltr'><strong>et</strong></span> <span class='ocrx_word' id='word_1_506' title='bbox 2714 894 2811 949; x_wconf 83' lang='lat' dir='ltr'><strong>per</strong></span> <span class='ocrx_word' id='word_1_507' title='bbox 2840 883 3017 937; x_wconf 87' lang='lat' dir='ltr'><strong>omnia</strong></span> <span class='ocrx_word' id='word_1_508' title='bbox 3049 885 3149 940; x_wconf 91' lang='lat' dir='ltr'><strong>sibi</strong></span> <span class='ocrx_word' id='word_1_509' title='bbox 3172 890 3403 957; x_wconf 86' lang='lat' dir='ltr'><strong>copulat.</strong></span> <span class='ocrx_word' id='word_1_510' title='bbox 3437 871 3727 951; x_wconf 84' lang='lat' dir='ltr'><strong>Considera</strong></span> 
     </span>
    </p>
   </div>
   <div class='ocr_carea' id='block_1_69' title="bbox 2147 971 3727 1056">
    <p class='ocr_par' dir='ltr' id='par_1_69' title="bbox 2147 971 3727 1056">
     <span class='ocr_line' id='line_1_69' title="bbox 2147 971 3727 1056; baseline 0.018 -44"><span class='ocrx_word' id='word_1_511' title='bbox 2147 971 2319 1016; x_wconf 89' lang='lat' dir='ltr'><strong>autem</strong></span> <span class='ocrx_word' id='word_1_512' title='bbox 2354 980 2367 1015; x_wconf 91' lang='lat'><em>:</em></span> <span class='ocrx_word' id='word_1_513' title='bbox 2399 979 2465 1019; x_wconf 80' lang='lat' dir='ltr'><strong>ex</strong></span> <span class='ocrx_word' id='word_1_514' title='bbox 2495 978 2674 1023; x_wconf 86' lang='lat' dir='ltr'><strong>nostra</strong></span> <span class='ocrx_word' id='word_1_515' title='bbox 2702 972 2996 1028; x_wconf 82' lang='lat' dir='ltr'><strong>substantia</strong></span> <span class='ocrx_word' id='word_1_516' title='bbox 3026 986 3184 1031; x_wconf 86' lang='lat' dir='ltr'><strong>natus</strong></span> <span class='ocrx_word' id='word_1_517' title='bbox 3213 991 3315 1033; x_wconf 89' lang='lat' dir='ltr'><strong>est.</strong></span> <span class='ocrx_word' id='word_1_518' title='bbox 3346 982 3472 1047; x_wconf 86' lang='lat' dir='ltr'><strong>Sed,</strong></span> <span class='ocrx_word' id='word_1_519' title='bbox 3499 986 3727 1056; x_wconf 81' lang='lat' dir='ltr'><strong>inquies,</strong></span> 
     </span>
    </p>
   </div>
   <div class='ocr_carea' id='block_1_70' title="bbox 2147 1052 3730 1141">
    <p class='ocr_par' dir='ltr' id='par_1_70' title="bbox 2147 1052 3730 1141">
     <span class='ocr_line' id='line_1_70' title="bbox 2147 1052 3730 1141; baseline 0.018 -36"><span class='ocrx_word' id='word_1_520' title='bbox 2147 1052 2276 1107; x_wconf 89' lang='lat' dir='ltr'><strong>nihil</strong></span> <span class='ocrx_word' id='word_1_521' title='bbox 2303 1057 2403 1111; x_wconf 85' lang='lat' dir='ltr'><strong>hoc</strong></span> <span class='ocrx_word' id='word_1_522' title='bbox 2446 1058 2512 1113; x_wconf 87' lang='lat' dir='ltr'><strong>ad</strong></span> <span class='ocrx_word' id='word_1_523' title='bbox 2564 1076 2750 1117; x_wconf 91' lang='lat' dir='ltr'><strong>omnes</strong></span> <span class='ocrx_word' id='word_1_524' title='bbox 2781 1066 3008 1131; x_wconf 84' lang='lat' dir='ltr'><strong>pertinet</strong></span> <span class='ocrx_word' id='word_1_525' title='bbox 3039 1083 3054 1121; x_wconf 89' lang='lat'><strong>:</strong></span> <span class='ocrx_word' id='word_1_526' title='bbox 3084 1085 3402 1141; x_wconf 86' lang='lat' dir='ltr'><strong>quamquam</strong></span> <span class='ocrx_word' id='word_1_527' title='bbox 3449 1078 3512 1128; x_wconf 89' lang='lat' dir='ltr'><strong>ad</strong></span> <span class='ocrx_word' id='word_1_528' title='bbox 3544 1052 3730 1135; x_wconf 70' lang='lat' dir='ltr'><strong>«mutes</strong></span> 
     </span>
    </p>
   </div>
   <div class='ocr_carea' id='block_1_71' title="bbox 2145 1147 3725 1238">
    <p class='ocr_par' dir='ltr' id='par_1_71' title="bbox 2145 1147 3725 1238">
     <span class='ocr_line' id='line_1_71' title="bbox 2145 1147 3725 1238; baseline 0.018 -41"><span class='ocrx_word' id='word_1_529' title='bbox 2145 1154 2311 1200; x_wconf 89' lang='lat' dir='ltr'><strong>certe.</strong></span> <span class='ocrx_word' id='word_1_530' title='bbox 2336 1147 2389 1203; x_wconf 92' lang='lat' dir='ltr'><strong>Si</strong></span> <span class='ocrx_word' id='word_1_531' title='bbox 2413 1150 2556 1204; x_wconf 90' lang='lat' dir='ltr'><strong>enim</strong></span> <span class='ocrx_word' id='word_1_532' title='bbox 2594 1152 2659 1206; x_wconf 89' lang='lat' dir='ltr'><strong>ad</strong></span> <span class='ocrx_word' id='word_1_533' title='bbox 2697 1164 2942 1210; x_wconf 85' lang='lat' dir='ltr'><strong>naturam</strong></span> <span class='ocrx_word' id='word_1_534' title='bbox 2985 1170 3219 1213; x_wconf 88' lang='lat' dir='ltr'><strong>nostram</strong></span> <span class='ocrx_word' id='word_1_535' title='bbox 3246 1166 3427 1230; x_wconf 86' lang='lat' dir='ltr'><strong>venit,</strong></span> <span class='ocrx_word' id='word_1_536' title='bbox 3455 1170 3638 1238; x_wconf 83' lang='lat' dir='ltr'><strong>utique</strong></span> <span class='ocrx_word' id='word_1_537' title='bbox 3662 1174 3725 1225; x_wconf 88' lang='lat' dir='ltr'><strong>ad</strong></span> 
     </span>
    </p>
   </div>
   <div class='ocr_carea' id='block_1_72' title="bbox 2145 1242 3723 1329">
    <p class='ocr_par' dir='ltr' id='par_1_72' title="bbox 2145 1242 3723 1329">
     <span class='ocr_line' id='line_1_72' title="bbox 2145 1242 3723 1329; baseline 0.016 -40"><span class='ocrx_word' id='word_1_538' title='bbox 2145 1253 2333 1293; x_wconf 88' lang='lat' dir='ltr'><strong>omnes</strong></span> <span class='ocrx_word' id='word_1_539' title='bbox 2354 1242 2498 1295; x_wconf 88' lang='lat' dir='ltr'><strong>venit</strong></span> <span class='ocrx_word' id='word_1_540' title='bbox 2528 1260 2540 1295; x_wconf 90' lang='lat'><strong>:</strong></span> <span class='ocrx_word' id='word_1_541' title='bbox 2575 1244 2617 1297; x_wconf 88' lang='lat' dir='ltr'><strong>si</strong></span> <span class='ocrx_word' id='word_1_542' title='bbox 2658 1255 2835 1301; x_wconf 87' lang='lat' dir='ltr'><strong>autem</strong></span> <span class='ocrx_word' id='word_1_543' title='bbox 2874 1248 2939 1302; x_wconf 90' lang='lat' dir='ltr'><strong>ad</strong></span> <span class='ocrx_word' id='word_1_544' title='bbox 2967 1266 3154 1305; x_wconf 89' lang='lat' dir='ltr'><strong>omnes</strong></span> <span class='ocrx_word' id='word_1_545' title='bbox 3180 1255 3339 1308; x_wconf 90' lang='lat' dir='ltr'><strong>etiam</strong></span> <span class='ocrx_word' id='word_1_546' title='bbox 3373 1258 3438 1310; x_wconf 89' lang='lat' dir='ltr'><strong>ad</strong></span> <span class='ocrx_word' id='word_1_547' title='bbox 3470 1261 3723 1329; x_wconf 86' lang='lat' dir='ltr'><strong>singulos.</strong></span> 
     </span>
    </p>
   </div>
   <div class='ocr_carea' id='block_1_73' title="bbox 2147 1330 3729 1410">
    <p class='ocr_par' dir='ltr' id='par_1_73' title="bbox 2147 1330 3729 1410">
     <span class='ocr_line' id='line_1_73' title="bbox 2147 1330 3729 1410; baseline 0.017 -27"><span class='ocrx_word' id='word_1_548' title='bbox 2147 1330 2214 1384; x_wconf 91' lang='lat' dir='ltr'><strong>Et</strong></span> <span class='ocrx_word' id='word_1_549' title='bbox 2238 1334 2526 1401; x_wconf 88' lang='lat' dir='ltr'><strong>quomodo,</strong></span> <span class='ocrx_word' id='word_1_550' title='bbox 2563 1337 2789 1407; x_wconf 88' lang='lat' dir='ltr'><strong>inquies,</strong></span> <span class='ocrx_word' id='word_1_551' title='bbox 2842 1357 2946 1394; x_wconf 91' lang='lat' dir='ltr'><strong>non</strong></span> <span class='ocrx_word' id='word_1_552' title='bbox 2975 1358 3163 1399; x_wconf 90' lang='lat' dir='ltr'><strong>omnes</strong></span> <span class='ocrx_word' id='word_1_553' title='bbox 3207 1347 3345 1402; x_wconf 91' lang='lat' dir='ltr'><strong>hunc</strong></span> <span class='ocrx_word' id='word_1_554' title='bbox 3383 1349 3608 1406; x_wconf 87' lang='lat' dir='ltr'><strong>fructum</strong></span> <span class='ocrx_word' id='word_1_555' title='bbox 3640 1372 3729 1410; x_wconf 84' lang='lat' dir='ltr'><strong>ac-</strong></span> 
     </span>
    </p>
   </div>
   <div class='ocr_carea' id='block_1_74' title="bbox 2143 1426 3725 1515">
    <p class='ocr_par' dir='ltr' id='par_1_74' title="bbox 2143 1426 3725 1515">
     <span class='ocr_line' id='line_1_74' title="bbox 2143 1426 3725 1515; baseline 0.015 -39"><span class='ocrx_word' id='word_1_556' title='bbox 2143 1426 2522 1491; x_wconf 66' lang='lat' dir='ltr'><strong>ceperunt?“</strong></span> <span class='ocrx_word' id='word_1_557' title='bbox 2567 1439 2716 1485; x_wconf 89' lang='lat' dir='ltr'><strong>certe</strong></span> <span class='ocrx_word' id='word_1_558' title='bbox 2772 1449 2873 1486; x_wconf 90' lang='lat' dir='ltr'><strong>non</strong></span> <span class='ocrx_word' id='word_1_559' title='bbox 2921 1435 2992 1489; x_wconf 90' lang='lat' dir='ltr'><strong>illi</strong></span> <span class='ocrx_word' id='word_1_560' title='bbox 3035 1438 3443 1495; x_wconf 86' lang='lat' dir='ltr'><strong>adscribendum</strong></span> <span class='ocrx_word' id='word_1_561' title='bbox 3490 1447 3576 1513; x_wconf 91' lang='lat' dir='ltr'><strong>qui</strong></span> <span class='ocrx_word' id='word_1_562' title='bbox 3630 1463 3725 1515; x_wconf 88' lang='lat' dir='ltr'><strong>pro</strong></span> 
     </span>
    </p>
   </div>
   <div class='ocr_carea' id='block_1_75' title="bbox 2141 1516 3725 1604">
    <p class='ocr_par' dir='ltr' id='par_1_75' title="bbox 2141 1516 3725 1604">
     <span class='ocr_line' id='line_1_75' title="bbox 2141 1516 3725 1604; baseline 0.015 -37"><span class='ocrx_word' id='word_1_563' title='bbox 2141 1516 2388 1571; x_wconf 91' lang='lat' dir='ltr'><strong>omnibus</strong></span> <span class='ocrx_word' id='word_1_564' title='bbox 2416 1518 2545 1575; x_wconf 89' lang='lat' dir='ltr'><strong>illud</strong></span> <span class='ocrx_word' id='word_1_565' title='bbox 2568 1520 2785 1592; x_wconf 83' lang='lat' dir='ltr'><strong>delegit,</strong></span> <span class='ocrx_word' id='word_1_566' title='bbox 2810 1525 2901 1578; x_wconf 88' lang='lat' dir='ltr'><strong>sed</strong></span> <span class='ocrx_word' id='word_1_567' title='bbox 2931 1526 3034 1581; x_wconf 81' lang='lat' dir='ltr'><strong>illis</strong></span> <span class='ocrx_word' id='word_1_568' title='bbox 3064 1530 3151 1598; x_wconf 88' lang='lat' dir='ltr'><strong>qtti</strong></span> <span class='ocrx_word' id='word_1_569' title='bbox 3184 1532 3488 1588; x_wconf 80' lang='lat' dir='ltr'><strong>noluerunt.</strong></span> <span class='ocrx_word' id='word_1_570' title='bbox 3521 1535 3725 1604; x_wconf 73' lang='lat' dir='ltr'><strong>(Inique</strong></span> 
     </span>
    </p>
   </div>
   <div class='ocr_carea' id='block_1_76' title="bbox 2138 1607 3725 1695">
    <p class='ocr_par' dir='ltr' id='par_1_76' title="bbox 2138 1607 3725 1695">
     <span class='ocr_line' id='line_1_76' title="bbox 2138 1607 3725 1695; baseline 0.013 -35"><span class='ocrx_word' id='word_1_571' title='bbox 2138 1607 2284 1661; x_wconf 85' lang='lat' dir='ltr'><strong>enim</strong></span> <span class='ocrx_word' id='word_1_572' title='bbox 2315 1608 2452 1665; x_wconf 83' lang='lat' dir='ltr'><strong>fideli</strong></span> <span class='ocrx_word' id='word_1_573' title='bbox 2487 1626 2581 1680; x_wconf 87' lang='lat' dir='ltr'><strong>per</strong></span> <span class='ocrx_word' id='word_1_574' title='bbox 2608 1611 2711 1667; x_wconf 86' lang='lat' dir='ltr'><strong>hoc</strong></span> <span class='ocrx_word' id='word_1_575' title='bbox 2736 1617 3046 1686; x_wconf 80' lang='lat' dir='ltr'><strong>mysterium</strong></span> <span class='ocrx_word' id='word_1_576' title='bbox 3077 1634 3136 1673; x_wconf 92' lang='lat' dir='ltr'><strong>se</strong></span> <span class='ocrx_word' id='word_1_577' title='bbox 3172 1623 3478 1693; x_wconf 89' lang='lat' dir='ltr'><strong>conjungit,</strong></span> <span class='ocrx_word' id='word_1_578' title='bbox 3511 1637 3564 1679; x_wconf 89' lang='lat' dir='ltr'><strong>et</strong></span> <span class='ocrx_word' id='word_1_579' title='bbox 3592 1644 3725 1695; x_wconf 84' lang='lat' dir='ltr'><strong>quos</strong></span> 
     </span>
    </p>
   </div>
   <div class='ocr_carea' id='block_1_77' title="bbox 2140 1699 3720 1784">
    <p class='ocr_par' dir='ltr' id='par_1_77' title="bbox 2140 1699 3720 1784">
     <span class='ocr_line' id='line_1_77' title="bbox 2140 1699 3720 1784; baseline 0.014 -34"><span class='ocrx_word' id='word_1_580' title='bbox 2140 1699 2346 1767; x_wconf 82' lang='lat' dir='ltr'><strong>genuit,</strong></span> <span class='ocrx_word' id='word_1_581' title='bbox 2379 1716 2472 1769; x_wconf 91' lang='lat' dir='ltr'><strong>per</strong></span> <span class='ocrx_word' id='word_1_582' title='bbox 2498 1716 2557 1756; x_wconf 89' lang='lat' dir='ltr'><strong>se</strong></span> <span class='ocrx_word' id='word_1_583' title='bbox 2586 1704 2772 1772; x_wconf 85' lang='lat' dir='ltr'><strong>nutrit,</strong></span> <span class='ocrx_word' id='word_1_584' title='bbox 2821 1722 2994 1776; x_wconf 91' lang='lat' dir='ltr'><strong>neque</strong></span> <span class='ocrx_word' id='word_1_585' title='bbox 3025 1710 3113 1763; x_wconf 90' lang='lat' dir='ltr'><strong>alii</strong></span> <span class='ocrx_word' id='word_1_586' title='bbox 3156 1713 3347 1777; x_wconf 88' lang='lat' dir='ltr'><strong>tradit;</strong></span> <span class='ocrx_word' id='word_1_587' title='bbox 3384 1715 3589 1784; x_wconf 84' lang='lat' dir='ltr'><strong>hocque</strong></span> <span class='ocrx_word' id='word_1_588' title='bbox 3628 1722 3720 1774; x_wconf 90' lang='lat' dir='ltr'><strong>tibi</strong></span> 
     </span>
    </p>
   </div>
   <div class='ocr_carea' id='block_1_78' title="bbox 2142 1788 3725 1879">
    <p class='ocr_par' dir='ltr' id='par_1_78' title="bbox 2142 1788 3725 1879">
     <span class='ocr_line' id='line_1_78' title="bbox 2142 1788 3725 1879; baseline 0.015 -38"><span class='ocrx_word' id='word_1_589' title='bbox 2142 1788 2303 1843; x_wconf 90' lang='lat' dir='ltr'><strong>modo</strong></span> <span class='ocrx_word' id='word_1_590' title='bbox 2333 1792 2540 1860; x_wconf 90' lang='lat' dir='ltr'><strong>probat,</strong></span> <span class='ocrx_word' id='word_1_591' title='bbox 2571 1808 2629 1847; x_wconf 90' lang='lat' dir='ltr'><strong>se</strong></span> <span class='ocrx_word' id='word_1_592' title='bbox 2669 1809 2884 1850; x_wconf 91' lang='lat' dir='ltr'><strong>carnem</strong></span> <span class='ocrx_word' id='word_1_593' title='bbox 2923 1802 3196 1868; x_wconf 86' lang='lat' dir='ltr'><strong>accepisse</strong></span> <span class='ocrx_word' id='word_1_594' title='bbox 3242 1815 3404 1858; x_wconf 88' lang='lat' dir='ltr'><strong>tttam.</strong></span> <span class='ocrx_word' id='word_1_595' title='bbox 3447 1807 3523 1861; x_wconf 89' lang='lat' dir='ltr'><strong>Ne</strong></span> <span class='ocrx_word' id='word_1_596' title='bbox 3550 1810 3725 1879; x_wconf 87' lang='lat' dir='ltr'><strong>itaque</strong></span> 
     </span>
    </p>
   </div>
   <div class='ocr_carea' id='block_1_79' title="bbox 2140 1882 3720 1960">
    <p class='ocr_par' dir='ltr' id='par_1_79' title="bbox 2140 1882 3720 1960">
     <span class='ocr_line' id='line_1_79' title="bbox 2140 1882 3720 1960; baseline 0.018 -28"><span class='ocrx_word' id='word_1_597' title='bbox 2140 1894 2332 1949; x_wconf 86' lang='lat' dir='ltr'><strong>segnes</strong></span> <span class='ocrx_word' id='word_1_598' title='bbox 2358 1882 2525 1937; x_wconf 88' lang='lat' dir='ltr'><strong>simus</strong></span> <span class='ocrx_word' id='word_1_599' title='bbox 2553 1894 2698 1939; x_wconf 91' lang='lat' dir='ltr'><strong>tanta</strong></span> <span class='ocrx_word' id='word_1_600' title='bbox 2743 1887 2944 1957; x_wconf 88' lang='lat' dir='ltr'><strong>dignati</strong></span> <span class='ocrx_word' id='word_1_601' title='bbox 2980 1892 3205 1947; x_wconf 89' lang='lat' dir='ltr'><strong>caritate</strong></span> <span class='ocrx_word' id='word_1_602' title='bbox 3233 1903 3288 1949; x_wconf 91' lang='lat' dir='ltr'><strong>et</strong></span> <span class='ocrx_word' id='word_1_603' title='bbox 3320 1906 3466 1954; x_wconf 88' lang='lat' dir='ltr'><strong>tanto</strong></span> <span class='ocrx_word' id='word_1_604' title='bbox 3496 1899 3720 1960; x_wconf 87' lang='lat' dir='ltr'><strong>honore.</strong></span> 
     </span>
    </p>
   </div>
   <div class='ocr_carea' id='block_1_80' title="bbox 2138 1970 3723 2049">
    <p class='ocr_par' dir='ltr' id='par_1_80' title="bbox 2138 1970 3723 2049">
     <span class='ocr_line' id='line_1_80' title="bbox 2138 1970 3723 2049; baseline 0.016 -25"><span class='ocrx_word' id='word_1_605' title='bbox 2138 1970 2254 2025; x_wconf 92' lang='lat' dir='ltr'><strong>Non</strong></span> <span class='ocrx_word' id='word_1_606' title='bbox 2275 1972 2465 2026; x_wconf 91' lang='lat' dir='ltr'><strong>videtis</strong></span> <span class='ocrx_word' id='word_1_607' title='bbox 2494 1985 2694 2041; x_wconf 90' lang='lat' dir='ltr'><strong>quanto</strong></span> <span class='ocrx_word' id='word_1_608' title='bbox 2718 1977 2920 2047; x_wconf 88' lang='lat' dir='ltr'><strong>impetu</strong></span> <span class='ocrx_word' id='word_1_609' title='bbox 2944 1980 3173 2037; x_wconf 88' lang='lat' dir='ltr'><strong>infantes</strong></span> <span class='ocrx_word' id='word_1_610' title='bbox 3195 1985 3327 2039; x_wconf 87' lang='lat' dir='ltr'><strong>labia</strong></span> <span class='ocrx_word' id='word_1_611' title='bbox 3357 2002 3450 2042; x_wconf 90' lang='lat' dir='ltr'><strong>sua</strong></span> <span class='ocrx_word' id='word_1_612' title='bbox 3480 1993 3723 2049; x_wconf 72' lang='lat' dir='ltr'><strong>mamilla:</strong></span> 
     </span>
    </p>
   </div>
   <div class='ocr_carea' id='block_1_81' title="bbox 2139 2061 3717 2138">
    <p class='ocr_par' dir='ltr' id='par_1_81' title="bbox 2139 2061 3717 2138">
     <span class='ocr_line' id='line_1_81' title="bbox 2139 2061 3717 2138; baseline 0.016 -24"><span class='ocrx_word' id='word_1_613' title='bbox 2139 2061 2495 2118; x_wconf 82' lang='lat' dir='ltr'><strong>admoveant?</strong></span> <span class='ocrx_word' id='word_1_614' title='bbox 2522 2064 2654 2121; x_wconf 90' lang='lat' dir='ltr'><strong>Cum</strong></span> <span class='ocrx_word' id='word_1_615' title='bbox 2685 2069 2874 2123; x_wconf 91' lang='lat' dir='ltr'><strong>eodem</strong></span> <span class='ocrx_word' id='word_1_616' title='bbox 2897 2071 3074 2125; x_wconf 91' lang='lat' dir='ltr'><strong>studio</strong></span> <span class='ocrx_word' id='word_1_617' title='bbox 3103 2089 3202 2128; x_wconf 92' lang='lat' dir='ltr'><strong>nos</strong></span> <span class='ocrx_word' id='word_1_618' title='bbox 3232 2076 3296 2129; x_wconf 91' lang='lat' dir='ltr'><strong>ad</strong></span> <span class='ocrx_word' id='word_1_619' title='bbox 3327 2077 3462 2134; x_wconf 87' lang='lat' dir='ltr'><strong>hanc</strong></span> <span class='ocrx_word' id='word_1_620' title='bbox 3492 2084 3717 2138; x_wconf 90' lang='lat' dir='ltr'><strong>acceda-</strong></span> 
     </span>
    </p>
   </div>
   <div class='ocr_carea' id='block_1_82' title="bbox 2139 2160 3722 2238">
    <p class='ocr_par' dir='ltr' id='par_1_82' title="bbox 2139 2160 3722 2238">
     <span class='ocr_line' id='line_1_82' title="bbox 2139 2160 3722 2238; baseline 0.015 -33"><span class='ocrx_word' id='word_1_621' title='bbox 2139 2168 2259 2208; x_wconf 91' lang='lat' dir='ltr'><strong>mus</strong></span> <span class='ocrx_word' id='word_1_622' title='bbox 2285 2170 2547 2222; x_wconf 90' lang='lat' dir='ltr'><strong>mensam,</strong></span> <span class='ocrx_word' id='word_1_623' title='bbox 2571 2166 2625 2212; x_wconf 90' lang='lat' dir='ltr'><strong>et</strong></span> <span class='ocrx_word' id='word_1_624' title='bbox 2645 2160 2711 2212; x_wconf 86' lang='lat' dir='ltr'><strong>ad</strong></span> <span class='ocrx_word' id='word_1_625' title='bbox 2731 2162 3019 2216; x_wconf 88' lang='lat' dir='ltr'><strong>mamillam</strong></span> <span class='ocrx_word' id='word_1_626' title='bbox 3047 2165 3340 2235; x_wconf 89' lang='lat' dir='ltr'><strong>spiritualis</strong></span> <span class='ocrx_word' id='word_1_627' title='bbox 3365 2173 3575 2238; x_wconf 86' lang='lat' dir='ltr'><strong>poculi;</strong></span> <span class='ocrx_word' id='word_1_628' title='bbox 3619 2178 3722 2230; x_wconf 90' lang='lat' dir='ltr'><strong>imo</strong></span> 
     </span>
    </p>
   </div>
   <div class='ocr_carea' id='block_1_83' title="bbox 2137 2247 3718 2332">
    <p class='ocr_par' dir='ltr' id='par_1_83' title="bbox 2137 2247 3718 2332">
     <span class='ocr_line' id='line_1_83' title="bbox 2137 2247 3718 2332; baseline 0.014 -35"><span class='ocrx_word' id='word_1_629' title='bbox 2137 2260 2266 2300; x_wconf 85' lang='lat' dir='ltr'><strong>vero</strong></span> <span class='ocrx_word' id='word_1_630' title='bbox 2291 2247 2496 2316; x_wconf 86' lang='lat' dir='ltr'><strong>majore</strong></span> <span class='ocrx_word' id='word_1_631' title='bbox 2523 2263 2641 2303; x_wconf 91' lang='lat' dir='ltr'><strong>cum</strong></span> <span class='ocrx_word' id='word_1_632' title='bbox 2660 2251 2861 2321; x_wconf 89' lang='lat' dir='ltr'><strong>studio,</strong></span> <span class='ocrx_word' id='word_1_633' title='bbox 2904 2262 2961 2307; x_wconf 89' lang='lat' dir='ltr'><strong>ut</strong></span> <span class='ocrx_word' id='word_1_634' title='bbox 2988 2254 3245 2312; x_wconf 85' lang='lat' dir='ltr'><strong>lactentes</strong></span> <span class='ocrx_word' id='word_1_635' title='bbox 3274 2263 3420 2327; x_wconf 88' lang='lat' dir='ltr'><strong>pueri</strong></span> <span class='ocrx_word' id='word_1_636' title='bbox 3444 2306 3455 2320; x_wconf 88' lang='lat'><strong>.</strong></span> <span class='ocrx_word' id='word_1_637' title='bbox 3496 2267 3718 2332; x_wconf 83' lang='lat' dir='ltr'><strong>gratiam</strong></span> 
     </span>
    </p>
   </div>
   <div class='ocr_carea' id='block_1_84' title="bbox 2134 2336 3719 2417">
    <p class='ocr_par' dir='ltr' id='par_1_84' title="bbox 2134 2336 3719 2417">
     <span class='ocr_line' id='line_1_84' title="bbox 2134 2336 3719 2417; baseline 0.013 -27"><span class='ocrx_word' id='word_1_638' title='bbox 2134 2336 2363 2406; x_wconf 88' lang='lat' dir='ltr'><strong>Spiritus</strong></span> <span class='ocrx_word' id='word_1_639' title='bbox 2388 2339 2719 2396; x_wconf 89' lang='lat' dir='ltr'><strong>attrahamus</strong></span> <span class='ocrx_word' id='word_1_640' title='bbox 2749 2361 2762 2397; x_wconf 89' lang='lat'><strong>:</strong></span> <span class='ocrx_word' id='word_1_641' title='bbox 2798 2358 3039 2414; x_wconf 90' lang='lat' dir='ltr'><strong>unusque</strong></span> <span class='ocrx_word' id='word_1_642' title='bbox 3070 2347 3221 2401; x_wconf 88' lang='lat' dir='ltr'><strong>nobis</strong></span> <span class='ocrx_word' id='word_1_643' title='bbox 3250 2351 3317 2403; x_wconf 87' lang='lat' dir='ltr'><strong>sit</strong></span> <span class='ocrx_word' id='word_1_644' title='bbox 3343 2352 3516 2417; x_wconf 91' lang='lat' dir='ltr'><strong>dolor,</strong></span> <span class='ocrx_word' id='word_1_645' title='bbox 3549 2357 3590 2407; x_wconf 88' lang='lat' dir='ltr'><strong>si</strong></span> <span class='ocrx_word' id='word_1_646' title='bbox 3618 2355 3719 2410; x_wconf 77' lang='lat' dir='ltr'><strong>hoc</strong></span> 
     </span>
    </p>
   </div>
   <div class='ocr_carea' id='block_1_85' title="bbox 2135 2428 3718 2500">
    <p class='ocr_par' dir='ltr' id='par_1_85' title="bbox 2135 2428 3718 2500">
     <span class='ocr_line' id='line_1_85' title="bbox 2135 2428 3718 2500; baseline 0.013 -20"><span class='ocrx_word' id='word_1_647' title='bbox 2135 2428 2392 2495; x_wconf 82' lang='lat' dir='ltr'><strong>Spirituali</strong></span> <span class='ocrx_word' id='word_1_648' title='bbox 2424 2430 2677 2485; x_wconf 90' lang='lat' dir='ltr'><strong>alimento</strong></span> <span class='ocrx_word' id='word_1_649' title='bbox 2711 2432 2996 2500; x_wconf 81' lang='lat' dir='ltr'><strong>privemur.</strong></span> <span class='ocrx_word' id='word_1_650' title='bbox 3029 2437 3142 2491; x_wconf 89' lang='lat' dir='ltr'><strong>Non</strong></span> <span class='ocrx_word' id='word_1_651' title='bbox 3172 2450 3295 2493; x_wconf 91' lang='lat' dir='ltr'><strong>sunt</strong></span> <span class='ocrx_word' id='word_1_652' title='bbox 3336 2442 3580 2498; x_wconf 66' lang='lat' dir='ltr'><strong>humanae</strong></span> <span class='ocrx_word' id='word_1_653' title='bbox 3611 2448 3718 2500; x_wconf 83' lang='lat' dir='ltr'><strong>vir-</strong></span> 
     </span>
    </p>
   </div>
   <div class='ocr_carea' id='block_1_86' title="bbox 2138 2517 3713 2604">
    <p class='ocr_par' dir='ltr' id='par_1_86' title="bbox 2138 2517 3713 2604">
     <span class='ocr_line' id='line_1_86' title="bbox 2138 2517 3713 2604; baseline 0.014 -34"><span class='ocrx_word' id='word_1_654' title='bbox 2138 2517 2265 2570; x_wconf 90' lang='lat' dir='ltr'><strong>tutis</strong></span> <span class='ocrx_word' id='word_1_655' title='bbox 2293 2517 2407 2572; x_wconf 76' lang='lat' dir='ltr'><strong>llth</strong></span> <span class='ocrx_word' id='word_1_656' title='bbox 2432 2535 2613 2589; x_wconf 92' lang='lat' dir='ltr'><strong>opera.</strong></span> <span class='ocrx_word' id='word_1_657' title='bbox 2639 2520 2686 2574; x_wconf 88' lang='lat' dir='ltr'><strong>Is</strong></span> <span class='ocrx_word' id='word_1_658' title='bbox 2712 2523 2799 2592; x_wconf 88' lang='lat' dir='ltr'><strong>qui</strong></span> <span class='ocrx_word' id='word_1_659' title='bbox 2830 2531 2954 2579; x_wconf 92' lang='lat' dir='ltr'><strong>tunc</strong></span> <span class='ocrx_word' id='word_1_660' title='bbox 2968 2525 3022 2579; x_wconf 87' lang='lat' dir='ltr'><strong>in</strong></span> <span class='ocrx_word' id='word_1_661' title='bbox 3050 2527 3139 2581; x_wconf 89' lang='lat' dir='ltr'><strong>illa</strong></span> <span class='ocrx_word' id='word_1_662' title='bbox 3170 2544 3321 2585; x_wconf 68' lang='lat' dir='ltr'><strong>coena</strong></span> <span class='ocrx_word' id='word_1_663' title='bbox 3342 2532 3713 2604; x_wconf 83' lang='lat' dir='ltr'><strong>haecconfecit,</strong></span> 
     </span>
    </p>
   </div>
   <div class='ocr_carea' id='block_1_87' title="bbox 2134 2612 3716 2688">
    <p class='ocr_par' dir='ltr' id='par_1_87' title="bbox 2134 2612 3716 2688">
     <span class='ocr_line' id='line_1_87' title="bbox 2134 2612 3716 2688; baseline 0.015 -27"><span class='ocrx_word' id='word_1_664' title='bbox 2134 2618 2186 2661; x_wconf 86' lang='lat' dir='ltr'><strong>et</strong></span> <span class='ocrx_word' id='word_1_665' title='bbox 2218 2625 2356 2665; x_wconf 92' lang='lat' dir='ltr'><strong>nunc</strong></span> <span class='ocrx_word' id='word_1_666' title='bbox 2399 2612 2560 2666; x_wconf 88' lang='lat' dir='ltr'><strong>etiam</strong></span> <span class='ocrx_word' id='word_1_667' title='bbox 2609 2624 2879 2681; x_wconf 90' lang='lat' dir='ltr'><strong>operatur.</strong></span> <span class='ocrx_word' id='word_1_668' title='bbox 2913 2616 3020 2672; x_wconf 91' lang='lat' dir='ltr'><strong>Nos</strong></span> <span class='ocrx_word' id='word_1_669' title='bbox 3060 2621 3423 2679; x_wconf 90' lang='lat' dir='ltr'><strong>ministrorum</strong></span> <span class='ocrx_word' id='word_1_670' title='bbox 3466 2627 3716 2688; x_wconf 87' lang='lat' dir='ltr'><strong>habemus</strong></span> 
     </span>
    </p>
   </div>
   <div class='ocr_carea' id='block_1_88' title="bbox 2134 2704 3715 2793">
    <p class='ocr_par' dir='ltr' id='par_1_88' title="bbox 2134 2704 3715 2793">
     <span class='ocr_line' id='line_1_88' title="bbox 2134 2704 3715 2793; baseline 0.014 -37"><span class='ocrx_word' id='word_1_671' title='bbox 2134 2704 2373 2757; x_wconf 91' lang='lat' dir='ltr'><strong>ordinem</strong></span> <span class='ocrx_word' id='word_1_672' title='bbox 2400 2721 2412 2755; x_wconf 90' lang='lat'><strong>:</strong></span> <span class='ocrx_word' id='word_1_673' title='bbox 2437 2707 2524 2775; x_wconf 91' lang='lat' dir='ltr'><strong>qui</strong></span> <span class='ocrx_word' id='word_1_674' title='bbox 2558 2720 2686 2761; x_wconf 89' lang='lat' dir='ltr'><strong>vero</strong></span> <span class='ocrx_word' id='word_1_675' title='bbox 2714 2708 2800 2761; x_wconf 91' lang='lat' dir='ltr'><strong>illa</strong></span> <span class='ocrx_word' id='word_1_676' title='bbox 2842 2712 3137 2767; x_wconf 86' lang='lat' dir='ltr'><strong>sanctificat</strong></span> <span class='ocrx_word' id='word_1_677' title='bbox 3164 2725 3218 2769; x_wconf 90' lang='lat' dir='ltr'><strong>et</strong></span> <span class='ocrx_word' id='word_1_678' title='bbox 3247 2727 3582 2787; x_wconf 87' lang='lat' dir='ltr'><strong>transmutat,</strong></span> <span class='ocrx_word' id='word_1_679' title='bbox 3606 2724 3715 2793; x_wconf 88' lang='lat' dir='ltr'><strong>ipse</strong></span> 
     </span>
    </p>
   </div>
   <div class='ocr_carea' id='block_1_89' title="bbox 2133 2795 3708 2883">
    <p class='ocr_par' dir='ltr' id='par_1_89' title="bbox 2133 2795 3708 2883">
     <span class='ocr_line' id='line_1_89' title="bbox 2133 2795 3708 2883; baseline 0.013 -35"><span class='ocrx_word' id='word_1_680' title='bbox 2133 2805 2234 2849; x_wconf 92' lang='lat' dir='ltr'><strong>est.</strong></span> <span class='ocrx_word' id='word_1_681' title='bbox 2263 2795 2450 2850; x_wconf 91' lang='lat' dir='ltr'><strong>Nullus</strong></span> <span class='ocrx_word' id='word_1_682' title='bbox 2479 2812 2608 2867; x_wconf 79' lang='lat' dir='ltr'><strong>ergo</strong></span> <span class='ocrx_word' id='word_1_683' title='bbox 2634 2798 2798 2853; x_wconf 86' lang='lat' dir='ltr'><strong>Judas</strong></span> <span class='ocrx_word' id='word_1_684' title='bbox 2823 2802 2982 2869; x_wconf 89' lang='lat' dir='ltr'><strong>adsit,</strong></span> <span class='ocrx_word' id='word_1_685' title='bbox 3036 2804 3216 2861; x_wconf 90' lang='lat' dir='ltr'><strong>nullus</strong></span> <span class='ocrx_word' id='word_1_686' title='bbox 3254 2823 3446 2863; x_wconf 85' lang='lat' dir='ltr'><strong>avarus</strong></span> <span class='ocrx_word' id='word_1_687' title='bbox 3478 2828 3491 2863; x_wconf 91' lang='lat'><strong>:</strong></span> <span class='ocrx_word' id='word_1_688' title='bbox 3522 2813 3563 2865; x_wconf 91' lang='lat' dir='ltr'><strong>si</strong></span> <span class='ocrx_word' id='word_1_689' title='bbox 3592 2815 3708 2883; x_wconf 88' lang='lat' dir='ltr'><strong>quis</strong></span> 
     </span>
    </p>
   </div>
   <div class='ocr_carea' id='block_1_90' title="bbox 2132 2887 3708 2969">
    <p class='ocr_par' dir='ltr' id='par_1_90' title="bbox 2132 2887 3708 2969">
     <span class='ocr_line' id='line_1_90' title="bbox 2132 2887 3708 2969; baseline 0.013 -28"><span class='ocrx_word' id='word_1_690' title='bbox 2132 2887 2425 2957; x_wconf 91' lang='lat' dir='ltr'><strong>discipulus</strong></span> <span class='ocrx_word' id='word_1_691' title='bbox 2455 2906 2559 2944; x_wconf 91' lang='lat' dir='ltr'><strong>non</strong></span> <span class='ocrx_word' id='word_1_692' title='bbox 2592 2901 2693 2953; x_wconf 87' lang='lat' dir='ltr'><strong>est,</strong></span> <span class='ocrx_word' id='word_1_693' title='bbox 2722 2896 2935 2948; x_wconf 91' lang='lat' dir='ltr'><strong>recedat</strong></span> <span class='ocrx_word' id='word_1_694' title='bbox 2971 2914 2983 2948; x_wconf 91' lang='lat'>:</span> <span class='ocrx_word' id='word_1_695' title='bbox 3016 2913 3120 2951; x_wconf 91' lang='lat' dir='ltr'><strong>non</strong></span> <span class='ocrx_word' id='word_1_696' title='bbox 3149 2901 3339 2969; x_wconf 90' lang='lat' dir='ltr'><strong>recipit</strong></span> <span class='ocrx_word' id='word_1_697' title='bbox 3380 2902 3494 2959; x_wconf 62' lang='lat' dir='ltr'><strong>haec</strong></span> <span class='ocrx_word' id='word_1_698' title='bbox 3530 2922 3708 2962; x_wconf 88' lang='lat' dir='ltr'><strong>mensa</strong></span> 
     </span>
    </p>
   </div>
   <div class='ocr_carea' id='block_1_91' title="bbox 2130 2984 3711 3066">
    <p class='ocr_par' dir='ltr' id='par_1_91' title="bbox 2130 2984 3711 3066">
     <span class='ocr_line' id='line_1_91' title="bbox 2130 2984 3711 3066; baseline 0.013 -31"><span class='ocrx_word' id='word_1_699' title='bbox 2130 2996 2224 3037; x_wconf 88' lang='lat' dir='ltr'><strong>eos</strong></span> <span class='ocrx_word' id='word_1_700' title='bbox 2253 2984 2343 3052; x_wconf 91' lang='lat' dir='ltr'><strong>qui</strong></span> <span class='ocrx_word' id='word_1_701' title='bbox 2370 2984 2501 3038; x_wconf 78' lang='lat' dir='ltr'><strong>talos</strong></span> <span class='ocrx_word' id='word_1_702' title='bbox 2533 3001 2637 3038; x_wconf 91' lang='lat' dir='ltr'><strong>non</strong></span> <span class='ocrx_word' id='word_1_703' title='bbox 2683 2996 2825 3040; x_wconf 88' lang='lat' dir='ltr'><strong>sunt.</strong></span> <span class='ocrx_word' id='word_1_704' title='bbox 2857 2988 2989 3043; x_wconf 81' lang='lat' dir='ltr'><strong>Cum</strong></span> <span class='ocrx_word' id='word_1_705' title='bbox 3022 2990 3317 3061; x_wconf 85' lang='lat' dir='ltr'><strong>discipulis,</strong></span> <span class='ocrx_word' id='word_1_706' title='bbox 3352 2997 3539 3066; x_wconf 90' lang='lat' dir='ltr'><strong>inquit,</strong></span> <span class='ocrx_word' id='word_1_707' title='bbox 3582 3003 3711 3055; x_wconf 85' lang='lat' dir='ltr'><strong>meis</strong></span> 
     </span>
    </p>
   </div>
   <div class='ocr_carea' id='block_1_92' title="bbox 2131 3074 3710 3155">
    <p class='ocr_par' dir='ltr' id='par_1_92' title="bbox 2131 3074 3710 3155">
     <span class='ocr_line' id='line_1_92' title="bbox 2131 3074 3710 3155; baseline 0.011 -28"><span class='ocrx_word' id='word_1_708' title='bbox 2131 3074 2267 3128; x_wconf 89' lang='lat' dir='ltr'><strong>facio</strong></span> <span class='ocrx_word' id='word_1_709' title='bbox 2286 3076 2504 3145; x_wconf 86' lang='lat' dir='ltr'><strong>pascha.</strong></span> <span class='ocrx_word' id='word_1_710' title='bbox 2540 3077 2660 3132; x_wconf 85' lang='lat' dir='ltr'><strong>Haec</strong></span> <span class='ocrx_word' id='word_1_711' title='bbox 2697 3078 2807 3146; x_wconf 81' lang='lat' dir='ltr'><strong>ipsa</strong></span> <span class='ocrx_word' id='word_1_712' title='bbox 2843 3096 3025 3135; x_wconf 90' lang='lat' dir='ltr'><strong>mensa</strong></span> <span class='ocrx_word' id='word_1_713' title='bbox 3062 3094 3178 3148; x_wconf 91' lang='lat' dir='ltr'><strong>est,</strong></span> <span class='ocrx_word' id='word_1_714' title='bbox 3212 3101 3329 3155; x_wconf 64' lang='lat' dir='ltr'><strong>quae</strong></span> <span class='ocrx_word' id='word_1_715' title='bbox 3375 3088 3505 3141; x_wconf 87' lang='lat' dir='ltr'><strong>nihil</strong></span> <span class='ocrx_word' id='word_1_716' title='bbox 3538 3108 3710 3147; x_wconf 89' lang='lat' dir='ltr'><strong>nunus</strong></span> 
     </span>
    </p>
   </div>
   <div class='ocr_carea' id='block_1_93' title="bbox 2129 3166 3708 3242">
    <p class='ocr_par' dir='ltr' id='par_1_93' title="bbox 2129 3166 3708 3242">
     <span class='ocr_line' id='line_1_93' title="bbox 2129 3166 3708 3242; baseline 0.011 -25"><span class='ocrx_word' id='word_1_717' title='bbox 2129 3182 2284 3236; x_wconf 88' lang='lat' dir='ltr'><strong>quam</strong></span> <span class='ocrx_word' id='word_1_718' title='bbox 2331 3167 2414 3220; x_wconf 87' lang='lat' dir='ltr'><strong>illa</strong></span> <span class='ocrx_word' id='word_1_719' title='bbox 2459 3166 2638 3222; x_wconf 73' lang='lat' dir='ltr'><strong>habet.</strong></span> <span class='ocrx_word' id='word_1_720' title='bbox 2680 3169 2865 3239; x_wconf 83' lang='lat' dir='ltr'><strong>Neque</strong></span> <span class='ocrx_word' id='word_1_721' title='bbox 2912 3173 3053 3226; x_wconf 92' lang='lat' dir='ltr'><strong>enim</strong></span> <span class='ocrx_word' id='word_1_722' title='bbox 3103 3175 3243 3229; x_wconf 87' lang='lat' dir='ltr'><strong>illam</strong></span> <span class='ocrx_word' id='word_1_723' title='bbox 3268 3176 3543 3242; x_wconf 84' lang='lat' dir='ltr'><strong>Christus,</strong></span> <span class='ocrx_word' id='word_1_724' title='bbox 3576 3182 3708 3236; x_wconf 88' lang='lat' dir='ltr'><strong>hanc</strong></span> 
     </span>
    </p>
   </div>
   <div class='ocr_carea' id='block_1_94' title="bbox 2125 3257 3707 3336">
    <p class='ocr_par' dir='ltr' id='par_1_94' title="bbox 2125 3257 3707 3336">
     <span class='ocr_line' id='line_1_94' title="bbox 2125 3257 3707 3336; baseline 0.009 -25"><span class='ocrx_word' id='word_1_725' title='bbox 2125 3257 2289 3313; x_wconf 80' lang='lat' dir='ltr'><strong>homo</strong></span> <span class='ocrx_word' id='word_1_726' title='bbox 2315 3257 2482 3315; x_wconf 87' lang='lat' dir='ltr'><strong>facit:</strong></span> <span class='ocrx_word' id='word_1_727' title='bbox 2515 3260 2606 3313; x_wconf 92' lang='lat' dir='ltr'><strong>sed</strong></span> <span class='ocrx_word' id='word_1_728' title='bbox 2628 3269 2683 3314; x_wconf 94' lang='lat' dir='ltr'><strong>et</strong></span> <span class='ocrx_word' id='word_1_729' title='bbox 2706 3263 2843 3316; x_wconf 89' lang='lat' dir='ltr'><strong>banc</strong></span> <span class='ocrx_word' id='word_1_730' title='bbox 2886 3276 2940 3317; x_wconf 92' lang='lat' dir='ltr'><strong>et</strong></span> <span class='ocrx_word' id='word_1_731' title='bbox 2970 3264 3111 3319; x_wconf 85' lang='lat' dir='ltr'><strong>illam</strong></span> <span class='ocrx_word' id='word_1_732' title='bbox 3144 3268 3272 3336; x_wconf 77' lang='lat' dir='ltr'><strong>ipse.</strong></span> <span class='ocrx_word' id='word_1_733' title='bbox 3308 3270 3418 3324; x_wconf 93' lang='lat' dir='ltr'><strong>lloc</strong></span> <span class='ocrx_word' id='word_1_734' title='bbox 3461 3272 3587 3325; x_wconf 89' lang='lat' dir='ltr'><strong>illud</strong></span> <span class='ocrx_word' id='word_1_735' title='bbox 3628 3286 3707 3328; x_wconf 71' lang='lat' dir='ltr'><strong>est</strong></span> 
     </span>
    </p>
   </div>
   <div class='ocr_carea' id='block_1_95' title="bbox 2128 3352 3705 3422">
    <p class='ocr_par' dir='ltr' id='par_1_95' title="bbox 2128 3352 3705 3422">
     <span class='ocr_line' id='line_1_95' title="bbox 2128 3352 3705 3422; baseline 0.008 -17"><span class='ocrx_word' id='word_1_736' title='bbox 2128 3352 2477 3416; x_wconf 75' lang='lat' dir='ltr'><strong>cmnaculum,</strong></span> <span class='ocrx_word' id='word_1_737' title='bbox 2523 3353 2609 3407; x_wconf 90' lang='lat' dir='ltr'><strong>ubi</strong></span> <span class='ocrx_word' id='word_1_738' title='bbox 2640 3364 2765 3409; x_wconf 91' lang='lat' dir='ltr'><strong>tunc</strong></span> <span class='ocrx_word' id='word_1_739' title='bbox 2802 3366 2990 3422; x_wconf 88' lang='lat' dir='ltr'><strong>erant;</strong></span> <span class='ocrx_word' id='word_1_740' title='bbox 3023 3356 3147 3413; x_wconf 91' lang='lat' dir='ltr'><strong>hinc</strong></span> <span class='ocrx_word' id='word_1_741' title='bbox 3181 3361 3246 3415; x_wconf 89' lang='lat' dir='ltr'><strong>ad</strong></span> <span class='ocrx_word' id='word_1_742' title='bbox 3279 3361 3508 3419; x_wconf 83' lang='lat' dir='ltr'><strong>Montem</strong></span> <span class='ocrx_word' id='word_1_743' title='bbox 3541 3368 3705 3420; x_wconf 83' lang='lat' dir='ltr'><strong>oliva-</strong></span> 
     </span>
    </p>
   </div>
   <div class='ocr_carea' id='block_1_96' title="bbox 2128 3443 3699 3525">
    <p class='ocr_par' dir='ltr' id='par_1_96' title="bbox 2128 3443 3699 3525">
     <span class='ocr_line' id='line_1_96' title="bbox 2128 3443 3699 3525; baseline 0.01 -30"><span class='ocrx_word' id='word_1_744' title='bbox 2128 3458 2244 3496; x_wconf 93' lang='lat' dir='ltr'><strong>rum</strong></span> <span class='ocrx_word' id='word_1_745' title='bbox 2270 3443 2512 3497; x_wconf 79' lang='lat' dir='ltr'><strong>exierunt</strong></span> <span class='ocrx_word' id='word_1_746' title='bbox 2544 3462 2556 3498; x_wconf 95' lang='lat'>:</span> <span class='ocrx_word' id='word_1_747' title='bbox 2583 3460 2679 3499; x_wconf 91' lang='lat' dir='ltr'><strong>nos</strong></span> <span class='ocrx_word' id='word_1_748' title='bbox 2722 3461 2979 3503; x_wconf 85' lang='lat' dir='ltr'><strong>exeamus</strong></span> <span class='ocrx_word' id='word_1_749' title='bbox 3031 3450 3096 3502; x_wconf 89' lang='lat' dir='ltr'><strong>ad</strong></span> <span class='ocrx_word' id='word_1_750' title='bbox 3143 3467 3331 3507; x_wconf 91' lang='lat' dir='ltr'><strong>manus</strong></span> <span class='ocrx_word' id='word_1_751' title='bbox 3371 3469 3699 3525; x_wconf 89' lang='lat' dir='ltr'><strong>pauperum:</strong></span> 
     </span>
    </p>
   </div>
   <div class='ocr_carea' id='block_1_97' title="bbox 2128 3535 3705 3621">
    <p class='ocr_par' dir='ltr' id='par_1_97' title="bbox 2128 3535 3705 3621">
     <span class='ocr_line' id='line_1_97' title="bbox 2128 3535 3705 3621; baseline 0.011 -32"><span class='ocrx_word' id='word_1_752' title='bbox 2128 3535 2215 3589; x_wconf 89' lang='lat' dir='ltr'><strong>hic</strong></span> <span class='ocrx_word' id='word_1_753' title='bbox 2260 3536 2401 3590; x_wconf 90' lang='lat' dir='ltr'><strong>enim</strong></span> <span class='ocrx_word' id='word_1_754' title='bbox 2455 3536 2698 3591; x_wconf 89' lang='lat' dir='ltr'><strong>locusest</strong></span> <span class='ocrx_word' id='word_1_755' title='bbox 2752 3541 2900 3595; x_wconf 85' lang='lat' dir='ltr'><strong>Mons</strong></span> <span class='ocrx_word' id='word_1_756' title='bbox 2946 3542 3226 3597; x_wconf 87' lang='lat' dir='ltr'><strong>olivarum.</strong></span> <span class='ocrx_word' id='word_1_757' title='bbox 3273 3544 3438 3600; x_wconf 69' lang='lat' dir='ltr'><strong>Oliva:</strong></span> <span class='ocrx_word' id='word_1_758' title='bbox 3480 3565 3705 3621; x_wconf 86' lang='lat' dir='ltr'><strong>namque</strong></span> 
     </span>
    </p>
   </div>
   <div class='ocr_carea' id='block_1_98' title="bbox 2128 3628 3701 3711">
    <p class='ocr_par' dir='ltr' id='par_1_98' title="bbox 2128 3628 3701 3711">
     <span class='ocr_line' id='line_1_98' title="bbox 2128 3628 3701 3711; baseline 0.013 -34"><span class='ocrx_word' id='word_1_759' title='bbox 2128 3632 2376 3699; x_wconf 85' lang='lat' dir='ltr'><strong>plantatae</strong></span> <span class='ocrx_word' id='word_1_760' title='bbox 2404 3629 2455 3681; x_wconf 91' lang='lat' dir='ltr'><strong>in</strong></span> <span class='ocrx_word' id='word_1_761' title='bbox 2486 3628 2646 3682; x_wconf 90' lang='lat' dir='ltr'><strong>domo</strong></span> <span class='ocrx_word' id='word_1_762' title='bbox 2678 3629 2769 3683; x_wconf 91' lang='lat' dir='ltr'><strong>Dei</strong></span> <span class='ocrx_word' id='word_1_763' title='bbox 2790 3640 2915 3684; x_wconf 85' lang='lat' dir='ltr'><strong>sunt</strong></span> <span class='ocrx_word' id='word_1_764' title='bbox 2937 3647 3228 3703; x_wconf 87' lang='lat' dir='ltr'><strong>pauperum</strong></span> <span class='ocrx_word' id='word_1_765' title='bbox 3257 3638 3559 3708; x_wconf 89' lang='lat' dir='ltr'><strong>multitudo,</strong></span> <span class='ocrx_word' id='word_1_766' title='bbox 3584 3660 3701 3711; x_wconf 74' lang='lat' dir='ltr'><strong>qua:</strong></span> 
     </span>
    </p>
   </div>
   <div class='ocr_carea' id='block_1_99' title="bbox 2124 3720 3700 3803">
    <p class='ocr_par' dir='ltr' id='par_1_99' title="bbox 2124 3720 3700 3803">
     <span class='ocr_line' id='line_1_99' title="bbox 2124 3720 3700 3803; baseline 0.008 -29"><span class='ocrx_word' id='word_1_767' title='bbox 2124 3721 2326 3774; x_wconf 90' lang='lat' dir='ltr'><strong>stillant</strong></span> <span class='ocrx_word' id='word_1_768' title='bbox 2351 3720 2548 3785; x_wconf 89' lang='lat' dir='ltr'><strong>oleum,</strong></span> <span class='ocrx_word' id='word_1_769' title='bbox 2581 3720 2718 3789; x_wconf 91' lang='lat' dir='ltr'><strong>quod</strong></span> <span class='ocrx_word' id='word_1_770' title='bbox 2743 3721 2850 3776; x_wconf 91' lang='lat' dir='ltr'><strong>illic</strong></span> <span class='ocrx_word' id='word_1_771' title='bbox 2873 3723 3027 3777; x_wconf 91' lang='lat' dir='ltr'><strong>nobis</strong></span> <span class='ocrx_word' id='word_1_772' title='bbox 3052 3725 3177 3781; x_wconf 87' lang='lat' dir='ltr'><strong>utile</strong></span> <span class='ocrx_word' id='word_1_773' title='bbox 3198 3730 3302 3781; x_wconf 89' lang='lat' dir='ltr'><strong>erit</strong></span> <span class='ocrx_word' id='word_1_774' title='bbox 3329 3746 3342 3782; x_wconf 90' lang='lat'>:</span> <span class='ocrx_word' id='word_1_775' title='bbox 3375 3732 3515 3800; x_wconf 83' lang='lat' dir='ltr'><strong>quod</strong></span> <span class='ocrx_word' id='word_1_776' title='bbox 3544 3734 3700 3803; x_wconf 89' lang='lat' dir='ltr'><strong>quin-</strong></span> 
     </span>
    </p>
   </div>
   <div class='ocr_carea' id='block_1_100' title="bbox 2124 3810 3699 3893">
    <p class='ocr_par' dir='ltr' id='par_1_100' title="bbox 2124 3810 3699 3893">
     <span class='ocr_line' id='line_1_100' title="bbox 2124 3810 3699 3893; baseline 0.01 -29"><span class='ocrx_word' id='word_1_777' title='bbox 2124 3827 2229 3881; x_wconf 91' lang='lat' dir='ltr'><strong>que</strong></span> <span class='ocrx_word' id='word_1_778' title='bbox 2276 3812 2378 3865; x_wconf 77' lang='lat' dir='ltr'><strong>illa:</strong></span> <span class='ocrx_word' id='word_1_779' title='bbox 2422 3812 2653 3881; x_wconf 84' lang='lat' dir='ltr'><strong>virgines</strong></span> <span class='ocrx_word' id='word_1_780' title='bbox 2702 3810 3023 3881; x_wconf 89' lang='lat' dir='ltr'><strong>habuerunt,</strong></span> <span class='ocrx_word' id='word_1_781' title='bbox 3052 3826 3257 3873; x_wconf 69' lang='lat' dir='ltr'><strong>caeteras</strong></span> <span class='ocrx_word' id='word_1_782' title='bbox 3285 3835 3415 3877; x_wconf 75' lang='lat' dir='ltr'><strong>Vero</strong></span> <span class='ocrx_word' id='word_1_783' title='bbox 3442 3840 3560 3893; x_wconf 76' lang='lat' dir='ltr'><strong>qua:</strong></span> <span class='ocrx_word' id='word_1_784' title='bbox 3597 3841 3699 3881; x_wconf 89' lang='lat' dir='ltr'><strong>non</strong></span> 
     </span>
    </p>
   </div>
   <div class='ocr_carea' id='block_1_101' title="bbox 2125 3905 3696 3985">
    <p class='ocr_par' dir='ltr' id='par_1_101' title="bbox 2125 3905 3696 3985">
     <span class='ocr_line' id='line_1_101' title="bbox 2125 3905 3696 3985; baseline 0.009 -27"><span class='ocrx_word' id='word_1_785' title='bbox 2125 3905 2247 3959; x_wconf 88' lang='lat' dir='ltr'><strong>hinc</strong></span> <span class='ocrx_word' id='word_1_786' title='bbox 2273 3913 2612 3985; x_wconf 84' lang='lat' dir='ltr'><strong>acceperant,</strong></span> <span class='ocrx_word' id='word_1_787' title='bbox 2633 3906 2926 3974; x_wconf 88' lang='lat' dir='ltr'><strong>perierunt.</strong></span> <span class='ocrx_word' id='word_1_788' title='bbox 2951 3908 3064 3964; x_wconf 90' lang='lat' dir='ltr'><strong>Hoc</strong></span> <span class='ocrx_word' id='word_1_789' title='bbox 3079 3911 3401 3981; x_wconf 90' lang='lat' dir='ltr'><strong>accipientes</strong></span> <span class='ocrx_word' id='word_1_790' title='bbox 3418 3915 3696 3985; x_wconf 90' lang='lat' dir='ltr'><strong>intremus,</strong></span> 
     </span>
    </p>
   </div>
   <div class='ocr_carea' id='block_1_102' title="bbox 2123 3980 3696 4068">
    <p class='ocr_par' dir='ltr' id='par_1_102' title="bbox 2123 3980 3696 4068">
     <span class='ocr_line' id='line_1_102' title="bbox 2123 3980 3696 4068; baseline 0.006 -18"><span class='ocrx_word' id='word_1_791' title='bbox 2123 4006 2181 4050; x_wconf 92' lang='lat' dir='ltr'><strong>ut</strong></span> <span class='ocrx_word' id='word_1_792' title='bbox 2226 3980 2548 4065; x_wconf 85' lang='lat' dir='ltr'><strong>fulgentibus</strong></span> <span class='ocrx_word' id='word_1_793' title='bbox 2579 3995 2914 4063; x_wconf 90' lang='lat' dir='ltr'><strong>lampadibus</strong></span> <span class='ocrx_word' id='word_1_794' title='bbox 2955 3997 3021 4052; x_wconf 89' lang='lat' dir='ltr'><strong>ad</strong></span> <span class='ocrx_word' id='word_1_795' title='bbox 3064 3980 3319 4068; x_wconf 89' lang='lat' dir='ltr'><strong>sponsum</strong></span> <span class='ocrx_word' id='word_1_796' title='bbox 3360 3980 3696 4062; x_wconf 74' lang='lat' dir='ltr'><strong>accedamus.</strong></span> 
     </span>
    </p>
   </div>
   <div class='ocr_carea' id='block_1_103' title="bbox 2122 4084 3700 4155">
    <p class='ocr_par' dir='ltr' id='par_1_103' title="bbox 2122 4084 3700 4155">
     <span class='ocr_line' id='line_1_103' title="bbox 2122 4084 3700 4155; baseline 0.007 -14"><span class='ocrx_word' id='word_1_797' title='bbox 2122 4086 2235 4141; x_wconf 87' lang='lat' dir='ltr'><strong>Hoc</strong></span> <span class='ocrx_word' id='word_1_798' title='bbox 2273 4085 2595 4155; x_wconf 90' lang='lat' dir='ltr'><strong>accipientes</strong></span> <span class='ocrx_word' id='word_1_799' title='bbox 2623 4084 2747 4139; x_wconf 88' lang='lat' dir='ltr'><strong>hinc</strong></span> <span class='ocrx_word' id='word_1_800' title='bbox 2790 4086 3145 4154; x_wconf 86' lang='lat' dir='ltr'><strong>cgrediamur.</strong></span> <span class='ocrx_word' id='word_1_801' title='bbox 3188 4091 3355 4148; x_wconf 86' lang='lat' dir='ltr'><strong>Nemo</strong></span> <span class='ocrx_word' id='word_1_802' title='bbox 3381 4093 3700 4152; x_wconf 75' lang='lat' dir='ltr'><strong>inhumanus</strong></span> 
     </span>
    </p>
   </div>
   <div class='ocr_carea' id='block_1_104' title="bbox 2122 4176 3699 4251">
    <p class='ocr_par' dir='ltr' id='par_1_104' title="bbox 2122 4176 3699 4251">
     <span class='ocr_line' id='line_1_104' title="bbox 2122 4176 3699 4251; baseline 0.007 -18"><span class='ocrx_word' id='word_1_803' title='bbox 2122 4178 2359 4240; x_wconf 85' lang='lat' dir='ltr'><strong>accedat,</strong></span> <span class='ocrx_word' id='word_1_804' title='bbox 2375 4190 2533 4231; x_wconf 90' lang='lat' dir='ltr'><strong>nemo</strong></span> <span class='ocrx_word' id='word_1_805' title='bbox 2557 4176 2786 4231; x_wconf 86' lang='lat' dir='ltr'><strong>crudelis</strong></span> <span class='ocrx_word' id='word_1_806' title='bbox 2804 4188 2857 4232; x_wconf 93' lang='lat' dir='ltr'><strong>et</strong></span> <span class='ocrx_word' id='word_1_807' title='bbox 2882 4179 3279 4251; x_wconf 85' lang='lat' dir='ltr'><strong>immisericors,</strong></span> <span class='ocrx_word' id='word_1_808' title='bbox 3302 4201 3460 4242; x_wconf 91' lang='lat' dir='ltr'><strong>nemo</strong></span> <span class='ocrx_word' id='word_1_809' title='bbox 3482 4190 3699 4245; x_wconf 89' lang='lat' dir='ltr'><strong>omnino</strong></span> 
     </span>
    </p>
   </div>
   <div class='ocr_carea' id='block_1_105' title="bbox 2122 4271 2386 4339">
    <p class='ocr_par' dir='ltr' id='par_1_105' title="bbox 2122 4271 2386 4339">
     <span class='ocr_line' id='line_1_105' title="bbox 2122 4271 2386 4339; baseline -0.015 -14"><span class='ocrx_word' id='word_1_810' title='bbox 2122 4271 2386 4339; x_wconf 87' lang='lat' dir='ltr'><strong>impurus.</strong></span> 
     </span>
    </p>
   </div>
   <div class='ocr_carea' id='block_1_106' title="bbox 2192 4358 3696 4428">
    <p class='ocr_par' dir='ltr' id='par_1_106' title="bbox 2192 4358 3696 4428">
     <span class='ocr_line' id='line_1_106' title="bbox 2192 4358 3696 4428; baseline 0.009 -15"><span class='ocrx_word' id='word_1_811' title='bbox 2192 4360 2243 4414; x_wconf 86' lang='lat'><strong>6.</strong></span> <span class='ocrx_word' id='word_1_812' title='bbox 2274 4360 2397 4413; x_wconf 67' lang='lat' dir='ltr'><strong>Hazc</strong></span> <span class='ocrx_word' id='word_1_813' title='bbox 2420 4358 2571 4413; x_wconf 90' lang='lat' dir='ltr'><strong>vobis</strong></span> <span class='ocrx_word' id='word_1_814' title='bbox 2594 4359 2683 4428; x_wconf 92' lang='lat' dir='ltr'><strong>qui</strong></span> <span class='ocrx_word' id='word_1_815' title='bbox 2709 4360 3114 4415; x_wconf 85' lang='lat' dir='ltr'><strong>communicatis</strong></span> <span class='ocrx_word' id='word_1_816' title='bbox 3139 4362 3279 4427; x_wconf 89' lang='lat' dir='ltr'><strong>dico.</strong></span> <span class='ocrx_word' id='word_1_817' title='bbox 3308 4381 3515 4422; x_wconf 91' lang='lat' dir='ltr'><strong>necnon</strong></span> <span class='ocrx_word' id='word_1_818' title='bbox 3547 4370 3696 4427; x_wconf 85' lang='lat' dir='ltr'><strong>vobis</strong></span> 
     </span>
    </p>
   </div>
   <div class='ocr_carea' id='block_1_107' title="bbox 2121 4452 3694 4531">
    <p class='ocr_par' dir='ltr' id='par_1_107' title="bbox 2121 4452 3694 4531">
     <span class='ocr_line' id='line_1_107' title="bbox 2121 4452 3694 4531; baseline 0.007 -23"><span class='ocrx_word' id='word_1_819' title='bbox 2121 4457 2208 4527; x_wconf 89' lang='lat' dir='ltr'><strong>qtti</strong></span> <span class='ocrx_word' id='word_1_820' title='bbox 2238 4454 2572 4509; x_wconf 84' lang='lat' dir='ltr'><strong>ministratis.</strong></span> <span class='ocrx_word' id='word_1_821' title='bbox 2602 4452 2731 4506; x_wconf 82' lang='lat' dir='ltr'><strong>Nam</strong></span> <span class='ocrx_word' id='word_1_822' title='bbox 2762 4468 2977 4509; x_wconf 89' lang='lat' dir='ltr'><strong>necesse</strong></span> <span class='ocrx_word' id='word_1_823' title='bbox 3004 4464 3090 4510; x_wconf 91' lang='lat' dir='ltr'><strong>est</strong></span> <span class='ocrx_word' id='word_1_824' title='bbox 3114 4472 3208 4511; x_wconf 88' lang='lat' dir='ltr'><strong>vos</strong></span> <span class='ocrx_word' id='word_1_825' title='bbox 3236 4459 3453 4531; x_wconf 75' lang='lat' dir='ltr'><strong>alioqui,</strong></span> <span class='ocrx_word' id='word_1_826' title='bbox 3484 4473 3539 4518; x_wconf 90' lang='lat' dir='ltr'><strong>ut</strong></span> <span class='ocrx_word' id='word_1_827' title='bbox 3572 4482 3694 4521; x_wconf 89' lang='lat' dir='ltr'><strong>cum</strong></span> 
     </span>
    </p>
   </div>
   <div class='ocr_carea' id='block_1_108' title="bbox 2122 4543 3691 4625">
    <p class='ocr_par' dir='ltr' id='par_1_108' title="bbox 2122 4543 3691 4625">
     <span class='ocr_line' id='line_1_108' title="bbox 2122 4543 3691 4625; baseline 0.005 -22"><span class='ocrx_word' id='word_1_828' title='bbox 2122 4548 2285 4603; x_wconf 88' lang='lat' dir='ltr'><strong>multa</strong></span> <span class='ocrx_word' id='word_1_829' title='bbox 2316 4545 2581 4615; x_wconf 83' lang='lat' dir='ltr'><strong>diligentia</strong></span> <span class='ocrx_word' id='word_1_830' title='bbox 2614 4543 2727 4597; x_wconf 68' lang='lat' dir='ltr'><strong>hate</strong></span> <span class='ocrx_word' id='word_1_831' title='bbox 2764 4544 2899 4598; x_wconf 85' lang='lat' dir='ltr'><strong>dona</strong></span> <span class='ocrx_word' id='word_1_832' title='bbox 2942 4546 3288 4603; x_wconf 88' lang='lat' dir='ltr'><strong>distribuatis.</strong></span> <span class='ocrx_word' id='word_1_833' title='bbox 3319 4551 3432 4607; x_wconf 92' lang='lat' dir='ltr'><strong>Non</strong></span> <span class='ocrx_word' id='word_1_834' title='bbox 3477 4571 3691 4625; x_wconf 78' lang='lat' dir='ltr'><strong>parvum</strong></span> 
     </span>
    </p>
   </div>
   <div class='ocr_carea' id='block_1_109' title="bbox 2119 4636 3693 4716">
    <p class='ocr_par' dir='ltr' id='par_1_109' title="bbox 2119 4636 3693 4716">
     <span class='ocr_line' id='line_1_109' title="bbox 2119 4636 3693 4716; baseline 0.007 -23"><span class='ocrx_word' id='word_1_835' title='bbox 2119 4641 2270 4694; x_wconf 87' lang='lat' dir='ltr'><strong>vobis</strong></span> <span class='ocrx_word' id='word_1_836' title='bbox 2308 4637 2620 4708; x_wconf 90' lang='lat' dir='ltr'><strong>supplicium</strong></span> <span class='ocrx_word' id='word_1_837' title='bbox 2648 4636 2956 4705; x_wconf 89' lang='lat' dir='ltr'><strong>deputatum</strong></span> <span class='ocrx_word' id='word_1_838' title='bbox 2986 4649 3067 4693; x_wconf 89' lang='lat' dir='ltr'><strong>est</strong></span> <span class='ocrx_word' id='word_1_839' title='bbox 3086 4679 3102 4705; x_wconf 90' lang='lat'><strong>,</strong></span> <span class='ocrx_word' id='word_1_840' title='bbox 3134 4641 3178 4695; x_wconf 90' lang='lat' dir='ltr'><strong>si</strong></span> <span class='ocrx_word' id='word_1_841' title='bbox 3207 4659 3363 4711; x_wconf 87' lang='lat' dir='ltr'><strong>quem</strong></span> <span class='ocrx_word' id='word_1_842' title='bbox 3396 4646 3693 4716; x_wconf 81' lang='lat' dir='ltr'><strong>improbum</strong></span> 
     </span>
    </p>
   </div>
   <div class='ocr_carea' id='block_1_110' title="bbox 2120 4728 3695 4804">
    <p class='ocr_par' dir='ltr' id='par_1_110' title="bbox 2120 4728 3695 4804">
     <span class='ocr_line' id='line_1_110' title="bbox 2120 4728 3695 4804; baseline 0.005 -16"><span class='ocrx_word' id='word_1_843' title='bbox 2120 4733 2269 4789; x_wconf 89' lang='lat' dir='ltr'><strong>vobis</strong></span> <span class='ocrx_word' id='word_1_844' title='bbox 2296 4740 2477 4785; x_wconf 92' lang='lat' dir='ltr'><strong>notum</strong></span> <span class='ocrx_word' id='word_1_845' title='bbox 2506 4729 2572 4784; x_wconf 89' lang='lat' dir='ltr'><strong>ad</strong></span> <span class='ocrx_word' id='word_1_846' title='bbox 2602 4728 2756 4798; x_wconf 92' lang='lat' dir='ltr'><strong>hujus</strong></span> <span class='ocrx_word' id='word_1_847' title='bbox 2787 4746 2984 4786; x_wconf 61' lang='lat' dir='ltr'><strong>mensae</strong></span> <span class='ocrx_word' id='word_1_848' title='bbox 3024 4735 3475 4804; x_wconf 89' lang='lat' dir='ltr'><strong>participationem</strong></span> <span class='ocrx_word' id='word_1_849' title='bbox 3505 4742 3695 4797; x_wconf 89' lang='lat' dir='ltr'><strong>admit-</strong></span> 
     </span>
    </p>
   </div>
   <div class='ocr_carea' id='block_1_111' title="bbox 2122 4822 3689 4893">
    <p class='ocr_par' dir='ltr' id='par_1_111' title="bbox 2122 4822 3689 4893">
     <span class='ocr_line' id='line_1_111' title="bbox 2122 4822 3689 4893; baseline 0.004 -11"><span class='ocrx_word' id='word_1_850' title='bbox 2122 4829 2262 4882; x_wconf 87' lang='lat' dir='ltr'><strong>tatis.</strong></span> <span class='ocrx_word' id='word_1_851' title='bbox 2312 4823 2536 4893; x_wconf 87' lang='lat' dir='ltr'><strong>Sanguis</strong></span> <span class='ocrx_word' id='word_1_852' title='bbox 2582 4822 2699 4893; x_wconf 89' lang='lat' dir='ltr'><strong>ejus</strong></span> <span class='ocrx_word' id='word_1_853' title='bbox 2745 4824 3051 4892; x_wconf 81' lang='lat' dir='ltr'><strong>exquiretur</strong></span> <span class='ocrx_word' id='word_1_854' title='bbox 3088 4826 3155 4880; x_wconf 91' lang='lat' dir='ltr'><strong>de</strong></span> <span class='ocrx_word' id='word_1_855' title='bbox 3200 4830 3442 4885; x_wconf 89' lang='lat' dir='ltr'><strong>manibus</strong></span> <span class='ocrx_word' id='word_1_856' title='bbox 3482 4836 3689 4889; x_wconf 86' lang='lat' dir='ltr'><strong>vestris.</strong></span> 
     </span>
    </p>
   </div>
   <div class='ocr_carea' id='block_1_112' title="bbox 2119 4912 3695 4990">
    <p class='ocr_par' dir='ltr' id='par_1_112' title="bbox 2119 4912 3695 4990">
     <span class='ocr_line' id='line_1_112' title="bbox 2119 4912 3695 4990; baseline 0.008 -21"><span class='ocrx_word' id='word_1_857' title='bbox 2119 4918 2370 4988; x_wconf 85' lang='lat' dir='ltr'><strong>Quamvis</strong></span> <span class='ocrx_word' id='word_1_858' title='bbox 2403 4914 2508 4968; x_wconf 81' lang='lat' dir='ltr'><strong>dux</strong></span> <span class='ocrx_word' id='word_1_859' title='bbox 2550 4912 2805 4982; x_wconf 88' lang='lat' dir='ltr'><strong>quispiam</strong></span> <span class='ocrx_word' id='word_1_860' title='bbox 2837 4914 2938 4980; x_wconf 76' lang='lat' dir='ltr'><strong>sit,</strong></span> <span class='ocrx_word' id='word_1_861' title='bbox 2968 4919 3206 4985; x_wconf 87' lang='lat' dir='ltr'><strong>quamvis</strong></span> <span class='ocrx_word' id='word_1_862' title='bbox 3238 4920 3515 4990; x_wconf 66' lang='lat' dir='ltr'><strong>prtefectus</strong></span> <span class='ocrx_word' id='word_1_863' title='bbox 3535 4966 3552 4989; x_wconf 89' lang='lat'><strong>,</strong></span> <span class='ocrx_word' id='word_1_864' title='bbox 3583 4927 3695 4981; x_wconf 87' lang='lat' dir='ltr'><strong>sive</strong></span> 
     </span>
    </p>
   </div>
   <div class='ocr_carea' id='block_1_113' title="bbox 2121 5004 3690 5082">
    <p class='ocr_par' dir='ltr' id='par_1_113' title="bbox 2121 5004 3690 5082">
     <span class='ocr_line' id='line_1_113' title="bbox 2121 5004 3690 5082; baseline 0.003 -19"><span class='ocrx_word' id='word_1_865' title='bbox 2121 5013 2165 5066; x_wconf 92' lang='lat' dir='ltr'><strong>is</strong></span> <span class='ocrx_word' id='word_1_866' title='bbox 2195 5012 2303 5078; x_wconf 90' lang='lat' dir='ltr'><strong>ipse</strong></span> <span class='ocrx_word' id='word_1_867' title='bbox 2332 5006 2419 5077; x_wconf 91' lang='lat' dir='ltr'><strong>qui</strong></span> <span class='ocrx_word' id='word_1_868' title='bbox 2447 5004 2745 5059; x_wconf 89' lang='lat' dir='ltr'><strong>diademate</strong></span> <span class='ocrx_word' id='word_1_869' title='bbox 2783 5004 3080 5073; x_wconf 92' lang='lat' dir='ltr'><strong>redimitur,</strong></span> <span class='ocrx_word' id='word_1_870' title='bbox 3111 5009 3152 5061; x_wconf 91' lang='lat' dir='ltr'><strong>si</strong></span> <span class='ocrx_word' id='word_1_871' title='bbox 3191 5010 3404 5081; x_wconf 87' lang='lat' dir='ltr'><strong>indigne</strong></span> <span class='ocrx_word' id='word_1_872' title='bbox 3445 5015 3690 5082; x_wconf 87' lang='lat' dir='ltr'><strong>accedat,</strong></span> 
     </span>
    </p>
   </div>
   <div class='ocr_carea' id='block_1_114' title="bbox 2120 5096 3689 5169">
    <p class='ocr_par' dir='ltr' id='par_1_114' title="bbox 2120 5096 3689 5169">
     <span class='ocr_line' id='line_1_114' title="bbox 2120 5096 3689 5169; baseline 0.004 -12"><span class='ocrx_word' id='word_1_873' title='bbox 2120 5103 2346 5167; x_wconf 90' lang='lat' dir='ltr'><strong>cohibe;</strong></span> <span class='ocrx_word' id='word_1_874' title='bbox 2374 5096 2632 5166; x_wconf 87' lang='lat' dir='ltr'><strong>majorem</strong></span> <span class='ocrx_word' id='word_1_875' title='bbox 2671 5104 2726 5149; x_wconf 92' lang='lat' dir='ltr'><strong>tu</strong></span> <span class='ocrx_word' id='word_1_876' title='bbox 2765 5113 2922 5167; x_wconf 90' lang='lat' dir='ltr'><strong>quam</strong></span> <span class='ocrx_word' id='word_1_877' title='bbox 2961 5099 3048 5153; x_wconf 91' lang='lat' dir='ltr'><strong>ille</strong></span> <span class='ocrx_word' id='word_1_878' title='bbox 3080 5110 3391 5169; x_wconf 88' lang='lat' dir='ltr'><strong>potestatem</strong></span> <span class='ocrx_word' id='word_1_879' title='bbox 3426 5106 3607 5162; x_wconf 83' lang='lat' dir='ltr'><strong>habes.</strong></span> <span class='ocrx_word' id='word_1_880' title='bbox 3637 5108 3689 5163; x_wconf 92' lang='lat' dir='ltr'><strong>Si</strong></span> 
     </span>
    </p>
   </div>
   <div class='ocr_carea' id='block_1_115' title="bbox 2120 5190 3687 5268">
    <p class='ocr_par' dir='ltr' id='par_1_115' title="bbox 2120 5190 3687 5268">
     <span class='ocr_line' id='line_1_115' title="bbox 2120 5190 3687 5268; baseline 0.002 -15"><span class='ocrx_word' id='word_1_881' title='bbox 2120 5198 2212 5254; x_wconf 92' lang='lat' dir='ltr'><strong>tibi</strong></span> <span class='ocrx_word' id='word_1_882' title='bbox 2247 5195 2361 5248; x_wconf 92' lang='lat' dir='ltr'><strong>fons</strong></span> <span class='ocrx_word' id='word_1_883' title='bbox 2391 5204 2555 5261; x_wconf 91' lang='lat' dir='ltr'><strong>purus</strong></span> <span class='ocrx_word' id='word_1_884' title='bbox 2583 5190 2724 5260; x_wconf 87' lang='lat' dir='ltr'><strong>gregi</strong></span> <span class='ocrx_word' id='word_1_885' title='bbox 2765 5192 3143 5249; x_wconf 90' lang='lat' dir='ltr'><strong>custodiendus</strong></span> <span class='ocrx_word' id='word_1_886' title='bbox 3171 5198 3487 5255; x_wconf 89' lang='lat' dir='ltr'><strong>commissus</strong></span> <span class='ocrx_word' id='word_1_887' title='bbox 3515 5212 3687 5268; x_wconf 91' lang='lat' dir='ltr'><strong>esset,</strong></span> 
     </span>
    </p>
   </div>
   <div class='ocr_carea' id='block_1_116' title="bbox 2120 5282 3695 5354">
    <p class='ocr_par' dir='ltr' id='par_1_116' title="bbox 2120 5282 3695 5354">
     <span class='ocr_line' id='line_1_116' title="bbox 2120 5282 3695 5354; baseline 0.003 -9"><span class='ocrx_word' id='word_1_888' title='bbox 2120 5308 2182 5346; x_wconf 90' lang='lat' dir='ltr'><strong>ac</strong></span> <span class='ocrx_word' id='word_1_889' title='bbox 2212 5288 2416 5343; x_wconf 91' lang='lat' dir='ltr'><strong>videres</strong></span> <span class='ocrx_word' id='word_1_890' title='bbox 2440 5299 2500 5338; x_wconf 92' lang='lat' dir='ltr'><strong>os</strong></span> <span class='ocrx_word' id='word_1_891' title='bbox 2527 5284 2642 5337; x_wconf 88' lang='lat' dir='ltr'><strong>ovis</strong></span> <span class='ocrx_word' id='word_1_892' title='bbox 2666 5282 2956 5352; x_wconf 91' lang='lat' dir='ltr'><strong>cujuspiam</strong></span> <span class='ocrx_word' id='word_1_893' title='bbox 2986 5286 3093 5341; x_wconf 92' lang='lat' dir='ltr'><strong>luto</strong></span> <span class='ocrx_word' id='word_1_894' title='bbox 3120 5286 3392 5354; x_wconf 76' lang='lat' dir='ltr'><strong>fcedatum,</strong></span> <span class='ocrx_word' id='word_1_895' title='bbox 3421 5306 3524 5347; x_wconf 89' lang='lat' dir='ltr'><strong>non</strong></span> <span class='ocrx_word' id='word_1_896' title='bbox 3552 5294 3695 5348; x_wconf 88' lang='lat' dir='ltr'><strong>sine-</strong></span> 
     </span>
    </p>
   </div>
   <div class='ocr_carea' id='block_1_117' title="bbox 2120 5375 3691 5454">
    <p class='ocr_par' dir='ltr' id='par_1_117' title="bbox 2120 5375 3691 5454">
     <span class='ocr_line' id='line_1_117' title="bbox 2120 5375 3691 5454; baseline 0 -15"><span class='ocrx_word' id='word_1_897' title='bbox 2120 5398 2206 5439; x_wconf 89' lang='lat' dir='ltr'><strong>res</strong></span> <span class='ocrx_word' id='word_1_898' title='bbox 2230 5378 2462 5435; x_wconf 90' lang='lat' dir='ltr'><strong>demisso</strong></span> <span class='ocrx_word' id='word_1_899' title='bbox 2486 5376 2659 5445; x_wconf 91' lang='lat' dir='ltr'><strong>capite</strong></span> <span class='ocrx_word' id='word_1_900' title='bbox 2680 5375 2930 5429; x_wconf 86' lang='lat' dir='ltr'><strong>fluentum</strong></span> <span class='ocrx_word' id='word_1_901' title='bbox 2955 5377 3188 5435; x_wconf 84' lang='lat' dir='ltr'><strong>turbare.</strong></span> <span class='ocrx_word' id='word_1_902' title='bbox 3214 5379 3364 5436; x_wconf 88' lang='lat' dir='ltr'><strong>Nunc</strong></span> <span class='ocrx_word' id='word_1_903' title='bbox 3390 5398 3493 5437; x_wconf 91' lang='lat' dir='ltr'><strong>non</strong></span> <span class='ocrx_word' id='word_1_904' title='bbox 3518 5399 3691 5454; x_wconf 82' lang='lat' dir='ltr'><strong>aquae,</strong></span> 
     </span>
    </p>
   </div>
   <div class='ocr_carea' id='block_1_118' title="bbox 2118 5468 3689 5545">
    <p class='ocr_par' dir='ltr' id='par_1_118' title="bbox 2118 5468 3689 5545">
     <span class='ocr_line' id='line_1_118' title="bbox 2118 5468 3689 5545; baseline -0.001 -15"><span class='ocrx_word' id='word_1_905' title='bbox 2118 5474 2212 5530; x_wconf 92' lang='lat' dir='ltr'><strong>sed</strong></span> <span class='ocrx_word' id='word_1_906' title='bbox 2238 5468 2529 5541; x_wconf 88' lang='lat' dir='ltr'><strong>sanguinis,</strong></span> <span class='ocrx_word' id='word_1_907' title='bbox 2555 5477 2611 5522; x_wconf 90' lang='lat' dir='ltr'><strong>et</strong></span> <span class='ocrx_word' id='word_1_908' title='bbox 2629 5468 2846 5537; x_wconf 91' lang='lat' dir='ltr'><strong>spiritus</strong></span> <span class='ocrx_word' id='word_1_909' title='bbox 2872 5469 2997 5522; x_wconf 89' lang='lat' dir='ltr'><strong>fonti</strong></span> <span class='ocrx_word' id='word_1_910' title='bbox 3024 5472 3370 5528; x_wconf 89' lang='lat' dir='ltr'><strong>custodiendo</strong></span> <span class='ocrx_word' id='word_1_911' title='bbox 3389 5474 3689 5545; x_wconf 88' lang='lat' dir='ltr'><strong>deputatus,</strong></span> 
     </span>
    </p>
   </div>
   <div class='ocr_carea' id='block_1_119' title="bbox 2102 5556 3695 5637">
    <p class='ocr_par' dir='ltr' id='par_1_119' title="bbox 2102 5556 3695 5637">
     <span class='ocr_line' id='line_1_119' title="bbox 2102 5556 3695 5637; baseline 0.008 -25"><span class='ocrx_word' id='word_1_912' title='bbox 2102 5556 2155 5612; x_wconf 85' lang='lat' dir='ltr'><strong>si</strong></span> <span class='ocrx_word' id='word_1_913' title='bbox 2171 5558 2413 5629; x_wconf 87' lang='lat' dir='ltr'><strong>peccatis</strong></span> <span class='ocrx_word' id='word_1_914' title='bbox 2430 5568 2575 5616; x_wconf 86' lang='lat' dir='ltr'><strong>terra</strong></span> <span class='ocrx_word' id='word_1_915' title='bbox 2591 5571 2645 5617; x_wconf 90' lang='lat' dir='ltr'><strong>et</strong></span> <span class='ocrx_word' id='word_1_916' title='bbox 2663 5561 2777 5616; x_wconf 93' lang='lat' dir='ltr'><strong>luto</strong></span> <span class='ocrx_word' id='word_1_917' title='bbox 2794 5562 3117 5621; x_wconf 77' lang='lat' dir='ltr'><strong>l&#39;tedioribus</strong></span> <span class='ocrx_word' id='word_1_918' title='bbox 3134 5565 3445 5637; x_wconf 91' lang='lat' dir='ltr'><strong>inquinatos</strong></span> <span class='ocrx_word' id='word_1_919' title='bbox 3462 5565 3695 5625; x_wconf 85' lang='lat' dir='ltr'><strong>accede-</strong></span> 
     </span>
    </p>
   </div>
   <div class='ocr_carea' id='block_1_120' title="bbox 2168 5698 3190 5767">
    <p class='ocr_par' dir='ltr' id='par_1_120' title="bbox 2168 5698 3190 5767">
     <span class='ocr_line' id='line_1_120' title="bbox 2168 5698 3190 5767; baseline 0.003 -16"><span class='ocrx_word' id='word_1_920' title='bbox 2168 5700 2185 5733; x_wconf 86' lang='grc'>¹</span> <span class='ocrx_word' id='word_1_921' title='bbox 2211 5698 2347 5763; x_wconf 66' lang='lat' dir='ltr'><strong>Haec,</strong></span> <span class='ocrx_word' id='word_1_922' title='bbox 2368 5707 2479 5766; x_wconf 76' lang='lat' dir='ltr'><strong>post</strong></span> <span class='ocrx_word' id='word_1_923' title='bbox 2503 5711 2719 5767; x_wconf 75' lang='lat' dir='ltr'><strong>partum,</strong></span> <span class='ocrx_word' id='word_1_924' title='bbox 2744 5704 2925 5754; x_wconf 89' lang='lat' dir='ltr'><strong>desunt</strong></span> <span class='ocrx_word' id='word_1_925' title='bbox 2946 5700 2994 5752; x_wconf 90' lang='lat' dir='ltr'><strong>in</strong></span> <span class='ocrx_word' id='word_1_926' title='bbox 3017 5703 3190 5755; x_wconf 83' lang='lat' dir='ltr'><strong>Morel.</strong></span> 
     </span>
    </p>
   </div>
  </div>
