4104 6380
429 319 531 377 745

418 457 477 492 re
492 438 697 500 videas,
714 450 815 489 nec
838 430 1155 503 indigneris,
1181 443 1280 483 nec
1300 428 1578 491 cohibeas,
1598 439 1761 496 quam
1790 422 2004 477 veniam

420 528 720 585 merearis?
743 526 951 582 Idcirco
985 538 1083 578 vos
1101 522 1245 578 Deus
1287 521 1389 576 hoc
1411 520 1619 574 honore
1649 515 1926 572 decoravit
1947 523 2008 568 ut

420 622 537 675 huic
549 613 1025 674 discernatisﬂaec
1044 621 1223 668 vestra
1237 608 1706 681 dignitasest,ha2c
1717 605 2006 669 securitas,

422 715 537 768 haec
553 726 781 774 corona,
803 726 909 763 nou
936 718 994 762 ut
1017 709 1139 763 alba
1156 706 1415 777 splenden
1424 713 1582 773 teque
1614 702 1800 757 tunica
1828 699 2007 755 induti

420 802 791 861 circumeatis.
815 801 881 855 Et
895 794 1585 866 undenam,inquies,hunc
1602 802 1657 849 et
1672 792 1824 846 illum
1848 804 2013 847 nosse

428 894 669 965 possim?
696 893 812 947 Non
839 892 905 947 de
935 890 1145 962 ignotis,
1180 888 1273 945 sed
1301 887 1370 943 de
1395 887 1535 942 notis
1558 885 1765 955 loquor.
1798 882 2009 954 Aliquid

429 987 734 1042 horribilius
765 986 937 1041 dicam
973 1003 986 1039 :
1016 984 1131 1040 Non
1162 993 1266 1037 tam
1308 996 1468 1052 grave
1504 989 1587 1035 est
1622 991 2012 1049 energumenos

430 1086 570 1137 intus
595 1098 715 1137 esse
745 1123 762 1149 ,
790 1092 848 1135 ut
875 1082 973 1137 hos
996 1094 1132 1149 quos
1156 1078 1285 1133 dicit
1309 1060 1546 1143 Paulus(
1582 1072 1742 1127 Hebr.
1774 1072 1862 1127 IO.
1892 1071 1964 1127 9.9
1989 1070 2009 1142 )

426 1176 697 1230 Christum
726 1174 1061 1237 conculcare,
1090 1183 1147 1227 et
1171 1170 1480 1240 sanguinem
1519 1166 1825 1222 testamenti
1864 1180 2012 1221 com-

426 1284 587 1323 mune
617 1269 836 1333 ducere,
857 1278 1014 1336 atque
1044 1265 1273 1335 Spiritus
1300 1263 1523 1334 gratiam
1553 1259 1876 1316 contumelia
1895 1258 2009 1313 alli-

426 1376 569 1414 cere.
594 1360 933 1414 Dmmoniaeo
952 1359 1092 1413 enim
1117 1356 1357 1426 pejorest
1374 1355 1462 1424 qui
1493 1351 1729 1424 peccavit
1755 1363 1808 1407 et
1831 1367 2011 1407 acces-

427 1454 516 1505 sit.
532 1451 609 1505 Illi
627 1452 770 1506 enim
787 1467 907 1506 cum
924 1465 952 1503 a
965 1451 1207 1505 daemone
1224 1455 1502 1511 vexantur,
1522 1462 1629 1500 non
1647 1445 1767 1500 ideo
1781 1445 2010 1515 puniun-

429 1554 513 1599 tur
545 1562 558 1597 :
594 1545 644 1597 hi
685 1558 813 1598 vero
853 1544 899 1598 si
946 1542 1159 1613 indigne
1195 1538 1480 1601 accedant,
1512 1547 1716 1593 aeterno
1751 1537 2011 1606 supplicio

429 1638 725 1692 traduntur.
753 1637 828 1692 Ne
855 1638 1032 1707 itaque
1058 1635 1156 1689 hos
1186 1643 1390 1689 tantum
1419 1632 1695 1702 pellamus,
1727 1630 1822 1686 sed
1850 1630 2010 1685 etiam

427 1745 615 1783 omnes
635 1770 649 1793 ,
683 1743 820 1799 quos
846 1728 1135 1783 viderimus
1164 1725 1379 1796 indigne
1413 1722 1690 1779 accedere.
1719 1722 1889 1777 Nemo
1913 1736 2007 1775 eo—

429 1837 544 1874 rum
572 1823 659 1891 qui
690 1819 935 1888 discipuli
964 1834 1069 1873 non
1097 1826 1221 1873 sunt
1238 1815 1615 1871 communicet.
1639 1813 1824 1869 Nullus
1847 1812 2011 1868 ludas

427 1914 658 1976 sumat‘,
691 1927 759 1966 ne
792 1910 943 1966 Judte
982 1910 1117 1964 mala
1164 1909 1411 1979 patiatur.
1450 1905 1656 1975 Corpus
1691 1904 1889 1961 Christi
1927 1913 2011 1960 est

428 2019 540 2059 uice
566 2006 725 2060 etiam
766 2002 1065 2058 multitudo.
1100 2001 1233 2056 Vide
1260 2014 1389 2070 ergo
1418 2007 1494 2066 tu,
1519 1998 1606 2068 qui
1633 1996 2010 2068 mysteriorum

428 2097 669 2150 minister
704 2110 793 2162 cs,
834 2109 900 2149 ne
943 2093 1224 2147 Dominum
1260 2090 1327 2145 ad
1368 2091 1500 2145 iram
1535 2087 1803 2153 concites,
1834 2087 1878 2141 si
1908 2085 2011 2141 hoc

427 2202 621 2255 corpus
664 2202 768 2239 non
814 2198 1003 2253 purges
1037 2201 1050 2236 :
1084 2198 1151 2236 ne
1187 2180 1421 2251 gladium
1452 2180 1551 2234 des
1588 2192 1687 2249 pro
1723 2176 1865 2232 cibo.
1904 2176 2010 2232 Sed

427 2281 640 2337 etiamsi
662 2294 769 2349 pra:
782 2276 1085 2348 ignorantia
1098 2276 1121 2306 ‘
1133 2275 1224 2330 ille
1236 2274 1301 2329 ad
1314 2272 1757 2330 communionem
1768 2269 2015 2336 accedat,

493 2423 509 2452 ί
534 2417 708 2477 Savil.,
740 2412 901 2465 nullus
933 2417 1091 2477 sumat
1110 2417 1175 2477 fut
1201 2410 1379 2477 Iudas.

490 2484 511 2513 ²
542 2482 653 2529 Sav.
684 2467 807 2528 Ben.
842 2474 1062 2526 stultitia.
1100 2475 1391 2535 Suspicatur
1419 2470 1569 2521 Savil.
1604 2467 2020 2532 Iegendum,pr¢

428 2541 732 2607 arrogantia.

1305 310 1370 367 IN
1408 304 1813 365 MATTHIEUM
1856 299 2082 356 liOMIL.
2124 297 2403 355 LXXXIII.
2443 300 2514 355 al.
2557 299 2839 360 LXXXIV.

3604 302 3706 356 736

2114 414 2304 472 cohibe
2342 415 2525 480 illum,
2554 433 2624 473 ne
2665 419 2874 474 timeas.
2920 418 3069 475 Time
3109 421 3279 476 Deum
3304 422 3345 488 ⁸,
3378 437 3487 479 non
3523 424 3701 480 homi-

2117 521 2260 562 nem.
2281 507 2336 564 Si
2361 509 2549 565 timeas
2571 510 2861 576 hominem,
2882 510 2951 567 ab
2971 511 3063 569 illo
3082 513 3417 583 irrideberis;
3439 518 3484 571 si
3510 517 3700 585 Deum,

2116 600 2278 655 etiam
2310 601 2614 660 hominibus
2636 605 2956 661 venerabilis
2983 607 3114 663 eris.
3140 608 3196 663 Si
3226 624 3329 663 non
3359 611 3544 677 anthea,
3570 612 3702 667 mihi

2116 693 2310 760 adduc;
2338 709 2439 750 nec
2468 696 2775 764 permittam
2799 696 3101 766 huiusmodi
3129 716 3311 759 ausus.
3332 706 3579 762 Animam
3600 724 3703 779 po-

2119 789 2225 843 tius
2261 788 2505 843 amittam
2529 828 2545 853 ,
2575 804 2733 859 quam
2774 791 2989 862 indigno
3025 796 3334 866 sanguinem
3374 799 3701 858 dominicum

2120 879 2419 948 praebeam;
2465 889 2519 935 et
2559 882 2873 951 sanguinem
2915 884 3094 953 potius
3139 887 3500 959 profundam,
3542 910 3701 964 quam

2120 971 2459 1026 tremendum
2489 972 2799 1043 sanguinem
2828 974 2950 1030 dem
2977 978 3061 1032 cui
3098 994 3205 1033 non
3244 994 3341 1050 par
3365 994 3464 1038 est.
3495 984 3553 1040 Si
3584 997 3706 1056 post

2116 1063 2337 1117 multam
2368 1063 2806 1134 perquisitionem
2844 1066 3118 1137 indignum
3148 1085 3253 1125 non
3294 1076 3541 1140 noveris,
3572 1078 3702 1132 nihil

2116 1153 2357 1209 criminis
2377 1155 2498 1210 erit.
2526 1154 2653 1211 Haec
2675 1155 2743 1212 de
2771 1156 2841 1211 iis
2861 1159 2950 1228 qui
2973 1160 3237 1217 manifesti
3266 1173 3391 1219 sunt
3409 1167 3549 1222 dicta
3572 1170 3700 1224 sint.

2116 1243 2249 1299 Nam
2270 1245 2314 1301 si
2340 1244 2438 1300 hos
2459 1246 2810 1317 corrigamus,
2836 1249 2944 1305 cito
2970 1250 3126 1307 nobis
3147 1253 3287 1309 Deus
3312 1255 3520 1326 ignotos
3546 1270 3703 1317 notos

2118 1337 2312 1403 faciet;
2344 1336 2391 1392 si
2419 1346 2596 1393 autem
2623 1348 2778 1395 notos
2801 1341 3059 1405 sinamus,
3089 1344 3239 1413 cujus
3263 1347 3339 1402 rei
3366 1350 3541 1418 gratia
3561 1352 3703 1409 Deus

2119 1429 2271 1485 nobis
2296 1430 2429 1486 alios
2454 1439 2612 1487 notos
2627 1431 2823 1488 faciat?
2850 1433 2975 1490 Haec
2997 1450 3160 1506 porro
3183 1438 3325 1507 dico,
3341 1456 3447 1496 non
3465 1452 3523 1497 ut
3549 1460 3703 1502 coer-

2116 1536 2334 1577 ceamus
2366 1522 2453 1578 vel
2493 1534 2892 1593 sequestremus
2921 1535 3119 1583 tantum
3140 1570 3156 1596 ,
3185 1531 3279 1587 sed
3308 1542 3366 1588 ut
3393 1538 3704 1596 emendatos

2117 1614 2431 1671 reducamus
2450 1655 2469 1683 ,
2495 1626 2551 1672 ut
2580 1633 2764 1674 eorum
2802 1634 2985 1676 curam
3025 1622 3333 1681 habeamus.
3366 1627 3456 1685 Sic
3481 1633 3627 1688 enim
3650 1646 3707 1691 et

2121 1707 2286 1763 Deum
2305 1712 2590 1780 propitium
2618 1711 2955 1781 habebimus,
2976 1725 3031 1771 et
3058 1718 3253 1773 multos
3278 1721 3437 1793 digne
3464 1740 3704 1782 commu-

2118 1800 2359 1857 nicantes
2398 1803 2730 1873 reperiemus
2752 1846 2767 1871 ,
2797 1806 3064 1879 studiique
3089 1819 3142 1865 et
3166 1812 3542 1872 sollicitudinis
3579 1834 3703 1890 erga

2117 1891 2252 1946 alios
2295 1904 2495 1950 nostra:
2541 1896 2763 1952 multam
2806 1900 3125 1969 recipiemus
3164 1907 3465 1963 mercedem
3499 1928 3512 1963 :
3544 1927 3704 1980 quam

2120 1999 2218 2039 nos
2255 2000 2445 2041 omnes
2488 1988 2702 2059 assequi
2745 1991 3049 2063 contingat,
3081 1996 3250 2059 gratia
3287 2006 3341 2054 et
3378 1999 3705 2072 benignitate

2118 2076 2328 2132 Domini
2357 2079 2525 2134 nostri
2547 2079 2675 2135 Iesu
2700 2080 2919 2149 Christi,
2943 2085 3027 2139 cui
3052 2085 3220 2155 gloria
3243 2089 3292 2143 in
3316 2094 3506 2148 szecula
3534 2109 3704 2152 saecu-

2120 2170 2312 2226 lorum.
2342 2174 2531 2228 Amen.

2183 2311 2199 2339 ι
2238 2307 2332 2357 Alii
2360 2314 2412 2359 et
2435 2308 2622 2371 θεοί-ειη
2642 2308 2753 2359 time
2790 2308 3244 2363 Domuum-Deum.

434 2648 3667 2677 __.___.___———————————-——-—————————————————-—__-

1384 2725 1729 2789 HOMILIA
1773 2723 2129 2785 LXXXIII.
2179 2724 2263 2786 al.
2310 2725 2665 2789 LXXXIV.

431 2843 555 2898 Car.
583 2841 673 2896 26.
704 2857 755 2893 ν.
785 2838 873 2895 56.
920 2837 1058 2890 Tunc
1100 2834 1230 2887 venit
1273 2847 1387 2885 cum
1434 2830 1504 2883 eis
1552 2828 1702 2883 Jesus
1744 2829 1799 2880 in
1845 2826 2017 2879 uillam

500 2950 610 3004 ante
631 2934 813 2985 dicitur
836 2927 1174 2991 Gethsentani,
1202 2933 1246 2977 et
1269 2923 1389 2976 dicit
1409 2921 1670 2990 discipulis
1693 2936 1711 2973 :
1734 2918 1915 2974 Sedete
1933 2919 2011 2971 hic

499 3029 656 3079 donec
681 3025 860 3077 vadum
889 3024 1012 3076 illuc
1032 3062 1046 3082 ,
1076 3028 1122 3072 et
1160 3033 1316 3071 orem.
1354 3016 1444 3071 57.
1476 3013 1543 3067 Et
1572 3020 1832 3081 assumpto
1864 3009 2014 3063 Petro

499 3132 543 3175 et
575 3120 768 3172 duobus
795 3117 915 3185 ﬁliis
945 3113 1205 3171 Zebedwi.
1233 3110 1380 3180 coepit
1419 3107 1705 3162 contristari
1734 3116 1781 3159 et
1810 3114 2014 3157 maestus

499 3231 621 3279 esse,
650 3212 740 3266 38.
768 3221 815 3264 et
840 3210 967 3263 dixit
997 3210 1066 3261 eis
1095 3204 1316 3260 :Tristis
1340 3211 1412 3257 est
1434 3201 1606 3255 anima
1629 3215 1741 3253 mea
1764 3213 1921 3265 usque
1948 3196 2015 3248 ad

500 3316 729 3360 mortem.
762 3303 964 3356 Manete
992 3301 1090 3364 hic,
1122 3309 1164 3350 et
1194 3294 1399 3366 vigilate
1425 3308 1636 3346 mecum.

504 3441 553 3495 I.
583 3437 716 3504 Quia
748 3435 847 3504 ipsi
874 3446 1088 3500 semper
1121 3428 1425 3488 haerebant,
1459 3425 1578 3479 ideo
1603 3422 1731 3476 dicit
1764 3440 1777 3475 :
1812 3420 2015 3475 Manete

429 3533 537 3594 hic,
569 3530 727 3583 donec
762 3525 941 3579 vadum
971 3536 1015 3574 et
1040 3539 1199 3576 orem.
1232 3519 1448 3574 Solebat
1482 3517 1623 3572 enim
1662 3529 1903 3569 seorsum
1945 3512 2015 3566 ab

431 3624 535 3677 illis
562 3636 737 3676 orare.
772 3618 883 3671 Iloc
910 3625 1088 3670 autem
1130 3614 1391 3677 faciebat,
1429 3620 1487 3664 ut
1529 3624 1626 3663 nos
1663 3607 1915 3671 doceret,
1947 3606 2013 3660 ad

431 3712 753 3785 precandum
795 3709 945 3762 nobis
974 3709 1206 3777 quietem
1233 3714 1285 3758 et
1317 3700 1749 3771 tranquillitatem
1792 3697 2011 3752 multam

429 3822 550 3860 esse
592 3802 901 3873 parandam.
946 3800 1013 3854 Et
1042 3799 1235 3867 accipit
1276 3806 1384 3851 tres
1423 3794 1747 3863 discipulos,
1779 3792 2015 3860 dicitque

430 3901 533 3955 illis
561 3916 573 3951 :
604 3897 782 3952 Tristis
808 3906 879 3950 est
908 3895 1077 3948 anima
1102 3909 1209 3947 mea
1234 3908 1390 3962 usque
1416 3890 1484 3943 ad
1512 3898 1743 3942 mortem.
1773 3885 1880 3941 Cur
1905 3900 2011 3939 non

429 4006 617 4047 omnes
639 4003 821 4044 secum
849 3986 1110 4042 adduxit?
1138 3984 1215 4039 Ne
1248 3982 1611 4038 conciderent.
1640 3979 1743 4034 Sed
1774 3980 1869 4032 hos
1897 3984 2014 4031 tan-

430 4095 540 4139 tum
566 4082 797 4145 admisit,
829 4082 918 4151 qui
948 4079 1129 4149 gloria:
1155 4092 1265 4131 sum
1300 4083 1628 4145 spectatores
1657 4070 1884 4125 fuerant.
1921 4070 2014 4121 At-

432 4188 606 4232 tamen
635 4177 733 4231 hos
758 4175 916 4229 etiam
958 4170 1227 4240 relinquit.
1262 4168 1329 4222 Et
1368 4166 1636 4235 paululum
1680 4160 1974 4232 procedens
1995 4200 2008 4223 ,

430 4278 550 4324 orat
576 4268 759 4322 dicens
787 4286 799 4320 :
830 4264 918 4320 59.
950 4262 1131 4326 Pater,
1162 4263 1205 4314 si
1235 4258 1467 4329 possibile
1496 4267 1597 4319 est,
1626 4263 1847 4308 transeat
1873 4269 1907 4306 a
1934 4268 2012 4305 me

428 4362 564 4416 calix
586 4363 697 4415 iste.
737 4358 1082 4411 Verumtamen
1113 4371 1212 4408 non
1239 4354 1365 4406 sicut
1392 4366 1481 4422 ego
1510 4350 1640 4411 volo,
1669 4348 1757 4401 sed
1780 4347 1909 4400 sicut
1936 4354 2011 4399 tu.

430 4456 518 4510 ΔΟ.
554 4454 617 4507 Et
643 4454 771 4507 renit
798 4452 865 4504 ad
892 4467 975 4504 eos
996 4491 1011 4513 ,
1038 4460 1085 4503 et
1118 4448 1301 4501 invenit
1334 4460 1416 4498 eos
1454 4443 1753 4497 dormientes
1772 4483 1787 4505 ,
1816 4449 1863 4493 et
1891 4438 2012 4492 dicit

432 4546 587 4601 Petro
610 4562 628 4599 :
650 4544 736 4598 Ita
767 4560 867 4597 non
899 4542 1130 4612 potuistis
1156 4556 1255 4592 una
1280 4540 1404 4591 Itara
1429 4534 1640 4606 vigilare
1658 4533 1893 4588 mecum?
1915 4533 2006 4586 41.

442 4638 653 4709 Vigilate
676 4644 720 4689 et
747 4644 907 4698 orate,
928 4643 987 4686 ut
1007 4648 1107 4685 non
1127 4630 1320 4684 intretis
1341 4628 1393 4680 in
1420 4626 1759 4680 tentationem.
1785 4623 2010 4692 Spiritus

428 4730 627 4802 quidem
656 4735 918 4797 promptus
946 4731 1038 4786 est,
1065 4737 1189 4775 caro
1215 4729 1382 4773 autem
1416 4718 1638 4785 infirma.
1670 4713 1784 4769 Non
1816 4713 2009 4766 frustra

428 4823 643 4877 Petrum
688 4818 917 4872 maxime
953 4814 1271 4885 alloquitur,
1300 4812 1422 4867 licet
1450 4810 1537 4864 alii
1564 4823 1776 4879 quoque
1801 4806 2004 4861 dormi—

428 4922 589 4976 rent;
631 4909 723 4966 sed
765 4920 822 4963 ut
860 4906 1180 4978 perstringat
1221 4903 1368 4957 illum
1404 4900 1473 4955 ob
1509 4915 1723 4955 causam
1765 4897 2012 4966 superius

427 5005 644 5059 dictam.
692 5000 895 5055 Deinde
940 4997 1063 5068 quia
1105 4995 1194 5050 alii
1236 5008 1453 5064 quoque
1492 4991 1718 5060 idipsum
1766 4988 2009 5043 dixerant

431 5098 573 5168 (cum
600 5095 741 5149 enim
768 5093 954 5147 Petrus
978 5089 1219 5147 dixisset.
1245 5084 1462 5138 Etiamsi
1483 5080 1755 5153 apertaerit
1780 5095 1858 5132 me
1882 5079 2011 5131 mori

427 5200 589 5241 tecum
612 5227 627 5252 ,
655 5202 755 5239 non
782 5194 828 5237 te
856 5183 1045 5253 negabo
1072 5196 1090 5233 :
1115 5176 1377 5243 similiter,
1406 5175 1611 5245 inquit,
1648 5182 1695 5227 et
1732 5186 1902 5226 omnes
1930 5170 2009 5221 di-

427 5280 607 5351 scipuli
642 5276 953 5343 dixerunt),
986 5272 1201 5326 illorum
1240 5267 1601 5323 inﬁrmitatem
1648 5264 2004 5332 redarguens,

430 5374 573 5441 ipsos
600 5384 787 5425 omnes
814 5365 1119 5435 alloquitur.
1148 5361 1280 5416 Nam
1310 5359 1401 5430 qui
1435 5358 1571 5413 mori
1598 5371 1717 5411 cum
1745 5354 1839 5409 illo
1865 5352 2011 5407 vole-

429 5465 593 5530 bant,
622 5462 821 5518 dolenti
848 5457 1135 5514 condolere
1162 5469 1266 5511 non
1297 5461 1542 5524 poterant
1569 5450 1849 5521 vigilantes
1873 5488 1887 5512 ,
1914 5446 2008 5502 sed

431 5563 460 5600 a
500 5559 692 5599 somno
710 5543 834 5597 victi
862 5552 1009 5596 sunt.
1037 5540 1156 5609 Ipse
1185 5553 1312 5593 vero
1335 5537 1597 5591 intentius
1633 5543 1754 5587 orat
1773 5550 1841 5586 ne
1866 5533 2016 5586 vide-

438 5646 587 5689 retur
650 5651 735 5690 res
762 5635 853 5689 illa
886 5647 1008 5688 esse
1041 5630 1320 5687 simulatio
1350 5646 1364 5695 ;
1401 5628 1590 5683 eadem
1631 5626 1698 5681 de
1729 5640 1893 5681 causa
1922 5640 2021 5679 su-

437 5728 537 5782 dut‘
606 5727 829 5794 decidit,
883 5732 938 5781 et
1001 5738 1069 5780 ne
1111 5722 1354 5779 dicerent
1396 5718 1657 5785 haeretici,
1706 5718 1885 5790 ipsum
1918 5715 2016 5773 tri—

2127 2827 2323 2881 stitiam
2367 2827 2667 2893 simulasse;
2694 2830 2926 2903 ideoque
2944 2831 3173 2889 sudores
3189 2836 3502 2893 crantsicut
3541 2851 3705 2910 gutttn

2120 2919 2412 2989 sanguinis,
2439 2929 2494 2976 et
2515 2923 2736 2992 angelus
2765 2921 2935 2991 ipsum
2960 2923 3274 2983 confortans
3290 2931 3556 3001 apparuit,
3578 2947 3706 2989 sex-

2119 3022 2382 3083 centaque
2415 3012 2560 3069 fuere
2600 3014 2806 3069 timoris
2842 3014 2991 3086 signa
3013 3058 3028 3082 ,
3061 3032 3129 3073 ne
3168 3020 3287 3089 quis
3316 3021 3553 3089 diceret,
3585 3023 3705 3080 ticta

2118 3119 2238 3160 esse
2268 3104 2449 3160 verba.
2485 3104 2595 3160 Hac
2619 3104 2779 3161 etiam
2810 3106 2878 3162 de
2902 3123 3062 3164 causa
3092 3118 3229 3165 orat.
3264 3111 3397 3168 Cum
3428 3129 3558 3185 ergo
3584 3117 3659 3171 ait
3687 3136 3701 3172 :

2119 3194 2181 3250 Si
2222 3196 2457 3264 possibile
2481 3206 2574 3259 est,
2605 3205 2843 3263 transeat,
2873 3198 3253 3256 humanitatem
3284 3204 3550 3266 ostendit:
3581 3221 3702 3261 cum

2118 3297 2296 3344 autem
2321 3287 2470 3351 dicit,
2516 3287 2866 3343 Verumtamen
2895 3306 2997 3344 non
3025 3291 3153 3345 sicut
3181 3308 3273 3363 ego
3297 3296 3429 3359 volo,
3458 3297 3549 3351 sed
3576 3299 3705 3352 sicut

2119 3393 2203 3447 tu,
2234 3382 2481 3437 virtutem
2521 3380 3018 3453 philosophiamque
3045 3382 3264 3440 exhibet
3285 3386 3302 3417 ¹
3322 3427 3338 3452 ,
3378 3399 3665 3459 monetque
3686 3434 3700 3456 ,

2117 3476 2382 3530 renitente
2403 3490 2614 3545 quoque
2634 3485 2844 3541 natura,
2866 3476 3032 3531 Deum
3053 3489 3175 3533 esse
3195 3479 3546 3549 sequendum.
3570 3479 3702 3548 Quia

2117 3580 2245 3621 vero
2266 3581 2370 3621 non
2393 3576 2474 3620 sat
2496 3572 2613 3621 erat
2631 3566 2806 3620 stultis
2826 3565 2995 3621 solam
3020 3570 3294 3623 manentis
3313 3569 3499 3624 faciem
3524 3583 3706 3627 osten-

2116 3659 2265 3727 dere,
2293 3659 2455 3715 verba
2481 3658 2644 3713 addit.
2672 3658 2877 3713 Rursus
2905 3659 3062 3714 verba
3092 3674 3198 3714 non
3229 3660 3586 3730 sufﬁciebant,
3608 3664 3701 3718 sed

2117 3765 2203 3805 res
2233 3752 2360 3820 ipsae
2390 3749 2865 3817 desiderabantur,
2898 3749 3014 3805 haec
3053 3751 3211 3805 etiam
3254 3753 3431 3808 verbis
3467 3754 3701 3820 addidit,

2118 3851 2175 3894 ut
2204 3841 2287 3895 ch
2320 3840 2352 3894 ii
2384 3839 2665 3895 crederent
2692 3840 2782 3910 qui
2824 3840 3110 3896 admodum
3140 3844 3457 3899 contentiosi
3486 3857 3698 3913 essent,

2116 3935 2288 4002 ipsum
2316 3942 2366 3988 et
2399 3933 2666 3988 hominem
2708 3931 2905 3988 factum
2940 3941 2993 3988 et
3025 3943 3296 3989 mortuum
3326 3949 3465 3991 esse.
3494 3937 3625 3992 Nam
3656 3942 3699 3993 si

2116 4039 2236 4078 cum
2268 4023 2381 4077 ha-c
2410 4024 2586 4078 omnia
2616 4024 2765 4094 signa
2795 4023 3016 4091 fuerint,
3046 4040 3154 4079 non
3183 4024 3376 4080 desunt
3406 4035 3579 4083 tamen
3611 4032 3701 4098 qui

2117 4113 2217 4167 hoc
2247 4128 2350 4168 non
2380 4114 2632 4180 credant,
2666 4114 2833 4169 multo
2863 4114 3031 4185 magis
3069 4113 3115 4169 si
3155 4114 3273 4170 hzec
3308 4131 3415 4172 non
3454 4118 3698 4174 fuissent.

2116 4204 2303 4260 Viden’
2344 4220 2442 4275 per
2482 4214 2679 4277 quanta
2728 4206 3041 4262 (economiaa
3088 4206 3367 4262 veritatem
3411 4208 3701 4264 ostendat?

2115 4297 2218 4353 Per
2246 4298 2404 4353 verba
2426 4339 2441 4362 ,
2474 4313 2569 4367 per
2595 4313 2654 4352 ea
2682 4313 2800 4368 quae
2830 4299 3048 4368 patitur.
3088 4296 3290 4353 Deinde
3328 4300 3551 4356 veniens
3575 4300 3702 4356 dicit

2115 4390 2274 4445 Petro
2301 4406 2315 4444 :
2348 4388 2437 4445 Sic
2465 4406 2566 4443 non
2589 4390 2798 4460 potuisti
2821 4406 2923 4443 una
2942 4390 3070 4443 liora
3089 4388 3298 4459 vigilare
3320 4406 3514 4445 mecum
3530 4391 3555 4443 !
3572 4392 3702 4446 Om-

2116 4497 2212 4537 nes
2240 4481 2594 4548 dormiebant,
2625 4491 2680 4536 et
2707 4481 2921 4537 Petrum
2958 4482 3215 4551 increpat,
3250 4482 3577 4539 subobscure
3603 4499 3695 4539 co-

2115 4590 2342 4644 arguens
2372 4589 2492 4628 eum
2520 4572 2588 4628 de
2616 4573 2677 4627 iis
2704 4588 2822 4643 qnze
2850 4573 3076 4627 dixerat.
3108 4571 3238 4627 Illud
3268 4587 3430 4640 vero,
3460 4573 3661 4629 Mecum
3683 4619 3697 4638 ,

2114 4682 2220 4720 nun
2262 4667 2378 4721 sine
2416 4680 2575 4720 causa
2616 4665 2863 4735 ponitur,
2896 4665 2989 4720 sed
3019 4680 3083 4720 ac
3114 4666 3159 4721 si
3189 4665 3395 4721 diceret
3421 4683 3436 4722 :
3468 4667 3699 4737 Vigilare

2115 4775 2220 4815 non
2248 4759 2464 4828 potuisti
2490 4774 2721 4825 mecum,
2751 4768 2805 4814 et
2831 4775 2927 4829 pro
2950 4775 3036 4813 me
3060 4759 3294 4814 animam
3321 4769 3461 4815 tuam
3491 4764 3699 4830 pones?

2113 4850 2265 4919 Quod
2310 4866 2437 4905 vero
2476 4852 2748 4922 sequitur,
2782 4850 3011 4920 idipsum
3052 4850 3351 4907 subindicat
3378 4868 3392 4903 :
3420 4866 3542 4906 nam
3581 4852 3694 4914 ait,

2125 4941 2367 5012 Vigilate,
2399 4951 2443 4995 et
2472 4952 2641 5007 orate,
2669 4952 2723 4995 ut
2753 4959 2815 4996 ne
2842 4943 3036 4997 intretis
3072 4942 3126 4996 in
3163 4944 3504 4997 tentationem.
3539 4942 3696 4998 Vides

2114 5034 2382 5104 quomodo
2406 5050 2616 5089 rursum
2642 5047 2736 5088 eos
2761 5034 3018 5099 instituat,
3048 5049 3117 5088 ne
3141 5033 3195 5089 in
3218 5035 3574 5105 arrogantiam
3603 5034 3688 5089 de-

2114 5129 2331 5189 clinent,
2363 5125 2456 5181 sed
2491 5126 2724 5179 animum
2759 5132 3059 5192 conteram,
3090 5123 3425 5196 humilesque
3452 5125 3579 5189 sint,
3611 5136 3692 5179 te-

2116 5232 2337 5291 lumque
2376 5221 2488 5275 Deo
2532 5217 2883 5273 adscribam?
2926 5218 2993 5273 Et
3038 5232 3178 5273 nunc
3221 5218 3434 5289 quidem
3480 5219 3693 5274 Petrum

2114 5314 2415 5384 alloquitur,
2446 5325 2587 5367 nunc
2612 5311 2771 5365 simul
2797 5325 3006 5366 omnes.
3035 5312 3206 5381 Atque
3236 5311 3311 5365 illi
3340 5311 3553 5381 quidem
3582 5312 3693 5366 ait:

2116 5404 2315 5469 Simon,
2348 5403 2550 5469 Simon,
2582 5403 2813 5472 expetivit
2842 5417 2927 5456 vos
2950 5412 3183 5468 satanas,
3216 5410 3272 5455 ut
3299 5402 3542 5456 cribraret
3567 5402 3697 5457 sicut

2116 5498 2333 5552 triticum
2356 5505 2441 5552 :et
2467 5513 2558 5566 ego
2594 5505 2796 5567 propter
2819 5506 2865 5552 te
2891 5497 3030 5552 oravi
3054 5496 3213 5571 (Luc.
3247 5497 3335 5552 22.
3365 5498 3425 5554 5|
3444 5496 3501 5569 );
3534 5496 3695 5553 simul

2110 5605 2240 5648 vero
2268 5591 2522 5647 omnibus
2561 5609 2577 5647 :
2618 5591 2799 5661 Orate,
2841 5594 3053 5665 inquit,
3100 5611 3161 5650 ne
3195 5596 3401 5650 intretis
3434 5595 3489 5649 in
3522 5602 3696 5649 tenta-

2172 5708 2190 5740 ι
2228 5704 2399 5769 Aliqui
2430 5707 2627 5773 legunt,
2662 5711 2818 5765 docet.
