4104 6380
426 325 529 379 τ4¹7

428 439 620 491 tionem
649 437 667 466 ί
694 452 706 488 :
737 434 930 503 ubique
959 431 1315 503 arrogantiam
1345 434 1552 487 illorum
1582 431 1796 500 frangit,
1822 445 1885 484 ac
1910 428 2016 481 sol—

428 530 603 584 licitos
630 528 821 583 reddit.
849 526 1050 582 Deinde
1077 542 1143 581 ne
1171 526 1438 581 videretur
1462 526 1635 579 acrior
1660 540 1799 588 esse,
1829 522 1975 576 addit
2000 540 2013 574 :

428 620 655 691 Spiritus
678 618 875 689 quidem
902 630 1166 688 promptus
1188 627 1282 679 est,
1308 632 1426 669 caro
1448 624 1613 669 autem
1636 616 1860 681 inﬁrma.
1884 612 2017 666 Nam

428 714 472 767 si
498 712 599 776 vis,
629 712 815 781 inquit,
848 718 1074 771 mortem
1113 718 1480 771 contemnere,
1523 724 1626 761 non
1669 708 1888 777 poteris,
1915 705 2017 760 do-

428 820 529 859 nec
558 803 700 859 Deus
730 816 944 855 manum
974 801 1270 871 porrexerit
1298 818 1311 855 :
1340 815 1465 854 caro
1494 800 1634 854 enim
1663 799 1896 852 animum
1924 797 2019 852 de—

428 893 629 965 primit.
673 892 983 962 Rursusque
1023 892 1125 946 boc
1164 893 1335 960 ipsum
1368 890 1755 953 subindicavit,
1788 889 1972 943 dicens
2002 909 2014 942 :

428 986 514 1040 42.
550 983 707 1038 Pater
727 1026 741 1049 ,
768 984 812 1038 si
838 1000 939 1037 non
966 992 1127 1053 potest
1156 983 1237 1035 hic
1272 981 1409 1036 calia:
1445 982 1658 1035 transire
1677 1022 1690 1046 ,
1729 980 1828 1034 nisi
1856 980 2017 1033 bibam

427 1077 596 1139 illum,
621 1078 714 1144 ﬁat
742 1076 973 1129 voluntas
1003 1084 1092 1129 tua
1117 1091 1136 1129 :
1166 1074 1252 1129 hic
1280 1072 1568 1129 ostendens
1594 1089 1653 1128 se
1679 1088 1799 1126 cum
1825 1072 2017 1127 volun-

430 1180 537 1224 tate
569 1169 661 1223 Dei
691 1167 975 1222 admodum
1007 1182 1305 1221 consonare
1325 1207 1340 1229 ,
1372 1174 1427 1219 et
1454 1166 1649 1235 ubique
1692 1165 1835 1218 illum
1868 1163 2017 1232 sequi

428 1270 708 1323 ouortere,
742 1258 973 1329 illudque
1014 1258 1305 1326 requirere.
1352 1257 1438 1311 45.
1480 1255 1543 1309 Et
1576 1257 1808 1319 veniens,
1835 1254 2020 1307 invenit

426 1368 511 1405 eos
534 1350 856 1404 dormientes.
875 1349 1003 1403 Nam
1033 1358 1384 1418 prartcrquam
1411 1347 1551 1417 quod
1580 1348 1892 1415 intempesta
1917 1360 2019 1398 nox

432 1452 581 1507 erat,
610 1441 752 1495 oculi
778 1456 961 1495 eorum
1002 1456 1112 1510 pra:
1149 1454 1380 1493 musrore
1409 1439 1608 1507 gravati
1639 1447 1810 1491 erant.
1842 1436 2023 1490 Tertio

431 1548 643 1602 quaque
673 1533 856 1586 abiens
884 1532 982 1585 hoc
1012 1532 1183 1600 ipsum
1208 1530 1455 1600 loquutus
1485 1538 1586 1592 est,
1618 1528 1943 1583 conﬁrmans
1965 1541 2023 1581 se

433 1628 703 1680 hominem
738 1625 931 1680 factum
961 1640 1082 1679 esse
1128 1622 1257 1679 Nam
1288 1623 1416 1676 illud
1445 1622 1679 1676 secundo
1706 1631 1759 1675 et
1787 1620 1944 1674 tertio
1972 1622 2021 1673 in

433 1720 721 1790 Scripturis
751 1718 988 1772 veritatis
1013 1727 1094 1772 est
1121 1726 1325 1771 certum
1358 1715 1607 1768 indicium
1643 1732 1656 1767 :
1691 1722 1828 1768 SICUl
1856 1721 1911 1767 et
1936 1712 2025 1767 Jo-

430 1812 564 1880 seph
599 1809 862 1865 Pharaoni
890 1808 1024 1861 dixit
1052 1825 1064 1859 :
1095 1806 1205 1860 Tibi
1243 1807 1479 1876 apparuit
1517 1809 1769 1858 somnium
1807 1803 2026 1857 secundo

439 1902 589 1973 (Gen.
619 1903 709 1956 41.
737 1901 852 1969 52),
885 1915 979 1969 pro
1010 1901 1253 1962 veritate,
1283 1906 1337 1953 et
1367 1899 1466 1951 hoc
1492 1897 1687 1952 factum
1712 1905 1795 1950 est
1824 1904 1883 1949 ut
1908 1911 2025 1949 cre-

436 1998 533 2050 das
557 1994 606 2047 id
635 1989 851 2049 omnino
881 1991 1114 2045 futurum
1144 2005 1283 2044 esse.
1315 1988 1438 2043 Ideo
1468 1988 1581 2057 ipse
1606 1995 1661 2042 et
1687 1987 1853 2042 semel
1876 1995 1930 2041 et
1950 1987 2030 2040 bis

437 2096 494 2141 et
536 2086 689 2139 tertio
729 2084 955 2152 idipsum
998 2082 1245 2150 loquutus
1281 2089 1395 2144 est,
1428 2089 1489 2133 ut
1516 2079 1833 2135 (economiaa
1874 2077 2029 2132 tidem

440 2178 659 2231 Iaceret.
694 2174 759 2228 Et
786 2190 880 2228 cur
922 2172 1157 2228 secundo
1195 2171 1379 2225 venit?
1407 2169 1476 2225 Ut
1508 2170 1627 2225 illos
1655 2169 2029 2240 redargueret,

441 2269 562 2337 quia
596 2269 665 2321 ita
698 2280 930 2320 maerore
960 2265 1131 2317 obruti
1164 2275 1335 2323 erant,
1372 2272 1520 2315 utne
1550 2261 1888 2330 prmsentiam
1916 2261 2034 2330 qui-

442 2363 566 2417 dem
594 2361 712 2431 ejus
741 2361 1018 2414 sentirent.
1055 2358 1161 2412 Nec
1190 2368 1365 2411 tamen
1399 2356 1690 2425 redarguit,
1722 2355 1814 2410 sed
1852 2355 2037 2424 paulu-

447 2454 549 2506 lmu
579 2452 820 2513 recessit,
850 2448 1215 2504 incredibilem
1242 2462 1429 2502 eorum
1470 2447 1837 2501 inﬁrmitatem
1868 2446 2037 2515 signi-

446 2544 644 2609 ﬁcans,
672 2544 761 2613 qui
802 2557 869 2596 ne
913 2542 1165 2610 increpati
1208 2539 1421 2609 quidem
1462 2540 1760 2609 potuissent
1800 2539 2036 2609 vigilare.

447 2636 559 2691 Non
588 2632 946 2703 expergefacit
969 2642 1154 2685 autem
1176 2646 1275 2686 nec
1306 2631 1545 2699 increpat
1570 2630 1832 2699 amplius,
1864 2644 1931 2683 ne
1955 2640 2038 2683 at—

449 2727 645 2783 tonitos
676 2725 842 2794 magis
873 2723 1209 2793 percelleret,
1234 2721 1328 2777 sed
1352 2737 1473 2776 cum
1501 2721 1736 2786 abiisset,
1763 2729 1970 2775 orasset
1988 2730 2042 2775 et

450 2821 731 2883 rediisset,
772 2818 843 2870 ait
877 2835 889 2868 ε
920 2815 1010 2871 45.
1058 2814 1282 2868 Dormite
1316 2814 1429 2884 jam
1455 2824 1501 2868 et
1530 2812 1837 2881 requiescite.
1879 2812 2041 2882 Atqui

452 2924 577 2967 tunc
604 2910 821 2980 vigilare
849 2922 983 2976 opus
1022 2916 1174 2972 erat;
1205 2904 1297 2959 sed
1337 2904 1571 2959 ostendit
1614 2904 1759 2973 ipsos
1803 2919 1868 2957 ne
1909 2918 2041 2957 cou-

450 3012 689 3074 spectum
713 2999 927 3070 quidem
950 2998 1209 3052 malorum
1238 2997 1390 3051 facile
1417 2996 1638 3062 laturos,
1666 2996 1759 3051 sed
1787 2995 2044 3065 fugandos

452 3112 573 3151 esse
598 3109 705 3164 pra:
732 3102 974 3155 terrore,
1008 3106 1180 3160 neque
1211 3104 1269 3144 se
1300 3090 1511 3145 illorum
1542 3106 1700 3160 egere
1724 3091 1924 3144 auxilio
1945 3131 1959 3154 ,
1992 3099 2046 3144 et

456 3188 591 3245 tradi
618 3203 678 3241 se
707 3184 928 3241 omnino
955 3193 1224 3253 oportere,
1258 3183 1436 3253 aitque
1467 3200 1480 3237 :
1513 3182 1738 3237 Dormite
1757 3184 1870 3252 jam
1896 3192 1941 3236 et
1967 3198 2048 3236 re-

454 3279 707 3350 quiescite.
753 3275 883 3330 Ecce
906 3274 1330 3345 appropinquavit
1368 3275 1513 3339 hora,
1545 3285 1591 3327 et
1624 3274 1670 3327 F
1672 3275 1791 3328 ilius
1830 3276 2048 3330 hominis

458 3369 684 3425 tradetur
707 3368 761 3420 in
789 3383 968 3420 manus
998 3374 1335 3434 peccatorum.
1379 3364 1625 3419 Ostendit
1658 3381 1868 3420 rursum
1897 3380 2046 3421 (Bco-

459 3463 652 3518 nomire
683 3460 847 3515 fuisse
878 3457 1028 3513 illud.
1298 3514 1299 3517 η

528 3554 583 3607 2.
611 3552 844 3607 Christus
872 3566 1030 3617 neque
1059 3559 1261 3618 peccato
1283 3548 1547 3613 obnoxius,
1578 3564 1735 3616 neque
1762 3550 2051 3603 necessitate

460 3653 683 3708 coactus,
709 3642 797 3694 sed
820 3649 999 3711 sponte
1020 3656 1114 3694 sua
1133 3639 1418 3709 passionem
1441 3638 1610 3691 subiit.
1637 3637 1924 3694 Proditoris
1944 3655 2052 3694 sce-

464 3737 655 3791 leratus
697 3734 918 3786 animus.
964 3731 1192 3785 Avaritia
1233 3728 1577 3799 redarguitur.
1610 3760 1679 3774 —
1709 3729 1892 3800 Neque
1930 3729 2054 3785 hinc

465 3827 637 3882 solum
660 3866 677 3892 ,
709 3827 801 3878 sed
829 3821 991 3877 etiam
1018 3820 1158 3891 quod
1197 3819 1366 3884 dicat,
1394 3818 1457 3872 In
1492 3836 1673 3874 manus
1700 3831 2049 3891 peccatorum,

468 3920 681 3974 illorum
704 3915 861 3987 erigit
881 3915 1108 3981 animos,
1133 3912 1420 3969 ostendens
1448 3913 1657 3967 illorum
1685 3914 1931 3985 nequitia:
1954 3913 2056 3969 hoc

472 4024 605 4078 opus
642 4023 763 4063 esse
786 4047 802 4073 ,
835 4021 940 4060 non
972 4019 1100 4059 vero
1138 4003 1277 4073 quod
1318 4004 1431 4073 ipse
1463 4014 1681 4073 peccato
1711 4014 1854 4060 esset
1884 4005 2055 4059 obuo-

471 4102 610 4156 xius.
641 4099 732 4155 46.
762 4097 987 4167 Surgite,
1013 4112 1183 4149 eamus
1212 4096 1326 4149 hinc
1348 4111 1367 4159 ;
1392 4112 1503 4148 erce
1527 4097 1947 4166 appropinquavit
1972 4098 2057 4166 qui

475 4209 554 4245 me
578 4190 758 4244 tradet.
786 4187 879 4243 llis
906 4185 1155 4241 omnibus
1185 4186 1304 4239 illos
1330 4186 1528 4249 erudit,
1560 4202 1664 4240 non
1700 4188 2055 4255 necessitatis,

477 4299 652 4354 neque
696 4278 1055 4344 infirmitatis,
1086 4276 1179 4332 sed
1219 4278 1533 4332 oeconomia:
1563 4276 1839 4347 cujusdam
1871 4277 2059 4333 inetia-

477 4378 599 4433 bilis
628 4388 743 4429 rem
772 4386 892 4426 esse
920 4388 933 4425 :
962 4369 1275 4440 priesciebat
1298 4369 1443 4424 enim
1460 4382 1751 4428 venturum
1765 4388 1886 4429 esse
1907 4374 2063 4436 ',nec

477 4469 650 4524 solum
676 4480 781 4520 non
814 4463 964 4534 fugit,
991 4461 1083 4516 sed
1115 4460 1322 4515 obviam
1355 4459 1474 4514 ivit.
1503 4461 1591 4515 47.
1626 4459 1804 4513 Adhuc
1831 4460 1974 4515 enim
2005 4477 2063 4515 eo

477 4563 707 4632 loquente
726 4600 743 4625 ,
784 4572 896 4611 ecce
921 4554 955 4608 J
963 4554 1094 4608 udas
1121 4571 1249 4607 unus
1286 4570 1347 4607 ea:
1386 4554 1649 4606 duodecim
1679 4554 1842 4616 venit,
1869 4562 1914 4606 et
1948 4570 2062 4607 cum

476 4655 587 4723 ipso
617 4650 764 4705 turba
792 4649 968 4712 multa,
998 4662 1114 4699 cum
1148 4646 1332 4716 gladiis
1359 4655 1404 4699 et
1430 4644 1665 4715 fustibus,
1696 4646 1836 4699 missi
1864 4662 1895 4697 a
1922 4645 2064 4716 prin-

479 4744 674 4816 cipibus
698 4740 1017 4797 sacerdotum
1054 4748 1098 4793 et
1127 4737 1405 4792 senioribus
1436 4737 1631 4806 pepuli.
1664 4735 1887 4791 Pulchra
1918 4747 2063 4791 certe

480 4835 817 4893 sacerdotum
840 4833 1214 4895 instrumenta,
1233 4844 1355 4884 cum
1376 4828 1565 4897 gladiis
1585 4836 1639 4882 et
1657 4828 1813 4897 lignis
1834 4828 2060 4881 irruunt.

484 4929 550 4982 Et
575 4926 762 4992 ludas,
790 4923 981 4993 inquit,
1008 4935 1129 4975 cum
1152 4920 1253 4983 eis,
1282 4934 1417 4972 unus
1440 4932 1503 4972 ex
1530 4917 1829 4973 duodecim.
1858 4917 2066 4972 Rursus

482 5021 629 5073 illum
660 5030 824 5071 unum
851 5024 919 5068 ex
944 5010 1223 5067 duodecim
1257 5009 1422 5074 dicit,
1454 5024 1625 5079 neque
1657 5009 1943 5064 erubescit.
1974 5009 2063 5064 48.

486 5113 582 5181 Qui
620 5121 788 5164 autem
834 5106 1061 5161 tradebat
1107 5120 1254 5169 eum,
1296 5102 1433 5155 dedit
1471 5102 1541 5156 eis
1575 5102 1808 5173 signum,
1849 5101 2019 5155 dicens
2047 5118 2065 5155 :

486 5208 861 5272 Quemcumque
904 5197 1160 5253 osculatus
1201 5199 1377 5268 fuero,
1428 5195 1536 5263 ipse
1578 5203 1690 5262 est,
1732 5204 1893 5248 tenete
1934 5211 2069 5250 eum.

488 5301 643 5367 Papa:
669 5338 684 5362 ,
715 5303 971 5365 quantum
1013 5290 1188 5347 scelus
1227 5286 1512 5357 proditoris
1551 5287 1761 5339 animus
1798 5286 2072 5355 suscepit?

488 5389 681 5460 quibus
706 5384 876 5441 oculis
907 5394 1031 5437 tunc
1056 5381 1361 5451 Magistrum
1392 5378 1636 5448 aspexit?
1663 5392 1770 5447 quo
1798 5393 1891 5431 ore
1921 5391 2074 5431 oscu-

488 5484 626 5537 latus
651 5478 778 5535 est?
812 5476 856 5531 0
890 5474 1205 5530 sceleratam
1244 5472 1515 5526 mentem!
1552 5469 1679 5540 quid
1716 5469 2071 5525 deliberavit?

554 5584 573 5612 ι
605 5580 755 5628 Juxta
804 5590 955 5641 unum
994 5576 1215 5641 codicem
1244 5573 1532 5641 _legendum
1560 5570 1920 5641 esset,isinml
1961 5584 2079 5624 vero

492 5641 710 5692 omnibus
745 5640 990 5691 orandum
1017 5650 1122 5687 esse
1154 5633 1273 5686 dicit
1303 5632 1362 5685 ne
1391 5632 1567 5684 intrent
1596 5632 1647 5681 in
1666 5632 1986 5684 tentationem.

556 5707 576 5736 ³
610 5705 692 5753 Sic
721 5704 819 5751 duo
842 5701 982 5750 codd.
1004 5698 1201 5757 Crateri,
1223 5696 1507 5763 prwsciebat
1538 5694 1917 5763 enini_venturos
1945 5707 2080 5763 esse;

495 5780 606 5827 quas
626 5770 774 5815 etiam
798 5766 943 5813 lectio
974 5763 1180 5825 quadrat
1217 5758 1275 5812 ad
1300 5761 1502 5819 seriem,
1536 5772 1645 5809 nam
1677 5758 1759 5808 hic
1789 5759 1850 5808 de
1871 5759 1995 5808 .luda
2026 5763 2081 5809 et

496 5830 643 5877 sociis
673 5832 850 5890 agitur.

1127 320 1184 376 S.
1227 319 1503 376 JOANNIS
1539 316 2014 375 CHItYSOSTOMI
2055 315 2368 370 AIICIIIEP.
2408 313 2943 371 CONSTANTINOP.

3600 319 3701 373 758

2120 428 2246 497 quid
2288 441 2449 481 ausus
2486 426 2603 483 est?
2645 426 2785 497 quod
2829 426 3132 498 symbolum
3173 427 3483 497 proditionis
3516 428 3706 483 dedit?

2125 522 2496 589 Quemcumque
2539 518 2793 571 osculatus
2837 522 3015 587 fuero,
3063 518 3254 588 inquit.
3299 518 3614 574 Conlidebat
3655 522 3706 573 in

2126 613 2348 667 lenitate
2376 612 2645 682 magistri:
2669 613 2812 682 quod
2834 612 3063 667 maxime
3088 614 3233 667 illum
3256 612 3584 668 confundere
3611 613 3707 667 de-

2124 704 2273 770 buit,
2302 713 2355 758 et
2384 705 2534 759 venia
2572 704 2717 758 omni
2758 706 3002 772 privare,
3040 706 3183 775 quod
3223 714 3330 759 tam
3372 718 3708 761 mansuetum

2123 798 2434 865 magistrum
2467 796 2781 865 prodiderit.
2819 795 2921 850 Sed
2951 811 3068 861 cur,
3106 797 3335 866 inquies,
3369 799 3469 850 hoc
3498 798 3708 867 signum

2123 890 2303 945 dedit?
2325 890 2458 958 Quia
2497 890 2692 959 smpius
2716 889 2784 943 ab
2814 890 2917 944 illis
2944 889 3384 959 comprehensus,
3413 890 3710 959 pertransi-

2125 985 2232 1050 vit,
2261 984 2389 1053 ipsis
2416 984 2795 1038 nescientibus.
2832 985 3077 1036 Attamen
3117 990 3243 1037 tunc
3268 997 3479 1052 quoque
3514 982 3706 1036 factum

2127 1077 2328 1140 fuisset,
2362 1077 2406 1130 si
2445 1092 2548 1129 non
2582 1076 2695 1145 ipse
2721 1076 2835 1144 capi
2868 1074 3147 1130 voluisset.
3188 1075 3255 1131 Ut
3287 1075 3387 1129 hoc
3415 1076 3583 1143 ipsqu
3613 1074 3710 1129 Ju-

2124 1170 2246 1223 dam
2269 1168 2509 1230 doceret,
2532 1168 2717 1223 oculos
2736 1182 2922 1222 eorum
2952 1168 3237 1222 exetecavit
3263 1184 3277 1229 ;
3308 1168 3525 1235 ipseque
3550 1167 3713 1220 inter-

2125 1262 2380 1331 rogabat,
2413 1259 2574 1326 Quem
2610 1260 2834 1330 quwritis
2866 1258 3043 1329 (Joan.
3080 1259 3166 1314 l8.
3196 1259 3293 1321 4ὶῖ
3326 1259 3425 1327 Ipsi
3454 1273 3582 1311 vero
3607 1274 3712 1311 nult

2128 1362 2407 1418 noverant,
2434 1353 2679 1422 quamvis
2706 1367 2824 1407 cum
2860 1351 3076 1405 Iaternis
3102 1360 3155 1405 et
3182 1350 3510 1421 lampadibus
3535 1360 3715 1403 essent

2128 1447 2423 1517 .Iudamque
2467 1461 2646 1499 secum
2692 1445 2969 1499 haberent.
3014 1443 3217 1497 Deinde
3255 1444 3373 1511 quia
3420 1442 3712 1505 dixerunt,

2127 1541 2324 1606 Jesum,
2354 1540 2429 1593 ait
2455 1539 2544 1593 ille
2572 1558 2584 1593 :
2612 1538 2722 1609 Ego
2744 1539 2919 1591 sumis
2940 1554 3084 1606 quem
3108 1537 3331 1606 quaeritis
3358 1534 3518 1607 (Ibid.
3550 1550 3594 1587 v.
3623 1534 3712 1605 Si);

2129 1642 2184 1687 et
2207 1647 2412 1698 rursus,
2447 1631 2536 1685 50.
2565 1630 2755 1691 Amice,
2784 1629 2851 1681 ad
2873 1629 2994 1699 quid
3022 1629 3242 1682 venisti?
3271 1628 3552 1697 Postquam
3574 1628 3714 1680 enim

2130 1722 2363 1778 ostendit
2406 1722 2695 1791 potentiam
2737 1736 2923 1783 suam,
2958 1730 3066 1773 tum
3106 1719 3319 1773 demum
3362 1717 3411 1770 id
3459 1716 3715 1785 permisit.

2131 1814 2365 1869 Joannes
2393 1829 2521 1867 vero
2550 1813 2624 1866 ait
2648 1812 2688 1873 ‘,
2718 1811 2899 1865 Jesum
2930 1810 2995 1864 ad
3027 1810 3169 1863 illam
3207 1824 3372 1878 usque
3414 1809 3596 1862 harant
3623 1806 3713 1861 Ju-

2133 1906 2254 1960 dam
2278 1905 2563 1960 emendare
2590 1904 2822 1957 voluisse
2849 1902 3078 1957 dicendo
3104 1920 3114 1955 :
3143 1901 3308 1969 Iuda,
3335 1900 3504 1954 osculo
3536 1899 3579 1951 Ρ
3582 1902 3721 1952 ilium

2135 1998 2352 2052 hominis
2379 1997 2537 2049 tradis
2564 1995 2717 2065 (Luc.
2747 1994 2840 2049 2‘2.
2866 1996 2995 2063 48)?
3021 1994 3130 2048 Nec
3156 2004 3208 2048 te
3239 1993 3398 2062 pudet
3422 1992 3511 2046 tali
3543 1991 3722 2057 prodi-

2137 2090 2297 2142 tionis
2326 2088 2486 2142 modo
2513 2087 2625 2141 uti?
2668 2088 2912 2141 Attamen
2942 2087 3059 2155 quia
3089 2102 3154 2138 ne
3183 2086 3280 2139 hoc
3307 2085 3521 2153 quidem
3552 2084 3721 2149 ipsum

2137 2179 2395 2243 cohibuit,
2424 2178 2662 2233 osculum
2689 2178 2804 2247 ejus
2833 2177 3065 2239 admisit,
3095 2186 3147 2231 et
3167 2178 3398 2245 seipsum
3427 2175 3598 2229 libens
3621 2184 3723 2226 tra—

2136 2273 2292 2328 didit.
2323 2272 2389 2326 Et
2417 2273 2729 2326 immiserunt
2754 2274 2807 2325 in
2828 2272 2973 2326 illum
2998 2289 3196 2331 manus,
3226 2279 3271 2324 et
3302 2278 3566 2323 tenuerunt
3590 2284 3720 2328 eum,

2140 2364 2326 2420 eadem
2376 2364 2488 2432 ipsa
2535 2372 2722 2423 nocte,
2765 2377 2867 2432 qua
2912 2363 3105 2430 pascha
3152 2361 3535 2422 romedebant;
3580 2367 3727 2411 enim

2140 2466 2296 2511 erant
2330 2456 2508 2509 furore
2533 2455 2786 2525 correpti.
2820 2456 3067 2509 Attamen
3097 2454 3228 2507 nihil
3263 2452 3597 2521 potuissent.
3627 2449 3724 2501 nisi

2145 2551 2258 2619 ipse
2285 2549 2335 2603 id
2364 2549 2712 2618 permisiSSet.
2746 2547 2875 2602 Illud
2902 2558 3078 2601 tamen
3106 2547 3294 2600 ludam
3320 2546 3386 2599 ab
3414 2540 3725 2597 intolerabili

2145 2640 2408 2709 supplicio
2437 2654 2542 2693 non
2570 2638 2853 2704 liberabit,
2883 2638 2977 2693 sed
3011 2638 3196 2707 majori
3233 2637 3522 2691 obnoxium
3560 2631 3731 2687 redd.t

2145 2730 2470 2786 damnationi
2506 2749 2518 2783 :
2550 2730 2692 2800 quod
2724 2745 2845 2785 cum
2888 2740 3085 2784 tantam
3121 2738 3177 2784 et
3216 2730 3466 2798 patentia:
3496 2737 3545 2783 et
3579 2740 3731 2779 man-

2147 2822 2444 2878 suetudinis
2485 2821 2826 2891 lenitatisque
2854 2820 2969 2889 ejus
2997 2820 3508 2875 demonstrationem
3537 2820 3732 2873 habue-

2148 2914 2250 2977 rit,
2281 2912 2392 2968 fera
2419 2912 2612 2967 saevior
2643 2912 2821 2967 fuerit.
2853 2912 2979 2966 Haec
3012 2928 3132 2966 cum
3164 2912 3432 2978 sciamus,
3460 2911 3731 2964 avaritiam

2150 3004 2412 3074 fugiamus
2438 3022 2448 3057 :
2480 3003 2594 3058 haec
2620 3004 2761 3059 enim
2790 3012 2914 3057 tunc
2941 3004 3107 3068 illum,
3138 3002 3274 3067 lucc,
3306 3002 3540 3072 inquam,
3571 3003 3623 3056 in
3648 3000 3733 3055 Ia-

2151 3112 2327 3151 rorem
2352 3097 2580 3166 conjecit
2608 3114 2621 3149 :
2657 3096 2771 3150 hate
2797 3095 2862 3150 ad
2889 3106 3181 3150 extremam
3210 3095 3592 3148 immanitatem
3616 3110 3735 3147 cru-

2150 3188 2529 3255 delitatemque
2571 3188 2717 3241 illum
2758 3186 3089 3242 exercitavit.
3130 3185 3312 3256 Neque
3356 3187 3501 3240 illum
3539 3186 3733 3251 modo,

2154 3279 2246 3333 sed
2271 3280 2429 3333 etiam
2454 3294 2641 3333 omnes
2668 3279 2755 3348 qui
2783 3279 2873 3333 tali
2903 3279 3090 3333 morbo
3110 3279 3248 3348 capti
3278 3288 3419 3331 sunt.
3442 3277 3571 3333 Cum
3597 3279 3737 3331 enim

2153 3370 2220 3423 ad
2248 3371 2640 3439 desperandum
2671 3371 2736 3423 de
2763 3371 2934 3425 salute
2964 3369 3197 3433 inducat,
3230 3370 3397 3422 multo
3423 3370 3589 3439 magis
3612 3370 3739 3422 alio-

2158 3478 2273 3515 rum
2303 3462 2528 3515 salutem
2558 3460 2834 3531 despicere
2875 3460 3083 3514 suadet.
3113 3464 3288 3530 Atque
3326 3460 3395 3513 ita
3439 3464 3742 3531 tyrannicus

2157 3564 2240 3608 est
2279 3554 2530 3616 morbus,
2579 3566 2633 3607 ut
2680 3555 2838 3606 etiam
2888 3551 3415 3607 vehementissimum
3460 3567 3741 3620 corporum

2158 3661 2396 3701 amorem
2446 3643 2733 3714 aliquando
2776 3654 3011 3714 superet.
3056 3643 3413 3708 Quamobrem
3459 3642 3742 3695 admodum

2160 3738 2451 3798 erubesco,
2493 3737 2629 3806 quod
2677 3736 2827 3789 multi
2874 3736 3112 3804 pecuniis
3156 3745 3432 3804 parcentes
3474 3735 3743 3788 libidinum

2163 3828 2510 3894 refrenarem,
2542 3828 2629 3898 qui
2660 3835 2878 3897 propter
2902 3826 2997 3880 Dei
3023 3827 3266 3880 timorem
3294 3827 3577 3880 noluerunt
3602 3835 3748 3880 Casle

2165 3921 2511 3991 modesteque
2554 3921 2757 3975 vivere.
2799 3919 2923 3974 Ideo
2962 3918 3223 3989 fugiamus
3261 3918 3439 3982 illam‘,
3473 3919 3698 3971 obsecro
3733 3938 3743 3969 :

2167 4030 2338 4084 neque
2368 4015 2509 4069 enim
2544 4012 2645 4067 hoc
2670 4011 2877 4066 dicendi
2908 4012 3065 4064 linem
3099 4009 3302 4063 faciam.
3338 4010 3444 4064 Cur
3468 4026 3686 4073 aurum,
3717 4026 3750 4062 ο

2167 4108 2347 4173 homo,
2371 4105 2716 4161 accumulas?
2745 4119 2841 4158 cur
2880 4103 3187 4158 servitutem
3235 4110 3375 4156 tuam
3420 4102 3751 4155 acerbiorem

2168 4199 2381 4254 reddis?
2404 4212 2499 4251 cur
2523 4195 2818 4250 custodiam
2846 4194 3143 4263 graviorem
3167 4233 3182 4259 ,
3212 4208 3307 4246 cur
3334 4192 3747 4246 sollicitudinem

2166 4289 2499 4344 acutiorem?
2527 4287 2654 4341 Puta
2685 4295 2801 4340 tuas
2830 4301 2950 4340 esse
2979 4300 3165 4339 omnes
3194 4285 3307 4337 auri
3339 4299 3519 4345 venas,
3550 4299 3666 4352 qurr
3699 4284 3749 4335 in

2168 4381 2395 4435 metallis
2416 4386 2560 4442 sunt,
2586 4380 2869 4448 omniaque
2894 4377 2981 4430 illa
3003 4391 3121 4446 quas
3147 4379 3197 4428 in
3220 4376 3408 4429 aerario
3429 4376 3574 4444 regio
3620 4373 3752 4428 Nam

2168 4470 2212 4524 si
2240 4470 2378 4524 hanc
2410 4478 2607 4523 tantam
2636 4468 2833 4522 molem
2859 4467 2974 4520 auri
3017 4465 3241 4520 haberes
3261 4506 3276 4527 ,
3305 4465 3602 4519 custodires
3634 4475 3749 4517 tan-

2172 4570 2315 4625 tum,
2345 4577 2451 4615 non
2482 4559 2726 4614 utereris.
2757 4558 2968 4613 Etenim
3008 4556 3053 4611 si
3088 4571 3229 4611 nunc
3258 4556 3321 4609 iis
3359 4571 3478 4625 qua:
3515 4555 3757 4624 possides

2171 4669 2278 4707 non
2308 4653 2492 4717 uteris,
2527 4651 2618 4706 sed
2649 4651 2717 4705 ab
2756 4650 2818 4705 iis
2846 4650 3082 4705 abstines
3107 4659 3163 4703 ut
3189 4649 3376 4703 alienis
3403 4666 3417 4704 ε
3445 4651 3609 4703 multo
3640 4665 3756 4702 ma-

2172 4747 2252 4813 gis
2277 4746 2322 4800 si
2358 4747 2508 4817 plura
2535 4744 2761 4799 haberes
2782 4786 2795 4808 ,
2828 4744 3056 4812 idipsum
3097 4740 3303 4813 ageres.
3344 4742 3475 4805 Nam
3521 4744 3758 4812 pecunia:

2173 4850 2414 4891 amantes
2442 4836 2637 4896 Solent,
2661 4851 2765 4905 quo
2791 4835 2911 4905 plus
2936 4836 3049 4889 auri
3079 4834 3370 4904 possident,
3397 4850 3462 4889 eo
3489 4836 3656 4905 magis
3682 4836 3757 4890 illi

2173 4946 2414 5003 parcere.
2444 4929 2549 4984 Sed
2586 4931 2726 4994 scio,
2767 4929 3008 5000 inquies,
3039 4929 3153 4984 haec
3191 4944 3308 4983 mea
3348 4944 3490 4984 esse.
3530 4929 3666 4997 Ergo
3706 4928 3758 4981 in

2175 5023 2425 5094 opinione
2469 5032 2714 5090 tantum,
2748 5037 2850 5077 non
2888 5022 2940 5077 in
2979 5038 3078 5077 usu
3114 5022 3380 5093 possessio
3410 5036 3495 5077 tua
3523 5032 3625 5077 est.
3654 5022 3759 5076 Sed

2179 5117 2303 5171 hinc
2342 5115 2677 5177 hominibus,
2708 5114 2916 5184 inquies
2937 5156 2951 5180 ,
2983 5114 3332 5169 formidabilis
3372 5116 3577 5168 futurus
3615 5130 3756 5168 sum.

2180 5209 2290 5263 Imo
2311 5216 2464 5275 captu
2496 5206 2718 5273 facilior,
2749 5206 3020 5273 divitibus,
3056 5207 3395 5276 pauperibus,
3426 5207 3648 5272 furibus,
3676 5222 3763 5277 sy-

2178 5300 2480 5369 cophantis,
2507 5298 2682 5354 servis
2706 5299 3058 5368 omnibusque
3079 5298 3294 5353 demum
3324 5298 3560 5352 insidiari
3584 5299 3763 5352 volen-

2180 5393 2341 5447 tibus.
2384 5389 2518 5445 Nam
2555 5391 2600 5445 si
2640 5389 2720 5445 vis
2760 5405 2880 5444 esse
2919 5388 3266 5444 formidabilis
3290 5431 3305 5456 ,
3340 5391 3570 5459 praecide
3607 5406 3761 5444 ansas

2178 5485 2370 5555 quibus
2412 5491 2634 5552 possunt
2671 5490 2724 5536 te
2763 5497 2958 5551 capere
2999 5491 3054 5536 et
3089 5497 3283 5536 vexare
3318 5496 3506 5536 omnes
3536 5482 3622 5551 qui
3665 5482 3762 5535 hoc

2180 5578 2352 5647 ipsum
2386 5575 2562 5630 facere
2587 5574 2769 5628 velint.
2804 5576 2993 5628 Annon
3022 5573 3214 5629 audisti
3250 5574 3349 5629 hoc
3390 5576 3762 5645 proverbium,

2182 5667 2479 5737 Pauperem
2518 5675 2573 5722 et
2612 5666 2814 5722 nudum
2860 5681 2966 5720 non
3010 5674 3234 5736 possunt
3266 5677 3481 5720 centum
3518 5667 3617 5720 viri
3645 5681 3766 5736 spo-

2220 5808 2235 5839 ι
2250 5807 2525 5870 legendum
2542 5814 2847 5867 esset,Lucas
2858 5816 2967 5856 vero
2976 5803 3307 5870 ait;siquidem
3321 5809 3456 5854 Luca:
3470 5805 3617 5854 verba
3636 5815 3763 5854 sunt.
