4104 6380
384 387 488 441 7111

390 501 559 555 hare?
591 499 830 568 Magnam
854 495 1051 565 quippe
1077 492 1234 546 habet
1275 501 1550 560 patronam
1581 493 1967 556 paupertatem,

389 607 546 661 quam
574 605 640 644 ne
670 605 762 642 rex
790 589 1002 656 quidem
1033 587 1146 655 ipse
1175 584 1340 652 possit
1369 582 1581 635 vincere
1608 580 1693 633 vel
1721 589 1933 646 capere.

461 679 514 735 5.
557 680 834 733 Avarorunt
877 677 1059 729 misera
1099 675 1340 728 conditio.
1383 702 1455 713 —
1496 673 1731 725 Avarum
1793 679 1970 722 autem

389 785 577 824 omnes
603 769 756 822 simul
789 782 984 820 vexare
1027 773 1288 835 possunt;
1343 777 1514 831 neque
1559 760 1808 814 homines
1852 768 1966 811 tan-

393 872 501 914 tum
533 860 674 920 dico,
723 857 820 912 sed
871 868 926 910 ει
978 857 1135 909 tinea:
1179 864 1234 908 et
1275 868 1506 907 vermes.
1550 851 1748 918 Ecquid
1802 850 1973 902 tineas

391 951 555 1006 dico?
599 950 820 1004 Multum
864 958 1074 1016 tempus
1111 947 1306 1012 solum,
1357 947 1608 1014 nulloque
1660 943 1847 996 addito
1895 942 1974 993 iu-

390 1044 697 1105 eommodo,
726 1053 944 1096 avarum
990 1049 1166 1110 potest
1214 1039 1444 1093 maxime
1468 1037 1685 1091 laedere.
1715 1035 1844 1101 Qua:
1871 1033 1968 1102 igi-

390 1147 476 1190 tur
523 1145 608 1191 est
636 1136 942 1190 divitiarum
971 1132 1257 1202 voluptas?
1301 1132 1414 1200 Ego
1460 1130 1732 1184 molestias
1775 1129 1968 1190 video;

391 1239 446 1282 tu
475 1227 602 1280 mihi
637 1227 964 1293 voluptatem
994 1225 1140 1277 illam
1168 1221 1395 1290 explica.
1446 1221 1511 1274 Et
1540 1236 1656 1287 qn:e
1691 1218 1968 1283 molestite,

391 1317 638 1387 inquies?
681 1314 1098 1378 Sollicitudines,
1145 1313 1372 1375 insidim,
1407 1310 1718 1374 inimicitiae,
1750 1309 1930 1361 odium
1953 1349 1968 1371 ,

393 1408 573 1472 timor,
616 1415 814 1460 :rtcrna
855 1406 971 1460 sitis
1017 1416 1072 1458 et
1113 1404 1287 1458 dolor.
1337 1402 1467 1456 Nam
1506 1402 1548 1454 si
1582 1402 1703 1468 quis
1741 1401 1970 1469 puellam

390 1498 800 1566 complectatur,
831 1513 930 1550 nec
960 1496 1447 1563 concupiscentiam
1495 1494 1714 1562 explere
1761 1490 1968 1562 possit',

391 1597 636 1642 extremo
673 1587 860 1641 dolore
888 1588 1176 1641 cruciatur.
1228 1587 1318 1641 Sic
1363 1586 1522 1640 etiam
1570 1585 1738 1649 dives,
1792 1601 1970 1639 rerum

391 1680 605 1750 quidem
635 1681 842 1748 copiam
873 1679 1056 1745 habet,
1085 1680 1336 1748 illamque
1363 1679 1736 1747 complectitur
1774 1694 1786 1730 :
1817 1678 1971 1746 cupi-

392 1772 615 1826 ditatem
643 1785 770 1824 vero
799 1784 951 1823 suam
972 1784 1185 1823 onmem
1217 1769 1433 1838 explere
1460 1769 1675 1838 nequit;
1708 1772 1801 1822 sed
1834 1769 1972 1822 idem

330 1880 335 1885 ’
394 1861 673 1930 contingit,
719 1860 858 1930 quod
913 1861 988 1914 ait
1038 1861 1118 1913 vir
1160 1861 1372 1929 sapiens
1410 1877 1423 1912 :
1455 1859 1718 1926 Cupiditas
1759 1859 1974 1912 eunuchi

394 1956 695 2026 virginitatis
723 1955 900 2024 ﬂorent
931 1954 1115 2023 puella:
1141 1955 1334 2023 eripere
1373 1953 1557 2026 (Eccli.
1585 1955 1675 2009 20.
1708 1953 1786 2026 2).
1828 1955 1976 2010 Sicut

397 2045 676 2102 eunuchus
719 2046 976 2115 virginem
1004 2045 1281 2114 amplexus
1305 2046 1624 2116 iugemiscit,
1667 2047 1743 2100 sic
1782 2047 1974 2101 divites

398 2152 606 2191 omnes.
661 2136 859 2204 Ecquis
908 2136 1086 2190 dicere
1127 2136 1291 2205 possit
1333 2137 1399 2190 dc
1433 2139 1642 2191 caeteris
1682 2139 1974 2192 omnibus?

397 2226 667 2296 quomodo
694 2240 888 2280 avarus
918 2226 1164 2280 omnibus
1192 2225 1406 2281 fastidio
1442 2228 1511 2281 sit
1539 2229 1710 2281 servis
1730 2271 1743 2291 ,
1773 2230 1975 2298 agricu-

399 2319 486 2384 lis,
516 2319 702 2372 vicinis
726 2359 741 2382 ,
788 2319 1055 2372 civitatem
1081 2319 1409 2388 gerentibus,
1442 2320 1631 2388 injuria
1662 2321 1824 2386 laesis,
1869 2338 1973 2374 non

398 2411 561 2474 lmsis,
628 2411 783 2465 uxori
828 2413 1058 2466 maxime
1106 2413 1364 2479 omnium,
1417 2413 1600 2468 liberis
1635 2415 1762 2483 plus
1818 2432 1974 2485 quam

399 2502 645 2556 Omnibus
679 2500 836 2556 aliis?
876 2501 988 2556 Non
1020 2504 1161 2555 enim
1195 2503 1314 2555 illos
1341 2512 1397 2556 ut
1423 2503 1641 2569 liberos,
1689 2504 1782 2558 sed
1829 2507 1978 2574 pejus

399 2608 556 2662 quam
585 2607 771 2646 servos
799 2601 854 2647 et.
885 2593 1054 2661 pretio
1082 2603 1291 2662 emptos
1314 2593 1524 2659 educat,
1555 2596 1699 2650 mille
1734 2596 1845 2660 irae,
1878 2598 1974 2650 do-

402 2683 553 2747 loris,
599 2683 814 2748 furoris,
848 2683 984 2738 risus
1010 2685 1322 2739 occasiones
1349 2685 1635 2740 adversum
1668 2703 1726 2741 se
1755 2689 1974 2756 praebet,

403 2776 655 2830 omnibus
700 2777 858 2831 simul
908 2778 1270 2846 spectaculum
1316 2776 1504 2833 factus.
1550 2779 1642 2833 Ha:
1694 2791 1817 2835 sunt
1864 2785 1978 2848 ejus

403 2865 682 2931 molestiae,
727 2881 790 2921 ac
831 2865 1056 2921 fortasse
1097 2868 1314 2937 plures;
1355 2883 1529 2938 neque
1571 2872 1712 2924 enim
1758 2884 1976 2942 possunt

403 2972 590 3012 omnes
620 2959 908 3023 recenseri,
953 2959 1049 3013 sed
1087 2960 1415 3030 experientia
1463 2961 1696 3016 docebit.
1737 2965 1817 3018 Tu
1854 2982 1980 3019 vero

405 3049 534 3105 mihi
561 3049 886 3118 voluptatem
927 3065 1045 3119 qua:
1086 3050 1208 3106 inde
1235 3053 1471 3122 carpitur
1513 3053 1777 3109 describe.
1824 3056 1981 3114 Dives

405 3157 524 3197 esse
567 3142 752 3196 videor
792 3151 846 3196 et
891 3143 1185 3197 existimor.
1221 3143 1398 3214 Ecqua
1439 3147 1682 3214 voluptas
1715 3148 1872 3203 talem
1905 3150 1983 3204 vi-

406 3233 556 3287 deri?
585 3233 798 3288 Invidia:
827 3243 973 3288 certe
996 3250 1190 3289 nomen
1221 3237 1532 3291 maximum.
1554 3237 1757 3294 Nomen
1790 3242 1983 3311 quippe

407 3335 612 3380 tantum
652 3336 775 3380 sunt
817 3326 1035 3392 divitiae,
1079 3341 1139 3382 re
1176 3342 1421 3382 vacuum.
1451 3329 1556 3385 Sed
1581 3330 1648 3385 de
1679 3332 1763 3385 illa
1795 3336 1982 3389 existi-

411 3418 665 3482 matione,
696 3417 924 3486 inquies,
956 3417 1151 3487 gaudet
1182 3417 1348 3474 dives.
1401 3419 1633 3476 Laztatur
1680 3422 1746 3478 de
1795 3426 1985 3495 quibus

407 3508 692 3564 dolendum
733 3517 894 3563 esset.
949 3510 1264 3574 Dolendum,
1318 3512 1548 3582 inquies,
1595 3515 1800 3583 quare?
1851 3519 1983 3585 Quia

408 3601 536 3656 illud
565 3605 738 3670 ipsum
767 3601 830 3655 ad
862 3603 1037 3655 omnia
1067 3603 1304 3657 inutilem
1335 3603 1532 3668 reddit,
1552 3606 1814 3673 timidum,
1841 3608 1986 3679 igna-

408 3708 557 3760 vum,
587 3693 653 3746 ad
681 3694 1159 3762 peregrinationem
1186 3695 1598 3765 suscipiendam,
1649 3698 1716 3751 ad
1759 3709 1984 3755 mortem

411 3785 770 3840 obeundam:
825 3799 952 3837 nam
1037 3788 1309 3858 duplicem
1396 3789 1484 3846 ille
1572 3802 1804 3848 mortem
1890 3807 1978 3847 rc-

411 3886 579 3947 putat,
611 3878 956 3946 pecuniarum
988 3878 1153 3946 magis
1181 3893 1336 3947 quam
1364 3878 1497 3933 lucis
1523 3881 1745 3949 cupidus
1775 3883 1813 3936 ¹.
1837 3882 1988 3938 Ηυιιε

411 3986 511 4026 nec
539 3972 724 4026 caelum
753 3971 1006 4035 delectat,
1036 3973 1157 4040 quia
1187 3988 1292 4026 non
1324 3972 1422 4026 fert
1443 3989 1650 4037 aurum,
1681 3991 1850 4044 neque
1881 3979 1982 4041 sol,

415 4065 538 4134 quia
583 4079 775 4118 aureos
819 4063 996 4118 radios
1041 4077 1144 4117 non
1195 4063 1408 4118 emittit.
1457 4065 1563 4119 Sed
1594 4067 1806 4133 quidam
1839 4079 1984 4134 sunt,

414 4157 643 4222 inquies,
672 4155 761 4225 qui
803 4171 978 4210 rerum
1020 4157 1172 4226 copia
1202 4155 1463 4221 fruuntur,
1493 4158 1697 4211 deliciis
1724 4168 1779 4214 et
1816 4163 1987 4216 ventri

415 4249 770 4316 indulgentes,
802 4251 928 4301 vino
964 4265 1022 4303 se
1070 4249 1476 4318 ingurgitautes,
1528 4251 1700 4305 lautos
1746 4264 1989 4323 sumptus

415 4338 766 4394 eﬂ'uudentes.
813 4339 1030 4408 Pejores
1063 4341 1272 4395 caeteris
1315 4342 1442 4394 mihi
1493 4358 1697 4397 narras.
1738 4345 1816 4398 illi
1848 4348 1987 4400 enim

417 4431 646 4485 maxime
671 4441 816 4495 sunt,
849 4432 936 4501 qui
966 4447 1071 4486 non
1099 4431 1368 4489 fruuntur.
1414 4435 1504 4490 Ille
1543 4451 1772 4506 namque
1801 4439 1988 4493 saltem

415 4521 484 4575 ab
511 4521 628 4575 aliis
655 4522 884 4576 abstinet
909 4523 1083 4588 malis,
1112 4525 1201 4578 uni
1230 4527 1466 4594 pecuniae
1496 4528 1665 4582 amori
1701 4530 1941 4586 addictus
1977 4552 1991 4587 :

418 4611 494 4664 illi
539 4627 684 4678 vero,
732 4612 815 4666 his
861 4613 1092 4683 pejores,
1141 4626 1334 4684 praeter
1370 4618 1688 4686 supradicta,
1725 4620 1911 4675 duram
1940 4632 1994 4676 et

416 4703 761 4773 multiplicem
783 4704 879 4759 sibi
902 4706 1210 4760 servitutem
1233 4707 1524 4773 attrahunt,
1547 4721 1599 4764 et
1625 4725 1722 4764 ceu
1755 4714 1993 4782 tyrannis

415 4793 727 4862 quibusdam
771 4795 1088 4851 immanibus
1117 4811 1236 4854 sese
1259 4798 1458 4853 dedunt
1487 4802 1677 4867 ventri,
1707 4818 1991 4870 corporum

416 4887 609 4951 amori,
639 4888 906 4953 ebrietati,
936 4891 1250 4960 eaetcrisque
1271 4893 1410 4947 vitiis
1433 4895 1668 4964 quotidie
1689 4897 1996 4951 ministrau-

417 4985 519 5043 tes,
551 4987 725 5033 scorta
753 4980 980 5048 alentes,
1014 4982 1184 5038 lautas
1222 5000 1407 5041 cmuas
1445 4998 1787 5056 apparantes,
1838 5005 1994 5059 para-

416 5070 569 5136 sitos,
601 5069 902 5128 adulatores
929 5084 1189 5140 ementes,
1223 5077 1272 5130 in
1300 5093 1511 5132 amores
1534 5092 1727 5148 printer
1748 5093 1992 5137 naturam

418 5159 736 5226 incidentes,
786 5163 911 5218 hinc
949 5167 1094 5219 mille
1136 5169 1338 5222 morbis
1367 5177 1422 5223 et
1449 5185 1648 5240 corpus
1675 5181 1730 5226 et
1762 5175 1992 5230 animam

417 5250 735 5309 allicientes.
760 5253 878 5310 Non
905 5259 1048 5312 enim
1075 5273 1170 5328 pro
1197 5261 1512 5316 necessariis
1537 5263 1675 5318 bona
1699 5263 1991 5334 insumunt,

445 5550 453 5559 _
481 5489 498 5520 ί
522 5487 756 5536 Ediderat
793 5487 1015 5560 Μεηιεΐη
1047 5493 1128 5560 xui
1144 5492 1248 5560 ’γὰρ
1273 5495 1486 5557 κρεῖττον
1504 5496 1689 5560 ἡγεῖται
1711 5497 1873 5559 τοῦτο,
1905 5501 1999 5553 La-

411 5553 886 5623 .tinequeuverterat‘,
917 5565 1030 5623 nam
1051 5553 1248 5623 divitias
1276 5553 1379 5623 rem
1405 5553 1617 5623 omnium
1647 5553 1877 5623 optimam
1895 5579 2000 5617 esse

417 5616 566 5684 putat.
601 5610 696 5684 (ξίν.
718 5617 895 5684 Annal;
921 5615 1095 5684 Field.‘
1111 5618 1168 5664 ad
1185 5619 1392 5684 p_.._79#_.
1418 5621 1590 5684 Lucem
1622 5610 1710 5684 pro
1733 5627 1826 5672 vita
1848 5610 2000 5678 habet

418 5673 589 5743 Cicero
624 5673 824 5743 Tusco].
867 5675 999 5743 2,},
1042 5677 1129 5726 10:
1173 5673 1497 5743 Objiciebalur
1545 5673 1790 5735 interdum
1834 5673 1998 5738 omnia

827 5745 872 5788 et
903 5733 1044 5790 dolor
1061 5776 1075 5801 ,
1127 5733 1383 5806 cogiianli,
1414 5741 1520 5807 [ore
1548 5733 1814 5812 aliquando
1838 5733 1996 5813 ista);

1238 376 1302 432 IN
1341 373 1743 430 MAT'I‘IIEUM
1787 364 2012 423 IIUMIL.
2057 365 2342 420 LXXXIII.
2385 367 2454 419 al.
2500 365 2780 422 LXXXIV.

3563 369 3670 427 730

2083 477 2177 533 sed
2225 493 2321 546 pro
2368 478 2432 532 iis
2473 493 2593 546 qua:
2639 492 2834 546 corpus
2875 486 2930 531 et
2974 478 3135 532 simul
3164 476 3394 533 animam
3427 497 3667 536 corrum-

2078 580 2211 641 punt
2255 570 2637 639 :idipsumque
2693 581 2855 640 agunt
2905 585 2968 624 ac
3009 569 3058 623 si
3104 571 3225 641 quis
3265 586 3458 642 corpus
3503 590 3665 630 exor-

2080 677 2233 726 haus,
2278 670 2428 728 putet
2476 660 2595 713 usui
2636 675 2734 713 suo
2779 661 3058 730 pecuniam
3104 661 3434 730 impendere.
3483 663 3667 733 Itaque

2081 753 2166 805 ille
2195 754 2339 806 solus
2371 753 2641 820 voluptate
2668 750 2881 818 fruitur,
2927 767 3250 822 suarumque
3284 769 3460 808 rerum
3488 755 3662 811 domi-

2080 861 2176 895 nus
2203 853 2306 908 est,
2335 845 2424 912 qui
2463 844 2564 897 illis
2591 852 2650 896 ut
2678 859 2770 911 par
2795 852 2878 898 est
2909 843 3074 897 utitur
3098 860 3113 909 ;
3139 842 3191 897 hi
3222 859 3351 898 vero
3377 846 3518 900 servi
3540 855 3669 900 sunt

2079 943 2132 988 et
2158 935 2352 1003 captivi
2381 951 2394 988 :
2427 950 2547 987 nam
2577 934 2818 1002 corporis
2859 933 3200 988 infirmitates
3223 943 3276 989 et
3298 937 3490 990 animae
3519 951 3664 990 mur-

2077 1025 2178 1080 bos
2221 1035 2437 1094 augent.
2471 1025 2750 1091 Quodnam
2793 1040 2922 1094 ergo
2949 1025 3159 1080 fruendi
3185 1040 3377 1096 genus,
3405 1027 3492 1080 ubi
3519 1027 3665 1081 obsi-

2077 1117 2187 1178 dio,
2218 1116 2440 1181 bellum,
2470 1127 2628 1186 atque
2661 1126 2951 1185 tempestas
2991 1117 3214 1171 marinis
3236 1118 3478 1186 procellis
3504 1120 3668 1172 vehe-

2079 1209 2350 1263 mentior?
2396 1209 2528 1262 Nam
2574 1209 2775 1265 divitiae
2815 1209 2861 1262 si
2888 1209 3107 1263 stultum
3137 1209 3408 1265 hominem
3437 1213 3658 1266 iuvenc-

2079 1302 2206 1366 rint,
2240 1301 2539 1356 stultiorem
2572 1302 2842 1368 rcddunt;
2889 1303 2934 1356 si
2965 1303 3244 1369 lascivum,
3293 1303 3655 1362 lasciviorem.

2080 1393 2279 1462 Ecqua,
2309 1393 2538 1462 inquies,
2577 1394 2796 1464 pauperi
2826 1409 2892 1450 ex
2925 1394 3205 1464 prudentia
3243 1397 3487 1451 utilitas?
3538 1397 3667 1452 Jure

2080 1483 2204 1536 illud
2244 1483 2477 1553 ignoras.
2504 1482 2688 1553 Neque
2717 1485 2860 1538 enim
2885 1500 3061 1540 caseus
3091 1487 3211 1552 scit,
3242 1487 3366 1556 quid
3405 1488 3540 1542 lucri
3573 1489 3661 1542 lux

2077 1575 2280 1628 afferat.
2311 1575 2447 1629 Audi
2479 1575 2824 1630 Salomonem
2849 1577 3115 1632 dicentem
3149 1595 3162 1630 :
3201 1577 3459 1644 Quantum
3485 1590 3555 1634 est
3588 1581 3668 1633 in-

2081 1675 2154 1718 ter
2181 1665 2407 1719 tenebras
2436 1676 2483 1719 et
2514 1666 2678 1720 lucem
2707 1665 2950 1732 medium,
2997 1676 3192 1720 tantum
3227 1668 3430 1738 sapiens
3457 1667 3666 1723 stultum

2078 1769 2280 1826 superat
2321 1757 2529 1827 (Eccle.
2557 1759 2613 1811 2.
2652 1758 2742 1829 15)
2772 1801 2784 1814 .
2838 1758 2945 1814 Sed
2972 1775 3093 1814 eum
3123 1761 3212 1829 qui
3244 1761 3295 1814 in
3329 1761 3562 1815 tenebris
3585 1773 3670 1816 est

2080 1851 2348 1919 quomodo
2391 1853 2750 1906 docebimus?
2798 1851 2930 1906 Nam
2972 1854 3317 1922 pecuniarum
3345 1869 3498 1910 amor
3527 1871 3668 1910 vera:

2081 1943 2318 1996 tenebrae
2369 1953 2513 2009 sunt,
2567 1960 2687 2012 quae
2741 1959 2918 1998 rerum
2966 1945 3162 1998 nullam
3194 1947 3670 2016 sinuntrespicerc

2079 2037 2250 2106 qualis
2304 2047 2404 2099 est.
2458 2037 2551 2092 sed
2602 2039 2708 2091 alio
2761 2039 3146 2110 longe'modo.
3209 2039 3666 2106 Quemadmodum

2080 2131 2222 2184 enim
2251 2130 2340 2198 qui
2368 2128 2421 2184 iu
2451 2130 2690 2185 tenebris
2719 2139 2823 2196 est,
2851 2132 3061 2186 etiamsi
3092 2147 3186 2187 vas
3210 2148 3434 2187 aureum
3463 2133 3664 2200 videat,

2081 2224 2287 2276 etiamsi
2319 2222 2548 2293 lapidem
2577 2223 2894 2292 pretiosum,
2943 2225 3151 2279 etiamsi
3190 2226 3504 2280 vestimenta
3538 2241 3668 2293 pur-

2083 2331 2267 2383 purea,
2319 2331 2381 2370 ea
2434 2315 2568 2369 nihil
2614 2330 2734 2370 esse
2783 2316 3088 2380 existimat;
3137 2331 3242 2370 non
3290 2317 3431 2371 enim
3479 2333 3666 2370 eorum

2083 2406 2530 2476 pulchritudinem
2573 2407 2718 2461 videt
2749 2425 2762 2459 :
2797 2407 2873 2460 sic
2903 2415 2957 2460 et
2989 2409 3228 2476 pecunia:
3271 2423 3459 2462 amans
3506 2422 3670 2475 expc-

2085 2500 2359 2553 tendarum
2403 2515 2580 2553 rerum
2637 2499 3084 2568 pulchritudinem
3130 2510 3187 2552 ut
3237 2508 3510 2568 uporteret
3558 2515 3662 2553 non

2084 2593 2244 2646 videt.
2297 2593 2500 2661 Dissipa
2535 2593 2664 2647 mihi
2696 2594 2974 2659 caliginem
3004 2609 3066 2647 cx
3113 2593 3214 2647 hoc
3249 2593 3437 2647 morbo
3465 2604 3658 2658 ortam,

2084 2698 2130 2740 et
2184 2695 2309 2740 tunc
2351 2685 2554 2739 videbis
2595 2703 2772 2740 rerum
2826 2697 3089 2751 naturam,
3123 2703 3241 2756 qum
3287 2703 3546 2756 nusquam
3598 2688 3665 2741 ita

2086 2780 2292 2834 videtur
2340 2789 2393 2832 ut
2435 2779 2486 2831 in
2533 2789 2882 2848 paupertate:
2931 2793 3189 2846 nuSquam
3239 2778 3309 2832 ita
3352 2779 3668 2834 evincuutur

2088 2870 2216 2924 nihil
2248 2886 2366 2924 esse
2389 2885 2449 2924 ea
2480 2887 2599 2938 quze
2629 2885 2747 2923 esse
2777 2870 3042 2932 videntur,
3079 2879 3136 2924 ut
3166 2871 3214 2923 in
3250 2870 3606 2939 philosuphia.

2155 2965 2209 3017 4.
2255 2962 2530 3014 Domorum
2569 2963 2716 3029 quale
2760 2979 2928 3015 rerum
2956 2963 3125 3026 decus,
3169 2963 3318 3030 quale
3361 2980 3530 3016 verum
3576 2965 3667 3016 de-

2087 3055 2256 3107 decus.
2285 3085 2355 3093 —
2381 3054 2484 3108 Sed
2519 3073 2549 3104 o
2580 3055 2722 3106 stulti
2755 3053 3015 3118 homines,
3060 3054 3148 3124 qui
3191 3056 3511 3109 maledicunt
3537 3072 3668 3126 pau-

2090 3146 2334 3212 peribus,
2363 3155 2416 3200 et
2437 3147 2619 3199 dicunt
2651 3147 2712 3198 iis
2739 3156 2793 3199 et
2817 3147 3004 3200 domos
3034 3154 3088 3200 et
3109 3147 3267 3200 vitam
3295 3147 3585 3215 tlclurpari,
3615 3161 3670 3200 et

2084 3236 2268 3288 omnia
2289 3235 2652 3289 confundunt.
2684 3233 2821 3300 Quid
2844 3245 2927 3288 est
2973 3236 3118 3288 enim
3165 3235 3362 3290 domus
3388 3233 3672 3292 dedecus?

2087 3326 2203 3380 Non
2257 3325 2418 3378 habet
2462 3327 2723 3379 eboreum
2757 3326 2954 3378 lectum
2989 3364 3002 3388 ,
3050 3341 3158 3378 non
3213 3342 3338 3380 vasa
3374 3336 3668 3396 argentea;

2087 3419 2181 3472 sed
2238 3417 2421 3486 figlina
2475 3419 2657 3471 omnia
2713 3428 2762 3471 et
2812 3418 3009 3487 lignea.
3058 3417 3170 3471 Hoc
3229 3428 3374 3473 certe
3429 3420 3673 3473 maxima

2087 3509 2283 3564 domus
2335 3507 2502 3578 gloria
2563 3517 2618 3562 et
2662 3508 2923 3561 nobilitas
2973 3519 3074 3561 est.
3121 3506 3476 3560 Str-culmina:
3526 3508 3671 3560 enim

2080 3612 2271 3654 rerum
2309 3611 2648 3670 contemptus
2699 3599 2749 3653 id
2790 3614 2933 3667 smpe
2977 3596 3159 3662 efficit,
3209 3605 3268 3650 ut
3313 3597 3489 3650 omnis
3541 3611 3667 3649 cura

2089 3692 2427 3761 studiumque
2474 3702 2639 3745 totum
2685 3691 2825 3744 circa
2873 3689 3100 3742 animam
3145 3687 3502 3756 impendatur.
3536 3688 3672 3741 Cum

2090 3800 2218 3854 ergo
2248 3786 2465 3837 multam
2499 3783 2550 3835 in
2584 3781 2942 3836 exterioribus
2973 3780 3382 3835 sollicitudinem
3434 3779 3668 3847 impendi

2092 3877 2309 3940 videris,
2361 3885 2486 3929 tunc
2528 3873 2786 3928 erubesce
2826 3873 2892 3926 de
2924 3882 3072 3926 tanto
3097 3871 3384 3927 dedecore.
3433 3871 3666 3925 Divitum

2092 3968 2233 4022 enim
2282 3967 2473 4021 domus
2520 3981 2623 4019 non
2655 3965 2885 4019 debitam
2917 3965 3139 4019 formam
3171 3965 3385 4020 habent.
3421 3965 3552 4018 Cum
3595 3965 3672 4016 vi-

2093 4060 2235 4113 deris
2265 4074 2393 4128 ergo
2422 4059 2558 4127 ligna
2590 4057 2850 4125 tapetibus
2878 4057 3068 4118 velata,
3103 4056 3270 4110 lectos
3309 4065 3529 4124 argento
3579 4071 3670 4108 or-

2096 4161 2247 4204 natos
2275 4151 2422 4217 quasi
2453 4150 2503 4201 iu
2536 4149 2765 4212 theatro,
2798 4147 2945 4218 quasi
2975 4147 3026 4200 iu
3059 4162 3248 4216 pompa
3277 4147 3512 4212 scenica,
3540 4147 3666 4215 quid

2097 4243 2217 4295 huic
2265 4241 2572 4310 turpitudini
2622 4256 2714 4308 par
2769 4239 2966 4294 fuerit?
2993 4239 3119 4306 Qtlu'
3157 4240 3323 4310 magis
3353 4239 3544 4292 domus
3582 4255 3674 4291 or-

2095 4335 2343 4398 chi-atra},
2376 4344 2428 4388 et
2461 4334 2523 4386 iis
2552 4348 2669 4401 qua:
2703 4333 2753 4385 iu
2785 4331 3059 4385 orchestra
3110 4331 3241 4384 ﬁunt
3266 4373 3278 4392 .
3326 4331 3514 4385 similis
3553 4330 3672 4385 est?

2095 4428 2362 4489 divitisne,
2393 4434 2482 4478 aut
2513 4425 2802 4494 pauperis?
2841 4425 3031 4477 Annon
3081 4425 3253 4494 palam
3281 4435 3360 4478 est
3389 4433 3509 4478 esSe
3537 4423 3674 4477 divi-

2099 4522 2203 4574 tis?
2251 4521 2371 4574 Ila3c
2409 4520 2568 4590 igitur
2605 4519 2758 4587 plena
2807 4517 3136 4585 turpitudine
3174 4528 3275 4572 est.
3325 4517 3454 4584 Qure
3483 4517 3676 4571 domus

2099 4614 2244 4668 Pauli
2295 4623 2348 4666 et
2391 4611 2676 4666 Abrahami
2725 4611 2972 4665 domibus
3013 4611 3202 4664 similis
3249 4611 3369 4664 est?
3422 4610 3679 4678 Pauperis

2101 4705 2282 4774 procul
2303 4703 2487 4758 dubio.
2517 4702 2642 4756 Hzcc
2689 4718 2818 4772 ergo
2866 4718 3097 4757 maxnne
3134 4713 3318 4757 ornata
3350 4711 3432 4757 est
3467 4713 3518 4755 ct
3549 4717 3679 4755 con-

2097 4797 2299 4866 Spicua.
2347 4794 2413 4848 Et
2443 4804 2499 4848 ut
2527 4795 2703 4849 discas
2741 4793 2868 4848 illud
2913 4796 3145 4849 maxime
3193 4794 3386 4849 domus
3433 4799 3678 4848 ornatum

2097 4905 2239 4953 esse,
2278 4888 2560 4958 ingredere
2593 4888 2644 4942 in
2676 4888 2893 4943 domum
2939 4886 3204 4954 Zaccbmi,
3245 4896 3300 4943 et
3340 4887 3486 4942 disce
3543 4903 3675 4957 quo-

2099 4979 2260 5035 modo
2289 4979 2562 5034 ornaverit
2604 4993 2721 5034 eam
2755 4979 3023 5033 Christum
3048 4991 3370 5048 excepturus
3400 4997 3414 5034 :
3458 4995 3563 5033 non
3589 4995 3682 5034 cu-

2098 5072 2270 5127 currit
2310 5071 2377 5126 ad
2412 5072 2638 5138 vicinos,
2684 5085 2782 5126 nec
2812 5071 2965 5140 petiit
2994 5079 3211 5124 ornatas
3237 5071 3430 5139 jauuas
3459 5070 3677 5135 bifores,

2100 5181 2204 5219 non
2233 5163 2514 5220 cathedras
2539 5173 2595 5219 et
2623 5162 2873 5218 subsellia
2903 5179 2967 5218 ex
2995 5163 3160 5218 ebore
3199 5164 3537 5225 concinnata.
3580 5178 3678 5218 nec

2097 5257 2282 5311 eduxit
2330 5273 2394 5311 ex
2445 5255 2710 5325 peuuariis
2754 5255 3014 5324 Laconica
3047 5254 3338 5316 velamina;
3383 5254 3476 5310 sed
3509 5264 3678 5309 totum

2097 5349 2311 5404 ornavit
2331 5357 2388 5402 ut
2406 5347 2674 5403 Christum
2698 5347 2940 5403 decebat.
2963 5347 3093 5414 Quis
3120 5348 3209 5401 ille
3229 5347 3482 5402 ornatus?
3509 5346 3679 5400 Dimi-

2097 5440 2258 5506 dium,
2290 5438 2482 5508 inquit,
2515 5439 2757 5494 bonorum
2781 5455 3027 5504 meorum,
3062 5437 3295 5500 Domine,
3347 5439 3413 5492 do
3441 5439 3681 5509 pauperi-

2097 5530 2226 5594 bus;
2253 5533 2362 5584 etsi
2388 5531 2512 5600 quid
2530 5531 2744 5599 aliquem
2770 5530 3089 5600 defraudavi,
3112 5530 3322 5584 reddam
3341 5529 3682 5602 quadruplum

2097 5623 2250 5693 (Luc.
2283 5625 2368 5679 l9.
2400 5623 2478 5694 8).
2507 5623 2597 5679 Sic
2617 5633 2672 5679 et
2699 5639 2796 5678 nos
2817 5623 3007 5678 domus
3032 5639 3306 5689 ornemus,
3332 5632 3386 5678 ut
3411 5623 3681 5678 Christum

2095 5716 2467 5786 suscipiamus.
2522 5716 2614 5771 llze
2642 5716 3015 5787 pulcherrima:
3056 5715 3258 5772 bifores
3287 5727 3416 5771 sunt
3443 5735 3458 5771 :
3487 5716 3602 5771 hzrc
3630 5718 3682 5773 iu

2097 5809 2243 5865 caelis
2293 5818 2638 5879 apparantur,
2695 5808 2874 5880 ibique
2930 5817 3204 5866 texuntur.
3251 5808 3350 5866 Ubi
3381 5810 3494 5867 haec
3528 5819 3685 5878 sunt,
