4104 6380
448 356 547 414 ⁸151

454 479 525 532 ibi
553 476 712 532 etiam
737 474 853 530 Rex
880 472 1128 527 caelorum
1155 479 1259 526 est.
1303 469 1359 525 Si
1396 468 1501 521 alio
1540 466 1701 521 modo
1725 466 2022 531 ornaveris,

450 569 719 622 diabolum
745 580 925 627 vocas,
956 562 1205 631 illiusque
1241 560 1487 615 chorum.
1529 559 1689 613 Venit
1732 561 1892 613 etiam
1939 560 2027 615 ille

450 663 501 715 in
549 661 765 715 domum
811 655 1041 711 Matthmi
1093 653 1355 725 publicani
1404 651 1616 719 (Matth.
1643 649 1696 705 9.
1726 649 1841 718 10).
1889 649 2026 718 Quid

449 770 575 824 ergo
615 753 738 806 fecit
782 750 911 806 ille?
954 748 1203 803 Ferventi
1234 746 1507 815 proposito
1533 743 1758 813 primum
1790 744 2023 809 seipsum

448 847 680 909 ornavit,
727 850 836 896 tum
868 840 1103 895 dimissis
1133 837 1381 893 omnibus
1426 844 1689 904 sequutus
1730 840 1812 888 est
1853 832 2024 886 illutn.

446 941 535 993 Sic
564 937 846 991 Cornelius
875 934 1092 987 domum
1125 929 1336 985 ornavit
1376 928 1624 996 precibus
1644 934 1697 980 et
1721 925 2023 994 eleetnosy-

445 1032 526 1083 uis
561 1029 697 1099 (Act.
719 1027 806 1080 10.
832 1027 889 1091 4)
920 1042 936 1079 :
982 1024 1205 1091 ideoque
1237 1020 1493 1074 hactenus
1516 1017 1679 1087 fulget
1718 1017 1837 1085 plus
1865 1031 2021 1084 quam

447 1125 605 1193 regiae
655 1120 816 1176 mdes.
846 1118 1036 1173 Vilitas
1079 1116 1276 1185 quippe
1301 1112 1495 1166 domus
1526 1125 1629 1162 non
1660 1124 1690 1163 a
1722 1108 1859 1161 vasis
1908 1107 2024 1160 sine

444 1218 632 1271 ordine
678 1212 946 1284 proiectis,
990 1226 1094 1264 non
1122 1223 1151 1262 a
1180 1207 1421 1274 neglecto
1449 1204 1609 1267 lecto,
1653 1217 1758 1255 non
1790 1217 1816 1250 a
1850 1204 2017 1252 muris

446 1311 589 1362 fumo
635 1307 961 1365 obscuratis,
1006 1302 1097 1356 Sed
1160 1316 1187 1352 a
1239 1298 1468 1368 nequitia
1536 1294 1909 1347 habitantium.
1965 1290 2023 1344 Id

444 1400 585 1467 quod
625 1414 753 1453 Sane
782 1397 1029 1452 Christus
1059 1392 1312 1454 ostendit,
1362 1389 1452 1458 qui
1495 1388 1547 1441 in
1594 1385 1750 1439 talem
1780 1384 2018 1446 domum,

443 1495 570 1545 dmn
619 1491 660 1545 is
702 1490 789 1559 qui
834 1489 885 1542 in
928 1487 1016 1540 illa
1067 1485 1271 1539 habitat
1300 1483 1367 1535 sit
1411 1479 1629 1549 probus,
1676 1478 1876 1530 intrare
1916 1491 2020 1528 non

445 1584 745 1645 erubescit;
797 1580 850 1634 in
900 1580 1038 1633 illam
1088 1591 1215 1630 vero
1258 1575 1435 1630 aliam.
1487 1569 1693 1623 etiamsi
1744 1583 1908 1620 aureo
1950 1567 2025 1618 la-

442 1676 625 1746 queari
666 1675 920 1728 instructa
975 1672 1070 1724 sit.
1104 1681 1389 1735 numquam
1418 1663 1652 1717 intrabit.
1690 1659 1885 1758 Itaque.
1908 1657 2021 1711 haec

443 1770 601 1841 regiis
625 1766 826 1822 aedibus
850 1762 1175 1833 splendidior
1201 1769 1303 1820 est,
1328 1772 1445 1825 quae.
1471 1753 1708 1806 omnium
1739 1750 2017 1852 Dominum

442 1865 666 1930 recipit;
711 1860 797 1914 illa
842 1872 970 1911 vero
1018 1870 1135 1909 cum
1180 1849 1409 1919 laqueari
1442 1855 1495 1901 et
1520 1844 1784 1901 columnis
1818 1844 2017 1941 aureis,

442 1956 568 2009 rivis
594 1936 646 2008 et
671 1951 866 2007 cloacis
890 1947 1109 2017 impuris
1136 1945 1324 1999 similis
1350 1951 1452 2003 ρει,
1502 1953 1620 2007 qua:
1665 1950 1787 1987 vasa
1818 1930 2017 1986 diaboli

443 2049 653 2103 habeat.
702 2045 827 2099 Hmc
866 2056 1026 2111 porro
1064 2040 1199 2092 dicta
1232 2036 1385 2090 nobis
1417 2049 1519 2085 non
1552 2030 1750 2084 divites
1776 2032 2021 2094 Spectant

441 2142 696 2194 decorum
719 2143 1013 2196 servantes,
1037 2128 1131 2185 sed
1159 2141 1349 2182 avaros
1386 2134 1441 2179 et
1484 2120 1719 2191 pecuniae
1751 2123 2013 2172 amantes.

1153 350 1211 407 S.
1250 349 1525 407 JOANNIS
1560 347 2028 406 CllBYSOSTOMI
2057 348 2370 406 ARCHIEP.
2402 354 2928 418 CONSTANTINOP.

3607 372 3714 427 752

2135 468 2288 537 Apud
2318 468 2414 525 bos
2446 472 2589 527 enim
2612 475 2756 531 nulla
2795 477 2864 533 de
2898 481 3217 536 necessariis
3242 483 3403 538 rebus
3439 500 3565 542 cura
3606 501 3709 555 est,

2133 557 2231 612 sed
2256 559 2324 613 de
2344 572 2553 631 ventre,
2575 563 2644 619 de
2674 569 3003 633 temulentia,
3030 569 3205 641 deque
3235 574 3356 629 aliis
3385 580 3713 647 turpitudine

2135 647 2341 715 plenis;
2372 651 2425 705 in
2453 652 2540 706 illa
2567 665 2745 711 autem
2778 657 2847 713 de
2868 661 3198 732 philosophia
3239 666 3473 722 studium
3500 682 3604 725 est.
3628 671 3710 726 ld-

2132 738 2277 793 circo
2324 757 2613 812 numquam
2661 748 2712 800 in
2755 748 2969 805 domum
2998 754 3326 818 splendidam
3357 757 3703 817 Cbristusin.

2131 830 2332 896 troivit,
2389 835 2482 888 sed
2534 837 2586 890 in
2633 838 2920 909 publicani,
2959 844 3217 916 principis
3262 849 3660 917 publicanorum
3689 899 3705 919 ,

2134 921 2413 988 piscatoris
2454 925 2662 994 domos,
2706 931 2883 986 missis
2928 935 3087 1004 regiis
3128 938 3369 1006 aedibus,
3417 944 3596 999 missis
3642 946 3709 999 iis

2132 1013 2220 1075 qui
2276 1016 2528 1071 mollibus
2560 1020 2851 1077 induuntur
2895 1028 3250 1085 vestimentis.
3278 1031 3417 1087 Situ
3445 1035 3604 1104 igitur
3642 1037 3706 1091 il-

2132 1101 2239 1155 lum
2272 1104 2321 1157 in
2348 1106 2563 1163 domum
2588 1118 2729 1164 tuam
2761 1128 2951 1169 vocare
2970 1118 3119 1181 velis,
3150 1134 3281 1175 orna
3304 1122 3450 1177 illam
3469 1101 3708 1180 electus-

2131 1194 2299 1264 synis,
2355 1200 2619 1264 precibus,
2677 1206 2989 1275 pervigiliis,
3035 1212 3524 1279 supplicationibus.
3581 1218 3705 1273 [huc

2129 1285 2325 1353 quippe
2355 1289 2496 1357 regis
2524 1291 2719 1347 CbriSIi
2764 1308 2889 1369 sunt
2930 1299 3088 1365 dom,
3124 1304 3209 1356 illa
3254 1320 3382 1360 vero
3415 1323 3701 1377 manionte,

2128 1375 2325 1430 Christi
2360 1381 2596 1453 inimici._
2614 1385 2887 1443 Neminem
2938 1408 3065 1463 ergo
3108 1396 3303 1462 pudeat
3340 1400 3555 1456 domum
3608 1375 3707 1459 ha;

2132 1468 2256 1522 here
2282 1472 2461 1539 vilem,
2491 1476 2534 1528 si
2568 1478 2680 1533 bare
2705 1493 2888 1535 nactus
2910 1484 2976 1537 sit
2998 1501 3306 1544 ornamenta
3333 1507 3348 1556 ;
3381 1509 3536 1547 nemo
3558 1495 3707 1551 dives

2131 1561 2296 1613 altum
2324 1565 2892 1639 sapiatde'magniﬁca
2931 1575 3111 1643 domo,
3157 1581 3250 1634 sed
3296 1585 3469 1650 petitis
3510 1588 3702 1643 erube-

2129 1660 2262 1745 scat,
2309 1665 2362 1706 et
2394 1654 2479 1707 illa
2515 1658 2716 1722 relicta,
2747 1661 2882 1717 hanc
2908 1666 3121 1737 deligat,
3154 1681 3211 1725 ut
3242 1684 3294 1726 et
3322 1675 3407 1730 hic
3434 1676 3701 1733 Christum

2130 1744 2379 1811 excipiat,
2410 1757 2465 1800 et
2494 1748 2601 1803 illic
2631 1754 2844 1807 aeternis
2882 1756 3086 1812 fruatur
3115 1763 3486 1832 tabernaculis,
3534 1771 3706 1837 gratia

2130 1844 2183 1887 et
2212 1835 2535 1904 benignitate
2568 1842 2773 1897 Domini
2806 1850 2971 1901 nostri
3002 1849 3130 1905 Jesu
3155 1853 3375 1919 Christi,
3422 1858 3508 1912 cui
3535 1835 3705 1930 gloria

2129 1935 2182 1980 et
2211 1926 2489 1995 imperium
2522 1933 2537 1961 ί
2568 1931 2620 1985 in
2650 1936 2841 1990 sarcula
2866 1941 3203 1998 saeculorum.
3232 1944 3423 2001 Amen.

2194 2059 2838 2146 mhqub-Mssthabent,‘
2873 2072 2954 2146 cui
2994 2073 3154 2146 gloria
3195 2085 3250 2146 et
3276 2080 3550 2146 imperium,
3596 2098 3704 2133 cum

2127 2126 2307 2171 caterua
2329 2130 2487 2185 Patre,
2509 2134 2687 2180 etcum
2707 2126 2870 2185 sancto
2889 2142 2935 2186 et
2956 2126 3142 2203 viii/ica
3170 2126 3363 2204 Spiritu:

440 2476 569 2531 Car.
606 2469 696 2525 26.
740 2483 795 2522 v.
826 2467 911 2521 51.
961 2461 1025 2515 Et
1080 2474 1190 2512 ecce
1234 2469 1365 2508 unus
1392 2464 1564 2505 eorum
1618 2444 1701 2514 qui
1744 2456 1858 2493 cum
1891 2435 2013 2488 Iesu

508 2572 692 2626 erant,
736 2555 1010 2613 extenduns
1060 2563 1302 2607 manum,
1338 2538 1615 2612 evaginavit
1665 2533 1927 2633 gladium,
1970 2534 2017 2579 et

513 2620 795 2725 percutiens
837 2662 1035 2703 servum
1068 2640 1322 2713 pontiﬁcis
1355 2677 1370 2701 ,
1413 2628 1687 2702 amputavit
1728 2620 2012 2726 auriculam

509 2717 640 2819 ejus.
661 2743 750 2800 52.
782 2742 922 2796 Tunc
951 2738 1074 2792 dixit
1098 2736 1139 2789 ei
1164 2734 1312 2786 Jesus
1344 2746 1362 2782 :
1393 2727 1638 2782 Converte
1682 2717 1907 2819 glandium
1942 2717 2015 2819 lin

511 2808 674 2893 lbcum
701 2852 865 2890 suum.
894 2833 1079 2886 Omnes
1107 2827 1238 2881 enim
1260 2824 1343 2893 qui
1366 2819 1590 2891 gladium
1611 2812 1877 2883 accipient,
1901 2808 2016 2877 gla-

511 2934 595 2987 dio
626 2931 874 3000 peribunt.
903 2926 990 2980 55.
1024 2924 1103 2976 An
1156 2928 1300 2988 putus
1329 2914 1445 2985 quia
1486 2927 1585 2963 non
1610 2919 1809 3000 possum
1839 2913 2019 3000 rogare

512 2991 724 3078 Putiem
752 3062 765 3084 ,
794 3028 839 3073 et
881 3017 1019 3071 sistet
1050 3011 1173 3064 milii
1200 3022 1334 3062 nunc
1383 3004 1497 3073 plus
1551 3013 1700 3068 quam
1751 2991 2015 3084 duodecim

512 3117 731 3187 legiones
756 3082 1091 3181 angelorum?
1119 3103 1207 3157 54.
1240 3094 1506 3166 Quomodo
1535 3106 1650 3160 ergo
1681 3082 2018 3155 implebantur

511 3210 808 3279 Scriptum,
835 3205 954 3274 quia
975 3203 1049 3257 'sic
1075 3205 1265 3267 oportet
1291 3190 1401 3259 ﬁeri
1416 3188 1440 3241 ?

513 3305 565 3358 1.
597 3275 700 3356 Cur
741 3299 970 3355 Christus
999 3288 1260 3360 discipulis
1291 3282 1513 3355 permisit
1552 3286 1607 3331 ut
1646 3275 1845 3345 gladios
1874 3276 2020 3327 habe-

438 3410 568 3452 rent.
596 3427 667 3439 —
689 3394 820 3462 Quis
856 3399 937 3444 est
962 3402 1098 3445 unus
1127 3386 1226 3440 iste
1247 3382 1333 3452 qui
1356 3379 1645 3433 auriculam
1686 3372 2018 3439 amputavit?

438 3492 671 3547 Joannes
695 3489 828 3543 dixit
862 3484 1028 3539 fuisse
1073 3481 1284 3534 Petrum
1319 3473 1515 3545 (Joan.
1545 3470 1631 3525 18.
1658 3466 1784 3537 l0).
1819 3466 2018 3533 Estque

440 3582 691 3639 ferventis
716 3580 857 3635 illius
881 3574 1042 3631 animi
1069 3586 1221 3641 opus.
1247 3568 1348 3623 Sed
1383 3562 1509 3620 illud
1529 3557 1871 3633 quaerendum
1902 3566 1983 3611 est
2000 3596 2015 3620 ,

440 3691 538 3732 cur
561 3672 793 3745 gladium
824 3667 1106 3740 gestabant
1131 3705 1145 3729 ,
1174 3661 1315 3732 quod
1348 3675 1448 3713 non
1482 3657 1607 3711 hinc
1637 3653 1809 3707 solum
1840 3659 2015 3721 patet,

438 3771 533 3827 sed
573 3771 692 3840 quia
725 3764 1027 3834 interrogati
1056 3761 1333 3822 dixerunt,
1371 3754 1503 3811 duos
1534 3754 1619 3807 hic
1645 3767 1762 3807 esse
1793 3751 2015 3822 gladios.

438 3862 546 3916 Cur
586 3858 827 3931 permisit
853 3855 960 3909 illis
985 3853 1227 3908 Christus
1257 3859 1314 3902 ut
1351 3848 1556 3916 gladios
1589 3843 1890 3898 haberent?
1923 3842 2017 3895 Et-

437 3956 580 4011 enim
609 3953 711 4007 hoc
736 3952 809 4005 ait
833 3951 1004 4004 Lucas
1049 3948 1222 4016 ipsum
1266 3944 1465 4000 dixisse
1495 3958 1508 3994 :
1538 3939 1753 4003 Quando
1780 3934 1892 3988 misi
1932 3948 2018 3987 vos

442 4048 551 4099 sine
575 4045 779 4097 sacculo
807 4054 852 4096 et
879 4058 997 4111 pera
1016 4050 1063 4093 et
1090 4036 1467 4100 calceamentis,
1500 4050 1619 4087 num
1642 4030 1903 4101 quidpiam
1928 4028 2018 4081 de-

440 4138 535 4208 fuit
560 4136 743 4190 vobis?
783 4136 1021 4203 Cumque
1063 4130 1465 4199 respondissent
1514 4125 1634 4187 illi,
1682 4121 1850 4183 Nihil,
1883 4120 2018 4175 dixit

442 4232 521 4284 eis
553 4245 566 4279 τ
600 4230 704 4283 Sed
730 4245 862 4281 nunc
885 4227 970 4294 qui
1003 4226 1145 4277 habet
1184 4224 1444 4277 sacculum
1468 4262 1481 4280 .
1517 4218 1660 4272 tollat
1706 4214 1941 4270 similiter
1969 4224 2015 4266 et

440 4336 659 4390 peram:
682 4329 729 4371 et
755 4320 841 4384 qui
867 4335 965 4371 non
1015 4317 1180 4375 habet,
1210 4316 1389 4368 vendat
1433 4312 1779 4364 vestimentum
1819 4322 1966 4358 suum
1996 4321 2013 4369 ;

438 4424 483 4464 et
510 4424 638 4467 emat
663 4411 889 4482 gladium
932 4409 1076 4477 (Luc.
1101 4408 1190 4461 2‘2.
1220 4406 1287 4459 35
1320 4436 1339 4445 -
1374 4403 1484 4473 38).
1516 4402 1720 4455 Etcum
1752 4397 2020 4451 dixissent

440 4508 538 4576 illi,
567 4520 685 4562 esse
736 4506 819 4556 hic
873 4502 1078 4571 gladios
1128 4499 1281 4557 duos,
1314 4498 1445 4550 dixit
1496 4493 1621 4556 illis,
1653 4489 1868 4560 Snﬁicit.
1912 4485 2020 4540 Cur

435 4620 565 4673 ergo
598 4600 647 4656 id
701 4596 940 4667 permisit
971 4597 1113 4649 illis?
1147 4594 1213 4650 Ut
1244 4592 1397 4645 fidem
1432 4589 1538 4643 illis
1567 4587 1766 4640 faceret
1808 4595 1868 4635 se
1909 4590 2014 4633 tra-

434 4693 666 4749 dendum
700 4689 834 4744 fore.
868 4687 990 4741 Ideo
1015 4686 1148 4741 dixit
1179 4685 1306 4749 illis,
1342 4683 1490 4735 Emat
1519 4680 1789 4751 gladium;
1814 4692 1917 4730 non
1960 4685 2018 4729 ut

434 4790 795 4847 armarentur,
826 4781 996 4841 absit;
1026 4779 1118 4831 sed
1153 4786 1209 4830 ut
1236 4792 1329 4845 per
1357 4776 1458 4829 hoc
1488 4775 1844 4845 proditionem
1872 4773 2017 4826 iudi-

432 4885 607 4931 earet.
638 4875 705 4929 Et
734 4887 926 4942 quare,
960 4873 1188 4941 inquies,
1220 4885 1401 4939 peram
1436 4868 1632 4923 habere
1656 4868 1811 4938 jussit
1838 4868 1860 4918 ?
1899 4867 2014 4923 M0-

436 4973 596 5025 nebat
622 4985 716 5023 eos
770 4979 826 5022 ut
854 4968 1105 5036 deinceps
1144 4967 1333 5022 attenti
1363 4978 1542 5024 essent
1580 4979 1634 5022 et
1690 4970 2011 5040 vigilarent,

435 5076 727 5130 magnaque
763 5060 1039 5129 diligentia
1066 5070 1361 5117 uterentur.
1400 5062 1554 5117 Initio
1580 5066 1720 5119 enim
1746 5107 1760 5130 ,
1794 5076 1853 5121 ut
1905 5068 2018 5121 itii-

443 5152 663 5219 pcritos,
693 5150 856 5205 multa
883 5167 975 5205 sua
1006 5156 1197 5207 virtute
1224 5153 1438 5210 fovebat
1462 5175 1477 5221 ;
1505 5158 1697 5214 deinde
1712 5177 1839 5215 vero
1863 5162 2013 5230 quasi

442 5243 615 5311 pullos
645 5258 709 5296 ex
736 5242 860 5296 nido
883 5242 1125 5307 eductos,
1145 5244 1290 5313 jubet
1323 5249 1549 5316 propriis
1568 5250 1644 5303 uti
1667 5249 1782 5303 alis.
1815 5251 2015 5308 Deinde

441 5351 506 5390 ne
536 5345 803 5405 Putarent,
826 5349 885 5388 se
916 5351 1021 5403 prae
1051 5337 1418 5393 imbecillitate
1443 5341 1674 5395 omissos
1719 5340 1905 5407 fuisse,
1928 5344 2018 5411 ju-

438 5430 573 5484 bens
601 5429 720 5483 illos
745 5443 839 5482 sua
870 5428 1080 5495 afferre,
1113 5429 1283 5498 priora
1315 5431 1365 5483 in
1399 5444 1630 5487 mentem
1658 5444 1905 5499 revocat,
1934 5434 2017 5488 di-

436 5536 567 5575 cens
591 5540 604 5576 :
638 5521 762 5575 Cum
798 5520 911 5573 misi
934 5536 1020 5573 vos
1043 5523 1149 5574 sine
1172 5523 1394 5589 sacculo,
1428 5540 1547 5577 num
1568 5525 1828 5596 quidpiam
1856 5527 2016 5596 defuit

435 5613 616 5666 vobis?
644 5623 699 5666 ut
720 5613 969 5682 utrinque
992 5613 1129 5666 illius
1150 5615 1438 5683 potentiam
1466 5615 1787 5684 ediscerent,
1810 5627 1864 5672 et
1892 5620 2016 5687 quia

441 5705 692 5773 protexit,
721 5713 777 5760 et
805 5705 929 5775 quia
955 5720 1094 5758 nunc
1122 5705 1320 5758 sensim
1350 5706 1469 5760 illos
1495 5706 1766 5776 relinquit.
1791 5708 1895 5763 Sed
1929 5726 2018 5765 un-

434 5795 625 5850 deuatu
657 5796 725 5851 ibi
752 5795 911 5865 gladii
956 5796 1151 5850 erant?
1181 5796 1257 5849 Ex
1297 5811 1449 5852 cinna
1498 5805 1554 5852 et
1597 5814 1783 5855 mensa
1816 5808 2013 5875 egressi

2127 2435 2359 2495 fuerant.
2390 2445 2690 2509 Verisimile
2718 2466 2897 2513 autem
2926 2470 3011 2516 est
3048 2462 3118 2517 ibi
3172 2465 3376 2535 gladios
3429 2466 3593 2521 fuisse
3635 2465 3700 2519 ad

2124 2535 2412 2591 secandum
2436 2556 2630 2612 agnmn
2658 2564 2672 2611 ;
2702 2550 2823 2604 hinc
2849 2567 2969 2608 cum
2996 2556 3291 2624 audissent,
3327 2561 3498 2629 ipsum
3523 2577 3552 2614 a
3580 2563 3699 2631 qui-

2125 2624 2344 2683 lmsdam
2374 2632 2727 2696 invadendum
2754 2660 2894 2714 esse,
2928 2651 3159 2720 gladium
3181 2658 3494 2724 sumpsisse,
3526 2668 3583 2712 ut
3604 2676 3701 2730 pro

2124 2723 2385 2822 magistro
2406 2745 2727 2801 pugnarent,
2757 2739 2899 2807 quod
2930 2756 2995 2795 ex
3028 2744 3235 2799 illorum
3266 2755 3474 2804 tantum
3510 2768 3701 2823 propo-

2123 2812 2228 2865 sito
2264 2827 2312 2870 et
2348 2821 2620 2880 voluntate
2649 2827 2844 2885 factum
2873 2844 2974 2889 est.
3004 2836 3338 2907 Quapropter
3365 2812 3580 2899 Petrdm
3611 2812 3697 2900 in-

2124 2922 2307 2979 crepat
2339 2918 2479 2985 quod
2516 2920 2694 2990 gladio
2724 2940 2853 2981 usus
2882 2929 2974 2995 sit,
3003 2930 3159 3001 idque
3186 2934 3364 2989 addila
3397 2937 3696 2992 vehementi

2123 3009 2556 3095 comminatione.
2589 3016 2719 3072 Nam
2750 3034 2962 3077 servum
2987 3027 3288 3088 venientem
3309 3030 3448 3087 ultus
3475 3043 3575 3095 est,
3608 3050 3698 3088 ar-

2122 3094 2311 3152 denter
2326 3102 2561 3170 quidem,
2587 3124 2769 3164 verum
2798 3128 2904 3168 non
2939 3130 2997 3170 se
3019 3116 3328 3187 defendens,
3350 3125 3443 3180 sed
3467 3142 3562 3195 pro
3589 3144 3697 3181 nia-

2121 3189 2290 3289 gistro
2320 3210 2578 3289 pugnans.
2621 3201 2803 3273 Neque
2841 3211 3081 3276 permisit
3118 3211 3361 3269 Christus
3408 3189 3696 3289 ill-aliquod

2123 3287 2247 3344 hinc
2268 3284 2518 3349 damnum
2539 3311 2851 3367 emergeret.
2880 3302 3007 3357 Nam
3028 3311 3235 3364 sanavit
3259 3326 3492 3382 servum,
3509 3327 3560 3370 et
3581 3333 3695 3371 ma-

2121 3399 2282 3455 gnmn
2306 3388 2612 3445 miraculum
2630 3394 2813 3461 edidit,
2834 3399 2972 3464 quod
2993 3411 3170 3469 posse‘.
3181 3412 3234 3458 et
3257 3406 3627 3477 benignitatem
3647 3423 3699 3465 et

2122 3482 2413 3547 potentiam
2434 3498 2583 3537 suam
2609 3486 2929 3557 patefacere,
2954 3507 3158 3547 necnon
3187 3494 3431 3568 discipuli
3461 3518 3694 3558 amorem

2121 3570 2280 3625 simul
2302 3581 2355 3625 et
2372 3578 2827 3635 mansuetudinem
2847 3600 2858 3635 :
2881 3598 3000 3639 nam
3031 3586 3157 3642 illtid
3177 3605 3241 3644 ex
3260 3608 3438 3649 amore
3464 3634 3476 3658 ,
3500 3594 3599 3649 hoc
3627 3614 3695 3651 ex

2122 3664 2425 3722 obedientia
2467 3667 2682 3726 fecerat.
2721 3676 2851 3729 Cum
2882 3676 3296 3750 audissetenim,
3318 3684 3697 3758 Mittegladium

2122 3758 2419 3831 invaginam
2457 3782 2598 3821 suam
2617 3766 2898 3839 (JoanJS.
2934 3772 3244 3840 ll),statim
3260 3778 3696 3847 obseqnutusest,

2124 3864 2223 3908 nec
2241 3863 2416 3921 postea
2438 3856 2664 3926 idipsnm
2686 3861 2826 3917 fecit.
2846 3863 2994 3918 Alius
3008 3865 3152 3928 dicit,
3176 3868 3529 3940 interrogasse
3557 3874 3695 3938 illos,

2124 3944 2186 4000 Si
2205 3948 2506 4015 percutimus
2535 3951 2553 4019 (
2568 3949 2695 4004 Luc.
2723 3951 2812 4005 2‘2.
2836 3955 2926 4025 49)
2956 3974 2968 4010 :
2994 3957 3166 4026 ipsum
3192 3977 3322 4017 vero
3342 3964 3693 4033 prohibuisse,

2122 4047 2178 4093 et
2193 4056 2402 4096 servum
2420 4046 2706 4100 sanavisse.
2727 4048 3056 4118 Discipulum
3078 4062 3255 4109 autem
3276 4056 3583 4126 increpavit,
3605 4058 3699 4111 ad-

2122 4129 2230 4184 dita
2273 4138 2701 4200 comminatione,
2747 4148 2803 4193 ut
2845 4141 2931 4195 ille
2974 4159 3176 4199 morem
3213 4157 3423 4215 gereret
3458 4166 3471 4202 :
3509 4148 3697 4203 Omnes

2123 4223 2274 4286 enim,
2321 4224 2506 4295 inquit,
2551 4230 2639 4298 qui
2666 4231 2894 4301 gladium
2946 4235 3213 4305 accipient,
3245 4238 3417 4307 gladio
3444 4240 3692 4307 peribunt.

2123 4316 2188 4368 Et
2218 4319 2476 4372 rationem
2505 4321 2716 4388 adjecit,
2737 4322 2921 4377 dicens
2947 4344 2958 4378 :
2994 4326 3072 4379 An
3099 4328 3285 4396 putatis
3308 4330 3428 4397 quia
3451 4346 3549 4385 non
3578 4349 3695 4401 pos-

2121 4426 2232 4464 sum
2256 4429 2436 4481 rogare
2462 4412 2669 4469 Patrem
2689 4433 2875 4483 meum,
2902 4428 2949 4471 et
2975 4420 3113 4473 sistet
3143 4422 3265 4474 mihi
3281 4422 3543 4493 plusquam
3564 4426 3695 4478 duo-

2123 4505 2283 4557 decim
2312 4506 2529 4577 legiones
2556 4510 2893 4581 angelorum?
2928 4512 3035 4566 Sed
3065 4515 3314 4583 quomodo
3356 4517 3697 4587 implebuntur

2125 4596 2409 4667 Scriptura:
2428 4600 2453 4652 ?
2478 4599 2568 4653 His
2600 4601 2858 4656 fervorem
2888 4619 3072 4658 eorum
3106 4607 3387 4671 restinxit,
3433 4610 3694 4664 ostendit—

2123 4709 2227 4762 que
2276 4696 2326 4748 id
2381 4697 2432 4750 in
2464 4698 2751 4768 Scripturis
2780 4702 2981 4756 haberi.
3012 4703 3136 4758 ldeo
3167 4706 3311 4773 prius
3355 4706 3693 4775 precabatur,

2124 4796 2181 4839 ut
2210 4788 2350 4855 quod
2390 4790 2732 4860 contingebat
2771 4794 2883 4847 initi
2924 4798 3103 4850 animo
3152 4796 3369 4859 ferrent,
3418 4810 3696 4870 postquam

2120 4880 2401 4934 audierant
2444 4882 2494 4937 id
2551 4885 2839 4939 secundum
2875 4889 3195 4944 voluntatem
3228 4891 3317 4946 Dei
3363 4891 3497 4947 ﬁeri.
3528 4893 3595 4947 Et
3617 4893 3701 4948 his

2122 4971 2331 5027 duobus
2377 4974 2498 5029 illos
2527 4978 2835 5032 consolatus
2866 4988 2969 5043 est,
3018 4997 3083 5035 ex
3130 4984 3389 5053 supplicio
3440 4986 3694 5039 insidian-

2124 5066 2251 5118 tium
2286 5085 2297 5119 :
2326 5083 2446 5120 nam
2476 5070 2569 5135 ait,
2619 5069 2804 5124 Omnes
2843 5074 2928 5141 qui
2954 5074 3178 5143 gladium
3227 5077 3496 5144 accipient,
3527 5078 3698 5148 gladio

2123 5160 2387 5226 peribunt;
2417 5169 2471 5215 et
2496 5178 2559 5215 ex
2588 5178 2652 5217 eo
2673 5163 2813 5232 quod
2838 5182 2939 5219 non
2971 5166 3236 5223 illibenter
3258 5169 3369 5224 lucc
3388 5180 3656 5239 pateretur
3681 5189 3694 5222 :

2122 5252 2349 5308 Pessum
2381 5256 2545 5317 enim,
2596 5256 2783 5326 inquit,
2823 5274 3010 5328 rogare
3040 5259 3270 5314 Patrem.
3329 5262 3397 5315 Et
3446 5277 3541 5316 cur
3592 5280 3695 5316 non

2120 5343 2273 5403 dixit.
2299 5349 2377 5398 An
2407 5348 2602 5414 putatis
2629 5349 2768 5417 quod
2798 5366 2902 5403 non
2933 5352 3129 5419 possim
3168 5368 3269 5422 ego
3297 5355 3416 5409 illos
3438 5355 3696 5424 perdere?

2120 5437 2255 5502 Quia
2287 5438 2388 5491 lide
2406 5440 2613 5508 dignior
2635 5441 2913 5496 videbatur
2934 5458 3052 5497 esse
3078 5445 3155 5497 sic
3172 5445 3393 5513 loquens
3420 5465 3433 5500 :
3462 5445 3692 5502 nondum

2121 5532 2263 5585 enim
2292 5541 2349 5586 ut
2389 5548 2482 5600 par
2510 5542 2625 5587 erat
2648 5533 2717 5588 de
2765 5535 2859 5588 illo
2910 5537 3211 5590 sentiebant
3240 5554 3252 5589 :
3281 5549 3334 5591 et
3373 5539 3533 5608 paulo
3573 5549 3689 5593 ante

2121 5623 2327 5677 dixerat
2361 5645 2372 5677 :
2409 5624 2585 5678 Tristis
2620 5634 2692 5678 est
2716 5627 2887 5678 anima
2932 5644 3043 5679 mea
3081 5644 3237 5698 usque
3260 5629 3328 5682 ad
3346 5641 3588 5695 mortem;
3618 5640 3690 5694 et,

2123 5717 2299 5783 Pater,
2331 5728 2553 5770 transeat
2596 5734 2627 5769 a
2657 5734 2736 5770 me
2775 5720 2912 5773 calix
2942 5720 3033 5773 iste
3058 5736 3075 5783 ;
3102 5720 3166 5773 ad
3200 5721 3312 5775 luec
3332 5721 3382 5774 in
3410 5736 3605 5801 angore
3644 5733 3696 5776 et

2120 5807 2315 5863 sudore
2344 5810 2487 5864 visus
2514 5819 2615 5871 est,
2652 5819 2810 5878 atque
2854 5811 2920 5866 ab
2948 5812 3147 5881 angelis
3185 5811 3532 5867 confortatus.
3562 5813 3700 5893 Quia
