4104 6380
411 361 515 422 753

412 481 573 551 igitur
627 477 792 532 multa
841 473 1155 529 humanitati
1207 475 1564 542 competentia
1616 473 1833 532 fecerat,
1885 486 1989 525 non

409 572 768 627 verisimiliter
801 570 878 623 sic
910 568 1335 638 loquipotnisset
1360 610 1374 631 ,
1419 570 1497 620 An
1533 566 1724 634 putatis
1771 581 1855 620 me
1883 581 1990 619 non

413 679 573 735 posse
618 663 738 719 illos
768 662 1029 733 perdere?
1077 662 1201 716 Ideo
1231 661 1401 716 dicit:
1444 662 1522 714 Au
1560 661 1745 731 putatis
1769 677 1847 714 me
1888 675 1989 712 non

409 773 555 827 posse
583 770 724 810 nunc
752 772 931 826 rogare
964 754 1170 809 Patrem
1202 755 1409 809 meum?
1440 755 1507 808 Et
1549 754 1648 808 huc
1676 755 1848 820 ipsum
1873 769 1993 806 rur-

407 862 500 904 sus
543 847 815 901 humiliter
843 845 1048 918 profert
1091 846 1275 900 dicens
1325 845 1523 902 :Sistet
1556 846 1682 898 mihi
1725 845 1989 897 duodecim

404 941 625 1011 legiones
678 939 996 1010 angelorum.
1038 939 1171 994 Nam
1223 939 1266 994 si
1321 954 1457 993 unus
1509 939 1728 1008 angelus
1772 947 1987 992 centum

405 1031 674 1100 octoginta
699 1030 934 1100 quinque
961 1030 1124 1084 millia
1171 1029 1447 1084 hominum
1494 1039 1816 1084 armatorum
1845 1028 1988 1082 occi-

403 1123 484 1178 dit
508 1122 588 1193 (4.
621 1121 750 1194 Reg.
779 1123 866 1178 19.
898 1123 1023 1193 55),
1054 1139 1120 1177 an
1148 1122 1424 1178 duodecim
1454 1122 1690 1193 legiones
1711 1122 1989 1191 oportebat

403 1225 593 1270 contra
643 1214 792 1269 mille
865 1213 1148 1268 homines?
1196 1214 1312 1269 Non
1369 1215 1570 1285 utique.
1638 1213 1744 1268 Sed
1795 1229 1988 1268 secun-

402 1307 527 1360 dum
554 1314 755 1360 metum
797 1315 852 1360 et
897 1304 1256 1360 infirmitatem
1289 1321 1476 1360 eorum
1507 1321 1811 1360 sermonem
1847 1317 1980 1360 tem-

405 1403 552 1466 perat
581 1413 594 1450 :
627 1411 750 1450 nam
810 1397 1000 1450 timore
1041 1397 1268 1451 emortui
1312 1406 1482 1450 erant.
1522 1395 1643 1452 Ideo
1683 1397 1984 1464 Scripturas

403 1487 464 1540 ad
496 1485 800 1541 firmitatem
821 1485 978 1541 affert
1010 1485 1192 1541 dicens
1227 1505 1238 1540 :
1284 1485 1548 1551 Quomodo
1579 1504 1696 1558 ergo
1726 1488 1983 1558 implean-

405 1588 483 1636 tur
504 1579 827 1650 Scriptum?
857 1579 983 1635 hinc
1007 1581 1285 1635 deterrcns
1315 1595 1428 1635 eos.
1459 1580 1590 1634 Nam
1618 1581 1663 1635 si
1693 1580 1984 1650 Scripturis

408 1670 474 1724 ita
505 1669 750 1735 videtur,
779 1687 876 1725 cur
901 1685 996 1725 vos
1023 1680 1206 1726 contra
1236 1671 1522 1741 pugnatis?

466 1762 520 1818 2.
548 1762 672 1818 ΙΙειιο
691 1763 987 1833 discipulis,
1012 1764 1118 1818 illis
1138 1775 1310 1818 antem
1335 1765 1412 1818 sic
1440 1764 1670 1835 loquitur
1692 1783 1705 1817 :
1735 1765 1820 1821 5'5.
1843 1765 1984 1819 Tau-

400 1871 548 1925 quam
577 1854 646 1908 ad
672 1853 918 1909 latronem
946 1856 1115 1910 existis
1141 1874 1254 1910 cum
1301 1857 1485 1927 gladiis
1513 1867 1560 1910 et
1603 1858 1818 1928 fustibus
1842 1876 1980 1912 com-

399 1947 708 2016 prehendere
727 1963 841 2002 me:
866 1949 1086 2016 quotidie
1119 1948 1171 2000 in
1209 1948 1393 2016 templo
1423 1947 1652 2002 sedebam
1675 1950 1887 2014 docens,
1935 1959 1981 2004 et

394 2053 496 2091 non
535 2053 614 2091 me
638 2038 887 2092 tenuistis.
917 2037 1044 2092 Vide
1069 2048 1264 2107 quanta
1286 2038 1443 2092 faciat
1469 2055 1588 2109 qua:
1617 2041 1822 2108 possint
1859 2041 1980 2096 illos

393 2130 621 2199 erigere.
645 2127 875 2196 Supinos
899 2128 1141 2198 projecit,
1165 2144 1350 2183 aurem
1380 2131 1518 2184 servi
1548 2131 1768 2194 curavit,
1794 2146 1979 2186 necem

395 2218 500 2272 illis
520 2219 876 2273 comminatus
896 2228 978 2274 est
1003 2238 1016 2273 :
1041 2218 1224 2273 Gladio
1255 2220 1506 2287 peribunt,
1539 2221 1724 2289 inquit,
1757 2224 1841 2292 qui
1869 2223 1982 2291 gla-

393 2314 533 2366 dium
552 2313 830 2383 accipient;
859 2313 998 2383 quod
1016 2314 1082 2367 ab
1098 2314 1331 2368 auricula
1357 2315 1596 2369 restituta
1622 2316 1975 2380 confirmavit,

393 2406 689 2476 undique,a
708 2407 1076 2476 priesentibus,
1108 2422 1134 2460 a
1169 2405 1378 2472 futuris,
1399 2408 1690 2476 potentiam
1717 2409 1977 2465 exhibens

391 2511 541 2551 suam
563 2538 577 2562 ,
609 2505 667 2552 ut
710 2497 956 2552 ostendat
996 2511 1100 2552 non
1153 2497 1364 2551 illorum
1397 2498 1719 2553 fortitudinis
1764 2501 1814 2554 id
1842 2517 1976 2571 Opus

391 2601 510 2642 esse
533 2587 672 2656 quod
703 2587 847 2641 illum
873 2589 1131 2658 ceperint.
1158 2587 1279 2644 Ideo
1325 2589 1554 2658 subjexit
1584 2609 1595 2643 :
1629 2592 1862 2659 Quotidie
1886 2610 1975 2647 vo-

391 2680 580 2734 biscum
616 2697 756 2734 eram
794 2691 840 2736 et
865 2681 1098 2736 sedebam
1124 2681 1340 2746 docens,
1385 2693 1430 2736 et
1460 2701 1561 2737 non
1604 2702 1682 2740 me
1708 2688 1974 2752 tenuistis;

393 2771 516 2825 hinc
554 2773 712 2826 etiam
747 2773 1034 2828 ostendens
1058 2775 1405 2843 permissione
1435 2792 1528 2830 sna
1560 2775 1892 2835 factumesse
1920 2791 1975 2835 ut

390 2874 690 2934 caperetur.
714 2865 978 2920 Miraculis
1007 2875 1184 2921 autem
1217 2869 1606 2936 praitermissis,
1638 2869 1704 2924 de
1731 2871 1972 2927 doctrina

393 2955 644 3025 loquitur,
683 2971 750 3011 ne
771 2957 974 3025 jactare
1002 2973 1061 3012 se
1091 2958 1376 3012 videretur.
1409 2959 1538 3012 Cum
1566 2960 1836 3024 docerem,
1866 2981 1970 3018 non

392 3049 632 3104 tenuistis
661 3064 770 3113 me;
794 3050 1036 3104 silentem
1061 3051 1296 3120 aggressi
1321 3052 1470 3115 estis;
1501 3052 1551 3104 in
1577 3054 1774 3123 templo
1800 3070 1968 3122 eram,

389 3148 444 3194 et
468 3154 625 3194 nemo
653 3139 861 3208 invasit_
888 3154 1010 3194 me:
1047 3154 1185 3194 nunc
1207 3151 1382 3193 autent
1414 3141 1727 3210 intempesta
1757 3141 1886 3198 hora
1918 3154 1973 3199 et

389 3231 562 3286 media
591 3241 746 3287 nocte
775 3231 975 3285 irruitis
998 3246 1116 3284 cmn
1148 3230 1336 3300 gladiis
1363 3240 1416 3286 et
1443 3230 1708 3286 fustibus?
1735 3233 1871 3300 Quid
1909 3235 1994 3290 il-'

389 3326 454 3382 lis
482 3341 618 3396 opus
642 3334 756 3381 erat
780 3325 944 3380 armis
980 3324 1236 3379 adversus
1256 3341 1377 3379 eum
1408 3327 1498 3395 qui
1527 3326 1796 3381 vobiscum
1828 3341 1969 3382 sem-

387 3434 483 3487 per
505 3417 654 3473 erat?
680 3418 762 3472 his
789 3416 1007 3482 docens,
1033 3417 1130 3470 nisi
1161 3431 1218 3472 se
1244 3428 1432 3487 sponte
1464 3419 1787 3484 tradidisset,
1817 3435 1971 3473 num-

385 3526 542 3579 quam
563 3510 800 3581 potuisse
828 3511 966 3580 capi.
992 3510 1172 3579 Neque
1192 3511 1331 3564 enim
1363 3511 1414 3576 ii,
1443 3513 1532 3580 qui
1558 3514 1702 3567 illum
1720 3531 1836 3582 pra:
1857 3530 1970 3568 ma-

387 3601 542 3659 nibus
590 3612 644 3657 et
694 3603 747 3658 in
790 3605 966 3659 ntcdio
1018 3606 1307 3670 habentes,
1353 3606 1808 3675 comprehendere
1861 3624 1966 3662 non

386 3703 687 3762 pomerant,
713 3704 836 3749 tunc
863 3696 1175 3764 potuissent,
1199 3697 1296 3750 nisi
1331 3699 1442 3766 ipse
1468 3697 1736 3752 voluisset.
1771 3698 1968 3753 Deinde

383 3786 781 3856 ambiguitatem
817 3787 993 3854 solvit,
1025 3803 1119 3842 cur
1153 3789 1202 3842 id
1225 3789 1470 3844 voluerit.
1504 3790 1589 3844 56.
1624 3789 1737 3842 Hoc
1775 3794 1966 3861 factum

381 3887 477 3942 est,
510 3878 698 3948 inquit,
718 3887 776 3932 ut
799 3879 1126 3950 implerentur
1148 3880 1434 3949 Scriptura:
1463 3885 1842 3948 prophetarum.
1875 3881 1964 3935 Vi-

381 3970 558 4025 distin’
588 3971 855 4042 quomodo
898 3988 1063 4042 usque
1110 3973 1174 4027 ad
1213 3975 1453 4028 ultimam
1486 3974 1669 4028 horam
1698 4017 1712 4036 .
1745 3990 1807 4028 ac
1833 3990 1953 4030 cum

383 4063 496 4132 ipse
524 4062 839 4128 traderetur,
865 4065 1042 4119 omnia
1066 4063 1267 4120 faceret
1302 4065 1366 4119 ad
1397 4066 1604 4119 illorum
1633 4066 1964 4119 emendatio-

383 4170 525 4221 nem,
550 4169 764 4222 sanans,
792 4155 1195 4225 prophetizans,
1226 4157 1397 4211 minas
1424 4158 1690 4210 intentans
1721 4157 1817 4226 (In
1846 4160 1960 4228 gla-

379 4245 503 4310 dio,
551 4245 755 4318 inquit,
797 4246 1093 4319 peribunt);
1135 4248 1424 4302 ostendens
1468 4264 1529 4304 se
1577 4249 1799 4303 libenter
1854 4249 1960 4319 pati

379 4335 673 4405 (Quotidie,
703 4336 894 4407 inquit,
916 4339 1168 4392 vobiscum
1203 4356 1337 4393 eram
1377 4340 1616 4406 docens),
1649 4356 1798 4394 suam
1838 4357 1957 4395 cum

382 4425 539 4481 l’atre
557 4427 896 4481 concordiam
919 4428 1226 4497 ostendens,
1250 4428 1314 4484 Ut
1336 4431 1658 4495 implerentur
1679 4432 1961 4502 Scriptura:

377 4521 778 4588 prophetarum?
805 4519 913 4575 Cur
936 4532 1111 4578 autem
1143 4539 1247 4576 non
1279 4524 1424 4577 illum
1461 4525 1510 4577 in
1541 4527 1738 4595 templo
1765 4534 1956 4580 tenue-

376 4611 542 4664 runt?
571 4611 701 4680 Quia
744 4612 812 4666 ibi
857 4628 961 4666 non
1000 4614 1115 4668 ausi
1144 4614 1365 4668 fuissent
1396 4625 1612 4685 propter
1640 4616 1840 4672 turbas.
1873 4616 1957 4672 ld-

375 4703 520 4756 circo
554 4703 696 4757 foras
727 4705 910 4770 exivit,
952 4716 1006 4760 et
1045 4721 1076 4760 a
1109 4707 1224 4760 loco
1253 4717 1306 4761 et
1331 4723 1360 4762 a
1393 4717 1632 4778 tempore
1658 4710 1954 4766 libertatem

375 4795 503 4862 ipsis
527 4809 738 4863 parans,
761 4805 816 4851 et
842 4811 1008 4866 usque
1026 4798 1091 4852 ad
1112 4808 1406 4854 extremam
1427 4799 1609 4854 horam
1636 4802 1762 4871 ipsis
1788 4819 1952 4858 exeu-

373 4887 632 4941 sationem
665 4889 975 4958 praecidens.
997 4889 1126 4945 Nam
1150 4892 1237 4961 qui
1267 4907 1325 4947 se
1349 4893 1564 4947 tradidit
1593 4904 1649 4948 ut
1679 4895 1952 4964 prophetis

371 4978 793 5051 obtemperaret,
847 4982 1113 5052 quomodo
1158 4983 1421 5038 contraria
1462 4984 1766 5047 docuisset?
1813 4987 1952 5040 Tunc

370 5086 543 5124 omnes
569 5070 842 5142 discipuli,
891 5073 980 5126 illo
1025 5073 1230 5128 dimisso
1251 5117 1266 5142 ,
1299 5078 1553 5146 fugerunt.
1597 5077 1729 5131 Cum
1765 5089 1951 5148 captus

371 5162 496 5227 fuit,
527 5172 868 5228 manserunt;
897 5179 1017 5218 cum
1045 5176 1220 5220 autem
1251 5166 1364 5220 base
1387 5167 1452 5221 ad
1484 5169 1662 5222 turbas
1703 5169 1948 5238 loquutus

368 5262 530 5316 esset,
558 5252 824 5324 fugerunt.
859 5253 1115 5310 Viderunt
1136 5257 1274 5310 enim
1305 5258 1516 5312 demum
1549 5276 1651 5313 non
1685 5261 1818 5315 ultra
1848 5263 1945 5332 ipsi

370 5344 601 5414 fugiendi
631 5346 935 5401 facultatem
973 5346 1107 5414 fore,
1149 5364 1268 5402 cum
1300 5365 1358 5405 se
1382 5351 1494 5420 ipse
1524 5351 1752 5407 libenter
1781 5356 1944 5408 tradi-

367 5434 533 5490 disset
559 5437 682 5503 illis,
725 5447 781 5492 et
809 5438 1009 5493 diceret
1040 5439 1140 5493 hoc
1168 5440 1456 5495 secundum
1480 5441 1783 5511 Scripturas
1808 5445 1940 5498 fieri.

365 5526 495 5580 Cum
524 5527 851 5598 aufugissent
880 5530 990 5597 illi,
1036 5529 1236 5586 ducunt
1261 5548 1381 5587 eum
1421 5533 1486 5587 ad
1513 5534 1800 5602 Caipham;
1851 5536 1939 5591 58.

368 5614 547 5672 Petrus
570 5630 735 5674 autem
764 5631 998 5688 sequutus
1020 5631 1066 5674 et
1085 5623 1339 5694 ingressus
1367 5633 1457 5689 est,
1489 5634 1541 5677 ut
1563 5625 1745 5678 videret
1766 5627 1937 5694 ﬁnem.

367 5709 554 5779 Ingens
578 5712 820 5782 discipuli
859 5713 1075 5780 fervor;
1119 5730 1238 5769 cum
1277 5715 1538 5784 fugientes
1577 5718 1798 5781 videret,
1833 5735 1937 5772 non

367 5803 514 5873 f'ugit,
547 5804 639 5859 sed
669 5807 811 5862 stetit.
839 5817 893 5862 et
933 5821 1051 5861 cum
1085 5807 1188 5862 illis
1214 5809 1470 5865 introivit.
1499 5807 1633 5864 Nam
1653 5811 1750 5867 etsi
1776 5811 1938 5867 Joan-

1260 361 1324 415 lN
1369 358 1775 416 MATTHIEUM
1818 355 2042 411 llOMlL.
2088 356 2372 412 LXXXIV.
2416 362 2466 416 al
2532 361 2790 417 LXXXV.

3577 376 3684 432 754

2104 486 2198 526 nes
2225 473 2242 542 (
2269 471 2400 544 Cap.
2430 475 2516 529 18.
2552 477 2658 548 15)
2688 493 2896 548 quoque
2919 479 3021 536 hoc
3042 481 3256 550 fecerat,
3277 485 3371 541 sed
3393 496 3549 544 notus
3569 502 3686 545 erat

2099 565 2356 632 pontifici.
2387 564 2454 619 Et
2479 581 2576 620 cur
2615 584 2737 623 enm
2767 569 2858 624 illo
2883 571 3237 642 adduxerunt,
3268 577 3356 632 ubi
3383 587 3536 633 erant
3563 595 3682 635 om-

2099 671 2196 710 nes
2217 661 2520 728 congregati
2544 660 2566 712 ?
2593 660 2660 716 Ut
2689 664 2866 718 omnia
2892 680 2957 720 ex
2990 668 3294 735 pontificum
3316 675 3577 727 sententia
3599 675 3676 730 {av

2095 760 2302 805 cerent.
2345 750 2439 808 Ille
2469 769 2698 825 namque
2730 767 2853 812 tunc
2883 769 2998 813 erat
3025 775 3267 820 summus
3311 766 3582 832 sacerdos,
3629 778 3684 824 ct

2093 831 2282 896 omnes
2310 843 2415 898 illic
2434 847 2722 901 manebant
2751 866 2764 900 :
2797 849 2874 903 sic
2897 853 3284 919 pernoctabant
3308 865 3361 910 et
3392 857 3679 927 vigilabant

2096 949 2192 1002 pro
2219 949 2276 988 re
2309 935 2413 990 illa.
2447 936 2562 991 Non
2589 939 2739 998 enim.
2775 943 2969 1011 pascha
3015 954 3137 998 tunc
3185 947 3562 1014 comederant,
3599 950 3678 1004 in-

2093 1027 2229 1093 quit,
2263 1026 2357 1080 sed
2381 1043 2440 1081 ea
2469 1028 2535 1082 de
2579 1044 2737 1086 causa
2772 1033 3078 1098 vigilabant.
3100 1034 3230 1090 Cum
3253 1037 3472 1093 dixisset
3499 1041 3641 1094 enim
3662 1083 3675 1104 ,

2097 1115 2252 1170 Mane
2295 1117 2450 1184 facto,
2479 1119 2711 1175 Joannes
2755 1123 2957 1178 addidit
2984 1139 3000 1179 :
3031 1125 3150 1180 Non
3179 1126 3431 1182 intrarunt
3461 1131 3512 1184 in
3541 1149 3677 1201 prte-

2092 1207 2308 1275 torium,
2336 1219 2391 1262 ut
2435 1227 2534 1264 non
2583 1216 3043 1270 contaminarentur
3065 1256 3080 1280 ,
3108 1221 3197 1271 sed
3227 1231 3281 1271 ut
3321 1222 3681 1276 manducarent

2092 1297 2281 1366 pascha
2306 1297 2482 1368 (Joan.
2515 1301 2602 1356 18.
2621 1302 2734 1372 28).
2755 1303 2892 1369 Quid
2922 1321 3048 1375 ergo
3077 1307 3359 1363 dicendum
3383 1320 3462 1365 est
3481 1312 3506 1364 ?
3533 1312 3680 1382 Ipsos

2089 1389 2252 1444 altera
2280 1389 2368 1444 die
2395 1392 2695 1447 comedisse
2714 1436 2728 1459 ,
2762 1404 2816 1448 et
2853 1397 2922 1450 ob
2972 1397 3117 1452 net-is
3148 1399 3303 1468 hujus
3332 1402 3673 1472 cupiditaten'

2092 1482 2259 1552 legem
2290 1484 2538 1540 violasse.
2573 1486 2760 1560 Neque
2783 1489 2925 1542 enim
2955 1489 3197 1545 Christus
3225 1501 3432 1562 tempus
3465 1496 3673 1564 pascha:

2091 1584 2453 1646 transgressus
2481 1589 2591 1645 est;
2639 1579 2732 1636 sed
2767 1581 2840 1636 illi
2891 1583 3019 1636 nihil
3062 1600 3164 1638 non
3195 1588 3330 1650 ausi,
3377 1589 3674 1658 multasque

2089 1666 2234 1738 leges
2261 1669 2544 1731 violantes.
2579 1671 2703 1740 quia
2739 1688 2932 1744 magno
2973 1675 3150 1730 furore
3177 1678 3452 1740 ardebant,
3479 1690 3672 1735 etcum

2086 1774 2229 1827 szepe
2258 1760 2501 1816 occidere
2530 1763 2896 1828 tenuit-issent,
2931 1781 3036 1820 non
3079 1780 3389 1836 potuerant;
3427 1781 3550 1826 tunc
3579 1790 3677 1826 au-

2087 1860 2192 1903 tem
2216 1852 2384 1920 ipsum
2410 1853 2678 1919 insperato
2701 1867 2909 1925 captum
2939 1867 3180 1914 tenentes
3199 1901 3212 1922 ,
3245 1862 3546 1916 maluerunt
3576 1881 3666 1931 pa-

2085 1942 2210 1995 seha
2245 1945 2606 1999 transmittere
2629 1987 2645 2013 ,
2691 1939 2748 2000 ut
2777 1962 2929 2002 suum
2961 1951 3234 2018 explerent
3274 1956 3668 2022 sanguinarium

2084 2037 2341 2089 animum.
2365 2037 2655 2106 Propterea
2685 2042 2990 2111 Congrcgati
3035 2055 3158 2097 Sunt
3199 2059 3386 2099 omnes
3412 2055 3466 2099 et
3492 2050 3670 2101 conci-

2087 2126 2212 2179 lium
2241 2138 2353 2181 erat
2380 2129 2771 2197 pestilentium,
2803 2146 2864 2184 ac
2902 2132 3183 2201 quemdam
3217 2137 3580 2206 interrogant.
3614 2149 3670 2194 ιιι

2083 2220 2310 2286 aliquam
2333 2219 2516 2288 judicii
2551 2220 2772 2275 formam
2800 2223 3004 2277 lnSitiflS
3033 2226 3141 2277 suis
3162 2227 3528 2283 conciliarent.
3564 2229 3668 2282 Ne-

2081 2329 2175 2372 que
2199 2313 2339 2364 enim
2363 2322 2526 2376 erant,
2560 2313 2748 2382 inquit,
2779 2316 3120 2368 conuenientia
3147 2318 3428 2372 testimonia
3458 2321 3474 2386 (
3500 2319 3662 2374 Marc.

2083 2404 2168 2457 M.
2200 2403 2322 2473 58);
2372 2405 2443 2457 ita
2473 2405 2651 2457 fictum
2674 2405 3095 2475 eratjudieium,
3127 2411 3408 2480 omniaque
3441 2413 3664 2465 tumultu

2080 2497 2256 2565 plena.
2300 2495 2388 2550 61.
2429 2494 2688 2550 Venientes
2723 2508 2888 2551 autem
2927 2499 3045 2567 falsi
3075 2510 3220 2556 testes
3249 2503 3478 2556 dicebant
3510 2519 3528 2558 :
3557 2503 3665 2558 Iste

2079 2587 2230 2650 dixit,
2256 2585 2467 2640 Soluam
2497 2590 2739 2655 templum
2765 2589 2879 2654 hoc,
2903 2600 2949 2643 et
2978 2591 3030 2643 in
3058 2591 3216 2646 tribus
3241 2592 3416 2647 diebus
3435 2595 3663 2648 excitabo

2070 2685 2202 2738 illud
2239 2683 2406 2753 (Ibid.
2445 2702 2490 2737 υ.
2521 2684 2607 2737 57.
2636 2680 2748 2744 58)-
2789 2686 3007 2740 Dixerat
3052 2689 3327 2756 equidem,
3368 2689 3430 2740 In
3485 2692 3652 2743 tribus

2072 2777 2260 2830 diebus
2281 2776 2550 2850 [excitabo
2607 2771 2922 2845 illud];sed
2976 2792 3084 2830 non
3142 2779 3374 2837 ιΙῘΧΕΓ-ιι,
3412 2781 3650 2844 b'olvam,

2076 2868 2170 2923 sed
2203 2866 2404 2922 Solvite
2439 2866 2638 2937 (Joan.
2675 2870 2731 2921 ‘2.
2777 2868 2842 2922 i9
2872 2877 2930 2938 );
2971 2884 3148 2937 neque
3178 2871 3280 2922 hoc
3307 2871 3372 2922 de
3398 2870 3488 2922 illo
3516 2881 3656 2924 lt‘lll-

2072 2961 2184 3031 plo,
2227 2960 2322 3015 sed
2375 2960 2442 3014 de
2469 2974 2698 3028 corpore
2725 2974 2826 3014 suo
2862 2961 3100 3014 dicebat.
3137 2961 3274 3026 Quid
3312 2960 3478 3029 igitur
3501 2980 3655 3016 sutu-

2075 3069 2198 3108 mus
2249 3052 2540 3122 pontifex?
2579 3053 2648 3106 Ut
2692 3068 2816 3106 eum
2865 3051 2932 3105 ad
2967 3055 3377 3121 responsionem
3403 3067 3646 3124 cogeret,

2073 3154 2129 3198 et
2151 3161 2216 3198 ex
2280 3145 2462 3199 verbis
2511 3144 2624 3198 suis
2673 3153 2892 3212 caperet
2956 3145 3128 3206 illum,
3192 3146 3324 3198 dicit
3358 3163 3370 3197 :
3403 3146 3490 3199 (ιὲ.
3528 3146 3649 3200 Non

2083 3235 2239 3288 audis
2301 3235 2426 3302 quid
2464 3235 2552 3287 isti
2586 3243 2852 3286 testantur
2889 3234 3166 3286 adversum
3225 3244 3271 3284 te
3293 3236 3318 3288 ἵ
3345 3233 3447 3287 Ille
3473 3245 3649 3292 autem

2077 3326 2304 3380 tacebat.
2334 3325 2551 3380 Inutilis
2584 3326 2728 3378 enim
2783 3324 3070 3394 responsio
3112 3323 3290 3378 futura
3347 3328 3656 3385 erat,nu|lo

2072 3417 2340 3472 audiente.
2384 3414 2575 3485 Figura
2608 3414 2805 3484 quippe
2836 3414 3111 3468 dumtaxat
3151 3413 3334 3482 judicii
3367 3424 3522 3478 erat;
3557 3414 3652 3468 sed

2073 3525 2256 3563 revera
2283 3509 2546 3563 latronum
2579 3507 2828 3576 impetus,
2858 3507 2946 3575 qui
2974 3506 3102 3560 etin
3127 3516 3282 3560 antro
3302 3515 3356 3560 et
3384 3506 3434 3560 in
3467 3507 3548 3559 via
3578 3507 3654 3559 ir-

2070 3609 2336 3670 rumpant.
2371 3599 2492 3652 ldeo
2531 3599 2772 3661 tacebat,
2818 3598 3053 3666 pontifex
3103 3613 3227 3651 vero
3280 3597 3656 3666 perseverabat

2069 3693 2253 3746 dicens
2281 3709 2295 3745 :
2321 3692 2407 3747 65.
2433 3692 2631 3758 Adiuro
2657 3703 2703 3744 te
2731 3708 2819 3762 per
2841 3689 3003 3742 Deum
3030 3692 3214 3751 vivum,
3241 3700 3292 3742 ut
3321 3690 3464 3744 nobis
3490 3691 3650 3756 dicas,

2069 3788 2110 3838 si
2155 3795 2206 3837 tu
2234 3802 2284 3838 es
2315 3783 2543 3838 Christus
2575 3782 2743 3836 Filius
2775 3781 2872 3835 Dei
2898 3783 3011 3834 vivi.
3044 3782 3110 3836 64
3165 3779 3188 3832 1
3195 3799 3282 3851 pse
3309 3798 3421 3835 vero
3437 3799 3652 3852 respon-

2067 3877 2176 3939 dit,
2218 3875 2294 3928 Tu
2323 3875 2516 3929 dixisti.
2562 3873 2913 3927 Verumtamen
2951 3875 3063 3926 dico
3099 3874 3255 3938 vobis,
3299 3875 3482 3927 amodo
3512 3877 3651 3929 vide-

2069 3970 2181 4023 bitis
2209 3968 2400 4022 Filium
2430 3968 2647 4021 hominis
2673 3970 2924 4022 sedentem
2952 3987 2983 4018 a
3011 3969 3202 4022 dextris
3226 3969 3419 4022 virtutis
3443 4012 3458 4034 ,
3489 3980 3533 4022 et
3570 3987 3651 4023 ve—

2066 4061 2280 4112 nientem
2301 4061 2351 4112 in
2379 4060 2591 4113 nubibus
2615 4058 2744 4112 C(Bli.
2787 4060 2876 4114 65.
2905 4058 3045 4112 Tunc
3072 4060 3305 4129 princeps
3335 4061 3648 4114 sacerdotum

2063 4154 2212 4206 scidit
2236 4154 2522 4207 vestimenta
2547 4170 2661 4217 sua,
2693 4152 2899 4207 dicens:
2921 4149 3316 4221 Blasphemavit.
3343 4153 3454 4207 Hoc
3491 4169 3649 4222 porro

2067 4245 2209 4302 fecit.
2244 4254 2298 4298 nt
2323 4245 2522 4299 crimen
2545 4245 2759 4314 gravius
2785 4243 3041 4306 efﬁceret,
3065 4255 3118 4298 et
3141 4261 3204 4299 ex
3239 4261 3292 4297 re
3317 4256 3464 4313 gesta
3487 4245 3647 4299 verba

2066 4340 2319 4390 firmaret.
2352 4336 2482 4404 Quia
2506 4339 2647 4390 enim
2677 4337 2874 4390 dictum
2930 4335 3054 4390 illud
3100 4347 3300 4389 metum
3349 4337 3646 4391 incusserat

2061 4429 2414 4495 auditoribus,
2449 4429 2497 4482 id
2524 4427 2666 4498 quod
2698 4429 2748 4481 in
2781 4427 3052 4496 Stephano
3090 4429 3349 4496 fecerunt,
3376 4442 3532 4482 aures
3553 4428 3647 4481 ob-

2061 4529 2352 4584 struentes,
2383 4521 2459 4574 sic
2490 4519 2667 4574 ethoc
2692 4520 2807 4574 loco
2835 4521 2945 4575 ille.

2133 4614 2185 4668 5.
2229 4613 2334 4668 Sed
2365 4629 2608 4682 quaenam
2653 4621 2769 4668 erat
2796 4613 2911 4668 hmo
2941 4613 3313 4682 hlaSphemia?
3359 4614 3488 4669 Nam
3519 4625 3642 4670 ante

2059 4704 2396 4774 congregatis
2422 4705 2526 4758 illis
2545 4705 2754 4759 dixerat
2781 4721 2797 4759 :
2832 4703 2974 4762 Dixit
3001 4704 3246 4759 Dominus
3268 4705 3488 4761 Domino
3512 4726 3640 4772 ntro,

2059 4799 2194 4855 Sede
2214 4816 2245 4851 a
2275 4799 2466 4852 dextris
2487 4815 2630 4862 mets,
2655 4799 2816 4851 donec
2846 4814 3030 4867 ponam
3057 4799 3288 4852 inimicos
3309 4809 3422 4853 tuos
3448 4801 3637 4854 scabt'l‘

2057 4894 2163 4946 lum
2201 4893 2384 4961 pedum
2407 4902 2607 4944 tuorum
2635 4890 2848 4957 (Matth.
2873 4889 2962 4942 22.
2995 4891 3096 4954 44;
3129 4890 3268 4944 I’sal.
3303 4891 3422 4946 109.
3452 4894 3536 4962 1):
3562 4895 3641 4945 di-

2055 4995 2306 5052 ctumque
2336 4983 2712 5051 interpretatus
2739 4991 2852 5046 est;
2889 4997 2987 5035 nec
3026 4982 3098 5034 illi
3126 4982 3238 5037 ausi
3263 4993 3385 5037 sunt
3414 4999 3637 5052 respon-

2055 5077 2204 5141 dere,
2237 5075 2329 5129 scd
2362 5083 2669 5140 tacuerunt,
2699 5083 2753 5129 et
2781 5090 2844 5128 ex
2877 5074 2968 5126 illo
2998 5084 3236 5143 tempore
3271 5075 3403 5130 nihil
3450 5088 3637 5132 contra

2052 5165 2318 5219 dixerunt.
2352 5165 2458 5219 Cur
2487 5181 2613 5233 ergo
2653 5165 2850 5218 dictum
2879 5164 3003 5217 illttd
3051 5164 3428 5232 blasphemiam
3473 5183 3632 5223 voca--

2053 5257 2214 5312 runt?
2239 5273 2334 5313 cur
2357 5271 2484 5310 vero
2508 5256 2752 5310 Christus
2783 5255 2850 5308 ita
2877 5254 3181 5322 respondit?
3213 5255 3276 5311 Ut
3306 5273 3520 5312 omnem
3552 5260 3634 5328 ip-

2050 5351 2125 5404 sis
2151 5350 2362 5405 tolleret
2388 5348 2789 5413 defensionem;
2825 5365 2944 5402 nam
2977 5363 3144 5418 usque
3165 5349 3229 5404 ad
3259 5350 3498 5405 ultimam
3532 5352 3632 5404 ho-

2051 5459 2162 5497 ram
2198 5443 2451 5495 det-uerat
2503 5456 2562 5496 se
2615 5456 2735 5496 esse
2783 5440 3075 5505 Christum,
3130 5457 3159 5495 a
3206 5442 3408 5498 dextris
3461 5444 3632 5499 Patris

2048 5534 2259 5598 sedere,
2291 5543 2342 5587 et
2375 5542 2655 5586 venturum
2687 5532 2862 5586 denuo
2889 5548 3010 5588 esse
3053 5544 3109 5586 ut
3148 5533 3352 5602 judicet
3396 5535 3580 5602 orbem
3612 5555 3625 5590 :

2047 5644 2166 5697 quae
2197 5642 2440 5694 n'tagnam
2473 5626 2588 5694 ejus
2631 5641 2750 5679 cum
2795 5626 2950 5681 Patre
2979 5627 3315 5682 concordiam
3361 5628 3628 5698 significa-

2048 5719 2194 5774 bant.
2224 5717 2562 5771 V'estimentis
2588 5731 2716 5785 ergo
2736 5716 2970 5770 discissis
2987 5719 3080 5780 ait,
3103 5717 3238 5784 Quid
3257 5719 3391 5773 vobis
3407 5720 3629 5776 videtur?

2045 5811 2161 5865 Non
2191 5809 2294 5865 fert
2344 5823 2407 5862 ex
2457 5823 2514 5863 se
2560 5810 2913 5881 sententiam;
2962 5809 3054 5863 sed
3083 5811 3233 5878 quasi
3261 5813 3313 5866 in
3345 5810 3626 5867 manifesto
