4104 6380
445 394 546 449 ’158

445 517 660 576 peccato
689 513 741 557 et
769 504 911 558 clara
943 502 1274 572 blasphemia
1298 545 1312 566 ,
1347 501 1557 554 illorum
1589 497 1907 553 sententiam
1935 512 2027 549 re-

442 600 626 670 quirit.
656 598 786 665 Quia
809 599 951 651 enitn
984 595 1243 660 sciehint,
1277 595 1319 646 si
1353 609 1440 646 res
1472 594 1523 646 itt
1569 607 1795 645 examen
1824 590 2031 643 veniret

442 700 600 760 atque
629 690 679 742 in
720 687 986 751 notitiam,
1012 687 1156 739 illnm
1185 685 1251 737 ab
1273 686 1415 738 omni
1447 683 1670 737 crimine
1693 679 2028 734 liberandum

442 798 583 847 esse,
616 782 754 850 apud
799 782 1004 848 seipsos
1036 780 1180 832 illum
1224 778 1602 835 condemnant.
1653 776 2030 847 auditoresqne

447 883 815 942 prmoccupant
847 871 1106 933 dicentes,
1141 867 1241 922 Vos
1264 867 1627 938 blasphemiam
1648 866 1880 928 audistis,
1916 875 2030 917 tan-

446 975 553 1017 tnni
584 981 686 1017 non
718 973 969 1033 cogentes
999 973 1054 1015 et
1083 962 1186 1014 vim
1211 960 1499 1013 inferentes
1522 960 1585 1011 ad
1616 959 1931 1011 sententiam
1953 957 2029 1010 fc-

446 1056 683 1109 rentlam.
705 1056 839 1121 Qttid
873 1056 1029 1123 igitur
1057 1054 1167 1106 illi?
1187 1052 1276 1105 66.
1306 1051 1439 1104 Reus
1459 1062 1529 1105 est
1553 1053 1765 1113 mortis;
1796 1059 1852 1103 ιιι
1876 1051 2027 1119 quasi

441 1148 545 1218 jam
574 1147 886 1200 damnatum
921 1148 1190 1207 sisterent,
1228 1146 1558 1215 Pilatumqne
1598 1145 1662 1197 ad
1709 1144 2027 1198 sententiam

443 1240 716 1295 ferendam
764 1240 1093 1293 inducere-nt.
1144 1238 1252 1291 Hac
1282 1248 1459 1292 mente
1498 1248 1550 1291 et
1594 1237 1779 1289 borum
1826 1236 2028 1291 eonscii

440 1332 645 1398 dicunt,
680 1330 813 1385 Reus
841 1340 912 1383 est
945 1329 1118 1382 mortis
1136 1345 1155 1392 ;
1183 1329 1281 1397 ipsi
1312 1327 1649 1387 accusabant,
1674 1327 1769 1395 ipsi
1804 1327 2027 1379 damna-

444 1425 588 1487 bant,
619 1434 672 1476 et
702 1423 1016 1476 sententiam
1046 1419 1306 1483 ferebant,
1334 1420 1568 1472 omnium
1596 1418 1767 1471 officia
1795 1432 2029 1485 occupa-

445 1517 590 1568 bant.
622 1516 727 1569 Cur
756 1524 932 1567 autem
962 1512 1179 1566 sabbata
1206 1512 1255 1564 in
1295 1510 1527 1565 medium
1556 1524 1660 1563 non
1698 1508 2029 1561 attulerunt?

441 1606 571 1673 Quia
616 1621 758 1674 smpe
800 1605 917 1657 illos
957 1604 1362 1657 ronfutaverat:
1396 1602 1627 1671 alioquin
1676 1616 1803 1653 vero
1846 1616 1909 1653 ex
1967 1600 2030 1652 iis

440 1714 559 1765 qua:
580 1708 705 1751 tunc
731 1697 1041 1750 dicebantur
1059 1696 1305 1749 volebant
1326 1709 1447 1747 eum
1471 1708 1659 1761 capere
1681 1703 1733 1746 et
1751 1692 2026 1744 damnare.

441 1791 826 1858 Przcoccupans
870 1789 1044 1855 igitur,
1096 1788 1308 1840 illorum
1335 1795 1550 1855 accepta
1585 1784 1869 1847 sententia,
1905 1798 2026 1836 cuin

443 1899 538 1949 per
585 1883 894 1936 scissionem
928 1882 1151 1935 vestium
1194 1880 1431 1933 omnimn
1477 1878 1541 1931 ad
1571 1893 1628 1932 se
1658 1880 1865 1930 animos
1907 1892 2029 1946 per-

443 1975 711 2039 traxisset,
745 1984 801 2027 ut
830 1974 1134 2026 damnatum
1164 1971 1385 2025 abduxit
1411 1970 1477 2023 ad
1519 1970 1782 2033 Pilatum;
1817 1970 1883 2021 ita
1917 1983 2027 2021 rem

442 2068 742 2135 composuit
775 2084 789 2119 :
824 2075 876 2118 at
917 2080 1100 2117 coram
1130 2064 1296 2116 Pilato
1335 2062 1465 2115 nihil
1494 2061 1667 2115 simile
1696 2060 1900 2113 dicunt.
1924 2060 2027 2113 Sed

443 2160 604 2227 quid?
636 2159 695 2213 Si
722 2176 821 2211 non
845 2168 971 2211 esset
1001 2159 1083 2209 hic
1109 2157 1436 2226 malefactor,
1478 2172 1577 2207 non
1606 2154 1694 2206 tibi
1735 2154 2030 2206 tradidisse-

447 2265 557 2303 ums
583 2266 693 2301 eum
731 2248 910 2316 (Joau.
945 2248 1031 2302 18.
1062 2246 1151 2314 50)
1177 2264 1190 2307 ς
1224 2258 1331 2298 uta
1362 2244 1584 2314 publicis
1607 2244 1919 2297 criminibus
1948 2246 2028 2311 ip-

443 2358 559 2397 sum
588 2343 808 2397 interfici
832 2350 1100 2396 curarent.
1124 2340 1231 2394 Cur
1248 2355 1350 2392 non
1375 2339 1583 2392 occulte
1610 2336 1927 2391 interfecerit
1974 2338 2030 2390 t?

449 2434 709 2488 Volebant
730 2448 922 2501 nempe
945 2432 1137 2484 tnalani
1165 2430 1235 2482 illi
1268 2443 1454 2496 parere
1486 2429 1698 2481 famam.
1729 2429 1860 2493 Quia
1889 2427 2027 2478 enim

447 2530 598 2584 multi
622 2529 764 2582 illttitt
789 2527 1087 2591 audierant,
1111 2524 1504 2592 admodumque
1533 2520 1882 2585 mirabantur,
1911 2521 2031 2574 ideo

445 2636 662 2691 operam
690 2620 888 2672 dabant
919 2629 973 2671 ut
1007 2616 1217 2685 publice
1240 2626 1295 2668 et
1335 2629 1516 2668 coram
1546 2612 1888 2667 multitudine
1930 2628 2029 2664 tte-

445 2720 679 2765 caretur.
709 2706 955 2764 Christus
982 2722 1112 2760 vero
1138 2705 1190 2758 id
1231 2720 1336 2758 non
1368 2703 1662 2774 impedivit,
1694 2701 1785 2758 sed
1818 2701 2028 2755 illorum

450 2803 685 2872 nequitia
711 2800 775 2853 ad
804 2800 1046 2854 veritatis
1072 2797 1529 2852 confirmationem
1572 2812 1698 2850 usus
1728 2807 1829 2861 est,
1864 2797 1932 2848 ita
1976 2804 2033 2848 ut

450 2909 597 2950 mors
625 2895 742 2961 ejus
766 2893 1014 2947 omnibus
1040 2900 1181 2946 esset
1206 2890 1505 2945 manifesta.
1536 2891 1611 2943 Ac
1632 2900 1817 2943 contra
1841 2890 2033 2944 accidit

449 3002 608 3058 qttam
639 2985 738 3055 ipsi
768 2984 1034 3039 volebant.
1073 2983 1149 3036 llli
1182 2996 1411 3051 namque
1456 2982 1603 3035 illum
1632 2982 1890 3036 infamare
1933 2996 2031 3035 cu-

452 3080 686 3149 piebant,
730 3090 787 3132 ut
816 3078 1081 3132 dedecore
1109 3078 1404 3145 replerent;
1430 3076 1518 3130 ille
1547 3092 1674 3130 vero
1700 3075 1797 3129 hac
1826 3076 2033 3132 ratione

452 3175 622 3242 magis
650 3170 964 3241 Spleltditllls
1003 3172 1428 3239 coizspicuusque
1453 3170 1640 3223 evasit.
1675 3171 1751 3223 Ac
1775 3170 2031 3238 quemad-

452 3266 666 3320 modum
691 3266 960 3331 dicebant,
986 3263 1292 3318 Occidamus
1313 3280 1446 3326 eum,
1474 3279 1533 3315 ne
1567 3263 1765 3317 veniant
1794 3262 2030 3331 Romani,

451 3368 499 3412 et
538 3358 716 3412 tollant
744 3358 992 3409 ciuitatem
1023 3366 1246 3409 nostram
1272 3365 1317 3409 et
1346 3364 1541 3426 gentem
1569 3354 1765 3424 (loan.
1789 3357 1875 3409 Η.
1905 3355 2029 3427 48),

452 3463 506 3507 et
535 3460 810 3522 postquam
840 3450 1150 3503 occiderunt
1187 3464 1329 3513 eum,
1357 3447 1458 3502 hoc
1502 3448 1670 3516 ipsum
1698 3448 1875 3501 evenit
1907 3466 1919 3500 :
1961 3448 2029 3502 ita

451 3551 507 3595 et
536 3556 675 3594 nunc
704 3540 910 3611 publice
937 3539 1083 3593 illum
1111 3540 1511 3604 crucifixerunt,
1537 3546 1594 3591 ut
1619 3538 1732 3606 ejus
1756 3540 2032 3593 existima-

455 3632 653 3685 tionem
686 3630 941 3685 lazderent
961 3670 976 3694 ,
1009 3638 1063 3683 et
1090 3630 1414 3683 contrarium
1443 3629 1638 3681 evenit.
1669 3628 1825 3694 Quod
1854 3637 2032 3683 autem

454 3734 768 3793 potestatem
798 3724 1054 3778 haberent
1084 3738 1177 3791 per
1201 3723 1406 3791 seipsos
1449 3722 1597 3775 illum
1648 3722 2031 3789 interficiendi,

453 3815 578 3870 audi
609 3815 835 3869 Pilatum
860 3814 910 3868 id
940 3823 1268 3869 asserentem
1307 3831 1319 3865 :
1362 3813 1585 3883 Accipite
1608 3830 1721 3866 eum
1750 3830 1854 3879 vos,
1883 3825 1929 3867 et
1957 3831 2035 3869 se-

454 3907 673 3960 cundum
696 3907 853 3977 legem
876 3916 1088 3960 vestram
1104 3905 1335 3978 judicate
1354 3906 1516 3975 ipsum
1537 3905 1716 3975 (Joan.
1748 3906 1835 3961 19.
1869 3907 1944 3978 6).
1966 3908 2035 3962 At

454 3998 503 4051 id
539 3998 610 4052 illi
642 3999 944 4063 noluerunt,
978 4008 1035 4050 ut
1058 3996 1209 4065 quasi
1238 3997 1470 4066 iniquus,
1493 4007 1748 4067 tyrannus
1773 4006 1826 4051 et
1850 3998 2035 4052 factio-

458 4102 550 4141 sus
577 4087 746 4141 occidi
766 4087 1056 4141 videretur.
1073 4088 1409 4157 QuaprOpter
1427 4087 1658 4142 latrones
1673 4103 1795 4142 cum
1814 4089 1902 4141 illo
1914 4105 2037 4144 cru-

454 4178 757 4241 cifixerunt;
788 4180 983 4233 idcirco
1004 4180 1277 4233 dicebant:
1306 4178 1429 4233 Noli
1445 4181 1657 4233 scribere
1674 4180 1808 4235 hunc
1834 4198 1938 4234 esse
1956 4198 2035 4235 re—

450 4288 559 4342 gem
574 4270 891 4333 Judworum,
910 4271 997 4324 sed
1014 4270 1155 4325 illum
1171 4289 1223 4325 se
1234 4289 1397 4341 regem
1412 4272 1597 4325 dixisse
1616 4271 1793 4343 (Joan.
1816 4273 1901 4327 19.
1920 4273 1980 4327 Si
1994 4276 2033 4337 ).

528 4360 749 4414 Fatsitas
772 4379 859 4431 per
888 4378 942 4415 se
967 4363 1152 4415 soluta.
1181 4393 1251 4401 —
1282 4364 1403 4416 ΙΙωο
1433 4378 1592 4431 porro
1618 4364 1793 4416 omnia
1821 4380 1919 4433 pro
1951 4381 2036 4419 ve-

453 4454 609 4507 ritate
640 4454 773 4506 f‘acta
800 4464 942 4516 sunt,
977 4463 1033 4506 ut
1059 4469 1125 4507 ne
1153 4454 1334 4507 umbra
1353 4454 1563 4523 quidem
1583 4455 1711 4524 ipsis
1732 4465 2037 4525 superesset

458 4544 784 4614 impudentis
811 4545 1157 4599 defensionis.
1199 4544 1255 4599 In
1303 4546 1550 4615 sepulcro
1603 4548 1729 4601 item
1762 4548 2032 4617 signacula

456 4647 510 4693 et
530 4638 784 4693 custodim
812 4639 1018 4692 veritati
1045 4639 1384 4708 splendorem
1412 4640 1738 4695 attulerunt:
1773 4642 1914 4710 quod
1948 4642 2029 4710 ip-

454 4745 572 4782 sum
601 4730 746 4782 dicas
768 4728 836 4782 de
868 4729 1495 4793 irrisi0nibus.dicteriis,
1526 4730 1883 4785 contumeliis.
1918 4731 2031 4785 Hu-

448 4820 681 4887 jusmodi
705 4830 787 4872 est
814 4819 1015 4874 falsitas
1046 4838 1057 4873 :
1090 4836 1184 4888 per
1206 4836 1325 4889 quae
1364 4820 1581 4875 insidias
1613 4830 1761 4890 parat
1781 4862 1795 4881 .
1827 4838 1921 4890 per
1945 4838 2035 4876 ea-

452 4913 573 4965 dem
622 4912 932 4965 dissolvitnr
965 4928 978 4964 :
1009 4911 1149 4973 quod
1183 4911 1267 4965 hic
1294 4911 1455 4965 etiam
1485 4912 1723 4981 contigit.
1773 4912 1903 4965 Nam
1940 4914 2032 4982 qui

455 5002 644 5055 vicisse
675 5002 1014 5070 putabantur,
1044 5001 1093 5054 lii
1124 5003 1353 5055 maxime
1383 5003 1583 5072 pudore
1611 5003 1783 5057 affecti
1809 5047 1821 5069 ,
1855 5013 1903 5058 et
1937 5020 2030 5059 su-

455 5094 619 5163 perati
655 5095 955 5162 perierunt:
988 5094 1076 5164 qui
1107 5110 1233 5147 vero
1265 5094 1434 5147 victus
1462 5110 1581 5149 esse
1602 5096 1880 5149 videbatur
1901 5139 1914 5160 ,
1948 5098 2032 5152 hic

455 5186 685 5241 maxime
715 5186 917 5240 refulsit
952 5197 1003 5240 et
1035 5187 1309 5241 victoriam
1335 5188 1535 5243 retulit.
1575 5188 1650 5244 Ne
1680 5204 1808 5258 ergo
1836 5190 2030 5259 ubique

454 5277 727 5331 vietoriam
756 5295 1076 5347 qua‘ramus,
1113 5295 1209 5334 nec
1234 5295 1446 5349 seraper
1475 5282 1712 5349 superari
1732 5296 2029 5336 vereamur.

454 5370 547 5423 Est
574 5385 695 5424 cum
728 5372 945 5425 victoria
998 5388 1188 5425 noxam
1231 5372 1421 5437 affert,
1449 5372 1629 5425 clades
1670 5387 1798 5427 vero
1828 5373 2030 5426 utilita-

453 5475 582 5521 tem.
610 5465 743 5519 Nam
769 5464 906 5518 inter
931 5480 1044 5531 eos,
1075 5466 1164 5535 qui
1197 5464 1269 5519 im
1302 5464 1717 5532 inflamntantur,
1755 5467 1798 5519 is
1840 5468 2031 5521 vicisse

452 5556 663 5611 videtur
692 5555 781 5626 qni
815 5558 995 5626 plures
1023 5556 1642 5625 conttuneliasjactavit;
1684 5557 1777 5612 sed
1805 5557 1889 5611 hic
1918 5558 2029 5626 ipse

448 5663 474 5697 a
498 5648 814 5717 gravissimo
840 5647 1027 5702 morbo
1049 5656 1329 5716 superatus
1358 5658 1410 5702 et
1441 5646 1600 5702 laesus
1626 5656 1709 5702 est
1741 5666 1754 5701 :
1785 5649 1873 5717 qui
1904 5663 2029 5702 vero

455 5738 507 5791 id
531 5737 740 5794 fortiter
765 5738 924 5803 tulit,
953 5736 998 5793 is
1025 5737 1151 5792 vicit
1177 5746 1232 5791 et
1271 5740 1560 5806 superavit.
1588 5738 1653 5792 Et
1683 5739 1771 5792 ille
1813 5739 2027 5807 quidem

453 5846 625 5901 neque
644 5832 914 5903 proprium
942 5831 1184 5887 morbum
1206 5832 1545 5903 eXStinguere
1572 5832 1774 5902 potuit;
1794 5831 1878 5886 hic
1899 5831 2028 5886 alie-

1167 389 1221 445 S.
1262 385 1538 443 JOANNIS
1571 374 2043 441 CHRYSOSTOMI
2082 379 2398 438 AllCillEP.
2438 380 2965 438 CONSTANTINOP.

3617 382 3722 441 750

2136 533 2262 571 num
2301 518 2536 573 sustulit.
2598 518 2689 572 Ille
2733 533 2761 571 a
2811 534 2909 571 suo
2946 518 3115 571 victus
3157 526 3275 581 est;
3306 517 3390 573 hic
3436 517 3504 574 de
3545 520 3720 575 alieno

2138 608 2501 677 triumphavit,
2536 624 2635 662 nec
2664 608 2824 663 ntodo
2857 609 2970 679 ipse
2994 625 3099 661 non
3129 609 3351 663 adustus
3378 620 3461 664 est
3489 651 3504 673 ,
3545 611 3638 665 sed
3666 620 3721 665 et

2136 702 2353 757 alterius
2382 701 2647 755 flammam
2680 702 3041 772 insurgentem
3067 701 3334 755 restinxit.
3362 701 3415 755 Si
3446 712 3623 756 autem
3652 719 3718 757 ea

2136 810 2255 861 qum
2280 793 2558 847 videbatur
2584 807 2702 847 esse
2724 792 2944 846 victoria
2978 793 3133 861 potiri
3162 793 3436 854 voluisset,
3455 794 3569 862 ipse
3589 810 3719 862 quo-

2134 900 2236 954 que
2259 886 2430 939 victus
2461 886 2665 949 fuisset,
2690 896 2744 940 et
2772 886 3135 939 adversarium
3154 886 3321 954 magis
3340 884 3715 942 inflammasset

2135 994 2197 1032 ac
2224 979 2468 1045 laesisset,
2498 990 2550 1033 et
2572 989 2629 1033 ut
2658 981 2894 1033 rixantes
2924 980 3194 1043 mulieres,
3225 979 3382 1033 ambo
3415 984 3641 1046 turpiter
3668 989 3720 1034 et

2136 1070 2516 1124 miserabiliter
2541 1072 2608 1125 ab
2638 1071 2714 1125 ira
2744 1072 2996 1139 prostrati
3027 1070 3270 1124 fuissent.
3299 1071 3449 1125 Nunc
3483 1080 3658 1125 autem
3690 1086 3717 1122 a

2137 1164 2225 1217 tali
2248 1162 2513 1218 dedecore
2539 1175 2756 1232 ereptus
2786 1164 2829 1217 is
2855 1164 2943 1233 qui
2972 1162 3373 1231 philosiiphatus
3402 1172 3504 1225 est,
3537 1162 3714 1231 splen-

2136 1254 2318 1308 didum
2350 1266 2605 1324 trop:eum
2637 1265 2691 1309 et
2713 1257 2762 1308 in
2795 1271 2853 1309 se
2877 1267 2925 1309 et
2961 1256 3013 1308 in
3040 1255 3344 1307 adversario
3375 1264 3558 1308 contra
3586 1255 3716 1308 iram

2136 1346 2328 1410 erexit,
2361 1347 2577 1416 quando
2609 1348 2849 1415 superari
2882 1348 3026 1401 visus
3047 1356 3148 1399 est.

2205 1440 2260 1494 4.
2304 1438 2432 1492 Vera
2484 1440 2689 1492 victoria
2734 1455 2824 1506 per
2878 1439 3170 1504 patientiam
3198 1448 3502 1504 repertatar.
3530 1428 3717 1504 -έΝθ,

2136 1549 2341 1600 ιιιιςιξεο,
2372 1533 2565 1600 ubique
2595 1533 2870 1585 victoriam
2897 1546 3218 1598 qna-ramus.
3249 1530 3407 1585 Certe
3437 1532 3523 1597 qui
3560 1532 3715 1594 laesit,

2137 1624 2321 1679 lzrsum
2345 1627 2487 1690 vicit,
2520 1626 2611 1677 sed
2641 1624 2938 1694 perniciosa
2961 1624 3179 1675 victoria
3203 1662 3218 1686 ,
3245 1638 3362 1691 qtae
3389 1624 3613 1676 exitium
3646 1624 3720 1674 vi-

2134 1717 2266 1771 ctori
2295 1716 2481 1770 afferat
2512 1734 2525 1770 :
2552 1716 2639 1784 qui
2673 1730 2799 1769 vero
2818 1714 2974 1768 ltBSllS
3003 1725 3081 1768 est
3113 1724 3167 1767 et
3194 1714 3359 1767 victus
3389 1716 3597 1767 videtur
3631 1757 3645 1777 ,
3674 1716 3717 1768 si

2136 1808 2435 1877 philosophi
2472 1823 2621 1860 more
2664 1807 2713 1858 id
2745 1804 2910 1869 ferat,
2947 1804 3031 1859 hic
3060 1820 3183 1857 vere
3213 1790 3468 1858 coronam
3512 1805 3713 1858 retulit.

2136 1902 2290 1971 Saepe
2322 1917 2558 1972 namque
2601 1904 2842 1972 superari
2878 1904 3070 1957 melius
3111 1911 3230 1955 est:
3266 1903 3350 1956 hic
3394 1917 3553 1971 porro
3583 1902 3720 1970 opti-

2136 2010 2253 2049 mus
2279 2005 2361 2048 est
2400 1997 2636 2050 victoria:
2672 1997 2882 2051 modus.
2914 1996 3043 2049 Nam
3076 1998 3187 2050 sive
3216 1997 3333 2065 quis
3357 1997 3527 2064 rapiat
3559 2036 3572 2061 ,
3606 1996 3718 2049 sive

2136 2088 2412 2155 percutiat,
2442 2090 2559 2142 sive
2592 2088 2823 2143 invideat
2858 2130 2870 2149 ,
2917 2089 3004 2157 qni
3039 2088 3264 2141 vincitur
3290 2130 3307 2154 ,
3340 2103 3438 2141 nec
3474 2104 3571 2141 una
3595 2103 3717 2141 cum

2136 2179 2224 2232 illo
2244 2180 2537 2242 contendit,
2563 2181 2606 2234 is
2636 2196 2758 2234 vere
2788 2181 2956 2235 victor
2980 2189 3082 2235 est.
3109 2180 3305 2249 Ecquid
3332 2181 3522 2250 loquor
3541 2181 3608 2234 de
3637 2196 3720 2235 ra-

2137 2273 2256 2339 pina
2288 2282 2339 2326 et
2367 2273 2557 2325 invidia
2586 2274 2610 2324 ?
2639 2273 2735 2340 Qui
2765 2274 2829 2326 ad
2863 2274 3172 2344 martyrium
3201 2273 3431 2327 trahitur
3456 2314 3468 2335 ,
3501 2274 3570 2326 ita
3601 2274 3718 2325 vin-

2134 2366 2225 2427 cit,
2254 2366 2481 2427 vinctus,
2514 2365 2825 2435 flagellatns,
2858 2366 3433 2434 eoncisns,jugulatus.
3465 2368 3635 2433 Atque
3662 2376 3718 2418 ut

2137 2454 2187 2506 in
2218 2456 2367 2507 bellis
2395 2456 2531 2509 vinci
2560 2455 2753 2508 dicitur
2793 2457 2836 2509 is
2863 2457 2949 2525 qui
2978 2456 3121 2512 cadit
3149 2498 3163 2521 ,
3200 2455 3429 2526 idipsum
3457 2456 3596 2524 apud
3624 2472 3720 2509 nos

2135 2548 2355 2598 victoria
2389 2556 2492 2601 est.
2526 2546 2796 2616 Nusquam
2830 2550 2970 2601 enim
3004 2548 3141 2601 male
3168 2557 3386 2615 agentes
3416 2548 3676 2601 vincimus
3700 2590 3715 2613 ,

2136 2638 2229 2691 sed
2259 2638 2453 2707 ubique
2476 2640 2611 2692 mala
2637 2643 2917 2709 patientes.
2942 2640 3091 2694 Tunc
3112 2640 3537 2709 splendidissima
3556 2641 3719 2693 victm

2139 2731 2272 2786 toria
2294 2740 2395 2795 est,
2422 2748 2541 2787 Cltm
2567 2732 2816 2801 patiendo
2848 2742 3102 2788 nocentes
3133 2732 3413 2788 vincimus.
3452 2731 3587 2787 llinc
3627 2746 3715 2785 os-

2138 2826 2374 2885 tenditur
2399 2841 2426 2877 a
2460 2826 2571 2879 Deo
2609 2840 2728 2879 esse
2770 2826 3043 2878 victoriam
3071 2866 3086 2887 ,
3119 2840 3236 2893 quae
3275 2836 3518 2878 naturam
3560 2824 3720 2876 habet.

2137 2918 2465 2971 contrariam
2495 2927 2731 2970 externa:
2759 2916 2831 2969 illi
2864 2916 3099 2970 victoriae
3133 2933 3146 2968 :
3177 2915 3333 2984 idque
3356 2917 3584 2969 maxime
3615 2914 3718 2966 for-

2140 3008 2378 3062 titudinis
2404 3016 2771 3076 argumentum
2796 3018 2898 3061 est.
2926 3007 3016 3062 Sic
3039 3010 3252 3061 inarina-
3277 3016 3438 3076 petra:
3457 3023 3719 3074 percussa:

2138 3100 2332 3155 ﬂuctus
2372 3100 2670 3153 dissolvunt
2703 3117 2716 3150 :
2750 3099 2827 3151 sic
2854 3098 3021 3152 sancti
3055 3113 3242 3153 omnes
3281 3098 3535 3153 celebrati
3564 3111 3710 3151 θοι-ο·

2140 3207 2258 3243 nam
2284 3191 2599 3251 retulerunt,
2632 3188 3013 3259 splendidaque
3033 3196 3233 3258 trepca
3251 3198 3559 3251 erexerunt,
3584 3188 3718 3241 lianc

2139 3296 2246 3335 non
2274 3281 2604 3334 contentiose
2630 3281 2903 3334 victoriam
2935 3281 3264 3349 consequuti.
3298 3280 3373 3334 Ne
3399 3290 3449 3333 te
3480 3294 3716 3342 moveas,

2141 3374 2310 3441 inquit
2336 3414 2351 3438 ,
2386 3388 2483 3425 nec
2511 3371 2819 3440 defatigeris
2846 3390 2857 3423 :
2896 3372 3035 3425 llcus
3065 3374 3198 3424 hanc
3228 3372 3318 3424 tibi
3352 3371 3716 3426 fortitudinem

2140 3464 2349 3525 indidit,
2384 3475 2562 3516 utnon
2587 3480 2649 3517 ex
2671 3479 2958 3531 congressu
2984 3465 3185 3529 vincas,
3208 3464 3299 3517 sed
3325 3465 3571 3532 patiendo
3602 3476 3718 3519 tan-

2142 3567 2270 3610 tum.
2321 3556 2395 3609 Ne
2436 3557 2602 3609 aciem
2647 3557 2877 3610 instruas
2907 3596 2923 3621 ,
2971 3564 3028 3611 et
3066 3558 3340 3611 victoriam
3380 3558 3582 3612 referes
3612 3576 3624 3609 :
3652 3574 3719 3613 ne

2139 3649 2531 3719 congrediaris,
2565 3658 2619 3702 et
2654 3650 3034 3712 coronaberis;
3089 3650 3245 3717 longe
3291 3648 3483 3703 fortior
3529 3659 3717 3719 poten-

2144 3746 2351 3812 tiorqne
2394 3758 2453 3796 es
2500 3742 2807 3797 adversario
2835 3753 2945 3797 tuo.
2979 3742 3086 3796 Cur
3112 3754 3162 3797 te
3193 3744 3458 3799 dedecore
3502 3744 3718 3798 amcis?

2140 3834 2217 3889 Ne
2244 3836 2340 3889 des
2368 3834 2442 3888 illi
2472 3834 2643 3889 locum
2674 3834 2884 3888 dicendi
2926 3843 2977 3888 te
3014 3850 3358 3905 congressum
3389 3836 3595 3898 vii-isse,
3625 3836 3714 3890 sed

2143 3928 2382 3994 relinque
2415 3925 2558 3978 illum
2605 3935 2906 3995 stupentem
2958 3937 3117 3995 atque
3169 3927 3419 3979 invictam
3468 3927 3713 3981 virtutem

2143 4031 2283 4073 tuam
2324 4019 2603 4072 mirantem
2635 4060 2648 4083 ,
2688 4019 3040 4088 omnibusque
3068 4020 3332 4073 dicentem
3362 4030 3410 4072 te
3439 4024 3554 4073 sine
3584 4036 3717 4074 con-

2139 4129 2324 4182 gressu
2358 4113 2566 4167 vicisse.
2600 4111 2688 4165 Sic
2710 4122 2762 4165 et
2791 4113 2975 4166 beatus
3005 4112 3201 4180 Joseph
3246 4113 3435 4182 ubique
3463 4114 3716 4182 przedica-

2143 4218 2227 4259 tur
2255 4248 2269 4269 ,
2306 4205 2445 4275 quod
2480 4204 2616 4258 male
2663 4204 2909 4272 patiendo
2960 4206 3155 4258 malum
3193 4205 3479 4258 inferentes
3508 4206 3713 4260 vicerit.

2140 4297 2268 4352 Nam
2302 4296 2634 4349 insidiatores
2665 4296 2737 4349 illi
2771 4297 2916 4349 fuere
2946 4295 3133 4348 fratres
3165 4305 3217 4349 et
3242 4294 3484 4365 Aigyptia
3506 4298 3713 4350 mulier:

2141 4406 2320 4442 verum
2352 4404 2536 4441 omnes
2576 4389 2664 4441 ille
2696 4389 2988 4454 superavit.
3025 4387 3100 4441 Ne
3129 4406 3176 4440 tn
3205 4387 3253 4439 bi
3282 4404 3552 4443 earcerem
3582 4430 3598 4453 ,
3628 4390 3715 4443 ubi

2139 4484 2426 4537 conclusus
2458 4483 2572 4547 fuit,
2607 4498 2671 4535 ne
2702 4483 2921 4551 regiam,
2957 4483 3040 4533 ubi
3071 4492 3274 4536 versata
3320 4495 3395 4537 est
3432 4484 3515 4537 illa
3537 4525 3551 4548 ,
3583 4485 3715 4537 alle-

2139 4591 2232 4644 ges
2262 4592 2274 4636 ;
2309 4574 2399 4627 sed
2433 4574 2656 4628 ostende
2682 4575 2807 4626 mihi
2841 4575 2959 4642 quis
2984 4575 3172 4632 victus.
3199 4577 3319 4645 quis
3338 4577 3505 4629 victor
3534 4575 3710 4639 fuerit,

2140 4669 2256 4736 quis
2288 4667 2339 4718 in
2369 4681 2597 4718 mmrore
2626 4665 2782 4717 fuerit
2814 4707 2827 4726 ,
2866 4666 2984 4732 quis
3031 4667 3080 4718 in
3134 4667 3421 4735 voluptate.
3457 4667 3545 4721 Illa
3574 4668 3714 4721 enim

2140 4773 2243 4812 non
2274 4756 2430 4811 modo
2457 4761 2679 4825 justum,
2712 4756 2802 4809 sed
2835 4772 2930 4809 nec
2954 4756 3112 4809 animi
3146 4760 3387 4811 morhunt
3414 4772 3567 4811 Suum
3597 4760 3717 4811 vin-

2139 4866 2261 4904 cere
2293 4850 2463 4918 potuit
2490 4868 2500 4901 :
2536 4849 2623 4901 ille
2666 4864 2793 4901 vero
2824 4859 2871 4899 et
2902 4847 3043 4901 illam
3077 4857 3130 4901 et
3163 4850 3535 4917 gravissimum
3570 4864 3716 4903 mor-

2139 4943 2262 4997 bum
2289 4942 2574 5011 superavit.
2605 4941 2657 4995 Si
2685 4941 2782 5005 vis,
2819 4943 2926 5008 ipsa
2956 4942 3112 4995 verba
3143 4943 3347 5006 audias,
3376 4954 3428 4997 et
3456 4952 3712 5010 tropautm

2141 5033 2343 5088 videbis
2371 5034 2385 5064 ¹
2414 5050 2427 5085 :
2452 5033 2723 5086 Adduxisti
2745 5031 2883 5086 nobis
2905 5034 3001 5084 huc
3020 5049 3227 5100 puerum
3256 5032 3544 5099 Ilebrmam,
3570 5046 3624 5089 ut
3648 5035 3717 5089 il-

2140 5125 2331 5180 luderet
2354 5127 2494 5179 nobis
2526 5125 2678 5195 (Gen.
2711 5125 2799 5177 39.
2834 5126 2945 5193 Li).
2978 5124 3088 5178 Non
3117 5126 3205 5180 ille
3230 5126 3415 5191 illusit,
3439 5143 3472 5179 o
3500 5129 3714 5191 misera,

2137 5220 2227 5275 sed
2260 5219 2519 5281 diabolus,
2552 5217 2637 5287 qui
2663 5218 2815 5283 dixit,
2843 5229 2893 5271 te
2920 5232 3076 5288 posse
3097 5218 3431 5273 adamantem
3450 5221 3712 5291 frangere:

2137 5330 2243 5371 non
2264 5314 2350 5367 ille
2369 5313 2459 5366 tibi
2480 5312 2685 5366 induxit
2707 5327 2927 5381 puerum
2945 5310 3224 5366 Hebrauim
3249 5314 3334 5380 qui
3357 5313 3713 5373 insidiaretur.

2138 5407 2229 5461 sed
2252 5403 2730 5474 malignnsdzemon
2753 5403 2840 5472 qui
2858 5403 3116 5472 impuram
3134 5404 3398 5457 lasciviam
3428 5404 3635 5469 indidit,
3670 5406 3715 5458 is

2138 5499 2229 5553 tibi
2263 5498 2445 5551 illusit.
2469 5494 2606 5563 Quid
2632 5509 2761 5565 ergo
2790 5494 2985 5563 .losepb
3007 5495 3029 5547 ?
3052 5493 3215 5548 Tacet
3239 5535 3254 5560 ,
3296 5504 3455 5562 atque
3482 5496 3549 5547 ita
3581 5511 3711 5549 con-

2136 5590 2442 5655 demnatur,
2473 5587 2916 5658 quemadmodum
2972 5594 3025 5639 et
3074 5585 3335 5639 Christus.
3372 5586 3461 5640 llla
3520 5587 3715 5658 quippe

2136 5683 2312 5738 omnia
2340 5682 2528 5736 horum
2551 5693 2700 5737 erant
2723 5681 2922 5750 figura).
2948 5680 3013 5733 Et
3035 5678 3121 5733 ille
3147 5678 3357 5749 quidem
3384 5678 3436 5732 in
3468 5680 3713 5749 vinculis,

2199 5840 2215 5871 ι
2243 5840 2356 5898 Alii,
2378 5845 2422 5888 et
2444 5834 2623 5887 videbis
2654 5833 2888 5891 quomodo
2919 5833 3107 5884 cladem
3136 5839 3382 5897 acceptam
3402 5841 3625 5898 argum.
