4146 6374
397 260 502 317 757

396 372 486 426 illa
512 371 564 425 in
586 369 730 439 regia
756 375 892 424 erat.
922 367 988 423 Et
1016 368 1142 438 quid
1173 369 1318 424 hoc!
1347 367 1440 424 Ille
1489 385 1718 440 namque
1745 377 1860 425 erat
1883 383 1977 423 co-

393 471 589 520 ronato
617 461 808 532 quovis
831 461 1186 531 splendidior,
1209 462 1312 517 etsi
1328 462 1536 518 catenis
1561 472 1785 517 onustus
1817 479 1832 516 :
1862 459 1977 517 haec

395 572 524 610 vero
550 555 728 609 vincto
755 555 945 624 quovis
965 553 1215 608 miserior
1244 555 1296 608 in
1328 554 1490 623 regiis
1520 553 1766 608 thalamis
1796 568 1978 608 versa-

393 647 572 703 batur.
601 646 706 702 Sed
732 661 835 700 non
864 645 987 700 hinc
1019 646 1214 706 solum.
1243 644 1337 701 sed
1365 648 1434 700 ab
1455 647 1570 716 ipso
1597 646 1744 701 exitu
1763 654 1821 701 et
1849 644 1974 710 line,

395 747 451 794 et
485 739 765 793 victoriam
804 746 858 792 et
899 735 1106 792 cladem
1137 736 1318 792 videre
1343 737 1484 792 licet.
1510 737 1639 804 Quis
1665 738 1806 792 enim
1837 737 1978 806 quod

394 830 563 884 voluit
585 840 772 884 nactus
801 839 902 892 est,
934 828 1145 883 vinctus
1171 844 1239 882 an
1263 829 1444 899 regina
1475 830 1490 860 ¹
1516 830 1653 884 ΠΙΙθ
1679 830 1978 884 castitatem

395 935 621 976 servare
641 929 867 974 conatus
889 932 1011 984 est,
1041 919 1134 975 illa
1165 919 1374 990 eripere
1399 921 1584 975 voluit.
1612 919 1742 988 Quis
1767 936 1895 991 ergo
1923 919 1978 976 id

461 1120 478 1151 ι
510 1118 706 1178 Quidam
732 1118 974 1167 habent...
996 1125 1172 1168 Nactus
1201 1122 1273 1169 est
1290 1113 1316 1166 ?
1335 1116 1535 1175 vinctus,
1554 1115 1640 1166 sed
1672 1127 1768 1166 non
1789 1115 1975 1180 regina.

1282 257 1348 314 IN
1387 256 1794 314 ΜΑΤΊἮᾸΞῘῚΜ
1824 255 2053 312 IIOMIL.
2095 255 2359 312 LXXXV.
2401 259 2470 311 al.
2514 257 2796 328 LXXXVI.

3562 259 3664 315 758

2079 371 2220 438 quod
2251 369 2461 425 volebat
2499 370 2676 425 eﬂecit
2702 372 2834 442 'tqui
2877 372 3015 427 male
3064 387 3251 442 passus
3279 382 3362 428 est
3391 415 3408 440 ,
3448 389 3514 428 an
3542 391 3662 445 quae

2079 460 2219 516 male
2244 460 2370 516 fecit
2394 461 2417 514 ‘t
2447 461 2672 516 Planum
2698 473 2782 517 est
2801 478 2924 517 eum
2945 463 3036 533 qui
3056 463 3196 519 male
3223 477 3410 534 passus
3435 475 3540 520 est.
3561 467 3659 521 llic

2079 567 2208 622 ergo
2237 562 2321 608 est
2346 555 2434 624 qui
2464 555 2609 610 vicit.
2633 555 2760 610 Haec
2783 571 2904 610 cum
2921 555 3153 611 sciamus
3181 597 3196 622 ,
3228 557 3366 612 hanc
3393 559 3666 628 patientiae

2081 645 2354 700 victoriam
2382 660 2764 715 persequamur
2793 665 2820 713 ;-
2841 647 2983 702 illam
3008 663 3138 703 vero
3159 648 3401 718 injuriam
3427 648 3666 704 inferen-

2081 739 2212 793 tium
2259 738 2541 809 fugiamus.
2587 739 2677 794 Sic
2704 741 2848 795 enim
2879 750 3199 809 praesentem
3227 741 3391 794 vitam
3433 741 3668 810 negotiis

2084 831 2306 887 liberam
2341 840 2396 886 et
2436 846 2659 900 prorsus
2697 832 3036 901 tranquillam
3067 831 3330 886 ducemus
3364 873 3378 894 ,
3409 841 3462 884 et
3490 830 3665 885 futura

2082 924 2223 980 bona
2244 939 2635 994 consequemur
2656 967 2672 990 ,
2694 925 2862 995 gratia
2892 935 2947 979 et
2974 923 3302 993 benignitate
3330 924 3539 978 Domini
3565 939 3668 976 no—

2083 1018 2179 1072 stri
2208 1016 2335 1082 Jesu
2363 1017 2600 1081 Christi,
2633 1017 2720 1072 cui
2755 1017 2922 1087 gloria
2964 1029 3020 1073 et
3059 1017 3340 1087 imperium
3393 1016 3447 1071 in
3473 1017 3665 1071 sa‘cula

2083 1108 2421 1164 saeculorum.
2447 1109 2639 1163 Amen.

404 1217 3662 1244 ______________________________________._____._._.___

1427 1294 1772 1355 HOMILIA
1815 1291 2137 1354 LXXXV.
2181 1294 2266 1355 al.
2312 1293 2665 1354 LXXXVI.

395 1421 522 1477 CAP.
575 1418 666 1473 26.
720 1433 774 1471 v.
824 1417 912 1472 67.
960 1415 1104 1470 Tunc
1133 1425 1376 1485 spuerunt
1424 1417 1478 1468 in
1526 1415 1707 1486 faciem
1748 1415 1857 1485 ejus
1885 1457 1900 1480 ,
1929 1423 1978 1468 et

471 1509 706 1578 colaphis
737 1524 850 1560 eum
878 1506 1161 1560 ceciderunt
1187 1522 1206 1568 ;
1247 1505 1338 1557 alii
1371 1515 1539 1558 autem
1577 1506 1772 1575 palmas
1813 1506 1865 1557 in
1891 1503 1979 1572 [a-

467 1603 593 1655 ciem
631 1601 742 1672 ejus
771 1599 1035 1664 dederunt,
1065 1596 1152 1652 68.
1182 1597 1436 1650 dicentes:
1465 1595 1774 1666 Prophetiza
1797 1596 1938 1650 nobis
1957 1634 1975 1664 ,

469 1693 686 1757 Christe,
713 1691 825 1762 quis
847 1700 916 1745 est
945 1689 1034 1762 qui
1060 1700 1106 1743 te
1127 1690 1373 1758 percussit
1400 1689 1426 1742 ?
1461 1697 1567 1745 etc.

471 1799 523 1851 l.
557 1795 856 1848 Juda’orum
882 1793 1077 1864 objecta
1105 1791 1393 1846 crudelitas.
1427 1787 1865 1861 Evangelistarum
1889 1804 1979 1844 ve-

399 1890 583 1943 racitas
605 1885 1110 1941 admiranda.—-Cur
1135 1883 1236 1940 hoc
1261 1883 1560 1950 faciebant,
1593 1899 1712 1936 cum
1741 1881 1972 1938 occisuri

400 1981 549 2036 illum
578 1988 761 2035 essent
790 1977 957 2048 ?quid
980 1992 1115 2046 opus
1145 1975 1447 2046 hujusmodi
1471 1971 1760 2038 comtndia,
1793 1973 1895 2028 nisi
1925 1981 1982 2028 ut

402 2073 700 2143 petulantes
731 2070 942 2124 illorum
974 2083 1151 2124 mores
1179 2069 1230 2121 in
1259 2067 1507 2122 omnibus
1544 2074 1853 2135 perspectos
1885 2066 1982 2119 ha-

402 2166 529 2220 beas
553 2165 576 2217 ?
597 2164 684 2233 qui
714 2162 863 2234 quasi
893 2171 1086 2216 venatu
1116 2161 1350 2224 invento,
1379 2161 1456 2215 sic
1484 2175 1633 2214 suam
1659 2157 1982 2213 exercebant

402 2257 764 2327 petulantiam,
785 2254 1092 2324 iusaniaque
1113 2251 1320 2322 repleti,
1342 2251 1442 2305 hoc
1465 2250 1615 2320 quasi
1639 2250 1826 2305 festum
1844 2249 1983 2305 cele-

401 2349 644 2414 brabant,
657 2364 776 2404 cum
788 2348 1056 2417 voluptate
1071 2346 1352 2410 irruentes,
1368 2343 1794 2413 etsanguiuarios
1807 2358 1983 2397 mores

399 2438 817 2495 exhibentes.Tu
830 2454 957 2494 vero
968 2437 1370 2508 discipulorum,
1387 2434 1500 2490 haec
1514 2449 1635 2488 cum
1653 2443 1796 2489 tanta
1818 2449 1980 2490 accu-

401 2535 605 2589 ratione
627 2533 978 2599 narrantium,
1001 2529 1390 2601 philosophiam
1416 2527 1644 2584 mireris.
1668 2527 1814 2583 Unde
1831 2542 1983 2582 amor

401 2626 706 2680 veritatisin
738 2625 838 2678 illis
852 2623 1263 2687 demonstratur,
1298 2623 1420 2691 quia
1449 2636 1567 2691 qua:
1585 2620 1840 2690 probrosa
1861 2634 1983 2674 esse

401 2718 740 2784 videbantur,
766 2731 885 2770 cum
907 2715 1050 2769 omni
1071 2715 1292 2768 veritate
1311 2721 1550 2776 narrant,
1581 2710 1707 2764 nihil
1725 2711 1977 2776 celantes,

400 2828 505 2865 non
532 2810 927 2874 erubescentes,
950 2808 1043 2863 sed
1070 2807 1288 2878 gloriam
1326 2816 1567 2876 putantes
1590 2805 1894 2870 maximam,
1923 2812 1982 2858 ut

401 2917 583 2956 revera
606 2911 742 2966 erat,
768 2899 906 2970 quod
928 2899 1180 2953 Dominus
1201 2897 1345 2952 orbis
1371 2897 1490 2950 talia
1509 2910 1602 2964 pro
1625 2895 1776 2949 nobis
1795 2909 1982 2964 passus

400 3003 558 3047 esset.
587 2991 697 3045 Iloc
721 2993 835 3060 ejus
852 2990 1236 3060 providentiam
1261 2987 1582 3044 ineffabilem
1613 3027 1628 3052 ,
1662 2986 1982 3056 illorumque

402 3085 688 3153 nequitiam
713 3083 864 3137 venia
888 3082 1156 3152 indignam
1186 3080 1514 3149 comprobat,
1543 3078 1633 3149 qui
1665 3077 1789 3132 talia
1810 3077 1979 3131 aude-

402 3163 534 3217 bant
591 3172 779 3217 contra
827 3163 1010 3216 mitem
1055 3172 1511 3229 mansuetumque
1561 3159 1735 3222 illum,
1778 3159 1973 3228 bisque

401 3250 524 3304 illos
551 3251 731 3306 verbis
770 3251 1183 3320 compellantem
1215 3267 1337 3321 qua:
1359 3250 1568 3304 leonem
1593 3265 1790 3320 agnum
1823 3248 1972 3306 face-

405 3357 462 3395 re
489 3341 812 3409 potuissent.
837 3340 981 3396 Nihil
1005 3343 1173 3408 enim,
1213 3342 1348 3395 nihil
1370 3342 1452 3395 vel
1481 3340 1572 3394 ille
1592 3340 1967 3395 mansuetudi-

401 3430 507 3493 nis,
523 3431 603 3486 vel
627 3431 702 3485 illi
718 3433 1058 3486 contumeliac
1070 3431 1474 3487 etcrudelitatis
1487 3443 1629 3485 retro
1641 3432 1977 3501 reliquerunt

401 3536 496 3576 seu
513 3521 672 3576 factis
690 3537 782 3576 seu
804 3522 1006 3577 verbis.
1027 3521 1159 3588 Quae
1173 3523 1353 3577 omnia
1372 3521 1542 3577 Isaias
1559 3524 1821 3592 propheta
1841 3539 1974 3594 pra:-

401 3613 690 3677 nuntiavil,
730 3629 840 3667 uno
874 3617 1040 3669 verbo
1080 3630 1298 3669 omnem
1332 3615 1719 3670 contumeliam
1759 3616 1969 3671 descri-

405 3699 544 3754 bens
576 3720 587 3754 :
627 3699 1084 3765 Quemadmodum
1140 3700 1504 3771 obstupescent
1553 3718 1711 3771 super
1728 3713 1774 3756 te
1800 3703 1976 3771 multi,

400 3792 478 3844 sic
535 3791 793 3860 inglorius
843 3792 943 3844 erit
973 3791 1112 3861 apud
1175 3791 1410 3846 homines
1471 3802 1714 3861 aspectus
1753 3802 1897 3856 tuus,
1927 3803 1978 3848 et

399 3880 575 3950 gloria
597 3891 690 3934 tua
717 3881 855 3934 inter
876 3881 1014 3950 ﬁlios
1038 3881 1306 3935 hominum
1333 3883 1351 3952 (
1382 3881 1518 3938 Isai.
1543 3882 1631 3936 52.
1671 3881 1798 3952 14).
1836 3883 1979 3950 Quid

410 3969 540 4022 huic
568 3970 912 4024 contumeliae
937 3986 1033 4033 par
1059 3969 1226 4024 fuerit
1248 3970 1271 4023 ?
1293 3970 1348 4024 In
1379 3970 1570 4025 faciem
1601 3970 1774 4036 illam,
1807 3988 1974 4040 quam

401 4053 588 4110 videns
611 4071 758 4110 mare
776 4057 1068 4110 reveritum
1088 4065 1196 4120 est,
1217 4074 1382 4126 quam
1410 4059 1462 4112 in
1484 4073 1648 4113 cruce
1665 4059 1748 4113 sol
1765 4059 1977 4126 videns,

399 4141 583 4196 radios
627 4158 760 4198 suos
783 4144 890 4198 alio
923 4145 1166 4198 avertit‘
1191 4185 1205 4209 ,
1235 4145 1633 4214 conspucbant,
1667 4147 1855 4216 alapas
1875 4147 1980 4201 im-

400 4229 716 4298 pingebant,
735 4231 854 4298 ejus
877 4240 1042 4301 caput
1052 4232 1442 4300 percutiebaut,
1463 4233 1675 4290 insania
1694 4251 1790 4291 sua
1813 4249 1979 4304 supra

413 4318 630 4371 modum
653 4318 884 4388 abrepti.
904 4320 1098 4389 Plagas
1114 4322 1258 4375 enim
1277 4323 1522 4376 omnium
1541 4323 1980 4378 contumeliosis-

407 4405 579 4459 simas
610 4405 930 4467 intulerunt.
982 4409 1228 4476 colaphis
1260 4409 1549 4474 caedentes,
1581 4410 1975 4480 percutientes,

404 4493 686 4563 plagisque
703 4503 986 4562 sputorum
1006 4496 1314 4550 convicium
1331 4496 1672 4551 addiderunt.
1694 4497 1980 4567 Verbaque

403 4595 600 4636 rursus
618 4580 910 4636 derisiouis
930 4583 1085 4649 plena
1121 4582 1488 4651 proferebant,
1507 4584 1752 4639 dicentes
1778 4601 1792 4638 :
1835 4582 1977 4638 Pro-

405 4668 616 4735 phetizu
647 4669 816 4733 nobis,
851 4667 1078 4731 Christe,
1100 4673 1219 4740 quis
1250 4682 1328 4724 est
1355 4672 1446 4742 qui
1464 4673 1780 4742 tepercussit
1800 4671 1976 4742 ?quo-

400 4756 546 4809 niam
568 4756 748 4825 ipsum
775 4772 897 4811 esse
923 4759 1242 4827 prophetam
1262 4759 1508 4829 plerique
1523 4759 1801 4815 dicebant.
1820 4758 1978 4815 Alius

399 4841 571 4912 (Luc.
604 4843 692 4898 22.
720 4844 788 4898 64
818 4845 1042 4914 )autem
1083 4847 1238 4912 dicit,
1288 4852 1437 4917 ipsos
1487 4847 1628 4906 facie
1675 4848 1796 4918 ejus
1831 4857 1978 4904 veste

396 4932 678 4998 obvoluta,
708 4933 783 4987 ita
804 4932 1024 5000 fecisse,
1046 4936 1206 5005 quasi
1228 4937 1486 4992 infamem
1507 4952 1571 4994 ac
1593 4939 1798 4994 nullius
1819 4937 1976 5007 pretii

399 5020 669 5072 hominem
699 5021 751 5073 in
799 5022 979 5075 medio
1018 5023 1356 5078 habuissent.
1377 5024 1444 5079 Et
1467 5041 1576 5080 non
1606 5025 1765 5080 liberi
1791 5025 1978 5093 modo,

400 5100 492 5151 sed
518 5098 678 5153 etiam
701 5099 838 5152 servi
865 5097 981 5153 hare
999 5100 1295 5168 petulanter
1309 5113 1493 5158 contra
1518 5105 1688 5172 ipsum
1715 5107 1974 5162 fecerunt.

400 5186 526 5242 Haec
553 5188 791 5258 legamus
821 5189 1130 5259 frequenter
1148 5231 1162 5255 ,
1194 5189 1309 5246 haec
1333 5191 1611 5247 audiamus
1638 5200 1696 5246 ut
1723 5209 1818 5264 par
1842 5204 1926 5249 est
1958 5237 1973 5261 ,

401 5278 515 5334 hinc
540 5280 592 5332 in
613 5280 808 5333 animis
849 5282 1049 5336 nostris
1081 5283 1414 5349 scribamus;
1448 5284 1562 5339 hmc
1583 5287 1779 5356 quippe
1822 5289 1976 5344 nobis

403 5371 728 5426 honorabilia
759 5383 905 5427 sunt.
944 5374 997 5428 lu
1027 5374 1110 5430 his
1135 5391 1234 5446 ego
1266 5379 1430 5431 altum
1461 5379 1608 5447 sapio
1627 5422 1643 5443 ,
1671 5395 1777 5435 non
1802 5382 1972 5437 solum

399 5460 467 5516 dc
490 5463 633 5517 mille
651 5465 877 5519 mortuis
904 5480 1040 5535 quos
1066 5467 1374 5530 suscitavit,
1406 5468 1500 5523 sed
1532 5470 1690 5524 etiam
1734 5470 1801 5525 de
1842 5487 1971 5528 cru-

399 5554 625 5608 ciatibus
653 5569 788 5625 quos
827 5571 1016 5626 passus
1040 5566 1141 5614 est.
1170 5557 1295 5615 Haec
1315 5561 1609 5630 saepissime
1632 5561 1825 5620 Paulus
1851 5579 1970 5620 ver-

461 5685 478 5715 ¹
513 5683 624 5744 Alii,
650 5687 815 5738 radios
830 5701 942 5740 suos
962 5687 1228 5740 occultavit.

709 5783 978 5843 ΡΑτιιοι..
1025 5786 1142 5846 (in.
1187 5782 1403 5844 LVIII.

2083 1425 2185 1481 sat,
2213 1429 2426 1470 crucem
2452 1414 2595 1481 dico,
2629 1425 2878 1482 mortem,
2912 1417 3177 1471 cruciatus
3201 1457 3217 1483 ,
3247 1415 3506 1480 convicia,
3538 1431 3669 1470 con-

2083 1507 2348 1568 tumelias,
2371 1506 2618 1562 dicteria.
2654 1508 2719 1561 Et
2744 1507 2904 1562 modo
2937 1507 3151 1576 quidem
3177 1507 3252 1561 ait
3273 1550 3286 1567 .
3321 1507 3580 1562 Exeamus
3600 1509 3668 1562 ad

2080 1597 2268 1667 ipsum,
2295 1598 2624 1669 opprobrium
2647 1600 2758 1665 eius
2787 1578 3002 1672 ferentes
3022 1599 3204 1672 (Hebr.
3238 1598 3431 1671 13.15)
3457 1615 3472 1664 ;
3510 1599 3669 1653 modo

2080 1698 2280 1754 autem,
2315 1689 2414 1757 Qui
2441 1707 2533 1760 pro
2561 1691 2749 1761 gaudio
2778 1691 2871 1744 sibi
2899 1690 3155 1760 praposito
3185 1707 3383 1744 crucem
3407 1691 3665 1755 sustinuit,

2079 1780 2358 1851 ignominia
2379 1790 2663 1851 contempta
2696 1781 2874 1853 (Ibid.
2907 1782 2994 1836 η.
3016 1780 3053 1834 2
3077 1782 3116 1848 ).
3162 1781 3251 1836 69.
3284 1779 3468 1835 Petrus
3497 1791 3665 1834 autem

2080 1873 2208 1944 foris
2251 1873 2454 1928 sedebat
2494 1875 2549 1928 in
2593 1877 2723 1928 atrio
2748 1891 2765 1927 :
2796 1884 2841 1928 et
2867 1876 3075 1928 accessit
3102 1880 3170 1927 ad
3199 1891 3308 1927 eum
3334 1891 3437 1926 una
3477 1873 3668 1932 ancilla

2082 1964 2295 2019 dicens:
2323 1964 2386 2018 Et
2412 1974 2466 2018 tu
2491 1982 2602 2020 eras
2631 1982 2744 2018 cum
2785 1964 2910 2018 Jesu
2957 1964 3191 2019 Galilazo.
3237 1964 3327 2020 70.
3358 1963 3458 2018 Ille
3497 1976 3665 2018 autent

2081 2061 2278 2130 negavit
2303 2076 2474 2113 coram
2513 2059 2742 2113 omnibus
2783 2059 2954 2113 dicens
2986 2100 3000 2122 ,
3036 2058 3224 2112 Nescio
3249 2058 3372 2125 quid
3398 2058 3542 2112 dicis.
3573 2059 3665 2112 7i.

2081 2144 2209 2200 Cum
2248 2154 2415 2198 autem
2443 2145 2643 2199 exiisset
2671 2145 2724 2197 in
2750 2144 3046 2197 vestibulum
3078 2184 3093 2210 ,
3116 2144 3238 2196 vidit
3265 2143 3409 2196 illum
3437 2143 3544 2196 alia
3572 2184 3586 2205 ,
3619 2153 3670 2196 et

2080 2237 2202 2290 dicit
2230 2235 2300 2290 eis
2328 2251 2346 2288 :
2376 2235 2440 2288 Et
2467 2235 2546 2288 hic
2564 2244 2805 2288 eratcum
2825 2233 2952 2288 Jesu
2977 2233 3268 2288 Nazarene.
3294 2233 3380 2289 72.
3403 2234 3472 2287 Et
3493 2250 3668 2289 rursus

2080 2328 2277 2398 negavit
2292 2344 2404 2381 cum
2411 2328 2722 2398 juramento.
2743 2327 2831 2381 7'5.
2857 2325 2982 2380 Post
3000 2326 3238 2396 pusillum
3258 2336 3424 2380 autem
3445 2342 3558 2380 cum
3581 2342 3669 2379 ac-

2078 2419 2337 2473 cessissent
2354 2419 2440 2488 qui
2459 2417 2677 2482 stabant,
2693 2418 2926 2471 dixerunt
2948 2416 3102 2471 Petro
3127 2433 3145 2470 :
3169 2415 3297 2470 Vere
3317 2428 3369 2470 tu
3386 2433 3448 2470 ea:
3468 2416 3570 2470 illis
3591 2433 3667 2479 es;

2079 2525 2197 2562 nam
2231 2508 2427 2579 loquela
2452 2519 2540 2562 tua
2566 2507 2892 2577 manifestum
2921 2517 2968 2562 te
2997 2507 3120 2578 facit
3145 2507 3183 2560 ί.
3210 2508 3298 2562 74.
3341 2507 3484 2561 Tunc
3519 2508 3669 2578 erepit

2079 2601 2504 2654 anathematizare
2520 2610 2566 2654 et
2574 2601 2756 2670 jurare
2793 2600 2928 2668 quod
2948 2617 3049 2654 non
3070 2601 3286 2654 novisset
3301 2600 3572 2653 hominem.
3602 2598 3667 2652 Et

2077 2695 2314 2748 continuo
2331 2695 2496 2766 gallus
2526 2696 2766 2748 cantavit.
2782 2694 2872 2750 75.
2896 2693 2959 2749 Et
2974 2693 3266 2748 recordatus
3283 2703 3353 2747 est
3371 2693 3552 2747 Petrus
3566 2709 3669 2746 ver-

2077 2786 2125 2840 bt
2139 2785 2174 2840 J
2179 2804 2265 2841 esu
2282 2787 2416 2857 quod
2427 2787 2624 2841 dixerat
2650 2829 2663 2852 ,
2683 2787 2994 2857 Priusquam
3011 2786 3175 2856 gallus
3193 2796 3376 2852 cantet,
3393 2796 3467 2841 ter
3479 2803 3556 2838 me
3575 2803 3666 2840 ne-

2076 2880 2238 2951 gabis.
2264 2881 2328 2933 Et
2355 2897 2581 2951 egressus
2602 2880 2763 2950 foras,
2784 2881 2921 2950 ﬂevit
2947 2896 3137 2932 amare.
3159 2877 3202 2933 Ο
3221 2893 3306 2932 res
3325 2895 3490 2934 novas
3506 2889 3558 2934 et
3585 2881 3667 2933 in-

2076 2974 2396 3030 credibiles!
2417 2973 2551 3028 Cum
2575 2973 2968 3042 apprehensum
2984 2971 3118 3025 vidit
3133 2971 3437 3041 Magistrum
3463 2972 3660 3037 solum,

2079 3073 2282 3120 tantum
2305 3065 2524 3128 exarsit,
2544 3062 2986 3134 utstrlctogladio
2999 3077 3212 3116 servum
3236 3062 3578 3130 percusserit,
3611 3071 3666 3117 et

2076 3156 2368 3211 auriculam
2391 3155 2696 3220 absciderit;
2715 3169 2836 3209 cum
2851 3163 3029 3208 autem
3047 3153 3216 3222 magis
3235 3152 3494 3221 indignari
3513 3161 3564 3206 et
3582 3152 3665 3206 iu-

2075 3248 2228 3303 cendi
2263 3263 2361 3318 par
2384 3255 2500 3302 erat
2527 3287 2542 3312 ,
2572 3255 2717 3302 tanta
2744 3246 2966 3301 audiens
2995 3246 3234 3311 convicia
3266 3287 3281 3310 ,
3324 3256 3450 3299 tunc
3479 3254 3659 3316 negat.

2071 3338 2234 3407 Cujus
2255 3339 2395 3392 enim
2422 3337 2657 3392 furorem
2685 3352 2792 3391 non
2815 3337 3128 3390 incitassent
3156 3351 3218 3390 ea
3249 3351 3368 3405 qua:
3399 3345 3509 3388 tum
3533 3353 3662 3406 age-

2073 3432 2268 3486 bantur
2287 3431 2312 3483 ?
2340 3432 2590 3485 Attamen
2618 3431 2810 3484 timore
2835 3430 3004 3484 victus
3031 3429 3321 3500 discipulus
3348 3445 3453 3484 non
3500 3431 3662 3485 modo

2071 3539 2178 3577 non
2210 3522 2630 3592 indignationem
2655 3519 2859 3590 profert
2886 3561 2900 3585 ,
2933 3519 3025 3574 scd
3057 3519 3217 3575 etiam
3246 3530 3443 3588 negat,
3467 3536 3530 3575 ac
3556 3523 3658 3573 mis

2070 3627 2206 3666 serta
2261 3611 2488 3681 vilisque
2539 3611 2732 3681 puella:
2784 3610 2954 3664 minas
3004 3626 3110 3663 non
3159 3608 3307 3670 fert;
3352 3624 3449 3663 uec
3495 3611 3661 3665 semel

2070 3704 2265 3768 solum,
2294 3702 2389 3757 sed
2416 3703 2575 3757 etiam
2599 3701 2834 3756 secundo
2855 3709 2909 3754 et
2931 3700 3088 3754 tertio
3117 3707 3276 3784 negat
3299 3741 3314 3765 ,
3349 3700 3508 3768 idque
3535 3701 3658 3754 lure-

2069 3795 2120 3848 vi
2175 3802 2416 3862 tempore
2443 3811 2456 3845 :
2487 3809 2592 3847 non
2624 3808 2805 3846 coram
2841 3791 3112 3860 judicibus
3137 3832 3152 3857 ,
3187 3807 3307 3844 nam
3342 3790 3472 3844 foris
3503 3803 3656 3845 erat:

2069 3887 2244 3957 ipsum
2267 3888 2408 3942 enim
2436 3901 2710 3954 egressum
2737 3884 2804 3940 ad
2849 3883 3170 3938 vestibulum
3215 3883 3612 3953 interrogaruut
3639 3901 3654 3939 :

2071 3995 2242 4051 neque
2265 3980 2442 4033 statim
2463 3977 2666 4048 lapsum
2689 3992 2841 4031 suum
2863 3977 3045 4031 sensit.
3064 3974 3215 4043 Quod
3232 3984 3286 4030 et
3312 3975 3484 4029 Lucas
3502 3974 3656 4048 (Cap.

2069 4073 2158 4128 22.
2189 4073 2278 4141 61)
2309 4114 2325 4139 ,
2371 4072 2518 4136 dicit,
2560 4071 2807 4125 nimirum
2844 4069 3075 4138 respexit
3113 4068 3164 4122 in
3213 4069 3361 4124 illum
3410 4069 3657 4125 Christus

2068 4165 2359 4222 ostendens
2387 4165 2556 4234 ipsqu
2589 4178 2694 4216 non
2742 4161 2902 4216 modo
2951 4162 3224 4231 negavisse
3255 4203 3271 4229 ,
3323 4162 3414 4216 sed
3447 4163 3605 4217 etiam
3636 4205 3651 4222 .

2069 4266 2320 4311 cantante
2342 4257 2462 4311 licet
2491 4255 2630 4326 gallo
2663 4297 2677 4319 ,
2710 4255 2916 4322 lapsum
2942 4269 3093 4307 suum
3127 4269 3231 4306 non
3261 4254 3529 4318 sensisse,
3559 4255 3654 4310 sed

2072 4350 2278 4404 monitu
2323 4347 2560 4416 Magistri
2589 4361 2725 4416 opus
2773 4345 3044 4400 habuisse.
3077 4346 3341 4416 Aspectus
3384 4347 3502 4416 ejus
3557 4362 3654 4414 pro

2067 4456 2198 4496 Voce
2228 4440 2363 4505 fuit,
2402 4440 2538 4495 adeo
2574 4440 2761 4493 timore
2791 4438 3068 4508 perculsus
3094 4448 3229 4492 erat.
3261 4439 3468 4493 Marcus
3498 4437 3656 4508 (Cap.

2072 4536 2156 4589 M.
2189 4533 2389 4604 68—72)
2417 4546 2544 4587 vero
2575 4533 2649 4585 ait
2675 4574 2690 4596 ,
2735 4541 3014 4600 postquam
3043 4529 3209 4585 semel
3238 4539 3486 4600 negasset
3508 4571 3522 4593 ,
3545 4532 3657 4600 gal-

2072 4629 2177 4681 lum
2230 4627 2564 4691 cantavisse,
2618 4633 2897 4693 postquam
2928 4632 2931 4634 '
2965 4626 3122 4677 tertio
3200 4632 3485 4692 negasset,
3542 4632 3652 4676 tum

2069 4719 2305 4775 secundo
2327 4718 2625 4773 cantavisse
2646 4718 2865 4787 gallum,
2889 4717 3187 4771 accuratius
3207 4731 3492 4770 recensens
3511 4716 3656 4769 inlir-

2069 4813 2303 4867 mitatem
2336 4810 2580 4879 discipuli
2613 4851 2627 4874 ,
2681 4809 2768 4878 qui
2807 4810 2954 4880 quasi
2995 4817 3236 4864 mortuus
3278 4819 3392 4862 erat
3419 4809 3608 4864 timore
3640 4827 3656 4864 :

2068 4913 2122 4958 et
2153 4903 2255 4957 hoc
2278 4902 2488 4957 Marcus
2519 4887 2559 4955 a
2577 4901 2833 4969 magistro
2863 4916 2960 4955 suo
2982 4901 3167 4955 didicit
3192 4942 3207 4966 ,
3241 4910 3356 4954 erat
3384 4901 3526 4955 enim
3551 4901 3652 4956 Pe-

2071 4995 2134 5048 tri
2163 4993 2478 5063 discipulus.
2503 4992 2621 5058 Quo
2647 4992 2817 5060 magis
2841 4991 3189 5046 admirandus
3212 5000 3295 5045 est
3321 5031 3336 5056 ,
3369 4990 3513 5062 quod
3547 5008 3653 5048 non

2069 5083 2230 5139 modo
2259 5084 2501 5154 magistri
2528 5083 2731 5152 lapsum
2760 5097 2866 5136 non
2897 5083 3177 5148 celaverit,
3201 5081 3296 5137 sed
3322 5081 3466 5151 quod
3493 5083 3654 5139 etiam

2067 5179 2259 5232 clarius
2289 5192 2446 5248 quam
2467 5175 2560 5230 alii
2585 5174 2924 5241 narraverit,
2957 5189 3023 5229 eo
3051 5175 3168 5244 ipso
3188 5174 3330 5244 quod
3359 5174 3656 5246 discipulus

2067 5279 2233 5324 esset.

2137 5362 2191 5415 2.
2233 5359 2510 5428 Quomodo
2546 5359 2704 5430 igitur
2743 5374 2932 5415 verum
2961 5360 3060 5414 erit
3099 5356 3151 5414 id
3195 5360 3335 5430 quod
3369 5359 3649 5415 Mallhactts

2069 5461 2270 5519 narrat,
2313 5450 2581 5506 Christum
2630 5449 2852 5517 dixisse,
2899 5450 3058 5504 Amen
3096 5450 3208 5504 dico
3245 5451 3353 5515 tibi,
3383 5463 3651 5522 antequam

2134 5587 2150 5618 ι
2177 5591 2315 5647 μεθ,
2338 5597 2452 5647 utan
2487 5581 2682 5647 loquela
2705 5588 2790 5633 tua
2809 5581 3118 5647 manifestum
3157 5589 3202 5647 te
3234 5579 3368 5647 facit,
3392 5581 3642 5647 destuttin

2065 5646 2268 5760 ἓῗχὶιὲι
2288 5646 2475 5718 Morel.,
2497 5643 2585 5697 sed
2609 5644 2853 5696 habentur
2875 5644 2927 5693 in
2943 5643 3048 5694 Mss.
3068 5643 3291 5708 plurimis
3328 5651 3478 5707 atque
3503 5643 3552 5694 in
3575 5645 3650 5694 bto

2077 5751 2082 5757 .
2121 5723 2178 5759 us
2243 5721 2398 5758 mets.

3265 5801 3337 5858 19
