4104 6380
490 209 594 267 759

489 325 656 395 gallus
689 331 892 392 cantet,
918 333 992 380 ter
1015 339 1097 378 me
1122 323 1367 395 negabis?
1391 338 1513 377 cum
1545 322 1754 377 Marcus
1777 321 1924 375 dicat
1946 328 2069 389 post

489 417 701 470 tertiam
734 416 1067 485 negationem
1094 415 1291 485 gallum
1334 412 1571 469 secundo
1596 412 1938 468 cantavisse?
1960 409 2068 465 Sed

492 507 608 560 han
627 506 914 560 admodum
963 520 1087 559 vera
1117 514 1173 559 et
1201 520 1436 560 consona
1463 514 1607 558 sunt.
1637 504 1771 570 Quia
1794 502 1937 557 enim
1963 502 2073 556 sin-

484 600 624 669 gulis
649 599 851 654 vicibus
876 599 1011 653 solet
1040 599 1209 669 gallus
1238 610 1319 652 ter
1342 608 1639 669 quaterque
1662 606 1899 660 cantare,
1929 595 2070 650 Mar-

485 704 580 745 cus
611 689 663 743 id
685 689 833 755 dicit,
867 699 924 743 nt
962 689 1198 744 declaret
1233 703 1338 743 non
1368 702 1555 743 vocem
1604 688 1747 743 illam
1778 690 1948 758 ipsum
1980 700 2070 740 re-

491 779 726 844 tinuisse,
764 788 820 835 et
841 780 909 834 ad
948 792 1183 835 mentem
1230 794 1530 835 revocasse.
1574 778 1757 849 Itaque
1787 787 2072 846 utrumque

487 887 671 926 verum
719 879 823 927 est.
868 872 1182 943 Priusquam
1226 873 1371 927 enim
1419 872 1590 941 gallus
1630 870 1858 941 primam
1898 871 2070 923 vicem

484 967 846 1036 explevisset,
877 974 961 1021 ter
990 967 1221 1035 negavit.
1250 965 1422 1033 Atque
1445 979 1476 1018 a
1505 962 1717 1018 Christo
1752 962 1819 1017 de
1851 969 2072 1031 peccato

485 1056 741 1120 monitus,
767 1073 873 1111 non
902 1072 1063 1110 ausus
1087 1066 1170 1110 est
1204 1056 1376 1125 palam
1404 1056 1554 1119 ﬂere,
1581 1069 1648 1109 ne
1677 1069 1773 1124 per
1803 1053 2067 1123 Iaerymas

486 1159 826 1203 accusaretur
874 1167 889 1203 :
935 1149 1030 1203 sed
1064 1148 1309 1219 Egressus
1357 1150 1495 1218 foras
1524 1148 1659 1216 ﬂevit
1692 1161 1883 1199 amare.
1914 1144 2068 1214 (Cap.

487 1234 579 1292 3'7.
621 1236 674 1293 1.
817 1240 1119 1294 Adveniente
1143 1249 1309 1294 autem
1335 1239 1416 1293 die
1443 1239 1635 1292 ducunt
1678 1237 1856 1291 Jesum
1884 1254 1915 1290 a
1948 1235 2071 1291 Cai-

486 1332 591 1402 pha
622 1331 693 1384 ad
730 1329 982 1385 Pilatum.
1013 1330 1144 1398 Quia
1174 1330 1315 1385 cnim
1339 1330 1486 1384 illum
1517 1328 1762 1384 occidere
1801 1328 2069 1395 volebant,

487 1438 586 1477 nec
624 1432 870 1493 poterant
908 1422 978 1477 ob
1011 1421 1226 1484 festum.
1280 1421 1345 1475 ad
1401 1420 1681 1491 praesidem
1729 1419 1948 1474 ducunt.
1992 1418 2070 1473 Tu

485 1528 615 1567 vero
643 1512 771 1567 mihi
797 1513 1104 1568 consideres
1127 1512 1398 1583 quomodo
1439 1526 1528 1567 res
1558 1512 1901 1582 processerit,
1934 1518 1991 1565 ut
2014 1510 2068 1565 in

487 1602 625 1657 festo
651 1618 741 1658 res
766 1603 916 1659 ﬂeret
948 1621 962 1658 :
1005 1604 1085 1658 sic
1121 1604 1263 1658 enim
1312 1618 1546 1671 superne
1572 1602 1844 1657 delinitum
1876 1601 2067 1657 fuerat.

483 1694 540 1749 2.
569 1694 713 1749 Tunc
732 1696 903 1750 videns
915 1695 949 1749 .l
956 1696 1102 1761 udas,
1128 1695 1214 1764 qui
1234 1695 1509 1748 tradiderat
1529 1710 1662 1757 eum,
1681 1692 1818 1763 quod
1835 1692 2071 1747 condent-

486 1799 636 1843 natus
653 1798 813 1854 esset,
841 1791 1133 1861 paenitentia
1158 1790 1342 1843 ductus
1367 1790 1533 1843 retulit
1557 1789 1765 1859 triginta
1786 1798 2067 1859 argenteos.

486 1883 599 1937 Hoc
629 1883 786 1953 hujus
805 1893 860 1938 et
897 1884 1108 1938 illorum
1130 1883 1335 1937 crimen
1366 1891 1523 1952 auget
1549 1900 1563 1937 :
1589 1881 1767 1950 hujus,
1792 1896 1898 1936 non
1927 1880 2070 1951 quod

485 1975 794 2043 pteniteutia
822 1974 1012 2029 ductus
1042 1975 1150 2041 sit,
1203 1974 1297 2027 scd
1338 1972 1479 2043 quod
1525 1972 1744 2034 tardius.
1787 1982 1842 2027 et
1886 1988 1945 2028 se
1971 1986 2071 2026 suo

480 2065 680 2134 judicio
706 2065 1070 2132 damnaverit;
1099 2080 1157 2119 se
1176 2066 1318 2120 enim
1345 2064 1628 2119 tradidisse
1652 2064 1930 2119 confessus
1947 2074 2028 2119 est
2051 2080 2066 2125 ;

483 2158 692 2212 illorum
741 2172 889 2223 vero,
931 2157 1071 2227 quod
1114 2173 1234 2211 cum
1264 2167 1484 2227 possent
1513 2156 1883 2226 pmnitentiam
1911 2170 2070 2226 agere

481 2260 536 2305 et
564 2250 777 2317 mutari,
814 2266 919 2305 non
964 2252 1304 2321 resipuerint.
1354 2250 1631 2319 Perpende
1656 2260 1832 2305 autem
1856 2249 2070 2320 quando

488 2346 802 2416 paenitentia
823 2346 1067 2400 ducatur.
1087 2347 1219 2401 Cum
1244 2345 1535 2415 perfectum
1568 2344 1953 2415 impletumque
1974 2344 2070 2398 fuit

482 2445 779 2506 peccaturo.
812 2437 956 2490 Talis
983 2451 1177 2506 nempe
1197 2436 1442 2490 diabolus
1471 2444 1554 2490 est
1582 2453 1596 2489 :
1623 2450 1716 2489 eos
1741 2436 1828 2503 qui
1856 2449 1962 2489 non
1991 2435 2070 2489 vi-

484 2527 654 2597 gilant
682 2542 787 2581 non
818 2528 949 2582 sinit
990 2538 1270 2597 peccatum
1319 2528 1604 2596 respicere,
1646 2541 1714 2580 ne
1741 2526 1905 2580 semel
1929 2525 2069 2595 capti

481 2618 849 2688 paenitentiam
897 2626 1076 2687 agant.
1132 2616 1235 2670 'l‘ot
1285 2616 1412 2671 Jcsu
1463 2615 1660 2671 Christi
1702 2614 1882 2671 verbis
1936 2614 2068 2669 nihil

481 2707 651 2763 ﬂexus
678 2717 760 2763 est
791 2725 804 2761 :
835 2722 958 2762 cum
990 2722 1118 2762 vero
1145 2704 1323 2762 scelus
1362 2706 1472 2777 jam
1503 2715 1866 2777 perpetratum
1895 2706 2070 2777 perfe-

481 2809 735 2869 ctumque
784 2797 903 2863 fuit,
951 2808 1077 2853 tunc
1131 2797 1444 2867 pwnitentia
1493 2796 1683 2851 ductus
1708 2797 1934 2852 estsine
1961 2796 2067 2851 ulla

482 2891 728 2945 utilitate.
757 2889 887 2943 Nam
911 2888 1051 2959 quod
1076 2888 1312 2959 seipsum
1334 2889 1688 2954 damnaverit,
1710 2888 1852 2959 quod
1871 2904 2066 2959 argen-

480 2990 598 3035 teos
648 2980 955 3049 projeccrit,
1002 2994 1104 3035 nec
1138 2979 1354 3035 Judzeos
1400 2981 1662 3035 reveritus
1713 2980 1894 3048 fuerit,
1951 2979 2068 3036 haec

479 3086 659 3126 omnia
687 3071 950 3125 laudanda
978 3071 1245 3138 fuissent;
1278 3071 1420 3142 quod
1446 3087 1573 3126 vero
1616 3086 1677 3126 se
1704 3072 2068 3143 strangulave-

481 3164 571 3229 rit,
596 3162 792 3216 nullam
822 3170 998 3232 potest
1028 3163 1240 3218 veniam
1272 3163 1574 3228 admittere,
1600 3162 1927 3233 malignique
1954 3163 2068 3219 dte-

480 3251 655 3308 monis
684 3262 767 3308 est
788 3268 941 3322 opus.
971 3252 1253 3324 Prteripuit
1279 3254 1421 3309 enim
1448 3270 1569 3309 eum
1588 3270 1620 3309 a
1642 3256 1974 3324 paenitentia,
2008 3266 2067 3311 ut

483 3345 689 3399 nullum
712 3362 777 3399 ex
808 3346 896 3400 illa
921 3346 1232 3413 paenitentia
1252 3345 1482 3401 fructum
1504 3347 1762 3417 consequi
1784 3356 1985 3418 posset,
2009 3357 2065 3403 et

478 3436 787 3505 turpissima
815 3436 1169 3507 omnibusque
1195 3445 1318 3490 nota
1350 3445 1523 3491 morte
1546 3437 1761 3491 sustulit
1785 3478 1801 3504 ,
1834 3437 2066 3494 suadens

478 3527 551 3582 illi
587 3537 647 3581 ut
681 3527 918 3597 seipsum
966 3528 1318 3583 interimeret.
1346 3527 1424 3581 Tu
1456 3543 1583 3582 vero
1607 3528 1739 3582 mihi
1783 3530 2062 3585 veritatem

475 3619 784 3677 consideres
836 3620 995 3676 velim
1042 3620 1274 3690 undique
1330 3619 1641 3691 fulgentem,
1691 3620 1851 3676 etiam
1892 3636 1957 3676 ex
2001 3621 2065 3676 iis

477 3714 659 3779 rebus,
716 3726 850 3782 quas
898 3710 1189 3766 adversarii
1239 3711 1438 3767 faciunt
1486 3712 1570 3767 vel
1599 3712 1890 3782 patiuntur.
1931 3710 2063 3767 Nam

476 3804 587 3873 ipsa
611 3818 755 3858 mors
786 3802 1093 3873 proditoris,
1117 3804 1182 3859 iis
1199 3805 1288 3875 qui
1315 3803 1590 3860 Christum
1620 3802 1943 3858 damnarunt
1967 3819 2060 3858 ora

477 3897 749 3963 obstruit,
781 3911 956 3966 neque
1003 3895 1107 3950 illis
1135 3896 1379 3950 umbram
1432 3895 1758 3950 defensionis
1788 3895 2060 3965 relinquit.

476 3988 614 4055 Quid
640 3989 782 4044 enim
808 3988 987 4045 dicere
1016 3996 1238 4058 possunt
1264 3987 1361 4055 illi,
1388 3986 1604 4057 quando
1638 3987 1799 4042 talem
1822 3986 2063 4056 proditor

476 4080 761 4136 adversum
792 4095 852 4136 se
878 4081 1162 4150 protulisse
1186 4081 1511 4135 sententiam
1537 4080 1826 4134 narratur?
1849 4078 1955 4135 Sed
1991 4078 2060 4133 il-

480 4176 652 4229 lorum
694 4174 857 4230 verba
898 4174 1198 4230 videamus.
1244 4175 1579 4245 Principibus
1609 4174 1948 4230 sacerdotum
1976 4188 2063 4228 ar-

480 4278 703 4340 genteos
727 4269 910 4325 retulit
933 4309 948 4333 ,
975 4278 1029 4324 et
1057 4270 1132 4324 ait
1156 4285 1171 4322 :
1204 4269 1259 4324 4.
1293 4267 1505 4322 Peccavi
1534 4268 1739 4322 tradens
1763 4267 2062 4339 sanguinem

479 4363 689 4431 justum.
722 4360 786 4414 At
811 4361 889 4414 illi
933 4360 1169 4414 dixerunt
1216 4375 1235 4414 :
1267 4358 1403 4426 Quid
1439 4362 1509 4413 ad
1553 4358 1685 4413 nos?
1732 4356 1813 4412 Tu
1855 4357 2060 4411 videris.

480 4454 534 4508 5.
562 4452 629 4507 Et
652 4453 886 4524 projectis
906 4456 1157 4524 argenteis
1186 4452 1237 4506 in
1262 4452 1468 4520 templo,
1504 4451 1727 4516 recessit,
1751 4460 1796 4504 et
1823 4449 1992 4503 abiens
2012 4465 2066 4502 se

480 4544 762 4612 suspendit.
792 4541 923 4597 Nam
970 4543 1311 4597 conscientiae
1349 4542 1596 4597 stimulos
1623 4556 1728 4596 non
1768 4542 1905 4595 tulit.
1929 4540 2064 4595 Pcr-

482 4636 654 4706 pcnde
678 4645 853 4690 autem
878 4636 1007 4691 mihi
1031 4636 1242 4691 Judmos
1269 4636 1397 4691 illud
1421 4638 1592 4706 ipsum
1624 4636 1899 4691 facientes.
1931 4635 2062 4689 Nam

479 4745 602 4783 cum
632 4729 701 4783 ab
730 4729 796 4784 iis
823 4745 942 4799 quae
971 4730 1115 4799 passi
1157 4736 1313 4783 crant
1336 4728 1608 4783 emendari
1653 4727 1931 4795 deberent,
1958 4744 2064 4782 non

484 4820 631 4890 prius
667 4819 891 4892 gradum
936 4822 1172 4886 sistunt,
1200 4835 1356 4890 quam
1403 4828 1679 4889 peccatum
1716 4820 2061 4889 perfecerint.

486 4911 693 4965 Etenim
740 4911 895 4981 hujus
943 4921 1237 4980 peccatum,
1287 4912 1427 4981 quod
1489 4909 1715 4981 proditio
1766 4920 1902 4976 erat,
1955 4912 2066 4978 jam

482 5012 845 5073 perpetratum
870 5004 1069 5070 fuerat;
1117 5003 1328 5059 illorum
1364 5018 1494 5058 vero
1526 5012 1800 5073 peccatum
1829 5003 2063 5057 nondum

482 5093 806 5165 completum
833 5106 969 5152 erat.
986 5096 1119 5150 Cum
1143 5105 1320 5150 autem
1348 5096 1425 5150 illi
1456 5097 1627 5150 scelus
1654 5095 1990 5164 perfecerunt
2013 5102 2069 5148 et

483 5185 864 5242 crucifixerunt
892 5204 1032 5251 eum,
1068 5195 1192 5242 tunc
1230 5197 1285 5242 et
1331 5187 1430 5258 ipsi
1470 5188 1749 5243 turbantur
1770 5231 1785 5254 ,
1814 5206 1953 5245 nunc
1981 5190 2067 5245 di-

482 5289 668 5335 centes
712 5298 723 5332 :
775 5278 901 5333 Noli
949 5282 1163 5335 scribere
1205 5282 1337 5334 hunc
1390 5296 1497 5335 esse
1559 5299 1725 5353 regem
1768 5281 2069 5338 Iudaeorum

488 5370 668 5438 (Joan.
705 5369 793 5426 l9.
838 5371 901 5425 2|
933 5372 972 5441 ).
1006 5372 1163 5442 Atqui
1190 5371 1312 5442 quid
1342 5372 1537 5426 timetis
1561 5413 1575 5438 ,
1608 5372 1733 5442 quid
1761 5375 2065 5441 turbamini,

482 5473 695 5519 mortuo
726 5464 837 5532 jam
870 5478 1094 5533 corpore
1140 5464 1193 5518 in
1243 5478 1403 5519 cruce
1432 5464 1696 5533 pendente
1716 5464 1739 5516 ?
1762 5464 1914 5520 Nunc
1943 5483 2070 5521 vero

490 5554 798 5610 custodiunt
830 5554 959 5609 illud
1002 5564 1057 5610 et
1105 5554 1330 5609 dicunt:
1385 5552 1469 5608 Ne
1518 5558 1650 5626 forte
1687 5556 1919 5628 {urentur
1953 5575 2067 5612 eum

488 5648 722 5719 discipuli
773 5649 915 5720 ejus;
952 5658 1000 5705 et
1039 5649 1230 5721 papula
1269 5648 1459 5716 dicant,
1489 5649 1658 5719 ipsum
1698 5652 2068 5718 resurrexisse;

1157 208 1215 266 ὃ.
1256 206 1535 265 JOANNIS
1569 201 2071 265 CHRYSOSTOMI.
2115 201 2433 259 ARCHIEP.
2472 201 3007 260 CONSTANTINOP.

3663 208 3769 265 760

2181 326 2232 372 et
2255 316 2350 371 erit
2368 316 2666 371 nouissimus
2690 334 2830 370 error
2860 319 3004 387 peior
3043 317 3211 386 peiore
3248 317 3477 389 (Matth.
3507 319 3598 376 27.
3632 321 3704 377 64
3723 326 3765 391 ).

2176 409 2247 465 At
2266 419 2413 465 certe
2441 410 2485 464 si
2515 410 2565 464 id
2596 410 2848 475 dixerint,
2880 412 2981 465 nisi
3014 426 3100 466 res
3127 427 3248 466 vera
3281 411 3462 476 fuerit,
3489 413 3645 471 facile
3673 432 3764 472 re-

2176 502 2469 573 darguitur.
2515 502 2621 558 Sed
2663 503 2932 574 quomodo
2974 502 3292 560 furabantur
3340 507 3432 576 qui
3478 507 3570 562 illo
3614 523 3765 563 com-

2179 594 2443 663 prebensn
2481 610 2548 649 ne
2575 604 2722 650 stare
2747 595 2961 665 quidem
2990 597 3104 651 ausi
3158 607 3303 665 sunt,
3350 599 3567 670 quando
3610 615 3768 673 cory-

2176 683 2363 754 pbams
2393 693 2473 739 ter
2496 685 2643 739 illum
2670 687 2901 756 negavit,
2940 688 3131 758 puellm
3155 690 3626 747 comminationem
3660 710 3764 747 non

2176 775 2398 831 ferens?
2424 775 2552 839 Sed,
2582 787 2638 830 ut
2661 777 2794 843 dixi,
2821 777 3036 833 demum
3056 779 3432 838 turbabantur.
3452 782 3605 849 Quod
3622 786 3766 840 enim

2176 867 2375 921 scirent
2396 883 2505 922 rem
2529 882 2651 923 esse
2676 879 2974 939 peccatum,
3002 879 3149 939 patet
3176 886 3244 926 ex
3269 872 3334 928 iis
3353 888 3473 944 quae
3494 873 3762 943 dicebant,

2176 953 2257 1009 Tu
2281 956 2486 1011 videris.

2248 1047 2425 1101 Araris
2463 1047 2631 1104 ludas
2672 1051 2724 1103 in
2749 1051 3033 1123 exemplum
3063 1055 3390 1123 proponitur.
3422 1085 3494 1098 —
3521 1057 3717 1114 Audite
3744 1102 3762 1126 ,

2175 1139 2340 1204 avari,
2364 1140 2593 1209 cogitate
2617 1157 2735 1210 qua:
2757 1142 2845 1197 ille
2872 1158 3059 1212 passus
3081 1144 3187 1210 sit;
3219 1147 3488 1216 quomodo
3514 1152 3766 1219 pecunias

2175 1231 2455 1298 amiserit,
2481 1242 2536 1286 et
2563 1232 2744 1287 scelus
2769 1237 3198 1305 perpetraverit;
3230 1240 3502 1307 quomodo
3527 1243 3764 1297 avaritia:

2175 1319 2400 1374 fructum
2425 1337 2530 1376 non
2559 1322 2740 1377 tulerit
2762 1364 2779 1388 ,
2821 1333 2876 1379 et
2904 1326 3136 1382 animam
3165 1328 3478 1396 perdiderit.
3512 1330 3658 1386 Talis
3682 1342 3767 1388 est

2177 1413 2418 1469 avaritia:
2450 1417 2689 1487 tyrannis
2720 1434 2733 1470 :
2758 1432 2859 1473 nec
2881 1428 3105 1489 argento
3126 1419 3320 1476 fruitur
3345 1463 3364 1488 ,
3393 1437 3491 1477 nec
3513 1425 3764 1492 praesenti

2175 1508 2315 1573 vita,
2347 1524 2446 1564 nec
2471 1509 2650 1566 futura
2686 1528 2699 1566 :
2732 1512 2829 1567 sed
2869 1515 3047 1567 omnia
3092 1513 3375 1569 confertim
3401 1517 3618 1584 amisit,
3646 1532 3763 1571 ma-

2175 1600 2387 1672 lamque
2416 1613 2603 1659 nactus
2629 1604 2767 1674 apud
2791 1605 2912 1660 illos
2944 1604 3161 1673 famam,
3181 1608 3371 1679 laqueo
3385 1607 3560 1679 gulam
3586 1607 3760 1679 fregit.

2176 1691 2281 1747 Sed
2301 1735 2318 1760 ,
2347 1702 2406 1749 ut
2431 1693 2538 1749 dixi
2566 1737 2581 1761 ,
2615 1705 2735 1764 post
2761 1712 2872 1751 rem
2904 1707 3173 1767 peractam
3198 1739 3213 1765 ,
3242 1697 3455 1766 quidam
3487 1715 3599 1754 rem
3623 1701 3767 1769 aspi-

2175 1785 2341 1842 ciunt.
2368 1785 2500 1841 Vide
2526 1787 2683 1856 igitur
2709 1798 2763 1843 et
2788 1789 2906 1843 illos
2929 1831 2945 1855 ,
2979 1798 3180 1844 tantum
3204 1788 3409 1845 facinus
3448 1790 3591 1846 clare
3631 1805 3757 1846 sen-

2178 1881 2277 1937 tire
2304 1882 2568 1949 nolentes,
2618 1884 2711 1938 sed
2757 1884 3015 1950 dicentes,
3065 1883 3144 1939 Tu
3166 1884 3369 1941 uideris.
3398 1884 3526 1953 Qnre
3554 1899 3644 1941 res
3671 1900 3763 1940 eo-

2175 1988 2294 2028 rum
2322 1974 2535 2045 culpam
2582 1985 2740 2045 auget
2771 1993 2784 2030 :
2811 1992 2933 2031 nam
2977 1976 3094 2032 haec
3132 1977 3292 2032 verba
3320 1990 3441 2031 sunt
3471 1979 3762 2032 testifican-

2176 2064 2307 2119 timn
2350 2065 2554 2122 facinus
2604 2083 2726 2123 esse
2789 2068 3157 2134 horrendum,
3206 2070 3301 2125 sed
3347 2070 3509 2124 animi
3574 2070 3763 2126 morbo

2174 2155 2443 2210 ebriorum
2467 2197 2484 2224 ,
2515 2157 2605 2228 qui
2654 2156 2913 2212 nollenta
2958 2167 3207 2228 suscepto
3248 2159 3484 2215 satanico
3528 2157 3762 2216 facin'ore

2175 2246 2447 2303 absistere
2473 2291 2487 2313 ,
2518 2248 2612 2303 sed
2662 2248 2798 2305 ﬁctae
2846 2250 3156 2321 ignorantia:
3194 2251 3458 2307 velamine
3499 2267 3561 2308 se
3600 2253 3761 2308 stulte

2174 2338 2465 2406 operirent.
2497 2337 2629 2394 Nam
2658 2340 2701 2394 si
2744 2352 2862 2411 post
2907 2356 3119 2395 crucem
3153 2341 3267 2397 hare
3295 2342 3578 2409 dixissent,
3612 2354 3756 2412 post-

2173 2442 2331 2497 quam
2360 2427 2732 2499 Chrismsjam
2758 2441 3000 2486 mortuus
3042 2440 3178 2498 erat,
3212 2448 3278 2487 ne
3304 2441 3433 2488 tunc
3461 2434 3675 2504 quidem
3708 2434 3760 2489 id

2174 2518 2558 2576 rationabiliter
2577 2520 2679 2575 dici
2703 2531 2948 2591 poterat;
2978 2522 3102 2578 licet
3133 2524 3182 2577 id
3211 2539 3315 2578 non
3344 2525 3480 2579 adeo
3501 2525 3761 2581 damnan-

2173 2609 2298 2664 dum
2322 2610 2508 2667 fuisset
2536 2628 2708 2668 :nunc
2733 2623 2907 2668 autem
2929 2614 3054 2668 dum
3077 2614 3250 2669 adhuc
3274 2615 3362 2669 ille
3379 2616 3518 2681 apud
3542 2632 3637 2671 vos
3654 2628 3757 2682 est,

2174 2709 2229 2755 et
2252 2701 2397 2756 illum
2416 2704 2636 2773 potestis
2659 2703 2948 2771 dimittere,
2971 2706 3241 2776 quomodo
3268 2704 3369 2761 hoc
3392 2706 3573 2763 dicere
3593 2707 3759 2763 aude-

2176 2790 2283 2844 tis?
2303 2790 2429 2846 Haac
2453 2792 2650 2863 quippe
2678 2793 2920 2849 defensio
2965 2796 3193 2851 maxima
3223 2806 3305 2851 est
3334 2799 3623 2853 accusatio.
3649 2798 3763 2854 Cur

2173 2893 2228 2937 et
2264 2899 2368 2954 qua
2413 2884 2481 2939 de
2515 2887 2713 2941 causa?
2741 2886 2873 2956 Quia
2920 2888 2971 2942 in
3024 2888 3351 2958 proditorem
3382 2898 3551 2944 totum
3581 2892 3758 2946 scelus

2173 2975 2392 3045 rejicitis
2416 3018 2433 3045 ,
2473 2977 2602 3033 illud
2627 2978 2865 3035 dicentes
2885 3022 2902 3047 ,
2944 2978 3025 3035 Tu
3055 2980 3239 3035 videris
3262 3023 3277 3046 ,
3324 2997 3445 3036 cum
3487 2982 3703 3052 possitis
3727 2999 3757 3038 a

2171 3067 2372 3125 Christi
2416 3085 2546 3126 nece
2587 3072 2884 3139 desistere,
2925 3073 3180 3143 illumque
3221 3074 3493 3130 dimittere
3521 3090 3540 3129 :
3573 3090 3756 3130 verum

2171 3172 2476 3231 susceptum
2525 3163 2701 3217 scelus
2731 3164 3003 3233 perfecere
3028 3205 3041 3228 ,
3075 3165 3364 3235 proditioni
3414 3179 3628 3221 crucem
3659 3166 3757 3220 ad-

2171 3252 2381 3307 dentes.
2413 3253 2548 3321 Quid
2577 3257 2719 3308 enim
2760 3254 3073 3325 impedivit,
3100 3270 3221 3310 cum
3245 3256 3342 3326 ipsi
3366 3255 3611 3314 dicerent
3632 3300 3646 3323 ,
3677 3256 3757 3312 Tn

2171 3344 2375 3410 videris,
2405 3346 2691 3416 quominus
2728 3345 3049 3401 desisterent
3088 3362 3118 3400 a
3145 3346 3422 3404 facinore?
3450 3348 3602 3407 Nunc
3627 3366 3760 3407 vero

2170 3438 2495 3492 contrarium
2529 3437 2750 3500 faciunt,
2780 3454 2965 3493 necem
2996 3439 3254 3509 adjiciunt
3285 3481 3300 3505 ,
3326 3455 3390 3495 ac
3413 3452 3523 3496 tum
3555 3444 3753 3510 verbis,

2173 3538 2284 3585 tum
2314 3529 2487 3594 factis,
2534 3546 2593 3586 se
2637 3532 3025 3587 inevitabilibus
3070 3533 3225 3588 malis
3280 3532 3574 3590 involvunt.
3623 3534 3753 3591 Nam

2172 3633 2355 3692 postea
2377 3661 2393 3688 ,
2428 3625 2768 3692 permittente
2799 3622 2969 3678 Pilato
2998 3664 3014 3690 ,
3060 3622 3319 3679 latronem
3347 3626 3643 3681 maluerunt
3669 3627 3753 3682 di-

2172 3714 2330 3782 mitti,
2353 3730 2511 3785 quam
2540 3715 2749 3779 Jesum,
2781 3727 2836 3771 et
2864 3715 3125 3772 latronem
3168 3717 3419 3786 quidem,
3443 3718 3754 3776 innumero-

2171 3825 2287 3865 rum
2309 3809 2573 3865 scelerum
2602 3810 2929 3874 convictum,
2954 3810 3293 3866 innocentem
3320 3811 3750 3880 declaraveram,

2169 3900 2437 3957 Christum
2467 3909 2643 3955 autem
2669 3942 2685 3965 ,
2712 3900 2804 3971 qui
2836 3901 2982 3970 ipsos
3012 3899 3142 3955 nihil
3169 3900 3400 3959 lazserat.
3429 3903 3538 3957 imo
3562 3903 3651 3974 qui
3677 3911 3755 3959 tot

2170 3995 2315 4066 ipsos
2336 3993 2610 4051 beneficiis
2643 3993 2915 4061 all'ecerat,
2939 3993 3267 4049 occiderunt.

2240 4085 2294 4140 5.
2367 4083 2636 4154 Principes
2708 4085 3026 4139 sacerdotunt
3091 4102 3124 4137 a
3175 4084 3384 4155 propria
3448 4085 3753 4140 conscientia

2170 4177 2416 4232 damnati.
2472 4176 2807 4247 Eleemosyna
2860 4192 2925 4230 ea:
2980 4176 3175 4247 rapinis
3244 4180 3380 4249 facta
3429 4177 3752 4248 rcprobatur.

2174 4267 2412 4323 Ecclesia:
2438 4268 2766 4322 Antiocltente
2805 4268 2934 4321 bona
2983 4278 3031 4321 et
3078 4268 3385 4339 prtedia.-—
3438 4268 3577 4336 Quid
3625 4284 3753 4338 ergo

2170 4359 2374 4416 Judas?
2407 4358 2476 4414 Ut
2511 4359 2644 4413 vidit
2670 4375 2728 4413 se
2759 4359 3014 4413 inutiliter
3052 4360 3292 4415 laborare
3312 4400 3328 4426 ,
3357 4359 3583 4429 illosque
3611 4360 3752 4414 nolle

2172 4454 2430 4523 recipere,
2465 4450 3004 4523 projecitargcnteos,
3027 4449 3096 4505 Et
3134 4452 3304 4506 abiens
3338 4450 3521 4522 laqueo
3562 4469 3746 4507 sesus-

2172 4545 2368 4615 pendit.
2420 4543 2476 4599 6.
2524 4543 2791 4611 Principes
2813 4551 2979 4595 autem
3002 4541 3320 4597 sacerdotum
3342 4584 3358 4610 ,
3387 4559 3504 4597 cum
3523 4544 3749 4615 accepis-

2172 4650 2282 4691 sent
2309 4645 2593 4708 argenteos,
2623 4635 2860 4689 dixerunt
2894 4649 2911 4688 :
2939 4633 3061 4689 Non
3089 4635 3203 4690 licet
3222 4652 3306 4690 eos
3346 4637 3540 4691 mittere
3566 4637 3619 4690 in
3641 4653 3753 4692 cor-

2175 4729 2373 4790 bonam,
2406 4726 2525 4798 quia
2547 4726 2762 4797 pretium
2786 4726 3049 4796 sanguinis
3067 4734 3161 4782 est.
3194 4727 3246 4783 7.
3278 4725 3343 4781 Et
3362 4727 3574 4782 consilio
3602 4726 3748 4793 inito,

2174 4828 2401 4873 emerunt
2425 4832 2489 4871 ex
2529 4816 2604 4872 eis
2633 4832 2812 4887 agrum
2861 4816 3006 4887 ﬁguli
3034 4816 3089 4870 in
3126 4816 3434 4887 sepulturam
3462 4818 3752 4890 peregrino-

2174 4925 2307 4962 rum.
2336 4908 2390 4963 8.
2415 4906 2541 4963 ldeo
2565 4916 2768 4961 uocatus
2794 4917 2864 4962 est
2890 4923 3012 4978 ager
3032 4906 3120 4961 ille
3146 4924 3269 4980 ager
3308 4910 3571 4979 sanguinis
3597 4927 3753 4979 usque

2174 5003 2243 5055 ad
2272 5002 2568 5055 hodiernum
2590 5001 2743 5054 diem.
2774 5000 2827 5056 9.
2863 4998 3006 5054 Tunc
3030 5000 3291 5072 impletum
3311 5012 3383 5054 est
3405 5002 3540 5072 quod
3565 5003 3753 5057 dictum

2176 5105 2251 5149 est
2278 5112 2366 5165 per
2383 5092 2657 5147 Jeremiam
2684 5093 2978 5164 prophetam
2998 5093 3241 5147 dicentem
3274 5108 3293 5148 :
3328 5093 3414 5150 10.
3445 5094 3510 5148 Et
3550 5111 3753 5163 accepe-

2176 5200 2294 5244 runt
2336 5190 2541 5260 triginta
2566 5201 2860 5260 argenteos,
2892 5190 3108 5258 pretium
3150 5192 3417 5261 cppretiati
3448 5190 3630 5261 (Zaclt.
3665 5194 3750 5246 Η.

2182 5282 2305 5352 12),
2330 5283 2416 5335 ll.
2449 5291 2495 5334 et
2520 5280 2764 5334 dederunt
2795 5297 2879 5334 eos
2898 5281 2953 5334 in
2980 5298 3162 5351 agrum
3202 5281 3366 5353 ﬁguli.
3399 5283 3528 5335 sicut
3568 5294 3753 5337 consli-

2178 5375 2271 5428 tuit
2298 5375 2421 5427 mihi
2463 5372 2735 5428 Dominus.
2770 5372 2959 5427 Viden’
2986 5388 3170 5427 rursus
3202 5389 3297 5428 eos
3323 5390 3351 5426 a
3395 5376 3603 5444 propria
3629 5389 3755 5428 con-

2179 5468 2400 5523 scientia
2436 5465 2881 5533 damnarilQuia
2928 5465 3072 5520 enim
3125 5465 3384 5529 sciebant,
3428 5480 3486 5520 se
3530 5466 3758 5520 hominis

2177 5560 2376 5616 crcdcm
2418 5561 2713 5621 coemisse.
2771 5576 2876 5614 non
2914 5558 3161 5629 jecerunt
3205 5560 3257 5612 in
3293 5558 3610 5624 corbonam,
3660 5558 3755 5614 sed

2181 5659 2423 5709 emerunt
2450 5666 2634 5723 agrum
2680 5650 2825 5723 figuli
2868 5652 2922 5707 in
2951 5650 3281 5721 sepulturam
3330 5650 3757 5722 peregrinorum.
