4146 6374
372 347 470 401 761

372 462 558 527 δότος;
607 458 824 529 Ἐπειδὴ
862 460 967 530 γὰρ
998 458 1215 529 ᾔδεσαν,
1248 456 1328 508 ὃτι
1382 456 1474 507 τὸν
1522 454 1681 523 φόνον
1734 452 2033 530 ἠγόρασαν,

373 542 472 593 οὐκ
502 539 691 593 ἔϐαλον
723 540 799 601 είς
834 529 1243 609 τδννκορϐονᾶν,
1279 535 1392 587 ἀλλ’
1421 534 1697 604 ἠγόρασαν
1722 532 1888 602 ἀγρὸν
1916 529 2035 609 ⁹¹·ξ⁸

373 621 451 682 είς
492 619 667 689 ταφὴν
719 621 829 681 τοῖς
867 607 1057 683 ξένοις.
1104 617 1343 684 Ἐγίνετο
1388 614 1444 666 δὲ
1474 615 1568 666 καὶ
1608 612 1767 664 τοῦτο
1827 607 2035 689 μαρτύ-

377 716 491 768 ριον
522 698 568 729 ⁸⁸
601 688 723 751 κατ’
749 696 950 759 αὐτῶν,
991 696 1083 748 καὶ
1112 695 1212 765 τῆς
1241 692 1532 764 προδοσίας
1560 691 1800 759 ἔλεγχος.
1832 688 1905 741 Τὸ
1930 688 2039 757 γάρ

374 780 546 849 δνομα
587 777 683 830 τοῦ
722 776 923 846 χῳρίου
960 776 1261 843 σάλπιγγος
1293 773 1673 843 λαμπρότερον
1734 771 1898 849 πᾶσιν
1940 770 2037 849 av:

377 846 644 927 εκὴρυττε
678 856 778 926 τήν
811 854 1124 925 μιαιφονίαν
1157 852 1358 907 αὐτῶν.
1394 852 1505 904 Kal
1529 851 1647 904 οὐδὲ
1674 848 1863 911 ἁπλῶς
1909 846 2039 900 αὐτὸ

376 934 642 995 ποιοῦσιν.
671 934 805 988 ἀλλά
842 932 1167 1003 συμϐούλιον
1194 932 1470 994 λαϐόντες,
1521 930 1617 984 καὶ
1666 928 1939 999 πανταχοῦ
1992 928 2037 958 ⁸⁷

375 1014 567 1076 οὓτως,
599 1014 685 1066 ἵνα
712 1012 899 1082 μηδεὶς
929 1011 1105 1075 ἀθῶος
1218 1009 1310 1063 τοῦ
1343 1010 1714 1079 τολμήματος,
1742 1006 1880 1060 ἀλλά
1906 1005 2041 1058 πάν-

374 1110 465 1154 τες
488 1090 795 1144 ὑπεύθυνοι.
821 1090 1007 1143 Ταῦτα
1028 1090 1086 1143 δὲ
1106 1092 1311 1144 ἀνωθεν
1335 1087 1630 1159 προύλεγεν
1654 1088 1687 1157 ἡ
1712 1085 2037 1157 προφητεία.

388 1170 551 1241 Ὁρᾷς
572 1170 693 1240 οὐχὶ
742 1170 865 1231 τοὺς
895 1169 1225 1231 ἀποστόλους
1257 1168 1438 1239 μόνον,
1467 1167 1602 1221 ἀλλά
1630 1166 1726 1218 καὶ
1748 1166 1874 1226 τοὺς
1903 1181 2040 1234 προ-

377 1252 552 1320 φὴτας
571 1248 640 1302 τά
668 1248 1008 1302 ἐπονείδιστα
1036 1248 1172 1318 μετά
1205 1246 1488 1317 ἀκριϐείας
1508 1246 1919 1316 διηγουμένους,
1949 1243 2043 1296 καὶ

376 1328 645 1383 πάντοθεν
676 1328 737 1381 τὸ
772 1328 941 1390 πάθος
994 1326 1468 1396 ἁνακηρύττοντας
1497 1328 1593 1379 καὶ
1641 1325 2044 1396 προεμφαίνον-

375 1425 473 1472 τας
500 1409 579 1473 ⁹⁸;
622 1407 773 1478 [808]
803 1406 973 1460 Τοῦτο
993 1408 1089 1460 καὶ
1138 1406 1377 1459 Ἰουδαῖοι
1402 1405 1476 1476 μὴ
1514 1406 1815 1468 συνειδότες
1835 1405 1938 1457 ὑπέ
1949 1421 2043 1472 με-

376 1505 466 1539 νον
498 1488 565 1541 "‘.
601 1486 661 1538 Εἰ
689 1486 797 1556 γὰρ
828 1488 907 1548 είς
945 1486 1036 1538 τὸν
1064 1484 1326 1555 κορϐονᾶν
1348 1484 1623 1549 ἐνέϐαλον,
1654 1486 1757 1538 οὐκ
1795 1484 1860 1537 ἂν
1898 1482 2042 1538 οῦτω

374 1567 438 1619 τὸ
476 1568 711 1637 πρᾶγμα
740 1564 1040 1634 κατάδηλον
1070 1565 1305 1632 ἐγένετο·
1335 1565 1351 1595 ¹
1376 1564 1494 1617 νυνὶ
1522 1564 1579 1617 δέ
1608 1564 1806 1634 χωρίον
1829 1562 2045 1631 ὠνησά-

380 1663 553 1716 μενοι.
610 1645 706 1697 καὶ
734 1646 855 1708 ταῖς
890 1646 1183 1713 μετέπειτα
1232 1645 1444 1711 γενεαῖς
1484 1642 1643 1712 δῆλον
1693 1640 1955 1710 ἐποίησαν
1986 1639 2046 1693 τὸ

377 1726 504 1778 πᾶν.
572 1723 867 1777 Ἀκούσατε
918 1725 938 1755 ³
996 1724 1111 1776 ὅσοι
1167 1723 1274 1776 ἀπὸ
1313 1724 1488 1791 φόνων
1548 1721 1755 1774 δοκεῖτε
1802 1720 2047 1783 εὐποιῖας

376 1805 567 1860 ποιεῖν,
595 1802 868 1872 καὶτιμήν
896 1801 1199 1871 λαμϐάνετε
1225 1800 1246 1831 ³
1271 1800 1458 1871 ψυχῶν
1478 1800 1798 1871 ἀνθρώπων.
1826 1799 2046 1852 Ἰουδαῖ-

376 1882 472 1935 καὶ
491 1874 652 1934 αὗται
668 1881 723 1932 al
750 1878 1127 1950 ἐλεημοσύνάι,
1152 1878 1349 1948 μᾶλλον
1378 1878 1434 1930 δὲ
1452 1878 1755 1931 σατανικαί.
1777 1878 1898 1929 Είσὶ
1914 1878 2043 1947 γὰρ,

378 1959 485 2013 είσὶ
507 1959 602 2011 ml
636 1957 753 2019 νῦν,
784 1956 833 2009 οῖ
878 1957 1047 2026 μυρία
1095 1956 1298 2026 ἑτέρων
1345 1955 1706 2027 ἁρπάζοντες,
1756 1956 1897 2026 ὑπὲρ
1950 1954 2044 2007 τοῦ

379 2036 579 2098 παντὸς
611 2034 997 2102 ἀπολογεῖσθαι
1033 2033 1335 2101 νομίζουσι,
1391 2034 1455 2086 ἂν
1505 2034 1637 2087 δέκα
1670 2034 1960 2105 χρυσίνους
2010 2034 2043 2105 ἢ

378 2114 572 2168 ἑκατὸν
604 2113 973 2167 καταϐάλωσι.
1002 2113 1137 2182 Περὶ
1186 2106 1260 2165 ῶν
1308 2113 1401 2166 καὶ
1429 2114 1457 2165 ὀ
1514 2116 1804 2184 προφήτης
1854 2114 2038 2184 φησίν·

391 2185 786 2246 Ἐκαλύπτετε
830 2190 1128 2259 δάκρυσι⁶
1177 2190 1245 2244 τὸ
1304 2190 1737 2260 θυσιαστήριον
1778 2210 1917 2261 μου.
1970 2192 2044 2244 Οὐ

385 2272 640 2341 βούλεται
671 2270 909 2341 Χριστὸς
933 2271 1215 2341 πλεονεξίᾳ
1241 2272 1558 2341 τρέφεσθαι,
1592 2274 1653 2325 οὑ
1685 2273 1896 2343 δέχεται
1919 2274 2047 2326 ταύ-

376 2367 477 2419 την
497 2351 595 2419 τήν
618 2351 849 2421 τροφήν.
884 2351 948 2401 Τί
984 2350 1074 2403 τὸν
1104 2352 1382 2420 Δεσπότην
1416 2352 1677 2420 ὑϐρίξεις,
1708 2354 1995 2423 ἀκάθαρτα
2024 2353 2047 2385 ⁸

376 2430 671 2499 προσάγων
705 2427 887 2497 αὐτῷ;
941 2428 1162 2481 Βέλτιον
1191 2429 1334 2499 λιμῴ
1364 2432 1667 2499 τηκόμενον
1702 2434 1986 2502 περιορᾷν,
2013 2431 2047 2503 ἢ

375 2508 599 2577 τρέφειν
630 2507 739 2559 ἀπὸ
758 2506 1040 2560 τοιούτων.
1087 2508 1293 2560 Ἐκεῖνο
1346 2508 1523 2577 ὠμοῦ,
1553 2509 1713 2561 τοῦτο
1757 2513 1852 2563 ml
1895 2511 2049 2579 ὠμοῦ

376 2588 469 2639 καὶ
508 2586 788 2656 ὑϐριστοῦ.
822 2586 1040 2639 Βέλτιον
1087 2587 1250 2656 μηδὲν
1293 2587 1561 2657 δοῦναι,ἢ
1606 2588 1675 2639 τά
1723 2589 1899 2642 ἄλλων
1934 2590 2051 2642 ἑτέ⁸

379 2682 515 2735 ροις.
552 2665 687 2718 Εἰπέ
714 2664 823 2735 γάρ
853 2683 964 2735 μοι,
1004 2664 1057 2716 εἰ
1080 2683 1232 2729 τινας
1262 2663 1401 2730 εἶδες
1438 2667 1550 2732 δύο,
1578 2666 1669 2720 τὸν
1705 2668 1802 2735 μὲν
1823 2668 2048 2738 γυμνὸν,

375 2742 468 2795 τὸν
492 2741 549 2795 δέ
574 2746 593 2774 °
635 2744 852 2812 ἱμάτιον
881 2743 1093 2812 ἔχοντα,
1118 2738 1238 2796 εἶτα
1262 2747 1353 2797 τὸν
1380 2745 1571 2814 ἔχοντα
1594 2746 1655 2797 τὸ
1686 2746 1899 2814 ἱμάτιον
1926 2746 2051 2798 ἀπο-

375 2819 567 2884 δύσας,
589 2820 909 2892 περιέϐαλες
939 2821 1028 2873 τὸν
1056 2822 1283 2891 γυμνὸν,
1307 2818 1395 2893 ἆρ’
1424 2823 1524 2875 οὐκ
1552 2823 1853 2893 ἠδίκησας;
1886 2824 2051 2877 Παντί

377 2918 483 2952 που
510 2899 691 2969 δῆλον.
720 2899 780 2951 Et
800 2900 858 2952 δὲ
896 2901 1033 2971 ὅπερ
1054 2899 1245 2964 ἔλαϐες
1291 2902 1464 2973 ἑτέρῳ
1492 2901 1615 2965 δοὺς
1649 2902 1815 2968 ἅπαν,
1864 2903 2052 2974 ἠδίκη-

380 2995 502 3042 σας,
525 2979 669 3051 κούκτ
721 2979 961 3047 ἠλέησας
990 2996 1003 3009 ⁸
1053 2980 1181 3033 ὅταν
1212 2980 1347 3051 μηδέ
1388 2981 1450 3034 τὸ
1501 2980 1793 3035 πολλοστὸν
1836 2983 1999 3051 μέρος
2027 2984 2048 3015 ⁸

377 3056 481 3127 δῷς
512 3050 586 3110 ὧν
617 3056 907 3127 ἀρπάζεις,
959 3059 1055 3110 καὶ
1092 3050 1461 3129 ἐλεημοσύνην
1487 3058 1547 3112 τὸ
1597 3050 2045 3131 πρᾶγμαγκαλῇς,

378 3137 539 3191 ποίαν
566 3138 665 3190 οὐκ
691 3138 973 3209 ὑποστὴσῃ
998 3138 1295 3209 τιμωρίαν;
1316 3139 1377 3192 Et
1401 3139 1507 3210 γάρ
1520 3139 1668 3209 χωλὰ
1688 3140 1856 3207 ἀλογα
1884 3157 2050 3209 προσ-

378 3216 639 3285 φέροντες
678 3214 953 3285 άνθρωποι
1002 3216 1373 3282 ἐνεκαλοῦντο,
1416 3218 1479 3270 σὺ
1504 3218 1859 3289 χαλεπώτερα
1881 3220 2048 3271 ποιῶν

379 3296 542 3356 τοίας
577 3293 740 3364 τεύξῃ
799 3293 1163 3365 συγγνώμηςς
1215 3297 1278 3348 Εἰ
1324 3296 1435 3367 γάρ
1470 3295 1619 3367 αὐτῷ
1648 3298 1933 3361 ἀποδιδοὺς
1972 3298 2049 3370 τῷ

380 3372 617 3441 Κυρίῳό
642 3371 881 3442 κλέπτης
922 3371 1001 3425 ἔτι
1035 3374 1231 3440 ἀδικεῖ,
1266 3375 1361 3428 καὶ
1412 3374 1586 3438 οὑτως
1626 3376 1821 3435 ἀδικεῖ.
1847 3376 1923 3439 ὡς
1957 3395 2049 3430 τε-

378 3450 735 3521 τραπλασίονι
792 3452 1077 3524 προσθήκῃ
1111 3453 1260 3523 μόλις
1308 3453 1469 3507 λῦσαι
1506 3454 1567 3507 τὸ
1617 3453 1905 3525 ἔγκλημα,
1954 3458 2049 3510 καὶ

381 3530 554 3583 ταῦτα
575 3529 669 3582 ἐπὶ
700 3529 797 3599 τῆς
844 3530 1107 3594 Παλαιᾶς·
1136 3532 1165 3586 ὁ
1198 3533 1270 3603 μὴ
1310 3533 1576 3595 κλέπτων,
1628 3533 1763 3587 ἀλλά
1796 3533 2049 3605 βιαζόμε-

381 3625 489 3672 νος,
542 3608 637 3661 καὶ
666 3607 802 3679 μηδὲ
839 3608 985 3679 αὐτῷ
1015 3610 1093 3680 τῷ
1147 3611 1497 3682 ἀφαιρεθέντι
1525 3612 1719 3675 διδοὺς,
1774 3613 1889 3665 ἀλλ’
1933 3614 2048 3667 ἀντ’

381 3686 590 3738 ἐκείνου
621 3686 814 3757 ἑτέρῳ,
853 3688 945 3739 καὶ
980 3688 1115 3759 μηδὲ
1150 3691 1609 3761 τετραπλασίονα,
1643 3692 1781 3745 ἁλλά
1809 3693 1945 3763 μηδὲ
1976 3694 2042 3747 τὰ

381 3765 578 3837 ἡμίση,
606 3768 702 3818 καὶ
733 3766 868 3837 μηδὲ
903 3768 960 3817 ἐν
985 3769 1050 3838 τῇ
1082 3769 1314 3840 Παλαιᾷ,
1350 3770 1464 3824 ἀλλ’
1496 3773 1553 3823 ἐν
1584 3773 1649 3841 τῇ
1688 3773 1861 3842 Καινῇ
1892 3773 2043 3825 πολιο

380 3845 696 3913 τευόμενος,
727 3847 979 3914 ἐννόησον
1012 3846 1136 3899 ὅσον
1169 3849 1260 3899 ἐπὶ
1276 3850 1374 3920 τήν
1419 3849 1611 3903 ἑαυτοῦ
1648 3850 1889 3921 κεφαλὴν
1923 3869 2048 3905 συν-

380 3925 503 3992 ἀγει
540 3922 601 3975 τὸ
629 3927 649 3957 ³
682 3922 811 3992 πῦρ.
837 3923 898 3977 Εἰ
918 3925 975 3978 δὲ
999 3925 1210 3981 οὐδέπω
1238 3928 1417 3981 δίδωσι
1452 3931 1551 3999 τήν
1584 3929 1761 3999 δίκην,
1793 3929 1858 3982 δι’
1917 3932 2048 3985 αὐτὸ

383 4004 482 4072 μὲν
504 3999 597 4082 οῦν
624 4002 961 4082 τοῦτοαύτὸν
1018 4005 1308 4076 θρὴνησον,
1364 4008 1445 4060 ὅτι
1477 4007 1700 4078 μείζονα
1744 4009 1923 4080 ἑαυτῷ
1957 4012 2047 4082 θη-

382 4080 745 4151 σαυρίζειτὴν
772 4081 959 4153 ὀργὴν,
981 4083 1029 4134 εί
1058 4090 1131 4155 μή
1162 4086 1560 4155 μεταμεληθείη
1590 4088 1652 4139 ¹⁰.
1680 4087 1744 4138 Τί
1774 4090 1911 4159 γάρ;
1940 4080 2044 4144 Δο-

380 4160 556 4223 κεῖτε,
584 4160 771 4228 φησὶν,
808 4159 896 4212 ὅτι
917 4160 1131 4213 ἐκεῖνοι
1168 4165 1345 4230 μόνοι
1379 4160 1541 4231 ἦσαν
1570 4166 1923 4232 ἁμαρτωλοὶ,
1951 4168 2043 4236 ἐφ’

380 4236 487 4301 οὓς
521 4240 554 4290 ό
604 4238 829 4305 πρῖνργος
876 4243 1245 4308 natm-£1011;
1288 4242 1453 4308 Οὐχὶ,
1513 4243 1667 4310 λέγω
1706 4245 1865 4312 ὑμῖν,
1903 4247 2043 4302 ἀλλ’

378 4316 487 4368 ἐὰν
512 4314 599 4383 μὴ
628 4316 1064 4384 μετανοήσητε,
1115 4319 1210 4371 καὶ
1247 4320 1415 4387 ὑμεῖς
1441 4321 1509 4373 τὰ
1548 4321 1701 4374 αὐτὰ
1752 4324 1791 4354 ¹¹
1842 4328 2044 4378 πείσε-

377 4397 510 4475 σᾷε.
564 4394 1005 4475 Μετανοήᾼσωμεν
1053 4397 1233 4475 τοίνυν
1297 4399 1389 4449 ml
1441 4398 1620 4468 δῶμεν
1669 4399 2042 4475 ἐλεημοσύνην

378 4472 692 4537 πλεονεξίας
732 4472 1000 4543 καθαρὰν,
1021 4476 1115 4527 καὶ
1139 4474 1339 4545 πολλὴν
1360 4475 1585 4544 ἔχουσαν
1609 4479 1708 4548 τὴν
1737 4472 2035 4547 δαψίλειαν,

391 4552 717 4621 Ἐννοὴσατε
749 4552 830 4605 ὅτι
876 4553 1117 4606 Ἰουδαῖοι
1146 4555 1377 4618 Λευῖτας
1401 4558 1839 4626 ὀκτακισχιλίους
1885 4560 2038 4631 ἐτρε-

378 4647 498 4698 φον,
533 4631 789 4701 καὶμετά
814 4630 926 4684 τῶν
972 4632 1212 4685 Λευῖτῶν
1244 4633 1337 4685 ml
1391 4638 1566 4705 χήρας
1613 4639 1709 4688 ml
1744 4630 2034 4707 ὀρφανοὺς,

375 4711 469 4763 ml
520 4708 692 4762 πολλὰ
737 4709 897 4779 ἑτερα
950 4710 1344 4783 ἐλειτούργουν,
1386 4714 1481 4765 καὶ
1513 4713 1651 4783 μετά
1706 4718 1897 4769 τούτου
1945 4723 2039 4773 καὶ

376 4788 781 4868 ἐστρατεύοντο·
811 4788 929 4868 νυνὶ
954 4788 1009 4841 δὲ
1031 4791 1210 4859 ἀγροὶ,
1234 4791 1326 4843 ml
1360 4792 1547 4855 οἰκίαι,
1582 4796 1675 4847 καὶ
1708 4795 2037 4868 μισθώματα

375 4867 711 4947 οἰκημάτων,
736 4867 831 4947 καὶ
862 4868 1131 4938 ὀχήματα,
1189 4870 1283 4923 καὶ
1313 4871 1615 4943 ὀρεωκόμοι
1649 4874 1712 4935 ¹²,
1746 4876 1841 4929 καὶ
1878 4867 2036 4947 ἡμίο-

378 4963 490 5029 νοι,
506 4947 599 4998 ml
625 4945 1058 5029 πολλὴ-τοιαύτη
1094 4949 1396 5019 παράταξις
1441 4952 1499 5003 ἐν
1542 4954 1610 5023 τῇ
1654 4945 1947 5029 Ἐκκλησία
1966 4958 2034 5011 δι’

379 5024 523 5094 ὑμᾶς
555 5025 649 5076 ml
673 5023 773 5095 τὴν
806 5025 1078 5097 ὑμετέραν
1136 5029 1553 5101 ἀπανθρωπίαν.
1585 5034 1694 5086 Καὶ
1728 5023 1848 5106 γὰρ.
1866 5023 2035 5108 ἐχρῆν

447 5190 581 5271 tu:
604 5188 1121 5271 δεγρᾲηεῑοκεπκ.
1159 5193 1256 5271 Ep:
1281 5199 1461 5271 (τινιεηὶ
1491 5198 1581 5249 τὸν
1613 5200 1646 5252 ἀ

376 5330 647 5393 συνιέντες
675 5331 768 5385 ὑπ.
800 5329 864 5384 G.
892 5330 955 5385 H.
982 5330 1050 5386 M.

1190 342 1249 397 S.
1288 338 1575 396 .IOANNIS
1612 329 2103 393 CIIRYSOSTOHI
2144 327 2463 384 ARCHIEP.
2496 324 3045 382 CONSTANTINOP.

721 5200 796 5272 δν]
815 5200 922 5271 .δί6
965 5200 1029 5246 G.
1058 5200 1121 5248 Κ.
1161 5200 1256 5263 Ep.
1281 5200 1461 5250 cmleri
1491 5200 1581 5249 τὸν
1613 5200 1803 5322 ἀγςρόν.
1836 5200 1969 5258 ΕὰιΙ.
2002 5204 2091 5256 τὸν
2115 5205 2186 5273 ἀγ
2225 5206 2281 5259 δν
2305 5206 2397 5259 τοῦ
2423 5209 2726 5278 κεραμέως.

721 5272 887 5315 ιηνιιο
924 5261 1085 5316 Eulh.
1161 5265 1205 5295 ³⁸³
1232 5266 1630 5322 ἀποφαίνοντας
1706 5308 1718 5321 .
1748 5272 2147 5322 ἁιιεοιεννύντας
2271 5277 2726 5322 ἀπααωιευνύντα.

376 5260 592 5340 θάάηδὲ
720 5260 1085 5340 ίηνίιο-βιειιι.
1155 5260 1630 5340 ἀποφαίνοντας
1657 5260 1718 5322 Κ.
1748 5272 2047 5340 ἀμφιεννύν

2271 5260 2615 5340 ἀπαμφίενῦύ

576 5347 647 5419 is;
675 5335 774 5419 ὑπὶ
800 5335 872 5419 (ἰζ
982 5335 1055 5419 ll];
1150 5335 1409 5419 f‘éyf'vsto
1435 5335 1496 5389 L.
1532 5335 1917 5419 γέγονεν-βίω.
1955 5361 2049 5419 νυν

2148 5335 2457 5419 ιιύτοὶᾼΕιίιΙί
2492 5335 2811 5419 μετέπειτα]
2843 5350 2977 5417 μετά
3004 5348 3176 5402 ταῦτα
3206 5350 3267 5403 Κ.
3290 5350 3352 5406 L.

375 5402 511 5484 Περί
534 5400 643 5484 τῶν
675 5400 784 5484 ἀπὸ
812 5401 1122 5484 πλεονεξίας
1145 5400 1457 5484 ἐλεούντων,
1485 5400 1579 5484 καὶ.
1611 5400 1692 5461 δτι
1717 5410 1923 5484 βέλτιον
1956 5412 2030 5484 μή
2061 5400 2262 5479 δοῦναι,
2292 5416 2323 5484 ἢ
2363 5400 2566 5469 ἐκτῶν
2601 5417 2740 5470 τοιού

3693 322 3804 378 τθε

2139 443 2271 515 παρ’
2304 445 2436 514 ὑμῖν
2470 439 2608 496 εἶναι
2643 443 2735 494 τὸν
2776 440 3045 511 θησαυρὸν
3090 436 3279 491 τοῦτον
3330 436 3373 469 ⁸³
3416 437 3515 507 τῆς
3571 439 3803 512 Ἐκκλη-

2141 525 2285 589 σίας,
2309 524 2404 576 καὶ
2433 522 2693 593 πρόσοδον
2724 522 2863 590 αὑτῇ
2885 521 2986 590 τήν
3014 518 3287 587 ὑμετέραν
3319 515 3566 580 γίνεσθαι
3598 520 3803 587 προθυ-

2143 603 2292 673 μίαν·
2353 603 2474 655 νυνὶ
2505 602 2562 654 δέ
2588 601 2681 653 δύο
2706 600 2774 653 τά
2803 601 2985 655 ἄτοπα
3029 598 3237 665 γίνεται
3269 595 3416 667 [809]
3438 635 3452 658 ,
3508 598 3602 650 καὶ
3648 599 3807 668 ὑμεῖς

2140 683 2383 753 ἄκαρποι
2411 681 2455 711 ¹⁸
2492 681 2703 749 μένετε,
2726 679 2820 732 καὶ
2851 681 2901 731 οί
2922 676 3017 730 τοῦ
3049 674 3184 728 Θεοῦ
3218 677 3382 753 ἱερεῖς
3409 674 3478 726 τά
3504 678 3809 746 προσήκον-

2140 777 2208 813 τα
2238 749 2297 814 οὐ
2337 757 2796 829 μεταχειρίζουσι.
2830 757 2923 827 Μή
2951 756 3060 827 γάρ
3086 755 3185 808 οὐκ
3218 749 3285 823 ἦν
3317 754 3539 808 δυνατὸν
3574 755 3665 807 ἐπὶ
3698 756 3808 811 τῶν

2140 839 2452 892 ἀποστόλων
2478 837 2578 900 τὰς
2608 836 2781 899 οἰκίας
2828 836 3006 905 μένειν
3048 835 3141 887 καὶ
3194 834 3320 893 τοὺς
3374 833 3612 904 ἀγρούς;
3649 835 3807 900 Τίνος

2140 915 2233 973 οῦν
2256 918 2441 971 ἕνεκεν
2472 916 2713 968 ἐπώλουν
2738 916 2833 968 καὶ
2860 914 3099 967 ἐδίδοσαν
3120 931 3136 978 ;
3160 912 3283 964 Ὀτι
3304 910 3460 964 τοῦτο
3490 912 3694 981 βέλτιον
3714 908 3804 983 ἦν.

2211 996 2273 1053 δ’,
2306 995 2468 1048 Ἀλλά
2494 993 2587 1047 νῦν
2612 995 2731 1058 δέος
2760 993 2917 1046 ἔλαϐε
2945 994 3070 1055 τοὺς
3101 991 3342 1064 πατέρας
3367 990 3518 1059 ὑμῶν
3544 992 3610 1055 ¹⁸,
3662 991 3807 1044 οὕτω

2144 1074 2281 1145 πρὸς
2307 1074 2377 1127 τά
2407 1073 2635 1143 βιωτικά
2676 1073 3015 1143 μαινομένων
3054 1071 3228 1140 ὑμῶν,
3263 1069 3357 1122 καὶ
3389 1068 3477 1122 διὰ
3511 1070 3554 1101 ¹⁶
3588 1069 3650 1122 τὸ
3681 1070 3807 1122 συλ-

2142 1153 2342 1221 λέγειν,
2379 1153 2512 1206 ἀλλά
2543 1154 2616 1223 μὴ
2650 1150 2982 1222 σκορπίζειν,
3012 1150 3087 1220 μή
3124 1150 3163 1180 ¹⁷
3190 1148 3333 1217 λιμῷ
3360 1147 3729 1217 διαφθαρῶσιν
3756 1150 3807 1201 οί

2142 1232 2252 1285 τῶν
2282 1231 2468 1303 χηρῶν
2495 1233 2587 1285 ml
2618 1231 2868 1302 ὀρφανῶν
2908 1231 3000 1282 καὶ
3028 1228 3134 1282 τῶν
3161 1226 3449 1297 παρθένων
3504 1228 3673 1297 χοροί·
3716 1228 3805 1280 διά

2142 1311 2301 1365 τοῦτο
2354 1310 2530 1364 ταῦτα
2580 1308 2987 1363 κατασκευάσαι
3036 1305 3480 1377 ἠναγκάσθησαν.
3531 1307 3665 1359 Οὐδέ
3698 1307 3807 1377 γὰρ

2144 1390 2434 1459 ἠϐούλοντο
2467 1390 2690 1450 ἑαυτοὺς
2713 1391 2792 1449 εἰς
2816 1386 3073 1456 τοιαύτην
3110 1384 3496 1454 ἀσχημοσύνην
3524 1385 3804 1454 ἐμϐαλεῖν,

2143 1470 2259 1523 ἀλλ’
2282 1469 2588 1539 ἐπεθύμουν
2614 1469 2713 1539 τὴν
2748 1468 3019 1536 ὑμετέραν
3071 1462 3298 1534 γνώμην
3336 1465 3517 1527 αὐτοῖς
3549 1466 3807 1536 πρόσοδον

2146 1544 2311 1613 εἶναι,
2341 1549 2586 1610 καὶτοὺς
2620 1549 2864 1615 καρποὺς
2894 1543 3141 1599 ἐντεῦθεν
3195 1544 3423 1613 τρυγᾷν,
3461 1543 3554 1596 καὶ
3610 1544 3806 1606 αὐτοὺς

2146 1629 2332 1698 εὐχαῖς
2361 1626 2647 1697 προσέχειν
2685 1627 2892 1695 μόναις.
2953 1624 3086 1676 Νυνὶ
3141 1621 3198 1675 δὲ
3239 1622 3435 1684 αὐτοὺς
3461 1623 3805 1691 ἠναγκάσατε

2146 1707 2257 1759 τῶν
2284 1706 2353 1760 τά
2375 1704 2627 1759 πολιτικά
2657 1706 3005 1776 πραττόντων
3054 1703 3353 1773 πράγματα
3377 1701 3475 1765 τὰς
3497 1703 3672 1765 οἰκίας
3719 1720 3809 1773 μι-

2151 1786 2387 1855 μεῖσθαι·
2419 1785 2539 1838 ὅθεν
2571 1785 2750 1838 πάντα
2777 1785 2889 1839 ἀνω
2922 1783 3015 1836 ml
3038 1784 3187 1835 κάτω
3211 1782 3454 1849 γέγονεν.
3483 1782 3650 1834 Ὅταν
3699 1783 3808 1852 γάρ

2146 1865 2240 1918 καὶ
2261 1865 2417 1934 ὑμεῖς
2441 1866 2534 1917 καὶ
2554 1865 2716 1934 ἡμεῖς
2736 1866 2847 1926 τοῖς
2870 1863 3051 1924 αὐτοῖς
3068 1860 3402 1931 ἐνεχώμεθα,
3424 1860 3505 1923 τίς
3530 1863 3557 1913 ό
3578 1861 3810 1927 ἐξιλεού-

2149 1962 2310 2013 μενος
2339 1944 2430 1996 τὸν
2460 1944 2627 2009 Θεόν;
2662 1943 2759 1996 Διά
2790 1941 2962 1995 ταῦτα
3002 1941 3100 1993 οὐκ
3144 1940 3289 1992 ἐστιν
3333 1940 3463 2009 ἡμῖν
3494 1939 3696 2004 ἀνοῖξαι
3750 1939 3811 1992 τὸ

2148 2024 2343 2093 στόμα,
2397 2025 2478 2077 ὅτι
2532 2024 2683 2079 οὐδὲν
2741 2022 2847 2074 τῶν
2904 2019 3172 2091 βιωτικῶν
3219 2018 3431 2091 ἀνδρῶν
3500 2018 3720 2089 ἄμεινον
3768 2021 3803 2090 ἡ

2160 2104 2450 2175 Ἐκκλησία
2472 2104 2759 2156 διάκειται.
2791 2102 2903 2154 Οὐκ
2935 2099 3321 2169 ἠκούσατε,δτι
3353 2099 3472 2153 οὐδὲ
3500 2100 3567 2153 τά
3589 2101 3807 2171 ἀπραγ-

2151 2183 2328 2253 μόνως
2371 2183 2736 2251 συλλεγόμενα
2778 2184 3035 2250 χρήματα
3078 2178 3352 2247 διανέμειν
3381 2178 3733 2245 κατεδέξαντο
3759 2181 3808 2232 οί

2147 2262 2469 2327 ἀπόστολοι;
2513 2262 2649 2313 Νυνὶ
2706 2260 2762 2313 δέ
2819 2259 3147 2329 ἐπιτρόπους
3202 2260 3294 2311 καί
3347 2257 3660 2327 οἰκονόμους
3716 2258 3808 2310 ml

2149 2342 2433 2412 καπήλους
2476 2340 2755 2410 παρῆλθον
2785 2341 2920 2408 ἡμῖν
2976 2339 3025 2390 οί
3074 2336 3361 2389 ἐπίσκοποι
3386 2339 3452 2406 τῇ
3482 2339 3607 2406 περὶ
3634 2336 3807 2389 ταῦτα

2149 2419 2408 2488 φροντίδι·
2442 2419 2538 2472 καὶ
2564 2419 2680 2470 δέον
2714 2419 2910 2479 αὐτοὺς
2960 2416 3098 2486 ὑπὲρ
3150 2415 3259 2468 τῶν
3310 2416 3498 2485 ψυχῶν
3540 2418 3806 2486 μεριμνᾷν

2149 2499 2243 2551 καὶ
2282 2498 2585 2567 φροντίζειν
2615 2496 2722 2549 τῶν
2749 2496 3052 2565 ὑμετέρων,
3076 2498 3122 2547 οἱ
3143 2495 3220 2558 δέ,
3246 2495 3383 2565 ὑπὲρ
3409 2489 3483 2548 ῶν
3515 2494 3807 2548 ὑποδέκται

2149 2578 2246 2631 καὶ
2296 2577 2577 2648 φορολόγοι
2635 2577 2728 2629 ml
2766 2571 3008 2643 λογισταί
3063 2576 3155 2628 ml
3199 2576 3390 2642 ταμίαι
3447 2575 3806 2645 μεριμνῶσιν,

2154 2655 2296 2724 ὑπὲρ
2329 2654 2533 2708 τούτων
2593 2654 2713 2707 καθ’
2777 2654 3013 2721 ἑκάστην
3070 2652 3360 2705 κόπτονται
3413 2652 3512 2722 τὴν
3568 2653 3805 2723 ἡμέραν.

2153 2732 2337 2786 Ταῦτα
2370 2735 2468 2803 οὐχ
2492 2732 2677 2795 ἁπλῶς
2702 2730 3103 2801 ἀποδυρόμενος
3132 2730 3293 2799 λέγω,
3330 2731 3445 2784 ἀλλ’
3479 2731 3617 2783 ὥστε
3650 2731 3807 2798 γενέ-

2153 2811 2277 2865 σθαι
2302 2814 2423 2865 τινά
2460 2812 2743 2881 διόρθωσιν
2772 2812 2865 2864 καὶ
2908 2808 3227 2880 μεταϐολὴν,
3257 2809 3397 2862 ὥστε
3425 2810 3570 2880 ἡμᾶς
3590 2809 3809 2880 ἐλεηθῆ-

2151 2908 2238 2943 ναι
2260 2891 2500 2962 χαλεπὴν
2531 2890 2880 2952 δουλεύοντας
2908 2890 3174 2954 δουλείαν,
3207 2889 3347 2943 ὥστε
3387 2891 3530 2959 ὑμᾶς
3552 2889 3806 2958 γενέσθαι

2156 2971 2416 3041 πρόσοδον
2442 2973 2535 3023 καὶ
2565 2971 2836 3042 θησαυρὸν
2862 2971 2957 3040 τῆς
3023 2970 3367 3039 Ἐκκλησίας.
3396 2971 3460 3022 Εἰ
3492 2969 3548 3022 δέ
3574 2970 3647 3040 μὴ
3680 2968 3805 3039 βούο

2156 3050 2335 3116 λεσθε,
2376 3052 2483 3105 ἰδοὺ
2504 3053 2552 3104 οί
2588 3053 2815 3121 πένητες
2857 3050 2957 3120 πρὸ
3017 3050 3125 3102 τῶν
3160 3050 3440 3121 ὑμετέρων
3490 3050 3803 3120 ὀφθαλμῶνο

2150 3129 2296 3192 ὅσοις
2326 3130 2423 3198 μὲν
2458 3131 2677 3182 δυνατὸν
2707 3132 2838 3199 ἡμῖν
2860 3130 3112 3200 ἀρκέσαι,
3138 3130 3196 3180 οὑ
3220 3127 3562 3198 διαλείψομεν
3582 3128 3807 3198 τρέφονσο

2149 3224 2257 3270 τες·
2286 3207 2376 3269 οῦς
2397 3209 2453 3260 δέ
2479 3210 2539 3261 οὐ
2569 3208 2810 3274 δυνατὸν,
2838 3210 2965 3279 ὑμῖν
2983 3208 3285 3277 ἀφήσομεν,
3310 3208 3394 3259 ἵνα
3414 3207 3493 3277 μή
3508 3206 3615 3260 τῶν
3635 3208 3809 3278 ῥημά-

2150 3304 2257 3341 των
2278 3289 2500 3340 ἐκείνων
2523 3288 2791 3358 ἀκούσητε
2817 3288 2956 3340 κατά
2989 3286 3086 3357 τὴν
3121 3286 3357 3357 φοϐερὰν
3407 3287 3641 3357 ἡμέραν,
3697 3287 3806 3339 τῶν

2151 3368 2287 3438 πρὸς
2326 3368 2451 3430 τοὺς
2510 3367 2744 3428 ἀνελεεῖς
2811 3367 2895 3419 (αὶ
2961 3366 3142 3435 ὠμοὺς
3178 3364 3504 3434 λεγομένων,
3538 3367 3619 3418 ὅτι
3676 3369 3808 3419 Πει-

2148 3446 2347 3500 γῶντά
2386 3463 2462 3513 με
2483 3446 2691 3509 εἴδετε,
2732 3445 2830 3497 καὶ
2877 3446 2989 3498 οὐκ
3026 3443 3331 3512 ἐθρέψατε.
3379 3445 3488 3498 Kal
3526 3444 3634 3515 γὰρ
3685 3445 3807 3514 μεθ’

2116 3581 2122 3587 _
2150 3526 2304 3594 ὑμῶν
2334 3527 2480 3596 ἡμᾶς
2511 3524 2946 3592 καταγελάστους
2998 3524 3030 3593 ἡ
3062 3524 3424 3594 ἀπανθρωπία
3454 3524 3591 3595 αὐτη
3638 3527 3801 3588 ποιεῖ,

2148 3605 2229 3657 δτι
2260 3604 2358 3665 τὰς
2388 3604 2550 3674 εὐχὰς
2594 3607 2840 3672 ἀφέντες,
2901 3604 2992 3656 ml
3020 3603 3118 3673 τήν
3165 3603 3528 3666 διδασκαλίαν,
3561 3602 3653 3655 ml
3706 3603 3805 3672 τὴν

2149 3681 2314 3752 ἄλλην
2341 3682 2669 3752 ἁγιωσύνην,
2693 3682 2743 3734 οἱ
2768 3681 2865 3752 μὲν
2898 3681 3239 3743 οίνοπώλαις,
3271 3683 3318 3733 οί
3358 3682 3414 3734 δὲ
3456 3681 3801 3744 σιτοπώλαις,

2148 3763 2197 3812 οἱ
2239 3760 2295 3812 δὲ
2340 3764 2449 3824 τοῖς
2481 3761 2548 3813 τὰ
2611 3761 2773 3831 ἔτερα
2822 3759 3220 3828 καπηλεύουσιν
3284 3759 3437 3824 ὥνια,
3493 3760 3586 3812 τὸν
3627 3761 3805 3813 πάντα

2149 3838 2492 3909 πυκτεύομεν
2522 3839 2732 3909 χρόνον.
2795 3838 3073 3891 Ἐντεῦθεν
3118 3841 3285 3908 μάχαι
3318 3839 3413 3891 καὶ
3461 3839 3804 3908 φιλονεικίαι,

2148 3920 2243 3970 καὶ
2291 3917 2655 3988 καθημεριναὶ
2686 3917 2965 3988 λοιδορίαι,
2990 3919 3084 3970 καὶ
3108 3917 3279 3989 ὀνείδη
3332 3918 3423 3970 ml
3450 3917 3757 3987 σκώμματα
3781 3959 3798 3983 ,

2146 3998 2241 4048 καὶ
2272 3997 2485 4067 ἑκάστῳ
2532 3997 2640 4049 τῶν
2671 3998 2859 4069 ἱερέων
2904 3997 3142 4066 ὀνόματα
3187 3998 3475 4061 ἐπίκειται,
3524 3996 3806 4067 βιωτικαῖς

2151 4074 2349 4144 μᾶλλον
2410 4075 2688 4146 πρέποντα
2762 4075 2981 4138 οἰκίαις·
3033 4075 3149 4127 δέον
3212 4076 3332 4128 ἀντὶ
3385 4074 3592 4127 τούτων
3642 4076 3806 4147 ἕτερα

2147 4152 2604 4219 ἀνταλλάξασθαι,
2633 4155 2724 4206 ml
2757 4154 3005 4207 ἐντεῦθεν
3032 4154 3334 4215 καλεῖσθαι,
3361 4155 3453 4223 ἀφ’
3492 4149 3568 4207 ὧν
3617 4156 3710 4208 ml
3752 4156 3802 4207 οἱ

2145 4231 2433 4283 ἀπόστολοι
2466 4232 2838 4302 ἐνομοθέτουν,
2886 4233 2994 4285 ἀπὸ
3024 4233 3123 4303 τῆς
3159 4233 3265 4285 τῶν
3313 4235 3556 4304 πενήτων
3589 4233 3802 4305 διατρο-

2146 4308 2274 4379 φῆς»
2303 4310 2412 4362 ἀπὸ
2452 4314 2552 4381 τῆς
2582 4311 2691 4363 τῶν
2742 4312 3115 4381 ἀδικουμένων
3167 4312 3519 4383 προστασίας,
3550 4312 3657 4366 ἀπὸ
3702 4313 3801 4381 τῆς

2143 4388 2255 4439 τῶν
2307 4389 2475 4454 ξένων
2509 4391 2848 4459 ἐπιμελείας,
2895 4391 3002 4443 ἀπὸ
3037 4390 3137 4459 τῆς
3192 4390 3300 4443 τῶν
3347 4391 3801 4462 ἐπηρεαζομένων

2149 4466 2425 4537 βοηθείας,
2454 4469 2560 4521 ἀπὸ
2590 4471 2688 4540 τῆς
2721 4470 2829 4524 τῶν
2854 4469 3102 4539 ὀρφανῶν
3131 4471 3405 4539 προνοίας,
3434 4471 3542 4523 ἀπὸ
3563 4474 3659 4541 τῆς
3690 4472 3800 4525 τῶν

2142 4546 2328 4614 χηρῶν
2353 4549 2690 4617 συμμαχίας,
2712 4548 2821 4601 ἀπὸ
2845 4548 2945 4617 τῆς
2967 4548 3073 4600 τῶν
3124 4549 3405 4615 παρθένων
3456 4550 3796 4612 ἐπιστασίας,

2146 4625 2243 4676 καὶ
2257 4625 2457 4688 ταύτας
2474 4627 2593 4679 ἀντὶ
2615 4628 2710 4696 τῆς
2732 4624 2882 4697 [810]
2897 4627 3002 4679 τῶν
3018 4627 3231 4698 χωρίων
3251 4629 3343 4680 ml
3362 4627 3469 4680 τῶν
3486 4628 3798 4698 οἰκημάτων

2147 4705 2428 4774 φροντίδος
2477 4706 2821 4775 διανέμεσθαι
2886 4706 2986 4769 τὰς
3036 4708 3365 4778 οἰκονομίας.
3440 4706 3624 4760 Ταῦτα
3689 4710 3797 4776 γάρ

2144 4784 2244 4854 τῆς
2278 4783 2601 4853 Ἐκκλησίας
2635 4783 2703 4836 τὰ
2741 4785 3019 4855 κειμήλια·
3050 4779 3194 4839 οὗτοι
3217 4787 3266 4838 οί
3316 4785 3614 4856 πρέποντες
3657 4788 3793 4857 αὐτῇ

2144 4862 2429 4933 θησαυροὶ,
2484 4863 2579 4915 ml
2641 4863 2843 4935 πολλὴν
2882 4866 2977 4918 ml
3027 4865 3157 4935 ἡμῖν
3198 4865 3468 4922 εὐκολίαν.
3526 4867 3622 4918 ml
3668 4866 3796 4936 ὑμῖν

2144 4942 2412 5010 ὠφέλειαν
2464 4944 2817 5015 παρέχοντες,
2879 4944 3079 5015 μᾶλλον
3127 4944 3184 4998 δὲ
3235 4947 3325 4998 ml
3373 4946 3500 5015 ὑμῖν
3548 4944 3795 4999 εὐκολίαν

2149 5022 2288 5092 μετά
2312 5023 2410 5094 τῆς
2440 5024 2729 5093 ὠφελείας.
2758 5024 2866 5078 Kal
2895 5026 3005 5097 γὰρ
3026 5028 3093 5096 τῇ
3122 5024 3216 5077 τοῦ
3242 5024 3377 5077 Θεοῦ
3406 5025 3587 5097 χάριτι
3612 5026 3691 5090 είς
3719 5025 3795 5077 δέ·

2801 5210 2848 5241 "
2887 5210 3160 5332 ᾓαρτυρία
3201 5210 3333 5267 Edd.
3411 5210 3456 5243 ⁸⁷
3495 5208 3794 5279 πανταχοῦ]

2801 5280 2851 5330 1.
2942 5319 2955 5331 .
3036 5281 3079 5309 ⁹⁹
3104 5280 3211 5331 Kal
3240 5283 3288 5332 οί
3321 5282 3379 5332 Ἰ.
3408 5277 3503 5332 οὖν
3531 5278 3686 5332 τοῦτο
3718 5280 3791 5332 μὴ

2232 5318 2241 5328 .
2271 5277 2751 5346 ἀπαμφιεννύντας
2784 5278 2851 5331 Ii.
2887 5277 2978 5332 Μ(
3036 5277 3084 5309 9"
3104 5280 3211 5331 Kal
3240 5283 3288 5333 οἱ
3321 5282 3379 5333 ’1.
3408 5277 3503 5333 οὖν
3531 5277 3767 5348 τοῦτο’μί

2232 5347 2288 5398 'ol
2323 5347 2457 5401 Edd.
2492 5347 2811 5401 μετέπειτα]
2844 5350 2977 5401 μετά
3004 5348 3176 5401 ταῦτα
3206 5350 3267 5401 Κ.
3290 5350 3352 5401 L.
3451 5352 3471 5380 ¹
3506 5342 3767 5401 ΗΘΙΚΟΝ

2292 5416 2323 5486 ἢ
2355 5418 2427 5492 ἐκ
2447 5412 2566 5492 ⁸τῶν
2601 5412 3472 5492 τοιούτὼνίτρέφειν-τὺνΧριστόν
3494 5436 3508 5450 ο
3537 5421 3594 5471 ἐν
3622 5412 3793 5492 ᾧῌκαὶ

375 5470 518 5561 {casa
530 5471 881 5561 flammma}:
902 5472 983 5561 δτι
1019 5474 1325 5561 φρρολόγων
1354 5470 1465 5561 βίρν
1495 5470 1758 5561 διάγουσι,
1794 5483 1887 5535 καὶ
1922 5470 2207 5561 ἑκῇτούτου
2228 5470 2421 5561 τά’τῆς
2442 5470 3047 5561 ἐκκλησίας
3195 5470 3790 5561 νίλὲιμϐἀνοντεςΪΕσ-Ιιί.

375 5540 492 5611 δ-ἐν
525 5541 753 5611 δάκρυσι
805 5540 936 5597 Edd.

376 5609 552 5682 (Tqm.
585 5609 679 5682 an},
707 5628 760 5681 p.
787 5612 891 5666 552
919 5611 1004 5682 E.)

1053 5544 1421 5645 δεδείξεται
1638 5552 1820 5645 φερε
1852 5552 2035 5645 mw

2148 5556 2207 5645 Ψ,
2238 5544 2454 5645 Ἑρέφέιν
2488 5544 3789 5645 353131;“?Va‘wslmﬁwsl‘{'01:iam:

1130 5614 1457 5703 δέίειξιὶιοξν.
1474 5617 1536 5671 ΙΙ.
1558 5614 2049 5703 ΙξζΜξὴΜοξ-τδνίμ

2148 5642 2208 5703 εγ
2237 5614 2447 5703 οῑιιεό.
2487 5628 2552 5703 HA.
2588 5628 2659 5703 ἑκ.
2689 5628 2758 5703 M,
2790 5614 3063 5703 ἰιινίιόιῗι.
3136 5614 3302 5703 [οὐκ]
3332 5614 3613 5703 costam;
3640 5629 3791 5703 ὅτανί

375 5679 509 5780 χαάἁ
536 5682 612 5780 εξ,
630 5679 761 5780 [cui];
823 5683 861 5780 ς
893 5679 1058 5771 μέρρς
1084 5679 1233 5780 ἀξξεὲξῐ
1262 5685 1315 5738 ἱη
1347 5684 1706 5780 amnem]
1738 5689 1827 5777 Sig
1857 5691 1918 5745 ιι.
1956 5679 2028 5777 ξιξ

2260 5679 2658 5780 χιιιεοκαλεῖςξ

375 5749 439 5803 G.
469 5748 532 5803 ﬂ.
566 5749 635 5805 Μ.
712 5752 754 5782 ¹²
788 5752 854 5805 τά
886 5748 1024 5805 ὰύτὰ
1046 5751 1194 5876 ηδε

375 5818 1045 5904 ιοὺςςίξ.ιο(1.ηιξίιι·χιι.ρ
1143 5824 1194 5879 6.

379 5906 465 5942 ται
500 5890 635 5944 Edd.
715 5890 758 5922 “
787 5890 943 5961 ἡμῶν

712 5752 854 5826 uia:
886 5752 1024 5805 αὐτά
1046 5752 1134 5826 πρ]
1157 5754 1247 5826 είς
1270 5756 1428 5809 codd.
1453 5767 1507 5810 et
1538 5752 1647 5813 Ge?
1669 5752 1929 5826 ὡσαύτως
1952 5762 2233 5816 ἀπολεῖσθε
2263 5752 2397 5821 Εάίί.

1273 5827 1317 5855 ¹³
1350 5826 1545 5903 τοῦτον.
1564 5844 1677 5903 91]).
1711 5830 1871 5903 K._L._
1888 5831 2048 5903 αὐτῇ]
2070 5835 2242 5903 αὐτῆς
2270 5836 2453 5892 iidem.

1023 5931 1037 5946 .
1069 5892 1139 5947 M.
1217 5895 1261 5926 ¹⁰
1287 5897 1381 5949 ml
1396 5896 1484 5951 διὰ
1500 5896 1582 5969 τὺΊ
1606 5901 1693 5955 διὰ
1724 5901 1817 5954 τοῦ
1836 5901 1900 5959 G.
1931 5892 2104 5958 ΜΓΜ.

2477 5771 2519 5800 ¹¹
2549 5769 2882 5854 (ξιιραιοκὸμοι
3018 5772 3300 5854 ὀρεοκόμοι
3333 5769 3466 5825 Moi'.
3503 5770 3635 5823 Βιιιι.
3657 5769 3789 5854 'Yid;

2185 5839 2242 5903 ἧς
2270 5839 2453 5910 iidem.
2562 5840 2894 5910 ¹⁸άπρακτοι
2922 5839 2985 5894 G.
3020 5839 3083 5895 Κ.
3116 5841 3187 5895 Μ.
3213 5839 3276 5911 Vp.
3308 5858 3359 5911 ρ.
3431 5840 3793 5912 εταχειρίζον-

2185 5905 2224 5937 ¹⁷
2260 5906 2359 5980 μή]
2388 5907 2474 5961 ἵνα
2507 5909 2582 5982 μὴ
2604 5910 2736 5966 Edd.
2770 5925 2822 5979 ι).
2856 5925 2911 5979 p.
2945 5911 3035 5964 ml
3072 5912 3180 5963 τῶν
3208 5912 3333 5984 ὀρφ.
3370 5860 3500 5968 ἔφη.
