4104 6380
398 410 494 466 ⁸161

399 525 512 579 lloc
538 534 668 577 vero
693 526 748 576 et
772 514 1133 573 testimonium
1163 522 1348 570 contra
1388 512 1532 575 illos,
1572 519 1627 565 et
1654 504 1984 579 proditionis

399 621 769 683 argumentum
814 610 931 665 fuit.
973 606 1177 661 Nomen
1223 605 1421 675 quippe
1462 602 1564 657 loci
1592 599 1793 655 clarius
1824 611 1983 668 quam

400 707 524 760 tuba
552 704 755 759 caedem
781 702 848 754 ab
876 700 980 755 illis
1004 705 1358 768 perpetratum
1386 693 1636 748 omnibus
1660 689 1978 760 proclamat.

399 798 581 866 Neque
607 795 923 863 simpliciter
959 791 1059 845 hoc
1090 788 1308 852 faciunt,
1337 785 1429 840 sed
1468 786 1598 839 inito
1630 781 1856 835 consilto
1884 819 1900 844 ,
1931 787 1987 833 et

398 892 477 945 sic
504 889 699 958 ubique
727 893 924 956 agunt,
955 894 1012 937 ut
1060 882 1237 935 nullus
1276 880 1344 935 ab
1375 880 1475 932 hoc
1506 876 1709 931 scelere
1736 875 1805 929 sit
1832 874 1983 927 inno-

398 997 550 1047 cens,
577 980 670 1036 sed
702 992 890 1034 omnes
913 975 1077 1031 noxii.
1103 973 1231 1029 [ltec
1249 986 1374 1027 vero
1396 984 1554 1039 supra
1579 968 1735 1021 allata
1758 965 1985 1035 pr0phe-

401 1081 470 1133 tia
498 1073 835 1146 praenuntiat.
864 1068 1052 1124 Viden’
1090 1064 1360 1137 quomodo
1400 1078 1505 1117 non
1532 1059 1762 1131 apostoli
1798 1056 1979 1122 modo,

398 1169 492 1222 sed
520 1168 679 1222 etiam
710 1163 983 1235 propheta:
1001 1159 1283 1231 Opprohria
1316 1158 1399 1211 illa
1429 1168 1675 1211 accurate
1727 1161 1969 1215 narrent,

398 1272 453 1315 et
498 1260 733 1327 undique
779 1254 1080 1326 passionem
1129 1250 1441 1321 praedicent,
1488 1256 1543 1303 et
1590 1242 1984 1315 prtenuntient?

402 1352 513 1406 Iloc
540 1365 644 1404 non
672 1348 1027 1418 intelligentes
1045 1343 1213 1399 Judaei
1239 1338 1501 1409 inemptis
1525 1338 1829 1409 perstitere.
1848 1334 1980 1390 Nam

399 1444 442 1497 si
477 1443 529 1496 in
559 1441 848 1495 corbonam
897 1436 1290 1505 eonjecissent,
1323 1446 1411 1489 res
1439 1445 1545 1485 non
1577 1429 1654 1484 sic
1700 1426 1979 1482 manifesta

402 1536 621 1598 fuisset;
654 1531 755 1601 ipsi
779 1545 909 1585 vero
939 1542 1125 1598 agrtun
1165 1533 1406 1580 ementes
1433 1520 1777 1589 sequentibus
1814 1533 1981 1588 gene-

401 1627 693 1684 rationibus
725 1632 899 1679 totum
938 1620 1324 1691 patefecerunt.
1373 1616 1568 1671 Audite
1615 1622 1873 1684 quotquot
1915 1626 1981 1667 ex

398 1717 634 1771 cmdibus
670 1713 924 1769 videmini
960 1709 1217 1767 beneficia
1262 1716 1519 1778 praestare
1542 1746 1557 1771 ,
1586 1716 1640 1760 et
1684 1706 1979 1759 animarum

401 1811 674 1865 hominum
696 1810 925 1879 pretium
955 1804 1215 1874 accipitis.
1264 1800 1499 1857 Judaicaa
1521 1807 1646 1853 sunt
1670 1795 1976 1867 hujusmodi

394 1906 773 1973 eleemosynte,
803 1902 911 1955 imo
949 1898 1126 1969 potius
1150 1894 1423 1950 satanicte.
1467 1892 1604 1949 Sunt
1640 1890 1784 1946 enim
1811 1929 1826 1955 ,
1856 1896 1981 1943 sunt

398 1998 679 2067 hodieque,
710 1994 801 2065 qui
840 1991 1066 2061 direptis
1094 1989 1500 2043 innumerorum
1532 1983 1685 2039 bonis
1708 2022 1724 2048 ,
1756 1996 1815 2036 se
1840 1989 1980 2034 totos

394 2097 677 2146 excusatos
705 2094 935 2157 putant,
966 2085 1012 2138 si
1046 2081 1132 2136 vel
1160 2080 1345 2136 decem
1389 2077 1475 2135 vel
1520 2084 1733 2132 centum
1782 2086 1978 2127 aureos

396 2193 637 2254 erogent.
671 2182 747 2236 De
788 2180 982 2249 quibus
1009 2175 1267 2245 pmplteta
1287 2172 1457 2227 dicit:
1504 2167 1816 2241 aperiebatis
1844 2168 1860 2199 ¹
1896 2166 1977 2220 la-

392 2278 581 2349 crgmis
607 2276 770 2328 altare
792 2288 957 2327 meum
986 2269 1141 2342 (Mal.
1183 2268 1240 2323 2.
1272 2264 1402 2336 15).
1432 2264 1547 2319 Νοη
1596 2263 1707 2318 vult
1734 2260 1978 2316 Christus

390 2388 458 2425 ex
507 2371 687 2439 rapina
734 2364 961 2430 nutriri,
993 2378 1098 2418 non
1147 2357 1450 2430 hujusmodi
1500 2355 1675 2413 cibum
1725 2352 1970 2407 admittit.

391 2462 525 2530 Quid
555 2461 839 2516 Dominum
865 2454 1188 2512 contumelia
1215 2450 1405 2514 afficis,
1431 2448 1552 2502 dum
1586 2444 1856 2500 immunda
1899 2443 1974 2497 illi

385 2554 590 2609 offers?
637 2552 825 2608 Melius
867 2558 1011 2605 esset
1052 2546 1191 2601 fame
1239 2542 1600 2598 tabescentem
1629 2538 1966 2605 relinquere.

387 2661 546 2717 quam
579 2645 771 2698 talibus
809 2654 1027 2711 pascere
1067 2638 1244 2692 cibis:
1279 2632 1410 2689 illud
1455 2630 1691 2687 crudelis
1737 2627 1973 2683 hominis

382 2745 528 2792 esset
550 2778 563 2799 ,
595 2735 696 2789 hoc
724 2748 849 2789 vero
877 2741 933 2786 et
955 2728 1189 2785 crudelis
1236 2734 1292 2781 et
1335 2721 1727 2779 contumeliosi.
1785 2717 1972 2773 Melius

389 2840 473 2883 est
502 2828 629 2882 nihil
659 2826 809 2892 dare,
833 2840 991 2895 quam
1013 2823 1190 2877 aliena
1215 2820 1335 2874 aliis
1363 2819 1511 2873 dare.
1536 2816 1630 2871 Dic
1651 2815 1793 2869 enim
1816 2812 1967 2878 mihi,

390 2925 434 2978 si
484 2924 619 2978 duos
656 2921 899 2976 homines
926 2918 1137 2973 videres
1163 2928 1389 2985 quorum
1417 2912 1555 2966 alius
1583 2909 1757 2964 nudus
1796 2915 1963 2973 esset,

389 3016 524 3069 alius
552 3015 871 3069 vestimento
901 3010 1117 3065 indutus
1142 3050 1157 3076 ,
1194 3015 1251 3063 et
1300 3006 1447 3061 illum
1475 3004 1563 3074 qui
1591 3002 1804 3057 indutus
1827 3008 1969 3054 esset

382 3122 608 3161 emeres
632 3148 646 3170 ,
682 3112 738 3158 ut
763 3102 965 3159 nudum
997 3086 1238 3171 operires
1258 3139 1273 3163 ,
1320 3111 1496 3150 annon
1524 3094 1702 3163 inique
1739 3092 1967 3163 ageres?

384 3198 610 3252 Maxime
639 3204 805 3250 certe.
833 3192 985 3261 Quod
1015 3192 1061 3247 si
1087 3206 1198 3245 rem
1230 3198 1391 3243 totam
1408 3202 1565 3257 quam
1593 3184 1811 3256 rapuisti
1832 3183 1965 3238 dans

379 3289 554 3355 alteri,
584 3288 761 3357 inique
804 3287 921 3355 agis
945 3326 961 3350 ,
993 3298 1093 3338 nec
1132 3282 1228 3336 das
1266 3280 1709 3349 eleemosynam:
1750 3274 1963 3346 quando

383 3381 654 3434 minimam
687 3391 890 3449 partem
928 3376 1025 3431 das
1054 3376 1191 3444 rapti
1240 3372 1457 3442 peculii,
1487 3380 1542 3424 et
1568 3368 1695 3423 illud
1724 3369 1962 3423 eleemo-

376 3489 567 3544 synam
601 3486 782 3534 vocas,
813 3484 948 3539 quas
980 3482 1166 3537 poenas
1212 3480 1320 3519 non
1347 3462 1538 3517 dabis?
1562 3460 1691 3517 Nam
1721 3460 1764 3515 si
1789 3459 1845 3525 ii,
1869 3458 1960 3528 qui

380 3564 565 3617 mutila
588 3561 834 3616 animalia
864 3558 1178 3617 offerebant,
1206 3556 1258 3610 in
1284 3554 1485 3609 crimen
1506 3550 1855 3616 vocabantur,
1880 3557 1958 3612 tu,

374 3656 466 3724 qui
500 3655 679 3723 pejora
724 3652 852 3705 facis
875 3693 889 3715 ,
919 3664 1077 3720 quam
1106 3647 1314 3702 veniam
1340 3642 1720 3713 consequeris?
1747 3640 1955 3696 Etenim

376 3748 420 3799 si
453 3747 499 3800 ei
534 3744 620 3799 cui
669 3743 889 3797 abstulit
932 3741 1018 3795 fur
1046 3739 1288 3794 restituat
1317 3736 1369 3791 id
1400 3744 1602 3789 tantum
1631 3733 1770 3803 quod
1811 3732 1957 3786 abri-

376 3841 510 3911 puit,
541 3838 725 3907 inique
751 3835 891 3905 agit,
932 3843 987 3889 et
1016 3847 1185 3903 usque
1235 3829 1371 3885 adeo
1400 3837 1458 3882 ut
1484 3826 1763 3898 quadrupli
1808 3824 1958 3880 addi-

373 3934 518 3987 tione
543 3930 627 3984 vix
658 3940 932 3999 peccatum
957 3926 1087 3989 luat,
1114 3932 1169 3978 et
1207 3922 1321 3976 hare
1350 3922 1402 3975 in
1432 3919 1600 3975 veteri
1643 3918 1760 3988 lege
1812 3935 1827 3971 :
1866 3917 1956 3986 qui

375 4040 478 4078 non
510 4024 679 4075 solum
704 4020 922 4083 furatur,
954 4016 1047 4071 sed
1074 4015 1233 4070 etiam
1256 4013 1519 4068 violenter
1546 4011 1757 4080 abripit,
1782 4024 1956 4079 neque

374 4116 447 4169 illi
476 4114 706 4169 restituit
752 4126 782 4166 a
822 4124 929 4180 quo
964 4107 1230 4176 abripuit,
1258 4104 1354 4160 sed
1381 4103 1532 4158 alteri
1556 4143 1571 4167 ,
1603 4117 1666 4156 ac
1693 4116 1799 4156 non
1826 4114 1955 4170 qua-

372 4206 617 4277 drnplum
643 4248 657 4271 ,
689 4204 797 4258 imo
839 4220 905 4256 ne
929 4199 1208 4255 dimidium
1234 4197 1446 4268 quidem
1469 4237 1483 4260 ,
1519 4209 1619 4249 nec
1646 4194 1753 4263 iam
1791 4193 1842 4246 in
1869 4206 1955 4246 ve-

376 4301 495 4363 teri,
530 4298 622 4352 sed
654 4298 703 4349 in
744 4310 882 4349 nova
907 4295 1044 4361 lege,
1070 4291 1245 4361 cogita
1273 4298 1525 4359 quantum
1575 4288 1750 4357 ignem
1782 4286 1833 4340 in
1864 4300 1953 4339 ca-

374 4400 464 4460 put
492 4404 643 4444 suum
668 4394 940 4457 congerat.
965 4383 1116 4453 Quod
1144 4383 1187 4437 si
1228 4381 1462 4437 nondum
1487 4395 1670 4450 ptenas
1689 4378 1801 4445 det,
1831 4376 1952 4433 idco
2014 4458 2017 4459 ν

373 4485 523 4538 illum
570 4482 774 4550 lugeas,
806 4477 947 4548 quod
990 4477 1088 4530 sibi
1120 4475 1376 4544 maiorem
1404 4474 1498 4527 irte
1528 4472 1836 4527 thesaurum
1866 4480 1951 4523 at-

373 4575 566 4637 trahat,
592 4573 690 4625 nisi
717 4569 1083 4638 paenitentiam
1104 4574 1243 4637 agat.
1275 4565 1411 4630 Quid
1440 4564 1575 4618 enim
1598 4563 1897 4617 existimatis
1931 4604 1947 4628 ,

372 4666 562 4735 inquit,
593 4665 710 4717 illos
736 4663 870 4716 solos
896 4670 1184 4730 peccatores
1224 4659 1379 4730 fuisse
1398 4700 1413 4724 ,
1450 4674 1604 4728 super
1629 4673 1753 4727 quos
1793 4658 1951 4710 turris

371 4755 595 4811 cecidit?
627 4752 768 4818 Non,
792 4753 905 4805 dico
928 4750 1085 4813 vobis,
1129 4748 1217 4803 sed
1239 4749 1335 4802 nisi
1364 4748 1702 4817 pmnitentiam
1730 4747 1947 4818 egeritis,

372 4858 418 4900 et
460 4862 546 4901 vos
585 4844 736 4898 simul
784 4841 1004 4913 peribitis
1036 4838 1199 4911 (Luc.
1254 4840 1340 4894 15.
1366 4840 1423 4894 4.
1456 4840 1545 4909 5).
1576 4837 1948 4893 Paenitentiam

371 4955 589 5009 agamus
621 4936 779 5007 igitur
800 4975 815 4999 ,
863 4943 919 4989 et
947 4948 977 4988 a
1009 4934 1191 5002 rapina
1223 4946 1404 5001 puram
1432 4930 1828 5001 eleemosynam
1853 4930 1950 4985 de-

373 5047 513 5095 mus,
569 5030 892 5097 largiterque
940 5042 1241 5096 erogemus.
1293 5025 1531 5095 Cogitate
1572 5025 1786 5079 Judteos
1821 5024 1949 5077 olim

370 5135 495 5180 octo
521 5124 665 5178 mille
691 5122 902 5177 Levitas
921 5121 1142 5187 aluisse,
1170 5127 1225 5174 et
1250 5134 1373 5173 eum
1400 5118 1604 5173 Levitis
1628 5158 1644 5182 ,
1679 5117 1866 5172 viduas
1895 5125 1953 5172 et

372 5215 620 5287 pupillos,
654 5229 716 5269 ac
745 5220 1003 5284 praeterea
1031 5211 1340 5265 ministeriis
1389 5210 1507 5265 aliis
1540 5209 1819 5276 obnoxios,
1850 5208 1951 5262 mi-

373 5311 497 5364 litiae
518 5322 730 5379 quoque
757 5319 979 5375 operam
1017 5303 1231 5359 dedisse
1262 5321 1275 5356 :
1300 5318 1441 5357 nunc
1469 5317 1598 5357 vero
1623 5318 1778 5373 agros
1800 5342 1815 5366 ,
1861 5300 1952 5355 do-

370 5418 507 5464 mos.
527 5402 819 5456 locationes
848 5399 1062 5461 mdium,
1092 5398 1333 5452 vehicula
1356 5438 1372 5462 ,
1396 5397 1678 5461 muliones,
1699 5398 1871 5451 mulos
1895 5404 1950 5451 et

382 5495 547 5548 multa
602 5495 705 5548 alia
754 5491 1056 5559 huiusmodi
1100 5490 1337 5561 possidet
1359 5490 1595 5545 Ecclesia
1622 5492 1692 5544 ob
1719 5498 1947 5544 vestram

372 5587 764 5641 crudelitatem.
798 5586 1083 5653 Oporteret
1132 5597 1299 5652 penes
1329 5597 1425 5636 vos
1453 5597 1574 5637 esse
1596 5581 1737 5636 hunc
1764 5580 1951 5636 Eccle-

376 5680 471 5731 εἰςιν
527 5678 835 5731 thesaurum
864 5716 878 5741 ,
911 5684 967 5731 et
995 5686 1307 5745 proventum
1340 5674 1455 5742 ejus
1492 5689 1558 5729 ex
1587 5684 1763 5728 vestro
1786 5674 1949 5728 animi

441 5810 457 5839 ³
482 5810 553 5857 sic
595 5808 857 5871 legendum
904 5817 998 5866 cst,
1034 5812 1170 5871 juxta
1197 5808 1504 5871 Evangelium
1528 5809 1789 5871 Graecum;
1811 5809 1948 5870 juxta

375 5882 495 5919 vero
513 5847 755 5921 ὶιιιι-ἱιὶῗνὲι
777 5847 1006 5933 quam
1030 5847 1421 5933 ὧὶέῗίρέρηᾶἶιηι
1448 5847 1601 5929 esset,
1632 5847 1918 5933 ορενίὲὅῶὶὶῖ

1269 399 1335 456 IN
1375 392 1781 454 MATTHA‘IUM
1821 388 2049 446 HOMIL.
2093 389 2354 450 LXXXV.
2394 393 2467 448 al.
2508 393 2794 457 LXXXVI.

3576 405 3681 461 τος

2094 506 2271 560 studio
2299 507 2532 577 pendere
2560 527 2573 565 :
2605 525 2746 567 nunc
2769 520 2946 569 autem
2980 513 3086 571 duo
3124 562 3127 563 ν
3156 516 3385 573 absurda
3424 518 3549 575 hinc
3586 536 3676 575 na-

2091 607 2344 663 scuntur;
2380 614 2500 653 nam
2528 608 2584 655 et
2610 616 2704 658 vos
2729 603 2847 658 sine
2873 604 3048 661 fructu
3077 609 3328 676 manetis,
3352 620 3406 665 et
3429 612 3683 667 sacerdo-

2091 695 2173 743 tes
2202 689 2290 744 Dei
2309 690 2408 746 sibi
2427 706 2532 746 non
2551 697 2906 763 competentia
2933 706 3182 755 tractant.
3206 701 3399 757 Annon
3422 712 3669 772 poterant

2087 782 2450 849 apostolorum
2476 792 2716 854 tempore
2732 787 2921 843 domus
2942 798 2995 844 et
3011 791 3126 861 agri
3140 806 3356 848 manere
3376 792 3394 846 Ξ
3414 792 3520 849 Cur
3540 810 3669 865 ergo

2091 875 2179 930 illa
2209 876 2510 933 vendebant
2536 919 2551 943 ,
2581 889 2634 935 et
2659 881 2891 950 pretium
2912 881 3340 940 distribuebant?
3377 885 3509 955 Quia
3539 887 3666 943 illud

2089 969 2282 1023 melius
2308 978 2445 1023 erat.

2158 1060 2210 1114 4.
2240 1054 2345 1115 Sed
2373 1076 2515 1116 nunc
2538 1071 2716 1132 patres
2745 1072 2956 1120 vestros
2985 1064 3142 1120 timor
3176 1067 3395 1135 invasit,
3428 1084 3496 1124 ne
3521 1069 3671 1125 vobis

2089 1150 2287 1207 furiosa
2315 1169 2493 1209 rerum
2520 1155 2855 1210 stecularium
2882 1157 3171 1227 cupiditate
3198 1161 3388 1230 captis,
3412 1161 3669 1231 colligen-

2088 1245 2353 1314 tibusque,
2385 1261 2487 1301 nec
2513 1248 2915 1318 spargentibus,
2957 1250 3271 1320 viduarum,
3296 1254 3617 1324 pupillorum
3649 1256 3665 1287 ί

2086 1343 2141 1389 et
2170 1337 2429 1406 virginum
2459 1337 2608 1393 ebori
2650 1338 2793 1395 fame
2821 1350 3042 1409 pereant
3073 1358 3087 1396 :
3118 1343 3237 1397 ideo
3280 1345 3395 1399 haec
3421 1345 3491 1399 ita
3516 1360 3665 1399 com-

2086 1441 2286 1497 ponere
2312 1428 2479 1483 coacti
2507 1439 2652 1483 sunt.
2682 1430 2863 1503 Neque
2889 1433 3031 1487 enim
3076 1434 3327 1489 volebant
3362 1434 3664 1505 hujusmodi

2085 1519 2315 1575 dedecus
2344 1520 2624 1578 admittere
2653 1564 2667 1585 ,
2695 1524 2788 1578 sed
2812 1523 3103 1593 cupiebant
3151 1526 3439 1581 voluntatis
3468 1542 3661 1583 vesme

2086 1613 2415 1681 propositum
2446 1612 2574 1682 ipsis
2624 1626 2937 1683 proventum
2985 1631 3105 1671 esse
3131 1657 3145 1681 ,
3178 1626 3234 1671 et
3264 1617 3386 1672 inde
3432 1618 3660 1673 fructum

2084 1702 2395 1773 decerpere,
2450 1704 2575 1759 dum
2617 1705 2691 1759 illi
2735 1706 2977 1775 precibus
3010 1716 3211 1762 tantum
3268 1708 3659 1765 incumberent.

2083 1794 2235 1849 Nunc
2260 1804 2439 1850 autem
2469 1797 2588 1851 illos
2614 1800 2865 1869 coegistis
2895 1839 2910 1865 ,
2936 1808 2993 1854 ut
3018 1814 3112 1855 eos
3143 1803 3230 1869 qttl
3263 1816 3349 1855 res
3380 1802 3664 1857 saeculares

2082 1896 2136 1941 et
2162 1886 2449 1943 familiares
2480 1898 2707 1944 tractant
2754 1891 3123 1957 imitarentur;
3166 1892 3306 1947 unde
3344 1893 3522 1947 omnia
3570 1910 3663 1949 sus

2083 1979 2255 2050 deque
2284 1995 2436 2036 versa
2458 1992 2599 2035 sunt.
2628 1982 2761 2038 Nam
2793 1999 2912 2038 cum
2934 1992 2991 2039 et
3019 1999 3114 2039 vos
3142 1992 3196 2039 et
3243 1999 3342 2040 nos
3364 1985 3552 2041 iisdem
3583 1987 3659 2041 si-

2082 2085 2203 2125 mus
2250 2073 2481 2141 negotiis
2529 2072 2754 2139 intenti,
2783 2075 2904 2144 quis
2947 2076 3113 2130 Deum
3145 2075 3410 2145 placabit?
3441 2076 3564 2132 Ideo
3594 2092 3657 2131 os

2082 2177 2188 2217 non
2214 2164 2472 2219 audemus
2497 2167 2728 2233 aperire,
2760 2167 2882 2235 quia
2926 2167 3161 2222 Ecclesia
3206 2166 3337 2222 nihil
3363 2183 3393 2221 a
3435 2170 3659 2224 saecula-

2080 2254 2226 2310 ribus
2274 2256 2576 2311 hominibus
2602 2257 2798 2313 differt.
2858 2258 2973 2313 Non
3004 2258 3226 2315 audistis
3255 2260 3525 2330 apostolos
3545 2301 3561 2326 ,
3596 2277 3662 2316 ne

2078 2348 2290 2417 quidem
2322 2351 2575 2419 pecunias
2610 2351 2729 2406 sine
2762 2352 2945 2408 labore
2988 2352 3241 2407 collectas
3268 2352 3662 2409 distribuendas

2077 2442 2416 2513 suscepisse?
2442 2442 2593 2498 Nunc
2618 2453 2797 2499 autem
2824 2445 3082 2513 episcopi,
3111 2453 3409 2508 curatores.
3440 2460 3658 2501 tecono-

2078 2549 2195 2588 ntos
2221 2544 2277 2589 et
2298 2549 2569 2602 caupones
2586 2535 2889 2604 bujusmodi
2913 2536 3269 2592 sollicitudine
3289 2546 3544 2606 superant
3571 2554 3585 2591 :
3604 2546 3660 2591 et

2075 2641 2194 2681 cum
2214 2636 2486 2695 oporteret
2502 2627 2621 2682 illos
2633 2628 2930 2683 animarum
2947 2639 3239 2683 vestrarum
3256 2642 3436 2682 curam
3449 2643 3654 2697 gerere,

2074 2717 2260 2771 eadem
2285 2733 2405 2787 quae
2432 2728 2746 2788 exceptores
2767 2761 2782 2785 ,
2809 2730 3125 2791 quaestores,
3157 2719 3428 2775 rationarii
3459 2730 3517 2775 et
3556 2735 3655 2790 pe-

2072 2810 2295 2865 cuniarii
2321 2826 2511 2867 curare
2547 2822 2813 2883 coguntur
2845 2831 2858 2867 :
2888 2813 2956 2869 de
2997 2813 3079 2869 his
3106 2814 3345 2885 quotidie
3386 2824 3511 2869 sunt
3548 2816 3655 2869 sol-

2073 2904 2223 2960 liciti.
2280 2903 2407 2960 Haec
2455 2920 2563 2959 non
2613 2906 2809 2960 frustra
2864 2908 3125 2978 deploro,
3161 2908 3256 2964 sed
3306 2918 3365 2963 ut
3410 2908 3651 2979 quardam

2069 2996 2373 3052 emendatio
2421 3005 2478 3052 et
2521 3000 2744 3053 mutatio
2804 3009 3097 3069 sequatur,
3156 3010 3216 3056 ut
3265 3016 3364 3056 nos
3402 3003 3491 3071 qui
3550 3002 3650 3057 hac

2067 3092 2215 3161 gravi
2240 3089 2499 3144 servitute
2538 3091 2860 3159 premimur,
2891 3092 3313 3147 misericordiam
3355 3107 3651 3162 consequa-

2068 3200 2190 3239 mur
2209 3227 2225 3252 ,
2255 3194 2312 3238 ut
2335 3198 2429 3239 vos
2454 3183 2572 3240 sitis
2588 3183 2843 3239 Ecclesia:
2869 3194 2925 3240 et
2953 3194 3243 3255 proventus
3263 3194 3318 3240 et
3344 3184 3644 3240 thesaurus.

2067 3279 2161 3335 Sin
2188 3279 2366 3333 nolitis
2389 3278 2433 3345 ’,
2462 3292 2589 3333 ecce
2624 3292 2888 3348 pauperes
2915 3294 3097 3332 coratn
3123 3278 3273 3332 vobis
3297 3287 3421 3332 sunt
3451 3295 3464 3331 :
3488 3288 3642 3348 quot-

2064 3382 2197 3443 quot
2217 3372 2531 3442 poterimus,
2555 3371 2793 3435 alemus;
2827 3386 2961 3441 quos
3009 3386 3115 3426 non
3145 3372 3463 3441 poterimus,
3490 3371 3642 3427 vobis

2063 3466 2285 3520 alendus
2308 3464 2673 3532 relinquemus
2695 3504 2712 3531 ,
2742 3478 2810 3519 ne
2839 3464 2893 3517 in
2937 3464 3025 3518 die
3047 3462 3324 3519 tremenda
3354 3464 3513 3518 verba
3543 3464 3631 3518 illa

2062 3558 2308 3623 audiatis,
2342 3557 2847 3613 immisericordibus
2873 3567 2925 3612 et
2957 3557 3261 3613 inhumanis
3283 3557 3424 3612 dicta
3455 3577 3468 3612 :
3500 3557 3640 3612 Esu-

2061 3654 2271 3707 rieutem
2296 3669 2376 3705 me
2395 3652 2607 3718 vidistis,
2632 3661 2678 3705 et
2699 3668 2801 3706 non
2830 3652 3046 3706 aluistis.
3076 3652 3200 3707 Haec
3223 3660 3369 3706 certe
3398 3652 3642 3706 inhuma-

2061 3744 2198 3797 nitas
2227 3751 2282 3798 et
2312 3757 2401 3797 vos
2425 3750 2478 3797 et
2498 3757 2596 3797 nos
2627 3742 2877 3797 ridiculos
2897 3742 3079 3806 efficit,
3108 3742 3231 3811 quia
3256 3743 3518 3808 oratione,
3542 3742 3639 3797 do-

2059 3836 2251 3900 ctrina,
2280 3835 2592 3904 caeterisque
2617 3834 2815 3889 sanctis
2837 3834 3108 3888 exercitiis
3139 3834 3358 3895 relictis,
3391 3834 3478 3887 alii
3501 3834 3632 3897 vini,

2058 3926 2148 3979 alii
2177 3926 2452 3991 frumenti,
2498 3925 2589 3979 alii
2630 3925 2857 3979 aliarum
2894 3940 3071 3979 rerum
3121 3924 3486 3980 venditoribus
3534 3925 3639 3980 liti-

2056 4017 2233 4087 gando
2259 4018 2546 4071 miscemur
2574 4017 2718 4071 omni
2768 4026 3027 4086 tempore.
3067 4016 3204 4071 Hinc
3233 4016 3385 4082 ήκω,
3416 4026 3635 4071 conten-

2058 4110 2251 4176 tiones,
2296 4118 2352 4165 et
2399 4109 2703 4179 quotidiana
2728 4110 3006 4167 convicia;
3039 4109 3364 4180 singulisque
3388 4110 3635 4164 sacerdo-

2057 4201 2198 4256 tibus
2221 4202 2435 4255 nomina
2479 4200 2719 4271 quaedam
2758 4202 3123 4271 imponuntur,
3150 4216 3269 4271 quae
3306 4202 3634 4255 secularibus

2054 4293 2257 4347 aedibus
2287 4294 2455 4363 magis
2480 4301 2877 4362 competerent;
2905 4307 3024 4347 cum
3054 4302 3329 4363 oporteret
3375 4294 3495 4349 aliis
3535 4310 3635 4348 no-

2054 4386 2286 4441 minibus
2304 4386 2501 4451 vocari,
2536 4401 2656 4455 quae
2695 4394 2994 4441 statuerunt
3016 4387 3262 4456 apostoli,
3291 4387 3358 4442 ab
3379 4387 3634 4443 alimento

2057 4478 2377 4549 pauperibus
2391 4477 2536 4543 dato,
2554 4493 2583 4531 a
2605 4478 2897 4547 patrocinio
2918 4479 3058 4533 laesis
3077 4494 3355 4546 concesso,
3368 4480 3435 4534 ab
3454 4480 3633 4549 hospi-

2056 4571 2277 4633 talitate.
2305 4587 2335 4625 a
2372 4571 2608 4642 przestito
2626 4572 2898 4641 oppressis
2926 4572 3125 4627 auxilio
3148 4613 3164 4638 ,
3197 4588 3227 4627 a
3254 4588 3378 4627 cura
3406 4574 3634 4643 pupillo-

2054 4679 2194 4730 rum,
2225 4680 2255 4719 a
2305 4664 2616 4721 defensione
2639 4665 2934 4729 viduarum,
2964 4681 2993 4719 a
3034 4667 3362 4736 protectione
3408 4668 3627 4738 virgini-

2055 4762 2153 4817 bus
2180 4759 2323 4825 data,
2354 4770 2407 4816 et
2430 4759 2542 4815 haec
2563 4760 2857 4816 ministeria
2877 4761 3244 4816 sacerdotibus
3272 4761 3426 4827 tradi,
3454 4762 3630 4831 potius

2052 4866 2209 4921 quam
2229 4866 2475 4921 agrorum
2496 4851 2814 4921 aediumque.
2830 4850 2953 4905 Haec
2976 4851 3115 4905 enim
3137 4850 3388 4905 Ecclesiae
3409 4859 3533 4905 sunt
3555 4852 3630 4905 ci-

2054 4944 2209 4999 melia
2234 4962 2246 4998 :
2272 4943 2324 4997 hi
2349 4944 2581 4999 thesauri
2603 4944 2701 5015 ipsi
2728 4953 3110 5013 competentes,
3131 4959 3249 5014 qua:
3279 4943 3500 4999 multam
3524 4959 3629 4998 no-

2054 5038 2136 5092 bis
2164 5037 2489 5103 facilitatem,
2507 5038 2763 5108 vobisque
2795 5037 3091 5101 utilitatem,
3119 5038 3225 5090 imo
3252 5036 3411 5091 etiam
3454 5034 3627 5091 facili-

2056 5144 2213 5188 tatem
2240 5141 2511 5202 praestent.
2533 5132 2665 5189 Nam
2690 5148 2783 5203 per
2810 5133 2902 5189 Dei
2917 5135 3140 5202 gratiam
3165 5143 3292 5202 puto
3318 5148 3409 5188 eos
3427 5133 3515 5204 qui
3544 5133 3631 5189 hic

2052 5235 2446 5298 congregantur
2473 5226 2540 5281 ad
2566 5236 2780 5281 centum
2806 5227 2951 5282 mille
2981 5226 3282 5297 pertingere
3306 5242 3322 5291 ;
3354 5234 3411 5281 et
3438 5226 3483 5281 si
3513 5226 3630 5281 sin-

2052 5320 2160 5391 guli
2180 5321 2402 5391 singulis
2425 5320 2741 5391 pauperibus
2762 5321 2997 5390 singulos
3030 5335 3193 5389 panes
3214 5320 3421 5386 darent,
3439 5335 3633 5375 omnes

2054 5414 2105 5467 in
2131 5429 2305 5469 rerum
2333 5412 2654 5469 abundantia
2699 5423 2879 5469 essent
2906 5433 2919 5468 :
2945 5413 2990 5468 si
3020 5413 3211 5484 singuli
3242 5429 3404 5468 unum
3435 5413 3630 5468 darent

2052 5508 2289 5571 obolum,
2319 5522 2386 5562 ne
2429 5522 2567 5562 unus
2609 5505 2825 5575 quidem
2876 5520 3077 5576 pauper
3112 5514 3278 5572 esset,
3327 5520 3502 5575 neque
3552 5515 3632 5558 tot

2054 5601 2270 5657 dicteria
2298 5611 2353 5655 et
2382 5600 2573 5669 probra
2602 5600 2989 5654 sustineremus
3032 5599 3102 5654 ob
3129 5599 3446 5669 praediorum
3474 5600 3624 5653 solli-

2053 5694 2361 5750 citudinem.
2382 5693 2513 5747 Nam
2541 5691 2686 5756 illud,
2717 5689 3127 5745 Vendeuniversa
3149 5706 3262 5760 qua?
3287 5690 3454 5755 habes,
3480 5700 3528 5744 et
3557 5692 3626 5744 de

2118 5814 2132 5841 ι
2169 5808 2294 5864 Vox,
2322 5806 2631 5871 papilione»,
2651 5808 2798 5871 deest
2822 5808 2871 5855 in
2896 5807 3057 5871 Morel.

2126 5874 2142 5901 ²
2179 5879 2303 5930 Haec,
2322 5868 2412 5922 'ss't't
2433 5868 2610 5930 nolitis,
2635 5869 2811 5922 desunt
2828 5883 2877 5918 tn
2901 5869 3062 5919 Morel.
