4104 6380
438 422 542 478 763

439 534 765 607 pauperibus.
807 543 853 588 et
876 533 1007 601 veni,
1040 549 1242 603 sequere
1267 550 1346 586 me
1364 530 1578 601 (Matth.
1604 530 1690 587 19.
1711 529 1829 601 21),
1857 527 2019 585 etiam

436 628 502 681 ad
561 628 817 682 Ecclesia:
874 624 1130 695 prmsides
1174 624 1241 679 de
1285 623 1539 679 Ecclesia:
1594 621 2022 694 possessionibus

437 729 738 789 Opportune
778 716 1005 771 dicatur.
1039 714 1159 770 Alio
1197 714 1341 771 enim
1372 713 1532 768 modo
1574 729 1681 768 non
1732 727 2022 782 possumus

439 819 497 863 ιιι
525 815 738 877 oportet
767 806 938 876 sequi,
968 804 1070 859 nisi
1104 805 1249 859 omni
1275 802 1631 859 sollicitudine
1674 802 1938 858 crassiore
1967 810 2024 857 et

440 898 631 952 viliore
679 897 846 951 simus
896 895 1067 951 vacui.
1121 894 1273 949 Nunc
1335 905 1512 948 autem
1570 893 1664 948 Dei
1718 893 2024 949 sacerdotes

440 989 745 1054 vindemias,
790 988 992 1054 messi,
1034 986 1325 1041 venditioni
1354 997 1407 1040 ct
1446 986 1703 1057 emptioni
1756 984 2023 1040 fructuum

440 1082 570 1137 dant
598 1096 815 1150 operam
841 1096 854 1146 ;
885 1090 939 1135 et
961 1081 1051 1134 alii
1073 1081 1287 1150 quidem
1322 1081 1529 1136 umbra:
1555 1081 1854 1136 servientes
1880 1121 1897 1147 ,
1929 1080 2024 1136 ho-

442 1190 560 1230 rum
587 1176 824 1229 omnium
852 1175 1114 1229 immunes
1158 1186 1330 1243 erant,
1361 1177 1461 1231 ctsi
1489 1176 1753 1245 corporali
1782 1176 2026 1231 ministe-

445 1269 530 1326 rio
560 1267 794 1337 deputati
821 1285 835 1334 ;
862 1282 958 1322 nos
985 1278 1162 1322 autem
1193 1269 1281 1337 qui
1308 1266 1376 1323 ad
1404 1268 1515 1337 ipsa
1544 1268 1837 1338 penetralia
1864 1268 2027 1323 caelo-

444 1376 564 1416 rum
579 1374 889 1426 evocantur,
913 1370 964 1415 et
983 1360 1033 1413 in
1060 1375 1186 1415 vera
1209 1372 1389 1414 sancta
1409 1372 1715 1414 sanctorum
1744 1362 2025 1424 intramus,

445 1461 803 1507 mercatorum
856 1461 910 1506 et
958 1466 1258 1520 cauponum
1303 1466 1460 1507 curas
1502 1451 1840 1522 suscipimus.
1893 1452 2029 1509 Hinc

446 1544 735 1613 Scriptum
774 1542 1061 1598 admodum
1091 1543 1448 1613 negliguntur,
1481 1544 1817 1614 precationes
1843 1547 2027 1615 segni-

1182 418 1239 474 S.
1265 415 1542 472 JOANNIS
1579 407 2042 472 CHRYSOSTOMI
2080 406 2392 464 ARCIIIEP.
2432 406 2962 467 CONSTANTINOP.

3603 405 3709 461 76‘

2128 536 2211 583 ter
2230 527 2607 597 persolvuntur
2632 570 2647 595 ,
2676 529 2887 599 aliaque
2915 528 3095 584 omnia
3124 530 3557 581 contemnuntur.
3589 521 3705 576 Non

2127 619 2269 674 enim
2297 619 2412 675 ﬁeri
2456 630 2662 691 potest,
2707 631 2764 676 ut
2790 621 2856 675 ad
2888 620 3002 676 haec
3029 619 3188 674 ambo
3213 634 3334 673 cum
3381 618 3561 673 studio
3581 616 3707 671 dili-

2126 710 2270 781 genti
2295 710 2622 767 sciudamur.
2654 711 2831 779 Quare
2855 712 3084 767 obsecro
3127 719 3179 766 et
3207 725 3321 777 oro,
3355 719 3414 764 ut
3439 710 3589 763 inulti
3621 723 3712 763 no-

2130 804 2211 859 bis
2236 803 2464 875 undique
2490 806 2664 861 foutes
2693 806 3005 873 scaturiant,
3057 813 3220 875 utque
3242 818 3365 858 area
3412 811 3587 857 vestra
3614 812 3668 856 et
3688 802 3706 832 '

2131 896 2362 950 torcular
2391 905 2625 951 vestrum
2652 897 2721 950 sit
2763 896 2915 950 nobis
2943 897 2994 950 in
3045 895 3339 949 stimulum.
3384 894 3459 958 Ita
3485 894 3628 948 enim
3655 903 3712 949 et

2132 1001 2392 1056 pauperes
2421 986 2625 1041 facilius
2649 986 2881 1049 alentur,
2907 986 3051 1042 Deus
3072 985 3478 1057 gloriﬁcabitur,
3509 998 3710 1053 vosque

2131 1077 2198 1132 ad
2223 1078 2423 1149 majora
2447 1078 2791 1134 humanitatis
2812 1094 2974 1148 Opera
3004 1076 3536 1147 progressi,-teternis
3561 1074 3711 1130 frue-

2133 1171 2263 1226 mini
2290 1173 2479 1229 bonis:
2517 1187 2636 1240 quae
2668 1187 2765 1226 nos
2808 1186 2995 1226 omnes
3022 1170 3236 1238 assequi
3268 1171 3563 1239 contingat,
3588 1183 3712 1238 gra-

2135 1265 2203 1319 tia
2234 1273 2287 1318 et
2306 1261 2630 1333 benignitate
2651 1263 2858 1318 Domini
2886 1263 3053 1317 nostri
3092 1262 3218 1317 Jesu
3246 1260 3468 1326 Christi,
3500 1260 3586 1316 cui
3608 1259 3712 1332 glo-

2134 1358 2211 1410 ria
2238 1356 2290 1410 in
2321 1356 2513 1412 saecula
2544 1356 2887 1411 saeculorum.
2910 1357 3106 1410 Amen.

2198 1530 2216 1561 ¹
2253 1527 2387 1597 Haec,
2410 1540 2527 1578 area
2548 1534 2704 1579 vestra
2724 1532 2789 1589 et,
2812 1527 2995 1580 desunt
3015 1529 3064 1579 in
3084 1526 3252 1579 Morel.

1477 1751 1826 1815 HOMILIA
1864 1752 2220 1817 LXXXVI.
2264 1753 2350 1816 al.
2394 1751 2777 1815 LXXXVII.

449 1896 580 1952 Car.
620 1897 710 1952 27.
739 1912 791 1952 ν.
826 1897 914 1951 11.
953 1894 1105 1950 Jesus
1156 1904 1327 1950 autem
1371 1896 1507 1950 stetit
1556 1906 1675 1951 ante
1724 1896 1989 1968 prwsidem
2014 1938 2030 1963 ,

517 1998 563 2042 et
588 1988 911 2059 interrogavit
935 2004 1046 2042 eum
1075 2003 1276 2057 praises,
1307 1988 1477 2043 dicens
1496 2005 1515 2043 :
1545 1988 1622 2043 Tu
1647 2004 1699 2043 es
1722 2005 1813 2043 rea:
1830 1987 2036 2045 Judteo-

517 2095 629 2131 rum
646 2079 671 2131 2
696 2078 731 2131 .l
736 2095 848 2132 esus
873 2089 1039 2132 autem
1067 2079 1195 2133 dixit
1222 2094 1241 2133 :
1263 2078 1343 2133 Tu
1371 2079 1518 2135 dicis.
1548 2078 1637 2134 12.
1667 2079 1735 2134 Et
1758 2096 1870 2134 cum
1891 2096 2036 2134 accu-

517 2180 714 2225 saretur
733 2188 764 2223 a
786 2171 1097 2241 principibus
1121 2171 1438 2226 sacerdotum
1466 2181 1514 2227 et
1532 2171 1812 2227 senioribus
1834 2172 2031 2243 populi,

521 2260 651 2315 nihil
679 2263 957 2331 respondit.

520 2354 572 2405 1.
611 2351 913 2406 Judaei-um
935 2362 1291 2408 accusatorum
1324 2352 1512 2409 Christi
1540 2355 1677 2409 mala
1705 2354 1851 2423 ﬁdes.
1882 2353 2036 2411 Chri-

447 2452 554 2500 stus
576 2460 674 2514 quo
690 2461 837 2499 sensu
859 2461 913 2500 se
935 2462 1100 2517 regem
1127 2445 1531 2501 dicit.—Viden‘
1549 2446 1636 2503 hic
1658 2448 1885 2517 primum
1909 2463 2035 2505 exa-

451 2535 641 2589 minari
690 2534 816 2589 illud
850 2537 991 2605 quod
1035 2536 1204 2592 Judaei
1256 2536 1685 2606 frequentissime
1713 2539 2036 2594 versabant?

450 2625 583 2693 Quia
611 2626 753 2680 enim
784 2626 1035 2682 videbant
1064 2627 1290 2683 Pilatum
1358 2626 1499 2684 nihil
1564 2628 1757 2698 legalia
1824 2644 2033 2699 curare,

451 2717 517 2771 ad
545 2718 751 2788 publica
772 2719 994 2774 crimina
1016 2728 1313 2775 vertuntur.
1333 2720 1424 2777 Sic
1449 2731 1503 2776 et
1522 2735 1646 2791 erga
1664 2723 1937 2791 apostolos
1954 2723 2034 2780 fa-

453 2808 683 2875 ciebant,
701 2808 814 2864 haec
839 2824 1050 2880 semper
1064 2810 1397 2879 objicientes,
1422 2812 1566 2881 ipsos
1586 2826 1778 2882 nempe
1800 2814 2034 2869 cireum-

452 2900 532 2954 ire
585 2899 932 2968 pr.cdicantes
975 2916 1156 2970 regem
1205 2900 1486 2971 quemdam
1541 2901 1745 2969 Iesum,
1789 2905 1940 2975 quasi
1970 2904 2037 2960 de

452 2989 595 3046 nudo
617 2990 832 3047 homine
849 2992 961 3046 haec
984 2992 1241 3055 dicerent,
1255 3002 1309 3048 et
1326 2993 1391 3047 ad
1417 2994 1773 3063 suspicionem
1796 2997 2037 3067 tyranni-

451 3083 535 3138 dis
559 3083 892 3140 inducentes.
924 3084 1075 3141 Unde
1100 3086 1273 3156 palam
1303 3095 1383 3140 est
1406 3125 1421 3151 ,
1453 3087 1763 3143 scissionem
1806 3089 2031 3158 tunicae,

452 3185 508 3233 et
541 3186 814 3247 stuporem
846 3177 1108 3248 pontiﬁcis
1131 3180 1374 3234 simulata
1420 3179 1599 3236 fuisse.
1628 3180 1817 3237 Omnia
1841 3184 2037 3255 quippe

454 3269 739 3324 movebant
781 3279 836 3325 et
881 3271 1204 3337 versabant,
1240 3281 1295 3326 ut
1340 3281 1565 3327 mortem
1615 3274 1713 3341 ipsi
1756 3272 2035 3330 inferrent.

455 3360 565 3417 Hoc
602 3363 776 3433 itaque
804 3363 1001 3418 Pilatus
1029 3374 1153 3419 tttnc
1180 3365 1543 3435 interrogavit.
1573 3366 1708 3435 Quid
1733 3382 1861 3437 ergo
1886 3368 2038 3424 Chri-

455 3455 608 3508 stus?
641 3454 715 3509 Tu
754 3455 947 3510 dixisti.
991 3456 1278 3512 Confessus
1317 3468 1399 3512 est
1437 3473 1498 3514 se
1534 3474 1711 3529 regem
1749 3475 1869 3517 esse
1891 3503 1906 3526 ,
1942 3463 2037 3517 sed

454 3546 724 3601 caelestem
756 3563 933 3613 regem
966 3548 982 3578 ¹
1013 3563 1026 3600 :
1055 3548 1193 3618 quod
1238 3549 1361 3603 alibi
1392 3549 1587 3603 clarius
1616 3550 1785 3605 Pilato
1815 3566 2035 3621 respon-

457 3639 591 3691 dens
611 3637 781 3691 dixit:
802 3637 1033 3708 Regnum
1050 3656 1214 3693 nteant
1237 3656 1336 3693 non
1358 3651 1430 3694 est
1450 3642 1513 3694 de
1535 3641 1628 3694 hoc
1649 3643 1837 3696 mundo
1856 3643 2035 3713 (Joan.

457 3730 545 3785 18.
575 3730 689 3799 56),
715 3739 771 3784 ut
799 3746 968 3801 neque
992 3732 1062 3794 hi,
1093 3746 1264 3802 neque
1292 3732 1363 3785 illi
1400 3733 1524 3787 talia
1558 3745 1874 3791 accusantes
1894 3778 1909 3803 ,
1941 3739 2039 3790 ali-

458 3834 613 3890 quam
645 3823 1039 3876 excusationem
1071 3822 1361 3887 haberent;
1392 3824 1747 3896 invictamque
1779 3828 2035 3882 rationein

456 3911 613 3965 aﬂ'ert
635 3928 648 3965 :
674 3912 735 3967 Si
759 3929 819 3965 ea:
848 3913 941 3965 hoc
966 3912 1156 3966 mundo
1179 3929 1356 3980 essem,
1386 3914 1485 3967 mei
1508 3916 1677 3985 utique
1705 3916 2034 3985 decertarent,

455 4022 519 4061 ne
547 4007 788 4062 traderer.
823 4006 1021 4061 Idcirco
1052 4016 1107 4061 ut
1142 4006 1280 4061 hanc
1306 4008 1660 4077 suspicionem
1696 4020 2036 4079 removeret,

455 4108 510 4152 et
552 4099 804 4153 tributum
853 4099 1050 4165 solvit,
1091 4111 1146 4155 et
1185 4100 1322 4155 alios
1358 4102 1566 4157 solvere
1599 4101 1787 4172 jussit;
1827 4112 1882 4158 et
1918 4119 2039 4159 cum

458 4189 659 4244 vellent
698 4204 818 4243 eum
861 4205 1039 4260 regem
1071 4190 1245 4245 facere
1268 4233 1283 4255 ,
1323 4191 1539 4260 aufugit.
1571 4189 1678 4246 Cur
1711 4201 1923 4261 autem,
1955 4195 2037 4250 in.

453 4282 627 4350 quies,
657 4281 771 4337 base
795 4298 901 4336 non
928 4282 979 4337 in
1007 4282 1238 4339 medium
1266 4284 1503 4352 protulit,
1527 4298 1646 4338 cum
1668 4282 1734 4339 de
1758 4286 2037 4355 tyrannide

454 4373 828 4428 accusaretur?
871 4372 1001 4440 Quia
1049 4388 1169 4428 cum
1212 4382 1489 4429 sescentas
1536 4374 1793 4431 baberent
1839 4392 1905 4432 ex
1945 4393 2036 4433 re-

453 4462 553 4518 bus
580 4463 709 4533 ipsis
727 4466 747 4494 ³
776 4463 1257 4520 demonstrationes
1285 4464 1351 4519 de
1380 4474 1659 4535 potestate,
1688 4466 1756 4523 de
1783 4482 2034 4524 mansue-

456 4554 678 4621 tudine,
726 4554 795 4610 de
840 4555 1139 4621 modestia,
1187 4555 1415 4611 libentes
1460 4557 1845 4623 czecutiebant,
1897 4560 2035 4615 mala

453 4648 928 4713 machinabantur,
958 4657 1013 4703 et
1036 4658 1341 4717 corruptum
1370 4658 1484 4705 erat
1509 4651 1785 4718 judicium.
1818 4651 1944 4707 Ideo
1967 4652 2034 4707 ad

453 4738 585 4792 nihil
628 4739 913 4807 reSpoudet
938 4780 952 4805 ,
985 4739 1080 4794 sed
1120 4748 1298 4807 tacet,
1328 4749 1383 4795 et
1408 4741 1721 4797 brevissime
1750 4743 2035 4812 aliquando

452 4829 685 4898 loquitur
703 4871 716 4893 ,
745 4842 812 4884 ne
842 4846 906 4884 ex
939 4839 1194 4901 perpetuo
1219 4831 1430 4887 silentio
1454 4834 1767 4903 arrogantia:
1796 4835 1895 4889 sibi
1922 4838 2035 4892 exi-

451 4920 808 4974 stimationem
838 4930 1046 4990 pareret
1068 4963 1084 4988 ,
1112 4938 1304 4992 nempe
1329 4938 1446 4977 cum
1474 4922 1736 4993 adjuravit
1760 4926 1990 4993 pontifex
2013 4967 2029 4994 ,

450 5026 573 5065 cum
618 5012 964 5081 interrogavit
1007 5028 1240 5082 praeses;
1283 5014 1348 5069 ad
1378 5013 1584 5083 objecta
1613 5031 1740 5070 vero
1768 5017 1987 5071 crimina
2012 5062 2026 5084 ,

449 5104 572 5171 quia
612 5117 671 5158 se
704 5104 921 5159 minime
959 5118 1336 5174 persuasurum
1363 5122 1482 5161 esse
1510 5107 1749 5171 sciebat,
1781 5108 1911 5161 nihil
1942 5124 2031 5164 rc-

450 5197 685 5265 Spondit.
715 5197 865 5264 Quod
891 5205 944 5252 et
969 5197 1223 5267 pr0pheta
1251 5198 1475 5269 idipsum
1504 5199 1863 5268 praenuntians
1883 5200 2029 5255 dice-

448 5290 539 5345 bat
585 5306 598 5343 :
643 5288 710 5343 In
748 5290 1026 5344 humilitate
1066 5293 1175 5362 ejus
1213 5291 1467 5359 judicium
1507 5293 1614 5356 eius
1657 5291 1909 5345 sublatum
1956 5302 2029 5347 est

449 5381 616 5453 (lsai.
644 5383 732 5438 55.
762 5382 854 5452 8).
886 5381 961 5437 De
990 5382 1073 5437 bis
1095 5382 1387 5438 mirabatur
1413 5397 1610 5453 praeses
1640 5400 1653 5436 :
1680 5382 2029 5441 admiratione

449 5474 647 5545 quippe
673 5473 892 5544 dignum
920 5485 1034 5528 erat
1057 5515 1072 5540 ,
1099 5482 1301 5528 tantam
1331 5473 1641 5529 modestiam
1669 5482 1723 5528 et
1750 5474 2026 5529 taciturni-

454 5572 613 5619 tatem
661 5563 913 5618 exhihere
957 5578 1076 5618 eum
1121 5563 1212 5633 qui
1258 5564 1531 5618 innumera
1575 5563 1756 5619 dicere
1800 5573 2025 5633 poterat.

451 5657 635 5727 Neque
673 5658 816 5712 enim
848 5656 988 5726 quod
1024 5655 1221 5725 aliquid
1265 5658 1317 5710 in
1349 5670 1414 5711 eo
1442 5655 1564 5709 mali
1595 5664 1841 5725 putarent
1869 5670 1987 5713 esse
2012 5697 2027 5723 ,

478 5794 492 5824 ¹
518 5792 610 5858 Alii
638 5793 836 5858 habent,
860 5801 904 5841 et
918 5804 1075 5853 regem
1097 5790 1350 5858 ccclestem,
1365 5790 1492 5853 quod
1508 5792 1735 5858 majorem
1755 5792 1848 5858 vim
1860 5791 2027 5841 habet.

485 5858 505 5887 ⁸
524 5855 577 5905 ln
600 5854 761 5904 ωσι-ει.
789 5851 988 5917 legitur,
1005 5868 1031 5905 e
1050 5852 1324 5918 Sci'ipturis,
1343 5851 1446 5917 pro,
1471 5865 1535 5904 ex
1548 5851 1686 5904 rebus
1708 5851 1841 5917 ipsis.

2139 1896 2287 1953 illum
2319 1897 2638 1954 accusabant
2656 1940 2671 1962 ,
2700 1897 2795 1955 sed
2824 1898 2989 1954 livore
3012 1905 3215 1954 tantum
3244 1906 3299 1954 et
3327 1897 3522 1954 invidia
3549 1896 3713 1954 ducti.

2137 1988 2269 2045 Nam
2296 2004 2417 2044 cum
2447 1988 2609 2045 falsos
2637 1998 2799 2045 testes
2828 1988 3185 2057 induxerunt,
3210 2004 3307 2044 cur
3331 2004 3452 2045 cum
3478 1989 3606 2044 nihil
3632 1989 3717 2043 di-

2138 2079 2363 2135 cendum
2413 2079 2711 2148 haberent,
2757 2080 2931 2136 adhuc
2975 2079 3274 2136 accusando
3331 2079 3721 2150 perstiterunt?

2138 2185 2237 2227 cur
2271 2170 2459 2227 ludam
2490 2172 2847 2243 exspirantem
2882 2170 3125 2228 videntes
3146 2212 3163 2238 ,
3194 2181 3248 2228 et
3276 2171 3501 2227 Pilatum
3532 2185 3721 2226 manus

2139 2263 2404 2320 lavantem
2422 2306 2437 2331 ,
2469 2278 2577 2320 non
2604 2265 2905 2335 compuncti
2931 2264 3093 2319 sunt?
3118 2263 3249 2319 Nam
3279 2262 3446 2318 multa
3472 2262 3562 2318 illo
3588 2272 3723 2318 teni-

2140 2370 2271 2427 pore
2310 2356 2433 2412 fecit
2456 2396 2473 2423 ,
2512 2371 2633 2427 qua:
2668 2354 2737 2411 ad
2781 2354 3199 2425 resipiscendum
3239 2354 3586 2418 inducerent;
3624 2352 3719 2408 sed

2140 2446 2391 2502 meliores
2418 2461 2523 2500 non
2549 2445 2724 2502 effecti
2750 2456 2891 2503 sunt.
2919 2446 3054 2514 Quid
3081 2460 3207 2516 ergo
3234 2445 3454 2500 Pilatus.
3479 2446 3567 2500 15.
3597 2443 3720 2523 Non

2139 2540 2291 2596 audis
2308 2549 2497 2610 quanta
2514 2540 2599 2594 isti
2616 2540 2854 2595 adversus
2874 2550 2921 2594 te
2939 2540 3272 2610 testiﬁcantur
3287 2540 3313 2594 ?
3331 2537 3555 2595 Volebat
3575 2539 3720 2593 enim

2141 2632 2288 2688 illum
2316 2647 2375 2689 se
2399 2632 2772 2689 defendentem
2804 2632 3039 2688 liberare
3062 2673 3078 2698 ,
3110 2632 3333 2703 ideoque
3360 2632 3439 2687 sic
3463 2631 3722 2702 loqueba-

2142 2730 2261 2789 tur;
2308 2739 2429 2779 cum
2473 2734 2651 2779 autem
2688 2723 2817 2778 nihil
2854 2723 3240 2793 responderet,
3272 2723 3413 2779 aliud
3446 2722 3719 2793 quidpiam

2141 2814 2493 2869 machinatur.
2524 2815 2801 2881 Quodnam
2828 2815 3000 2870 illud?
3036 2815 3148 2871 Mos
3171 2824 3285 2871 erat
3311 2815 3580 2870 dimittere
3618 2816 3721 2869 illis

2142 2920 2304 2959 unum
2335 2920 2401 2960 ex
2430 2907 2603 2962 noxiis
2622 2948 2637 2973 ,
2668 2916 2724 2963 et
2746 2906 2846 2963 hac
2869 2909 2953 2961 via
2982 2906 3131 2962 illum
3157 2907 3365 2977 eripere
3393 2906 3631 2962 tentavit.
3663 2904 3721 2963 Si

2142 3011 2247 3051 non
2276 2997 2465 3063 vultis,
2496 2998 2699 3068 inquit,
2733 3008 2790 3054 ut
2816 3003 3080 3055 insontem
3107 3000 3400 3064 dimittere,
3432 3008 3488 3054 ut
3512 3009 3720 3055 sontem

2141 3089 2329 3142 saltem
2368 3088 2421 3143 in
2452 3089 2787 3146 solemnitate
2816 3090 3027 3146 solvite.
3060 3090 3246 3146 Viden’
3283 3092 3550 3146 inversum
3577 3090 3723 3145 ordi-

2144 3180 2305 3234 nem?
2330 3179 2384 3235 In
2414 3195 2562 3237 more
2587 3190 2706 3236 erat
2730 3190 2787 3235 ut
2808 3197 2902 3251 pro
2929 3181 3192 3238 damnatis
3221 3183 3447 3254 p0pulus
3476 3191 3679 3252 peteret
3703 3223 3721 3249 ,

2144 3285 2341 3339 praeses
2368 3286 2495 3326 vero
2516 3271 2837 3328 concederet
2864 3290 2878 3327 :
2906 3288 3046 3330 nunc
3071 3288 3231 3344 porro
3257 3275 3581 3328 contrarium
3607 3273 3723 3328 efli-

2140 3361 2319 3427 citur;
2350 3375 2551 3432 praeses
2589 3363 2642 3417 id
2670 3377 2700 3417 a
2731 3364 2927 3433 populo
2959 3365 3126 3434 petit,
3163 3380 3339 3434 neque
3363 3365 3441 3420 sic
3468 3365 3545 3419 illi
3576 3364 3721 3419 miti-

2141 3461 2371 3521 gantur,
2418 3455 2528 3508 imo
2570 3455 2740 3524 magis
2786 3454 3090 3522 ferociunt,
3138 3470 3431 3526 vocemque
3472 3455 3723 3510 emittunt

2143 3544 2354 3599 invidia:
2393 3545 2580 3600 morbo
2616 3546 2877 3602 furentes.
2921 3547 3103 3618 Neque
3139 3549 3280 3603 enim
3322 3549 3518 3618 aliquid
3564 3563 3721 3604 accu-

2142 3637 2311 3692 sando
2344 3638 2579 3708 objicere
2606 3648 2883 3709 poterant,
2911 3641 3116 3695 etiamsi
3145 3640 3231 3695 ille
3260 3651 3457 3696 taceret
3477 3683 3490 3704 ,
3519 3641 3615 3697 sed
3643 3640 3722 3697 sic

2145 3735 2318 3782 tanien
2343 3728 2770 3797 confutabantur,
2799 3744 2865 3786 eo
2890 3729 3030 3801 quod
3064 3741 3167 3785 tam
3198 3730 3361 3786 multa
3392 3742 3574 3786 essent
3600 3747 3722 3802 quas

2142 3816 2288 3871 illum
2312 3817 2511 3886 justum
2538 3835 2658 3875 esse
2683 3820 3013 3876 declararent
3042 3840 3057 3876 :
3089 3833 3267 3876 tacens
3294 3823 3537 3879 vincebat
3563 3822 3682 3877 illos
3700 3863 3718 3890 ,

2143 3907 2421 3965 innumera
2444 3909 2680 3966 dicentes
2704 3921 2759 3966 et
2780 3913 3034 3967 furentes.
3066 3911 3153 3968 l9.
3180 3912 3401 3969 Sedente
3421 3924 3588 3968 autem
3608 3915 3720 3984 ipso

2143 4014 2237 4068 pro
2266 4000 2527 4068 tribunali,
2555 4002 2687 4056 misit
2713 4003 2781 4056 ad
2802 4020 2915 4058 eum
2941 4020 3068 4058 uxor
3090 4006 3198 4073 ejus
3222 4005 3392 4060 dicens
3413 4022 3432 4060 :
3454 4004 3602 4061 Nihil
3630 4007 3719 4062 tibi

2143 4099 2191 4143 et
2226 4092 2368 4161 justo
2397 4092 2512 4146 huic
2550 4109 2569 4147 :
2597 4094 2755 4149 multa
2781 4096 2915 4149 enim
2941 4111 3090 4164 passa
3115 4112 3229 4151 sum
3257 4096 3407 4152 hodie
3441 4115 3532 4169 per
3558 4100 3719 4155 visum

2143 4192 2347 4255 propter
2370 4186 2556 4255 ipsum.
2586 4184 2747 4241 Vides
2773 4202 2958 4241 rursus
2984 4201 3095 4242 rem
3117 4203 3236 4258 quae
3258 4191 3519 4259 potuisset
3543 4190 3662 4245 illus
3684 4206 3716 4245 a

2142 4277 2413 4346 proposito
2442 4292 2714 4335 revocare.
2764 4277 2894 4334 Post
2927 4278 3437 4335 demonstrationem
3473 4282 3614 4336 enim
3649 4296 3717 4337 ex

2140 4384 2318 4425 rerum
2355 4372 2685 4440 experientia
2724 4380 2967 4442 partam,
3001 4389 3104 4426 non
3136 4374 3281 4442 parvi
3324 4379 3574 4428 momenti
3602 4385 3717 4429 erat

2138 4462 2404 4516 somnium
2446 4462 2597 4517 illud.
2637 4462 2707 4517 Et
2739 4479 2836 4519 cur
2872 4478 2977 4519 non
3016 4463 3128 4533 ipse
3168 4464 3369 4519 Pilatus
3407 4464 3577 4519 vidit?
3622 4466 3714 4521 Vel

2137 4556 2258 4625 quia
2286 4555 2373 4610 illa
2402 4554 2611 4626 dignior
2635 4566 2751 4612 erat
2776 4572 2791 4618 ;
2815 4556 2898 4611 vel
2925 4558 3048 4627 quia
3072 4557 3116 4612 si
3145 4558 3257 4629 ipse
3278 4559 3516 4626 vidisset,
3537 4559 3713 4615 credi-

2137 4656 2248 4702 tum
2276 4648 2375 4719 ipsi
2405 4663 2512 4703 non
2538 4648 2745 4716 fuisset,
2767 4657 2857 4704 aut
2877 4665 2982 4704 non
3010 4658 3067 4705 ut
3086 4650 3257 4707 visum
3279 4652 3448 4707 fuerat
3468 4651 3710 4708 dixisset.

2136 4740 2339 4796 Idcirco
2360 4740 2664 4810 providetur
2682 4750 2741 4794 ut
2761 4756 2902 4795 uxor
2919 4741 3114 4807 videat,
3139 4758 3244 4812 quo
3264 4759 3351 4799 res
3372 4744 3441 4798 sit
3461 4743 3711 4800 omnibus

2136 4842 2280 4887 nota.
2312 4832 2422 4887 Nec
2448 4832 2606 4888 modo
2643 4832 2817 4899 videt,
2864 4833 2958 4888 sed
2998 4836 3157 4889 etiam
3200 4836 3364 4891 multa
3404 4837 3622 4906 patitur.
3654 4847 3713 4894 ut

2134 4926 2287 4980 uxori
2307 4924 2596 4980 condolens
2625 4925 2738 4993 ipse
2765 4924 2962 4980 tardior
2986 4926 3051 4981 ad
3077 4926 3277 4981 caedem
3297 4928 3524 4983 veniret.
3552 4930 3713 4985 Teni-

2135 5035 2233 5089 pus
2260 5034 2387 5074 vero
2414 5034 2517 5073 non
2549 5034 2731 5089 parum
2762 5019 2828 5073 ad
2859 5019 2910 5074 id
2937 5018 3278 5086 conferebat;
3310 5036 3433 5076 nam
3478 5022 3564 5078 illa
3594 5024 3707 5094 ipsa

2134 5121 2289 5167 nocte
2309 5111 2532 5166 viderat.
2560 5111 2752 5167 Verum
2778 5126 2883 5166 non
2906 5121 3018 5165 tuto
3039 5121 3248 5180 poterat
3265 5112 3562 5181 dimittere,
3586 5115 3708 5185 quia

2131 5197 2405 5263 dixerant,
2433 5196 2670 5264 Seipsum
2694 5212 2857 5265 regem
2886 5196 3026 5267 facit.
3053 5196 3337 5264 Oportebat
3365 5212 3491 5268 ergo
3519 5199 3707 5271 proba-

2133 5291 2305 5346 tiones
2333 5298 2389 5346 et
2413 5297 2742 5359 argumenta.
2767 5298 2924 5359 atque
2952 5288 3210 5344 aliectatae
3235 5291 3529 5361 tyrannidis
3556 5291 3705 5361 signa

2131 5397 2401 5453 quaerere;
2447 5391 2571 5451 puta
2590 5421 2607 5447 ,
2635 5396 2761 5436 num
2790 5382 3078 5436 exercitum
3111 5381 3550 5452 conscripsisset,
3579 5397 3704 5438 num

2134 5463 2382 5545 pecunias
2425 5475 2726 5545 collegisset
2756 5475 2771 5506 ⁸
2798 5514 2813 5539 ,
2846 5490 2968 5528 num
3009 5490 3157 5530 arma
3204 5475 3488 5530 fabricatus
3525 5484 3702 5542 esset,

2132 5585 2257 5624 num
2286 5568 2409 5639 quid
2438 5568 2613 5623 simile
2638 5576 2913 5624 tentasset.
2947 5567 3040 5622 llle
3066 5582 3194 5623 vero
3220 5567 3336 5622 sine
3360 5582 3517 5622 causa
3545 5568 3613 5622 ab
3639 5568 3705 5622 iis

2130 5677 2190 5718 Se
2213 5662 2403 5717 attrahi
2436 5662 2665 5731 patitur;
2694 5661 2920 5730 ideoque
2946 5676 3053 5715 non
3075 5660 3228 5730 culpa
3252 5669 3527 5730 expertem
3554 5660 3702 5715 illum

2130 5772 2248 5811 esse
2288 5754 2547 5826 signilicat
2581 5753 2822 5808 Christus
2861 5753 3086 5807 dicens:
3117 5752 3217 5815 Qui
3253 5768 3331 5805 me
3370 5751 3578 5805 tradidit
3616 5750 3705 5806 tibi

2195 5855 2212 5881 ι
2247 5856 2376 5911 tunc,
2399 5861 2513 5898 num
2536 5846 2761 5911 pecunias
2782 5844 3064 5910 collegisset,
3085 5843 3263 5895 desunt
3285 5845 3336 5893 iu
3360 5839 3522 5893 Morel.
