4104 6380
406 408 517 481 res

408 541 575 609 majus
616 542 869 607 peccatum
900 530 1045 584 havet
1070 528 1090 599 (
1119 525 1275 581 Joan.
1304 523 1392 580 18.
1425 522 1495 578 36
1525 521 1566 588 ).
1608 521 1727 574 Pr:c
1764 515 1987 571 mollitie

412 634 569 701 igitur
589 628 770 690 cessit,
791 634 846 680 et
867 620 1177 678 verberibus
1200 618 1350 673 illum
1374 614 1602 685 excepit.
1633 611 1805 667 Mollis
1830 610 1992 677 igitur

411 700 465 782 et
491 726 634 779 iners
659 729 775 776 erat
802 736 815 772 :
844 715 1108 788 principes
1132 721 1311 768 autem
1338 707 1674 791 sacerdotum
1698 700 1913 771 maligni
1941 708 1993 753 et

412 817 632 873 versuti.
664 813 794 883 Quia
823 812 965 865 enim
995 809 1086 862 ille
1114 803 1329 860 modum
1358 800 1770 868 excogitaverat,
1801 806 1994 860 nempe

412 907 765 966 solemnitatis
792 905 982 974 legem,
1004 916 1123 971 quae
1140 898 1362 968 jubebat
1383 894 1690 974 damnatum
1711 886 1992 958 quemdam

412 1002 628 1066 dimitti,
659 997 785 1070 quid
816 972 901 1051 hic
928 989 1336 1050 machinantur?
1365 972 1550 1041 Turba:
1576 990 1875 1045 suaserunt,
1910 978 1994 1033 in-

415 1096 548 1165 quit,
575 1102 631 1146 ut
660 1088 943 1144 Barabbam
971 1092 1209 1157 peterent.
1822 1140 1831 1149 α

484 1186 542 1240 2.
572 1182 761 1239 Viden’
786 1187 980 1251 quanta
1008 1177 1095 1231 ille
1116 1169 1446 1244 providentia
1470 1175 1623 1222 curet
1646 1165 1769 1220 illos
1789 1178 1818 1216 a
1843 1162 1997 1230 culpa

417 1278 667 1343 liberare,
697 1282 751 1329 et
776 1279 978 1343 quanto
1007 1269 1081 1323 illi
1107 1266 1285 1321 studio
1311 1269 1572 1333 satagant,
1594 1269 1652 1314 ut
1686 1272 1783 1313 nec
1810 1255 1998 1311 umbra

419 1372 526 1427 illis
559 1365 916 1424 excusationis
942 1357 1309 1430 relinquatur?
1336 1355 1474 1424 Quid
1509 1352 1651 1407 enim
1684 1346 2001 1419 oportebat?

420 1477 486 1516 an
510 1460 620 1530 jam
650 1457 947 1512 convictum
965 1494 981 1519 ,
1008 1466 1074 1505 an
1106 1465 1226 1515 eum
1248 1491 1264 1513 ,
1294 1448 1362 1501 de
1386 1459 1491 1514 quo
1519 1440 1888 1504 dubitabatur,
1916 1437 1997 1491 di-

422 1550 676 1607 mittere?
705 1548 834 1602 Nam
860 1546 906 1598 si
939 1559 1003 1598 ex
1030 1541 1273 1597 sontibus
1302 1537 1567 1592 dimittere
1592 1548 1754 1588 unum
1784 1538 2003 1600 oporte-

424 1645 513 1700 bat
538 1685 552 1707 ,
582 1641 751 1697 multo
779 1636 946 1708 magis
971 1637 1015 1690 si
1045 1633 1338 1703 cujuspiam
1364 1628 1519 1698 culpa
1551 1641 1655 1680 non
1682 1633 1807 1679 nota
1838 1631 2002 1678 esset.

424 1739 605 1808 Neque
627 1736 769 1791 enim
791 1732 920 1802 ipsis
940 1727 1235 1785 manifestis
1256 1723 1538 1781 homicidis
1561 1720 1709 1790 pejor
1729 1719 1831 1772 illis
1851 1715 2007 1772 Jesus

424 1829 701 1884 videbatur
741 1838 879 1879 esse.
927 1821 1130 1876 Idcirco
1173 1832 1279 1872 non
1322 1816 1493 1870 solum
1523 1812 1690 1877 dixit,
1732 1808 2009 1864 Habebam

427 1925 707 1985 latronem,
733 1918 847 1981 scd,
872 1915 1132 1985 Insignem
1157 1912 1438 1972 latronem,
1464 1904 1697 1975 nequitia
1719 1902 2005 1965 celebrem,

427 2016 515 2084 qui
547 2011 690 2066 mille
718 2008 893 2064 credes
934 2010 1349 2084 perpetraverat.
1394 2000 1638 2053 Attamen
1681 1995 1830 2049 illum
1863 1991 2009 2046 orbis

427 2102 697 2163 Servaturi
727 2098 1097 2171 praetulerunt.
1128 2080 1298 2163 neque
1323 2104 1533 2146 sacrum
1559 2098 1770 2157 tempus
1797 2080 2009 2139 reveriti

429 2206 590 2256 sunt.
622 2211 725 2249 nou
770 2188 1112 2245 humanitatis
1148 2186 1293 2256 leges
1316 2225 1331 2248 ,
1376 2197 1475 2237 nec
1500 2179 1768 2251 quidpiam
1798 2175 2008 2230 simile:

429 2291 524 2346 sed
552 2291 669 2345 illos
693 2285 884 2341 invidia
908 2280 1227 2338 excaecavit:
1253 2292 1351 2332 nec
1375 2290 1468 2330 sua
1493 2273 1725 2329 contenti
1755 2269 2010 2340 nequitia,

434 2383 683 2453 populum
714 2380 874 2435 etiam
906 2381 1285 2441 corrumpunt,
1318 2380 1373 2423 ut
1398 2368 1468 2423 ob
1496 2366 1634 2420 hanc
1661 2364 1820 2419 etiam
1858 2361 2012 2416 falla-

430 2480 566 2532 ciam
595 2483 861 2529 cxtremas
906 2470 1054 2523 luant
1082 2480 1291 2537 pinnas.
1328 2462 1463 2518 Cum
1493 2474 1622 2530 ergo
1651 2458 1796 2513 illum
1829 2455 2013 2526 petiis-

433 2578 583 2632 scnt,
615 2568 687 2621 ait
721 2584 733 2619 :
772 2563 863 2619 ‘22.
910 2561 1044 2630 Quid
1072 2575 1188 2630 ergo
1220 2557 1402 2626 faciam
1431 2554 1494 2608 de
1520 2552 1644 2606 Iesu
1665 2592 1681 2617 ,
1721 2550 1806 2621 qui
1834 2550 2017 2602 dicitur

434 2662 667 2718 Christus
694 2659 752 2713 ‘?
797 2658 909 2712 Hoc
946 2663 1100 2725 pacto
1129 2665 1337 2707 rursum
1372 2648 1491 2704 illos
1518 2646 1733 2701 ﬂectere
1764 2642 1973 2697 volebat
1998 2685 2013 2707 ,

437 2756 487 2809 id
528 2769 712 2809 eorum
754 2749 975 2805 arbitrio
1006 2744 1315 2815 permittens
1339 2781 1353 2805 ,
1383 2748 1442 2794 ut
1470 2754 1579 2809 pra:
1609 2735 1812 2806 pudore
1836 2733 2017 2789 Jesum

435 2854 678 2915 peterent
705 2886 720 2909 ,
761 2851 813 2897 et
853 2858 918 2896 ex
956 2854 1141 2895 eorum
1181 2834 1495 2890 liberalitate
1532 2839 1701 2885 totum
1742 2827 2013 2898 penderet.

436 2938 565 2992 Nam
592 2938 634 2991 si
662 2934 901 2996 dixisset,
924 2931 1039 2987 Non
1069 2927 1325 2999 peccavit.
1348 2922 1791 2981 contentiosiores
1812 2920 2019 2975 effecis-

437 3031 518 3077 set
545 3042 559 3075 -.
592 3029 648 3074 ut
675 3028 850 3074 autem
879 3033 944 3072 ex
974 3014 1298 3069 humanitate
1341 3018 1649 3065 servaretur
1672 3049 1687 3073 ,
1730 3004 2020 3077 probabilis

438 3129 556 3169 esse
586 3112 768 3183 petilio
799 3108 1096 3164 videbatur.
1128 3104 1204 3160 Illi
1231 3117 1358 3159 vero
1385 3102 1457 3156 ita
1484 3100 1733 3155 dixerunt
1763 3116 1776 3153 :
1806 3096 2021 3164 Cruci/i-

438 3226 500 3281 ge
522 3251 537 3275 ,
565 3206 802 3276 cruci/iga
829 3219 961 3258 eum.
990 3200 1083 3257 25.
1114 3197 1215 3253 Ille
1239 3212 1353 3250 vero
1382 3194 1509 3248 dixit
1538 3209 1555 3247 :
1579 3192 1716 3260 Quid
1744 3190 1873 3244 enim
1898 3188 2022 3242 mali

441 3280 596 3371 fecit?
624 3298 688 3351 At
717 3296 799 3351 illi
827 3293 984 3349 multo
1012 3292 1172 3363 magis
1202 3285 1515 3349 clamabant,
1545 3283 1902 3352 Cruciﬁgatur.
1929 3280 2019 3335 24.

449 3391 638 3448 Videns
688 3398 855 3442 autem
892 3385 1094 3441 Pilatus
1116 3399 1169 3437 se
1193 3381 1324 3434 nihil
1346 3379 1590 3450 proﬁcere
1613 3416 1628 3440 ,
1662 3374 1781 3428 lavit
1807 3387 1985 3424 manus
2004 3412 2020 3437 ,

442 3485 610 3537 dicens
635 3498 652 3535 :
678 3479 926 3533 Innocens
958 3492 1048 3547 ego
1072 3490 1204 3530 sum.
1234 3472 1342 3527 Cur
1366 3476 1493 3539 ergo
1522 3467 1669 3521 illum
1699 3463 1901 3518 tradis?
1929 3477 2025 3517 cur

446 3594 548 3631 non
581 3573 842 3643 eripuisti,
869 3572 1003 3625 sicut
1031 3567 1249 3622 Paulum
1277 3560 1554 3619 tribunus?
1581 3558 1681 3626 Qui
1707 3558 1869 3612 etiam
1898 3555 2026 3609 scie-

447 3664 535 3717 bat
562 3675 619 3713 se
648 3640 855 3729 gratum
905 3654 1019 3708 fore
1042 3650 1275 3713 Judaais;
1308 3646 1501 3702 seditio
1524 3645 1720 3714 quippe
1747 3640 2027 3695 tumultus-

446 3766 549 3821 que
589 3756 808 3819 propter
850 3746 1024 3815 ipsum
1067 3742 1238 3795 factus
1279 3747 1363 3794 est
1389 3756 1400 3790 :
1430 3745 1664 3791 attamen
1696 3731 1892 3787 restitit
1934 3729 2027 3783 ille

448 3843 673 3897 fortiter.
714 3842 785 3893 At
822 3852 927 3891 nou
968 3835 1045 3890 sic
1084 3834 1185 3887 iste
1210 3850 1224 3886 :
1251 3829 1345 3885 sed
1387 3829 1573 3898 ignave
1609 3824 1945 3892 molliterque
1969 3835 2027 3875 se

447 3928 613 3998 gessit
640 3944 653 3979 :
680 3939 742 3979 ac
767 3921 921 3978 simul
947 3934 1136 3975 omnes
1159 3914 1391 3984 corrupti
1420 3913 1651 3967 fuerunt.
1680 3908 1861 3977 Neque
1885 3905 2027 3959 enim

452 3997 536 4075 hic
563 4017 724 4089 plebi,
752 4028 923 4084 neque
950 4008 1229 4065 multitudo
1253 4006 1451 4063 Judaeis
1476 4002 1671 4058 restitit
1689 4002 1747 4065 ⁸;
1781 3997 2030 4066 nullaque

453 4113 556 4167 illis
581 4108 853 4168 excusatio
880 4111 1176 4175 supererat.
1207 4099 1338 4155 Nam
1370 4096 1693 4167 Supervacua
1720 4089 2026 4155 clamabant,

455 4206 556 4260 hoc
582 4212 682 4269 est,
717 4199 883 4269 magis
908 4212 970 4251 ac
999 4194 1167 4265 magis
1191 4189 1511 4253 clamabant,
1540 4184 1900 4253 Cruciﬁgatur.
1926 4178 2032 4234 Ne-

460 4307 565 4361 que
582 4290 726 4345 enim
748 4288 923 4343 solum
944 4284 1193 4339 occidere
1213 4278 1487 4336 volebant,
1502 4271 1595 4327 sed
1616 4270 1772 4340 quasi
1794 4282 1892 4338 pro
1913 4281 2025 4323 sce-

464 4380 850 4449 lere,etjudice
867 4381 1198 4445 repugnante
1214 4368 1400 4425 eadem
1415 4362 1703 4420 clamando
1725 4372 2034 4429 persevera-

467 4481 616 4533 bant.
635 4473 825 4529 Viden‘
849 4477 1052 4541 quanta
1076 4466 1202 4521 fecit
1230 4464 1481 4518 Christus
1514 4468 1570 4510 ut
1603 4456 1726 4508 illos
1749 4453 1812 4506 ad
1836 4450 2031 4520 resipi-

468 4570 726 4628 su'endum
747 4560 1221 4620 induceret?Sicut
1236 4551 1583 4611 enimJudam
1604 4543 2035 4615 smperepressit,

471 4658 549 4719 sic
566 4672 619 4718 et
634 4665 847 4723 istos,et
862 4658 914 4710 in
928 4662 1043 4709 toto
1056 4648 1358 4720 evangelio,
1371 4653 1424 4699 et
1437 4646 1554 4713 ipso
1566 4638 1756 4709 judicii
1772 4647 2034 4703 tempore.

473 4757 609 4810 Nam
628 4752 846 4823 quando
868 4745 1149 4818 praesidem
1166 4750 1220 4797 et
1236 4740 1474 4810 judicem
1496 4732 1750 4787 videbant
1769 4729 2038 4782 lavantem

477 4861 671 4902 manus
690 4852 744 4898 et
762 4843 1029 4897 dicentem
1047 4877 1062 4901 ,
1101 4837 1361 4888 Innocens
1390 4844 1508 4883 sum
1537 4842 1570 4878 a
1589 4823 1843 4892 sanguine
1862 4817 2040 4886 hujus,

476 4936 763 5008 compungi
785 4930 1069 5003 Oportebat
1085 4934 1141 4982 et
1159 4924 1337 4979 verbis
1362 4930 1418 4975 et
1442 4919 1637 4982 rebus;
1673 4921 1732 4967 ut
1754 4920 1809 4967 et
1825 4907 2044 4979 quando

478 5033 504 5088 J
513 5001 672 5087 udam
694 5001 943 5083 viderunt
962 5023 1155 5090 laqueo
1179 5015 1595 5085 suspensum,et
1615 5008 1789 5077 ipsum
1809 5001 2045 5055 Pilatum

481 5131 782 5194 rogantem,
806 5127 862 5172 ut
883 5116 1047 5170 alium
1068 5126 1169 5181 pro
1190 5110 1282 5163 illo
1305 5106 1635 5173 acciperent.
1658 5098 1792 5152 Nam
1809 5110 1933 5150 cum
1954 5106 2047 5147 ac-

483 5186 769 5270 cusatoret
782 5209 1023 5279 proditor
1040 5203 1114 5259 sei
1124 5216 1277 5273 psum
1296 5188 1798 5260 condcmnet,etqui
1818 5186 1921 5242 fert
1932 5201 2053 5241 sen-

485 5306 709 5362 tentiam
739 5303 951 5372 culpam
974 5316 1003 5353 a
1032 5314 1091 5353 se
1120 5292 1435 5355 amoliatur,
1458 5302 1521 5343 ac
1543 5285 1717 5339 visum
1740 5279 1847 5333 tale
1864 5275 2048 5330 eadem

488 5406 645 5454 nocte
663 5369 937 5465 appareat,
956 5399 1009 5446 et
1026 5389 1181 5459 quasi
1202 5385 1617 5439 condemnatum
1638 5376 1817 5446 ipsum
1836 5369 2050 5424 Pilatus

536 5530 557 5561 ι
591 5523 707 5583 Alii,
731 5521 847 5587 quid
870 5532 984 5587 ergo
1004 5515 1181 5587 faciam
1204 5516 1264 5587 de
1287 5512 1490 5564 Christo.

535 5591 557 5621 ³
576 5569 896 5635 uibrabat)
913 5569 1079 5633 Graeco
1102 5579 1259 5628 textui
1284 5580 1562 5633 consonant,
1576 5575 1625 5622 in
1648 5584 1744 5634 quo
1762 5569 1945 5635 legitur
1966 5576 2049 5635 οὓς.

476 5663 519 5700 τι
904 5628 1099 5710 ’ᾖρὲᾆῴς
1122 5643 1279 5710 (tm).
1296 5636 1539 5710 Quomodo
1554 5628 1722 5710 autem
1749 5628 1901 5710 potuit
1921 5628 2047 5710 mpl-

477 5690 1398 5760 iituilo'iuwtit‘moriim-iludteis‘resistere,
1425 5707 1477 5748 et
1497 5697 1612 5760 quid
1638 5704 1715 5745 est
1735 5690 1874 5760 aliud
1886 5690 2049 5741 multi-

478 5755 881 5822 tudoitudieoriim
908 5805 920 5828 ,
944 5780 1086 5830 quam
1111 5765 1252 5830 Judaei
1302 5755 1425 5830 ipsi?
1470 5755 1713 5821 Interpres
1753 5755 1901 5830 vertit
1923 5766 2047 5813 ,nec

481 5817 738 5881 multitudo
746 5817 1084 5893 sacerdotibus.
1096 5840 1151 5874 ac
1167 5828 1205 5874 si
1222 5817 1401 5893 legerit.
1422 5836 1507 5885 πρὸς
1531 5817 1612 5879 me;
1635 5832 1762 5883 ῑιριας,
1773 5817 1861 5868 sed
1875 5827 2048 5865 omnes

481 5901 585 5944 Ιιεε.
611 5904 662 5944 et
698 5895 813 5944 Εὐίιῆ
837 5894 1035 5950 habent,
1058 5902 1142 5948 πρὸς
1166 5900 1248 5945 τώς
1272 5894 1468 5941 laudetis-2;.

1192 6051 1203 6079 ο

1237 409 1305 468 IN
1341 405 1746 466 MATTHEUM
1787 400 2019 459 HOMIL.
2060 398 2346 456 LXXXVI.
2387 398 2458 454 al.
2500 395 2812 454 LXXXVII.

3578 390 3681 443 766

2102 522 2279 583 petat,
2311 526 2470 582 quam
2500 517 2751 581 poterunt
2778 506 3177 565 excusationem
3206 505 3446 561 habere?
3472 504 3605 560 Nam
3632 504 3680 558 si

2097 605 2349 659 nolebant
2376 618 2499 658 eum
2532 603 2868 656 innocentem
2895 615 3016 655 esse
3039 641 3055 664 ,
3086 607 3232 653 certe
3272 613 3377 652 non
3420 596 3681 653 latronem

2100 699 2198 767 ipsi
2221 695 2454 767 praeponi
2477 693 2795 764 oportebat;
2825 692 3104 756 latronem,
3129 691 3364 760 inquam,
3387 689 3681 759 insignem,

2099 805 2256 861 quem
2299 790 2458 844 talem
2496 802 2616 842 esse
2654 787 2708 841 in
2747 784 2997 841 confesso
3023 794 3157 839 erat.
3199 784 3338 852 Quid
3384 784 3541 853 igitur
3569 783 3687 837 illi?

2101 881 2231 937 Cum
2262 881 2504 936 viderent
2524 878 2758 947 judieem
2787 891 2975 932 manus
3007 877 3267 931 lavantem
3296 890 3358 930 ac
3380 875 3645 930 dicentem
3667 917 3684 940 ,

2102 974 2355 1028 Innocens
2379 989 2510 1034 sum,
2534 969 2841 1026 clamabant
2872 986 2885 1021 :
2909 968 3000 1023 25.
3031 967 3257 1035 Sanguis
3276 968 3385 1039 ejus
3404 983 3555 1037 super
3573 983 3688 1030 nos,

2103 1079 2150 1121 et
2179 1083 2331 1137 super
2356 1066 2490 1135 filios
2521 1076 2740 1118 nostros.
2769 1062 2920 1117 Tunc
2945 1061 3157 1115 demmn
3176 1101 3190 1123 ,
3222 1060 3344 1129 quia
3371 1061 3688 1114 sententiam

2103 1172 2287 1217 contra
2318 1176 2378 1216 se
2417 1160 2652 1214 tulerunt
2675 1199 2690 1224 ,
2723 1158 2901 1212 omnia
2931 1155 3198 1211 concessit
3237 1155 3359 1208 illis.
3392 1154 3471 1207 Tu
3511 1163 3691 1207 autem

2107 1256 2208 1310 hoc
2230 1255 2350 1310 loco
2369 1252 2647 1308 considera
2672 1266 2916 1321 magnam
2941 1252 3176 1319 ipsorum
3198 1247 3517 1303 vecordiam.
3548 1248 3693 1301 Talis

2107 1347 2248 1400 enim
2277 1354 2360 1400 est
2391 1344 2705 1398 temerarius
2750 1342 2978 1411 impetus
3001 1381 3014 1404 ,
3049 1339 3167 1393 talis
3203 1354 3362 1408 prava
3391 1338 3690 1407 cupiditas;

2110 1452 2212 1491 non
2236 1435 2364 1489 sinit
2385 1434 2510 1488 boni
2532 1433 2801 1503 quidpiam
2824 1432 3021 1486 videre.
3050 1431 3181 1484 Esto
3202 1431 3365 1494 enim,
3389 1430 3541 1483 vobis
3565 1430 3695 1497 ipsis

2110 1528 2525 1591 maledixeritis;
2556 1541 2652 1580 cur
2678 1523 3105 1579 maledictionem
3140 1522 3188 1574 in
3222 1522 3360 1575 ﬁlios
3389 1533 3594 1575 veStros
3616 1530 3697 1574 at-

2112 1621 2358 1678 trahitis?
2399 1621 2647 1675 Attamen
2677 1618 2938 1687 benignus
2967 1617 3220 1670 Dominus
3246 1657 3259 1679 ,
3292 1630 3411 1668 cum
3442 1615 3520 1669 illi
3549 1624 3697 1667 tanto

2110 1714 2290 1768 furore
2328 1713 2625 1767 insanireut
2666 1720 2720 1765 et
2760 1720 2944 1764 contra
2987 1709 3193 1777 seipsos
3234 1715 3291 1762 et
3328 1719 3513 1761 contra
3559 1707 3698 1760 tilios

2112 1820 2259 1871 suos,
2293 1805 2451 1858 latam
2482 1818 2588 1857 non
2614 1802 2773 1856 modo
2803 1802 2855 1855 in
2884 1800 3023 1854 ﬁlios
3049 1814 3195 1864 suos,
3220 1798 3315 1853 sed
3341 1799 3499 1852 etiam
3533 1798 3584 1851 in
3614 1813 3698 1851 se-

2114 1901 2261 1970 ipsos
2288 1897 2610 1953 sententiam
2636 1910 2742 1950 non
2768 1893 3124 1958 conﬁrmavit;
3154 1893 3277 1962 quin
3300 1892 3459 1947 etiam
3481 1907 3545 1945 ex
3571 1891 3701 1960 ipsis

2119 2008 2216 2048 eos
2243 1992 2333 2062 qui
2365 1988 2733 2061 paenitentiam
2763 1996 2985 2058 egerunt
3015 1986 3252 2052 recepit,
3291 1994 3345 2038 et
3375 1984 3518 2037 mille
3546 1983 3701 2037 bonis

2115 2085 2360 2156 dignatus
2387 2092 2487 2138 est.
2521 2081 2653 2137 Nam
2687 2089 2741 2135 et
2766 2079 2960 2134 Paulus
2984 2095 3048 2133 ex
3077 2079 3286 2133 illorum
3316 2091 3536 2131 numero
3561 2084 3698 2141 erat,

2121 2190 2176 2236 et
2217 2178 2383 2233 multa
2426 2175 2755 2231 credentium
2801 2173 2961 2227 millia
3008 2172 3060 2226 in
3101 2170 3437 2225 Jerusalem:
3474 2167 3703 2223 Jacobus

2118 2273 2261 2328 enim
2292 2270 2370 2325 ait
2398 2286 2414 2323 :
2454 2268 2625 2333 Vides,
2653 2270 2827 2339 frater,
2855 2276 2971 2336 quot
2997 2265 3155 2317 millia
3178 2261 3473 2316 Iudaeorum
3499 2260 3703 2313 creden‘

2120 2366 2246 2419 tium
2264 2372 2379 2417 sunt
2399 2361 2536 2433 (Act.
2552 2360 2643 2415 21.
2661 2359 2773 2428 90).
2799 2357 2854 2413 Si
2877 2368 3053 2410 autem
3074 2355 3287 2425 quidam
3313 2361 3704 2416 remanserunt,

2118 2458 2217 2513 sibi
2259 2456 2388 2525 ipsis
2427 2453 2743 2523 supplicium
2775 2452 3054 2520 imputent.
3082 2447 3175 2503 ‘26.
3211 2445 3350 2499 Tunc
3387 2443 3575 2497 dimisit
3604 2442 3704 2495 illis

2119 2548 2403 2603 Barubbam
2428 2588 2443 2611 ,
2474 2545 2651 2599 Jesunt
2696 2553 2863 2596 autem
2910 2539 3220 2611 ﬂagellatam
3256 2537 3465 2591 tradidit
3503 2536 3574 2589 eis
3597 2576 3612 2600 ,
3651 2542 3704 2588 ut

2120 2641 2516 2709 cruciﬁgeretur.
2557 2636 2666 2690 Cur
2690 2631 3009 2704 ﬁagellavit?
3043 2634 3145 2685 Aut
3175 2628 3324 2699 quasi
3354 2628 3662 2682 damnatum
3688 2666 3703 2690 ,

2121 2743 2213 2790 aut
2250 2744 2308 2789 ut
2338 2732 2563 2787 formam
2589 2727 2874 2800 quamdam
2902 2724 3100 2795 judicio
3129 2723 3344 2778 afferret
3371 2763 3386 2787 ,
3416 2720 3498 2775 vel
3528 2730 3584 2774 ut
3608 2719 3706 2774 Ju-

2121 2829 2251 2883 daeis
2289 2843 2400 2883 rem
2430 2835 2634 2897 gratam
2670 2824 2889 2877 faceret.
2939 2820 3007 2875 Et
3034 2830 3180 2873 certe
3209 2818 3463 2872 resistere
3489 2825 3707 2885 oporte-

2123 2920 2232 2975 bat.
2254 2918 2381 2973 Nam
2399 2925 2555 2971 antea
2579 2915 2786 2969 dixerat
2809 2930 2823 2966 :
2851 2911 3075 2980 Accipite
3098 2927 3207 2964 eum
3231 2925 3336 2973 vos,
3364 2919 3410 2961 et
3432 2907 3706 2962 secundum

2123 3012 2279 3082 legem
2308 3019 2523 3063 vestram
2543 3007 2776 3077 judicate
2804 3004 2946 3058 illum
2973 3003 3149 3074 (Joan.
3181 3001 3268 3056 18.
3302 3000 3414 3072 51).
3445 3000 3709 3069 Multaque

2124 3112 2276 3159 erant
2301 3117 2420 3172 qua:
2457 3108 2703 3170 poterant
2737 3107 2792 3152 et
2820 3096 3048 3153 Pilatum
3078 3102 3133 3150 et
3173 3092 3387 3149 Judaeos
3413 3108 3441 3145 a
3474 3092 3709 3146 facinore

2128 3206 2274 3251 tanto
2302 3205 2566 3259 avertere,
2597 3193 2766 3262 signa,
2797 3189 3047 3244 miracula
3067 3229 3082 3253 ,
3114 3188 3299 3257 ingens
3329 3186 3468 3241 illius
3491 3186 3583 3257 qui
3618 3200 3710 3254 pa-

2127 3288 2353 3343 tiebatur
2382 3282 2755 3348 mansuetudo,
2785 3281 2970 3349 ingens
2992 3278 3119 3333 illud
3148 3278 3437 3331 silentium.
3474 3275 3542 3331 Ut
3565 3275 3707 3330 enim

2126 3392 2181 3436 et
2212 3396 2305 3449 per
2331 3394 2415 3441 ea,
2445 3392 2563 3446 qua:
2593 3375 2657 3429 ad
2684 3372 3044 3428 defensionem
3074 3369 3208 3423 dixit
3238 3377 3292 3421 et
3324 3382 3416 3437 per
3446 3366 3711 3436 precatio-

2128 3486 2223 3526 nes
2252 3485 2374 3525 suas
2401 3484 2459 3524 se
2479 3467 2748 3522 hominem
2778 3478 2897 3517 esse
2924 3459 3153 3516 ostendit
3185 3476 3198 3513 :
3228 3458 3297 3514 ita
3328 3457 3709 3511 sublimitatem

2128 3560 2723 3633 magnanimitatemque
2770 3569 2921 3608 suam
2972 3560 3028 3606 et
3066 3566 3162 3621 per
3208 3548 3478 3602 silentium
3522 3556 3576 3600 et
3616 3536 3712 3615 per

2128 3661 2491 3723 contemptum
2514 3664 2700 3704 eorum
2722 3662 2841 3716 qua:
2860 3651 3045 3699 contra
3073 3656 3132 3697 se
3156 3639 3468 3694 dicebantur
3487 3636 3710 3691 demon-

2129 3749 2352 3809 stravit,
2382 3760 2476 3814 per
2514 3742 2691 3797 omnia
2722 3740 2868 3809 ipsos
2898 3736 2965 3790 ad
2998 3735 3079 3789 sui
3111 3731 3516 3786 admirationem
3558 3728 3713 3783 indu-

2129 3854 2289 3903 cens;
2322 3835 2418 3892 sed
2446 3834 2573 3889 nulli
2599 3833 2788 3886 horum
2814 3828 3009 3884 cedere
3036 3826 3337 3879 voluerunt.

2200 3931 2253 3986 3.
2296 3926 2441 3980 Vitiis
2466 3926 2632 3978 aditus
2670 3922 2813 3975 initio
2843 3916 3270 3973 intercludendus.
3299 3912 3506 3967 Diaboli
3538 3927 3712 3967 versu-

2132 4024 2201 4078 tia
2224 4023 2277 4075 in
2305 4018 2558 4074 tentandis
2599 4008 3143 4069 hominibus.—Cum
3178 4007 3319 4062 enim
3358 4005 3525 4060 semel
3564 4006 3713 4073 quasi

2132 4114 2389 4170 ebrietate
2433 4119 2487 4165 et
2530 4107 2711 4162 furore
2740 4104 2875 4158 ratio
2905 4103 3192 4169 intercepta
3236 4106 3349 4163 est,
3390 4096 3605 4152 difﬁcile
3634 4104 3716 4149 est

2132 4207 2336 4275 lapsum
2367 4200 2711 4270 resipiscere;
2740 4196 2840 4250 nisi
2872 4194 2989 4248 forti
3018 4193 3135 4262 quis
3163 4200 3217 4245 et
3244 4204 3506 4261 generoso
3533 4189 3713 4243 animo

2133 4300 2202 4353 sit
2233 4295 2503 4366 praeditus.
2539 4290 2732 4346 Gravis
2759 4296 2938 4350 certe,
2978 4287 3156 4355 gravis
3190 4298 3275 4338 res
3303 4291 3386 4338 est
3417 4283 3590 4352 pravis
3621 4282 3718 4335 hu-

2132 4387 2360 4460 jusmodi
2390 4384 2720 4456 passionibus
2747 4380 2875 4435 dare
2905 4381 3078 4432 locum
3114 4396 3126 4430 :
3155 4387 3476 4447 quaprOpter
3512 4375 3713 4429 aditum

2135 4485 2237 4539 illis
2277 4479 2495 4536 omnino
2534 4472 2888 4530 intercludere
2931 4486 3026 4540 par
3066 4480 3166 4523 est.
3197 4468 3327 4522 Cum
3368 4466 3511 4522 enim
3552 4468 3716 4523 semel

2135 4577 2365 4631 animam
2397 4569 2687 4627 invaserint
2715 4576 2769 4621 et
2790 4564 3131 4633 occuparint,
3158 4561 3305 4631 quasi
3332 4560 3468 4630 ignis
3496 4562 3549 4614 in
3578 4560 3718 4631 ligna

2136 4669 2384 4737 delapsus
2404 4706 2419 4731 ,
2464 4664 2543 4717 sic
2583 4660 2756 4715 solent
2796 4658 3079 4711 maximam
3107 4652 3398 4708 accendere
3426 4650 3719 4709 ﬂammam.

2138 4759 2491 4831 Quamobrem
2523 4769 2675 4824 rogo,
2704 4751 2833 4807 nihil
2862 4765 2966 4804 non
2994 4748 3267 4808 faciamus,
3300 4755 3357 4799 nt
3393 4745 3497 4798 illis
3519 4744 3720 4804 aditum

2140 4850 2554 4909 intercludamus
2582 4864 2596 4898 :
2626 4859 2797 4914 neque
2868 4841 2973 4898 hoc
3011 4840 3210 4914 frigido
3279 4836 3559 4891 ratiocinio
3581 4839 3598 4867 ¹
3626 4852 3724 4892 nos

2140 4945 2499 5006 consolantes,
2519 4953 2732 4994 omnem
2753 4932 3145 4987 iutroducamus
3159 4928 3442 4998 nequitiam
3465 4927 3720 4993 dicentes,

2142 5039 2277 5109 Quid
2310 5036 2413 5091 hoc
2437 5044 2557 5100 est,
2585 5039 2640 5086 et
2666 5027 2791 5099 quid
2818 5024 2985 5079 illud?
3020 5038 3141 5077 nam
3179 5021 3385 5074 inﬁnita
3421 5019 3561 5074 mala
3601 5019 3724 5075 hinc

2143 5130 2460 5186 scaturinnt.
2507 5122 2756 5179 Diabolus
2794 5119 2934 5171 enim
2965 5114 3221 5169 scelestus
3248 5126 3368 5165 cum
3410 5113 3516 5174 sit,
3560 5110 3728 5165 multa

2146 5224 2309 5277 utitur
2334 5215 2594 5279 versutia,
2624 5206 3013 5284 perseverantia
3048 5212 3104 5260 et
3146 5200 3592 5270 attemperatioue
3611 5202 3630 5230 ¹
3658 5202 3724 5253 ad

2148 5314 2419 5369 hominum
2450 5307 2769 5379 perniciem,
2811 5310 2866 5356 et
2892 5316 2922 5355 a
2951 5296 3182 5352 minimis
3224 5295 3406 5348 statim
3443 5292 3727 5362 congredi-

2150 5417 2253 5461 tur.
2280 5405 2530 5458 Animum
2555 5398 2770 5452 adverte
2791 5436 2808 5461 ,
2838 5404 3039 5462 quazso.
3069 5387 3289 5442 Volebat
3312 5384 3526 5440 Saﬁlem
3557 5383 3609 5438 in
3633 5382 3727 5455 Py-

2150 5497 2401 5551 thonissaz
2426 5506 2591 5561 nugas
2618 5498 2673 5545 et
2699 5487 3041 5542 deliramenta
3069 5479 3339 5533 inducere.
3371 5475 3478 5531 Sed
3515 5474 3559 5529 si
3600 5475 3728 5530 illud

2150 5588 2299 5643 initio
2336 5583 2731 5656 proposuisset,
2772 5591 2875 5630 non
2910 5580 3057 5628 certe
3094 5569 3407 5624 attendisset
3444 5565 3551 5621 ille.
3581 5565 3729 5632 Quo-

2208 5746 2233 5777 ί
2268 5742 2464 5802 Quidam
2485 5738 2691 5802 habent,
2711 5723 2999 5802 pernicioso
3026 5715 3301 5802 ratiocinio.

2183 5810 2236 5919 _
2269 5780 2464 5861 iiii-Eii:
2487 5780 2817 5851 additam-
2840 5788 3227 5851 attempcratione
3243 5818 3259 5845 ,
3285 5780 3479 5834 omissis
3511 5780 3728 5845 interpo-

2155 5884 2195 5919 ει
2238 5881 2281 5918 s.
3134 5867 3139 5872 -
