4104 6380
362 357 461 410 7Ιί7

361 465 521 519 modo
552 464 603 518 id
631 460 871 529 lidiuset,
917 462 1005 530 qui
1049 461 1164 515 illas
1202 461 1515 531 expulerat?
1543 460 1665 515 Ideo
1694 457 1946 528 paulatim

364 556 508 609 ἱΙΙυιιι
536 555 600 609 ad
625 556 674 609 id
704 554 923 608 inducit.
947 554 1077 618 Quia
1099 553 1242 606 enim
1269 567 1374 605 non
1395 550 1670 605 obedierat
1694 546 1949 613 Samueli,

362 658 417 701 ct
449 648 754 700 holocausta
786 644 877 698 illo
904 644 1124 698 absente
1150 642 1342 697 offerre
1362 657 1524 695 ausus
1547 650 1649 703 est,
1674 645 1954 692 accusatus

362 740 523 804 dicit,
568 736 948 792 Necessitatem
988 734 1248 787 adventus
1296 732 1523 786 hostium
1567 730 1822 799 majorem
1866 726 1952 781 in-

362 830 510 882 duxit
539 830 625 896 (1.
664 826 786 898 Reg.
816 826 905 880 28.
938 826 1003 879 15
1024 825 1078 895 );
1119 838 1173 878 et
1216 840 1337 878 cum
1384 824 1563 892 lugere
1590 820 1951 887 Oportuissel.

361 922 509 987 quasi
540 919 670 972 nihil
700 918 911 972 fecisset
940 916 1159 969 affectus
1181 924 1316 969 erat.
1341 913 1569 967 Rursum
1598 910 1794 965 bellum
1819 924 1953 963 cou-

364 1024 443 1067 tra
470 1012 788 1066 Ainalecitas
807 1010 965 1078 jussit
991 1010 1164 1064 Deus:
1199 1008 1289 1062 ille
1318 1023 1444 1060 vero
1473 1006 1559 1060 hic
1587 1004 1746 1059 etiam
1775 1013 1953 1056 trans-

363 1119 578 1173 gressus
623 1112 725 1158 est.
771 1102 862 1155 llis
909 1108 1283 1155 successerunt
1319 1098 1436 1166 ejus
1473 1105 1657 1151 contra
1701 1092 1950 1148 Davidem

365 1198 596 1251 facinora
620 1236 634 1259 ,
666 1207 719 1249 et
751 1196 828 1249 sic
851 1194 1050 1248 sensim
1084 1204 1137 1246 et
1163 1192 1417 1261 paulatim
1445 1190 1510 1244 ad
1539 1189 1757 1243 exitium
1785 1187 1919 1241 decli

365 1305 497 1344 mins
525 1304 627 1341 non
653 1287 818 1350 stetit,
842 1286 1015 1340 donec
1043 1288 1092 1338 in
1121 1284 1369 1354 perniciei
1399 1282 1715 1353 profundum
1743 1295 1802 1335 se
1826 1294 1954 1334 eon-

366 1384 502 1453 ieeit.
540 1382 628 1436 Sic
658 1390 712 1435 et
752 1381 801 1433 in
833 1380 996 1435 Caiuo
1024 1379 1200 1433 evenit
1241 1396 1254 1431 :
1287 1393 1391 1432 non
1430 1376 1608 1430 statim
1648 1374 1714 1427 ad
1750 1372 1950 1428 credent

369 1474 543 1525 fratris
588 1470 758 1541 ipsmn
798 1469 1055 1538 compulit
1090 1467 1335 1521 diabolus
1384 1485 1397 1519 :
1448 1465 1500 1519 id
1542 1465 1683 1519 enim
1728 1477 1832 1517 non
1878 1462 1952 1516 illi

368 1563 655 1625 suasisset;
697 1559 792 1614 sed
829 1561 1034 1614 minora
1077 1558 1304 1627 primum
1347 1557 1445 1626 ipsi
1494 1556 1687 1610 obtulit
1722 1555 1951 1609 dicens:

371 1654 422 1709 In
453 1655 552 1709 hoc
580 1657 781 1709 nullmn
807 1664 891 1709 est
922 1664 1233 1723 peccatum;
1266 1653 1525 1717 secundo,
1568 1653 1785 1706 livorem
1816 1650 1952 1705 invi-

366 1748 616 1816 diamque
645 1747 915 1813 incendit,
955 1745 1087 1800 nihil
1133 1747 1256 1800 mali
1294 1746 1445 1815 sequi
1483 1745 1743 1809 suadens;
1774 1743 1952 1809 tertio,

366 1837 567 1891 eadem
597 1837 672 1890 illi
701 1838 868 1891 suasit
896 1846 949 1891 et.
974 1837 1307 1906 negationem
1339 1835 1643 1899 homicidii;
1685 1849 1784 1889 nec
1810 1835 1955 1905 prius

367 1929 642 1992 abscessit,
666 1944 824 1998 quam
849 1927 1200 1997 colophunem
1227 1928 1486 1982 malorum
1513 1926 1816 1995 adjecissct.
1844 1924 1954 1980 Re-

370 2022 612 2091 pelleuda
641 2038 768 2091 ergo
794 2021 941 2076 initia
971 2030 1129 2086 sunt;
1159 2036 1281 2076 cum
1310 2020 1541 2074 maxime
1565 2059 1579 2084 ,
1621 2017 1828 2073 etiamsi
1866 2018 1955 2072 illa

370 2112 540 2182 prima
584 2121 797 2182 peccata
846 2126 950 2167 non
996 2110 1132 2165 ultra
1175 2110 1643 2181 progrederentur,
1689 2124 1794 2163 non
1834 2109 1956 2165 ideo

368 2213 546 2258 tamen
575 2204 873 2273 spernenda
900 2204 988 2258 illa
1013 2212 1194 2257 essent
1220 2220 1233 2257 :
1264 2218 1403 2256 nunc
1428 2212 1606 2257 autem
1645 2200 1713 2255 ad
1753 2200 1954 2269 majora

368 2293 696 2360 ascendunt,
725 2295 768 2348 si
800 2293 1150 2365 negligentior
1177 2295 1247 2347 sit
1274 2292 1504 2347 animus.
1538 2290 1663 2346 Ideo
1692 2290 1818 2346 nihil
1850 2306 1954 2345 non

367 2386 630 2457 agendum
675 2395 789 2449 est,
835 2396 892 2440 ut
935 2386 1191 2455 principia
1236 2383 1609 2454 praecidantur.
1648 2382 1726 2437 Ne
1756 2382 1956 2452 peccati

370 2487 612 2532 naturam
641 2487 696 2532 ut
726 2492 941 2547 parvam
971 2477 1306 2540 consideres,
1345 2475 1439 2530 sed
1475 2474 1744 2544 perpende
1782 2473 1955 2543 ipsum

372 2570 589 2637 majoris
613 2584 735 2624 esse
759 2568 987 2624 radicem
1013 2570 1057 2622 si
1088 2568 1384 2638 negligatur
1405 2572 1447 2617 ι.
1477 2566 1607 2619 Nam
1632 2566 1677 2619 si
1705 2564 1830 2634 quid
1858 2563 1954 2618 ad-

372 2658 673 2714 mirandum
712 2659 893 2715 dicere
931 2670 1205 2729 Oporteat,
1243 2674 1349 2713 non
1391 2666 1590 2712 tantam
1628 2655 1956 2726 diligentiam

373 2754 650 2824 requirunt
691 2753 890 2823 majora
940 2753 1026 2807 illa
1072 2764 1327 2822 peccata,
1372 2766 1529 2820 quam
1579 2751 1816 2804 minima.
1866 2748 1957 2801 Illa

373 2860 601 2915 namque
632 2845 742 2914 ipsa
772 2844 973 2914 peccati
1003 2857 1189 2897 natura
1218 2853 1275 2897 ut
1304 2857 1611 2896 aversemur
1635 2841 1832 2905 efﬁcit;
1857 2838 1957 2893 mi-

373 2954 502 2993 nora
531 2955 655 2992 vero
681 2938 761 2992 vel
795 2936 935 3008 quod
968 2938 1172 3011 minora
1199 2936 1305 2989 sint
1336 2934 1387 2988 in
1428 2933 1797 3002 negligentiam
1828 2947 1959 2987 con-

373 3030 597 3099 jiciunt,
640 3044 811 3099 neque
850 3028 1026 3082 sinunt
1068 3028 1274 3081 fortiter
1310 3026 1377 3081 ad
1416 3026 1527 3095 ipsa
1570 3024 1799 3078 tollenda
1841 3040 1959 3077 sur-

374 3136 502 3191 gere
525 3138 539 3185 ;
581 3120 701 3175 ideo
731 3121 885 3175 nobis
909 3118 1299 3175 dormientibus
1324 3119 1430 3171 cito
1452 3132 1638 3187 magna
1669 3115 1820 3171 fiunt.
1846 3114 1960 3171 Hoc

375 3216 548 3285 ipsum
589 3213 642 3268 in
671 3212 985 3283 corporibus
1010 3227 1221 3282 quoque
1257 3210 1499 3265 accidere
1535 3209 1735 3265 videas.
1778 3207 1868 3265 Sic
1906 3208 1958 3262 in

374 3304 510 3359 Juda
552 3319 799 3373 magnum
841 3301 1153 3371 proditionis
1192 3302 1389 3355 malum
1427 3310 1670 3355 exortum
1704 3308 1805 3355 est.
1846 3298 1957 3354 Nisi

376 3397 517 3450 enim
547 3403 782 3464 putasset
808 3408 1027 3463 parvum
1056 3408 1175 3447 esse
1204 3392 1453 3461 pecunias
1476 3406 1768 3462 pauperum
1794 3390 1961 3445 sulfu-

381 3488 529 3552 rari,
577 3501 862 3553 numquam
910 3485 963 3538 in
1015 3483 1368 3553 proditionem
1419 3482 1709 3537 incidisset.
1762 3481 1961 3537 Judaeis

380 3596 591 3649 quoque
620 3577 717 3631 nisi
749 3592 970 3647 parvum
996 3576 1164 3629 visum
1195 3576 1379 3629 luisset
1404 3592 1433 3627 a
1466 3584 1595 3626 Vana
1624 3574 1791 3644 gloria
1819 3573 1958 3642 capi,

381 3684 669 3740 numquam
710 3668 779 3722 ad
817 3666 1015 3722 Christi
1045 3666 1242 3721 caedem
1282 3665 1636 3720 devertissent.
1667 3664 1963 3733 Omniaque

382 3760 520 3814 mala
551 3761 673 3814 hinc
696 3758 928 3828 profecta
950 3757 1149 3813 videas.
1171 3756 1337 3811 Nemo
1357 3757 1497 3812 enim
1519 3756 1625 3812 cito
1650 3770 1714 3811 ac
1741 3765 1964 3826 repente

384 3843 439 3897 in
459 3842 758 3912 nequitiam
779 3842 987 3897 incidit.
1012 3840 1183 3897 Habet
1199 3852 1365 3911 certe,
1390 3845 1550 3900 habet
1566 3845 1747 3899 anima
1771 3861 1965 3916 quem-

388 3936 514 3989 dam
548 3934 707 3989 nobis
738 3934 964 3988 insitum
995 3934 1124 3988 mali
1152 3936 1410 4003 pudorem
1442 3936 1679 4006 bonique
1702 3953 1969 3993 verecun-

387 4028 560 4090 diam,
599 4040 700 4081 nec
739 4026 857 4081 fieri
894 4035 1074 4095 potest
1108 4036 1186 4095 ut,
1222 4028 1288 4081 ad
1326 4028 1717 4098 impudentiam
1749 4040 1970 4101 repente

388 4119 700 4184 declinans,
734 4119 921 4173 omnia
954 4120 1119 4173 simul
1144 4120 1407 4189 abjiciat;
1457 4121 1551 4176 sed
1596 4122 1802 4177 sensim
1848 4139 1972 4178 cor-

390 4212 687 4280 rumpitur,
702 4210 1044 4280 negligendo.
1060 4209 1152 4265 Sic
1169 4212 1470 4265 idololatria
1493 4213 1738 4283 ingressa
1748 4225 1830 4269 est
1845 4230 1970 4270 cum

392 4302 643 4356 homines
672 4317 838 4370 supra
883 4302 1104 4356 modum
1130 4302 1548 4365 honorarentur,
1579 4305 1968 4371 siveviventes,

392 4395 507 4449 sive
529 4395 839 4461 mortui;sic
856 4395 1128 4464 sculptilia
1143 4395 1288 4448 culta
1310 4394 1565 4461 fuere;sic
1583 4397 1874 4451 l'ornicatio
1887 4397 1973 4451 in-

396 4483 805 4554 valuit,aliaque
821 4482 1087 4537 mala.Hic
1106 4483 1350 4537 animum
1362 4482 1727 4538 adhibeJiisit
1747 4483 1869 4552 quis
1888 4483 1974 4537 in-

395 4576 877 4644 tempestive,alius
898 4573 1262 4643 reprehendit;
1284 4574 1428 4628 alius
1446 4581 1651 4627 metum
1671 4568 1869 4643 repulit
1886 4572 1973 4628 di-

382 4677 512 4718 cens
542 4679 555 4716 :
582 4661 721 4717 Nihil
749 4662 850 4718 hoc
873 4673 972 4718 est.
1002 4663 1140 4730 Quid
1167 4666 1309 4719 enim
1338 4674 1421 4720 est
1446 4666 1659 4721 ridere?
1688 4666 1812 4736 quid
1837 4666 1963 4722 hinc

387 4756 511 4809 mali
554 4755 791 4810 oriatur?
827 4755 963 4811 Hinc
1004 4757 1298 4812 scurrilitas
1335 4758 1522 4823 oritur,
1567 4758 1691 4813 inde
1727 4759 1960 4830 turpilo—

385 4847 596 4915 quium,
629 4856 685 4900 et
710 4846 850 4900 actio
880 4847 1068 4917 turpis.
1099 4847 1328 4902 Rursum
1358 4848 1492 4903 alius
1522 4849 1791 4905 incusatus
1818 4850 1959 4922 quod

386 4937 681 5007 proximum
720 4939 1090 5005 calumnietur,
1142 4940 1283 5010 quod
1325 4940 1650 4996 convicietur
1693 4943 1776 5010 ei,
1819 4943 1960 5014 quod

385 5030 699 5096 maledicat,
747 5030 799 5085 id
832 5031 1097 5102 neglexit,
1139 5031 1375 5101 dixitque
1414 5050 1428 5086 :
1474 5031 1789 5089 Maledicere
1830 5034 1960 5089 nihil

383 5130 486 5177 est.
532 5121 666 5176 llinc
693 5121 872 5176 odium
901 5133 1108 5192 partum
1136 5133 1219 5177 est
1247 5122 1467 5194 ingens,
1508 5124 1779 5179 inimicitia
1823 5124 1957 5180 irre-

384 5214 752 5282 eonciliabilis,
773 5214 1009 5270 convicia
1036 5214 1271 5283 infinita;
1297 5232 1360 5271 ex
1388 5216 1641 5272 conviciis
1662 5218 1861 5288 plagaz;
1893 5233 1958 5273 ex

384 5308 551 5380 plagis
574 5322 716 5377 saepe
743 5308 937 5364 caades.

454 5400 508 5455 4.
548 5401 593 5454 Α
625 5399 801 5469 parvis
831 5399 1006 5470 itaque
1033 5398 1111 5454 sic
1141 5414 1329 5469 magna
1359 5398 1559 5453 inducit
1583 5400 1842 5471 malignus
1872 5400 1960 5457 ille

384 5492 627 5556 daemon;
656 5506 686 5544 a
716 5490 919 5562 magnis
956 5490 1379 5559 deSperationem
1399 5530 1415 5555 ,
1455 5490 1611 5544 aliam
1652 5491 1959 5546 methodum

388 5599 492 5638 non
523 5584 696 5637 minus
725 5581 903 5652 priore
932 5580 1283 5653 perniciosam
1323 5580 1620 5635 inveniens.
1662 5580 1778 5636 Non
1818 5582 1960 5638 enim

388 5684 496 5729 tam
542 5672 718 5742 perdit
766 5683 1079 5743 peccatum,
1124 5687 1282 5743 quam
1327 5672 1646 5740 desperatio.
1696 5673 1827 5729 Nam
1869 5675 1959 5746 qui

450 5783 469 5815 ⁶
504 5790 638 5845 tunc,
661 5782 704 5835 si
725 5784 1010 5851 negligatur,
1033 5787 1212 5837 desunt
1234 5786 1282 5835 in
1302 5781 1466 5835 Morel.

1080 350 1136 408 S.
1177 349 1454 407 JOANNIS
1487 344 1959 406 CiIRYSOSTOMI
1996 341 2311 401 ARCl-IIEP.
2349 342 2879 404 CONSTANTINOP.

3537 355 3641 415 768

2062 456 2340 526 peccavit,
2390 454 2435 509 si
2480 456 2697 525 vigilet,
2742 459 2852 513 cito
2898 474 2992 529 per
3036 460 3399 529 paenitentiam
3444 463 3639 523 factum

2057 561 2212 603 suum
2240 547 2492 616 corrigit;
2518 550 2606 617 qui
2636 564 2764 604 vero
2791 550 3040 618 desperat
3067 568 3168 608 nec
3191 555 3495 625 corrigitur,
3522 557 3643 614 ideo

2057 638 2257 693 excidit
2282 638 2352 692 ab
2380 640 2794 707 emendatione,
2844 643 2986 712 quod
3037 645 3361 713 paenitentia:
3405 649 3640 705 remedia

2058 744 2163 782 non
2191 738 2443 799 apponat.
2482 729 2651 785 liabet
2689 747 2901 803 quoque
2936 736 3097 790 tertio
3122 738 3463 806 gravissimas
3508 741 3642 797 insi-

2056 819 2170 874 dias
2193 861 2209 884 ,
2259 830 2315 873 ut
2340 835 2461 875 cum
2501 823 2711 891 pietatis
2739 824 2972 892 speciem
3012 837 3230 895 peccato
3265 829 3639 902 circumpouit.

2058 910 2127 964 Et
2155 911 2367 965 ubinam
2387 952 2405 979 ,
2436 912 2632 981 inquis,
2666 929 2833 983 usque
2859 914 2994 970 adeo
3021 918 3240 972 invaluit
3263 920 3540 989 diabolus,
3584 932 3641 978 ut

2058 1010 2261 1055 tantum
2290 1003 2601 1072 deciperet?
2622 1006 2775 1070 Audi,
2794 1015 2851 1061 et
2867 1021 2997 1063 cave
3018 1008 3109 1063 tibi
3131 1010 3201 1064 ab
3221 1012 3359 1066 illius
3386 1014 3637 1069 versutia.

2057 1091 2318 1161 I’rmcepit
2371 1109 2465 1162 per
2493 1094 2714 1149 Paulum
2763 1095 2855 1167 (1.
2887 1096 3007 1151 Cor.
3040 1098 3071 1151 7
3099 1100 3118 1169 )
3146 1098 3389 1155 Christus
3420 1119 3639 1158 uxorem

2056 1199 2087 1238 a
2128 1186 2243 1239 viro
2286 1201 2391 1240 non
2422 1202 2687 1256 separari;
2721 1205 2817 1245 nec
2855 1205 2914 1246 se
2935 1191 3162 1247 invicem
3190 1193 3434 1250 fraudare
3479 1211 3641 1267 opor-

2059 1285 2170 1332 tere
2215 1277 2369 1346 dixit,
2417 1280 2516 1335 nisi
2547 1296 2613 1336 ex
2668 1296 2930 1338 consensu
2976 1286 3114 1339 :scd
3155 1288 3422 1341 nonnulla:
3457 1306 3641 1344 amore

2056 1371 2434 1427 continentire‘
2460 1388 2491 1428 a
2518 1375 2644 1428 viris
2676 1385 2953 1445 separatm,
2985 1392 3049 1431 ac
3078 1378 3122 1432 si
3154 1379 3299 1449 pium
3329 1380 3454 1448 quid
3497 1380 3639 1436 face-

2059 1472 2215 1530 rent,
2257 1465 2463 1535 seipsas
2500 1467 2565 1520 ad
2613 1467 2932 1522 adulterium
2966 1469 3251 1524 dederunt.
3292 1471 3473 1541 Cogita
3514 1488 3642 1543 ergo

2057 1568 2215 1622 quam
2246 1556 2442 1609 malum
2474 1556 2712 1612 laborem
2742 1574 3007 1629 perpessae
3029 1601 3045 1623 ,
3072 1560 3223 1630 quasi
3248 1574 3368 1631 qua:
3394 1577 3640 1631 maguum

2056 1644 2308 1699 damnum
2336 1647 2608 1702 intulerint
2632 1689 2648 1714 ,
2677 1665 2945 1704 extremas
2968 1651 3077 1706 sint
3104 1653 3311 1707 luitura:
3335 1668 3524 1723 pteuas
3547 1696 3561 1715 .
3588 1663 3644 1709 et

2059 1738 2110 1792 in
2141 1739 2391 1807 perniciei
2423 1740 2735 1796 barathrum
2775 1743 2997 1797 maritos
3025 1759 3151 1798 suos
3176 1744 3485 1814 eonjiciaut.
3534 1745 3639 1800 Alii

2058 1846 2245 1886 rursus
2274 1847 2339 1887 ex
2367 1831 2553 1902 jejunii
2583 1842 2852 1904 praecepto
2881 1834 3207 1891 abstinentes
3244 1851 3274 1889 a
3317 1836 3471 1904 cibis,
3514 1852 3643 1907 pau-

2059 1922 2206 1977 latim
2236 1924 2302 1979 ad
2330 1924 2781 1981 abominationem
2812 1927 3053 1982 ciborum
3087 1928 3451 1995 devenerunt;
3502 1930 3643 2000 quod

2058 2014 2233 2085 ipsum
2265 2030 2516 2086 magnum
2544 2015 2699 2071 affert
2724 2018 3060 2089 supplicium.
3106 2018 3230 2073 llaec
3270 2035 3432 2090 porro
3471 2019 3643 2088 ﬁunt,

2058 2105 2274 2176 quando
2312 2106 2688 2177 pra:judicatas
2717 2123 2841 2163 suas
2869 2110 3150 2178 Opiniones
3179 2120 3370 2179 printer
3401 2110 3642 2181 Scriptu-

2058 2212 2237 2252 rarum
2267 2207 2498 2253 mentem
2526 2199 2861 2255 confirmant.
2888 2200 3151 2256 Putarunt
3177 2202 3316 2272 apud
3341 2203 3644 2259 Corinthios

2058 2287 2223 2357 aliqui
2253 2288 2593 2358 perfectionis
2617 2305 2757 2357 esse,
2782 2291 3146 2348 indifferenter
3170 2295 3349 2349 omnia
3389 2306 3603 2365 gustare
3626 2337 3642 2362 ,

2058 2380 2324 2450 etiamque
2352 2380 2614 2451 prohibita
2638 2381 2799 2457 (Ibid.
2825 2399 2872 2437 υ.
2906 2382 2986 2454 8);
3008 2392 3064 2438 at
3094 2384 3195 2439 hoc
3224 2401 3329 2440 non
3359 2386 3644 2456 perfectio-

2061 2471 2178 2537 nis,
2208 2472 2303 2527 sed
2334 2482 2588 2530 extrema:
2613 2475 2906 2546 iniquitatis
2935 2487 3050 2531 erat
3086 2494 3101 2529 :
3145 2477 3266 2533 ideo
3305 2479 3649 2535 vehementer

2060 2563 2179 2619 illos
2230 2564 2427 2620 Paulus
2466 2566 2724 2635 increpat,
2768 2576 3113 2638 extremoque
3154 2568 3345 2639 dignos
3386 2571 3647 2641 supplicio

2059 2654 2249 2710 dicit'.
2300 2656 2402 2712 Alii
2442 2672 2658 2712 rursum
2697 2657 2765 2712 ad
2811 2658 3063 2728 pietatem
3106 2660 3375 2729 pertinere
3416 2671 3642 2731 putant,

2059 2762 2265 2802 comam
2305 2750 2495 2819 capitis
2522 2750 2794 2807 excolere.
2839 2749 2975 2807 Illud
3011 2768 3175 2822 porro
3212 2753 3536 2823 prohibitum
3565 2766 3646 2811 est

2060 2853 2124 2892 ac
2148 2839 2301 2893 multi
2328 2839 2630 2897 dedecoris.
2655 2841 2759 2896 Alii
2782 2842 2974 2897 iterum
3002 2842 3150 2898 luero
3174 2845 3275 2900 sibi
3302 2843 3416 2900 fore
3437 2854 3644 2915 putant,

2059 2930 2104 2983 si
2137 2928 2203 2984 de
2230 2931 2457 2999 peceatis
2485 2933 2595 2985 suis
2625 2931 2972 2987 immoderate
3010 2932 3258 3000 doleant;
3288 2935 3380 2989 sed
3425 2934 3550 2990 illud
3579 2937 3645 2989 ad

2059 3017 2335 3073 Vafrietem
2359 3022 2585 3088 pertinet
2604 3021 2937 3086 diabolicam,
2962 3032 3017 3077 ut
3037 3023 3325 3078 declaravit
3349 3024 3536 3092 Judas,
3558 3026 3646 3095 qui

2063 3111 2182 3165 ideo
2202 3124 2261 3165 se
2282 3109 2472 3179 laqueo
2484 3111 2779 3181 suspendit.
2802 3111 3004 3167 Idcirco
3020 3114 3214 3168 Paulus
3235 3114 3474 3179 timebat,
3490 3130 3557 3170 ne
3577 3116 3643 3181 is,

2061 3201 2151 3272 qui
2179 3201 2464 3257 fornicatus
2487 3212 2621 3268 erat,
2648 3202 2773 3273 quid
2793 3201 2969 3259 simile
2989 3214 3277 3274 pateretur,
3301 3205 3647 3279 hortaturque

2061 3293 2367 3349 Corinthius
2396 3303 2453 3349 ut
2480 3295 2638 3349 citius
2677 3296 2822 3349 illum
2861 3295 2984 3351 inde
3011 3297 3327 3365 extrahant,
3372 3299 3456 3353 Ne
3490 3301 3647 3354 nimia

2064 3388 2266 3442 tristitia
2293 3386 2617 3442 absorbeatur
2645 3388 2938 3455 hujusmodi
2967 3387 3057 3461 (2.
3087 3388 3205 3444 Cor.
3236 3388 3293 3443 2.
3323 3388 3402 3459 7).
3445 3390 3646 3445 Deinde

2062 3480 2352 3536 ostendens
2382 3481 2433 3535 id
2463 3498 2529 3535 ex
2557 3479 2673 3551 ejus
2700 3480 2905 3535 insidiis
2935 3481 3243 3551 provenire,
3275 3483 3351 3537 ait
3390 3500 3404 3536 :
3436 3481 3504 3537 Ut
3544 3500 3645 3537 non

2063 3574 2511 3628 circumveniamur
2538 3590 2569 3625 a
2597 3582 2776 3627 satana
2819 3588 2838 3626 :
2877 3589 2978 3625 non
3015 3573 3147 3627 enim
3185 3575 3295 3645 ejus
3321 3574 3646 3645 cogitationes

2062 3666 2353 3736 ignoramus
2380 3663 2540 3736 (Ibid.
2583 3680 2627 3716 υ.
2663 3660 2802 3734 11),
2832 3662 2973 3732 quod
3014 3678 3135 3717 cum
3166 3663 3332 3719 multo
3357 3664 3482 3719 dolo
3510 3680 3644 3719 cou-

2063 3758 2354 3828 grediatur,
2388 3758 2574 3828 inquit.
2608 3756 2738 3812 Nam
2777 3757 2821 3812 si
2866 3756 3037 3826 palam
3078 3757 3441 3827 impugnaret,
3478 3757 3645 3813 facilis

2062 3860 2204 3903 esset
2231 3848 2449 3902 victoria
2474 3864 2489 3913 ;
2537 3848 2643 3902 imo
2668 3847 2827 3901 etiam
2858 3862 3030 3910 nunc,
3061 3847 3104 3901 si
3133 3847 3411 3917 vigilemus
3431 3889 3445 3913 ,
3476 3847 3645 3904 facilis

2063 3943 2182 3997 erit.
2207 3941 2338 3996 Nam
2363 3941 2429 3995 ad
2457 3941 2689 4011 singulas
2711 3941 2871 3996 hasce
2891 3941 3003 3996 vias
3025 3941 3250 3995 armavit
3271 3956 3367 3997 nos
3393 3943 3549 3997 Deus.
3578 3941 3645 3997 Ut

2063 4033 2283 4088 suadeat
2308 4034 2449 4088 enim
2481 4049 2548 4087 ne
2576 4048 2734 4102 parva
2764 4040 3187 4099 contemnamus,
3216 4033 3339 4089 audi
3374 4035 3643 4104 quomodo

2065 4122 2306 4177 hortetur
2346 4140 2359 4177 :
2405 4122 2507 4189 Qui
2532 4123 2713 4176 dixerit
2747 4123 2895 4191 fratri
2920 4139 3033 4187 suo,
3064 4127 3234 4195 fatue,
3272 4140 3387 4177 reus
3420 4124 3513 4177 erit
3551 4140 3634 4194 ge-

2064 4213 2651 4285 lwnmeigniﬁbfatth.
2680 4215 2733 4269 5.
2772 4214 2914 4282 22);
2946 4224 3034 4278 et,
3077 4215 3179 4282 Qui
3222 4216 3431 4272 lascivis
3473 4218 3638 4272 oculis

2064 4305 2269 4374 aspicit,
2302 4304 2539 4360 liifBChllS
2568 4314 2652 4361 est
2678 4307 2964 4376 perfectus.
2994 4307 3249 4363 Bidentes
3289 4324 3501 4379 quoque
3540 4311 3639 4363 Ilii-

2063 4410 2216 4451 seros
2244 4395 2531 4466 praedicat;
2562 4406 2616 4452 et
2644 4398 2841 4467 ubique
2870 4400 3123 4470 principia
3149 4410 3202 4455 et
3239 4404 3439 4456 semina
3471 4404 3640 4456 malo-

2063 4500 2184 4540 rum
2209 4487 2415 4552 evellit,
2453 4502 2516 4542 ac
2556 4487 2623 4543 de
2651 4492 2824 4543 otioso
2852 4490 3019 4545 verbo
3059 4491 3133 4544 ait
3169 4491 3491 4547 reddendam
3522 4508 3642 4547 esse

2065 4579 2345 4635 rationem.
2374 4579 2603 4651 Ideoque
2631 4590 2686 4635 et
2712 4581 2815 4637 Job
2843 4597 2948 4637 non
2974 4593 3090 4638 acta
3123 4584 3299 4650 modo,
3330 4585 3424 4639 sed
3451 4594 3507 4639 et
3546 4601 3640 4639 co-

2063 4672 2345 4742 gitatioues
2373 4672 2596 4728 filiorum
2627 4674 2883 4745 purgabat
2910 4674 3051 4746 (Job.
3084 4677 3136 4730 1.
3163 4676 3256 4746 5).
3291 4678 3364 4731 De
3386 4677 3635 4746 despera-

2066 4764 2211 4819 tione
2239 4775 2416 4820 autem
2444 4766 2520 4821 ait
2549 4783 2563 4820 :
2591 4766 2670 4820 An
2697 4767 2783 4837 qui
2807 4768 3014 4834 cecidit,
3041 4785 3144 4823 non
3167 4770 3430 4840 resurget?
3452 4786 3520 4823 an
3556 4786 3624 4839 qs

2064 4855 2242 4907 avertit
2260 4896 2275 4921 ,
2303 4871 2404 4909 non
2431 4858 2735 4916 convertitur
2762 4857 2908 4927 (Jer.
2938 4859 2993 4913 8.
3019 4858 3128 4931 4)?
3154 4860 3220 4914 Et
3245 4875 3429 4915 rursus
3459 4877 3472 4914 :
3502 4860 3643 4914 Nolo

2065 4956 2276 5000 mortem
2301 4948 2573 5017 peccatoris
2591 4989 2605 5013 ,
2636 4949 2725 5002 sed
2763 4958 2816 5003 ut
2853 4960 3166 5005 convertatur
3191 4961 3238 5005 et
3265 4952 3394 5005 vivat
3424 4950 3639 5022 (Ezech.

2067 5039 2155 5093 f8.
2328 5040 2413 5105 Et,
2444 5038 2609 5094 Hodie
2632 5041 2675 5094 si
2702 5056 2867 5095 vocem
2901 5042 3012 5112 ejus
3041 5042 3299 5098 audieritis
3344 5043 3517 5112 (Psaf.
3546 5046 3636 5101 94.

2066 5130 2143 5197 8).
2164 5128 2239 5199 (a)
2256 5128 2345 5201 [Et
2373 5145 2604 5195 rursum,
2620 5129 2872 5185 Gaudium
2898 5141 2972 5186 est
2996 5131 3049 5186 in
3076 5133 3214 5188 oculis
3234 5150 3387 5204 super
3400 5152 3498 5189 uno
3526 5152 3643 5205 pec-

2064 5228 2233 5272 catore
2257 5220 2593 5290 penitentiam
2621 5232 2799 5293 agente
2819 5222 2966 5295 (Luc.
2991 5224 3082 5281 15.
3104 5225 3217 5298 7).]
3241 5226 3400 5282 Multa
3428 5242 3641 5298 quoque

2065 5310 2170 5365 alia
2197 5312 2358 5367 verba
2385 5321 2440 5366 et
2465 5314 2705 5382 exempla
2736 5315 2786 5368 in
2817 5314 3090 5385 Scriptura
3128 5315 3409 5373 habentur.
3440 5319 3517 5374 Ne
3542 5335 3634 5373 au-

2067 5409 2173 5456 tem
2195 5402 2406 5471 pietatis
2427 5404 2605 5471 Specie
2624 5420 2921 5475 pereamus,
2944 5408 3067 5462 audi
3091 5409 3309 5463 Paulum
3332 5411 3595 5466 dicentem
3621 5427 3637 5466 :

2069 5492 2152 5548 Nc
2173 5493 2527 5550 abundantiori
2553 5498 2751 5552 tristitia
2767 5498 3089 5556 absorbeatur
3107 5501 3313 5573 (2.Cor.
3337 5503 3391 5557 2.
3412 5504 3490 5575 7).
3516 5505 3639 5562 Huic

2131 5604 2149 5636 ι
2186 5602 2301 5666 Alii,
2324 5619 2486 5657 amore
2506 5604 2711 5666 pietatis.

2127 5665 2407 5741 ,‘Jllﬁlyl‘el
2431 5665 2757 5741 legitumch
2776 5671 2955 5727 Paulus
2969 5672 3077 5726 suos
3100 5682 3319 5727 extremo
3337 5674 3507 5741 dignos
3529 5690 3622 5741 sup

2067 5726 2210 5790 plicia
2226 5726 2361 5785 dicit,
2380 5726 2576 5779 caetéris
2598 5726 2806 5784 omissis.

2129 5796 2205 5857 (a)
2234 5808 2347 5851 uuae
2369 5796 2565 5846 uncinis
2584 5795 2870 5849 clandmtlur
2897 5802 3077 5853 desunt
3102 5802 3153 5851 in
3176 5801 3337 5854 Morel.
