  <div class='ocr_page' id='page_1' title='image "/cluster/home/n/w/nwhite01/storage/ocr_20150623/58/nnc1.0046979956/310.png"; bbox 0 0 4104 6380; ppageno 0'>
   <div class='ocr_carea' id='block_1_1' title="bbox 314 345 419 401">
    <p class='ocr_par' dir='ltr' id='par_1_1' title="bbox 314 345 419 401">
     <span class='ocr_line' id='line_1_1' title="bbox 314 345 419 401; baseline -0.019 0"><span class='ocrx_word' id='word_1_1' title='bbox 314 345 419 401; x_wconf 77' lang='lat'><strong>769</strong></span> 
     </span>
    </p>
   </div>
   <div class='ocr_carea' id='block_1_2' title="bbox 311 440 1903 532">
    <p class='ocr_par' dir='ltr' id='par_1_2' title="bbox 311 440 1903 532">
     <span class='ocr_line' id='line_1_2' title="bbox 311 440 1903 532; baseline -0.014 -16"><span class='ocrx_word' id='word_1_2' title='bbox 311 474 442 532; x_wconf 81' lang='lat' dir='ltr'><strong>ergo</strong></span> <span class='ocrx_word' id='word_1_3' title='bbox 466 471 588 512; x_wconf 90' lang='lat' dir='ltr'><strong>cum</strong></span> <span class='ocrx_word' id='word_1_4' title='bbox 618 453 870 516; x_wconf 77' lang='lat' dir='ltr'><strong>sciamus,</strong></span> <span class='ocrx_word' id='word_1_5' title='bbox 903 448 1152 503; x_wconf 80' lang='lat' dir='ltr'><strong>omnibus</strong></span> <span class='ocrx_word' id='word_1_6' title='bbox 1192 446 1291 500; x_wconf 89' lang='lat' dir='ltr'><strong>viis</strong></span> <span class='ocrx_word' id='word_1_7' title='bbox 1311 486 1327 510; x_wconf 93' lang='lat'><strong>,</strong></span> <span class='ocrx_word' id='word_1_8' title='bbox 1373 458 1491 512; x_wconf 68' lang='lat' dir='ltr'><strong>quae</strong></span> <span class='ocrx_word' id='word_1_9' title='bbox 1523 440 1738 494; x_wconf 86' lang='lat' dir='ltr'><strong>desides</strong></span> <span class='ocrx_word' id='word_1_10' title='bbox 1775 454 1903 506; x_wconf 84' lang='lat' dir='ltr'><strong>pos-</strong></span> 
     </span>
    </p>
   </div>
   <div class='ocr_carea' id='block_1_3' title="bbox 312 534 1900 610">
    <p class='ocr_par' dir='ltr' id='par_1_3' title="bbox 312 534 1900 610">
     <span class='ocr_line' id='line_1_3' title="bbox 312 534 1900 610; baseline -0.018 0"><span class='ocrx_word' id='word_1_11' title='bbox 312 560 439 609; x_wconf 85' lang='lat' dir='ltr'><strong>suut</strong></span> <span class='ocrx_word' id='word_1_12' title='bbox 474 549 813 608; x_wconf 74' lang='lat' dir='ltr'><strong>subvertere,</strong></span> <span class='ocrx_word' id='word_1_13' title='bbox 853 541 1247 610; x_wconf 83' lang='lat' dir='ltr'><strong>Seripturarum</strong></span> <span class='ocrx_word' id='word_1_14' title='bbox 1287 534 1622 606; x_wconf 86' lang='lat' dir='ltr'><strong>prudentiam</strong></span> <span class='ocrx_word' id='word_1_15' title='bbox 1661 545 1900 602; x_wconf 85' lang='lat' dir='ltr'><strong>appona-</strong></span> 
     </span>
    </p>
   </div>
   <div class='ocr_carea' id='block_1_4' title="bbox 313 624 1899 711">
    <p class='ocr_par' dir='ltr' id='par_1_4' title="bbox 313 624 1899 711">
     <span class='ocr_line' id='line_1_4' title="bbox 313 624 1899 711; baseline -0.016 -10"><span class='ocrx_word' id='word_1_16' title='bbox 313 661 452 701; x_wconf 87' lang='lat' dir='ltr'><strong>mus.</strong></span> <span class='ocrx_word' id='word_1_17' title='bbox 485 642 666 711; x_wconf 84' lang='lat' dir='ltr'><strong>Neque</strong></span> <span class='ocrx_word' id='word_1_18' title='bbox 693 639 839 694; x_wconf 86' lang='lat' dir='ltr'><strong>dicas</strong></span> <span class='ocrx_word' id='word_1_19' title='bbox 873 653 884 689; x_wconf 94' lang='lat'>:</span> <span class='ocrx_word' id='word_1_20' title='bbox 917 633 1054 704; x_wconf 84' lang='lat' dir='ltr'><strong>Quid</strong></span> <span class='ocrx_word' id='word_1_21' title='bbox 1084 633 1127 686; x_wconf 91' lang='lat' dir='ltr'><strong>si</strong></span> <span class='ocrx_word' id='word_1_22' title='bbox 1166 629 1454 684; x_wconf 87' lang='lat' dir='ltr'><strong>formosam</strong></span> <span class='ocrx_word' id='word_1_23' title='bbox 1494 624 1770 679; x_wconf 84' lang='lat' dir='ltr'><strong>mulierem</strong></span> <span class='ocrx_word' id='word_1_24' title='bbox 1801 639 1899 678; x_wconf 92' lang='lat' dir='ltr'><strong>cu-</strong></span> 
     </span>
    </p>
   </div>
   <div class='ocr_carea' id='block_1_5' title="bbox 313 717 1900 806">
    <p class='ocr_par' dir='ltr' id='par_1_5' title="bbox 313 717 1900 806">
     <span class='ocr_line' id='line_1_5' title="bbox 313 717 1900 806; baseline -0.016 -10"><span class='ocrx_word' id='word_1_25' title='bbox 313 742 456 797; x_wconf 87' lang='lat' dir='ltr'><strong>riose</strong></span> <span class='ocrx_word' id='word_1_26' title='bbox 483 733 778 806; x_wconf 80' lang='lat' dir='ltr'><strong>aspexero?</strong></span> <span class='ocrx_word' id='word_1_27' title='bbox 817 730 950 785; x_wconf 89' lang='lat' dir='ltr'><strong>Nam</strong></span> <span class='ocrx_word' id='word_1_28' title='bbox 988 728 1034 782; x_wconf 89' lang='lat' dir='ltr'><strong>si</strong></span> <span class='ocrx_word' id='word_1_29' title='bbox 1075 741 1129 780; x_wconf 88' lang='lat' dir='ltr'><strong>tn</strong></span> <span class='ocrx_word' id='word_1_30' title='bbox 1168 723 1331 780; x_wconf 90' lang='lat' dir='ltr'><strong>corde</strong></span> <span class='ocrx_word' id='word_1_31' title='bbox 1368 718 1667 776; x_wconf 70' lang='lat' dir='ltr'><strong>moechatus</strong></span> <span class='ocrx_word' id='word_1_32' title='bbox 1703 717 1900 783; x_wconf 86' lang='lat' dir='ltr'><strong>fueris,</strong></span> 
     </span>
    </p>
   </div>
   <div class='ocr_carea' id='block_1_6' title="bbox 312 809 1904 900">
    <p class='ocr_par' dir='ltr' id='par_1_6' title="bbox 312 809 1904 900">
     <span class='ocr_line' id='line_1_6' title="bbox 312 809 1904 900; baseline -0.017 -11"><span class='ocrx_word' id='word_1_33' title='bbox 312 835 420 889; x_wconf 86' lang='lat' dir='ltr'><strong>cito</strong></span> <span class='ocrx_word' id='word_1_34' title='bbox 456 831 631 900; x_wconf 89' lang='lat' dir='ltr'><strong>reipsa</strong></span> <span class='ocrx_word' id='word_1_35' title='bbox 660 823 916 881; x_wconf 74' lang='lat' dir='ltr'><strong>mtechari</strong></span> <span class='ocrx_word' id='word_1_36' title='bbox 946 818 1190 875; x_wconf 87' lang='lat' dir='ltr'><strong>audebis.</strong></span> <span class='ocrx_word' id='word_1_37' title='bbox 1233 815 1311 871; x_wconf 92' lang='lat' dir='ltr'><strong>Ne</strong></span> <span class='ocrx_word' id='word_1_38' title='bbox 1339 813 1518 878; x_wconf 90' lang='lat' dir='ltr'><strong>dicas,</strong></span> <span class='ocrx_word' id='word_1_39' title='bbox 1561 810 1698 879; x_wconf 85' lang='lat' dir='ltr'><strong>Quid</strong></span> <span class='ocrx_word' id='word_1_40' title='bbox 1736 819 1818 864; x_wconf 90' lang='lat' dir='ltr'><strong>est</strong></span> <span class='ocrx_word' id='word_1_41' title='bbox 1857 809 1904 862; x_wconf 88' lang='lat' dir='ltr'><strong>si</strong></span> 
     </span>
    </p>
   </div>
   <div class='ocr_carea' id='block_1_7' title="bbox 313 900 1906 997">
    <p class='ocr_par' dir='ltr' id='par_1_7' title="bbox 313 900 1906 997">
     <span class='ocr_line' id='line_1_7' title="bbox 313 900 1906 997; baseline -0.014 -20"><span class='ocrx_word' id='word_1_42' title='bbox 313 937 602 997; x_wconf 73' lang='lat' dir='ltr'><strong>pauperem</strong></span> <span class='ocrx_word' id='word_1_43' title='bbox 635 919 776 974; x_wconf 91' lang='lat' dir='ltr'><strong>hunc</strong></span> <span class='ocrx_word' id='word_1_44' title='bbox 801 909 1156 986; x_wconf 70' lang='lat' dir='ltr'><strong>praeteream?</strong></span> <span class='ocrx_word' id='word_1_45' title='bbox 1180 909 1235 963; x_wconf 90' lang='lat' dir='ltr'><strong>Si</strong></span> <span class='ocrx_word' id='word_1_46' title='bbox 1267 907 1406 960; x_wconf 91' lang='lat' dir='ltr'><strong>hunc</strong></span> <span class='ocrx_word' id='word_1_47' title='bbox 1434 913 1740 974; x_wconf 71' lang='lat' dir='ltr'><strong>praetereas,</strong></span> <span class='ocrx_word' id='word_1_48' title='bbox 1771 900 1906 955; x_wconf 88' lang='lat' dir='ltr'><strong>alte-</strong></span> 
     </span>
    </p>
   </div>
   <div class='ocr_carea' id='block_1_8' title="bbox 313 992 1903 1084">
    <p class='ocr_par' dir='ltr' id='par_1_8' title="bbox 313 992 1903 1084">
     <span class='ocr_line' id='line_1_8' title="bbox 313 992 1903 1084; baseline -0.017 -12"><span class='ocrx_word' id='word_1_49' title='bbox 313 992 437 1072; x_wconf 75' lang='lat' dir='ltr'><strong>rum</strong></span> <span class='ocrx_word' id='word_1_50' title='bbox 457 1024 512 1070; x_wconf 89' lang='lat' dir='ltr'><strong>et</strong></span> <span class='ocrx_word' id='word_1_51' title='bbox 541 1022 664 1084; x_wconf 91' lang='lat' dir='ltr'><strong>post</strong></span> <span class='ocrx_word' id='word_1_52' title='bbox 688 1010 831 1064; x_wconf 90' lang='lat' dir='ltr'><strong>hunc</strong></span> <span class='ocrx_word' id='word_1_53' title='bbox 859 1007 1023 1062; x_wconf 90' lang='lat' dir='ltr'><strong>alium</strong></span> <span class='ocrx_word' id='word_1_54' title='bbox 1052 1000 1369 1075; x_wconf 59' lang='lat' dir='ltr'><strong>praeteribis.</strong></span> <span class='ocrx_word' id='word_1_55' title='bbox 1403 997 1511 1052; x_wconf 88' lang='lat' dir='ltr'><strong>Nec</strong></span> <span class='ocrx_word' id='word_1_56' title='bbox 1540 1007 1726 1050; x_wconf 88' lang='lat' dir='ltr'><strong>rursus</strong></span> <span class='ocrx_word' id='word_1_57' title='bbox 1748 992 1903 1046; x_wconf 82' lang='lat' dir='ltr'><strong>dixe-</strong></span> 
     </span>
    </p>
   </div>
   <div class='ocr_carea' id='block_1_9' title="bbox 314 1085 1905 1176">
    <p class='ocr_par' dir='ltr' id='par_1_9' title="bbox 314 1085 1905 1176">
     <span class='ocr_line' id='line_1_9' title="bbox 314 1085 1905 1176; baseline -0.018 -11"><span class='ocrx_word' id='word_1_58' title='bbox 314 1111 390 1166; x_wconf 86' lang='lat' dir='ltr'><strong>ris</strong></span> <span class='ocrx_word' id='word_1_59' title='bbox 428 1126 442 1162; x_wconf 90' lang='lat'>:</span> <span class='ocrx_word' id='word_1_60' title='bbox 475 1106 614 1176; x_wconf 76' lang='lat' dir='ltr'><strong>Quid</strong></span> <span class='ocrx_word' id='word_1_61' title='bbox 653 1105 698 1160; x_wconf 88' lang='lat' dir='ltr'><strong>si</strong></span> <span class='ocrx_word' id='word_1_62' title='bbox 738 1105 875 1159; x_wconf 88' lang='lat' dir='ltr'><strong>bona</strong></span> <span class='ocrx_word' id='word_1_63' title='bbox 918 1097 1146 1171; x_wconf 80' lang='lat' dir='ltr'><strong>proximi</strong></span> <span class='ocrx_word' id='word_1_64' title='bbox 1177 1088 1584 1162; x_wconf 80' lang='lat' dir='ltr'><strong>concupiscam?</strong></span> <span class='ocrx_word' id='word_1_65' title='bbox 1612 1087 1722 1142; x_wconf 85' lang='lat' dir='ltr'><strong>Hoc</strong></span> <span class='ocrx_word' id='word_1_66' title='bbox 1761 1085 1905 1140; x_wconf 89' lang='lat' dir='ltr'><strong>enim</strong></span> 
     </span>
    </p>
   </div>
   <div class='ocr_carea' id='block_1_10' title="bbox 317 1177 1906 1269">
    <p class='ocr_par' dir='ltr' id='par_1_10' title="bbox 317 1177 1906 1269">
     <span class='ocr_line' id='line_1_10' title="bbox 317 1177 1906 1269; baseline -0.018 -11"><span class='ocrx_word' id='word_1_67' title='bbox 317 1201 623 1258; x_wconf 82' lang='lat' dir='ltr'><strong>Achaabum</strong></span> <span class='ocrx_word' id='word_1_68' title='bbox 667 1196 927 1269; x_wconf 89' lang='lat' dir='ltr'><strong>perdidit,</strong></span> <span class='ocrx_word' id='word_1_69' title='bbox 969 1191 1178 1249; x_wconf 89' lang='lat' dir='ltr'><strong>etiamsi</strong></span> <span class='ocrx_word' id='word_1_70' title='bbox 1219 1187 1448 1259; x_wconf 87' lang='lat' dir='ltr'><strong>pretium</strong></span> <span class='ocrx_word' id='word_1_71' title='bbox 1486 1179 1740 1243; x_wconf 91' lang='lat' dir='ltr'><strong>solverit,</strong></span> <span class='ocrx_word' id='word_1_72' title='bbox 1783 1177 1906 1246; x_wconf 82' lang='lat' dir='ltr'><strong>quia</strong></span> 
     </span>
    </p>
   </div>
   <div class='ocr_carea' id='block_1_11' title="bbox 315 1267 1906 1354">
    <p class='ocr_par' dir='ltr' id='par_1_11' title="bbox 315 1267 1906 1354">
     <span class='ocr_line' id='line_1_11' title="bbox 315 1267 1906 1354; baseline -0.019 -4"><span class='ocrx_word' id='word_1_73' title='bbox 315 1293 521 1350; x_wconf 83' lang='lat' dir='ltr'><strong>scilicet</strong></span> <span class='ocrx_word' id='word_1_74' title='bbox 545 1307 573 1345; x_wconf 88' lang='lat' dir='ltr'><strong>a</strong></span> <span class='ocrx_word' id='word_1_75' title='bbox 607 1267 821 1345; x_wconf 84' lang='lat' dir='ltr'><strong>nolente</strong></span> <span class='ocrx_word' id='word_1_76' title='bbox 841 1284 1073 1354; x_wconf 83' lang='lat' dir='ltr'><strong>abripuit</strong></span> <span class='ocrx_word' id='word_1_77' title='bbox 1096 1282 1185 1352; x_wconf 79' lang='lat'><strong>(&#39;5.</strong></span> <span class='ocrx_word' id='word_1_78' title='bbox 1216 1279 1343 1350; x_wconf 73' lang='lat' dir='ltr'><strong>Reg.</strong></span> <span class='ocrx_word' id='word_1_79' title='bbox 1365 1275 1482 1346; x_wconf 72' lang='grc'><strong>21).</strong></span> <span class='ocrx_word' id='word_1_80' title='bbox 1513 1273 1739 1342; x_wconf 84' lang='lat' dir='ltr'><strong>Emptor</strong></span> <span class='ocrx_word' id='word_1_81' title='bbox 1761 1267 1906 1323; x_wconf 91' lang='lat' dir='ltr'><strong>enim</strong></span> 
     </span>
    </p>
   </div>
   <div class='ocr_carea' id='block_1_12' title="bbox 1161 323 2764 390">
    <p class='ocr_par' dir='ltr' id='par_1_12' title="bbox 1161 323 2764 390">
     <span class='ocr_line' id='line_1_12' title="bbox 1161 323 2764 390; baseline 0.001 -4"><span class='ocrx_word' id='word_1_82' title='bbox 1161 329 1225 386; x_wconf 89' lang='lat' dir='ltr'><strong>IN</strong></span> <span class='ocrx_word' id='word_1_83' title='bbox 1266 325 1677 384; x_wconf 64' lang='lat' dir='ltr'><strong>MATTI-IJEUM</strong></span> <span class='ocrx_word' id='word_1_84' title='bbox 1720 323 1946 378; x_wconf 75' lang='lat' dir='ltr'><strong>IIOMIL.</strong></span> <span class='ocrx_word' id='word_1_85' title='bbox 1989 325 2298 385; x_wconf 76' lang='lat' dir='ltr'><strong>LXXXVII.</strong></span> <span class='ocrx_word' id='word_1_86' title='bbox 2337 332 2406 386; x_wconf 89' lang='lat' dir='ltr'><strong>al.</strong></span> <span class='ocrx_word' id='word_1_87' title='bbox 2452 332 2764 390; x_wconf 74' lang='lat' dir='ltr'><strong>LXXXVIII</strong></span> 
     </span>
    </p>
   </div>
   <div class='ocr_carea' id='block_1_13' title="bbox 3497 336 3604 390">
    <p class='ocr_par' dir='ltr' id='par_1_13' title="bbox 3497 336 3604 390">
     <span class='ocr_line' id='line_1_13' title="bbox 3497 336 3604 390; baseline -0.056 0"><span class='ocrx_word' id='word_1_88' title='bbox 3497 336 3604 390; x_wconf 75' lang='lat' dir='ltr'><strong>71f)</strong></span> 
     </span>
    </p>
   </div>
   <div class='ocr_carea' id='block_1_14' title="bbox 2012 445 3606 544">
    <p class='ocr_par' dir='ltr' id='par_1_14' title="bbox 2012 445 3606 544">
     <span class='ocr_line' id='line_1_14' title="bbox 2012 445 3606 544; baseline 0.006 -51"><span class='ocrx_word' id='word_1_89' title='bbox 2012 455 2118 544; x_wconf 77' lang='lat' dir='ltr'><strong>non</strong></span> <span class='ocrx_word' id='word_1_90' title='bbox 2148 456 2377 511; x_wconf 79' lang='lat' dir='ltr'><strong>cogere,</strong></span> <span class='ocrx_word' id='word_1_91' title='bbox 2427 445 2523 500; x_wconf 85' lang='lat' dir='ltr'><strong>sed</strong></span> <span class='ocrx_word' id='word_1_92' title='bbox 2571 447 2896 516; x_wconf 74' lang='lat' dir='ltr'><strong>persuadere</strong></span> <span class='ocrx_word' id='word_1_93' title='bbox 2937 446 3117 502; x_wconf 87' lang='lat' dir='ltr'><strong>debet.</strong></span> <span class='ocrx_word' id='word_1_94' title='bbox 3164 447 3220 502; x_wconf 86' lang='lat' dir='ltr'><strong>Si</strong></span> <span class='ocrx_word' id='word_1_95' title='bbox 3260 463 3388 502; x_wconf 80' lang='lat' dir='ltr'><strong>vero</strong></span> <span class='ocrx_word' id='word_1_96' title='bbox 3431 451 3475 503; x_wconf 84' lang='lat' dir='ltr'><strong>is</strong></span> <span class='ocrx_word' id='word_1_97' title='bbox 3512 451 3606 521; x_wconf 86' lang='lat' dir='ltr'><strong>qui</strong></span> 
     </span>
    </p>
   </div>
   <div class='ocr_carea' id='block_1_15' title="bbox 2002 538 3605 608">
    <p class='ocr_par' dir='ltr' id='par_1_15' title="bbox 2002 538 3605 608">
     <span class='ocr_line' id='line_1_15' title="bbox 2002 538 3605 608; baseline 0.009 -25"><span class='ocrx_word' id='word_1_98' title='bbox 2002 538 2208 597; x_wconf 88' lang='lat' dir='ltr'><strong>justum</strong></span> <span class='ocrx_word' id='word_1_99' title='bbox 2240 540 2465 604; x_wconf 88' lang='lat' dir='ltr'><strong>pretlunt</strong></span> <span class='ocrx_word' id='word_1_100' title='bbox 2495 540 2812 604; x_wconf 89' lang='lat' dir='ltr'><strong>numeravit,</strong></span> <span class='ocrx_word' id='word_1_101' title='bbox 2844 538 2914 592; x_wconf 89' lang='lat' dir='ltr'><strong>ita</strong></span> <span class='ocrx_word' id='word_1_102' title='bbox 2943 538 3227 592; x_wconf 88' lang='lat' dir='ltr'><strong>damnatus</strong></span> <span class='ocrx_word' id='word_1_103' title='bbox 3248 550 3329 594; x_wconf 86' lang='lat' dir='ltr'><strong>est</strong></span> <span class='ocrx_word' id='word_1_104' title='bbox 3349 580 3364 604; x_wconf 92' lang='lat'><strong>,</strong></span> <span class='ocrx_word' id='word_1_105' title='bbox 3391 545 3515 608; x_wconf 89' lang='lat' dir='ltr'><strong>quia</strong></span> <span class='ocrx_word' id='word_1_106' title='bbox 3539 558 3605 598; x_wconf 73' lang='lat' dir='ltr'><strong>ex</strong></span> 
     </span>
    </p>
   </div>
   <div class='ocr_carea' id='block_1_16' title="bbox 2016 622 3606 700">
    <p class='ocr_par' dir='ltr' id='par_1_16' title="bbox 2016 622 3606 700">
     <span class='ocr_line' id='line_1_16' title="bbox 2016 622 3606 700; baseline 0.008 -24"><span class='ocrx_word' id='word_1_107' title='bbox 2016 622 2231 679; x_wconf 88' lang='lat' dir='ltr'><strong>uolente</strong></span> <span class='ocrx_word' id='word_1_108' title='bbox 2260 626 2466 696; x_wconf 88' lang='lat' dir='ltr'><strong>accepit</strong></span> <span class='ocrx_word' id='word_1_109' title='bbox 2493 643 2508 680; x_wconf 91' lang='lat'><strong>:</strong></span> <span class='ocrx_word' id='word_1_110' title='bbox 2537 629 2626 698; x_wconf 88' lang='lat' dir='ltr'><strong>qui</strong></span> <span class='ocrx_word' id='word_1_111' title='bbox 2656 645 2761 682; x_wconf 90' lang='lat' dir='ltr'><strong>non</strong></span> <span class='ocrx_word' id='word_1_112' title='bbox 2792 628 2952 684; x_wconf 91' lang='lat' dir='ltr'><strong>modo</strong></span> <span class='ocrx_word' id='word_1_113' title='bbox 2975 629 3076 685; x_wconf 91' lang='lat' dir='ltr'><strong>hoc</strong></span> <span class='ocrx_word' id='word_1_114' title='bbox 3101 630 3228 700; x_wconf 86' lang='lat' dir='ltr'><strong>agit,</strong></span> <span class='ocrx_word' id='word_1_115' title='bbox 3260 631 3353 686; x_wconf 88' lang='lat' dir='ltr'><strong>sed</strong></span> <span class='ocrx_word' id='word_1_116' title='bbox 3382 640 3485 686; x_wconf 86' lang='lat' dir='ltr'><strong>cta</strong></span> <span class='ocrx_word' id='word_1_117' title='bbox 3510 648 3606 688; x_wconf 79' lang='lat' dir='ltr'><strong>no-</strong></span> 
     </span>
    </p>
   </div>
   <div class='ocr_carea' id='block_1_17' title="bbox 2013 711 3609 796">
    <p class='ocr_par' dir='ltr' id='par_1_17' title="bbox 2013 711 3609 796">
     <span class='ocr_line' id='line_1_17' title="bbox 2013 711 3609 796; baseline 0.007 -29"><span class='ocrx_word' id='word_1_118' title='bbox 2013 711 2156 769; x_wconf 88' lang='lat' dir='ltr'><strong>lente</strong></span> <span class='ocrx_word' id='word_1_119' title='bbox 2181 715 2408 786; x_wconf 91' lang='lat' dir='ltr'><strong>abripit,</strong></span> <span class='ocrx_word' id='word_1_120' title='bbox 2441 728 2495 772; x_wconf 90' lang='lat' dir='ltr'><strong>et</strong></span> <span class='ocrx_word' id='word_1_121' title='bbox 2523 719 2624 774; x_wconf 90' lang='lat' dir='ltr'><strong>hoc</strong></span> <span class='ocrx_word' id='word_1_122' title='bbox 2646 721 2700 775; x_wconf 92' lang='lat' dir='ltr'><strong>in</strong></span> <span class='ocrx_word' id='word_1_123' title='bbox 2721 721 2838 792; x_wconf 86' lang='lat' dir='ltr'><strong>lege</strong></span> <span class='ocrx_word' id='word_1_124' title='bbox 2861 723 3066 791; x_wconf 62' lang='lat' dir='ltr'><strong>gratiae,</strong></span> <span class='ocrx_word' id='word_1_125' title='bbox 3089 738 3195 793; x_wconf 91' lang='lat' dir='ltr'><strong>quo</strong></span> <span class='ocrx_word' id='word_1_126' title='bbox 3222 739 3328 778; x_wconf 89' lang='lat' dir='ltr'><strong>non</strong></span> <span class='ocrx_word' id='word_1_127' title='bbox 3355 725 3457 779; x_wconf 89' lang='lat' dir='ltr'><strong>erit</strong></span> <span class='ocrx_word' id='word_1_128' title='bbox 3480 741 3609 796; x_wconf 82' lang='lat' dir='ltr'><strong>sup.</strong></span> 
     </span>
    </p>
   </div>
   <div class='ocr_carea' id='block_1_18' title="bbox 2013 805 3605 882">
    <p class='ocr_par' dir='ltr' id='par_1_18' title="bbox 2013 805 3605 882">
     <span class='ocr_line' id='line_1_18' title="bbox 2013 805 3605 882; baseline 0.008 -24"><span class='ocrx_word' id='word_1_129' title='bbox 2013 806 2172 874; x_wconf 89' lang='lat' dir='ltr'><strong>plicio</strong></span> <span class='ocrx_word' id='word_1_130' title='bbox 2201 805 2430 876; x_wconf 84' lang='lat' dir='ltr'><strong>dignus?</strong></span> <span class='ocrx_word' id='word_1_131' title='bbox 2457 809 2533 865; x_wconf 92' lang='lat' dir='ltr'><strong>Ne</strong></span> <span class='ocrx_word' id='word_1_132' title='bbox 2563 811 2741 882; x_wconf 80' lang='lat' dir='ltr'><strong>itaque</strong></span> <span class='ocrx_word' id='word_1_133' title='bbox 2773 815 3076 882; x_wconf 87' lang='lat' dir='ltr'><strong>puniamur,</strong></span> <span class='ocrx_word' id='word_1_134' title='bbox 3105 830 3136 868; x_wconf 87' lang='lat' dir='ltr'><strong>a</strong></span> <span class='ocrx_word' id='word_1_135' title='bbox 3168 815 3220 868; x_wconf 93' lang='lat' dir='ltr'><strong>vi</strong></span> <span class='ocrx_word' id='word_1_136' title='bbox 3259 817 3402 871; x_wconf 89' lang='lat' dir='ltr'><strong>omni</strong></span> <span class='ocrx_word' id='word_1_137' title='bbox 3429 828 3484 872; x_wconf 89' lang='lat' dir='ltr'><strong>et</strong></span> <span class='ocrx_word' id='word_1_138' title='bbox 3516 835 3605 873; x_wconf 83' lang='lat' dir='ltr'><strong>ra-</strong></span> 
     </span>
    </p>
   </div>
   <div class='ocr_carea' id='block_1_19' title="bbox 2017 897 3626 975">
    <p class='ocr_par' dir='ltr' id='par_1_19' title="bbox 2017 897 3626 975">
     <span class='ocr_line' id='line_1_19' title="bbox 2017 897 3626 975; baseline 0.009 -27"><span class='ocrx_word' id='word_1_139' title='bbox 2017 897 2138 966; x_wconf 92' lang='lat' dir='ltr'><strong>pina</strong></span> <span class='ocrx_word' id='word_1_140' title='bbox 2168 913 2266 952; x_wconf 92' lang='lat' dir='ltr'><strong>nos</strong></span> <span class='ocrx_word' id='word_1_141' title='bbox 2292 913 2454 968; x_wconf 89' lang='lat' dir='ltr'><strong>puros</strong></span> <span class='ocrx_word' id='word_1_142' title='bbox 2493 913 2792 971; x_wconf 88' lang='lat' dir='ltr'><strong>servantes,</strong></span> <span class='ocrx_word' id='word_1_143' title='bbox 2823 914 2876 958; x_wconf 92' lang='lat' dir='ltr'><strong>et</strong></span> <span class='ocrx_word' id='word_1_144' title='bbox 2907 920 3012 960; x_wconf 93' lang='lat' dir='ltr'><strong>non</strong></span> <span class='ocrx_word' id='word_1_145' title='bbox 3046 916 3257 975; x_wconf 88' lang='lat' dir='ltr'><strong>peccata</strong></span> <span class='ocrx_word' id='word_1_146' title='bbox 3289 907 3448 962; x_wconf 90' lang='lat' dir='ltr'><strong>modo</strong></span> <span class='ocrx_word' id='word_1_147' title='bbox 3468 949 3482 972; x_wconf 91' lang='lat'><strong>,</strong></span> <span class='ocrx_word' id='word_1_148' title='bbox 3510 911 3626 965; x_wconf 88' lang='lat' dir='ltr'><strong>sed.</strong></span> 
     </span>
    </p>
   </div>
   <div class='ocr_carea' id='block_1_20' title="bbox 2014 989 3603 1068">
    <p class='ocr_par' dir='ltr' id='par_1_20' title="bbox 2014 989 3603 1068">
     <span class='ocr_line' id='line_1_20' title="bbox 2014 989 3603 1068; baseline 0.007 -25"><span class='ocrx_word' id='word_1_149' title='bbox 2014 989 2176 1043; x_wconf 88' lang='lat' dir='ltr'><strong>etiam</strong></span> <span class='ocrx_word' id='word_1_150' title='bbox 2210 991 2464 1062; x_wconf 89' lang='lat' dir='ltr'><strong>principia</strong></span> <span class='ocrx_word' id='word_1_151' title='bbox 2499 1005 2839 1063; x_wconf 87' lang='lat' dir='ltr'><strong>peccatorum</strong></span> <span class='ocrx_word' id='word_1_152' title='bbox 2867 1006 3149 1065; x_wconf 86' lang='lat' dir='ltr'><strong>caventes,</strong></span> <span class='ocrx_word' id='word_1_153' title='bbox 3183 997 3465 1068; x_wconf 77' lang='lat' dir='ltr'><strong>diligenter</strong></span> <span class='ocrx_word' id='word_1_154' title='bbox 3494 1002 3603 1054; x_wconf 84' lang='lat' dir='ltr'><strong>vir-</strong></span> 
     </span>
    </p>
   </div>
   <div class='ocr_carea' id='block_1_21' title="bbox 2019 1082 3603 1156">
    <p class='ocr_par' dir='ltr' id='par_1_21' title="bbox 2019 1082 3603 1156">
     <span class='ocr_line' id='line_1_21' title="bbox 2019 1082 3603 1156; baseline 0.01 -23"><span class='ocrx_word' id='word_1_155' title='bbox 2019 1087 2184 1135; x_wconf 84' lang='lat' dir='ltr'><strong>tutem</strong></span> <span class='ocrx_word' id='word_1_156' title='bbox 2213 1082 2600 1150; x_wconf 86' lang='lat' dir='ltr'><strong>amplectamur</strong></span> <span class='ocrx_word' id='word_1_157' title='bbox 2623 1103 2636 1139; x_wconf 89' lang='lat'><strong>:</strong></span> <span class='ocrx_word' id='word_1_158' title='bbox 2661 1087 2739 1142; x_wconf 88' lang='lat' dir='ltr'><strong>sic</strong></span> <span class='ocrx_word' id='word_1_159' title='bbox 2764 1088 2907 1141; x_wconf 91' lang='lat' dir='ltr'><strong>enim</strong></span> <span class='ocrx_word' id='word_1_160' title='bbox 2935 1089 3152 1142; x_wconf 71' lang='lat' dir='ltr'><strong>aeternis</strong></span> <span class='ocrx_word' id='word_1_161' title='bbox 3173 1089 3408 1145; x_wconf 85' lang='lat' dir='ltr'><strong>fruemur</strong></span> <span class='ocrx_word' id='word_1_162' title='bbox 3428 1092 3603 1156; x_wconf 81' lang='lat' dir='ltr'><strong>bonis,</strong></span> 
     </span>
    </p>
   </div>
   <div class='ocr_carea' id='block_1_22' title="bbox 2015 1171 3606 1248">
    <p class='ocr_par' dir='ltr' id='par_1_22' title="bbox 2015 1171 3606 1248">
     <span class='ocr_line' id='line_1_22' title="bbox 2015 1171 3606 1248; baseline 0.01 -26"><span class='ocrx_word' id='word_1_163' title='bbox 2015 1171 2186 1240; x_wconf 88' lang='lat' dir='ltr'><strong>gratia</strong></span> <span class='ocrx_word' id='word_1_164' title='bbox 2228 1180 2282 1227; x_wconf 87' lang='lat' dir='ltr'><strong>et</strong></span> <span class='ocrx_word' id='word_1_165' title='bbox 2324 1172 2646 1245; x_wconf 78' lang='lat' dir='ltr'><strong>benignitate</strong></span> <span class='ocrx_word' id='word_1_166' title='bbox 2675 1177 2883 1232; x_wconf 87' lang='lat' dir='ltr'><strong>Domini</strong></span> <span class='ocrx_word' id='word_1_167' title='bbox 2913 1179 3078 1232; x_wconf 85' lang='lat' dir='ltr'><strong>nostri</strong></span> <span class='ocrx_word' id='word_1_168' title='bbox 3107 1179 3234 1234; x_wconf 77' lang='lat' dir='ltr'><strong>Iesu</strong></span> <span class='ocrx_word' id='word_1_169' title='bbox 3257 1180 3488 1248; x_wconf 86' lang='lat' dir='ltr'><strong>Christi,</strong></span> <span class='ocrx_word' id='word_1_170' title='bbox 3520 1182 3606 1238; x_wconf 88' lang='lat' dir='ltr'><strong>cui</strong></span> 
     </span>
    </p>
   </div>
   <div class='ocr_carea' id='block_1_23' title="bbox 2019 1262 3079 1332">
    <p class='ocr_par' dir='ltr' id='par_1_23' title="bbox 2019 1262 3079 1332">
     <span class='ocr_line' id='line_1_23' title="bbox 2019 1262 3079 1332; baseline 0.01 -17"><span class='ocrx_word' id='word_1_171' title='bbox 2019 1262 2187 1332; x_wconf 79' lang='lat' dir='ltr'><strong>gloria</strong></span> <span class='ocrx_word' id='word_1_172' title='bbox 2215 1263 2266 1318; x_wconf 93' lang='lat' dir='ltr'><strong>in</strong></span> <span class='ocrx_word' id='word_1_173' title='bbox 2298 1267 2492 1321; x_wconf 65' lang='lat' dir='ltr'><strong>saecula</strong></span> <span class='ocrx_word' id='word_1_174' title='bbox 2517 1269 2856 1326; x_wconf 72' lang='lat' dir='ltr'><strong>saeculorum.</strong></span> <span class='ocrx_word' id='word_1_175' title='bbox 2887 1274 3079 1326; x_wconf 78' lang='lat' dir='ltr'><strong>Amen.</strong></span> 
     </span>
    </p>
   </div>
   <div class='ocr_carea' id='block_1_24' title="bbox 322 1392 3591 1444">
    <p class='ocr_par' dir='ltr' id='par_1_24' title="bbox 322 1392 3591 1444">
     <span class='ocr_line' id='line_1_24' title="bbox 322 1392 3591 1444; baseline -0.003 -21"><span class='ocrx_word' id='word_1_176' title='bbox 322 1392 3591 1444; x_wconf 59' lang='lat'><strong>______________.__——__.__________.._</strong></span> 
     </span>
    </p>
   </div>
   <div class='ocr_carea' id='block_1_25' title="bbox 1333 1472 2706 1548">
    <p class='ocr_par' dir='ltr' id='par_1_25' title="bbox 1333 1472 2706 1548">
     <span class='ocr_line' id='line_1_25' title="bbox 1333 1472 2706 1548; baseline -0.005 -1"><span class='ocrx_word' id='word_1_177' title='bbox 1333 1479 1684 1546; x_wconf 84' lang='lat' dir='ltr'><strong>HOMILIA</strong></span> <span class='ocrx_word' id='word_1_178' title='bbox 1725 1472 2110 1548; x_wconf 81' lang='lat' dir='ltr'><strong>LXXXVII,</strong></span> <span class='ocrx_word' id='word_1_179' title='bbox 2158 1476 2244 1537; x_wconf 86' lang='lat' dir='ltr'><strong>al.</strong></span> <span class='ocrx_word' id='word_1_180' title='bbox 2291 1477 2706 1542; x_wconf 82' lang='lat' dir='ltr'><strong>LXXXVIII.</strong></span> 
     </span>
    </p>
   </div>
   <div class='ocr_carea' id='block_1_26' title="bbox 318 1586 1909 1666">
    <p class='ocr_par' dir='ltr' id='par_1_26' title="bbox 318 1586 1909 1666">
     <span class='ocr_line' id='line_1_26' title="bbox 318 1586 1909 1666; baseline -0.017 -4"><span class='ocrx_word' id='word_1_181' title='bbox 318 1607 447 1662; x_wconf 67' lang='lat' dir='ltr'><strong>Car.</strong></span> <span class='ocrx_word' id='word_1_182' title='bbox 495 1605 586 1660; x_wconf 71' lang='lat'><strong>27.</strong></span> <span class='ocrx_word' id='word_1_183' title='bbox 639 1622 690 1660; x_wconf 85' lang='lat' dir='ltr'><strong>v.</strong></span> <span class='ocrx_word' id='word_1_184' title='bbox 747 1605 836 1659; x_wconf 75' lang='lat'><strong>‘27.</strong></span> <span class='ocrx_word' id='word_1_185' title='bbox 885 1601 1031 1657; x_wconf 88' lang='lat' dir='ltr'><strong>Tunc</strong></span> <span class='ocrx_word' id='word_1_186' title='bbox 1081 1598 1261 1652; x_wconf 88' lang='lat' dir='ltr'><strong>milites</strong></span> <span class='ocrx_word' id='word_1_187' title='bbox 1319 1591 1555 1666; x_wconf 73' lang='lat' dir='ltr'><strong>prtasidis</strong></span> <span class='ocrx_word' id='word_1_188' title='bbox 1606 1586 1909 1666; x_wconf 74' lang='lat' dir='ltr'><strong>accipientes</strong></span> 
     </span>
    </p>
   </div>
   <div class='ocr_carea' id='block_1_27' title="bbox 393 1682 1909 1764">
    <p class='ocr_par' dir='ltr' id='par_1_27' title="bbox 393 1682 1909 1764">
     <span class='ocr_line' id='line_1_27' title="bbox 393 1682 1909 1764; baseline -0.013 -13"><span class='ocrx_word' id='word_1_189' title='bbox 393 1697 566 1753; x_wconf 82' lang='lat' dir='ltr'><strong>Iesum</strong></span> <span class='ocrx_word' id='word_1_190' title='bbox 585 1699 639 1752; x_wconf 89' lang='lat' dir='ltr'><strong>in</strong></span> <span class='ocrx_word' id='word_1_191' title='bbox 663 1695 918 1764; x_wconf 71' lang='lat' dir='ltr'><strong>primaria,</strong></span> <span class='ocrx_word' id='word_1_192' title='bbox 950 1697 1374 1761; x_wconf 86' lang='lat' dir='ltr'><strong>congregaverunt</strong></span> <span class='ocrx_word' id='word_1_193' title='bbox 1393 1684 1460 1738; x_wconf 90' lang='lat' dir='ltr'><strong>ad</strong></span> <span class='ocrx_word' id='word_1_194' title='bbox 1485 1699 1598 1738; x_wconf 86' lang='lat' dir='ltr'><strong>eum</strong></span> <span class='ocrx_word' id='word_1_195' title='bbox 1625 1682 1909 1734; x_wconf 81' lang='lat' dir='ltr'><strong>universum</strong></span> 
     </span>
    </p>
   </div>
   <div class='ocr_carea' id='block_1_28' title="bbox 393 1774 1906 1852">
    <p class='ocr_par' dir='ltr' id='par_1_28' title="bbox 393 1774 1906 1852">
     <span class='ocr_line' id='line_1_28' title="bbox 393 1774 1906 1852; baseline -0.013 -8"><span class='ocrx_word' id='word_1_196' title='bbox 393 1793 680 1852; x_wconf 78' lang='lat' dir='ltr'><strong>cohortem;</strong></span> <span class='ocrx_word' id='word_1_197' title='bbox 718 1788 810 1843; x_wconf 69' lang='lat'><strong>28.</strong></span> <span class='ocrx_word' id='word_1_198' title='bbox 859 1796 910 1840; x_wconf 86' lang='lat' dir='ltr'><strong>et</strong></span> <span class='ocrx_word' id='word_1_199' title='bbox 951 1794 1183 1839; x_wconf 73' lang='lat' dir='ltr'><strong>exuentes</strong></span> <span class='ocrx_word' id='word_1_200' title='bbox 1208 1797 1346 1846; x_wconf 86' lang='lat' dir='ltr'><strong>eum,</strong></span> <span class='ocrx_word' id='word_1_201' title='bbox 1371 1777 1687 1848; x_wconf 79' lang='lat' dir='ltr'><strong>chlamydem</strong></span> <span class='ocrx_word' id='word_1_202' title='bbox 1739 1774 1906 1827; x_wconf 86' lang='lat' dir='ltr'><strong>cocci-</strong></span> 
     </span>
    </p>
   </div>
   <div class='ocr_carea' id='block_1_29' title="bbox 393 1871 1906 1939">
    <p class='ocr_par' dir='ltr' id='par_1_29' title="bbox 393 1871 1906 1939">
     <span class='ocr_line' id='line_1_29' title="bbox 393 1871 1906 1939; baseline -0.012 -5"><span class='ocrx_word' id='word_1_203' title='bbox 393 1898 541 1935; x_wconf 82' lang='lat' dir='ltr'><strong>neum</strong></span> <span class='ocrx_word' id='word_1_204' title='bbox 565 1879 996 1933; x_wconf 83' lang='lat' dir='ltr'><strong>circumdederunt</strong></span> <span class='ocrx_word' id='word_1_205' title='bbox 1021 1876 1097 1939; x_wconf 87' lang='lat' dir='ltr'><strong>ei,</strong></span> <span class='ocrx_word' id='word_1_206' title='bbox 1125 1873 1217 1929; x_wconf 73' lang='lat'><strong>29.</strong></span> <span class='ocrx_word' id='word_1_207' title='bbox 1275 1880 1320 1925; x_wconf 84' lang='lat' dir='ltr'><strong>et</strong></span> <span class='ocrx_word' id='word_1_208' title='bbox 1363 1871 1630 1939; x_wconf 87' lang='lat' dir='ltr'><strong>plectentes</strong></span> <span class='ocrx_word' id='word_1_209' title='bbox 1667 1880 1906 1919; x_wconf 80' lang='lat' dir='ltr'><strong>coronam</strong></span> 
     </span>
    </p>
   </div>
   <div class='ocr_carea' id='block_1_30' title="bbox 393 1959 1906 2039">
    <p class='ocr_par' dir='ltr' id='par_1_30' title="bbox 393 1959 1906 2039">
     <span class='ocr_line' id='line_1_30' title="bbox 393 1959 1906 2039; baseline -0.011 -14"><span class='ocrx_word' id='word_1_210' title='bbox 393 1972 458 2025; x_wconf 85' lang='lat' dir='ltr'><strong>de</strong></span> <span class='ocrx_word' id='word_1_211' title='bbox 501 1971 677 2039; x_wconf 86' lang='lat' dir='ltr'><strong>spinis,</strong></span> <span class='ocrx_word' id='word_1_212' title='bbox 725 1976 997 2038; x_wconf 78' lang='lat' dir='ltr'><strong>posuerunt</strong></span> <span class='ocrx_word' id='word_1_213' title='bbox 1021 1981 1172 2034; x_wconf 89' lang='lat' dir='ltr'><strong>super</strong></span> <span class='ocrx_word' id='word_1_214' title='bbox 1202 1973 1354 2030; x_wconf 86' lang='lat' dir='ltr'><strong>caput</strong></span> <span class='ocrx_word' id='word_1_215' title='bbox 1375 1963 1502 2031; x_wconf 88' lang='lat' dir='ltr'><strong>ejus,</strong></span> <span class='ocrx_word' id='word_1_216' title='bbox 1531 1969 1578 2014; x_wconf 85' lang='lat' dir='ltr'><strong>et</strong></span> <span class='ocrx_word' id='word_1_217' title='bbox 1606 1959 1906 2011; x_wconf 82' lang='lat' dir='ltr'><strong>arundinem</strong></span> 
     </span>
    </p>
   </div>
   <div class='ocr_carea' id='block_1_31' title="bbox 393 2049 1902 2131">
    <p class='ocr_par' dir='ltr' id='par_1_31' title="bbox 393 2049 1902 2131">
     <span class='ocr_line' id='line_1_31' title="bbox 393 2049 1902 2131; baseline -0.01 -14"><span class='ocrx_word' id='word_1_218' title='bbox 393 2065 448 2117; x_wconf 90' lang='lat' dir='ltr'><strong>in</strong></span> <span class='ocrx_word' id='word_1_219' title='bbox 475 2065 678 2116; x_wconf 73' lang='lat' dir='ltr'><strong>dextera</strong></span> <span class='ocrx_word' id='word_1_220' title='bbox 703 2061 830 2131; x_wconf 86' lang='lat' dir='ltr'><strong>ejus.</strong></span> <span class='ocrx_word' id='word_1_221' title='bbox 862 2058 928 2112; x_wconf 82' lang='lat' dir='ltr'><strong>Et</strong></span> <span class='ocrx_word' id='word_1_222' title='bbox 953 2074 1117 2129; x_wconf 87' lang='lat' dir='ltr'><strong>genua</strong></span> <span class='ocrx_word' id='word_1_223' title='bbox 1142 2057 1395 2127; x_wconf 82' lang='lat' dir='ltr'><strong>ﬂectentes</strong></span> <span class='ocrx_word' id='word_1_224' title='bbox 1413 2067 1585 2105; x_wconf 87' lang='lat' dir='ltr'><strong>coram</strong></span> <span class='ocrx_word' id='word_1_225' title='bbox 1604 2067 1692 2115; x_wconf 90' lang='lat' dir='ltr'><strong>eo,</strong></span> <span class='ocrx_word' id='word_1_226' title='bbox 1718 2049 1902 2102; x_wconf 85' lang='lat' dir='ltr'><strong>illude-</strong></span> 
     </span>
    </p>
   </div>
   <div class='ocr_carea' id='block_1_32' title="bbox 396 2145 1447 2218">
    <p class='ocr_par' dir='ltr' id='par_1_32' title="bbox 396 2145 1447 2218">
     <span class='ocr_line' id='line_1_32' title="bbox 396 2145 1447 2218; baseline -0.013 -8"><span class='ocrx_word' id='word_1_227' title='bbox 396 2157 511 2210; x_wconf 82' lang='lat' dir='ltr'><strong>bunt</strong></span> <span class='ocrx_word' id='word_1_228' title='bbox 530 2154 576 2208; x_wconf 80' lang='lat' dir='ltr'><strong>ei</strong></span> <span class='ocrx_word' id='word_1_229' title='bbox 599 2155 838 2218; x_wconf 78' lang='lat' dir='ltr'><strong>dicentes,</strong></span> <span class='ocrx_word' id='word_1_230' title='bbox 869 2152 991 2216; x_wconf 77' lang='lat' dir='ltr'><strong>Ave,</strong></span> <span class='ocrx_word' id='word_1_231' title='bbox 1014 2165 1105 2204; x_wconf 81' lang='lat' dir='ltr'><strong>rea:</strong></span> <span class='ocrx_word' id='word_1_232' title='bbox 1128 2145 1447 2202; x_wconf 66' lang='lat' dir='ltr'><strong>Iudaeorum.</strong></span> 
     </span>
    </p>
   </div>
   <div class='ocr_carea' id='block_1_33' title="bbox 397 2277 1903 2359">
    <p class='ocr_par' dir='ltr' id='par_1_33' title="bbox 397 2277 1903 2359">
     <span class='ocr_line' id='line_1_33' title="bbox 397 2277 1903 2359; baseline -0.014 -11"><span class='ocrx_word' id='word_1_233' title='bbox 397 2294 448 2348; x_wconf 82' lang='lat' dir='ltr'><strong>I.</strong></span> <span class='ocrx_word' id='word_1_234' title='bbox 477 2291 606 2359; x_wconf 83' lang='lat' dir='ltr'><strong>Quot</strong></span> <span class='ocrx_word' id='word_1_235' title='bbox 629 2299 674 2346; x_wconf 84' lang='lat' dir='ltr'><strong>et</strong></span> <span class='ocrx_word' id='word_1_236' title='bbox 692 2297 881 2358; x_wconf 87' lang='lat' dir='ltr'><strong>quanta</strong></span> <span class='ocrx_word' id='word_1_237' title='bbox 905 2288 958 2341; x_wconf 89' lang='lat' dir='ltr'><strong>in</strong></span> <span class='ocrx_word' id='word_1_238' title='bbox 998 2285 1231 2356; x_wconf 81' lang='lat' dir='ltr'><strong>passione</strong></span> <span class='ocrx_word' id='word_1_239' title='bbox 1257 2299 1348 2336; x_wconf 90' lang='lat' dir='ltr'><strong>sua</strong></span> <span class='ocrx_word' id='word_1_240' title='bbox 1371 2278 1628 2352; x_wconf 82' lang='lat' dir='ltr'><strong>pertulerit</strong></span> <span class='ocrx_word' id='word_1_241' title='bbox 1654 2277 1903 2331; x_wconf 68' lang='lat' dir='ltr'><strong>Christus.</strong></span> 
     </span>
    </p>
   </div>
   <div class='ocr_carea' id='block_1_34' title="bbox 327 2369 1901 2452">
    <p class='ocr_par' dir='ltr' id='par_1_34' title="bbox 327 2369 1901 2452">
     <span class='ocr_line' id='line_1_34' title="bbox 327 2369 1901 2452; baseline -0.01 -14"><span class='ocrx_word' id='word_1_242' title='bbox 327 2383 393 2438; x_wconf 84' lang='lat' dir='ltr'><strong>In</strong></span> <span class='ocrx_word' id='word_1_243' title='bbox 421 2384 622 2451; x_wconf 88' lang='lat' dir='ltr'><strong>publica</strong></span> <span class='ocrx_word' id='word_1_244' title='bbox 649 2391 694 2436; x_wconf 86' lang='lat' dir='ltr'><strong>et</strong></span> <span class='ocrx_word' id='word_1_245' title='bbox 719 2382 914 2452; x_wconf 83' lang='lat' dir='ltr'><strong>privata</strong></span> <span class='ocrx_word' id='word_1_246' title='bbox 939 2378 1184 2448; x_wconf 82' lang='lat' dir='ltr'><strong>passionis</strong></span> <span class='ocrx_word' id='word_1_247' title='bbox 1210 2375 1418 2428; x_wconf 82' lang='lat' dir='ltr'><strong>lectione</strong></span> <span class='ocrx_word' id='word_1_248' title='bbox 1435 2387 1666 2444; x_wconf 75' lang='lat' dir='ltr'><strong>quamam</strong></span> <span class='ocrx_word' id='word_1_249' title='bbox 1691 2369 1901 2424; x_wconf 85' lang='lat' dir='ltr'><strong>utilitas.</strong></span> 
     </span>
    </p>
   </div>
   <div class='ocr_carea' id='block_1_35' title="bbox 327 2463 1904 2541">
    <p class='ocr_par' dir='ltr' id='par_1_35' title="bbox 327 2463 1904 2541">
     <span class='ocr_line' id='line_1_35' title="bbox 327 2463 1904 2541; baseline -0.012 -10"><span class='ocrx_word' id='word_1_250' title='bbox 327 2478 762 2532; x_wconf 83' lang='lat' dir='ltr'><strong>Cunsummatum</strong></span> <span class='ocrx_word' id='word_1_251' title='bbox 817 2483 935 2538; x_wconf 87' lang='lat' dir='ltr'><strong>est,</strong></span> <span class='ocrx_word' id='word_1_252' title='bbox 980 2469 1103 2541; x_wconf 82' lang='lat' dir='ltr'><strong>quid</strong></span> <span class='ocrx_word' id='word_1_253' title='bbox 1151 2467 1418 2538; x_wconf 76' lang='lat' dir='ltr'><strong>signiﬁcet.</strong></span> <span class='ocrx_word' id='word_1_254' title='bbox 1449 2494 1518 2504; x_wconf 89' lang='lat'><strong>—-</strong></span> <span class='ocrx_word' id='word_1_255' title='bbox 1545 2463 1705 2532; x_wconf 87' lang='lat' dir='ltr'><strong>Quasi</strong></span> <span class='ocrx_word' id='word_1_256' title='bbox 1748 2470 1904 2532; x_wconf 87' lang='lat' dir='ltr'><strong>pacto</strong></span> 
     </span>
    </p>
   </div>
   <div class='ocr_carea' id='block_1_36' title="bbox 331 2553 1902 2624">
    <p class='ocr_par' dir='ltr' id='par_1_36' title="bbox 331 2553 1902 2624">
     <span class='ocr_line' id='line_1_36' title="bbox 331 2553 1902 2624; baseline -0.012 0"><span class='ocrx_word' id='word_1_257' title='bbox 331 2585 455 2624; x_wconf 87' lang='lat' dir='ltr'><strong>cum</strong></span> <span class='ocrx_word' id='word_1_258' title='bbox 485 2567 732 2623; x_wconf 87' lang='lat' dir='ltr'><strong>omnibus</strong></span> <span class='ocrx_word' id='word_1_259' title='bbox 759 2565 932 2619; x_wconf 81' lang='lat' dir='ltr'><strong>‘inito</strong></span> <span class='ocrx_word' id='word_1_260' title='bbox 978 2561 1221 2617; x_wconf 88' lang='lat' dir='ltr'><strong>diabolus</strong></span> <span class='ocrx_word' id='word_1_261' title='bbox 1266 2569 1392 2612; x_wconf 90' lang='lat' dir='ltr'><strong>tunc</strong></span> <span class='ocrx_word' id='word_1_262' title='bbox 1442 2555 1666 2610; x_wconf 84' lang='lat' dir='ltr'><strong>choreas</strong></span> <span class='ocrx_word' id='word_1_263' title='bbox 1693 2553 1902 2623; x_wconf 78' lang='lat' dir='ltr'><strong>agebat.</strong></span> 
     </span>
    </p>
   </div>
   <div class='ocr_carea' id='block_1_37' title="bbox 330 2648 1906 2718">
    <p class='ocr_par' dir='ltr' id='par_1_37' title="bbox 330 2648 1906 2718">
     <span class='ocr_line' id='line_1_37' title="bbox 330 2648 1906 2718; baseline -0.014 0"><span class='ocrx_word' id='word_1_264' title='bbox 330 2664 456 2718; x_wconf 85' lang='lat' dir='ltr'><strong>Esto</strong></span> <span class='ocrx_word' id='word_1_265' title='bbox 480 2661 620 2716; x_wconf 92' lang='lat' dir='ltr'><strong>enim</strong></span> <span class='ocrx_word' id='word_1_266' title='bbox 643 2659 856 2714; x_wconf 78' lang='lat' dir='ltr'><strong>Judznos</strong></span> <span class='ocrx_word' id='word_1_267' title='bbox 884 2655 1082 2710; x_wconf 85' lang='lat' dir='ltr'><strong>invidia</strong></span> <span class='ocrx_word' id='word_1_268' title='bbox 1128 2662 1182 2707; x_wconf 90' lang='lat' dir='ltr'><strong>et</strong></span> <span class='ocrx_word' id='word_1_269' title='bbox 1207 2651 1374 2705; x_wconf 87' lang='lat' dir='ltr'><strong>livore</strong></span> <span class='ocrx_word' id='word_1_270' title='bbox 1418 2648 1748 2703; x_wconf 88' lang='lat' dir='ltr'><strong>tabescentes</strong></span> <span class='ocrx_word' id='word_1_271' title='bbox 1779 2653 1906 2698; x_wconf 90' lang='lat' dir='ltr'><strong>tunc</strong></span> 
     </span>
    </p>
   </div>
   <div class='ocr_carea' id='block_1_38' title="bbox 328 2736 1906 2812">
    <p class='ocr_par' dir='ltr' id='par_1_38' title="bbox 328 2736 1906 2812">
     <span class='ocr_line' id='line_1_38' title="bbox 328 2736 1906 2812; baseline -0.013 -2"><span class='ocrx_word' id='word_1_272' title='bbox 328 2757 583 2812; x_wconf 85' lang='lat' dir='ltr'><strong>adversus</strong></span> <span class='ocrx_word' id='word_1_273' title='bbox 632 2768 752 2808; x_wconf 88' lang='lat' dir='ltr'><strong>eum</strong></span> <span class='ocrx_word' id='word_1_274' title='bbox 808 2747 1164 2805; x_wconf 90' lang='lat' dir='ltr'><strong>dehacchatos</strong></span> <span class='ocrx_word' id='word_1_275' title='bbox 1216 2744 1548 2798; x_wconf 73' lang='lat' dir='ltr'><strong>fuissetcur</strong></span> <span class='ocrx_word' id='word_1_276' title='bbox 1596 2747 1651 2794; x_wconf 89' lang='lat' dir='ltr'><strong>et</strong></span> <span class='ocrx_word' id='word_1_277' title='bbox 1685 2752 1787 2808; x_wconf 89' lang='lat' dir='ltr'><strong>qua</strong></span> <span class='ocrx_word' id='word_1_278' title='bbox 1839 2736 1906 2790; x_wconf 91' lang='lat' dir='ltr'><strong>de</strong></span> 
     </span>
    </p>
   </div>
   <div class='ocr_carea' id='block_1_39' title="bbox 327 2829 1908 2904">
    <p class='ocr_par' dir='ltr' id='par_1_39' title="bbox 327 2829 1908 2904">
     <span class='ocr_line' id='line_1_39' title="bbox 327 2829 1908 2904; baseline -0.015 0"><span class='ocrx_word' id='word_1_279' title='bbox 327 2864 484 2904; x_wconf 87' lang='lat' dir='ltr'><strong>causa</strong></span> <span class='ocrx_word' id='word_1_280' title='bbox 510 2847 669 2903; x_wconf 89' lang='lat' dir='ltr'><strong>etiam</strong></span> <span class='ocrx_word' id='word_1_281' title='bbox 697 2842 932 2898; x_wconf 87' lang='lat' dir='ltr'><strong>milites?</strong></span> <span class='ocrx_word' id='word_1_282' title='bbox 959 2842 1149 2894; x_wconf 85' lang='lat' dir='ltr'><strong>Annon</strong></span> <span class='ocrx_word' id='word_1_283' title='bbox 1172 2837 1312 2900; x_wconf 88' lang='lat' dir='ltr'><strong>ideo,</strong></span> <span class='ocrx_word' id='word_1_284' title='bbox 1343 2844 1401 2889; x_wconf 91' lang='lat' dir='ltr'><strong>ut</strong></span> <span class='ocrx_word' id='word_1_285' title='bbox 1428 2842 1592 2904; x_wconf 88' lang='lat' dir='ltr'><strong>patet,</strong></span> <span class='ocrx_word' id='word_1_286' title='bbox 1614 2831 1756 2903; x_wconf 90' lang='lat' dir='ltr'><strong>quod</strong></span> <span class='ocrx_word' id='word_1_287' title='bbox 1792 2829 1908 2884; x_wconf 89' lang='lat' dir='ltr'><strong>dia-</strong></span> 
     </span>
    </p>
   </div>
   <div class='ocr_carea' id='block_1_40' title="bbox 327 2923 1906 3004">
    <p class='ocr_par' dir='ltr' id='par_1_40' title="bbox 327 2923 1906 3004">
     <span class='ocr_line' id='line_1_40' title="bbox 327 2923 1906 3004; baseline -0.014 -8"><span class='ocrx_word' id='word_1_288' title='bbox 327 2941 481 2996; x_wconf 70' lang='lat' dir='ltr'><strong>holus</strong></span> <span class='ocrx_word' id='word_1_289' title='bbox 507 2949 631 2992; x_wconf 87' lang='lat' dir='ltr'><strong>tunc</strong></span> <span class='ocrx_word' id='word_1_290' title='bbox 655 2934 796 3004; x_wconf 87' lang='lat' dir='ltr'><strong>apud</strong></span> <span class='ocrx_word' id='word_1_291' title='bbox 829 2946 1016 2987; x_wconf 90' lang='lat' dir='ltr'><strong>omnes</strong></span> <span class='ocrx_word' id='word_1_292' title='bbox 1043 2925 1511 2985; x_wconf 87' lang='lat' dir='ltr'><strong>debaccharetur?</strong></span> <span class='ocrx_word' id='word_1_293' title='bbox 1539 2923 1670 2978; x_wconf 88' lang='lat' dir='ltr'><strong>Nam</strong></span> <span class='ocrx_word' id='word_1_294' title='bbox 1715 2931 1906 2977; x_wconf 84' lang='lat' dir='ltr'><strong>contu-</strong></span> 
     </span>
    </p>
   </div>
   <div class='ocr_carea' id='block_1_41' title="bbox 329 3015 1909 3098">
    <p class='ocr_par' dir='ltr' id='par_1_41' title="bbox 329 3015 1909 3098">
     <span class='ocr_line' id='line_1_41' title="bbox 329 3015 1909 3098; baseline -0.011 -14"><span class='ocrx_word' id='word_1_295' title='bbox 329 3030 628 3098; x_wconf 61' lang='lat' dir='ltr'><strong>melize&#39;ipsi</strong></span> <span class='ocrx_word' id='word_1_296' title='bbox 682 3027 845 3082; x_wconf 68' lang='lat' dir='ltr'><strong>illata:</strong></span> <span class='ocrx_word' id='word_1_297' title='bbox 897 3022 1154 3094; x_wconf 84' lang='lat' dir='ltr'><strong>voluptati</strong></span> <span class='ocrx_word' id='word_1_298' title='bbox 1211 3020 1312 3075; x_wconf 81' lang='lat' dir='ltr'><strong>sibi</strong></span> <span class='ocrx_word' id='word_1_299' title='bbox 1361 3028 1533 3081; x_wconf 88' lang='lat' dir='ltr'><strong>erant,</strong></span> <span class='ocrx_word' id='word_1_300' title='bbox 1583 3015 1827 3071; x_wconf 89' lang='lat' dir='ltr'><strong>crudeles</strong></span> <span class='ocrx_word' id='word_1_301' title='bbox 1855 3023 1909 3068; x_wconf 89' lang='lat' dir='ltr'><strong>et</strong></span> 
     </span>
    </p>
   </div>
   <div class='ocr_carea' id='block_1_42' title="bbox 329 3109 1908 3182">
    <p class='ocr_par' dir='ltr' id='par_1_42' title="bbox 329 3109 1908 3182">
     <span class='ocr_line' id='line_1_42' title="bbox 329 3109 1908 3182; baseline -0.011 -3"><span class='ocrx_word' id='word_1_302' title='bbox 329 3123 601 3179; x_wconf 88' lang='lat' dir='ltr'><strong>inhumani</strong></span> <span class='ocrx_word' id='word_1_303' title='bbox 627 3136 746 3176; x_wconf 93' lang='lat' dir='ltr'><strong>cum</strong></span> <span class='ocrx_word' id='word_1_304' title='bbox 775 3126 956 3175; x_wconf 88' lang='lat' dir='ltr'><strong>essent</strong></span> <span class='ocrx_word' id='word_1_305' title='bbox 994 3133 1009 3170; x_wconf 90' lang='lat'><strong>:</strong></span> <span class='ocrx_word' id='word_1_306' title='bbox 1061 3130 1186 3170; x_wconf 90' lang='lat' dir='ltr'><strong>cum</strong></span> <span class='ocrx_word' id='word_1_307' title='bbox 1231 3113 1372 3170; x_wconf 92' lang='lat' dir='ltr'><strong>enim</strong></span> <span class='ocrx_word' id='word_1_308' title='bbox 1416 3113 1740 3182; x_wconf 84' lang='lat' dir='ltr'><strong>oportuisset</strong></span> <span class='ocrx_word' id='word_1_309' title='bbox 1789 3109 1908 3164; x_wconf 88' lang='lat' dir='ltr'><strong>illos</strong></span> 
     </span>
    </p>
   </div>
   <div class='ocr_carea' id='block_1_43' title="bbox 329 3203 1908 3288">
    <p class='ocr_par' dir='ltr' id='par_1_43' title="bbox 329 3203 1908 3288">
     <span class='ocr_line' id='line_1_43' title="bbox 329 3203 1908 3288; baseline -0.009 -15"><span class='ocrx_word' id='word_1_310' title='bbox 329 3218 619 3288; x_wconf 84' lang='lat' dir='ltr'><strong>reprimere</strong></span> <span class='ocrx_word' id='word_1_311' title='bbox 668 3230 747 3282; x_wconf 91' lang='lat' dir='ltr'><strong>se,</strong></span> <span class='ocrx_word' id='word_1_312' title='bbox 802 3222 857 3268; x_wconf 89' lang='lat' dir='ltr'><strong>et</strong></span> <span class='ocrx_word' id='word_1_313' title='bbox 909 3209 1214 3282; x_wconf 87' lang='lat' dir='ltr'><strong>lacrymari,</strong></span> <span class='ocrx_word' id='word_1_314' title='bbox 1269 3206 1409 3278; x_wconf 91' lang='lat' dir='ltr'><strong>quod</strong></span> <span class='ocrx_word' id='word_1_315' title='bbox 1459 3205 1619 3261; x_wconf 88' lang='lat' dir='ltr'><strong>etiam</strong></span> <span class='ocrx_word' id='word_1_316' title='bbox 1650 3204 1718 3260; x_wconf 91' lang='lat' dir='ltr'><strong>de</strong></span> <span class='ocrx_word' id='word_1_317' title='bbox 1755 3203 1908 3272; x_wconf 86' lang='lat' dir='ltr'><strong>plebe</strong></span> 
     </span>
    </p>
   </div>
   <div class='ocr_carea' id='block_1_44' title="bbox 327 3294 1906 3371">
    <p class='ocr_par' dir='ltr' id='par_1_44' title="bbox 327 3294 1906 3371">
     <span class='ocr_line' id='line_1_44' title="bbox 327 3294 1906 3371; baseline -0.011 -7"><span class='ocrx_word' id='word_1_318' title='bbox 327 3310 544 3371; x_wconf 84' lang='lat' dir='ltr'><strong>dixeris,</strong></span> <span class='ocrx_word' id='word_1_319' title='bbox 591 3307 692 3361; x_wconf 91' lang='lat' dir='ltr'><strong>hoc</strong></span> <span class='ocrx_word' id='word_1_320' title='bbox 728 3320 833 3360; x_wconf 92' lang='lat' dir='ltr'><strong>non</strong></span> <span class='ocrx_word' id='word_1_321' title='bbox 885 3303 1157 3366; x_wconf 88' lang='lat' dir='ltr'><strong>fecerunt;</strong></span> <span class='ocrx_word' id='word_1_322' title='bbox 1200 3300 1308 3354; x_wconf 92' lang='lat' dir='ltr'><strong>imo</strong></span> <span class='ocrx_word' id='word_1_323' title='bbox 1340 3297 1674 3353; x_wconf 90' lang='lat' dir='ltr'><strong>contumeliis</strong></span> <span class='ocrx_word' id='word_1_324' title='bbox 1700 3294 1906 3350; x_wconf 86' lang='lat' dir='ltr'><strong>afficie-</strong></span> 
     </span>
    </p>
   </div>
   <div class='ocr_carea' id='block_1_45' title="bbox 328 3385 1910 3468">
    <p class='ocr_par' dir='ltr' id='par_1_45' title="bbox 328 3385 1910 3468">
     <span class='ocr_line' id='line_1_45' title="bbox 328 3385 1910 3468; baseline -0.011 -10"><span class='ocrx_word' id='word_1_325' title='bbox 328 3403 474 3468; x_wconf 87' lang='lat' dir='ltr'><strong>hant,</strong></span> <span class='ocrx_word' id='word_1_326' title='bbox 504 3400 842 3464; x_wconf 84' lang='lat' dir='ltr'><strong>insultabant,</strong></span> <span class='ocrx_word' id='word_1_327' title='bbox 869 3407 928 3451; x_wconf 92' lang='lat' dir='ltr'><strong>ut</strong></span> <span class='ocrx_word' id='word_1_328' title='bbox 948 3395 1175 3450; x_wconf 80' lang='lat' dir='ltr'><strong>fortasse</strong></span> <span class='ocrx_word' id='word_1_329' title='bbox 1204 3391 1339 3463; x_wconf 89' lang='lat' dir='ltr'><strong>grati</strong></span> <span class='ocrx_word' id='word_1_330' title='bbox 1366 3390 1564 3445; x_wconf 78' lang='lat' dir='ltr'><strong>Judtuis</strong></span> <span class='ocrx_word' id='word_1_331' title='bbox 1591 3395 1790 3450; x_wconf 87' lang='lat' dir='ltr'><strong>essent,</strong></span> <span class='ocrx_word' id='word_1_332' title='bbox 1823 3385 1910 3441; x_wconf 88' lang='lat' dir='ltr'><strong>vel</strong></span> 
     </span>
    </p>
   </div>
   <div class='ocr_carea' id='block_1_46' title="bbox 328 3479 1910 3563">
    <p class='ocr_par' dir='ltr' id='par_1_46' title="bbox 328 3479 1910 3563">
     <span class='ocr_line' id='line_1_46' title="bbox 328 3479 1910 3563; baseline -0.013 -12"><span class='ocrx_word' id='word_1_333' title='bbox 328 3498 487 3551; x_wconf 87' lang='lat' dir='ltr'><strong>etiam</strong></span> <span class='ocrx_word' id='word_1_334' title='bbox 514 3494 690 3563; x_wconf 77' lang='lat' dir='ltr'><strong>pravis</strong></span> <span class='ocrx_word' id='word_1_335' title='bbox 719 3491 831 3546; x_wconf 90' lang='lat' dir='ltr'><strong>suis</strong></span> <span class='ocrx_word' id='word_1_336' title='bbox 859 3497 1068 3544; x_wconf 90' lang='lat' dir='ltr'><strong>utentes</strong></span> <span class='ocrx_word' id='word_1_337' title='bbox 1098 3486 1334 3540; x_wconf 88' lang='lat' dir='ltr'><strong>moribus</strong></span> <span class='ocrx_word' id='word_1_338' title='bbox 1368 3500 1381 3536; x_wconf 75' lang='grc' dir='ltr'>ε</span> <span class='ocrx_word' id='word_1_339' title='bbox 1409 3479 1748 3536; x_wconf 72' lang='lat' dir='ltr'><strong>eruitumelite</strong></span> <span class='ocrx_word' id='word_1_340' title='bbox 1781 3492 1910 3532; x_wconf 90' lang='lat' dir='ltr'><strong>vero</strong></span> 
     </span>
    </p>
   </div>
   <div class='ocr_carea' id='block_1_47' title="bbox 329 3569 1911 3657">
    <p class='ocr_par' dir='ltr' id='par_1_47' title="bbox 329 3569 1911 3657">
     <span class='ocr_line' id='line_1_47' title="bbox 329 3569 1911 3657; baseline -0.014 -13"><span class='ocrx_word' id='word_1_341' title='bbox 329 3589 521 3643; x_wconf 82' lang='lat' dir='ltr'><strong>diversi</strong></span> <span class='ocrx_word' id='word_1_342' title='bbox 550 3585 765 3657; x_wconf 85' lang='lat' dir='ltr'><strong>generis</strong></span> <span class='ocrx_word' id='word_1_343' title='bbox 793 3590 962 3638; x_wconf 90' lang='lat' dir='ltr'><strong>erant.</strong></span> <span class='ocrx_word' id='word_1_344' title='bbox 991 3581 1121 3634; x_wconf 88' lang='lat' dir='ltr'><strong>Nam</strong></span> <span class='ocrx_word' id='word_1_345' title='bbox 1150 3570 1386 3632; x_wconf 84' lang='lat' dir='ltr'><strong>divinum</strong></span> <span class='ocrx_word' id='word_1_346' title='bbox 1419 3572 1546 3627; x_wconf 93' lang='lat' dir='ltr'><strong>illud</strong></span> <span class='ocrx_word' id='word_1_347' title='bbox 1574 3578 1732 3641; x_wconf 88' lang='lat' dir='ltr'><strong>caput</strong></span> <span class='ocrx_word' id='word_1_348' title='bbox 1753 3569 1911 3623; x_wconf 93' lang='lat' dir='ltr'><strong>modo</strong></span> 
     </span>
    </p>
   </div>
   <div class='ocr_carea' id='block_1_48' title="bbox 330 3661 1908 3749">
    <p class='ocr_par' dir='ltr' id='par_1_48' title="bbox 330 3661 1908 3749">
     <span class='ocr_line' id='line_1_48' title="bbox 330 3661 1908 3749; baseline -0.013 -14"><span class='ocrx_word' id='word_1_349' title='bbox 330 3679 569 3749; x_wconf 83' lang='lat' dir='ltr'><strong>colaphis</strong></span> <span class='ocrx_word' id='word_1_350' title='bbox 588 3675 887 3736; x_wconf 63' lang='lat' dir='ltr'><strong>caedebant,</strong></span> <span class='ocrx_word' id='word_1_351' title='bbox 905 3671 1066 3728; x_wconf 89' lang='lat' dir='ltr'><strong>modo</strong></span> <span class='ocrx_word' id='word_1_352' title='bbox 1082 3670 1265 3737; x_wconf 88' lang='lat' dir='ltr'><strong>spinea</strong></span> <span class='ocrx_word' id='word_1_353' title='bbox 1285 3680 1480 3722; x_wconf 90' lang='lat' dir='ltr'><strong>corona</strong></span> <span class='ocrx_word' id='word_1_354' title='bbox 1497 3661 1908 3726; x_wconf 85' lang='lat' dir='ltr'><strong>dedecorabant,</strong></span> 
     </span>
    </p>
   </div>
   <div class='ocr_carea' id='block_1_49' title="bbox 330 3756 1909 3834">
    <p class='ocr_par' dir='ltr' id='par_1_49' title="bbox 330 3756 1909 3834">
     <span class='ocr_line' id='line_1_49' title="bbox 330 3756 1909 3834; baseline -0.011 -9"><span class='ocrx_word' id='word_1_355' title='bbox 330 3769 490 3826; x_wconf 88' lang='lat' dir='ltr'><strong>modo</strong></span> <span class='ocrx_word' id='word_1_356' title='bbox 549 3767 755 3823; x_wconf 87' lang='lat' dir='ltr'><strong>calamo</strong></span> <span class='ocrx_word' id='word_1_357' title='bbox 802 3762 1200 3834; x_wconf 88' lang='lat' dir='ltr'><strong>percutiebant,</strong></span> <span class='ocrx_word' id='word_1_358' title='bbox 1257 3759 1357 3813; x_wconf 83' lang='lat' dir='ltr'><strong>viri</strong></span> <span class='ocrx_word' id='word_1_359' title='bbox 1405 3756 1614 3812; x_wconf 77' lang='lat' dir='ltr'><strong>scele3ti</strong></span> <span class='ocrx_word' id='word_1_360' title='bbox 1672 3764 1728 3810; x_wconf 90' lang='lat' dir='ltr'><strong>et</strong></span> <span class='ocrx_word' id='word_1_361' title='bbox 1754 3768 1909 3809; x_wconf 74' lang='lat' dir='ltr'><strong>esseo</strong></span> 
     </span>
    </p>
   </div>
   <div class='ocr_carea' id='block_1_50' title="bbox 334 3847 1909 3926">
    <p class='ocr_par' dir='ltr' id='par_1_50' title="bbox 334 3847 1909 3926">
     <span class='ocr_line' id='line_1_50' title="bbox 334 3847 1909 3926; baseline -0.013 -10"><span class='ocrx_word' id='word_1_362' title='bbox 334 3858 542 3916; x_wconf 85' lang='lat' dir='ltr'><strong>crandi.</strong></span> <span class='ocrx_word' id='word_1_363' title='bbox 575 3857 705 3926; x_wconf 71' lang='lat' dir='ltr'><strong>Quae</strong></span> <span class='ocrx_word' id='word_1_364' title='bbox 735 3855 886 3910; x_wconf 89' lang='lat' dir='ltr'><strong>nobis</strong></span> <span class='ocrx_word' id='word_1_365' title='bbox 911 3865 1090 3924; x_wconf 87' lang='lat' dir='ltr'><strong>postea</strong></span> <span class='ocrx_word' id='word_1_366' title='bbox 1107 3851 1209 3904; x_wconf 90' lang='lat' dir='ltr'><strong>erit</strong></span> <span class='ocrx_word' id='word_1_367' title='bbox 1227 3847 1517 3911; x_wconf 82' lang='lat' dir='ltr'><strong>excusatio,</strong></span> <span class='ocrx_word' id='word_1_368' title='bbox 1547 3860 1667 3900; x_wconf 89' lang='lat' dir='ltr'><strong>cum</strong></span> <span class='ocrx_word' id='word_1_369' title='bbox 1693 3859 1756 3899; x_wconf 82' lang='lat' dir='ltr'><strong>ex</strong></span> <span class='ocrx_word' id='word_1_370' title='bbox 1778 3858 1909 3898; x_wconf 89' lang='lat' dir='ltr'><strong>con-</strong></span> 
     </span>
    </p>
   </div>
   <div class='ocr_carea' id='block_1_51' title="bbox 334 3933 1913 4010">
    <p class='ocr_par' dir='ltr' id='par_1_51' title="bbox 334 3933 1913 4010">
     <span class='ocr_line' id='line_1_51' title="bbox 334 3933 1913 4010; baseline -0.014 -2"><span class='ocrx_word' id='word_1_371' title='bbox 334 3952 562 4009; x_wconf 87' lang='lat' dir='ltr'><strong>tumeliis</strong></span> <span class='ocrx_word' id='word_1_372' title='bbox 591 3949 656 4004; x_wconf 90' lang='lat' dir='ltr'><strong>ad</strong></span> <span class='ocrx_word' id='word_1_373' title='bbox 685 3948 816 4002; x_wconf 88' lang='lat' dir='ltr'><strong>iram</strong></span> <span class='ocrx_word' id='word_1_374' title='bbox 845 3943 1194 4004; x_wconf 78' lang='lat' dir='ltr'><strong>concitantur,</strong></span> <span class='ocrx_word' id='word_1_375' title='bbox 1235 3949 1513 4010; x_wconf 84' lang='lat' dir='ltr'><strong>postquam</strong></span> <span class='ocrx_word' id='word_1_376' title='bbox 1541 3937 1642 3992; x_wconf 89' lang='lat' dir='ltr'><strong>hoc</strong></span> <span class='ocrx_word' id='word_1_377' title='bbox 1666 3933 1913 3990; x_wconf 87' lang='lat' dir='ltr'><strong>Christus</strong></span> 
     </span>
    </p>
   </div>
   <div class='ocr_carea' id='block_1_52' title="bbox 335 4029 1914 4117">
    <p class='ocr_par' dir='ltr' id='par_1_52' title="bbox 335 4029 1914 4117">
     <span class='ocr_line' id='line_1_52' title="bbox 335 4029 1914 4117; baseline -0.013 -16"><span class='ocrx_word' id='word_1_378' title='bbox 335 4060 520 4117; x_wconf 88' lang='lat' dir='ltr'><strong>passus</strong></span> <span class='ocrx_word' id='word_1_379' title='bbox 550 4042 668 4097; x_wconf 86' lang='lat' dir='ltr'><strong>est?</strong></span> <span class='ocrx_word' id='word_1_380' title='bbox 693 4039 975 4095; x_wconf 79' lang='lat' dir='ltr'><strong>Extremus</strong></span> <span class='ocrx_word' id='word_1_381' title='bbox 1001 4044 1148 4092; x_wconf 90' lang='lat' dir='ltr'><strong>certe</strong></span> <span class='ocrx_word' id='word_1_382' title='bbox 1171 4031 1614 4089; x_wconf 87' lang='lat' dir='ltr'><strong>contumeliarum</strong></span> <span class='ocrx_word' id='word_1_383' title='bbox 1653 4029 1914 4083; x_wconf 89' lang='lat' dir='ltr'><strong>terminus</strong></span> 
     </span>
    </p>
   </div>
   <div class='ocr_carea' id='block_1_53' title="bbox 333 4124 1912 4205">
    <p class='ocr_par' dir='ltr' id='par_1_53' title="bbox 333 4124 1912 4205">
     <span class='ocr_line' id='line_1_53' title="bbox 333 4124 1912 4205; baseline -0.012 -14"><span class='ocrx_word' id='word_1_384' title='bbox 333 4144 469 4202; x_wconf 88' lang='lat' dir='ltr'><strong>erat,</strong></span> <span class='ocrx_word' id='word_1_385' title='bbox 499 4134 550 4190; x_wconf 89' lang='lat' dir='ltr'><strong>id</strong></span> <span class='ocrx_word' id='word_1_386' title='bbox 575 4131 718 4205; x_wconf 90' lang='lat' dir='ltr'><strong>quod</strong></span> <span class='ocrx_word' id='word_1_387' title='bbox 749 4141 872 4185; x_wconf 90' lang='lat' dir='ltr'><strong>tunc</strong></span> <span class='ocrx_word' id='word_1_388' title='bbox 913 4128 1091 4184; x_wconf 87' lang='lat' dir='ltr'><strong>fiebat.</strong></span> <span class='ocrx_word' id='word_1_389' title='bbox 1135 4125 1318 4194; x_wconf 80' lang='lat' dir='ltr'><strong>Neque</strong></span> <span class='ocrx_word' id='word_1_390' title='bbox 1341 4124 1483 4179; x_wconf 88' lang='lat' dir='ltr'><strong>enim</strong></span> <span class='ocrx_word' id='word_1_391' title='bbox 1522 4135 1646 4192; x_wconf 91' lang='lat' dir='ltr'><strong>pars</strong></span> <span class='ocrx_word' id='word_1_392' title='bbox 1687 4128 1912 4184; x_wconf 86' lang='lat' dir='ltr'><strong>tantum,</strong></span> 
     </span>
    </p>
   </div>
   <div class='ocr_carea' id='block_1_54' title="bbox 335 4215 1916 4293">
    <p class='ocr_par' dir='ltr' id='par_1_54' title="bbox 335 4215 1916 4293">
     <span class='ocr_line' id='line_1_54' title="bbox 335 4215 1916 4293; baseline -0.013 -9"><span class='ocrx_word' id='word_1_393' title='bbox 335 4228 430 4284; x_wconf 87' lang='lat' dir='ltr'><strong>sed</strong></span> <span class='ocrx_word' id='word_1_394' title='bbox 459 4235 627 4282; x_wconf 89' lang='lat' dir='ltr'><strong>totum</strong></span> <span class='ocrx_word' id='word_1_395' title='bbox 648 4237 843 4293; x_wconf 89' lang='lat' dir='ltr'><strong>corpus</strong></span> <span class='ocrx_word' id='word_1_396' title='bbox 859 4219 1194 4277; x_wconf 89' lang='lat' dir='ltr'><strong>contumeliis</strong></span> <span class='ocrx_word' id='word_1_397' title='bbox 1231 4215 1599 4278; x_wconf 88' lang='lat' dir='ltr'><strong>afficiebatur;</strong></span> <span class='ocrx_word' id='word_1_398' title='bbox 1621 4220 1779 4281; x_wconf 89' lang='lat' dir='ltr'><strong>caput</strong></span> <span class='ocrx_word' id='word_1_399' title='bbox 1820 4226 1916 4280; x_wconf 90' lang='lat' dir='ltr'><strong>per</strong></span> 
     </span>
    </p>
   </div>
   <div class='ocr_carea' id='block_1_55' title="bbox 335 4304 1915 4376">
    <p class='ocr_par' dir='ltr' id='par_1_55' title="bbox 335 4304 1915 4376">
     <span class='ocr_line' id='line_1_55' title="bbox 335 4304 1915 4376; baseline -0.011 -2"><span class='ocrx_word' id='word_1_400' title='bbox 335 4333 589 4376; x_wconf 90' lang='lat' dir='ltr'><strong>coronam</strong></span> <span class='ocrx_word' id='word_1_401' title='bbox 618 4326 672 4372; x_wconf 91' lang='lat' dir='ltr'><strong>et</strong></span> <span class='ocrx_word' id='word_1_402' title='bbox 696 4315 980 4376; x_wconf 89' lang='lat' dir='ltr'><strong>calamum,</strong></span> <span class='ocrx_word' id='word_1_403' title='bbox 1013 4310 1179 4365; x_wconf 81' lang='lat' dir='ltr'><strong>facies</strong></span> <span class='ocrx_word' id='word_1_404' title='bbox 1204 4306 1444 4376; x_wconf 88' lang='lat' dir='ltr'><strong>colaphis</strong></span> <span class='ocrx_word' id='word_1_405' title='bbox 1468 4313 1523 4360; x_wconf 93' lang='lat' dir='ltr'><strong>et</strong></span> <span class='ocrx_word' id='word_1_406' title='bbox 1547 4304 1736 4373; x_wconf 90' lang='lat' dir='ltr'><strong>sputis,</strong></span> <span class='ocrx_word' id='word_1_407' title='bbox 1764 4317 1915 4372; x_wconf 66' lang='lat' dir='ltr'><strong>gente</strong></span> 
     </span>
    </p>
   </div>
   <div class='ocr_carea' id='block_1_56' title="bbox 336 4392 1917 4483">
    <p class='ocr_par' dir='ltr' id='par_1_56' title="bbox 336 4392 1917 4483">
     <span class='ocr_line' id='line_1_56' title="bbox 336 4392 1917 4483; baseline -0.015 -16"><span class='ocrx_word' id='word_1_408' title='bbox 336 4412 524 4483; x_wconf 86' lang='lat' dir='ltr'><strong>alapis,</strong></span> <span class='ocrx_word' id='word_1_409' title='bbox 547 4411 740 4478; x_wconf 71' lang='lat' dir='ltr'><strong>corpus</strong></span> <span class='ocrx_word' id='word_1_410' title='bbox 766 4416 932 4461; x_wconf 90' lang='lat' dir='ltr'><strong>totum</strong></span> <span class='ocrx_word' id='word_1_411' title='bbox 961 4401 1200 4472; x_wconf 86' lang='lat' dir='ltr'><strong>ﬂagellis,</strong></span> <span class='ocrx_word' id='word_1_412' title='bbox 1225 4397 1535 4483; x_wconf 80' lang='lat' dir='ltr'><strong>nuditate’,</strong></span> <span class='ocrx_word' id='word_1_413' title='bbox 1555 4393 1752 4449; x_wconf 88' lang='lat' dir='ltr'><strong>amictu</strong></span> <span class='ocrx_word' id='word_1_414' title='bbox 1777 4392 1917 4446; x_wconf 88' lang='lat' dir='ltr'><strong>chla-</strong></span> 
     </span>
    </p>
   </div>
   <div class='ocr_carea' id='block_1_57' title="bbox 336 4481 1916 4575">
    <p class='ocr_par' dir='ltr' id='par_1_57' title="bbox 336 4481 1916 4575">
     <span class='ocr_line' id='line_1_57' title="bbox 336 4481 1916 4575; baseline -0.014 -16"><span class='ocrx_word' id='word_1_415' title='bbox 336 4481 529 4575; x_wconf 77' lang='lat' dir='ltr'><strong>mydis,</strong></span> <span class='ocrx_word' id='word_1_416' title='bbox 561 4509 617 4556; x_wconf 92' lang='lat' dir='ltr'><strong>et</strong></span> <span class='ocrx_word' id='word_1_417' title='bbox 643 4498 885 4555; x_wconf 88' lang='lat' dir='ltr'><strong>simulata</strong></span> <span class='ocrx_word' id='word_1_418' title='bbox 920 4493 1263 4557; x_wconf 89' lang='lat' dir='ltr'><strong>adoratione;</strong></span> <span class='ocrx_word' id='word_1_419' title='bbox 1313 4481 1502 4544; x_wconf 79' lang='lat' dir='ltr'><strong>manus</strong></span> <span class='ocrx_word' id='word_1_420' title='bbox 1551 4486 1776 4551; x_wconf 88' lang='lat' dir='ltr'><strong>calamo,</strong></span> <span class='ocrx_word' id='word_1_421' title='bbox 1825 4482 1916 4554; x_wconf 90' lang='lat' dir='ltr'><strong>qui</strong></span> 
     </span>
    </p>
   </div>
   <div class='ocr_carea' id='block_1_58' title="bbox 337 4579 1912 4667">
    <p class='ocr_par' dir='ltr' id='par_1_58' title="bbox 337 4579 1912 4667">
     <span class='ocr_line' id='line_1_58' title="bbox 337 4579 1912 4667; baseline -0.012 -16"><span class='ocrx_word' id='word_1_422' title='bbox 337 4610 436 4667; x_wconf 90' lang='lat' dir='ltr'><strong>pro</strong></span> <span class='ocrx_word' id='word_1_423' title='bbox 459 4601 672 4662; x_wconf 91' lang='lat' dir='ltr'><strong>sceptro</strong></span> <span class='ocrx_word' id='word_1_424' title='bbox 694 4591 848 4644; x_wconf 90' lang='lat' dir='ltr'><strong>datus</strong></span> <span class='ocrx_word' id='word_1_425' title='bbox 872 4595 956 4642; x_wconf 90' lang='lat' dir='ltr'><strong>est</strong></span> <span class='ocrx_word' id='word_1_426' title='bbox 975 4602 990 4650; x_wconf 90' lang='lat'><strong>;</strong></span> <span class='ocrx_word' id='word_1_427' title='bbox 1007 4600 1068 4640; x_wconf 90' lang='lat' dir='ltr'><strong>os</strong></span> <span class='ocrx_word' id='word_1_428' title='bbox 1093 4597 1304 4640; x_wconf 89' lang='lat' dir='ltr'><strong>rursum</strong></span> <span class='ocrx_word' id='word_1_429' title='bbox 1327 4597 1422 4652; x_wconf 91' lang='lat' dir='ltr'><strong>per</strong></span> <span class='ocrx_word' id='word_1_430' title='bbox 1437 4579 1669 4645; x_wconf 79' lang='lat' dir='ltr'><strong>oblatum</strong></span> <span class='ocrx_word' id='word_1_431' title='bbox 1683 4585 1912 4632; x_wconf 87' lang='lat' dir='ltr'><strong>acetum.</strong></span> 
     </span>
    </p>
   </div>
   <div class='ocr_carea' id='block_1_59' title="bbox 337 4669 1915 4754">
    <p class='ocr_par' dir='ltr' id='par_1_59' title="bbox 337 4669 1915 4754">
     <span class='ocr_line' id='line_1_59' title="bbox 337 4669 1915 4754; baseline -0.014 -13"><span class='ocrx_word' id='word_1_432' title='bbox 337 4686 474 4754; x_wconf 74' lang='lat' dir='ltr'><strong>Quid</strong></span> <span class='ocrx_word' id='word_1_433' title='bbox 497 4684 579 4738; x_wconf 91' lang='lat' dir='ltr'><strong>his</strong></span> <span class='ocrx_word' id='word_1_434' title='bbox 606 4677 854 4752; x_wconf 81' lang='lat' dir='ltr'><strong>gravius?</strong></span> <span class='ocrx_word' id='word_1_435' title='bbox 883 4677 1008 4748; x_wconf 84' lang='lat' dir='ltr'><strong>quid</strong></span> <span class='ocrx_word' id='word_1_436' title='bbox 1049 4671 1524 4731; x_wconf 82' lang='lat' dir='ltr'><strong>contumeliosius?</strong></span> <span class='ocrx_word' id='word_1_437' title='bbox 1552 4669 1676 4724; x_wconf 77' lang='lat' dir='ltr'><strong>Haec</strong></span> <span class='ocrx_word' id='word_1_438' title='bbox 1702 4681 1915 4722; x_wconf 90' lang='lat' dir='ltr'><strong>omnem</strong></span> 
     </span>
    </p>
   </div>
   <div class='ocr_carea' id='block_1_60' title="bbox 338 4757 1916 4830">
    <p class='ocr_par' dir='ltr' id='par_1_60' title="bbox 338 4757 1916 4830">
     <span class='ocr_line' id='line_1_60' title="bbox 338 4757 1916 4830; baseline -0.012 1"><span class='ocrx_word' id='word_1_439' title='bbox 338 4775 604 4830; x_wconf 82' lang='lat' dir='ltr'><strong>excedunt</strong></span> <span class='ocrx_word' id='word_1_440' title='bbox 627 4771 945 4827; x_wconf 89' lang='lat' dir='ltr'><strong>orationem.</strong></span> <span class='ocrx_word' id='word_1_441' title='bbox 976 4767 1053 4822; x_wconf 83' lang='lat' dir='ltr'><strong>Ac</strong></span> <span class='ocrx_word' id='word_1_442' title='bbox 1082 4765 1126 4821; x_wconf 92' lang='lat' dir='ltr'><strong>si</strong></span> <span class='ocrx_word' id='word_1_443' title='bbox 1149 4764 1290 4820; x_wconf 90' lang='lat' dir='ltr'><strong>enim</strong></span> <span class='ocrx_word' id='word_1_444' title='bbox 1314 4763 1582 4827; x_wconf 88' lang='lat' dir='ltr'><strong>timerent,</strong></span> <span class='ocrx_word' id='word_1_445' title='bbox 1612 4774 1681 4814; x_wconf 82' lang='lat' dir='ltr'><strong>ne</strong></span> <span class='ocrx_word' id='word_1_446' title='bbox 1708 4757 1833 4828; x_wconf 92' lang='lat' dir='ltr'><strong>quid</strong></span> <span class='ocrx_word' id='word_1_447' title='bbox 1867 4758 1916 4812; x_wconf 91' lang='lat' dir='ltr'><strong>iu</strong></span> 
     </span>
    </p>
   </div>
   <div class='ocr_carea' id='block_1_61' title="bbox 340 4847 1920 4926">
    <p class='ocr_par' dir='ltr' id='par_1_61' title="bbox 340 4847 1920 4926">
     <span class='ocr_line' id='line_1_61' title="bbox 340 4847 1920 4926; baseline -0.013 -4"><span class='ocrx_word' id='word_1_448' title='bbox 340 4879 488 4922; x_wconf 89' lang='lat' dir='ltr'><strong>tanto</strong></span> <span class='ocrx_word' id='word_1_449' title='bbox 519 4865 752 4920; x_wconf 89' lang='lat' dir='ltr'><strong>facinore</strong></span> <span class='ocrx_word' id='word_1_450' title='bbox 800 4861 1045 4923; x_wconf 90' lang='lat' dir='ltr'><strong>deesset,</strong></span> <span class='ocrx_word' id='word_1_451' title='bbox 1097 4855 1385 4926; x_wconf 88' lang='lat' dir='ltr'><strong>pr0phetas</strong></span> <span class='ocrx_word' id='word_1_452' title='bbox 1423 4851 1636 4923; x_wconf 92' lang='lat' dir='ltr'><strong>quidem</strong></span> <span class='ocrx_word' id='word_1_453' title='bbox 1678 4847 1920 4903; x_wconf 84' lang='lat' dir='ltr'><strong>manibus</strong></span> 
     </span>
    </p>
   </div>
   <div class='ocr_carea' id='block_1_62' title="bbox 337 4940 1922 5026">
    <p class='ocr_par' dir='ltr' id='par_1_62' title="bbox 337 4940 1922 5026">
     <span class='ocr_line' id='line_1_62' title="bbox 337 4940 1922 5026; baseline -0.011 -13"><span class='ocrx_word' id='word_1_454' title='bbox 337 4961 450 5014; x_wconf 91' lang='lat' dir='ltr'><strong>suis</strong></span> <span class='ocrx_word' id='word_1_455' title='bbox 497 4954 912 5014; x_wconf 87' lang='lat' dir='ltr'><strong>interlicicbant,</strong></span> <span class='ocrx_word' id='word_1_456' title='bbox 957 4949 1098 5004; x_wconf 91' lang='lat' dir='ltr'><strong>hunc</strong></span> <span class='ocrx_word' id='word_1_457' title='bbox 1128 4962 1216 5026; x_wconf 49' lang='grc' dir='ltr'><strong>ἐκ</strong></span> <span class='ocrx_word' id='word_1_458' title='bbox 1260 4945 1454 5016; x_wconf 83' lang='lat' dir='ltr'><strong>judicis</strong></span> <span class='ocrx_word' id='word_1_459' title='bbox 1499 4942 1783 5000; x_wconf 88' lang='lat' dir='ltr'><strong>sententia.</strong></span> <span class='ocrx_word' id='word_1_460' title='bbox 1831 4940 1922 4995; x_wconf 88' lang='lat' dir='ltr'><strong>Sic</strong></span> 
     </span>
    </p>
   </div>
   <div class='ocr_carea' id='block_1_63' title="bbox 339 5034 1922 5110">
    <p class='ocr_par' dir='ltr' id='par_1_63' title="bbox 339 5034 1922 5110">
     <span class='ocr_line' id='line_1_63' title="bbox 339 5034 1922 5110; baseline -0.012 -4"><span class='ocrx_word' id='word_1_461' title='bbox 339 5054 520 5106; x_wconf 86' lang='lat' dir='ltr'><strong>omnia</strong></span> <span class='ocrx_word' id='word_1_462' title='bbox 548 5047 768 5110; x_wconf 88' lang='lat' dir='ltr'><strong>faciunt,</strong></span> <span class='ocrx_word' id='word_1_463' title='bbox 790 5044 900 5098; x_wconf 90' lang='lat' dir='ltr'><strong>suis</strong></span> <span class='ocrx_word' id='word_1_464' title='bbox 941 5039 1194 5096; x_wconf 90' lang='lat' dir='ltr'><strong>occidunt</strong></span> <span class='ocrx_word' id='word_1_465' title='bbox 1244 5037 1509 5101; x_wconf 88' lang='lat' dir='ltr'><strong>manibus,</strong></span> <span class='ocrx_word' id='word_1_466' title='bbox 1561 5034 1816 5090; x_wconf 88' lang='lat' dir='ltr'><strong>damnant</strong></span> <span class='ocrx_word' id='word_1_467' title='bbox 1867 5040 1922 5088; x_wconf 90' lang='lat' dir='ltr'><strong>et</strong></span> 
     </span>
    </p>
   </div>
   <div class='ocr_carea' id='block_1_64' title="bbox 341 5125 1920 5201">
    <p class='ocr_par' dir='ltr' id='par_1_64' title="bbox 341 5125 1920 5201">
     <span class='ocr_line' id='line_1_64' title="bbox 341 5125 1920 5201; baseline -0.013 -3"><span class='ocrx_word' id='word_1_468' title='bbox 341 5141 659 5198; x_wconf 88' lang='lat' dir='ltr'><strong>sententiam</strong></span> <span class='ocrx_word' id='word_1_469' title='bbox 715 5136 914 5201; x_wconf 89' lang='lat' dir='ltr'><strong>ferunt,</strong></span> <span class='ocrx_word' id='word_1_470' title='bbox 967 5133 1126 5188; x_wconf 92' lang='lat' dir='ltr'><strong>etiam</strong></span> <span class='ocrx_word' id='word_1_471' title='bbox 1178 5129 1318 5200; x_wconf 91' lang='lat' dir='ltr'><strong>apud</strong></span> <span class='ocrx_word' id='word_1_472' title='bbox 1370 5129 1596 5183; x_wconf 88' lang='lat' dir='ltr'><strong>Pilatum</strong></span> <span class='ocrx_word' id='word_1_473' title='bbox 1646 5125 1920 5192; x_wconf 88' lang='lat' dir='ltr'><strong>dicentes,</strong></span> 
     </span>
    </p>
   </div>
   <div class='ocr_carea' id='block_1_65' title="bbox 342 5215 1922 5304">
    <p class='ocr_par' dir='ltr' id='par_1_65' title="bbox 342 5215 1922 5304">
     <span class='ocr_line' id='line_1_65' title="bbox 342 5215 1922 5304; baseline -0.013 -14"><span class='ocrx_word' id='word_1_474' title='bbox 342 5232 566 5304; x_wconf 81' lang='lat' dir='ltr'><strong>Sanguis</strong></span> <span class='ocrx_word' id='word_1_475' title='bbox 590 5231 698 5302; x_wconf 82' lang='lat' dir='ltr'><strong>ejus</strong></span> <span class='ocrx_word' id='word_1_476' title='bbox 736 5241 888 5296; x_wconf 83' lang='lat' dir='ltr'><strong>super</strong></span> <span class='ocrx_word' id='word_1_477' title='bbox 914 5240 1005 5279; x_wconf 84' lang='lat' dir='ltr'><strong>nos</strong></span> <span class='ocrx_word' id='word_1_478' title='bbox 1043 5232 1089 5278; x_wconf 84' lang='lat' dir='ltr'><strong>et</strong></span> <span class='ocrx_word' id='word_1_479' title='bbox 1135 5236 1286 5291; x_wconf 86' lang='lat' dir='ltr'><strong>super</strong></span> <span class='ocrx_word' id='word_1_480' title='bbox 1314 5220 1448 5288; x_wconf 84' lang='lat' dir='ltr'><strong>ﬁlios</strong></span> <span class='ocrx_word' id='word_1_481' title='bbox 1489 5228 1706 5271; x_wconf 90' lang='lat' dir='ltr'><strong>nostros.</strong></span> <span class='ocrx_word' id='word_1_482' title='bbox 1749 5215 1922 5270; x_wconf 90' lang='lat' dir='ltr'><strong>Insul-</strong></span> 
     </span>
    </p>
   </div>
   <div class='ocr_carea' id='block_1_66' title="bbox 345 5308 1922 5388">
    <p class='ocr_par' dir='ltr' id='par_1_66' title="bbox 345 5308 1922 5388">
     <span class='ocr_line' id='line_1_66' title="bbox 345 5308 1922 5388; baseline -0.013 -8"><span class='ocrx_word' id='word_1_483' title='bbox 345 5335 478 5388; x_wconf 89' lang='lat' dir='ltr'><strong>tant,</strong></span> <span class='ocrx_word' id='word_1_484' title='bbox 515 5319 868 5378; x_wconf 88' lang='lat' dir='ltr'><strong>contumelias</strong></span> <span class='ocrx_word' id='word_1_485' title='bbox 891 5315 1148 5380; x_wconf 90' lang='lat' dir='ltr'><strong>inferunt,</strong></span> <span class='ocrx_word' id='word_1_486' title='bbox 1169 5311 1431 5378; x_wconf 90' lang='lat' dir='ltr'><strong>vinciunt,</strong></span> <span class='ocrx_word' id='word_1_487' title='bbox 1460 5309 1749 5371; x_wconf 89' lang='lat' dir='ltr'><strong>abducunt,</strong></span> <span class='ocrx_word' id='word_1_488' title='bbox 1779 5308 1922 5362; x_wconf 91' lang='lat' dir='ltr'><strong>mili-</strong></span> 
     </span>
    </p>
   </div>
   <div class='ocr_carea' id='block_1_67' title="bbox 347 5392 1922 5472">
    <p class='ocr_par' dir='ltr' id='par_1_67' title="bbox 347 5392 1922 5472">
     <span class='ocr_line' id='line_1_67' title="bbox 347 5392 1922 5472; baseline -0.012 -1"><span class='ocrx_word' id='word_1_489' title='bbox 347 5417 485 5472; x_wconf 85' lang='lat' dir='ltr'><strong>tibus</strong></span> <span class='ocrx_word' id='word_1_490' title='bbox 508 5410 950 5470; x_wconf 88' lang='lat' dir='ltr'><strong>contumeliarum</strong></span> <span class='ocrx_word' id='word_1_491' title='bbox 988 5415 1235 5461; x_wconf 86' lang='lat' dir='ltr'><strong>auctores</strong></span> <span class='ocrx_word' id='word_1_492' title='bbox 1283 5392 1427 5468; x_wconf 87' lang='lat' dir='ltr'><strong>sunt,</strong></span> <span class='ocrx_word' id='word_1_493' title='bbox 1481 5400 1626 5456; x_wconf 87' lang='lat' dir='ltr'><strong>cruci</strong></span> <span class='ocrx_word' id='word_1_494' title='bbox 1677 5399 1922 5470; x_wconf 77' lang='lat' dir='ltr'><strong>alligant,</strong></span> 
     </span>
    </p>
   </div>
   <div class='ocr_carea' id='block_1_68' title="bbox 345 5491 1927 5570">
    <p class='ocr_par' dir='ltr' id='par_1_68' title="bbox 345 5491 1927 5570">
     <span class='ocr_line' id='line_1_68' title="bbox 345 5491 1927 5570; baseline -0.01 -8"><span class='ocrx_word' id='word_1_495' title='bbox 345 5507 734 5570; x_wconf 84' lang='lat' dir='ltr'><strong>conviciantur,</strong></span> <span class='ocrx_word' id='word_1_496' title='bbox 769 5506 1092 5570; x_wconf 89' lang='lat' dir='ltr'><strong>conspuunt,</strong></span> <span class='ocrx_word' id='word_1_497' title='bbox 1137 5493 1403 5550; x_wconf 87' lang='lat' dir='ltr'><strong>derident.</strong></span> <span class='ocrx_word' id='word_1_498' title='bbox 1443 5491 1580 5547; x_wconf 82' lang='lat' dir='ltr'><strong>Nihil</strong></span> <span class='ocrx_word' id='word_1_499' title='bbox 1613 5491 1698 5545; x_wconf 89' lang='lat' dir='ltr'><strong>hic</strong></span> <span class='ocrx_word' id='word_1_500' title='bbox 1727 5491 1927 5546; x_wconf 87' lang='lat' dir='ltr'><strong>Pilatus</strong></span> 
     </span>
    </p>
   </div>
   <div class='ocr_carea' id='block_1_69' title="bbox 348 5583 1924 5661">
    <p class='ocr_par' dir='ltr' id='par_1_69' title="bbox 348 5583 1924 5661">
     <span class='ocr_line' id='line_1_69' title="bbox 348 5583 1924 5661; baseline -0.01 -7"><span class='ocrx_word' id='word_1_501' title='bbox 348 5599 544 5661; x_wconf 89' lang='lat' dir='ltr'><strong>intulit,</strong></span> <span class='ocrx_word' id='word_1_502' title='bbox 571 5596 664 5652; x_wconf 87' lang='lat' dir='ltr'><strong>sed</strong></span> <span class='ocrx_word' id='word_1_503' title='bbox 691 5593 870 5649; x_wconf 87' lang='lat' dir='ltr'><strong>omnia</strong></span> <span class='ocrx_word' id='word_1_504' title='bbox 918 5591 995 5647; x_wconf 89' lang='lat' dir='ltr'><strong>illi</strong></span> <span class='ocrx_word' id='word_1_505' title='bbox 1027 5589 1288 5653; x_wconf 89' lang='lat' dir='ltr'><strong>fecerunt,</strong></span> <span class='ocrx_word' id='word_1_506' title='bbox 1312 5595 1672 5651; x_wconf 89' lang='lat' dir='ltr'><strong>accusatores,</strong></span> <span class='ocrx_word' id='word_1_507' title='bbox 1691 5583 1924 5654; x_wconf 86' lang='lat' dir='ltr'><strong>judices,</strong></span> 
     </span>
    </p>
   </div>
   <div class='ocr_carea' id='block_1_70' title="bbox 412 5699 1325 5764">
    <p class='ocr_par' dir='ltr' id='par_1_70' title="bbox 412 5699 1325 5764">
     <span class='ocr_line' id='line_1_70' title="bbox 412 5699 1325 5764; baseline -0.011 -4"><span class='ocrx_word' id='word_1_508' title='bbox 412 5711 430 5745; x_wconf 79' lang='grc'>⁸</span> <span class='ocrx_word' id='word_1_509' title='bbox 463 5709 626 5760; x_wconf 67' lang='lat' dir='ltr'><strong>Morel.</strong></span> <span class='ocrx_word' id='word_1_510' title='bbox 652 5721 749 5758; x_wconf 88' lang='lat' dir='ltr'><strong>non</strong></span> <span class='ocrx_word' id='word_1_511' title='bbox 769 5705 940 5764; x_wconf 84' lang='lat' dir='ltr'><strong>habet.</strong></span> <span class='ocrx_word' id='word_1_512' title='bbox 962 5716 1074 5754; x_wconf 85' lang='lat' dir='ltr'><strong>cum</strong></span> <span class='ocrx_word' id='word_1_513' title='bbox 1095 5699 1325 5764; x_wconf 57' lang='lat' dir='ltr'><strong>melius.</strong></span> 
     </span>
    </p>
   </div>
   <div class='ocr_carea' id='block_1_71' title="bbox 409 5759 1925 5830">
    <p class='ocr_par' dir='ltr' id='par_1_71' title="bbox 409 5759 1925 5830">
     <span class='ocr_line' id='line_1_71' title="bbox 409 5759 1925 5830; baseline -0.005 -10"><span class='ocrx_word' id='word_1_514' title='bbox 409 5774 431 5826; x_wconf 55' lang='grc' dir='ltr'>ξ</span> <span class='ocrx_word' id='word_1_515' title='bbox 462 5759 590 5827; x_wconf 67' lang='lat' dir='ltr'><strong>vin.</strong></span> <span class='ocrx_word' id='word_1_516' title='bbox 620 5769 853 5830; x_wconf 80' lang='lat' dir='ltr'><strong>nuditate,</strong></span> <span class='ocrx_word' id='word_1_517' title='bbox 873 5759 1090 5830; x_wconf 73' lang='lat' dir='ltr'><strong>deestin</strong></span> <span class='ocrx_word' id='word_1_518' title='bbox 1113 5760 1275 5812; x_wconf 77' lang='lat' dir='ltr'><strong>Morel.</strong></span> <span class='ocrx_word' id='word_1_519' title='bbox 1300 5761 1449 5824; x_wconf 80' lang='lat' dir='ltr'><strong>Infra,</strong></span> <span class='ocrx_word' id='word_1_520' title='bbox 1472 5760 1600 5824; x_wconf 62' lang='lat' dir='ltr'><strong>hac,</strong></span> <span class='ocrx_word' id='word_1_521' title='bbox 1621 5759 1738 5824; x_wconf 78' lang='lat' dir='ltr'><strong>quid</strong></span> <span class='ocrx_word' id='word_1_522' title='bbox 1761 5765 1925 5813; x_wconf 83' lang='lat' dir='ltr'><strong>conlu-</strong></span> 
     </span>
    </p>
   </div>
   <div class='ocr_carea' id='block_1_72' title="bbox 349 5827 1262 5894">
    <p class='ocr_par' dir='ltr' id='par_1_72' title="bbox 349 5827 1262 5894">
     <span class='ocr_line' id='line_1_72' title="bbox 349 5827 1262 5894; baseline -0.014 -9"><span class='ocrx_word' id='word_1_523' title='bbox 349 5831 593 5894; x_wconf 53' lang='lat' dir='ltr'><strong>melioas&#39;us.</strong></span> <span class='ocrx_word' id='word_1_524' title='bbox 627 5834 683 5882; x_wconf 79' lang='lat' dir='ltr'><strong>lu</strong></span> <span class='ocrx_word' id='word_1_525' title='bbox 705 5827 880 5885; x_wconf 78' lang='lat' dir='ltr'><strong>eodem</strong></span> <span class='ocrx_word' id='word_1_526' title='bbox 899 5827 1262 5880; x_wconf 80' lang='lat' dir='ltr'><strong>desiderantur.</strong></span> 
     </span>
    </p>
   </div>
   <div class='ocr_carea' id='block_1_73' title="bbox 2017 1581 3602 1657">
    <p class='ocr_par' dir='ltr' id='par_1_73' title="bbox 2017 1581 3602 1657">
     <span class='ocr_line' id='line_1_73' title="bbox 2017 1581 3602 1657; baseline 0.007 -26"><span class='ocrx_word' id='word_1_527' title='bbox 2017 1581 2310 1643; x_wconf 87' lang='lat' dir='ltr'><strong>carnifices,</strong></span> <span class='ocrx_word' id='word_1_528' title='bbox 2343 1583 2541 1638; x_wconf 87' lang='lat' dir='ltr'><strong>nullam</strong></span> <span class='ocrx_word' id='word_1_529' title='bbox 2571 1601 2675 1638; x_wconf 87' lang='lat' dir='ltr'><strong>non</strong></span> <span class='ocrx_word' id='word_1_530' title='bbox 2718 1594 2939 1655; x_wconf 80' lang='lat' dir='ltr'><strong>agentes</strong></span> <span class='ocrx_word' id='word_1_531' title='bbox 2962 1600 3268 1655; x_wconf 90' lang='lat' dir='ltr'><strong>personam.</strong></span> <span class='ocrx_word' id='word_1_532' title='bbox 3307 1585 3434 1641; x_wconf 61' lang='lat' dir='ltr'><strong>Haec</strong></span> <span class='ocrx_word' id='word_1_533' title='bbox 3463 1588 3602 1657; x_wconf 89' lang='lat' dir='ltr'><strong>apud</strong></span> 
     </span>
    </p>
   </div>
   <div class='ocr_carea' id='block_1_74' title="bbox 2017 1671 3602 1743">
    <p class='ocr_par' dir='ltr' id='par_1_74' title="bbox 2017 1671 3602 1743">
     <span class='ocr_line' id='line_1_74' title="bbox 2017 1671 3602 1743; baseline 0.006 -20"><span class='ocrx_word' id='word_1_534' title='bbox 2017 1685 2115 1726; x_wconf 89' lang='lat' dir='ltr'><strong>nos</strong></span> <span class='ocrx_word' id='word_1_535' title='bbox 2163 1671 2582 1743; x_wconf 83' lang='lat' dir='ltr'><strong>leguntur,.cum</strong></span> <span class='ocrx_word' id='word_1_536' title='bbox 2617 1691 2803 1729; x_wconf 88' lang='lat' dir='ltr'><strong>omnes</strong></span> <span class='ocrx_word' id='word_1_537' title='bbox 2826 1691 2926 1730; x_wconf 89' lang='lat' dir='ltr'><strong>una</strong></span> <span class='ocrx_word' id='word_1_538' title='bbox 2962 1677 3306 1730; x_wconf 85' lang='lat' dir='ltr'><strong>conveniunt.</strong></span> <span class='ocrx_word' id='word_1_539' title='bbox 3357 1677 3487 1732; x_wconf 89' lang='lat' dir='ltr'><strong>Nam</strong></span> <span class='ocrx_word' id='word_1_540' title='bbox 3535 1695 3602 1733; x_wconf 86' lang='lat' dir='ltr'><strong>ne</strong></span> 
     </span>
    </p>
   </div>
   <div class='ocr_carea' id='block_1_75' title="bbox 2013 1763 3599 1836">
    <p class='ocr_par' dir='ltr' id='par_1_75' title="bbox 2013 1763 3599 1836">
     <span class='ocr_line' id='line_1_75' title="bbox 2013 1763 3599 1836; baseline 0.005 -20"><span class='ocrx_word' id='word_1_541' title='bbox 2013 1763 2240 1831; x_wconf 86' lang='lat' dir='ltr'><strong>gentiles</strong></span> <span class='ocrx_word' id='word_1_542' title='bbox 2265 1766 2463 1832; x_wconf 90' lang='lat' dir='ltr'><strong>dicant,</strong></span> <span class='ocrx_word' id='word_1_543' title='bbox 2495 1767 2650 1820; x_wconf 86' lang='lat' dir='ltr'><strong>Clara</strong></span> <span class='ocrx_word' id='word_1_544' title='bbox 2678 1775 2733 1820; x_wconf 91' lang='lat' dir='ltr'><strong>et</strong></span> <span class='ocrx_word' id='word_1_545' title='bbox 2760 1766 3034 1836; x_wconf 88' lang='lat' dir='ltr'><strong>splendida</strong></span> <span class='ocrx_word' id='word_1_546' title='bbox 3062 1767 3273 1836; x_wconf 88' lang='lat' dir='ltr'><strong>populis</strong></span> <span class='ocrx_word' id='word_1_547' title='bbox 3315 1767 3599 1833; x_wconf 84' lang='lat' dir='ltr'><strong>exhibetis,</strong></span> 
     </span>
    </p>
   </div>
   <div class='ocr_carea' id='block_1_76' title="bbox 2013 1855 3599 1928">
    <p class='ocr_par' dir='ltr' id='par_1_76' title="bbox 2013 1855 3599 1928">
     <span class='ocr_line' id='line_1_76' title="bbox 2013 1855 3599 1928; baseline 0.003 -20"><span class='ocrx_word' id='word_1_548' title='bbox 2013 1865 2072 1908; x_wconf 92' lang='lat' dir='ltr'><strong>ut</strong></span> <span class='ocrx_word' id='word_1_549' title='bbox 2097 1855 2242 1925; x_wconf 85' lang='lat' dir='ltr'><strong>signa</strong></span> <span class='ocrx_word' id='word_1_550' title='bbox 2271 1865 2325 1910; x_wconf 83' lang='lat' dir='ltr'><strong>et</strong></span> <span class='ocrx_word' id='word_1_551' title='bbox 2353 1859 2627 1922; x_wconf 87' lang='lat' dir='ltr'><strong>miracula,</strong></span> <span class='ocrx_word' id='word_1_552' title='bbox 2674 1857 2790 1913; x_wconf 71' lang='lat' dir='ltr'><strong>lucc</strong></span> <span class='ocrx_word' id='word_1_553' title='bbox 2819 1873 2948 1912; x_wconf 88' lang='lat' dir='ltr'><strong>vero</strong></span> <span class='ocrx_word' id='word_1_554' title='bbox 2978 1859 3235 1928; x_wconf 89' lang='lat' dir='ltr'><strong>probrosa</strong></span> <span class='ocrx_word' id='word_1_555' title='bbox 3273 1860 3599 1914; x_wconf 82' lang='lat' dir='ltr'><strong>occultatis:</strong></span> 
     </span>
    </p>
   </div>
   <div class='ocr_carea' id='block_1_77' title="bbox 2013 1948 3601 2020">
    <p class='ocr_par' dir='ltr' id='par_1_77' title="bbox 2013 1948 3601 2020">
     <span class='ocr_line' id='line_1_77' title="bbox 2013 1948 3601 2020; baseline 0.005 -19"><span class='ocrx_word' id='word_1_556' title='bbox 2013 1948 2066 2002; x_wconf 89' lang='lat' dir='ltr'><strong>id</strong></span> <span class='ocrx_word' id='word_1_557' title='bbox 2115 1948 2440 2018; x_wconf 84' lang='lat' dir='ltr'><strong>dispensavit</strong></span> <span class='ocrx_word' id='word_1_558' title='bbox 2503 1952 2671 2020; x_wconf 85' lang='lat' dir='ltr'><strong>gratia</strong></span> <span class='ocrx_word' id='word_1_559' title='bbox 2734 1950 2996 2020; x_wconf 88' lang='lat' dir='ltr'><strong>Spiritus,</strong></span> <span class='ocrx_word' id='word_1_560' title='bbox 3049 1961 3106 2006; x_wconf 89' lang='lat' dir='ltr'><strong>ut</strong></span> <span class='ocrx_word' id='word_1_561' title='bbox 3155 1951 3205 2005; x_wconf 94' lang='lat' dir='ltr'><strong>in</strong></span> <span class='ocrx_word' id='word_1_562' title='bbox 3261 1953 3601 2009; x_wconf 85' lang='lat' dir='ltr'><strong>solemnitate</strong></span> 
     </span>
    </p>
   </div>
   <div class='ocr_carea' id='block_1_78' title="bbox 2013 2039 3600 2112">
    <p class='ocr_par' dir='ltr' id='par_1_78' title="bbox 2013 2039 3600 2112">
     <span class='ocr_line' id='line_1_78' title="bbox 2013 2039 3600 2112; baseline 0.005 -21"><span class='ocrx_word' id='word_1_563' title='bbox 2013 2039 2263 2105; x_wconf 79' lang='lat' dir='ltr'><strong>maxima,</strong></span> <span class='ocrx_word' id='word_1_564' title='bbox 2295 2055 2415 2094; x_wconf 90' lang='lat' dir='ltr'><strong>cum</strong></span> <span class='ocrx_word' id='word_1_565' title='bbox 2445 2041 2540 2094; x_wconf 89' lang='lat' dir='ltr'><strong>viri</strong></span> <span class='ocrx_word' id='word_1_566' title='bbox 2580 2041 2934 2110; x_wconf 85' lang='lat' dir='ltr'><strong>mulieresque</strong></span> <span class='ocrx_word' id='word_1_567' title='bbox 2991 2057 3182 2112; x_wconf 85' lang='lat' dir='ltr'><strong>magno</strong></span> <span class='ocrx_word' id='word_1_568' title='bbox 3235 2059 3459 2098; x_wconf 87' lang='lat' dir='ltr'><strong>numero</strong></span> <span class='ocrx_word' id='word_1_569' title='bbox 3503 2045 3600 2100; x_wconf 90' lang='lat' dir='ltr'><strong>ad-</strong></span> 
     </span>
    </p>
   </div>
   <div class='ocr_carea' id='block_1_79' title="bbox 2011 2133 3599 2206">
    <p class='ocr_par' dir='ltr' id='par_1_79' title="bbox 2011 2133 3599 2206">
     <span class='ocr_line' id='line_1_79' title="bbox 2011 2133 3599 2206; baseline 0.002 -20"><span class='ocrx_word' id='word_1_570' title='bbox 2011 2143 2155 2196; x_wconf 89' lang='lat' dir='ltr'><strong>sunt,</strong></span> <span class='ocrx_word' id='word_1_571' title='bbox 2178 2148 2470 2203; x_wconf 83' lang='lat' dir='ltr'><strong>omnesque</strong></span> <span class='ocrx_word' id='word_1_572' title='bbox 2499 2135 2720 2188; x_wconf 92' lang='lat' dir='ltr'><strong>omnino</strong></span> <span class='ocrx_word' id='word_1_573' title='bbox 2755 2135 2806 2187; x_wconf 92' lang='lat' dir='ltr'><strong>in</strong></span> <span class='ocrx_word' id='word_1_574' title='bbox 2838 2150 3026 2204; x_wconf 86' lang='lat' dir='ltr'><strong>magna</strong></span> <span class='ocrx_word' id='word_1_575' title='bbox 3055 2133 3329 2190; x_wconf 81' lang='lat' dir='ltr'><strong>Paschalis</strong></span> <span class='ocrx_word' id='word_1_576' title='bbox 3352 2137 3599 2206; x_wconf 72' lang='lat' dir='ltr'><strong>vespera,</strong></span> 
     </span>
    </p>
   </div>
   <div class='ocr_carea' id='block_1_80' title="bbox 2013 2224 3597 2295">
    <p class='ocr_par' dir='ltr' id='par_1_80' title="bbox 2013 2224 3597 2295">
     <span class='ocr_line' id='line_1_80' title="bbox 2013 2224 3597 2295; baseline 0.004 -20"><span class='ocrx_word' id='word_1_577' title='bbox 2013 2233 2137 2278; x_wconf 90' lang='lat' dir='ltr'><strong>tunc</strong></span> <span class='ocrx_word' id='word_1_578' title='bbox 2165 2224 2279 2278; x_wconf 81' lang='lat' dir='ltr'><strong>ha-e</strong></span> <span class='ocrx_word' id='word_1_579' title='bbox 2303 2225 2480 2278; x_wconf 90' lang='lat' dir='ltr'><strong>omnia</strong></span> <span class='ocrx_word' id='word_1_580' title='bbox 2521 2225 2765 2295; x_wconf 89' lang='lat' dir='ltr'><strong>legantur</strong></span> <span class='ocrx_word' id='word_1_581' title='bbox 2790 2241 2804 2278; x_wconf 92' lang='lat'><strong>:</strong></span> <span class='ocrx_word' id='word_1_582' title='bbox 2835 2225 3081 2278; x_wconf 90' lang='lat' dir='ltr'><strong>omnibus</strong></span> <span class='ocrx_word' id='word_1_583' title='bbox 3109 2224 3307 2295; x_wconf 88' lang='lat' dir='ltr'><strong>ubique</strong></span> <span class='ocrx_word' id='word_1_584' title='bbox 3335 2234 3597 2281; x_wconf 88' lang='lat' dir='ltr'><strong>terrarum</strong></span> 
     </span>
    </p>
   </div>
   <div class='ocr_carea' id='block_1_81' title="bbox 2014 2316 3600 2386">
    <p class='ocr_par' dir='ltr' id='par_1_81' title="bbox 2014 2316 3600 2386">
     <span class='ocr_line' id='line_1_81' title="bbox 2014 2316 3600 2386; baseline 0.003 -18"><span class='ocrx_word' id='word_1_585' title='bbox 2014 2317 2384 2384; x_wconf 69' lang='lat' dir='ltr'><strong>praesentibus,</strong></span> <span class='ocrx_word' id='word_1_586' title='bbox 2416 2316 2530 2371; x_wconf 77' lang='lat' dir='ltr'><strong>lucc</strong></span> <span class='ocrx_word' id='word_1_587' title='bbox 2574 2332 2764 2386; x_wconf 87' lang='lat' dir='ltr'><strong>magna</strong></span> <span class='ocrx_word' id='word_1_588' title='bbox 2797 2332 2932 2374; x_wconf 88' lang='lat' dir='ltr'><strong>voce</strong></span> <span class='ocrx_word' id='word_1_589' title='bbox 2962 2317 3322 2386; x_wconf 63' lang='lat' dir='ltr'><strong>praediceulur</strong></span> <span class='ocrx_word' id='word_1_590' title='bbox 3351 2336 3364 2371; x_wconf 89' lang='lat'><strong>:</strong></span> <span class='ocrx_word' id='word_1_591' title='bbox 3407 2319 3600 2386; x_wconf 85' lang='lat' dir='ltr'><strong>quibus</strong></span> 
     </span>
    </p>
   </div>
   <div class='ocr_carea' id='block_1_82' title="bbox 2012 2406 3600 2477">
    <p class='ocr_par' dir='ltr' id='par_1_82' title="bbox 2012 2406 3600 2477">
     <span class='ocr_line' id='line_1_82' title="bbox 2012 2406 3600 2477; baseline 0.004 -19"><span class='ocrx_word' id='word_1_592' title='bbox 2012 2406 2163 2460; x_wconf 86' lang='lat' dir='ltr'><strong>lectis</strong></span> <span class='ocrx_word' id='word_1_593' title='bbox 2191 2416 2244 2460; x_wconf 90' lang='lat' dir='ltr'><strong>et</strong></span> <span class='ocrx_word' id='word_1_594' title='bbox 2271 2408 2517 2477; x_wconf 86' lang='lat' dir='ltr'><strong>cognitis,</strong></span> <span class='ocrx_word' id='word_1_595' title='bbox 2547 2407 2789 2462; x_wconf 77' lang='lat' dir='ltr'><strong>Christus</strong></span> <span class='ocrx_word' id='word_1_596' title='bbox 2813 2408 3050 2462; x_wconf 90' lang='lat' dir='ltr'><strong>creditur</strong></span> <span class='ocrx_word' id='word_1_597' title='bbox 3078 2423 3198 2463; x_wconf 92' lang='lat' dir='ltr'><strong>esse</strong></span> <span class='ocrx_word' id='word_1_598' title='bbox 3222 2409 3381 2476; x_wconf 87' lang='lat' dir='ltr'><strong>Deus,</strong></span> <span class='ocrx_word' id='word_1_599' title='bbox 3406 2419 3462 2466; x_wconf 91' lang='lat' dir='ltr'><strong>et</strong></span> <span class='ocrx_word' id='word_1_600' title='bbox 3489 2412 3600 2465; x_wconf 80' lang='lat' dir='ltr'><strong>tum</strong></span> 
     </span>
    </p>
   </div>
   <div class='ocr_carea' id='block_1_83' title="bbox 2011 2498 3600 2572">
    <p class='ocr_par' dir='ltr' id='par_1_83' title="bbox 2011 2498 3600 2572">
     <span class='ocr_line' id='line_1_83' title="bbox 2011 2498 3600 2572; baseline 0.004 -21"><span class='ocrx_word' id='word_1_601' title='bbox 2011 2507 2230 2566; x_wconf 89' lang='lat' dir='ltr'><strong>propter</strong></span> <span class='ocrx_word' id='word_1_602' title='bbox 2257 2498 2379 2561; x_wconf 89' lang='lat' dir='ltr'><strong>alia,</strong></span> <span class='ocrx_word' id='word_1_603' title='bbox 2411 2508 2524 2552; x_wconf 88' lang='lat' dir='ltr'><strong>ttun</strong></span> <span class='ocrx_word' id='word_1_604' title='bbox 2556 2508 2772 2568; x_wconf 86' lang='lat' dir='ltr'><strong>propter</strong></span> <span class='ocrx_word' id='word_1_605' title='bbox 2799 2500 2912 2553; x_wconf 79' lang='lat' dir='ltr'><strong>haec</strong></span> <span class='ocrx_word' id='word_1_606' title='bbox 2939 2500 3099 2555; x_wconf 88' lang='lat' dir='ltr'><strong>etiam</strong></span> <span class='ocrx_word' id='word_1_607' title='bbox 3139 2501 3412 2570; x_wconf 76' lang='lat' dir='ltr'><strong>aduratur,</strong></span> <span class='ocrx_word' id='word_1_608' title='bbox 3457 2504 3600 2572; x_wconf 87' lang='lat' dir='ltr'><strong>quod</strong></span> 
     </span>
    </p>
   </div>
   <div class='ocr_carea' id='block_1_84' title="bbox 2011 2588 3602 2663">
    <p class='ocr_par' dir='ltr' id='par_1_84' title="bbox 2011 2588 3602 2663">
     <span class='ocr_line' id='line_1_84' title="bbox 2011 2588 3602 2663; baseline 0.004 -22"><span class='ocrx_word' id='word_1_609' title='bbox 2011 2603 2110 2657; x_wconf 91' lang='lat' dir='ltr'><strong>pro</strong></span> <span class='ocrx_word' id='word_1_610' title='bbox 2137 2588 2290 2644; x_wconf 89' lang='lat' dir='ltr'><strong>nobis</strong></span> <span class='ocrx_word' id='word_1_611' title='bbox 2328 2604 2393 2643; x_wconf 89' lang='lat' dir='ltr'><strong>eo</strong></span> <span class='ocrx_word' id='word_1_612' title='bbox 2421 2605 2588 2660; x_wconf 88' lang='lat' dir='ltr'><strong>usque</strong></span> <span class='ocrx_word' id='word_1_613' title='bbox 2615 2590 2944 2646; x_wconf 83' lang='lat' dir='ltr'><strong>descendere</strong></span> <span class='ocrx_word' id='word_1_614' title='bbox 2975 2591 3219 2659; x_wconf 81' lang='lat' dir='ltr'><strong>dignatus</strong></span> <span class='ocrx_word' id='word_1_615' title='bbox 3263 2592 3352 2657; x_wconf 86' lang='lat' dir='ltr'><strong>sit,</strong></span> <span class='ocrx_word' id='word_1_616' title='bbox 3406 2591 3602 2663; x_wconf 88' lang='lat' dir='ltr'><strong>illaque</strong></span> 
     </span>
    </p>
   </div>
   <div class='ocr_carea' id='block_1_85' title="bbox 2013 2680 3604 2751">
    <p class='ocr_par' dir='ltr' id='par_1_85' title="bbox 2013 2680 3604 2751">
     <span class='ocr_line' id='line_1_85' title="bbox 2013 2680 3604 2751; baseline 0.004 -19"><span class='ocrx_word' id='word_1_617' title='bbox 2013 2680 2146 2749; x_wconf 90' lang='lat' dir='ltr'><strong>pati,</strong></span> <span class='ocrx_word' id='word_1_618' title='bbox 2175 2689 2233 2734; x_wconf 91' lang='lat' dir='ltr'><strong>ut</strong></span> <span class='ocrx_word' id='word_1_619' title='bbox 2261 2696 2360 2735; x_wconf 88' lang='lat' dir='ltr'><strong>nos</strong></span> <span class='ocrx_word' id='word_1_620' title='bbox 2387 2681 2438 2734; x_wconf 92' lang='lat' dir='ltr'><strong>in</strong></span> <span class='ocrx_word' id='word_1_621' title='bbox 2482 2682 2626 2735; x_wconf 91' lang='lat' dir='ltr'><strong>omni</strong></span> <span class='ocrx_word' id='word_1_622' title='bbox 2658 2681 2866 2735; x_wconf 92' lang='lat' dir='ltr'><strong>virtutis</strong></span> <span class='ocrx_word' id='word_1_623' title='bbox 2895 2697 3092 2751; x_wconf 90' lang='lat' dir='ltr'><strong>genere</strong></span> <span class='ocrx_word' id='word_1_624' title='bbox 3133 2681 3452 2737; x_wconf 77' lang='lat' dir='ltr'><strong>insumeret.</strong></span> <span class='ocrx_word' id='word_1_625' title='bbox 3478 2680 3604 2739; x_wconf 76' lang='lat' dir='ltr'><strong>llaec</strong></span> 
     </span>
    </p>
   </div>
   <div class='ocr_carea' id='block_1_86' title="bbox 2012 2770 3598 2842">
    <p class='ocr_par' dir='ltr' id='par_1_86' title="bbox 2012 2770 3598 2842">
     <span class='ocr_line' id='line_1_86' title="bbox 2012 2770 3598 2842; baseline 0.004 -18"><span class='ocrx_word' id='word_1_626' title='bbox 2012 2770 2190 2841; x_wconf 88' lang='lat' dir='ltr'><strong>itaque</strong></span> <span class='ocrx_word' id='word_1_627' title='bbox 2204 2787 2415 2840; x_wconf 86' lang='lat' dir='ltr'><strong>semper</strong></span> <span class='ocrx_word' id='word_1_628' title='bbox 2444 2772 2683 2842; x_wconf 84' lang='lat' dir='ltr'><strong>legamus</strong></span> <span class='ocrx_word' id='word_1_629' title='bbox 2713 2788 2729 2827; x_wconf 87' lang='lat'>:</span> <span class='ocrx_word' id='word_1_630' title='bbox 2761 2787 2883 2828; x_wconf 91' lang='lat' dir='ltr'><strong>nam</strong></span> <span class='ocrx_word' id='word_1_631' title='bbox 2911 2774 3133 2828; x_wconf 92' lang='lat' dir='ltr'><strong>multum</strong></span> <span class='ocrx_word' id='word_1_632' title='bbox 3185 2775 3308 2830; x_wconf 92' lang='lat' dir='ltr'><strong>hinc</strong></span> <span class='ocrx_word' id='word_1_633' title='bbox 3354 2777 3557 2830; x_wconf 92' lang='lat' dir='ltr'><strong>lucrum</strong></span> <span class='ocrx_word' id='word_1_634' title='bbox 3581 2819 3598 2840; x_wconf 93' lang='lat'><strong>,</strong></span> 
     </span>
    </p>
   </div>
   <div class='ocr_carea' id='block_1_87' title="bbox 2015 2864 3604 2923">
    <p class='ocr_par' dir='ltr' id='par_1_87' title="bbox 2015 2864 3604 2923">
     <span class='ocr_line' id='line_1_87' title="bbox 2015 2864 3604 2923; baseline 0.004 -7"><span class='ocrx_word' id='word_1_635' title='bbox 2015 2864 2242 2919; x_wconf 77' lang='lat' dir='ltr'><strong>maxima</strong></span> <span class='ocrx_word' id='word_1_636' title='bbox 2269 2865 2490 2919; x_wconf 86' lang='lat' dir='ltr'><strong>utilitas.</strong></span> <span class='ocrx_word' id='word_1_637' title='bbox 2521 2865 2654 2919; x_wconf 90' lang='lat' dir='ltr'><strong>Cum</strong></span> <span class='ocrx_word' id='word_1_638' title='bbox 2683 2867 2825 2920; x_wconf 74' lang='lat' dir='ltr'><strong>enirn</strong></span> <span class='ocrx_word' id='word_1_639' title='bbox 2850 2865 3044 2920; x_wconf 85' lang='lat' dir='ltr'><strong>videris</strong></span> <span class='ocrx_word' id='word_1_640' title='bbox 3066 2867 3216 2920; x_wconf 90' lang='lat' dir='ltr'><strong>illum</strong></span> <span class='ocrx_word' id='word_1_641' title='bbox 3254 2875 3310 2922; x_wconf 88' lang='lat' dir='ltr'><strong>et</strong></span> <span class='ocrx_word' id='word_1_642' title='bbox 3340 2869 3501 2922; x_wconf 85' lang='lat' dir='ltr'><strong>rebus</strong></span> <span class='ocrx_word' id='word_1_643' title='bbox 3548 2879 3604 2923; x_wconf 85' lang='lat' dir='ltr'><strong>et</strong></span> 
     </span>
    </p>
   </div>
   <div class='ocr_carea' id='block_1_88' title="bbox 2010 2959 3596 3032">
    <p class='ocr_par' dir='ltr' id='par_1_88' title="bbox 2010 2959 3596 3032">
     <span class='ocr_line' id='line_1_88' title="bbox 2010 2959 3596 3032; baseline 0.004 -19"><span class='ocrx_word' id='word_1_644' title='bbox 2010 2959 2188 3014; x_wconf 77' lang='lat' dir='ltr'><strong>verbis</strong></span> <span class='ocrx_word' id='word_1_645' title='bbox 2215 2960 2512 3025; x_wconf 90' lang='lat' dir='ltr'><strong>adoratum,</strong></span> <span class='ocrx_word' id='word_1_646' title='bbox 2540 2961 2750 3017; x_wconf 90' lang='lat' dir='ltr'><strong>irrisum</strong></span> <span class='ocrx_word' id='word_1_647' title='bbox 2788 2971 2843 3018; x_wconf 90' lang='lat' dir='ltr'><strong>et</strong></span> <span class='ocrx_word' id='word_1_648' title='bbox 2875 2963 3110 3032; x_wconf 91' lang='lat' dir='ltr'><strong>illusum,</strong></span> <span class='ocrx_word' id='word_1_649' title='bbox 3160 2974 3354 3019; x_wconf 90' lang='lat' dir='ltr'><strong>tortum</strong></span> <span class='ocrx_word' id='word_1_650' title='bbox 3395 2975 3450 3020; x_wconf 91' lang='lat' dir='ltr'><strong>et</strong></span> <span class='ocrx_word' id='word_1_651' title='bbox 3495 2982 3596 3020; x_wconf 77' lang='lat' dir='ltr'><strong>ex-</strong></span> 
     </span>
    </p>
   </div>
   <div class='ocr_carea' id='block_1_89' title="bbox 2015 3052 3599 3123">
    <p class='ocr_par' dir='ltr' id='par_1_89' title="bbox 2015 3052 3599 3123">
     <span class='ocr_line' id='line_1_89' title="bbox 2015 3052 3599 3123; baseline 0.006 -20"><span class='ocrx_word' id='word_1_652' title='bbox 2015 3059 2178 3104; x_wconf 89' lang='lat' dir='ltr'><strong>trema</strong></span> <span class='ocrx_word' id='word_1_653' title='bbox 2205 3053 2514 3120; x_wconf 88' lang='lat' dir='ltr'><strong>patientem,</strong></span> <span class='ocrx_word' id='word_1_654' title='bbox 2544 3053 2752 3107; x_wconf 90' lang='lat' dir='ltr'><strong>etiamsi</strong></span> <span class='ocrx_word' id='word_1_655' title='bbox 2797 3052 2932 3123; x_wconf 89' lang='lat' dir='ltr'><strong>lapis</strong></span> <span class='ocrx_word' id='word_1_656' title='bbox 2982 3057 3164 3121; x_wconf 91' lang='lat' dir='ltr'><strong>fueris,</strong></span> <span class='ocrx_word' id='word_1_657' title='bbox 3214 3071 3336 3112; x_wconf 89' lang='lat' dir='ltr'><strong>cera</strong></span> <span class='ocrx_word' id='word_1_658' title='bbox 3388 3059 3599 3112; x_wconf 88' lang='lat' dir='ltr'><strong>mollior</strong></span> 
     </span>
    </p>
   </div>
   <div class='ocr_carea' id='block_1_90' title="bbox 2013 3141 3599 3217">
    <p class='ocr_par' dir='ltr' id='par_1_90' title="bbox 2013 3141 3599 3217">
     <span class='ocr_line' id='line_1_90' title="bbox 2013 3141 3599 3217; baseline 0.003 -20"><span class='ocrx_word' id='word_1_659' title='bbox 2013 3141 2224 3207; x_wconf 89' lang='lat' dir='ltr'><strong>evades,</strong></span> <span class='ocrx_word' id='word_1_660' title='bbox 2256 3157 2578 3212; x_wconf 88' lang='lat' dir='ltr'><strong>omnemque</strong></span> <span class='ocrx_word' id='word_1_661' title='bbox 2607 3145 2768 3198; x_wconf 88' lang='lat' dir='ltr'><strong>animi</strong></span> <span class='ocrx_word' id='word_1_662' title='bbox 2800 3155 3061 3199; x_wconf 91' lang='lat' dir='ltr'><strong>tumorem</strong></span> <span class='ocrx_word' id='word_1_663' title='bbox 3093 3147 3297 3214; x_wconf 90' lang='lat' dir='ltr'><strong>ejicies.</strong></span> <span class='ocrx_word' id='word_1_664' title='bbox 3329 3149 3464 3202; x_wconf 83' lang='lat' dir='ltr'><strong>Audi</strong></span> <span class='ocrx_word' id='word_1_665' title='bbox 3498 3150 3599 3217; x_wconf 84' lang='lat' dir='ltr'><strong>igi-</strong></span> 
     </span>
    </p>
   </div>
   <div class='ocr_carea' id='block_1_91' title="bbox 2015 3235 3596 3306">
    <p class='ocr_par' dir='ltr' id='par_1_91' title="bbox 2015 3235 3596 3306">
     <span class='ocr_line' id='line_1_91' title="bbox 2015 3235 3596 3306; baseline 0.004 -19"><span class='ocrx_word' id='word_1_666' title='bbox 2015 3243 2102 3287; x_wconf 91' lang='lat' dir='ltr'><strong>tur</strong></span> <span class='ocrx_word' id='word_1_667' title='bbox 2142 3248 2203 3289; x_wconf 90' lang='lat' dir='ltr'><strong>ea</strong></span> <span class='ocrx_word' id='word_1_668' title='bbox 2250 3250 2368 3304; x_wconf 65' lang='lat' dir='ltr'><strong>qua:</strong></span> <span class='ocrx_word' id='word_1_669' title='bbox 2412 3245 2724 3305; x_wconf 90' lang='lat' dir='ltr'><strong>sequuntur.</strong></span> <span class='ocrx_word' id='word_1_670' title='bbox 2759 3235 3044 3306; x_wconf 82' lang='lat' dir='ltr'><strong>P05tquam</strong></span> <span class='ocrx_word' id='word_1_671' title='bbox 3075 3237 3354 3293; x_wconf 86' lang='lat' dir='ltr'><strong>illuserunt</strong></span> <span class='ocrx_word' id='word_1_672' title='bbox 3403 3240 3473 3303; x_wconf 90' lang='lat' dir='ltr'><strong>ei,</strong></span> <span class='ocrx_word' id='word_1_673' title='bbox 3506 3240 3596 3294; x_wconf 77' lang='lat'><strong>5|.</strong></span> 
     </span>
    </p>
   </div>
   <div class='ocr_carea' id='block_1_92' title="bbox 2016 3322 3597 3400">
    <p class='ocr_par' dir='ltr' id='par_1_92' title="bbox 2016 3322 3597 3400">
     <span class='ocr_line' id='line_1_92' title="bbox 2016 3322 3597 3400; baseline 0.006 -24"><span class='ocrx_word' id='word_1_674' title='bbox 2016 3322 2280 3378; x_wconf 76' lang='lat' dir='ltr'><strong>Duxerunt</strong></span> <span class='ocrx_word' id='word_1_675' title='bbox 2303 3340 2416 3377; x_wconf 88' lang='lat' dir='ltr'><strong>eum</strong></span> <span class='ocrx_word' id='word_1_676' title='bbox 2444 3325 2497 3377; x_wconf 88' lang='lat' dir='ltr'><strong>in</strong></span> <span class='ocrx_word' id='word_1_677' title='bbox 2546 3341 2766 3388; x_wconf 83' lang='lat' dir='ltr'><strong>crucem,</strong></span> <span class='ocrx_word' id='word_1_678' title='bbox 2799 3335 2853 3378; x_wconf 91' lang='lat' dir='ltr'><strong>et</strong></span> <span class='ocrx_word' id='word_1_679' title='bbox 2877 3325 3128 3380; x_wconf 87' lang='lat' dir='ltr'><strong>deuttdati</strong></span> <span class='ocrx_word' id='word_1_680' title='bbox 3172 3338 3346 3383; x_wconf 88' lang='lat' dir='ltr'><strong>vestes</strong></span> <span class='ocrx_word' id='word_1_681' title='bbox 3375 3344 3597 3400; x_wconf 86' lang='lat' dir='ltr'><strong>accepe-</strong></span> 
     </span>
    </p>
   </div>
   <div class='ocr_carea' id='block_1_93' title="bbox 2013 3417 3603 3489">
    <p class='ocr_par' dir='ltr' id='par_1_93' title="bbox 2013 3417 3603 3489">
     <span class='ocr_line' id='line_1_93' title="bbox 2013 3417 3603 3489; baseline 0.004 -19"><span class='ocrx_word' id='word_1_682' title='bbox 2013 3424 2159 3482; x_wconf 89' lang='lat' dir='ltr'><strong>runt,</strong></span> <span class='ocrx_word' id='word_1_683' title='bbox 2191 3417 2542 3488; x_wconf 88' lang='lat' dir='ltr'><strong>sedentesque</strong></span> <span class='ocrx_word' id='word_1_684' title='bbox 2571 3417 2925 3472; x_wconf 82' lang='lat' dir='ltr'><strong>observabant</strong></span> <span class='ocrx_word' id='word_1_685' title='bbox 2951 3418 3162 3488; x_wconf 90' lang='lat' dir='ltr'><strong>quando</strong></span> <span class='ocrx_word' id='word_1_686' title='bbox 3183 3421 3500 3489; x_wconf 82' lang='lat' dir='ltr'><strong>exspiraret.</strong></span> <span class='ocrx_word' id='word_1_687' title='bbox 3534 3422 3603 3476; x_wconf 86' lang='lat' dir='ltr'><strong>Et</strong></span> 
     </span>
    </p>
   </div>
   <div class='ocr_carea' id='block_1_94' title="bbox 2014 3507 3604 3578">
    <p class='ocr_par' dir='ltr' id='par_1_94' title="bbox 2014 3507 3604 3578">
     <span class='ocr_line' id='line_1_94' title="bbox 2014 3507 3604 3578; baseline 0.004 -16"><span class='ocrx_word' id='word_1_688' title='bbox 2014 3507 2312 3564; x_wconf 90' lang='lat' dir='ltr'><strong>diviserunt</strong></span> <span class='ocrx_word' id='word_1_689' title='bbox 2332 3510 2644 3564; x_wconf 87' lang='lat' dir='ltr'><strong>vestimenta</strong></span> <span class='ocrx_word' id='word_1_690' title='bbox 2671 3509 2805 3578; x_wconf 88' lang='lat' dir='ltr'><strong>ejus,</strong></span> <span class='ocrx_word' id='word_1_691' title='bbox 2827 3509 2966 3578; x_wconf 88' lang='lat' dir='ltr'><strong>quod</strong></span> <span class='ocrx_word' id='word_1_692' title='bbox 2989 3510 3132 3564; x_wconf 89' lang='lat' dir='ltr'><strong>circa</strong></span> <span class='ocrx_word' id='word_1_693' title='bbox 3159 3510 3439 3567; x_wconf 89' lang='lat' dir='ltr'><strong>damnatos</strong></span> <span class='ocrx_word' id='word_1_694' title='bbox 3464 3513 3604 3569; x_wconf 83' lang='lat' dir='ltr'><strong>viles</strong></span> 
     </span>
    </p>
   </div>
   <div class='ocr_carea' id='block_1_95' title="bbox 2016 3600 3597 3669">
    <p class='ocr_par' dir='ltr' id='par_1_95' title="bbox 2016 3600 3597 3669">
     <span class='ocr_line' id='line_1_95' title="bbox 2016 3600 3597 3669; baseline 0.003 -13"><span class='ocrx_word' id='word_1_695' title='bbox 2016 3610 2072 3656; x_wconf 89' lang='lat' dir='ltr'><strong>et</strong></span> <span class='ocrx_word' id='word_1_696' title='bbox 2097 3601 2332 3669; x_wconf 88' lang='lat' dir='ltr'><strong>abjectos</strong></span> <span class='ocrx_word' id='word_1_697' title='bbox 2361 3607 2416 3655; x_wconf 89' lang='lat' dir='ltr'><strong>et</strong></span> <span class='ocrx_word' id='word_1_698' title='bbox 2445 3600 2514 3654; x_wconf 90' lang='lat' dir='ltr'><strong>ab</strong></span> <span class='ocrx_word' id='word_1_699' title='bbox 2540 3601 2787 3656; x_wconf 90' lang='lat' dir='ltr'><strong>omnibus</strong></span> <span class='ocrx_word' id='word_1_700' title='bbox 2837 3601 3080 3656; x_wconf 90' lang='lat' dir='ltr'><strong>desertos</strong></span> <span class='ocrx_word' id='word_1_701' title='bbox 3112 3602 3224 3656; x_wconf 88' lang='lat' dir='ltr'><strong>fieri</strong></span> <span class='ocrx_word' id='word_1_702' title='bbox 3259 3605 3419 3658; x_wconf 88' lang='lat' dir='ltr'><strong>solet.</strong></span> <span class='ocrx_word' id='word_1_703' title='bbox 3464 3605 3597 3660; x_wconf 85' lang='lat' dir='ltr'><strong>Par-</strong></span> 
     </span>
    </p>
   </div>
   <div class='ocr_carea' id='block_1_96' title="bbox 2017 3692 3597 3763">
    <p class='ocr_par' dir='ltr' id='par_1_96' title="bbox 2017 3692 3597 3763">
     <span class='ocr_line' id='line_1_96' title="bbox 2017 3692 3597 3763; baseline 0.004 -17"><span class='ocrx_word' id='word_1_704' title='bbox 2017 3692 2222 3746; x_wconf 90' lang='lat' dir='ltr'><strong>tiuntur</strong></span> <span class='ocrx_word' id='word_1_705' title='bbox 2245 3692 2578 3753; x_wconf 76' lang='lat' dir='ltr'><strong>vestimenta,</strong></span> <span class='ocrx_word' id='word_1_706' title='bbox 2596 3693 2789 3763; x_wconf 90' lang='lat' dir='ltr'><strong>quibus</strong></span> <span class='ocrx_word' id='word_1_707' title='bbox 2814 3700 2892 3747; x_wconf 91' lang='lat' dir='ltr'><strong>tot</strong></span> <span class='ocrx_word' id='word_1_708' title='bbox 2920 3692 3060 3747; x_wconf 91' lang='lat' dir='ltr'><strong>edita</strong></span> <span class='ocrx_word' id='word_1_709' title='bbox 3084 3693 3296 3750; x_wconf 89' lang='lat' dir='ltr'><strong>fuerant</strong></span> <span class='ocrx_word' id='word_1_710' title='bbox 3320 3699 3597 3754; x_wconf 80' lang='lat' dir='ltr'><strong>miracula.</strong></span> 
     </span>
    </p>
   </div>
   <div class='ocr_carea' id='block_1_97' title="bbox 2017 3779 3602 3852">
    <p class='ocr_par' dir='ltr' id='par_1_97' title="bbox 2017 3779 3602 3852">
     <span class='ocr_line' id='line_1_97' title="bbox 2017 3779 3602 3852; baseline 0.003 -14"><span class='ocrx_word' id='word_1_711' title='bbox 2017 3783 2122 3838; x_wconf 87' lang='lat' dir='ltr'><strong>Sed</strong></span> <span class='ocrx_word' id='word_1_712' title='bbox 2155 3782 2287 3837; x_wconf 90' lang='lat' dir='ltr'><strong>nihil</strong></span> <span class='ocrx_word' id='word_1_713' title='bbox 2319 3792 2443 3836; x_wconf 91' lang='lat' dir='ltr'><strong>tunc</strong></span> <span class='ocrx_word' id='word_1_714' title='bbox 2470 3784 2852 3852; x_wconf 87' lang='lat' dir='ltr'><strong>operabantur,</strong></span> <span class='ocrx_word' id='word_1_715' title='bbox 2885 3783 3099 3840; x_wconf 88' lang='lat' dir='ltr'><strong>Christo</strong></span> <span class='ocrx_word' id='word_1_716' title='bbox 3124 3786 3230 3840; x_wconf 85' lang='lat' dir='ltr'><strong>vim</strong></span> <span class='ocrx_word' id='word_1_717' title='bbox 3283 3786 3491 3842; x_wconf 91' lang='lat' dir='ltr'><strong>illorum</strong></span> <span class='ocrx_word' id='word_1_718' title='bbox 3517 3779 3602 3842; x_wconf 55' lang='lat' dir='ltr'><strong>in;</strong></span> 
     </span>
    </p>
   </div>
   <div class='ocr_carea' id='block_1_98' title="bbox 2017 3873 3608 3936">
    <p class='ocr_par' dir='ltr' id='par_1_98' title="bbox 2017 3873 3608 3936">
     <span class='ocr_line' id='line_1_98' title="bbox 2017 3873 3608 3936; baseline 0.005 -8"><span class='ocrx_word' id='word_1_719' title='bbox 2017 3873 2279 3929; x_wconf 85' lang='lat' dir='ltr'><strong>et&#39;fahilem</strong></span> <span class='ocrx_word' id='word_1_720' title='bbox 2335 3873 2640 3929; x_wconf 87' lang='lat' dir='ltr'><strong>cohibente.</strong></span> <span class='ocrx_word' id='word_1_721' title='bbox 2683 3875 2796 3930; x_wconf 83' lang='lat' dir='ltr'><strong>Hoc</strong></span> <span class='ocrx_word' id='word_1_722' title='bbox 2826 3889 2954 3929; x_wconf 85' lang='lat' dir='ltr'><strong>vero</strong></span> <span class='ocrx_word' id='word_1_723' title='bbox 2979 3891 3086 3930; x_wconf 91' lang='lat' dir='ltr'><strong>non</strong></span> <span class='ocrx_word' id='word_1_724' title='bbox 3115 3877 3381 3932; x_wconf 89' lang='lat' dir='ltr'><strong>modicum</strong></span> <span class='ocrx_word' id='word_1_725' title='bbox 3412 3879 3608 3936; x_wconf 89' lang='lat' dir='ltr'><strong>furoris</strong></span> 
     </span>
    </p>
   </div>
   <div class='ocr_carea' id='block_1_99' title="bbox 2018 3966 3601 4043">
    <p class='ocr_par' dir='ltr' id='par_1_99' title="bbox 2018 3966 3601 4043">
     <span class='ocr_line' id='line_1_99' title="bbox 2018 3966 3601 4043; baseline 0.006 -23"><span class='ocrx_word' id='word_1_726' title='bbox 2018 3967 2433 4022; x_wconf 88' lang='lat' dir='ltr'><strong>additamentum</strong></span> <span class='ocrx_word' id='word_1_727' title='bbox 2478 3976 2613 4022; x_wconf 88' lang='lat' dir='ltr'><strong>erat.</strong></span> <span class='ocrx_word' id='word_1_728' title='bbox 2641 3966 2772 4022; x_wconf 90' lang='lat' dir='ltr'><strong>Nam</strong></span> <span class='ocrx_word' id='word_1_729' title='bbox 2801 3969 2951 4038; x_wconf 89' lang='lat' dir='ltr'><strong>quasi</strong></span> <span class='ocrx_word' id='word_1_730' title='bbox 2982 3983 3105 4039; x_wconf 83' lang='lat' dir='ltr'><strong>erga</strong></span> <span class='ocrx_word' id='word_1_731' title='bbox 3137 3969 3413 4035; x_wconf 84' lang='lat' dir='ltr'><strong>infamem,</strong></span> <span class='ocrx_word' id='word_1_732' title='bbox 3451 3973 3601 4043; x_wconf 81' lang='lat' dir='ltr'><strong>abje-</strong></span> 
     </span>
    </p>
   </div>
   <div class='ocr_carea' id='block_1_100' title="bbox 2017 4062 3603 4136">
    <p class='ocr_par' dir='ltr' id='par_1_100' title="bbox 2017 4062 3603 4136">
     <span class='ocr_line' id='line_1_100' title="bbox 2017 4062 3603 4136; baseline 0.003 -20"><span class='ocrx_word' id='word_1_733' title='bbox 2017 4071 2161 4116; x_wconf 90' lang='lat' dir='ltr'><strong>ctum</strong></span> <span class='ocrx_word' id='word_1_734' title='bbox 2185 4071 2239 4118; x_wconf 86' lang='lat' dir='ltr'><strong>et</strong></span> <span class='ocrx_word' id='word_1_735' title='bbox 2261 4063 2498 4116; x_wconf 88' lang='lat' dir='ltr'><strong>omnium</strong></span> <span class='ocrx_word' id='word_1_736' title='bbox 2525 4062 2859 4130; x_wconf 89' lang='lat' dir='ltr'><strong>vilissimum,</strong></span> <span class='ocrx_word' id='word_1_737' title='bbox 2889 4072 2948 4116; x_wconf 89' lang='lat' dir='ltr'><strong>ut</strong></span> <span class='ocrx_word' id='word_1_738' title='bbox 2985 4062 3115 4128; x_wconf 81' lang='lat' dir='ltr'><strong>dixi,</strong></span> <span class='ocrx_word' id='word_1_739' title='bbox 3147 4063 3224 4118; x_wconf 92' lang='lat' dir='ltr'><strong>sic</strong></span> <span class='ocrx_word' id='word_1_740' title='bbox 3261 4065 3438 4117; x_wconf 90' lang='lat' dir='ltr'><strong>omnia</strong></span> <span class='ocrx_word' id='word_1_741' title='bbox 3474 4082 3603 4136; x_wconf 87' lang='lat' dir='ltr'><strong>age-</strong></span> 
     </span>
    </p>
   </div>
   <div class='ocr_carea' id='block_1_101' title="bbox 2019 4152 3600 4218">
    <p class='ocr_par' dir='ltr' id='par_1_101' title="bbox 2019 4152 3600 4218">
     <span class='ocr_line' id='line_1_101' title="bbox 2019 4152 3600 4218; baseline 0.001 -10"><span class='ocrx_word' id='word_1_742' title='bbox 2019 4153 2147 4208; x_wconf 90' lang='lat' dir='ltr'><strong>bant</strong></span> <span class='ocrx_word' id='word_1_743' title='bbox 2176 4170 2189 4208; x_wconf 91' lang='lat'><strong>:</strong></span> <span class='ocrx_word' id='word_1_744' title='bbox 2221 4153 2514 4208; x_wconf 89' lang='lat' dir='ltr'><strong>latronibus</strong></span> <span class='ocrx_word' id='word_1_745' title='bbox 2543 4152 2670 4207; x_wconf 91' lang='lat' dir='ltr'><strong>nihil</strong></span> <span class='ocrx_word' id='word_1_746' title='bbox 2693 4153 2800 4208; x_wconf 86' lang='lat' dir='ltr'><strong>tale</strong></span> <span class='ocrx_word' id='word_1_747' title='bbox 2825 4152 3097 4218; x_wconf 88' lang='lat' dir='ltr'><strong>fecissent,</strong></span> <span class='ocrx_word' id='word_1_748' title='bbox 3129 4153 3224 4208; x_wconf 89' lang='lat' dir='ltr'><strong>sed</strong></span> <span class='ocrx_word' id='word_1_749' title='bbox 3246 4154 3298 4212; x_wconf 90' lang='lat' dir='ltr'><strong>in</strong></span> <span class='ocrx_word' id='word_1_750' title='bbox 3325 4155 3600 4210; x_wconf 76' lang='lat' dir='ltr'><strong>Chrisnum</strong></span> 
     </span>
    </p>
   </div>
   <div class='ocr_carea' id='block_1_102' title="bbox 2022 4243 3603 4315">
    <p class='ocr_par' dir='ltr' id='par_1_102' title="bbox 2022 4243 3603 4315">
     <span class='ocr_line' id='line_1_102' title="bbox 2022 4243 3603 4315; baseline 0.003 -17"><span class='ocrx_word' id='word_1_751' title='bbox 2022 4243 2138 4299; x_wconf 71' lang='lat' dir='ltr'><strong>htec</strong></span> <span class='ocrx_word' id='word_1_752' title='bbox 2178 4245 2355 4298; x_wconf 88' lang='lat' dir='ltr'><strong>omnia</strong></span> <span class='ocrx_word' id='word_1_753' title='bbox 2401 4243 3077 4315; x_wconf 86' lang='lat' dir='ltr'><strong>audebant:mediumque</strong></span> <span class='ocrx_word' id='word_1_754' title='bbox 3119 4245 3268 4300; x_wconf 91' lang='lat' dir='ltr'><strong>illum</strong></span> <span class='ocrx_word' id='word_1_755' title='bbox 3317 4248 3603 4303; x_wconf 79' lang='lat' dir='ltr'><strong>crucilixe-</strong></span> 
     </span>
    </p>
   </div>
   <div class='ocr_carea' id='block_1_103' title="bbox 2021 4335 3600 4403">
    <p class='ocr_par' dir='ltr' id='par_1_103' title="bbox 2021 4335 3600 4403">
     <span class='ocr_line' id='line_1_103' title="bbox 2021 4335 3600 4403; baseline 0.003 -13"><span class='ocrx_word' id='word_1_756' title='bbox 2021 4345 2165 4403; x_wconf 91' lang='lat' dir='ltr'><strong>runt,</strong></span> <span class='ocrx_word' id='word_1_757' title='bbox 2198 4347 2255 4390; x_wconf 93' lang='lat' dir='ltr'><strong>ttt</strong></span> <span class='ocrx_word' id='word_1_758' title='bbox 2283 4336 2495 4391; x_wconf 89' lang='lat' dir='ltr'><strong>illorum</strong></span> <span class='ocrx_word' id='word_1_759' title='bbox 2521 4335 2753 4391; x_wconf 63' lang='lat' dir='ltr'><strong>infamia:</strong></span> <span class='ocrx_word' id='word_1_760' title='bbox 2777 4351 3000 4391; x_wconf 89' lang='lat' dir='ltr'><strong>consors</strong></span> <span class='ocrx_word' id='word_1_761' title='bbox 3020 4347 3182 4392; x_wconf 89' lang='lat' dir='ltr'><strong>esset.</strong></span> <span class='ocrx_word' id='word_1_762' title='bbox 3223 4338 3314 4393; x_wconf 76' lang='grc'><strong>54.</strong></span> <span class='ocrx_word' id='word_1_763' title='bbox 3345 4337 3414 4392; x_wconf 85' lang='lat' dir='ltr'><strong>Et</strong></span> <span class='ocrx_word' id='word_1_764' title='bbox 3441 4338 3600 4394; x_wconf 83' lang='lat' dir='ltr'><strong>dede-</strong></span> 
     </span>
    </p>
   </div>
   <div class='ocr_carea' id='block_1_104' title="bbox 2020 4421 3606 4504">
    <p class='ocr_par' dir='ltr' id='par_1_104' title="bbox 2020 4421 3606 4504">
     <span class='ocr_line' id='line_1_104' title="bbox 2020 4421 3606 4504; baseline 0.003 -20"><span class='ocrx_word' id='word_1_765' title='bbox 2020 4439 2141 4484; x_wconf 85' lang='lat' dir='ltr'><strong>runt</strong></span> <span class='ocrx_word' id='word_1_766' title='bbox 2192 4430 2238 4483; x_wconf 82' lang='lat' dir='ltr'><strong>ei</strong></span> <span class='ocrx_word' id='word_1_767' title='bbox 2265 4441 2460 4483; x_wconf 87' lang='lat' dir='ltr'><strong>acetum</strong></span> <span class='ocrx_word' id='word_1_768' title='bbox 2481 4429 2676 4496; x_wconf 83' lang='lat' dir='ltr'><strong>bibere,</strong></span> <span class='ocrx_word' id='word_1_769' title='bbox 2710 4429 2812 4485; x_wconf 91' lang='lat' dir='ltr'><strong>hoc</strong></span> <span class='ocrx_word' id='word_1_770' title='bbox 2846 4430 2971 4484; x_wconf 89' lang='lat' dir='ltr'><strong>item</strong></span> <span class='ocrx_word' id='word_1_771' title='bbox 3018 4431 3404 4488; x_wconf 88' lang='lat' dir='ltr'><strong>contumeliose</strong></span> <span class='ocrx_word' id='word_1_772' title='bbox 3434 4451 3448 4486; x_wconf 89' lang='lat'><strong>:</strong></span> <span class='ocrx_word' id='word_1_773' title='bbox 3478 4421 3606 4504; x_wconf 24' lang='lat' dir='ltr'><strong>ipse.</strong></span> 
     </span>
    </p>
   </div>
   <div class='ocr_carea' id='block_1_105' title="bbox 2021 4522 3610 4596">
    <p class='ocr_par' dir='ltr' id='par_1_105' title="bbox 2021 4522 3610 4596">
     <span class='ocr_line' id='line_1_105' title="bbox 2021 4522 3610 4596; baseline 0.002 -20"><span class='ocrx_word' id='word_1_774' title='bbox 2021 4532 2199 4578; x_wconf 87' lang='lat' dir='ltr'><strong>autem</strong></span> <span class='ocrx_word' id='word_1_775' title='bbox 2228 4522 2442 4577; x_wconf 86' lang='lat' dir='ltr'><strong>nolebat</strong></span> <span class='ocrx_word' id='word_1_776' title='bbox 2467 4522 2691 4577; x_wconf 54' lang='lat' dir='ltr'><strong>&#39;bibere.</strong></span> <span class='ocrx_word' id='word_1_777' title='bbox 2714 4523 2863 4576; x_wconf 88' lang='lat' dir='ltr'><strong>Alius</strong></span> <span class='ocrx_word' id='word_1_778' title='bbox 2893 4523 2970 4577; x_wconf 88' lang='lat' dir='ltr'><strong>sic</strong></span> <span class='ocrx_word' id='word_1_779' title='bbox 2999 4533 3176 4577; x_wconf 90' lang='lat' dir='ltr'><strong>narrat</strong></span> <span class='ocrx_word' id='word_1_780' title='bbox 3207 4539 3221 4578; x_wconf 89' lang='lat'><strong>:</strong></span> <span class='ocrx_word' id='word_1_781' title='bbox 3256 4522 3382 4578; x_wconf 88' lang='lat' dir='ltr'><strong>Cum</strong></span> <span class='ocrx_word' id='word_1_782' title='bbox 3407 4536 3610 4596; x_wconf 81' lang='lat' dir='ltr'><strong>gustas-</strong></span> 
     </span>
    </p>
   </div>
   <div class='ocr_carea' id='block_1_106' title="bbox 2023 4611 3613 4684">
    <p class='ocr_par' dir='ltr' id='par_1_106' title="bbox 2023 4611 3613 4684">
     <span class='ocr_line' id='line_1_106' title="bbox 2023 4611 3613 4684; baseline 0.001 -17"><span class='ocrx_word' id='word_1_783' title='bbox 2023 4612 2286 4680; x_wconf 40' lang='lat' dir='ltr'><strong>set,vdi:cit,</strong></span> <span class='ocrx_word' id='word_1_784' title='bbox 2310 4611 2722 4667; x_wconf 86' lang='lat' dir='ltr'><strong>Consummatum</strong></span> <span class='ocrx_word' id='word_1_785' title='bbox 2751 4624 2822 4666; x_wconf 84' lang='lat' dir='ltr'><strong>est</strong></span> <span class='ocrx_word' id='word_1_786' title='bbox 2850 4611 3041 4684; x_wconf 87' lang='lat' dir='ltr'><strong>(Joan.</strong></span> <span class='ocrx_word' id='word_1_787' title='bbox 3073 4615 3158 4668; x_wconf 85' lang='lat' dir='ltr'><strong>I9.</strong></span> <span class='ocrx_word' id='word_1_788' title='bbox 3202 4613 3274 4669; x_wconf 84' lang='lat'><strong>&#39;50</strong></span> <span class='ocrx_word' id='word_1_789' title='bbox 3290 4614 3330 4682; x_wconf 88' lang='lat'><strong>).</strong></span> <span class='ocrx_word' id='word_1_790' title='bbox 3359 4615 3495 4680; x_wconf 87' lang='lat' dir='ltr'><strong>Quid</strong></span> <span class='ocrx_word' id='word_1_791' title='bbox 3529 4624 3613 4669; x_wconf 77' lang='lat' dir='ltr'><strong>est</strong></span> 
     </span>
    </p>
   </div>
   <div class='ocr_carea' id='block_1_107' title="bbox 2024 4703 3614 4777">
    <p class='ocr_par' dir='ltr' id='par_1_107' title="bbox 2024 4703 3614 4777">
     <span class='ocr_line' id='line_1_107' title="bbox 2024 4703 3614 4777; baseline 0.001 -17"><span class='ocrx_word' id='word_1_792' title='bbox 2024 4715 2222 4771; x_wconf 85' lang='lat' dir='ltr'><strong>autem,</strong></span> <span class='ocrx_word' id='word_1_793' title='bbox 2249 4703 2661 4760; x_wconf 87' lang='lat' dir='ltr'><strong>Consummatum</strong></span> <span class='ocrx_word' id='word_1_794' title='bbox 2696 4705 2850 4758; x_wconf 65' lang='lat' dir='ltr'><strong>est“!</strong></span> <span class='ocrx_word' id='word_1_795' title='bbox 2901 4704 3187 4776; x_wconf 87' lang='lat' dir='ltr'><strong>Prophetia</strong></span> <span class='ocrx_word' id='word_1_796' title='bbox 3232 4706 3346 4760; x_wconf 76' lang='lat' dir='ltr'><strong>lucc</strong></span> <span class='ocrx_word' id='word_1_797' title='bbox 3391 4707 3614 4777; x_wconf 71' lang='lat' dir='ltr'><strong>impleta</strong></span> 
     </span>
    </p>
   </div>
   <div class='ocr_carea' id='block_1_108' title="bbox 2024 4797 3612 4869">
    <p class='ocr_par' dir='ltr' id='par_1_108' title="bbox 2024 4797 3612 4869">
     <span class='ocr_line' id='line_1_108' title="bbox 2024 4797 3612 4869; baseline 0.001 -16"><span class='ocrx_word' id='word_1_798' title='bbox 2024 4808 2109 4853; x_wconf 84' lang='lat' dir='ltr'><strong>est</strong></span> <span class='ocrx_word' id='word_1_799' title='bbox 2139 4815 2152 4851; x_wconf 88' lang='lat'><strong>:</strong></span> <span class='ocrx_word' id='word_1_800' title='bbox 2184 4797 2441 4852; x_wconf 81' lang='lat' dir='ltr'><strong>Dederunt</strong></span> <span class='ocrx_word' id='word_1_801' title='bbox 2464 4798 2517 4850; x_wconf 89' lang='lat' dir='ltr'><strong>in</strong></span> <span class='ocrx_word' id='word_1_802' title='bbox 2545 4814 2708 4850; x_wconf 89' lang='lat' dir='ltr'><strong>escam</strong></span> <span class='ocrx_word' id='word_1_803' title='bbox 2735 4813 2897 4851; x_wconf 84' lang='lat' dir='ltr'><strong>meam</strong></span> <span class='ocrx_word' id='word_1_804' title='bbox 2923 4801 3010 4868; x_wconf 82' lang='lat' dir='ltr'><strong>fel,</strong></span> <span class='ocrx_word' id='word_1_805' title='bbox 3035 4809 3080 4852; x_wconf 89' lang='lat' dir='ltr'><strong>et</strong></span> <span class='ocrx_word' id='word_1_806' title='bbox 3120 4797 3174 4852; x_wconf 88' lang='lat' dir='ltr'><strong>in</strong></span> <span class='ocrx_word' id='word_1_807' title='bbox 3198 4799 3282 4852; x_wconf 89' lang='lat' dir='ltr'><strong>siti</strong></span> <span class='ocrx_word' id='word_1_808' title='bbox 3322 4816 3433 4853; x_wconf 87' lang='lat' dir='ltr'><strong>mea</strong></span> <span class='ocrx_word' id='word_1_809' title='bbox 3463 4813 3612 4869; x_wconf 81' lang='lat' dir='ltr'><strong>pota-</strong></span> 
     </span>
    </p>
   </div>
   <div class='ocr_carea' id='block_1_109' title="bbox 2025 4886 3615 4961">
    <p class='ocr_par' dir='ltr' id='par_1_109' title="bbox 2025 4886 3615 4961">
     <span class='ocr_line' id='line_1_109' title="bbox 2025 4886 3615 4961; baseline 0.002 -18"><span class='ocrx_word' id='word_1_810' title='bbox 2025 4899 2201 4943; x_wconf 78' lang='lat' dir='ltr'><strong>verunt</strong></span> <span class='ocrx_word' id='word_1_811' title='bbox 2223 4903 2303 4941; x_wconf 88' lang='lat' dir='ltr'><strong>me</strong></span> <span class='ocrx_word' id='word_1_812' title='bbox 2327 4898 2464 4942; x_wconf 84' lang='lat' dir='ltr'><strong>aceto</strong></span> <span class='ocrx_word' id='word_1_813' title='bbox 2503 4886 2684 4960; x_wconf 88' lang='lat' dir='ltr'><strong>(Psal.</strong></span> <span class='ocrx_word' id='word_1_814' title='bbox 2713 4889 2802 4944; x_wconf 78' lang='lat'><strong>68.</strong></span> <span class='ocrx_word' id='word_1_815' title='bbox 2843 4888 2914 4942; x_wconf 73' lang='lat'><strong>‘22</strong></span> <span class='ocrx_word' id='word_1_816' title='bbox 2935 4886 2973 4959; x_wconf 95' lang='lat'><strong>).</strong></span> <span class='ocrx_word' id='word_1_817' title='bbox 3005 4888 3184 4959; x_wconf 81' lang='lat' dir='ltr'><strong>Neque</strong></span> <span class='ocrx_word' id='word_1_818' title='bbox 3213 4899 3388 4945; x_wconf 89' lang='lat' dir='ltr'><strong>tamen</strong></span> <span class='ocrx_word' id='word_1_819' title='bbox 3421 4890 3508 4946; x_wconf 90' lang='lat' dir='ltr'><strong>ille</strong></span> <span class='ocrx_word' id='word_1_820' title='bbox 3535 4891 3615 4961; x_wconf 79' lang='lat' dir='ltr'><strong>ip-</strong></span> 
     </span>
    </p>
   </div>
   <div class='ocr_carea' id='block_1_110' title="bbox 2027 4981 3617 5054">
    <p class='ocr_par' dir='ltr' id='par_1_110' title="bbox 2027 4981 3617 5054">
     <span class='ocr_line' id='line_1_110' title="bbox 2027 4981 3617 5054; baseline 0.001 -16"><span class='ocrx_word' id='word_1_821' title='bbox 2027 4997 2145 5038; x_wconf 90' lang='lat' dir='ltr'><strong>sum</strong></span> <span class='ocrx_word' id='word_1_822' title='bbox 2198 4982 2396 5038; x_wconf 90' lang='lat' dir='ltr'><strong>bibisse</strong></span> <span class='ocrx_word' id='word_1_823' title='bbox 2425 4981 2698 5036; x_wconf 84' lang='lat' dir='ltr'><strong>ostendit:</strong></span> <span class='ocrx_word' id='word_1_824' title='bbox 2733 4981 2862 5036; x_wconf 87' lang='lat' dir='ltr'><strong>nihil</strong></span> <span class='ocrx_word' id='word_1_825' title='bbox 2915 4983 3056 5035; x_wconf 89' lang='lat' dir='ltr'><strong>enim</strong></span> <span class='ocrx_word' id='word_1_826' title='bbox 3107 4982 3357 5038; x_wconf 78' lang='lat' dir='ltr'><strong>differunt</strong></span> <span class='ocrx_word' id='word_1_827' title='bbox 3399 4997 3617 5054; x_wconf 85' lang='lat' dir='ltr'><strong>gustare</strong></span> 
     </span>
    </p>
   </div>
   <div class='ocr_carea' id='block_1_111' title="bbox 2027 5073 3614 5146">
    <p class='ocr_par' dir='ltr' id='par_1_111' title="bbox 2027 5073 3614 5146">
     <span class='ocr_line' id='line_1_111' title="bbox 2027 5073 3614 5146; baseline -0.001 -16"><span class='ocrx_word' id='word_1_828' title='bbox 2027 5076 2200 5130; x_wconf 83' lang='lat' dir='ltr'><strong>solum</strong></span> <span class='ocrx_word' id='word_1_829' title='bbox 2230 5082 2285 5130; x_wconf 90' lang='lat' dir='ltr'><strong>et</strong></span> <span class='ocrx_word' id='word_1_830' title='bbox 2311 5087 2414 5129; x_wconf 92' lang='lat' dir='ltr'><strong>non</strong></span> <span class='ocrx_word' id='word_1_831' title='bbox 2445 5073 2649 5137; x_wconf 90' lang='lat' dir='ltr'><strong>bibere,</strong></span> <span class='ocrx_word' id='word_1_832' title='bbox 2681 5074 2776 5127; x_wconf 88' lang='lat' dir='ltr'><strong>sed</strong></span> <span class='ocrx_word' id='word_1_833' title='bbox 2825 5081 3110 5143; x_wconf 90' lang='lat' dir='ltr'><strong>utrumque</strong></span> <span class='ocrx_word' id='word_1_834' title='bbox 3139 5073 3369 5142; x_wconf 86' lang='lat' dir='ltr'><strong>idipsum</strong></span> <span class='ocrx_word' id='word_1_835' title='bbox 3414 5076 3614 5146; x_wconf 66' lang='lat' dir='ltr'><strong>signiti-</strong></span> 
     </span>
    </p>
   </div>
   <div class='ocr_carea' id='block_1_112' title="bbox 2028 5164 3617 5238">
    <p class='ocr_par' dir='ltr' id='par_1_112' title="bbox 2028 5164 3617 5238">
     <span class='ocr_line' id='line_1_112' title="bbox 2028 5164 3617 5238; baseline -0.001 -14"><span class='ocrx_word' id='word_1_836' title='bbox 2028 5178 2133 5224; x_wconf 86' lang='lat' dir='ltr'><strong>cat.</strong></span> <span class='ocrx_word' id='word_1_837' title='bbox 2161 5167 2342 5238; x_wconf 86' lang='lat' dir='ltr'><strong>Neque</strong></span> <span class='ocrx_word' id='word_1_838' title='bbox 2369 5177 2544 5221; x_wconf 91' lang='lat' dir='ltr'><strong>tamen</strong></span> <span class='ocrx_word' id='word_1_839' title='bbox 2592 5166 2678 5220; x_wconf 90' lang='lat' dir='ltr'><strong>hic</strong></span> <span class='ocrx_word' id='word_1_840' title='bbox 2729 5165 2938 5220; x_wconf 90' lang='lat' dir='ltr'><strong>furendi</strong></span> <span class='ocrx_word' id='word_1_841' title='bbox 2975 5166 3131 5219; x_wconf 89' lang='lat' dir='ltr'><strong>linem</strong></span> <span class='ocrx_word' id='word_1_842' title='bbox 3182 5164 3456 5231; x_wconf 80' lang='lat' dir='ltr'><strong>fecerunt;</strong></span> <span class='ocrx_word' id='word_1_843' title='bbox 3492 5184 3617 5222; x_wconf 76' lang='lat' dir='ltr'><strong>nam</strong></span> 
     </span>
    </p>
   </div>
   <div class='ocr_carea' id='block_1_113' title="bbox 2032 5258 3611 5331">
    <p class='ocr_par' dir='ltr' id='par_1_113' title="bbox 2032 5258 3611 5331">
     <span class='ocr_line' id='line_1_113' title="bbox 2032 5258 3611 5331; baseline -0.001 -17"><span class='ocrx_word' id='word_1_844' title='bbox 2032 5271 2309 5331; x_wconf 88' lang='lat' dir='ltr'><strong>postquam</strong></span> <span class='ocrx_word' id='word_1_845' title='bbox 2335 5259 2687 5322; x_wconf 87' lang='lat' dir='ltr'><strong>nudaverant,</strong></span> <span class='ocrx_word' id='word_1_846' title='bbox 2719 5258 3115 5320; x_wconf 81' lang='lat' dir='ltr'><strong>crucilixeraut,</strong></span> <span class='ocrx_word' id='word_1_847' title='bbox 3155 5267 3363 5312; x_wconf 89' lang='lat' dir='ltr'><strong>acetum</strong></span> <span class='ocrx_word' id='word_1_848' title='bbox 3404 5259 3611 5312; x_wconf 42' lang='lat' dir='ltr'><strong>obtule‘</strong></span> 
     </span>
    </p>
   </div>
   <div class='ocr_carea' id='block_1_114' title="bbox 2031 5347 3616 5422">
    <p class='ocr_par' dir='ltr' id='par_1_114' title="bbox 2031 5347 3616 5422">
     <span class='ocr_line' id='line_1_114' title="bbox 2031 5347 3616 5422; baseline -0.002 -15"><span class='ocrx_word' id='word_1_849' title='bbox 2031 5362 2171 5419; x_wconf 88' lang='lat' dir='ltr'><strong>rant,</strong></span> <span class='ocrx_word' id='word_1_850' title='bbox 2203 5351 2340 5408; x_wconf 88' lang='lat' dir='ltr'><strong>ultra</strong></span> <span class='ocrx_word' id='word_1_851' title='bbox 2370 5350 2816 5422; x_wconf 86' lang='lat' dir='ltr'><strong>progrediuntur;</strong></span> <span class='ocrx_word' id='word_1_852' title='bbox 2848 5357 2900 5403; x_wconf 91' lang='lat' dir='ltr'><strong>et</strong></span> <span class='ocrx_word' id='word_1_853' title='bbox 2932 5349 3076 5402; x_wconf 90' lang='lat' dir='ltr'><strong>cruci</strong></span> <span class='ocrx_word' id='word_1_854' title='bbox 3105 5347 3325 5403; x_wconf 73' lang='lat' dir='ltr'><strong>afﬁxum</strong></span> <span class='ocrx_word' id='word_1_855' title='bbox 3352 5349 3616 5414; x_wconf 89' lang='lat' dir='ltr'><strong>videntes,</strong></span> 
     </span>
    </p>
   </div>
   <div class='ocr_carea' id='block_1_115' title="bbox 2032 5439 3618 5515">
    <p class='ocr_par' dir='ltr' id='par_1_115' title="bbox 2032 5439 3618 5515">
     <span class='ocr_line' id='line_1_115' title="bbox 2032 5439 3618 5515; baseline -0.001 -15"><span class='ocrx_word' id='word_1_856' title='bbox 2032 5445 2355 5515; x_wconf 76' lang='lat' dir='ltr'><strong>exprobrant</strong></span> <span class='ocrx_word' id='word_1_857' title='bbox 2385 5454 2438 5498; x_wconf 89' lang='lat' dir='ltr'><strong>et</strong></span> <span class='ocrx_word' id='word_1_858' title='bbox 2467 5443 2563 5509; x_wconf 94' lang='lat' dir='ltr'><strong>illi,</strong></span> <span class='ocrx_word' id='word_1_859' title='bbox 2592 5452 2645 5498; x_wconf 89' lang='lat' dir='ltr'><strong>et</strong></span> <span class='ocrx_word' id='word_1_860' title='bbox 2684 5443 2720 5496; x_wconf 92' lang='lat' dir='ltr'><strong>ii</strong></span> <span class='ocrx_word' id='word_1_861' title='bbox 2745 5441 2833 5510; x_wconf 89' lang='lat' dir='ltr'><strong>qui</strong></span> <span class='ocrx_word' id='word_1_862' title='bbox 2865 5439 3470 5511; x_wconf 72' lang='lat' dir='ltr'><strong>prtetergrediehantur:</strong></span> <span class='ocrx_word' id='word_1_863' title='bbox 3499 5455 3618 5513; x_wconf 77' lang='lat' dir='ltr'><strong>quat</strong></span> 
     </span>
    </p>
   </div>
   <div class='ocr_carea' id='block_1_116' title="bbox 2033 5531 3622 5605">
    <p class='ocr_par' dir='ltr' id='par_1_116' title="bbox 2033 5531 3622 5605">
     <span class='ocr_line' id='line_1_116' title="bbox 2033 5531 3622 5605; baseline -0.001 -14"><span class='ocrx_word' id='word_1_864' title='bbox 2033 5536 2270 5591; x_wconf 90' lang='lat' dir='ltr'><strong>omnium</strong></span> <span class='ocrx_word' id='word_1_865' title='bbox 2299 5534 2610 5605; x_wconf 89' lang='lat' dir='ltr'><strong>gravissima</strong></span> <span class='ocrx_word' id='word_1_866' title='bbox 2645 5541 2800 5588; x_wconf 86' lang='lat' dir='ltr'><strong>erant</strong></span> <span class='ocrx_word' id='word_1_867' title='bbox 2848 5531 3010 5598; x_wconf 89' lang='lat' dir='ltr'><strong>mala,</strong></span> <span class='ocrx_word' id='word_1_868' title='bbox 3060 5531 3274 5602; x_wconf 80' lang='lat' dir='ltr'><strong>quando</strong></span> <span class='ocrx_word' id='word_1_869' title='bbox 3323 5533 3622 5590; x_wconf 84' lang='lat' dir='ltr'><strong>seductorts</strong></span> 
     </span>
    </p>
   </div>
   <div class='ocr_carea' id='block_1_117' title="bbox 2098 5687 3622 5765">
    <p class='ocr_par' dir='ltr' id='par_1_117' title="bbox 2098 5687 3622 5765">
     <span class='ocr_line' id='line_1_117' title="bbox 2098 5687 3622 5765; baseline -0.003 -22"><span class='ocrx_word' id='word_1_870' title='bbox 2098 5696 2116 5726; x_wconf 75' lang='grc' dir='ltr'>ί</span> <span class='ocrx_word' id='word_1_871' title='bbox 2149 5700 2280 5765; x_wconf 53' lang='lat' dir='ltr'><strong>litae,</strong></span> <span class='ocrx_word' id='word_1_872' title='bbox 2305 5690 2427 5765; x_wconf 65' lang='lat' dir='ltr'><strong>Quid</strong></span> <span class='ocrx_word' id='word_1_873' title='bbox 2449 5697 2718 5765; x_wconf 64' lang='lat' dir='ltr'><strong>estnutent,</strong></span> <span class='ocrx_word' id='word_1_874' title='bbox 2751 5706 2775 5736; x_wconf 76' lang='grc' dir='ltr'>ι</span> <span class='ocrx_word' id='word_1_875' title='bbox 2795 5695 3177 5765; x_wconf 64' lang='lat' dir='ltr'><strong>cauummatum</strong></span> <span class='ocrx_word' id='word_1_876' title='bbox 3200 5695 3271 5765; x_wconf 60' lang='lat' dir='ltr'><strong>est</strong></span> <span class='ocrx_word' id='word_1_877' title='bbox 3286 5703 3320 5765; x_wconf 50' lang='grc' dir='ltr'>ξ</span> <span class='ocrx_word' id='word_1_878' title='bbox 3340 5687 3390 5765; x_wconf 78' lang='lat' dir='ltr'><strong>in</strong></span> <span class='ocrx_word' id='word_1_879' title='bbox 3413 5692 3622 5760; x_wconf 51' lang='lat' dir='ltr'><strong>Savium</strong></span> 
     </span>
    </p>
   </div>
   <div class='ocr_carea' id='block_1_118' title="bbox 2034 5749 3621 5870">
    <p class='ocr_par' dir='ltr' id='par_1_118' title="bbox 2034 5749 3621 5870">
     <span class='ocr_line' id='line_1_118' title="bbox 2034 5749 3621 5870; baseline -0.002 -66"><span class='ocrx_word' id='word_1_880' title='bbox 2034 5749 2401 5870; x_wconf 44' lang='grc' dir='ltr'><strong>ξτῗῶεξὶὲυξυὲξθ</strong></span> <span class='ocrx_word' id='word_1_881' title='bbox 2423 5761 2538 5805; x_wconf 87' lang='lat' dir='ltr'><strong>sunt</strong></span> <span class='ocrx_word' id='word_1_882' title='bbox 2559 5767 2652 5818; x_wconf 87' lang='lat' dir='ltr'><strong>per</strong></span> <span class='ocrx_word' id='word_1_883' title='bbox 2687 5749 3139 5812; x_wconf 72' lang='lat' dir='ltr'><strong>hommoteleuton;</strong></span> <span class='ocrx_word' id='word_1_884' title='bbox 3183 5749 3272 5800; x_wconf 90' lang='lat' dir='ltr'><strong>sed</strong></span> <span class='ocrx_word' id='word_1_885' title='bbox 3305 5749 3547 5802; x_wconf 83' lang='lat' dir='ltr'><strong>habentur</strong></span> <span class='ocrx_word' id='word_1_886' title='bbox 3573 5751 3621 5802; x_wconf 84' lang='lat' dir='ltr'><strong>in</strong></span> 
     </span>
    </p>
   </div>
  </div>
