4104 6380
464 298 563 355 7⁸71

471 414 688 470 nomine
731 411 836 466 hoc
877 405 1192 479 patiebatur,
1223 413 1280 458 ut
1308 413 1563 469 arrogans
1601 407 1654 453 et
1680 394 2061 466 jactabundus.

473 504 598 561 Ideo
640 504 788 556 illum
842 508 898 554 et
936 497 1147 568 publice
1200 494 1597 554 crucifixcrunt,
1646 497 1707 543 ut
1760 486 2061 540 videntibus

478 594 728 649 munibus
771 593 1133 660 vituperarent
1157 604 1171 639 :
1206 586 1326 639 ideo
1355 584 1513 637 etiam
1542 580 1768 634 militum
1797 576 2061 639 manibus,

480 697 534 738 at
558 700 680 740 cum
718 683 834 738 haec
865 697 959 751 per
990 678 1257 750 publicum
1292 673 1551 746 judicium
1591 671 1801 735 fierent,
1830 667 2065 722 furorem

480 778 736 846 majorem
776 774 1111 829 exhiberem.

453 899 461 922 ι
551 881 608 935 2.
650 881 720 934 At
745 892 874 932 vero
900 889 1057 946 quem
1084 887 1188 926 non
1218 871 1457 925 ﬂexisset
1486 866 1637 921 turba
1665 876 1896 933 sequens
1914 869 1970 915 et
1993 859 2069 914 la-

483 970 775 1044 crymans?
824 968 939 1023 Non
968 977 1144 1021 tamen
1182 966 1343 1017 hasce
1372 960 1592 1015 belluas.
1623 956 1957 1025 Quapropter
1984 951 2075 1005 ille

488 1063 587 1116 hos
614 1058 965 1129 responsione
995 1056 1263 1124 dignatur,
1298 1052 1418 1104 illos
1440 1064 1613 1103 secus.
1642 1045 1771 1111 Nam
1798 1054 2073 1113 postquam

485 1154 665 1207 omnia
698 1167 793 1221 pro
815 1149 980 1203 lubito
1011 1147 1269 1211 fecerant,
1300 1144 1495 1197 fumant
1520 1140 1635 1208 ejus
1658 1137 1850 1191 laedere
1874 1149 2076 1189 conan-

487 1254 595 1309 tur,
626 1243 742 1313 ejus
791 1238 1236 1296 resurrectionem
1279 1235 1548 1288 timentes.
1575 1229 1699 1284 Ideo
1724 1227 1838 1281 haec
1868 1223 2078 1294 publice

493 1338 712 1407 jactant,
746 1335 981 1387 latrones
1005 1344 1124 1384 cum
1171 1328 1265 1381 illo
1289 1324 1627 1393 crucifigunt,
1674 1328 1729 1375 et
1754 1328 1810 1372 ut
1835 1316 2081 1372 seducto-

494 1444 608 1487 rem
623 1426 989 1488 ostenderent,
1006 1421 1253 1477 dicebant
1273 1417 1389 1473 :40.
1412 1416 1512 1484 Qui
1526 1413 1677 1469 solvis
1688 1411 1949 1480 templum,
1970 1418 2013 1462 et
2027 1407 2082 1461 in

490 1518 652 1571 tribus
669 1517 844 1570 diebus
865 1515 1110 1578 aedificas,
1128 1509 1373 1566 descende
1391 1510 1454 1562 de
1467 1522 1632 1560 cruce.
1653 1505 1781 1559 Nam
1799 1503 1919 1571 quia
1941 1500 2081 1555 Pila-

496 1621 607 1662 tum
628 1615 877 1677 rogantes
899 1616 956 1659 ut
978 1605 1286 1673 inscriptam
1308 1614 1521 1655 causam
1551 1597 1786 1662 tolleret,
1806 1608 1924 1663 qua:
1945 1598 2081 1653 erat,

495 1700 607 1754 Rea:
634 1698 959 1762 Iudaeorum,
992 1695 1124 1750 nihil
1154 1695 1523 1764 impetrarunt,
1552 1690 1647 1745 sed
1672 1687 1865 1743 institit
1892 1685 1978 1740 ille
2005 1683 2086 1738 di-

490 1806 623 1845 cens
647 1807 659 1842 :
688 1788 834 1855 Quod
855 1788 1055 1857 scripsi,
1086 1786 1267 1855 scripsi
1307 1799 1325 1838 :
1354 1784 1429 1838 illi
1458 1781 1672 1836 demum
1703 1778 1949 1833 irrisione
1991 1788 2086 1829 sua

494 1880 721 1951 probare
761 1878 1054 1942 tentabant,
1098 1877 1268 1945 ipsum
1312 1890 1417 1929 non
1464 1886 1584 1927 esse
1618 1884 1818 1939 regem.
1865 1867 1986 1922 Ideo
2034 1872 2090 1917 et

497 1971 613 2025 haec
638 1980 692 2024 et
742 1970 827 2023 illa
855 1968 1103 2023 dicebant
1131 1984 1144 2018 :
1173 1966 1261 2020 42.
1297 1966 1357 2020 Si
1385 1979 1476 2018 rex
1502 1961 1668 2016 Israel
1701 1969 1794 2025 est,
1822 1956 2089 2012 descendat

496 2078 634 2117 nunc
663 2062 725 2114 de
749 2076 895 2113 cruce
922 2078 940 2117 :
975 2067 1030 2113 et
1056 2072 1288 2124 rursum,
1320 2056 1464 2110 Alios
1493 2055 1658 2109 salvos
1702 2052 1840 2122 fecit,
1870 2049 2091 2119 seipsum

497 2171 597 2208 non
622 2162 779 2222 potest
806 2152 998 2206 salvum
1021 2151 1188 2220 facere
1209 2165 1229 2203 :
1266 2157 1321 2204 et
1344 2146 1615 2218 prioribus
1655 2143 1821 2214 signis
1851 2141 1973 2195 hinc
1991 2140 2089 2196 de-

504 2244 723 2297 trahere
739 2241 1083 2295 conabantur
1102 2256 1117 2305 ;
1136 2247 1190 2292 et
1205 2252 1421 2301 rursus,
1437 2234 1496 2290 Si
1516 2233 1690 2288 Filius
1707 2232 1803 2288 Dei
1821 2241 1897 2287 est
1912 2242 1961 2287 et
1980 2231 2089 2286 vult

502 2351 645 2399 eum,
668 2334 872 2388 salvum
887 2333 1185 2403 [aciateum
1208 2330 1247 2383 ί.
1268 2327 1311 2383 Ο
1334 2328 1550 2383 scelesti
1566 2337 1620 2381 et
1637 2324 1960 2381 exsecrandi
1978 2324 2088 2378 lAn

506 2426 785 2497 propheta:
810 2440 916 2478 non
938 2432 1095 2477 erant
1111 2420 1411 2491 prophetae?
1426 2435 1494 2474 an
1515 2418 1785 2488 justi,non
1798 2416 2089 2488 justi,quia

508 2519 653 2574 Deus
676 2518 799 2573 illos
839 2533 904 2572 ex
929 2515 1190 2586 periculis
1211 2528 1318 2567 non
1340 2512 1586 2581 eripuit?
1618 2510 1785 2578 Atqui
1804 2518 1960 2564 erant
1990 2506 2097 2563 etsi

509 2611 657 2681 passi
675 2611 803 2663 sint.
819 2607 957 2673 Quid
984 2605 1212 2659 insaniae
1233 2612 1427 2658 vestrae
1445 2618 1541 2672 par
1558 2600 1896 2657 fueritmam
1917 2599 1962 2654 si
1985 2599 2101 2653 illo-

512 2720 634 2759 rum
659 2702 885 2772 gloriam
924 2713 1034 2753 non
1061 2694 1623 2751 labelactaruntillata
1662 2690 2022 2762 illispericula
2046 2698 2103 2743 et

516 2794 780 2858 mala,sed
796 2793 1076 2863 propheta:
1092 2786 1493 2852 erant,etiamsi
1513 2786 1602 2841 illa
1618 2800 1681 2854 pa
1692 2794 1900 2839 terentu
1910 2780 2103 2837 r:mul-

517 2897 575 2941 to
591 2885 763 2955 magis
776 2899 881 2938 non
892 2880 1175 2937 debebatis
1190 2880 1257 2935 de
1276 2880 1379 2934 hoc
1395 2876 1754 2934 scandalizari
1773 2875 1865 2946 qui
1878 2872 2106 2930 etfactis

509 2983 564 3027 et
589 2972 761 3027 verbis
786 2972 899 3025 suis
944 2969 1131 3024 falsam
1165 2967 1302 3022 hanc
1326 2966 1524 3037 repulit
1571 2965 1903 3035 opinionem.
1938 2964 2093 3017 Atta-

514 3083 639 3121 men
675 3065 788 3120 bzec
808 3064 1049 3119 dicentes
1073 3070 1127 3117 et
1150 3071 1370 3133 agentes
1398 3058 1529 3115 nihil
1564 3059 1648 3113 vel
1695 3059 1748 3112 in
1794 3058 1912 3127 ipso
1957 3064 2098 3111 tem-

454 3221 458 3225 _
514 3174 641 3229 pore
668 3158 839 3212 facere
859 3164 1163 3226 potuerunt.
1193 3152 1352 3209 Certe
1380 3152 1469 3221 qui
1499 3150 1646 3205 omni
1671 3150 1947 3220 iniquitate
1968 3161 2094 3202 cor-

513 3260 699 3317 ruptus
727 3258 864 3314 erat,
893 3247 985 3317 qui
1033 3246 1196 3299 vitam
1246 3243 1297 3298 in
1348 3243 1586 3298 caedibus
1633 3249 1687 3296 et
1732 3239 2100 3311 sepulcrorum

514 3340 891 3396 emissionibus
929 3338 1168 3409 degerat,
1214 3350 1335 3390 cum
1375 3333 1491 3390 hcce
1547 3333 1891 3396 dicerentur,
1929 3332 2100 3399 ipsum

518 3431 793 3486 confessus
817 3439 917 3495 est,
971 3438 1025 3483 et
1080 3442 1302 3498 regnum
1357 3425 1817 3487 commemoravit,
1848 3422 2104 3493 plebsque

515 3525 663 3578 illum
694 3522 928 3593 lugebat.
958 3519 1291 3590 Quamquam
1332 3517 1647 3573 videbantur
1672 3530 1758 3570 res
1780 3524 1944 3584 gesta:
1971 3528 2102 3568 con-

515 3615 674 3669 traria
702 3613 1001 3683 signiﬁcare
1022 3611 1084 3666 iis
1112 3611 1203 3681 qui
1224 3609 1463 3682 mysterii
1490 3607 1845 3664 meonomiam
1874 3621 1980 3660 non
2008 3619 2106 3660 no-

517 3716 722 3774 verant,
749 3706 890 3777 quod
916 3720 1108 3775 nempe
1134 3702 1381 3759 infirmus
1418 3711 1581 3768 esset,
1615 3701 1853 3771 nihilque
1878 3707 2059 3770 posset
2085 3713 2101 3752 :

517 3808 751 3855 attamen
779 3801 977 3854 veritas
1026 3812 1123 3868 per
1146 3794 1412 3852 contraria
1445 3794 1607 3849 etiam
1654 3792 1951 3864 praevaluit.
1981 3791 2106 3847 Haec

519 3890 677 3962 igitur
715 3890 1013 3955 audientes,
1046 3902 1315 3943 armemus
1342 3901 1441 3942 nos
1473 3895 1657 3942 contra
1688 3886 1822 3939 iram
1866 3893 1920 3939 et
1963 3885 2109 3938 furo-

520 4000 655 4039 rem.
685 3982 740 4038 Si
787 3993 992 4036 tumere
1019 3979 1101 4036 vel
1128 3978 1444 4034 inflammari
1473 3992 1567 4032 cor
1603 3985 1749 4031 tuum
1779 3974 1996 4039 videris,
2028 3973 2105 4029 si-

518 4074 745 4147 gnaculo
761 4073 935 4128 crucis
959 4081 1146 4143 pectus
1176 4079 1321 4124 tuum
1352 4069 1558 4124 munito
1593 4086 1606 4122 :
1638 4067 1896 4123 memoria
1923 4073 2108 4135 repete

520 4167 611 4223 illa
640 4181 758 4237 qua:
784 4175 907 4219 tunc
954 4165 1312 4233 contigerunt,
1357 4170 1411 4217 et
1456 4161 1646 4216 horum
1692 4160 1950 4214 memoria
1976 4160 2107 4213 iram

520 4271 734 4313 omnem
757 4264 813 4311 ut
834 4254 1107 4325 pulverem
1140 4254 1400 4308 excuties.
1428 4249 1614 4322 Cogita
1639 4251 1800 4305 verba
1827 4259 1882 4306 et
1908 4260 2058 4320 gesta
2090 4266 2105 4305 :

520 4347 694 4418 cogita
738 4346 883 4400 illum
939 4358 1059 4399 esse
1098 4343 1419 4408 Dominum,
1475 4352 1633 4411 teque
1670 4357 1882 4396 servum
1917 4358 1930 4396 :
1963 4340 2107 4395 illum

522 4445 741 4510 propter
768 4445 819 4489 te
841 4450 1058 4505 passum
1099 4449 1239 4497 esse,
1288 4442 1340 4488 te
1368 4441 1587 4502 propter
1616 4441 1668 4486 te
1722 4430 1928 4500 ipsum;
1960 4431 2107 4485 illum

526 4548 621 4601 pro
652 4531 716 4584 iis
752 4528 842 4600 qui
886 4526 1158 4582 beneficiis
1187 4526 1362 4580 affecti
1404 4526 1574 4593 ipsum
1603 4524 2017 4593 crueiligcbant,
2057 4534 2111 4578 te

524 4639 620 4691 pro
643 4631 694 4676 te
721 4621 863 4691 ipso;
885 4618 1033 4672 illum
1058 4632 1154 4687 pro
1171 4617 1235 4671 iis
1254 4617 1342 4686 qui
1367 4631 1425 4670 se
1441 4614 1779 4669 contumeliis
1800 4614 2107 4681 affecerant,

525 4724 576 4767 te
604 4727 747 4781 saepe
779 4726 875 4779 pro
910 4709 974 4763 iis
999 4722 1132 4778 quos
1182 4706 1398 4772 laesisti;
1437 4706 1581 4760 illum
1610 4705 1825 4760 vidente
1862 4705 2109 4773 civitate,

527 4807 637 4860 imo
662 4802 857 4875 populo
886 4811 997 4856 toto
1017 4799 1319 4855 Judatorum
1341 4841 1355 4864 ,
1388 4799 1811 4870 peregrinorum,
1837 4798 2114 4869 indigena-

528 4909 668 4960 rum,
696 4894 889 4964 quibus
911 4891 1233 4961 benignitate
1261 4889 1413 4959 plena
1438 4890 1598 4943 verba
1622 4890 1857 4959 protulit,
1894 4900 1947 4945 te
1983 4905 2112 4961 pau-

528 4990 608 5045 cis
658 4985 1007 5058 prazsentibus
1045 5002 1059 5038 :
1105 4993 1159 5039 et
1199 4982 1339 5054 quod
1387 4982 1604 5052 majoris
1630 4998 1747 5037 esse
1777 4983 2113 5051 contumelia:

530 5080 762 5143 videtur,
811 5076 953 5148 quod
999 5075 1285 5131 derelictus
1317 5074 1386 5128 sit
1426 5091 1456 5127 a
1503 5074 1795 5144 discipulis.
1834 5073 1968 5130 Nam
2020 5075 2113 5146 qui

533 5180 687 5227 antea
716 5169 885 5238 ipsum
911 5166 1173 5231 colebant,
1198 5167 1535 5220 resilierunt:
1569 5165 1767 5219 inimici
1789 5181 1918 5220 vero
1940 5175 1992 5221 et
2021 5168 2116 5222 ad-

535 5261 755 5317 versarii
788 5259 840 5313 in
873 5258 1048 5312 medio
1078 5256 1332 5329 positum,
1373 5257 1650 5319 conviciis,
1688 5257 1818 5319 risu,
1852 5258 2115 5312 illusioni-

536 5356 635 5411 bus
676 5352 1098 5407 dehonestarunt
1121 5390 1137 5414 ,
1166 5349 1372 5415 Judaei,
1401 5350 1616 5415 milites,
1651 5349 1774 5404 hinc
1803 5360 1858 5405 et
1885 5350 2007 5406 inde
2035 5351 2116 5405 la-

537 5457 720 5501 trones
749 5462 761 5496 :
794 5442 951 5496 ambo
978 5442 1173 5510 quippe
1209 5441 1441 5495 latrones
1472 5440 1642 5509 ipsum
1674 5440 1879 5509 probris
1906 5450 1960 5496 et
1983 5456 2117 5495 con-

540 5540 776 5596 tumeliis
796 5535 1115 5591 efficiebant.
1149 5533 1425 5602 Quomodo
1451 5549 1578 5603 ergo
1598 5533 1768 5588 Lucas
1783 5534 1927 5599 dicit,
1954 5550 2115 5589 unum

614 5724 633 5759 ⁸
666 5724 764 5777 Alli
781 5725 990 5789 habent,
1016 5724 1063 5779 si
1093 5722 1253 5777 Filius
1295 5724 1381 5779 Dei
1400 5741 1471 5791 es,
1502 5726 1641 5779 salva
1672 5727 1986 5793 temetipsum.

1198 284 1257 343 S.
1296 281 1571 341 JOANNIS
1607 274 2076 336 CIIRYSOSTOMI
2119 273 2434 329 ARCHIEP.
2472 275 3008 334 CONSTANTINUP.

3663 279 3766 336 77'}

2183 408 2249 450 ex
2304 395 2599 452 latronibus
2651 396 2880 452 alterum
2931 398 3236 469 increpasse
3276 396 3439 471 (Luc.
3484 396 3573 451 9.2.
3619 397 3725 468 40)

2183 486 2478 560 Utrumque
2500 489 2695 543 factum
2718 502 2800 543 est
2826 509 2839 543 :
2863 493 3093 561 primum
3120 492 3261 545 enim
3284 491 3445 546 ambo
3471 489 3759 560 exprobra-

2184 581 2342 643 bant,
2387 590 2569 649 postea
2610 598 2718 635 non
2766 583 2916 636 item.
2948 582 3025 637 Ne
3064 592 3219 651 putes
3267 582 3407 636 enim
3446 596 3512 635 ex
3533 580 3767 650 quodam

2183 685 2338 744 pacto
2365 689 2478 729 rem
2507 683 2707 742 gestam
2745 672 2929 737 fuisse,
2958 684 3049 728 aut
3078 674 3339 728 latronem
3369 689 3472 727 non
3506 673 3666 727 fuisse
3691 672 3741 728 la

2186 776 2414 829 tronem,
2448 779 2476 817 a
2505 765 2823 818 contumelia
2857 764 2985 818 illud
3013 763 3103 818 tibi
3134 764 3369 818 declarat
3396 780 3409 817 :
3456 778 3686 833 superne
3713 762 3770 818 in

2184 870 2342 911 cruce
2370 857 2505 909 latro
2530 867 2646 910 erat
2672 865 2727 911 et
2756 856 3030 921 inimicus;
3053 856 3147 911 sed
3170 865 3388 925 repente
3410 864 3641 910 mutatus
3660 865 3769 910 est.

2189 949 2313 1004 llznc
2340 950 2496 1020 igitur
2516 950 2692 1004 omnia
2720 959 2894 1004 tecum
2925 960 3176 1019 reputans
3210 951 3602 1020 philosophare.
3629 948 3769 1017 Quid

2186 1044 2325 1097 enim
2346 1054 2551 1097 tantum
2576 1045 2791 1112 pateris,
2820 1054 3075 1113 quantum
3104 1044 3362 1099 Dominus
3390 1042 3548 1099 tuus?
3576 1059 3641 1098 an
3672 1060 3775 1113 pu-

2188 1134 2326 1189 blice
2352 1134 2683 1204 vituperatus
2709 1137 2810 1190 es?
2835 1134 2939 1191 Sed
2971 1151 3075 1190 non
3114 1150 3235 1190 cum
3281 1136 3439 1190 tantis
3483 1145 3769 1190 contume-

2190 1226 2295 1280 liis.
2320 1226 2644 1281 Verberibus
2672 1241 2844 1282 cmsus
2868 1227 2961 1281 es?
2984 1227 3088 1282 Sed
3120 1243 3223 1282 non
3249 1235 3360 1281 toto
3387 1243 3613 1297 corpore
3631 1268 3644 1290 ,
3669 1241 3771 1283 ne-

2187 1332 2291 1387 que
2310 1317 2379 1371 ita
2398 1317 2626 1372 nudatus
2648 1327 2704 1373 et
2727 1317 3041 1389 ﬂagellatus.
3067 1317 3122 1374 Si
3145 1328 3321 1374 autem
3343 1319 3580 1389 colaphis
3598 1334 3772 1375 caasus

2189 1426 2267 1471 es,
2302 1420 2355 1464 at
2386 1428 2488 1464 non
2518 1412 2609 1466 illo
2648 1412 2822 1466 modo.

2261 1503 2315 1557 5.
2347 1502 2442 1556 His
2480 1503 2618 1558 adde
2660 1520 2688 1557 a
2734 1503 2961 1573 quibus.
3009 1518 3214 1573 quare,
3254 1503 3511 1573 quando:
3549 1513 3603 1557 et
3626 1503 3771 1572 quod

2189 1592 2557 1661 gravissimum
2588 1602 2689 1658 est,
2719 1593 2845 1648 dum
2873 1594 2987 1648 haec
3031 1594 3241 1660 fierent,
3277 1608 3436 1650 nemo
3465 1595 3769 1661 petulantes

2190 1682 2447 1752 arguebat
2468 1684 2555 1739 vel
2583 1684 2925 1754 increpabat;
2956 1697 3140 1739 contra
3166 1700 3327 1749 vero,
3358 1686 3669 1753 laudabant,
3697 1686 3773 1740 si-

2191 1775 2306 1830 mul
2350 1774 2631 1842 ridebant,
2663 1776 2821 1830 simul
2866 1776 3161 1831 illudebant
3185 1785 3241 1832 et
3266 1784 3323 1831 ut
3348 1767 3681 1848 arrogantem
3707 1791 3774 1832 ac

2191 1867 2527 1923 seductorem
2548 1910 2563 1933 ,
2586 1868 2676 1938 qui
2709 1885 2811 1923 non
2842 1878 3022 1939 posset
3050 1870 3189 1926 dicta
3219 1886 3315 1925 sua
3345 1871 3594 1940 operibus
3619 1887 3772 1927 com-

2193 1959 2443 2028 probare,
2472 1960 2549 2014 sic
2574 1960 2832 2015 conviciis
2861 1961 3205 2029 impetebant.
3231 1961 3323 2016 llle
3345 1977 3471 2016 vero
3497 1960 3564 2016 ad
3593 1962 3773 2016 omnia

2194 2052 2436 2119 tacebat,
2471 2068 2660 2122 magna
2693 2054 2845 2108 nobis
2876 2055 3108 2109 remedia
3138 2070 3329 2124 parans
3356 2055 3423 2109 ad
3466 2056 3773 2125 patientiam

2194 2146 2571 2218 exercendam.
2602 2144 2706 2200 Sed
2738 2161 2834 2200 nos
2866 2145 2979 2200 hinc
3006 2145 3313 2213 audientes,
3342 2164 3409 2203 ne
3435 2162 3622 2203 servos
3651 2147 3775 2218 qui-

2194 2231 2315 2287 dem
2363 2217 2575 2290 nostros
2605 2234 2746 2291 ferre
2778 2251 3057 2306 possumus
3082 2279 3097 2302 ,
3128 2242 3221 2293 sed
3270 2239 3546 2309 plusquam
3589 2217 3774 2309 onagri

2197 2323 2516 2379 insultamus
2541 2366 2555 2389 ,
2585 2326 2923 2381 calcitramus
2945 2366 2960 2393 ,
2992 2327 3133 2383 circa
3169 2344 3231 2383 ea
3262 2345 3379 2399 qua:
3410 2344 3505 2383 nos
3535 2339 3775 2399 spectant

2195 2417 2441 2472 crudeles
2468 2426 2523 2472 et
2561 2418 2873 2485 inhumani,
2907 2435 2968 2474 ea
3008 2436 3135 2475 vero
3165 2438 3282 2490 qua:
3311 2422 3375 2475 ad
3420 2422 3582 2476 Deum
3615 2422 3779 2491 perti-

2198 2518 2326 2562 nent
2353 2524 2456 2563 non
2487 2511 2616 2564 tanti
2640 2512 2911 2567 facientes.
2940 2513 3090 2567 Circa
3120 2515 3319 2566 amicos
3348 2514 3506 2568 etiam
3534 2514 3778 2568 similiter

2198 2600 2370 2655 affecti
2402 2616 2585 2658 sumus
2611 2622 2624 2658 :
2659 2605 2702 2659 si
2736 2605 2854 2673 quis
2885 2621 2984 2660 nos
3014 2605 3281 2672 offendat,
3312 2623 3415 2661 non
3449 2607 3702 2669 ferimus;
3731 2608 3777 2661 si

2198 2693 2520 2747 contumelia
2549 2694 2777 2759 alliciat,
2811 2697 2929 2766 plus
2959 2714 3118 2768 quam
3147 2698 3317 2754 bellua
3346 2700 3551 2769 quaevis
3582 2699 3777 2755 feroci-

2200 2799 2353 2849 mus,
2396 2786 2485 2855 qui
2535 2794 2711 2843 tamen
2760 2788 2875 2844 hare
2919 2791 3155 2861 quotidie
3196 2792 3435 2862 legimus.
3481 2791 3781 2862 Discipulus

2202 2878 2468 2947 prodidit,
2497 2881 2686 2951 reliqui
2717 2882 2806 2936 illo
2836 2883 3026 2939 relicto
3057 2883 3303 2955 fugerunt
3330 2904 3342 2939 :
3390 2885 3476 2939 alii
3508 2884 3779 2941 beneficiis

2202 2971 2376 3026 affecti
2405 2985 2804 3042 eonSpnerunt;
2846 2990 3034 3032 servus
3064 2978 3257 3032 summi
3288 2978 3547 3048 pontificis
3571 2979 3778 3047 alapam

2204 3062 2353 3119 dedit
2377 3080 2392 3131 ;
2421 3068 2620 3122 milites
2644 3068 2885 3139 colaphis
2913 3070 3255 3135 ceciderunt;
3286 3071 3376 3143 qui
3406 3072 3778 3141 prmteribant,

2204 3155 2499 3212 illudebant
2526 3168 2579 3213 et
2603 3160 3037 3217 conviciabantur
3065 3163 3112 3217 ei
3135 3179 3151 3226 ;
3184 3163 3415 3218 latrones
3436 3163 3781 3218 incusabant:

2205 3258 2260 3304 et
2284 3250 2540 3305 adversus
2564 3249 2680 3307 haec
2706 3268 2772 3307 ne
2799 3255 3015 3308 verbum
3048 3254 3259 3324 quidem
3292 3255 3380 3311 ille
3407 3256 3657 3326 protulit,
3684 3256 3780 3311 sed

2206 3341 2419 3396 silentio
2456 3356 2645 3397 omnes
2689 3344 2845 3409 vicit,
2896 3355 2953 3399 ut
2984 3356 3034 3401 te
3081 3347 3329 3414 operibus
3360 3348 3697 3415 institueret,
3732 3361 3783 3403 te

2207 3436 2406 3495 quanto
2435 3429 2765 3483 mansuetius
2792 3430 2928 3485 feres
2947 3472 2963 3497 ,
2996 3441 3140 3484 tanto
3167 3432 3335 3503 magis
3363 3433 3499 3486 inale
3528 3432 3782 3489 facientes

2209 3527 2606 3585 superaturum,
2636 3520 2988 3591 omnibusque
3014 3522 3350 3584 admirationi
3379 3523 3633 3578 futurum.
3657 3524 3785 3592 Quis

2208 3606 2353 3661 enim
2379 3622 2482 3663 non
2507 3611 2728 3664 miretur
2744 3625 2863 3665 eum
2882 3612 2969 3681 qui
2992 3612 3338 3668 contumelias
3363 3612 3466 3669 fert
3485 3615 3785 3684 patienter?

2209 3697 2670 3765 Quemadmodum
2700 3702 2839 3755 enim
2858 3702 2911 3757 si
2943 3703 3062 3773 quis
3092 3704 3251 3758 etiam
3275 3704 3419 3773 juste
3445 3708 3704 3775 patiatur,
3732 3717 3787 3762 et

2212 3791 2411 3846 malum
2434 3802 2713 3849 mansuete
2740 3792 2895 3861 ferat,
2919 3809 2947 3848 a
2971 3796 3151 3850 multis
3180 3804 3396 3867 putatur
3425 3798 3617 3866 injuste
3642 3797 3783 3867 pati:

2213 3882 2286 3937 ita
2313 3883 2358 3937 si
2388 3883 2583 3954 injuste
2610 3885 2837 3954 patiatur
2860 3895 2915 3941 et
2942 3885 3164 3942 ferociat
3186 3929 3201 3952 ,
3228 3902 3287 3943 se
3310 3887 3584 3958 justepati
3613 3890 3664 3945 in
3700 3905 3789 3944 su-

2212 3973 2503 4042 Spicionem
2535 3975 2733 4043 veniet,
2761 3985 2814 4031 et
2843 3976 3094 4031 ridiculus
3122 3978 3244 4042 erit,
3263 3987 3323 4032 ut
3350 3980 3593 4049 captivus
3616 3981 3684 4035 ab
3711 3978 3786 4036 ira

2214 4070 2538 4132 pertractus,
2566 4066 2653 4135 qni
2680 4065 3011 4120 nobilitatem
3034 4081 3184 4121 suam
3210 4068 3459 4137 perdidit.
3480 4068 3623 4124 Talis
3641 4072 3791 4141 quip-

2214 4168 2281 4223 pe
2303 4154 2465 4210 homo
2489 4171 2588 4211 nec
2615 4157 2751 4212 liber
2770 4158 2981 4228 quidem
3005 4158 3271 4214 vocandus
3291 4169 3393 4226 est,
3419 4161 3624 4215 etiamsi
3650 4163 3791 4217 mille

2215 4245 2384 4299 servis
2429 4244 2755 4302 dominetur.
2809 4251 2877 4303 At
2922 4258 2972 4304 te
3002 4250 3286 4303 admodum
3320 4251 3408 4305 ille
3439 4252 3695 4308 irritavit?
3725 4253 3792 4307 Et

2216 4336 2338 4405 quid
2368 4336 2507 4391 hoc?
2532 4337 2681 4407 Tunc
2701 4340 2843 4393 enim
2872 4340 3259 4409 philosophiam
3285 4344 3539 4398 exhibere
3562 4359 3657 4414 par
3674 4354 3786 4399 est:

2217 4445 2337 4485 cum
2367 4433 2510 4487 enim
2538 4438 2772 4488 concitat
2801 4451 2960 4490 nemo
2983 4479 2998 4501 ,
3033 4437 3173 4506 ipsas
3204 4438 3341 4493 feras
3384 4449 3684 4495 mansuetas
3711 4440 3790 4493 vi-

2216 4520 2406 4576 demus
2429 4538 2448 4576 :
2482 4538 2586 4577 non
2609 4539 2830 4594 semper
2867 4526 3008 4581 enim
3055 4527 3318 4583 ferociunt
3341 4570 3355 4593 ,
3389 4529 3483 4585 sed
3513 4545 3635 4584 cum
3677 4531 3790 4600 quis

2220 4611 2339 4667 illas
2367 4614 2733 4669 concitaverit.
2766 4613 2875 4670 Nos
2914 4632 3125 4687 quoque
3151 4619 3194 4672 si
3227 4628 3352 4674 tunc
3386 4629 3587 4675 tantum
3631 4623 3790 4692 quieti

2218 4717 2437 4768 sumus,
2467 4719 2588 4759 cum
2621 4721 2779 4762 nemo
2809 4722 2904 4762 nos
2932 4711 3203 4775 concitat,
3236 4711 3360 4780 quid
3394 4712 3622 4781 amplius
3654 4728 3782 4783 prte-

2218 4797 2461 4851 stamus?
2495 4797 2600 4851 lllae
2629 4799 2769 4853 enim
2811 4816 2952 4869 saepe
2975 4800 3117 4870 juste
3145 4803 3485 4873 indignantur
3507 4846 3521 4872 ,
3554 4815 3607 4860 ct
3636 4822 3792 4860 excu~

2219 4887 2324 4941 snri
2358 4898 2613 4957 possunt;
2658 4904 2780 4944 nam
2826 4902 3107 4947 commota:
3131 4903 3185 4948 et
3228 4903 3438 4964 puncta;
3482 4895 3789 4961 irritantur;

2218 4988 2477 5048 praeterea
2504 4979 2727 5034 rationis
2755 4971 2878 5035 s'unt
2904 4992 3154 5052 expertes
3173 5024 3189 5049 ,
3220 4993 3274 5039 et
3299 5001 3365 5040 ex
3399 4996 3584 5040 natura
3614 4986 3791 5041 ferita-

2220 5079 2329 5125 tem
2358 5070 2576 5126 habent.
2621 5071 2701 5125 Tu
2730 5087 2857 5127 vero
2883 5074 2925 5127 si
2958 5074 3215 5143 ferocias,
3245 5077 3417 5143 unde,
3449 5092 3631 5147 quaeso
3653 5118 3669 5144 ,
3702 5091 3793 5146 po-

2224 5164 2351 5216 teris
2373 5162 2582 5217 veniam
2603 5163 2891 5232 consequi?
2912 5165 3038 5234 quid
3060 5165 3183 5219 mali
3212 5181 3397 5235 passus
3419 5182 3496 5231 es,
3523 5168 3794 5237 rapinam?

2223 5255 2348 5309 Ideo
2378 5255 2520 5310 ferre
2546 5264 2757 5325 oportet
2775 5298 2790 5322 ,
2825 5257 2948 5327 quia
2977 5260 3145 5328 magis
3174 5258 3484 5315 lucraberis.
3507 5258 3612 5315 Sed
3643 5261 3693 5314 in
3722 5261 3793 5314 fa-

2222 5362 2308 5404 ma
2338 5347 2498 5402 laesus
2524 5349 2623 5402 es?
2648 5348 2717 5403 Et
2739 5349 2863 5417 quid
2894 5349 3035 5404 hoc?
3057 5349 3172 5405 Non
3198 5351 3339 5405 enim
3372 5351 3548 5405 minor
3576 5350 3694 5406 ideo
3715 5366 3790 5418 es,

2224 5440 2267 5494 si
2297 5438 2708 5509 philosopheris.
2735 5440 2791 5495 Si
2818 5456 2945 5495 vero
2972 5442 3101 5495 nihil
3129 5441 3306 5495 damni
3332 5443 3549 5510 pateris,
3581 5458 3676 5498 cur
3697 5444 3794 5496 ira-

2224 5534 2389 5590 sceris
2411 5532 2667 5588 adversus
2688 5549 2807 5588 eum
2836 5535 2925 5604 qui
2954 5534 3084 5589 nihil
3113 5535 3205 5589 tibi
3235 5534 3390 5588 infert
3415 5535 3565 5597 mali,
3595 5535 3687 5589 sed
3708 5549 3792 5604 qut

2223 5626 2382 5681 etiam
2428 5625 2648 5697 prodest
2676 5625 2813 5679 tibi?
2852 5625 2951 5692 Qui
2997 5626 3137 5681 enim
3186 5625 3482 5690 honorant,
3527 5625 3793 5679 molliores

2227 5733 2326 5773 nos
2351 5718 2601 5788 reddunt,
2632 5718 2675 5777 si
2709 5735 2813 5774 non
2853 5718 3171 5789 vigilemus;
3205 5716 3295 5788 qui
3325 5731 3448 5774 vero
3477 5715 3792 5773 contumelia
