4146 6374
355 307 453 367 τη

357 429 452 508 καὶ
507 427 602 508 ἐπὶ
653 428 748 483 τοῦ
804 429 1041 502 σταυροῦ
1094 431 1387 504 βλέποντες
1451 435 1983 508 ἀνεσκολοπισμένον
2005 479 2023 504 ,

355 507 677 570 ὀνειδίζουσι
745 511 841 562 καὶ
907 511 1063 564 αὑτοὶ
1121 513 1218 566 καὶ
1273 515 1324 566 οἱ
1381 507 1934 586 παραπορευόμενοι·
1987 517 2026 572 ἃ.

355 587 574 641 πάντων
619 587 976 661 χαλεπώτερα
1006 587 1104 663 ἦν,
1145 593 1207 647 16
1255 594 1350 647 καὶ
1396 594 1490 646 ἐπὶ
1530 595 1680 665 αίτίᾳ
1709 596 2026 661 ἀπατεῶνος

353 667 452 719 καὶ
491 665 695 748 πλάνου
745 668 921 722 ταῦτα
969 671 1198 735 παθεῖν,
1233 673 1330 725 καὶ
1377 673 1454 736 ώς
1473 673 1743 740 ἀλαζόνα,
1777 675 1870 728 καὶ
1901 675 2023 748 εἰκῆ

354 746 704 827 κομπάζοντα
729 748 872 820 ἅπερ
906 750 1076 819 ἐλεγέ.
1100 753 1198 806 Διά
1226 752 1398 806 ταῦτα
1419 752 1582 806 αὑτὸν
1623 754 1716 807 καὶ
1745 746 2024 827 ἐσταύρωέ

355 841 457 902 σαν
474 825 569 902 ’Ψ
595 825 831 896 δημοσίᾳ
852 866 867 890 ,
899 828 986 880 ἵνα
1019 829 1236 883 πάντων
1281 829 1531 900 ὁρώντων
1549 825 1980 902 ἐμπομπεύσωσι
2005 848 2020 864 ·

351 900 440 956 διὰ
477 901 634 956 τοῦτο
671 906 764 957 καὶ
798 906 953 975 χερσὶ
974 907 994 938 ⁸
1028 911 1148 972 ταῖς
1182 913 1622 980 στρατιωτικαῖς,
1676 900 1764 965 ἵνα
1797 912 1892 965 καὶ
1936 913 1993 964 ἐν

351 980 596 1059 δημοσίῳ
649 983 979 1054 δικαστηρίῳ
1010 986 1214 1040 τούτων
1257 987 1656 1058 τολμωμένων,
1686 989 1756 1043 τὰ
1793 990 1891 1059 τῆς
1921 1008 2024 1043 πα-

355 1058 561 1126 ροινίας
590 1062 947 1130 ἐπιτείνηται.

425 1136 492 1206 β’.
527 1138 719 1190 Καίτοι
745 1138 868 1191 τίνα
897 1138 998 1191 οὑκ
1024 1137 1091 1191 ἂν
1120 1138 1403 1210 ἐκαμψεν⁸
1431 1143 1459 1193 6
1481 1140 1636 1211 ὄχλος
1657 1144 1686 1195 6
1714 1141 2023 1196 ἀκολουθῶν

352 1215 500 1286 αὑτῴ
529 1217 625 1271 καὶ
658 1217 901 1290 θρηνῶνς
940 1217 1080 1272 Ἀλλ’
1107 1219 1228 1289 οὑχὶ
1266 1219 1396 1282 τοὺς
1445 1221 1620 1292 θῆρας
1651 1221 1893 1285 τούτους.
1925 1222 2024 1276 Διά

350 1292 416 1364 δὴ
447 1293 605 1348 τοῦτο
657 1296 752 1347 καὶ
806 1295 970 1359 αὑτὸς
1018 1296 1261 1361 ἐκείνους
1318 1297 1419 1367 μὲν
1476 1301 1820 1369 ἀποκρίσεως
1857 1301 2058 1365 ἀξιοῖ,.

350 1370 576 1436 τούτους
613 1373 670 1426 δέ
697 1373 902 1428 οὐκέτι.
961 1375 1116 1427 Μετά
1143 1375 1252 1445 γὰρ
1286 1376 1348 1428 τὸ
1381 1376 1584 1446 πρᾶξαι
1614 1378 1758 1448 άπερ
1789 1378 1981 1449 ἤθελον
2003 1416 2020 1442 ,

351 1451 446 1503 καὶ
477 1452 577 1520 τὴν
602 1452 760 1515 δόξαν
804 1452 968 1506 αὑτοῦ
1004 1454 1362 1518 σπουδάζουσι
1396 1455 1763 1528 λυμήνασθαι,
1789 1458 2024 1511 δεδοικό·

349 1544 443 1592 τες
473 1529 638 1584 αὑτοῦ
664 1532 763 1603 τήν
799 1532 1114 1588 ἀνάστασιν.
1149 1535 1248 1588 Διά
1279 1533 1438 1588 τοῦτο
1468 1535 1704 1608 δημοσίᾳ
1732 1536 1906 1591 ταῦτα
1935 1538 2022 1591 λέ-

348 1623 530 1686 γουσι,
558 1610 654 1663 καί⁸
691 1609 893 1681 λῃστὰς
920 1611 1370 1683 συνεσταύρωσαν
1390 1653 1407 1678 ,
1440 1616 1535 1668 καὶ
1571 1615 1882 1686 βουλόμενοι
1909 1617 2020 1670 δεῖ-

351 1685 440 1751 ξαι
469 1687 787 1754 ἀπατεῶνα,
819 1689 1032 1757 ἔλεγον·
1078 1690 1142 1742 '0
1194 1694 1514 1746 καταλυων
1545 1693 1655 1747 τὸν
1704 1685 1878 1757 ναὸν,
1922 1695 2023 1748 καί

348 1765 420 1819 ἐν
467 1766 665 1834 τρισὶν
733 1767 976 1838 ἡμέραις
1023 1769 1372 1839 οἰκοδομῶν,
1415 1770 1700 1841 κατάϐηθι
1743 1773 1864 1826 ἀπὸ
1914 1772 2021 1827 τοῦ

348 1846 637 1914 σταυροῦ.
668 1847 1015 1924 Ἐπειδὴγάρ
1038 1849 1284 1911 εἰπόντες
1305 1850 1325 1881 ³
1347 1849 1424 1920 τῷ
1451 1850 1668 1922 Πιλάτῳ
1692 1853 1906 1906 ἀνελεῖν
1923 1853 2022 1924 τὴν

347 1924 562 1991 αἰτίαν,
591 1924 751 1997 (αὕτη
793 1927 849 1979 δὲ
881 1923 950 1998 ῆν
978 1927 1038 1980 16
1091 1927 1435 2000 γεγράφθαι,
1487 1929 1540 1982 '0
1572 1931 1875 1999 ,βασιλεὺς
1906 1923 2024 1985 τῶν

361 2002 668 2058 Ἰουδαίων
689 2007 726 2072 ·)
763 2006 915 2059 οὐδὲν
943 2008 1190 2078 ἴσχυσαν,
1218 2008 1333 2062 ἀλλ’
1364 2009 1644 2080 ἐνεστήκει
1679 2010 1851 2078 λέγων
1883 2013 2024 2065 ἐκεῖ-

347 2084 496 2160 νοςξ,
545 2085 606 2134 '0
642 2082 937 2154 γέγραφα,
973 2087 1236 2156 γέγραφα
1257 2103 1272 2116 ·
1308 2087 1462 2140 αὐτοὶ
1489 2087 1675 2142 λοιπὸν
1703 2091 2022 2160 ἐπειρῶντο,

345 2161 414 2216 δι’
444 2156 519 2216 ὧν
545 2163 867 2234 ἐχλεύαζον,
889 2163 1063 2232 δεῖξαι
1091 2167 1173 2219 ὅτι
1208 2166 1308 2220 οὑκ
1342 2166 1458 2220 ἐστι
1496 2166 1767 2236 βασιλεύς.
1811 2156 1900 2221 Διὸ
1929 2171 2025 2222 καὶ

345 2243 531 2296 ἐκεῖνα
563 2242 767 2312 ἔλεγον.
798 2244 891 2298 καὶ
923 2245 1095 2298 ταῦτα
1117 2263 1128 2274 ·
1157 2247 1228 2300 Εἰ
1245 2245 1550 2312 βασιλεὺς
1589 2245 1838 2314 Ἰσραήλ
1868 2248 2020 2310 ἐστι,

345 2320 652 2375 καταϐάτω
680 2321 798 2376 νῦν
819 2324 939 2378 ἀπὸ
967 2323 1073 2377 τοῦ
1099 2324 1368 2392 σταυροῦ
1388 2341 1402 2354 ·
1437 2325 1531 2378 καὶ
1551 2324 1736 2388 πάλιν,
1769 2327 2024 2393 Ἄλλους

344 2400 603 2464 ἔσωσεν,
635 2402 854 2456 ἑαυτὸν
886 2401 966 2458 o6
987 2403 1235 2458 δύναται
1258 2403 1455 2459 σῶσαι
1481 2419 1496 2434 ·
1533 2404 1627 2458 καί⁵
1667 2404 1740 2458 τὰ
1781 2406 2023 2477 πρότερα

345 2483 552 2551 σημεῖα
596 2481 844 2536 ἐντεῦθεν
890 2484 1290 2555 ἐπιχειροῦντες
1337 2484 1681 2539 διαϐάλλειν·
1716 2487 1812 2539 καὶ
1859 2487 2022 2540 πάλιν

341 2560 410 2613 El
437 2561 565 2626 Υίός
607 2561 714 2615 τοῦ
777 2562 926 2616 Θεοῦ
973 2565 1122 2628 ἐστι,
1165 2564 1263 2617 καὶ
1319 2563 1477 2619 θέλει
1513 2564 1720 2627 αὑτὸν,
1768 2565 2022 2620 σωσάτω

343 2641 551 2694 αὐτόν.
600 2636 671 2693 Ὦ
707 2643 894 2713 μιαροὶ
931 2644 1022 2696 καὶ
1052 2643 1399 2714 παμμίαροιι
1433 2644 1497 2696 Τί
1535 2643 1624 2708 δέ;
1653 2646 1704 2697 οἱ
1745 2645 2021 2716 προφῆται

341 2719 447 2774 οὑκ
499 2717 639 2793 ἦσαν
685 2722 1015 2793 προφῆταιδ,
1065 2722 1186 2776 οὑδὲ
1232 2724 1282 2775 οἱ
1315 2723 1516 2777 δίκαιοι
1558 2723 1781 2786 δίκαιοι,
1825 2724 2019 2795 ’ἐπειδὴ

343 2799 539 2874 αὐτοὺς
566 2801 668 2854 οὑκ
698 2802 972 2872 ἐξήρπασε
1006 2801 1116 2856 τῶν
1145 2801 1406 2856 κινδύνων
1436 2804 1466 2856 6
1509 2801 1678 2868 Θεός;
1720 2802 1882 2856 Ἀλλά
1910 2805 2019 2874 μὴν

341 2871 502 2949 ἦσαν,
536 2883 631 2934 καῖ⁵
658 2871 872 2934 ταῦτα⁹
914 2881 1237 2952 πάσχοντες.
1289 2882 1331 2934 Τ
1335 2881 1354 2934 ί
1402 2877 1501 2936 οῦν
1544 2881 1656 2935 ῖσον
1685 2885 1785 2954 τῆς
1833 2871 2018 2947 ἀνοίας

344 2955 500 3027 ὑμῶν
523 2958 720 3027 γένοιτ’
756 2958 822 3012 ἄν
847 2975 862 3025 ;
892 2959 955 3012 Εἰ
976 2960 1085 3032 γὰρ
1131 2961 1357 3015 ἐκείνων
1399 2961 1500 3014 οὑκ
1549 2961 1859 3032 ἐλυμήνατο
1883 2962 2015 3032 παρ’

341 3034 474 3106 ὑμῖν
519 3037 616 3109 τὴν
645 3039 802 3105 δόξαν
844 3039 878 3109 ή
907 3039 1015 3092 τῶν
1052 3039 1315 3094 κινδύνων
1360 3038 1660 3111 ἐπαγωγὴ,
1709 3039 1826 3093 ἀλλ’
1873 3036 2016 3111 ἦσαν

341 3116 624 3188 προφῆται
666 3119 760 3170 καὶ
791 3119 1090 3188 πάσχοντες
1119 3119 1261 3190 ειπερ
1301 3118 1628 3190 ἐπασχον¹⁰ο
1659 3117 1839 3190 πολλῷ
1875 3119 2015 3190 μᾶλ-

340 3194 432 3248 λον
456 3195 550 3248 ἐπὶ
572 3194 762 3249 τούτου
793 3197 892 3249 οὑκ
933 3197 1100 3268 ἐχρῆν
1129 3197 1272 3268 ὑμᾶς
1314 3197 1787 3263 σκανδαλίζεσθαι.
1821 3199 1916 3250 καὶ
1945 3197 2013 3250 δι’

341 3269 416 3331 ὧν
441 3276 660 3346 ἐποίησε
689 3277 782 3330 καὶ
808 3276 874 3330 δι’
903 3270 977 3332 ῶν
1016 3275 1167 3332 εἶπεν
1184 3319 1200 3341 ,
1225 3278 1314 3332 ἀεὶ
1337 3277 1543 3350 ταύτην
1567 3278 1723 3350 ὑμῶν
1757 3278 2012 3351 προδιορ-

341 3352 660 3424 θωσαμένου
690 3355 791 3428 τὴν
820 3357 860 3388 ¹¹
889 3357 1162 3414 ὑπόνοιαν.
1205 3356 1358 3431 [820]
1404 3357 1545 3411 Ἀλλ’
1576 3358 1727 3428 ὅμως
1772 3356 1867 3411 καὶ
1894 3355 2015 3410 τού-

339 3451 448 3487 των
472 3433 780 3505 λεγομένων
807 3439 903 3492 καὶ
933 3438 1240 3508 γενομένων
1270 3437 1425 3490 οὐδὲν
1456 3437 1703 3508 ίσχυσαν,
1734 3435 1854 3488 οὑδὲ
1882 3437 2014 3505 παρ’

338 3513 503 3568 αὑτὸν
526 3514 617 3568 16v
652 3517 862 3586 καιρόν.
903 3517 962 3571 '0
988 3518 1120 3585 γοῦν
1153 3518 1212 3569 ἐν
1237 3516 1443 3589 ἐσχάτῃ
1486 3515 1722 3585 πονηρίᾳ
1766 3529 2011 3568 κατασα-

338 3591 484 3654 πείς,
524 3594 619 3646 καὶ
652 3597 710 3648 ἐν
750 3596 930 3662 φόνοις
965 3596 1060 3648 καὶ
1086 3593 1470 3664 τοιχωρυχίαις
1496 3593 1590 3646 τὸν
1621 3592 1840 3646 ἅπαντα
1881 3610 2013 3647 κατ-

337 3671 622 3735 αναλώσας
651 3673 766 3744 βίον
787 3675 874 3740 ¹¹·,
898 3675 986 3728 ὅτε
1012 3673 1182 3729 ταῦτα
1207 3673 1445 3742 ἐλέγετο,
1465 3671 1584 3726 τότε
1613 3672 1776 3727 αὑτὸν
1805 3672 2012 3744 ὡμολό-

336 3766 498 3821 γησε,
540 3751 635 3804 καὶ
667 3752 942 3822 βασιλείας
974 3753 1382 3824 ἐμνημόνευσε·
1421 3752 1518 3806 καὶ
1557 3753 1588 3806 6
1634 3752 1807 3824 δῆμος
1843 3752 2009 3806 αὑτὸν

335 3828 666 3901 ὠλοφύρετο.
719 3830 978 3901 Καίτοιγε
1035 3833 1210 3886 ἐδόκει
1277 3831 1537 3886 τάναντία
1593 3834 1892 3905 μαρτυρεῖν
1925 3831 2012 3886 ’τὰ

335 3907 600 3978 γινόμενα
655 3909 808 3981 παρὰ
843 3912 958 3972 τοῖς
1022 3910 1123 3963 οὑκ
1168 3909 1333 3964 εἰδόσι
1389 3909 1484 3964 τοῦ
1537 3911 1842 3982 μυστηρίου
1908 3910 2007 3982 τὴν

333 3987 682 4058 οἰκονομίαν,
729 3991 811 4044 ὃτι
871 3989 1104 4060 ἀσθενὴς
1159 3991 1254 4045 καὶ
1301 3990 1454 4045 οὐδὲν
1497 3990 1830 4062 δυνάμενος·
1892 3990 2008 4045 ἀλλ’

333 4065 487 4136 ὅμως
532 4069 566 4138 ή
601 4067 830 4138 ἀλήθεια
874 4069 970 4122 καὶ⁵
1011 4069 1100 4123 διὰ
1141 4070 1250 4122 τῶν
1297 4069 1555 4124 ἐναντίων
1596 4071 1805 4140 ῐσχυσε.
1839 4069 2005 4123 Ταῦτ’

333 4141 430 4198 οὑν
473 4145 781 4214 ἀκούοντες,
814 4147 1124 4218 ὀπλίζωμεν
1151 4150 1377 4213 ἐαυτοὺς
1405 4149 1548 4204 κατά
1572 4148 1772 4211 παντὸς
1806 4146 2004 4218 θυμοῦ,

333 4223 478 4278 κατὰ
504 4225 684 4296 πάσης
711 4226 900 4298 ὀργῆς.
927 4226 1046 4280 Κᾶν
1096 4227 1533 4299 φλεγμαίνουσαν
1573 4227 1688 4298 ῖδῃς
1731 4227 1832 4297 τήν
1871 4243 2009 4298 καρο

329 4301 454 4356 δίαν
496 4321 613 4372 σου,
639 4309 940 4378 σφράγισον
965 4307 1024 4360 τὸ
1050 4307 1263 4376 στῆθος,
1297 4308 1388 4360 16v
1417 4307 1652 4378 σταυρὸν
1695 4306 1904 4370 ἐπιθείς
1927 4307 1969 4338 ¹²
1989 4322 2004 4338 ·

333 4382 647 4454 ἀνάμνησόν
690 4403 743 4440 τι
794 4386 904 4442 τῶν
955 4388 1075 4440 τότε
1125 4388 1484 4458 συμϐάντων,
1540 4387 1636 4441 καὶ
1674 4385 1866 4458 ῶσπερ
1913 4404 2008 4441 x0-

332 4462 543 4533 νιορτὺν
593 4463 844 4530 ἐκϐαλεῖς
892 4465 1070 4520 πάντα
1129 4467 1299 4538 θυμὸν
1331 4465 1440 4520 τῶν
1495 4465 1881 4536 γεγενημένων
1934 4469 2003 4537 τῇ

335 4542 547 4615 μνήμῃ.
592 4543 871 4614 Ἐννόησον
901 4545 970 4598 τὰ
1019 4546 1262 4616 ῥήματα,
1288 4543 1360 4598 τὰ
1391 4544 1693 4614 πράγματα
1713 4559 1726 4574 ·
1755 4543 2010 4614 ἐννόησον

329 4619 416 4674 ὅτι
464 4621 672 4686 ἐκεῖνος
714 4623 1007 4695 Δεσπότης,
1036 4625 1100 4677 σὺ
1149 4624 1208 4678 δέ
1259 4623 1480 4688 δοῦλος·
1530 4625 1734 4686 ἐκεῖνος
1778 4622 1866 4676 διὰ
1914 4625 1998 4685 σὲ.

333 4700 400 4752 σὺ
440 4699 498 4754 δέ
539 4700 630 4754 διὰ
681 4701 907 4756 σαυτόν·
951 4705 1160 4768 ἐκεῖνος
1203 4703 1347 4775 ὑπὲρ
1390 4702 1500 4756 τῶν
1537 4702 2006 4774 εὑεργετηθέντων

329 4781 426 4833 καὶ
447 4781 913 4852 σταυρωσάντων,
945 4783 1009 4834 σὺ
1044 4783 1099 4835 δὲ
1152 4782 1293 4853 ὑπὲρ
1340 4780 1568 4835 σαυτοῦ·
1619 4783 1826 4844 ἐκεῖνος
1863 4781 2004 4855 ὑπὲρ

327 4857 441 4912 τῶν
479 4858 816 4930 ὑϐρικότων,
848 4860 913 4914 σὺ
940 4859 997 4913 δέ
1030 4860 1288 4923 πολλάκις
1326 4861 1417 4914 ὑπ’
1445 4859 1624 4913 αὑτῶν
1657 4860 1701 4891 ⁸³
1731 4859 1840 4912 τῶν
1884 4859 2002 4913 ἀδι-

328 4938 606 5009 κηθέντων
625 4956 640 4971 ·
669 4941 877 5004 ἐκεῖνος
905 4941 1005 5011 τῆς
1036 4939 1244 5004 πόλεως
1269 4939 1484 5012 ὁρώσης
1520 4939 1761 5009 ἀπάσης,
1795 4936 1997 5008 μᾶλλον

326 5017 385 5070 δέ
406 5018 502 5071 τοῦ
525 5018 698 5090 δήμου
733 5020 933 5082 παντὸς
965 5019 1073 5073 τῶν
1117 5019 1402 5083 Ἰουδαίων,
1443 5019 1538 5072 καὶ
1565 5018 1672 5072 τῶν
1706 5015 1870 5081 ξένων
1907 5018 2003 5072 καὶ

325 5095 437 5149 τῶν
465 5097 795 5168 ἐπιχωρίων,
833 5099 918 5168 ἐφ’
941 5091 1016 5153 ὧν
1049 5099 1119 5152 16
1150 5098 1509 5169 φιλάνθρωπα
1558 5096 1861 5166 ἐφθέγξατο
1890 5097 1997 5168 ρή·

329 5191 499 5244 ματα.
542 5179 608 5229 σὺ
637 5176 695 5228 δέ
721 5176 914 5246 ὀλίγων
939 5179 1222 5249 παρόντων
1240 5193 1256 5209 ·
1283 5178 1379 5230 καὶ
1403 5178 1465 5230 16
1499 5175 1686 5247 μεῖζον
1710 5178 1789 5239 εἰς
1818 5173 1999 5244 ὕϐριν,

323 5253 388 5305 16
414 5254 509 5307 καὶ
558 5253 686 5318 τοὺς
727 5255 972 5327 μαθητὰς
999 5258 1161 5311 αὑτὸν
1207 5256 1615 5327 ἐγκαταλιπεῖν.
1653 5257 1717 5309 Οἰ
1761 5255 1859 5324 μὲν
1885 5255 1998 5326 γὰρ

1353 315 1422 375 ΙΝ
1451 316 1872 376 ΜΑΊἼἨᾹΞΗΜ
1910 319 2148 380 IIOIIIL.
2183 325 2485 386 LXXXVII.
2527 333 2598 388 aI.
2632 331 2965 391 LXXXVIII.

3682 334 3800 388 772

2127 440 2436 513 ἔμπροσθεν
2477 446 2874 518 θεραπεύοντες
2904 449 3291 521 ἀπεπήδησαν·
3319 451 3367 503 οἰ
3398 450 3454 504 δέ
3483 449 3668 520 ἐχθροὶ
3705 447 3802 500 καὶ

2127 521 2378 602 πολέμιοι
2426 525 2954 598 ἀνεσκολοπισμένον
2981 530 3040 582 ἐν
3080 532 3230 602 μέσῳ
3259 532 3511 593 λαϐόντες
3557 528 3799 600 ὕϐριζον,

2125 599 2424 673 ἐλοιδόρουν
2446 607 2509 669 ¹⁸,
2536 606 2886 678 ἐκωμῴδουν,
2918 599 3143 677 ἐγέλων,
3166 599 3455 681 ἐχλεύαζον
3473 628 3484 640 ·
3531 599 3800 671 Ἰουδαῖοι,

2127 682 2459 761 στρατιῶται
2506 685 2748 738 κάτωθεν
2773 703 2786 714 ·
2823 686 3048 753 ἀνωθεν,
3076 690 3412 761 ἑκατέρωθεν
3451 689 3678 760 λῃσταί·
3708 689 3802 740 καί⁹

2124 757 2234 838 γάρ
2263 761 2538 838 οἰ-λῃσταῖ¹
2579 763 2797 834 ὕϐριζον
2823 767 2986 819 αὑτὸν
3032 771 3125 821 καὶ.
3173 757 3448 833 ὠνείδιζον
3473 757 3796 838 ἀμφότεροι.

2125 835 2250 900 Πῶς
2284 836 2378 892 οὖν
2423 843 2452 894 6
2483 842 2699 905 Λουκᾶς
2733 861 2918 914 φησιν,
2955 845 3038 898 ὅτι
3083 849 3112 898 ὁ
3156 843 3237 909 εἷς
3287 835 3800 917 ἐπετίμα⁷;⁷’Λμφό-

2125 930 2262 994 τερα
2309 917 2538 985 γέγονε·
2575 922 2838 992 πρότερον
2895 924 2993 992 μὲν
3041 923 3150 994 γὰρ
3178 925 3476 994 ἀμφότεροι
3502 923 3800 987 ὠνείδιζον,

2127 990 2356 1076 ὑστέρον
2387 996 2445 1048 δὲ
2477 998 2680 1053 οὐκέτι.
2717 990 2832 1054 Ἵνα
2863 990 2971 1076 γάρ
3022 990 3096 1074 μὴ
3119 990 3368 1074 -νομίσῃς
3395 990 3462 1056 ἐκ
3505 1019 3649 1066 τινος
3682 1019 3802 1054 συν-

2126 1069 2370 1151 θήμᾳτος
2424 1076 2486 1128 τὸ
2528 1079 2762 1148 πρᾶγμα
2797 1069 3146 1150 γεγενῆσθαι,
3201 1069 3336 1151 μηδὲ
3382 1075 3520 1134 εἶναι
3596 1080 3802 1151 λῃστήν

2125 1147 2218 1228 τὸν
2257 1149 2483 1222 λῃστὴν,
2515 1155 2625 1206 ἀπὸ
2653 1147 2752 1226 τῆς
2793 1147 3004 1228 ὕϐρεως
3037 1147 3275 1212 δείκνυσί
3309 1176 3413 1222 σοι,
3437 1159 3520 1211 ὅτι
3569 1147 3681 1213 ἀνω
3710 1147 3803 1210 ἐπὶ

2122 1225 2217 1310 τοῦ
2235 1230 2487 1310 σταυροῦ
2529 1225 2732 1310 λῃστὴς
2777 1231 2842 1310 ἦν
2868 1225 2984 1289 καὶ
3023 1237 3214 1309 ἐχθρὸς
3238 1279 3253 1302 ,
3300 1238 3396 1290 καὶ
3440 1237 3638 1309 ἁθρόον
3672 1253 3786 1306 μετ-

2123 1305 2346 1386 εϐλήθη.
2381 1311 2545 1363 Ταῦτ’
2590 1308 2682 1367 οὖν
2714 1305 2926 1367 ἅπαντα
2981 1305 3324 1386 λογιζόμενος
3350 1318 3462 1348 ¹⁵·¹’¹
3494 1305 3798 1385 φιλοσόφει.

2123 1385 2192 1466 Τί
2219 1385 2329 1457 γὰρ
2353 1390 2582 1460 πάσχεις
2609 1393 2853 1446 τοιοῦτον
2871 1434 2886 1458 ,
2923 1391 3036 1448 οἷον
3072 1385 3270 1448 ἔπαθεν
3301 1397 3329 1448 ὁ
3358 1397 3636 1466 Δεσπότης
3664 1413 3758 1448 σου
3783 1410 3799 1458 ;

2121 1465 2370 1546 Δημοσίᾳ
2401 1467 2700 1546 ὑϐρίσθηςς
2748 1473 2890 1525 Ἀλλ’
2936 1474 2996 1526 06
3040 1474 3282 1528 τοιαῦτα.
3329 1465 3618 1546 Χλευάζῃς
3655 1473 3800 1527 Ἀλλ’

2122 1543 2184 1595 οὑ
2215 1545 2322 1598 πᾶν
2363 1545 2424 1599 16
2464 1549 2644 1619 σῶμα,
2675 1550 2796 1602 οὑδὲ
2825 1552 2969 1605 οὑτω
3003 1555 3396 1624 μαστιζόμενος
3439 1555 3533 1608 καὶ
3555 1543 3800 1626 γυμνού-

2125 1639 2308 1694 μενος.
2352 1626 2416 1679 Εἰ
2443 1626 2498 1680 δέ
2525 1629 2618 1681 καί
2644 1630 3027 1702 ἐκολαφίσθης,
3057 1633 3169 1686 ἀλλ’
3196 1633 3295 1702 οὑχ
3323 1632 3518 1697 οὕτως.

2195 1770 2266 1833 Υ.
2318 1766 2604 1837 Προστίθει
2639 1768 2696 1822 δέ
2743 1787 2854 1840 μοι,
2905 1770 3000 1823 καὶ
3029 1770 3133 1824 ὑπὸ
3171 1771 3354 1835 τίνων,
3395 1771 3490 1825 καὶ
3516 1770 3680 1831 διατί,
3707 1770 3802 1824 καὶ

2127 1846 2278 1909 πότε,
2309 1848 2403 1899 καὶ
2443 1847 2560 1908 τίς·
2613 1848 2708 1901 καὶ
2751 1849 2810 1902 τὸ
2867 1848 2931 1920 δὴ
2982 1848 3363 1919 χαλεπώτατον
3387 1892 3402 1917 ,
3466 1850 3548 1902 ὃτι
3594 1849 3802 1902 τούτων

2125 1923 2424 1993 γινομένων
2467 1925 2638 1990 οὐδεὶς
2683 1927 2949 1990 ἐνεκάλει,
3007 1928 3182 1991 οὐδεὶς
3215 1928 3496 1998 ἐμέμφετο
3534 1926 3607 1980 τὰ
3658 1928 3800 1995 γινό-

2128 2019 2295 2072 μενα·
2330 2003 2464 2056 ἀλλά
2499 2006 2825 2071 τούναντίον,
2868 2008 2963 2060 καὶ
2991 2007 3224 2079 ἐπῄνουν
3259 2006 3631 2072 ἆπαντες,καὶ
3671 2022 3798 2058 συν-

2126 2081 2433 2152 εχλεύαζον,
2459 2085 2553 2136 καὶ
2574 2086 2970 2151 συνέσκωπτον,
3013 2092 3107 2141 καὶ
3135 2087 3210 2151 ὡς
3238 2088 3472 2150 ἀλαζόνα
3504 2090 3599 2139 καὶ
3649 2087 3796 2139 ἀπα-

2125 2163 2300 2216 τεῶνα
2328 2163 2423 2216 καὶ
2451 2164 2668 2224 πλάνον,
2694 2167 2789 2219 καὶ
2820 2168 2920 2220 οὑκ
2951 2167 3140 2237 ἔχοντα
3165 2167 3334 2234 δεῖξαι
3359 2169 3454 2221 ἐπὶ
3481 2168 3591 2220 τῶν
3621 2167 3801 2236 ἔργων

2124 2241 2267 2312 ἆπερ
2301 2240 2472 2307 εἶπεν,
2503 2243 2673 2308 οὕτως
2703 2245 2864 2298 αὑτὸν
2906 2245 3223 2318 ἐλοιδόρουν.
3283 2247 3341 2300 '0
3394 2247 3450 2300 δέ
3503 2248 3630 2317 σιγᾷ
3662 2246 3800 2315 πρὸς

2124 2321 2324 2384 πάντα,
2352 2323 2616 2393 φάρμακα
2647 2324 2876 2394 μέγιστα
2912 2326 3341 2392 κατασκευάζων
3367 2327 3498 2396 ἡμῖν
3523 2324 3801 2396 μακροθυ-

2126 2400 2275 2470 μίας.
2317 2400 2457 2453 ‘AM’
2516 2405 2674 2472 ἡμεῖς
2716 2403 2888 2456 ταῦτα
2930 2404 3243 2468 ἀκούοντες,
3273 2405 3393 2457 οὑδὲ
3419 2405 3556 2474 πρὸς
3585 2405 3801 2466 οἰκέτας

2122 2479 2516 2550 καρτεροῦμεν,
2552 2479 2688 2534 ἀλλὰ
2729 2482 2838 2534 τῶν
2882 2483 3091 2554 ἀγρίων
3113 2485 3251 2537 ὄνων
3287 2482 3506 2554 μείζονα
3539 2484 3801 2553 πηδῶμεν

2121 2558 2216 2609 καῖ⁹
2245 2555 2570 2628 λακτίζομεν
2590 2575 2604 2588 ·
2656 2559 2795 2629 ὑπὲρ
2838 2561 2937 2631 μὲν
2967 2562 3077 2616 τῶν
3117 2564 3198 2626 είς
3222 2564 3369 2632 ἡμᾶς
3401 2561 3543 2631 ώμοί⁵
3572 2563 3666 2614 καί¹
3701 2564 3803 2614 ἀπ-

2121 2634 2578 2706 άνθρωποιδντες,
2602 2637 2742 2708 ὑπὲρ
2761 2638 2817 2692 δέ
2831 2639 2939 2692 τῶν
2959 2643 3039 2704 εἰς
3053 2642 3186 2694 Θεὸν
3203 2643 3264 2694 06
3289 2640 3579 2712 πολὺν[821
3592 2641 3803 2712 ]ποιού-

2123 2729 2274 2784 μενοι
2325 2713 2500 2783 λόγον.
2538 2717 2648 2771 Καὶ
2689 2718 2817 2786 περὶ
2867 2718 3052 2787 φίλους
3090 2720 3148 2773 δὲ
3203 2721 3403 2790 ὁμοίως
3440 2719 3798 2790 διακείμεθα·

2119 2793 2224 2846 κᾶν
2279 2791 2497 2866 λυπήσῃ
2551 2811 2656 2858 τις,
2716 2797 2778 2848 06
2834 2797 3104 2868 φέρομεν·
3163 2799 3268 2851 κᾶν
3322 2798 3538 2869 ὑϐρίσῃ,
3596 2798 3804 2870 θηρίων

2117 2871 2472 2943 ἀγριαίνομεν
2521 2874 2741 2945 μᾶλλον,
2793 2876 2843 2927 οἱ
2899 2877 3018 2930 καθ’
3052 2876 3289 2948 ἑκάστην
3325 2878 3498 2931 ταῦτα
3526 2880 3798 2948 ἀναγινώ-

2118 2965 2341 3015 σκοντες
2369 2951 2466 3022 τὴν
2497 2952 2734 3024 ἡμέραν.
2781 2954 2841 3007 ’0
2873 2955 3120 3026 μαθητὴς
3147 2957 3456 3027 προέδωκεν
3477 2973 3490 2986 ·
3543 2959 3592 3010 οἰ
3621 2959 3800 3014 λοιποὶ

2117 3029 2508 3094 καταλιπόντες
2529 3032 2692 3086 αὑτὸν
2713 3031 2914 3102 ἔφυγον
2933 3050 2947 3065 ·
2994 3037 3042 3088 οί
3088 3035 3541 3106 εὐεργετηθέντες
3578 3037 3802 3091 ἐνέπτυ-

2117 3126 2251 3163 σαν·
2280 3112 2309 3163 6
2345 3109 2527 3174 δοῦλος
2571 3111 2667 3164 τοῦ
2703 3112 3005 3184 ἀρχιερέως
3052 3115 3385 3186 ἐρράπισεν·
3435 3115 3485 3167 οί
3536 3117 3801 3187 στρατιῶ-

2113 3208 2202 3244 ται
2225 3189 2573 3260 ἐκολάφιζον·
2606 3192 2656 3243 οἱ
2688 3194 2975 3263 παριόντες
3002 3193 3280 3248 ἔσκωπτον
3318 3194 3413 3248 καὶ
3457 3194 3796 3266 ἐλοιδόρουν·

2113 3273 2164 3324 οἰ
2193 3271 2388 3344 λῃσταὶ
2433 3272 2805 3343 κατηγόρουν·
2853 3274 3108 3346 καὶπρὸς
3139 3274 3331 3328 οὐδένα
3365 3274 3584 3340 ἐξέϐαλε
3621 3279 3796 3348 ῥῆμα,

2113 3351 2252 3404 ἀλλὰ
2287 3354 2352 3422 τῇ
2403 3354 2528 3422 σιγῇ
2576 3353 2823 3416 ἅπαντας
2864 3353 3038 3417 ἐνίκα,
3089 3354 3150 3406 σέ
3208 3354 3479 3409 παιδεύων
3539 3355 3628 3408 διὰ
3689 3357 3798 3409 τῶν

2112 3430 2312 3502 ἔργων,
2346 3432 2428 3484 ὄτι
2456 3433 2567 3502 ὅσῳ
2591 3432 2658 3484 ἂν
2683 3433 2912 3504 ἐνέγκῃς
2935 3433 3146 3504 πράως,
3176 3434 3414 3502 τοσούτῳ
3455 3433 3653 3506 μᾶλλον
3685 3437 3798 3490 τῶν

2112 3510 2302 3573 κακῶς
2361 3510 2658 3564 ποιούντων
2731 3521 3020 3582 κρατήσεις
3044 3552 3060 3577 ,
3111 3511 3207 3564 καὶ
3257 3512 3410 3584 παρὰ
3476 3515 3641 3566 πᾶσιν
3690 3513 3797 3585 ἔσῃ

2113 3588 2446 3660 θαυμαστός.
2505 3589 2602 3653 Τίς
2653 3590 2762 3662 γὰρ
2801 3590 2863 3644 06
2895 3591 3235 3662 θαυμάσεται
3265 3590 3359 3645 τὸν
3392 3593 3650 3656 ἐπιεικῶς
3695 3595 3797 3664 φέ-

2114 3684 2277 3738 ροντα
2302 3668 2401 3732 τὰς
2431 3670 2584 3740 παρά
2612 3669 2723 3722 τῶν
2748 3672 3166 3742 ἐπηρεαζόντων
3196 3671 3416 3742 ῦϐρεις;
3440 3672 3651 3743 Ὥσπερ
3685 3675 3796 3746 γὰρ

2111 3748 2216 3802 κᾶν
2262 3747 2483 3812 δικαίως
2523 3750 2709 3821 πάσχῃ
2755 3766 2840 3812 τις
2863 3789 2880 3816 ,
2948 3750 3011 3803 τὸ
3052 3751 3221 3805 κακὸν
3290 3748 3530 3819 ἐνεγκὼν
3579 3754 3793 3825 πράως,

2109 3825 2391 3897 νομίζεται
2423 3825 2575 3898 παρά
2599 3831 2710 3891 τοῖς
2735 3828 2949 3892 πολλοῖς
2976 3829 3178 3893 ἀδίκως
3212 3830 3476 3900 πάσχειν·
3512 3829 3654 3884 οὕτω
3688 3831 3792 3886 κᾶν

2109 3907 2312 3970 ἀδίκως
2365 3907 2573 3978 πάσχῃ,
2630 3906 2964 3979 θρασύνηται
3005 3909 3083 3976 δέ,
3151 3909 3244 3963 τοῦ
3285 3909 3508 3973 δικαίως
3553 3911 3790 3983 πάσχειν

2110 3985 2363 4065 ὑπόνοιαν
2385 3984 2633 4055 λήψεται,
2666 3987 2761 4040 καὶ
2789 3986 3190 4056 καταγέλαστος
3212 3986 3388 4050 ἔσται,
3413 3987 3485 4050 ὼς
3509 3988 3792 4065 αίχμάλω-

2105 4080 2200 4130 τος
2227 4064 2522 4136 συρόμενος
2556 4065 2660 4118 ὑπὸ
2686 4065 2786 4136 τῆς
2822 4065 3016 4138 ὀργῆς,
3050 4068 3145 4121 καὶ
3171 4067 3271 4138 τὴν
3304 4067 3589 4137 εὐγένειαν
3615 4064 3789 4122 ἀπολ-

2106 4145 2205 4208 λὺς
2249 4144 2349 4216 τὴν
2380 4143 2599 4199 ἐαυτοῦ.
2653 4145 2758 4198 Τὸν
2809 4146 2920 4219 γὰρ
2961 4145 3202 4201 τοιοῦτον
3239 4146 3363 4202 οὐδὲ
3397 4146 3680 4217 ἐλεύθερον
3709 4147 3796 4202 δεῖ

2113 4227 2454 4295 προσειπεῖν,
2505 4223 2608 4278 κᾶν
2641 4224 2852 4295 μυρίων
2889 4225 3128 4298 δεσπόζῃ
3180 4226 3400 4280 δούλων.
3447 4224 3606 4278 Ἀλλά
3662 4241 3797 4296 σφο-

2111 4303 2253 4376 δρῶς
2271 4321 2330 4357 σε
2351 4303 2669 4374 παρώξυνεν
2693 4306 2722 4358 6
2747 4304 2927 4370 δεῖνα;
2975 4306 3084 4359 Καὶ
3108 4305 3162 4360 τί
3189 4307 3380 4371 10610;
3424 4306 3560 4359 Τότε
3581 4303 3688 4374 γάρ
3713 4305 3796 4359 δεῖ

2111 4385 2212 4456 τήν
2239 4382 2556 4454 φιλοσοφίαν
2605 4383 3005 4438 ἐνδείκνυσθαι·
3052 4385 3128 4448 ὡς
3159 4385 3288 4438 ὅταν
3321 4384 3511 4456 μηδεὶς
3535 4387 3564 4439 6
3610 4401 3792 4456 παρα-

2113 4462 2312 4527 κνίζων
2348 4457 2404 4535 ᾗ,
2453 4461 2550 4516 καὶ
2588 4461 2659 4515 16
2713 4461 2879 4533 θηρία
2931 4462 3178 4534 ὀψόμεθα
3227 4465 3442 4536 ήμερα·
3503 4463 3628 4518 οὔτε
3679 4464 3792 4534 γὰρ

2110 4543 2294 4596 ἐκεῖνα
2325 4544 2412 4596 ἀεὶ
2452 4541 2734 4614 ἀγριοῦται
2775 4582 2790 4607 ,
2844 4543 2959 4597 ἀλλ’
3007 4544 3138 4596 ὅταν
3179 4544 3322 4598 αὑτά
3371 4560 3457 4607 τις
3515 4543 3787 4616 διεγείρῃ.

2107 4623 2218 4675 Καὶ
2275 4623 2440 4692 ἡμεῖς
2491 4622 2693 4687 τοίνυν,
2749 4620 2846 4674 ἐὰν
2893 4621 3018 4675 τότε
3049 4623 3209 4693 μόνον
3245 4623 3630 4694 ἡσυχάζωμεν,
3660 4623 3792 4676 ὅταν

2107 4700 2300 4770 μηδεὶς
2345 4701 2374 4754 6
2411 4699 2732 4771 παροξύνων
2777 4697 2836 4772 ᾗ,
2888 4701 2940 4754 τί
2993 4700 3056 4754 16
3084 4701 3280 4767 πλέον;
3319 4703 3532 4755 Ἐκεῖνα
3561 4703 3658 4772 μὲν
3681 4702 3792 4772 γὰρ

2103 4781 2199 4832 καὶ
2226 4779 2449 4844 δικαίως
2474 4780 2776 4848 ἀγανακτεῖ
2823 4779 3106 4844 πολλάκις,
3161 4780 3257 4835 καὶ
3307 4780 3510 4853 πολλὴν
3537 4780 3652 4850 ἔχει
3688 4782 3792 4851 τὴν

2101 4858 2399 4928 ἀπολογίαν
2419 4874 2434 4889 ·
2473 4859 2568 4912 καὶ
2596 4859 2704 4930 γὰρ
2732 4859 3028 4929 κινούμενα
3062 4861 3157 4913 καὶ
3187 4861 3490 4931 νυττόμενα
3535 4859 3793 4930 διεγείρε-

2103 4957 2227 4994 ται·
2252 4940 2422 5010 χωρὶς
2457 4939 2516 4992 δέ
2556 4938 2782 5001 τούτων,
2813 4941 2908 4993 καὶ
2941 4939 3217 5011 λογισμῶν
3247 4942 3395 4995 ἐστιν
3423 4939 3789 5012 ἐστερημένα,

2107 5019 2204 5072 καὶ
2233 5019 2291 5071 ἐν
2316 5021 2382 5090 τῇ
2423 5017 2582 5087 φύσει
2623 5015 2685 5071 τὸ
2710 5017 3032 5090 θηριοῦσθαι
3059 5019 3194 5089 ἔχει.
3227 5019 3299 5073 ΣΞ)
3337 5020 3395 5073 δέ
3427 5020 3612 5081 πόθεν,
3667 5019 3789 5072 εἰπέ

2112 5114 2225 5166 μοι,
2299 5095 2660 5168 θηριούμενος
2709 5098 2808 5151 καὶ
2843 5099 3143 5170 ἀγριαίνων
3192 5097 3394 5172 δυνήσῃ
3454 5097 3789 5168 συγγνώμης

2105 5178 2322 5246 τυχεῖν;
2370 5176 2436 5228 Τί
2497 5175 2768 5241 πέπονθας
2805 5177 3008 5244 δεινόν;
3057 5177 3343 5249 ήρπάγης;
3387 5178 3464 5230 Δι’
3525 5177 3657 5232 αὐτὸ
3689 5178 3788 5246 μὲν

2106 5250 2200 5308 οῦν
2231 5254 2387 5308 τοῦτο
2413 5253 2494 5308 δεῖ
2524 5256 2789 5324 ἐνεγκεῖν,
2841 5254 2980 5308 ὥστε
3022 5255 3284 5327 μειζόνως
3310 5256 3583 5328 κερδᾶναι.
3625 5254 3786 5308 Ἀλλά

397 5367 493 5401 ’Μ
549 5367 850 5440 ἐσταύρουν
894 5367 1030 5426 Edd.
1088 5387 1138 5440 p.
1206 5387 1258 5436 ῃ.
1319 5369 1722 5494 ἐμπομπεύωσι
1767 5369 1830 5426 G.
1861 5371 2030 5440 ἐκπομ

397 5454 454 5510 ιιι.
485 5438 990 5510 (ἐμπομπεύσωσιν
1015 5443 1096 5505 είς
1121 5443 1280 5495 αὑτὸν
1312 5441 1434 5510 Ep.)
1513 5450 1602 5496 ost
1631 5443 1685 5494 h.
1718 5456 1771 5495 ν.
1800 5440 1890 5494 διὰ
1919 5441 2026 5494 πάν

2121 5368 2290 5422 ύσωσι
2360 5366 2431 5422 M.
2501 5369 2893 5440 ἐκπομπεύωσι
2955 5368 3083 5423 Sav.
3151 5367 3571 5438 ἐπιπομπεύωσι
3644 5365 3778 5420 Mor.

2118 5458 2138 5493 ν
2161 5440 2369 5494 addunt
2399 5440 2464 5495 G.
2497 5439 2672 5510 H.7M.
2750 5441 2772 5472 ³
2803 5443 2860 5493 ὲν
2889 5440 3046 5509 χερσὶ
3077 5438 3143 5493 G.
3176 5437 3242 5492 II.
3269 5439 3339 5510 M.
3370 5441 3496 5510 ταῖς
3526 5442 3681 5492 deest
3727 5437 3778 5490 in

1356 5457 1406 5510 ρ.

323 5437 454 5511 IIe_n_.
485 5437 990 5511 (ἐμπομπεύσωσιν
1015 5437 1101 5505 είς
1121 5443 1280 5495 αὑτὸν
1312 5441 1351 5494 Ε

326 5508 504 5582 Εὐας
537 5508 564 5541 ⁸
586 5508 909 5582 ἐπέκαμψεν
937 5519 994 5564 el
1025 5527 1078 5581 p.
1106 5529 1160 5582 p.
1192 5508 1573 5582 ἐπακολουθῶν
1599 5512 1734 5582 Edd.
1803 5511 1825 5542 ⁸
1848 5511 2030 5564 εἰπόντ

2148 5511 2244 5582 καὶ
2278 5511 2525 5582 εἰπόντες
2549 5509 2614 5582 Η.
2644 5510 2844 5582 ἰδόντες
2876 5508 2970 5562 καὶ
2997 5510 3241 5582 εἰπόντες
3269 5508 3438 5582 G._M.

1513 5450 1602 5496 ost
1631 5443 1685 5494 h.
1718 5456 1771 5495 ν.
1800 5440 1890 5494 διὰ
1919 5439 2138 5494 πάντων
2161 5440 2369 5494 addunt
2399 5440 2464 5495 G.
2497 5439 2563 5494 II.
2603 5439 2672 5494 M.
2750 5441 2772 5472 ³
2803 5443 2860 5493 ἐν

2889 5440 3046 5509 χερσί
3077 5438 3143 5493 G.
3176 5437 3242 5492 Η.
3269 5437 3339 5492 Μ.
3371 5441 3496 5509 ταῖς
3526 5442 3681 5492 deest
3727 5437 3782 5490 in

3517 5510 3537 5538 ⁶
3573 5511 3782 5571 ἐκεῖνος

325 5596 439 5632 om.
465 5579 590 5635 Sav.
635 5577 951 5635 Beu.'l"lura
983 5577 1186 5636 ιιέειὶηι
1212 5583 1267 5635 in
1292 5580 1426 5636 Mor.
1503 5583 1522 5613 ⁷
1554 5583 1646 5638 Sic
1667 5581 1766 5639 Ge.
1792 5591 1846 5638 et
1875 5582 2030 5637 codd.

2118 5621 2121 5632 .
2149 5580 2279 5644 Υἰὸς
2300 5579 2350 5634 εἶ
2373 5581 2470 5636 τοῦ
2489 5581 2648 5643 Θεοῦ,
2676 5580 2850 5634 σῶσον
2882 5581 3108 5633 σεαυτὸν
3137 5579 3269 5634 Edd.
3345 5579 3367 5610 ⁸
3402 5579 3630 5633 Codices
3669 5577 3736 5630 Τί
3761 5594 3780 5646 ;

325 5649 448 5734 οὑδέ
468 5653 541 5734 ρὶ.
552 5668 656 5734 πρλ
681 5647 824 5723 ἦσαν
839 5669 947 5734 ’πρ.
1022 5651 1265 5734 [ταῦτα]
1285 5653 1462 5734 ,αὐτοὶ
1484 5651 1619 5734 Mar.
1659 5652 1803 5734 Bep._
1829 5653 2030 5734 αὐτοῖς

2118 5669 2180 5704 τα
2217 5652 2344 5734 ξαν.
2389 5652 2467 5734 ηίυ
2499 5650 2792 5734 ἐπαθον
2918 5650 2988 5734 6!.
3024 5655 3118 5734 $02!
3147 5651 3383 5734 ἔπασχον
3420 5647 3485 5702 Κ.
3510 5651 3776 5734 ἱιιιιιιωᾙἶ

406 5722 491 5806 ἀεὶ
512 5719 1352 5806 διορθωσαμένουπαὺτηνηὺμῶν
1375 5722 1510 5806 βενε
1539 5723 1700 5806 ἰξεη..
1723 5724 1814 5806 ἀεὶ
1848 5722 2029 5806 δκταύ

325 5790 557 5870 (lo-dices
585 5790 923 5876 ἐπίθες-ζωῇ
946 5793 1038 5876 ὑπ’
1068 5790 1440 5876 ρ’τῶνλὺπέρ
1470 5793 1533 5876 II.
1567 5794 1638 5849 Μ.
1679 5795 1820 5876 ὺπέρ
1840 5793 2034 5876 ,αὐτῶν

2033 5739 2062 5775 τ
2105 5739 2133 5774 ν
2163 5721 2270 5792 πρὸ
2302 5721 2456 5792 ὑμῶν
2505 5721 2638 5776 Mor.
2717 5723 2781 5752 “‘
2827 5721 2963 5792 βίον]
3001 5722 3126 5776 ad'd.

2033 5813 2034 5829 ι
2062 5741 2196 5847 add.
2227 5792 2334 5846 ὑπὸ
2365 5793 2447 5847 bis
2471 5792 2669 5861 legisse
2690 5791 2908 5847 videtur
2955 5796 3153 5862 Imerp.

2302 5720 2456 5792 ὑμῶν
2505 5721 2638 5776 Mor.
2717 5723 2781 5752 “‘
2827 5719 2963 5792 βίον]
3001 5722 3126 5776 ad’d.
3159 5719 3410 5792 όλῃστὴς
3439 5721 3654 5773 codices
3735 5721 3780 5750 "

2302 5792 2334 5845 :6
2365 5792 2669 5850 bislegisse
2690 5791 2908 5847 videtur
2955 5796 3153 5850 Intern.
3234 5792 3276 5823 ’ί
3309 5792 3536 5850 (indices
3579 5789 3780 5843 ἐλοιδο-

3258 5801 3276 5823 ⁴
3309 5801 3536 5844 (λυιΙΙυὶξὸ
3579 5801 3780 5843 ἐλοιδο-

324 5859 565 5936 ροῦντοα
611 5863 731 5936 "f‘"
763 5863 1048 5936 HGIKON.
1081 5865 1216 5936 Περί
1244 5859 1342 5936 τῆς
1361 5859 1671 5936 πραότητος
1705 5859 1803 5936 καῖ
1829 5863 2180 5936 ἀνεξικακίας
2201 5863 2308 5936 τοῦ
2338 5859 2726 5936 Χριστοῦςκαῖ
2753 5863 2872 5928 πῶς
2905 5865 3082 5918 πάντα
3101 5859 3230 5936 σιγῇ
3262 5863 3354 5917 καὶ
3383 5862 3575 5932 πράως
3599 5861 3786 5933 ἔφερε,

323 5931 420 5986 καὶ
439 5931 522 5988 δεῖ
543 5934 690 6008 ἡμᾶς
723 5935 1012 6009 μιμεῖσθαι
1038 5931 1200 5990 αὐτόν
1221 5950 1236 5966 ·
1266 5931 1324 5989 ἐν
1352 5931 1518 6004 ᾧκαί
1543 5931 1686 5990 κατά
1740 5934 2010 6005 ὑϐριστῶν
2055 5935 2149 5988 καὶ
2193 5931 2567 6005 θυμουμένων.
2599 5933 2642 5988 G

2625 5933 2638 5949 ‘
