4104 6380
373 286 476 345 775

374 404 621 460 afficiunt
644 406 700 456 et
746 407 1117 462 contemnunt,
1144 411 1274 463 eos,
1303 398 1390 466 qui
1421 397 1520 450 sibi
1548 396 1844 460 attendunt,
1867 398 1960 449 tir-

379 499 576 552 m'zores
611 494 860 550 reddunt.
894 491 1028 546 Nam
1055 491 1269 545 desides
1290 491 1459 560 magis
1487 489 1754 544 laeduntur
1781 489 1962 543 lauda-

380 592 438 652 ti,
462 604 620 658 quam
651 586 973 640 contumelia
994 584 1188 638 affecti.
1213 582 1314 648 Qui
1338 583 1554 647 larduut,
1585 582 1628 636 si
1651 581 1956 659 vigilemus,

379 679 533 733 nobis
561 675 911 746 philosophia}
932 689 1092 728 causa
1119 684 1277 739 sunt;
1299 674 1389 743 qui
1423 687 1552 726 vero
1573 673 1817 735 laudant,
1845 671 1959 725 ela-

378 779 460 821 tos
487 766 713 821 reddunt
736 807 751 832 ,
780 773 1092 834 arrogantes
1110 805 1124 828 ,
1153 778 1302 816 vamc
1328 763 1508 831 gloria:
1533 763 1784 831 cupidos,
1817 761 1961 814 desi-

377 861 509 923 des,
537 859 717 912 animo
760 856 1057 910 molliores.
1109 854 1271 924 Cujus
1318 854 1392 908 rei
1421 862 1587 908 testes
1619 861 1743 906 sunt
1782 863 1960 923 patres

383 955 472 1024 qui
507 953 642 1005 lilios
685 966 812 1006 suos
842 965 946 1003 non
980 959 1084 1002 tam
1115 948 1398 1002 adulantur
1429 963 1586 1018 quam
1617 949 1958 1016 vituperant,

381 1044 537 1098 veriti
567 1059 634 1097 ne
662 1042 802 1111 quod
831 1042 954 1096 inde
980 1041 1230 1094 damnum
1256 1039 1552 1108 patiantur;
1577 1039 1811 1106 magistri
1832 1054 1964 1108 quo-

379 1153 483 1207 que
513 1137 613 1190 hoc
644 1145 863 1189 utuntur
907 1133 1166 1188 remedio.
1197 1132 1374 1200 Quare
1400 1133 1444 1185 si
1472 1132 1775 1202 quempiam
1803 1146 1962 1185 aver—

381 1229 486 1281 sari
520 1226 749 1296 parsit,
778 1224 1106 1279 adulatorem
1130 1224 1312 1294 potius
1342 1237 1618 1287 aversare,
1651 1237 1808 1292 quam
1835 1237 1963 1276 con-

381 1317 755 1372 tumeliosum:
787 1315 1042 1382 majorem
1071 1314 1266 1384 quippe
1296 1329 1400 1366 non
1429 1314 1649 1367 attentis
1669 1313 1821 1366 affert
1843 1329 1962 1382 per-

390 1410 580 1463 niciem
601 1407 926 1462 adulationis
954 1407 1199 1460 illecebra
1221 1446 1237 1471 ,
1267 1421 1424 1474 quam
1452 1406 1791 1466 contumelia,
1819 1404 1961 1458 diffi-

375 1499 642 1568 ciliusque
679 1506 761 1552 est
799 1497 979 1564 hanc,
1020 1513 1178 1566 quam
1221 1497 1361 1550 illam
1404 1481 1657 1566 superare
1705 1497 1744 1549 ί.
1799 1495 1963 1550 Multo

386 1591 558 1660 major
602 1590 723 1644 inde
751 1605 958 1644 merces
980 1633 993 1655 ,
1043 1591 1208 1644 multo
1239 1591 1408 1658 major
1453 1590 1568 1643 laus
1594 1597 1649 1644 et
1679 1588 1961 1644 admiratio

389 1683 651 1751 sequitur.
680 1682 809 1736 Nam
839 1681 1132 1735 mirabilius
1148 1691 1238 1736 est
1266 1681 1537 1735 hominem
1565 1679 1746 1735 videre
1773 1690 1962 1734 contu-

387 1773 560 1827 meliis
586 1772 857 1834 affectum,
883 1787 980 1826 nec
999 1780 1342 1836 commotum,
1365 1787 1522 1841 quam
1547 1771 1813 1826 hominem
1830 1786 1958 1840 per-

379 1881 598 1920 cussum
622 1907 636 1932 ,
669 1881 766 1919 nec
791 1864 1090 1920 cadentem.
1129 1863 1195 1917 Et
1237 1863 1504 1932 quomodo
1523 1904 1538 1928 ,
1567 1863 1774 1932 inquies
1793 1903 1808 1927 ,
1839 1877 1960 1931 pos-

382 1972 566 2011 sumus
596 1974 698 2011 non
747 1958 1107 2012 commoveri?
1132 1956 1206 2010 Te
1247 1954 1565 2010 contumelia
1593 1956 1711 2025 quis
1736 1953 1946 2009 affecit?

380 2051 576 2106 Pectus
618 2064 783 2105 cruce
811 2051 1018 2120 signato
1040 2092 1054 2114 ,
1081 2048 1371 2104 recordare
1413 2048 1650 2102 omnium
1685 2063 1804 2117 qua:
1835 2056 1959 2101 tunc

380 2152 528 2210 gesta
555 2150 716 2207 sunt,
748 2150 805 2195 et
843 2141 1019 2194 omnia
1048 2141 1476 2210 exstinguuntur.
1507 2137 1584 2193 Ne
1608 2138 1958 2192 contumelias

373 2240 584 2285 tantum
633 2233 833 2301 engites
858 2273 873 2298 ,
903 2231 997 2286 sed
1024 2242 1078 2286 et
1104 2231 1148 2285 si
1174 2231 1299 2302 quid
1329 2231 1422 2285 tibi
1467 2229 1590 2284 boni
1615 2245 1646 2283 a
1678 2239 1956 2284 contume-

385 2325 521 2379 lioso
548 2324 640 2379 illo
684 2325 984 2391 advenerit,
1033 2325 1085 2378 in
1131 2333 1363 2379 mentem
1399 2332 1668 2390 revocato,
1695 2334 1750 2378 et
1778 2322 1956 2377 statim

383 2417 709 2471 mansuetior
729 2415 854 2471 ‘ﬁes.
890 2417 1001 2471 lmo
1030 2417 1206 2488 potius
1232 2427 1355 2471 ante
1381 2417 1558 2472 omnia
1585 2415 1678 2472 Dei
1711 2416 1956 2470 timorem

375 2508 429 2560 in
460 2518 634 2563 mente
683 2509 913 2574 habeas,
959 2519 1014 2564 et
1062 2510 1240 2563 statim
1287 2507 1612 2564 moderatior
1651 2507 1957 2579 tequiorque

377 2600 511 2656 eris.

449 2694 503 2748 4.
532 2693 612 2748 Ad
654 2693 768 2748 haec
790 2737 805 2758 ,
838 2710 866 2747 a
910 2694 1079 2748 servis
1101 2695 1211 2747 tuis
1251 2692 1629 2748 documentum
1675 2691 1951 2762 suscipias.

384 2783 456 2838 Et
485 2800 602 2838 cum
629 2786 825 2839 videris
847 2796 897 2838 te
918 2784 1322 2850 conviciantem,
1351 2784 1496 2838 illum
1519 2799 1645 2838 vero
1670 2792 1950 2848 tacentem,

373 2878 552 2946 cogita
583 2887 634 2931 te
663 2876 1029 2946 philosophari
1061 2891 1216 2946 posse
1235 2917 1251 2941 ,
1283 2885 1438 2944 teque
1463 2883 1833 2944 exasperatum
1861 2872 1955 2927 da-

369 2984 519 3022 mna.
545 2973 716 3038 Atque
738 2967 790 3022 in
816 2968 932 3039 ipso
954 2966 1400 3021 contumeliarum
1423 2974 1661 3033 tempore
1680 2964 1825 3017 disce
1846 2978 1953 3016 non

371 3061 748 3114 contumeliam
784 3061 981 3114 inferre
999 3100 1014 3124 ,
1037 3069 1091 3114 et
1116 3060 1192 3112 sic
1220 3072 1317 3112 nec
1344 3058 1456 3127 ipse
1481 3055 1814 3111 contumeliis
1833 3053 1955 3109 affe-

371 3163 490 3208 ctus
533 3153 759 3208 dolebis.
808 3153 992 3223 Cogita
1036 3168 1157 3206 eum
1202 3151 1296 3220 qui
1341 3150 1677 3204 contumeliis
1703 3147 1872 3202 afﬁcit
1898 3154 1953 3201 et

376 3247 504 3302 furit
531 3262 637 3302 non
669 3246 751 3300 sui
794 3255 1094 3314 compotem
1142 3259 1296 3310 esse,
1325 3252 1378 3297 ct
1405 3243 1481 3296 sic
1525 3242 1591 3296 de
1629 3238 1951 3296 contumelia

372 3353 480 3395 nan
510 3339 905 3408 indignaberis:
939 3354 1058 3392 nam
1086 3350 1137 3393 et
1167 3335 1480 3392 dannoniaci
1510 3350 1606 3389 nos
1636 3335 1947 3399 verberant,

377 3448 474 3486 nec
504 3432 662 3486 modo
691 3448 798 3485 non
831 3445 1127 3495 movemur,
1156 3429 1252 3483 sed
1281 3428 1439 3482 etiam
1469 3426 1588 3481 illos
1612 3427 1948 3482 miserantur.

374 3521 486 3574 lloc
511 3530 565 3575 et
594 3531 648 3574 tu
676 3521 866 3584 facito;
898 3521 1148 3574 miserare
1179 3519 1650 3584 contumeliosum;
1681 3519 1757 3572 ira
1783 3517 1948 3584 enim,

377 3615 522 3681 gravi
556 3614 666 3668 fera
693 3655 708 3677 ,
741 3614 1028 3678 detinetur,
1062 3613 1306 3667 daemone
1333 3613 1655 3682 pernicioso.
1686 3611 1847 3666 Solve
1873 3610 1954 3678 ip-

374 3722 492 3760 sum
535 3706 623 3775 qui
651 3705 717 3758 ab
770 3704 1072 3773 hujusmodi
1119 3703 1362 3758 dmmone
1405 3713 1657 3767 vexatur,
1706 3711 1760 3756 et
1803 3701 1948 3756 brevi

378 3805 616 3865 tempore
641 3796 1021 3862 corrumpitur.
1053 3795 1197 3849 Talis
1227 3796 1422 3865 quippe
1466 3794 1553 3849 hic
1580 3795 1798 3849 morbus
1826 3804 1907 3847 est
1929 3835 1946 3860 ,

373 3887 465 3954 qui
489 3887 554 3940 ad
583 3886 869 3955 perniciem
892 3886 1018 3956 a-gri
1045 3901 1150 3940 non
1177 3887 1344 3940 multo
1363 3896 1515 3955 egeat
1542 3895 1798 3955 tempore.
1826 3882 1949 3938 ideo

375 3976 584 4031 dicebat
622 3977 882 4047 quispiam
913 3995 925 4031 :
977 3975 1290 4030 Momentum
1331 3976 1519 4046 furoris
1557 3977 1666 4046 ejus
1693 3991 1839 4029 casus
1877 3983 1949 4029 est

373 4072 474 4140 ipsi
521 4071 723 4141 (Ea-1i.
770 4073 820 4128 l.
848 4071 954 4142 28)
983 4089 996 4124 :
1029 4087 1134 4141 quo
1173 4071 1403 4125 maxime
1431 4069 1764 4142 tyrannidem
1794 4084 1947 4124 suam

371 4163 640 4228 ostendit,
667 4164 806 4233 quod
837 4163 981 4218 brevi
1031 4173 1270 4234 tempore
1305 4160 1458 4216 tanta
1487 4171 1740 4232 operetur
1767 4160 1906 4215 mala
1929 4200 1945 4226 ,

377 4271 472 4308 nec
503 4271 647 4308 mora
676 4270 810 4324 opus
838 4255 1066 4310 habeat:
1097 4264 1152 4310 et
1175 4254 1220 4309 si
1247 4255 1300 4309 in
1325 4254 1376 4308 vi
1406 4245 1503 4308 sua
1548 4263 1944 4324 perseveraret,

375 4347 459 4399 vix
508 4347 822 4417 superabilis
863 4356 1024 4401 esset.
1054 4345 1258 4402 Vellem
1289 4346 1572 4401 ostendere
1596 4388 1612 4410 ,
1656 4347 1775 4416 quis
1805 4345 1873 4400 sit
1903 4347 1947 4401 is

373 4438 461 4507 qui
482 4437 828 4501 eouviciatur,
851 4440 968 4507 quis
994 4438 1083 4493 ille
1110 4439 1198 4508 qui
1225 4438 1646 4508 philosophatur,
1670 4447 1725 4493 et
1753 4439 1945 4493 nudam

374 4531 649 4601 utriusque
694 4530 924 4584 animam
955 4531 1006 4586 in
1038 4533 1270 4586 medium
1312 4532 1520 4586 afferre.
1556 4531 1773 4587 Videres
1803 4533 1946 4587 illam

372 4623 600 4676 similem
625 4637 747 4678 esse
775 4623 959 4693 pelago
979 4622 1226 4678 ﬂuctibus
1252 4626 1470 4694 agitato,
1501 4625 1638 4680 hanc
1662 4626 1946 4695 tranquillo

373 4717 568 4785 portui.
599 4715 784 4786 Neque
829 4718 973 4772 enim
1008 4719 1250 4772 turbatur
1275 4733 1305 4771 a
1336 4719 1576 4788 malignis
1603 4720 1808 4784 ventis,
1853 4717 1946 4772 sed

375 4806 494 4862 illos
525 4807 678 4864 facile
723 4809 892 4863 sedat.
921 4809 1051 4862 Nam
1077 4812 1163 4880 qui
1197 4811 1546 4864 contumelias
1576 4810 1828 4872 inferunt,
1860 4812 1944 4864 ni-

376 4896 449 4951 hil
480 4913 584 4952 non
609 4909 771 4968 agunt
796 4910 848 4952 ut
877 4900 1187 4964 mordeant;
1219 4915 1339 4954 cum
1363 4910 1539 4954 autem
1569 4900 1666 4954 hac
1692 4915 1786 4969 spe
1816 4901 1945 4969 lapsi

377 4999 519 5056 sunt,
542 4990 640 5060 ipsi
663 4990 874 5046 demum
903 4992 1172 5057 sedantur,
1198 5005 1250 5048 ct
1273 4993 1538 5048 emendati
1562 4994 1775 5048 abeunt.
1804 4993 1945 5049 Fieri

396 5200 405 5209 ο
437 5139 452 5170 ¹
484 5139 736 5210 ttic_loctis
756 5143 827 5190 sic
866 5143 1075 5210 habetur
1098 5143 1222 5210 apud
1262 5145 1504 5196 Hontf.....
1545 5160 1690 5210 quam
1710 5153 1948 5199 contume-

368 5201 456 5251 lia.
471 5201 504 5272 ,[
520 5202 899 5273 Ἀξάιιςειὶρριιαδὶ
921 5218 1048 5273 esca_
1065 5201 1288 5267 quaedam
1307 5215 1507 5273 estque:
1529 5201 1622 5259 non
1651 5210 1946 5260 attendentes

367 5263 572 5339 rapiam
591 5263 929 5339 diﬂiciliusguei
940 5273 1010 5316 est
1027 5263 1155 5339 hunc
1171 5281 1312 5339 quam
1336 5263 1470 5319 iitdm
1485 5285 1729 5335 superare.
1755 5273 1946 5322 Uncinis

367 5326 537 5378 clausa
565 5326 666 5375 noxi
685 5326 998 5389 reperiuntur
1025 5330 1072 5378 in
1099 5326 1238 5379 textu
1259 5331 1445 5381 Gra‘co.

1188 281 1253 338 IN
1291 281 1696 358 ΜΑΤΤΠΑΞΠΜ
1738 283 1964 339 ι-ιοιιιι.
2005 281 2309 343 LXXXV“.
2349 287 2416 339 al.
2459 287 2789 344 LXXXVIII.

3542 303 3644 359 77-3

2067 398 2206 451 enim
2230 397 2413 467 nequit
2439 407 2496 453 ut
2522 400 2603 454 vir
2626 400 2794 455 iratus
2820 416 2925 456 non
2957 417 3015 456 se
3042 401 3328 458 admodum
3350 405 3636 476 improbet.

2060 494 2204 549 sicut
2228 495 2344 548 fieri
2389 495 2578 565 nequit
2610 508 2670 548 ut
2697 495 2790 564 qtti
2817 511 2922 550 non
2952 494 3210 550 irascitur
3236 497 3472 567 seipsum
3504 514 3637 553 con-

2057 586 2293 641 denmet.
2314 585 2447 640 Nam
2468 590 2514 641 si
2534 589 2586 641 in
2601 589 2841 658 aliquem
2859 589 3144 660 insurgere
3162 599 3428 659 oporteat,
3449 590 3502 644 id
3517 589 3638 646 sine

2057 676 2138 730 ira
2163 687 2339 745 potest
2359 678 2496 744 fieri,
2526 689 2579 733 et
2598 679 2816 749 quidem
2843 678 3059 735 facilius
3077 680 3507 750 prudentiusque
3529 689 3636 749 est,

2057 785 2220 838 quam
2241 771 2440 824 iratum
2461 771 2512 824 id
2535 771 2713 827 lacere
2735 789 2745 826 :
2771 771 3017 842 nihilque
3046 772 3315 842 ingratum
3339 774 3635 842 patiemur.

2056 861 2114 916 Si
2134 878 2371 932 namque
2389 863 2645 927 velimus,
2665 863 2808 934 apud
2827 880 2926 919 nos
2952 865 3100 933 ipsos
3116 863 3258 919 bona
3281 873 3462 932 erunt,
3481 863 3637 936 etju-

2051 963 2210 1006 vante
2235 953 2328 1008 Dei
2352 955 2520 1024 gratia
2545 955 2695 1008 nobis
2721 955 2848 1024 ipsis
2875 956 3002 1010 satis
3025 958 3222 1010 erimus
3247 958 3310 1011 ad
3339 959 3553 1012 tutelam
3580 970 3634 1014 et

2053 1045 2334 1098 honorem.
2366 1045 2475 1099 Cur
2504 1046 2648 1099 enim
2696 1045 2919 1115 gloriam
2968 1045 3034 1099 ab
3080 1047 3246 1100 altero
3290 1049 3524 1118 qumris?
3554 1049 3634 1104 Tu

2052 1136 2279 1204 teipsum
2325 1136 2526 1191 honora
2550 1177 2565 1203 ,
2597 1148 2650 1191 et
2677 1152 2837 1192 nemo
2868 1137 2959 1193 tibi
3012 1139 3207 1206 poterit
3250 1139 3630 1195 contumeliam

2050 1227 2280 1292 inferre;
2311 1227 2356 1282 si
2402 1243 2533 1283 vero
2578 1237 2636 1282 tu
2677 1229 2905 1298 teipsum
2955 1228 3313 1295 debonestcs,
3345 1232 3551 1286 etiamsi
3582 1243 3633 1287 te

2050 1331 2241 1373 omnes
2271 1317 2559 1383 honorent,
2584 1333 2687 1372 non
2713 1319 2765 1372 in
2791 1318 2994 1373 honore
3015 1320 3143 1375 eris.
3171 1320 3627 1388 Quemadmodum

2051 1410 2193 1465 enim
2223 1408 2326 1463 nisi
2358 1423 2456 1462 nos
2485 1409 2625 1462 malo
2651 1409 2952 1464 imbuamus
2979 1409 3169 1464 affecm
3193 1451 3211 1478 ,
3244 1425 3402 1465 nemo
3431 1427 3530 1466 nos
3556 1411 3634 1466 sic

2053 1500 2258 1556 imbuet
2281 1516 2293 1552 :
2327 1499 2406 1553 sic
2435 1499 2536 1552 nisi
2559 1513 2655 1552 nos
2678 1500 2996 1553 contumelia
3021 1499 3335 1566 afficiamus,
3360 1517 3516 1555 nemo
3541 1501 3634 1555 de-

2051 1590 2345 1645 decorabit.
2374 1590 2455 1643 Sit
2479 1590 2619 1644 enim
2665 1590 2746 1643 vir
2771 1590 3032 1660 quispiam
3063 1591 3406 1646 admirandus
3432 1601 3486 1646 ct
3516 1609 3630 1646 ma-

2050 1696 2188 1750 gnus
2211 1723 2225 1745 ,
2254 1696 2551 1750 omnesque
2581 1679 2728 1734 illum
2755 1680 3028 1736 mcechum
3058 1691 3283 1750 vocent,
3312 1682 3480 1738 furem
3505 1724 3518 1750 ,
3549 1699 3631 1739 se-

2054 1773 2364 1842 pulcrorum
2412 1771 2761 1836 messorem,
2813 1771 3170 1839 homicidam,
3217 1773 3514 1829 latronem:
3545 1776 3632 1830 ille

2052 1880 2181 1918 vero
2221 1879 2320 1918 nec
2352 1875 2631 1918 moveatur
2651 1906 2666 1928 ,
2700 1879 2800 1918 nec
2829 1863 3172 1936 indignetur,
3204 1866 3401 1922 nullius
3445 1882 3631 1922 eorum

2049 1956 2148 2011 sibi
2177 1958 2424 2011 conscius
2457 1975 2470 2011 :
2501 1972 2660 2025 quam
2688 1957 2779 2011 ille
2806 1957 3184 2012 contumeliam
3217 1959 3483 2027 patietur?
3505 1959 3632 2015 Nul-

2049 2046 2154 2100 lam
2203 2048 2382 2118 plane.
2416 2048 2552 2115 Quid
2599 2061 2760 2118 ergo,
2794 2047 3036 2117 inquies,
3071 2049 3117 2103 si
3147 2048 3300 2104 multi
3329 2049 3631 2120 hujusmodi

2047 2138 2114 2193 de
2165 2139 2280 2208 ipso
2326 2139 2632 2208 Opinionem
2680 2138 2948 2192 habeant?
2977 2139 3160 2210 Neque
3189 2140 3267 2195 sic
3307 2142 3629 2198 contumelia

2047 2229 2272 2284 aﬂ‘eetus
2300 2239 2383 2285 est
2403 2272 2418 2294 ,
2447 2230 2539 2284 sed
2569 2231 2642 2284 illi
2674 2230 2881 2299 seipsos
2908 2229 3302 2286 dedecorarunt
3321 2273 3336 2297 ,
3381 2233 3521 2303 quod
3553 2244 3630 2288 ta-

2047 2322 2150 2377 lem
2173 2323 2320 2377 illum
2344 2323 2479 2377 falso
2499 2323 2943 2378 existimaverint.
2976 2323 3070 2377 Dic
3091 2324 3232 2378 enim
3257 2325 3384 2379 mihi
3407 2366 3422 2391 ,
3446 2326 3488 2379 si
3512 2328 3630 2396 quis

2046 2417 2212 2480 solem
2241 2416 2529 2471 obscurum
2553 2430 2673 2470 esse
2697 2423 2868 2486 putet,
2894 2430 2962 2469 an
2990 2415 3090 2469 soli
3117 2414 3366 2482 detraxit,
3393 2432 3461 2471 an
3487 2418 3629 2472 sibi?

2048 2508 2159 2563 Sibi
2209 2512 2424 2578 utique,
2475 2507 2601 2562 dum
2649 2507 2748 2561 sibi
2779 2517 2870 2561 aut
2909 2505 3036 2560 cmci
3064 2513 3157 2560 aut
3185 2506 3407 2562 furentis
3433 2507 3629 2564 famam

2046 2601 2315 2656 conciliat.
2355 2599 2445 2654 Sic
2470 2608 2524 2652 et
2551 2599 2586 2652 ii
2633 2598 2724 2667 qui
2767 2597 2940 2652 bonos
2987 2611 3107 2651 esse
3150 2597 3321 2651 malos
3350 2606 3567 2666 putant,
3597 2615 3628 2654 e

2045 2690 2316 2747 contrario
2343 2689 2553 2759 scipsos
2577 2687 2842 2742 dedecore
2862 2687 3100 2740 afficiunt
3126 2703 3139 2740 :
3171 2687 3290 2741 ideo
3317 2689 3504 2758 majori
3539 2704 3619 2743 ριι⁴

2047 2783 2269 2837 randum
2299 2782 2476 2836 studio
2507 2791 2590 2835 σιδι
2609 2821 2626 2847 ,
2661 2791 2716 2834 ιιι
2745 2780 3126 2835 conscientiam
3156 2789 3394 2834 nostram
3425 2796 3624 2850 expur-

2044 2892 2231 2946 gemus
2249 2915 2266 2942 ,
2295 2891 2469 2945 neque
2495 2887 2679 2927 ansam
2707 2871 2868 2928 ullam
2897 2872 3182 2941 snsmcioni
3213 2871 3435 2937 demus;
3461 2876 3505 2926 si
3537 2887 3627 2926 ve-

2046 2985 2107 3024 ro
2133 2969 2223 3022 alii
2252 2967 2430 3022 furere
2457 2965 2745 3033 voluerint,
2776 2965 2930 3020 nobis
2958 2965 3058 3019 hoc
3085 2964 3245 3020 modo
3269 2965 3494 3032 allectis,
3519 2982 3625 3021 non

2045 3063 2096 3117 id
2125 3078 2313 3116 curare
2335 3103 2352 3128 ,
2384 3060 2468 3116 vel
2498 3060 2683 3114 dolere
2713 3073 2850 3128 opus
2895 3069 2996 3115 est.
3026 3058 3158 3114 Nam
3185 3060 3274 3127 qui
3305 3059 3478 3114 bonus
3504 3075 3627 3114 cum

2045 3155 2151 3220 sit,
2199 3153 2478 3222 improbus
2503 3167 2530 3205 a
2561 3150 2878 3222 quibusdam
2924 3158 3138 3220 putatur
3165 3165 3286 3206 esse
3310 3192 3326 3218 ,
3356 3149 3440 3204 hic
3481 3162 3626 3205 certe

2044 3244 2176 3300 nihil
2205 3245 2327 3299 hinc
2353 3243 2592 3310 laeditur;
2620 3243 2710 3314 qui
2741 3258 2868 3297 vero
2895 3241 2949 3298 id
2979 3242 3116 3298 male
3144 3251 3198 3296 et
3226 3251 3427 3297 temere
3448 3243 3625 3312 suspi-

2042 3347 2194 3394 catus
2218 3344 2322 3402 est,
2347 3336 2392 3390 is
2415 3343 2711 3392 extremam
2737 3332 3032 3404 perniciem
3061 3331 3254 3397 subiit;
3279 3332 3625 3398 quemadmo-

2043 3432 2167 3484 dum
2195 3440 2249 3485 et
2280 3427 2574 3498 improbus,
2605 3425 2653 3480 si
2683 3441 2714 3481 e
2738 3424 3008 3480 contrario
3030 3422 3201 3478 bonus
3221 3436 3343 3477 esse
3370 3432 3585 3492 putetur
3603 3464 3620 3488 ,

1999 3541 2009 3554 ·
2043 3523 2176 3578 nihil
2203 3523 2330 3576 hinc
2357 3520 2692 3585 lucrabitur;
2718 3517 2814 3574 sed
2842 3515 3032 3587 majori
3058 3516 3320 3572 obnoxius
3347 3515 3449 3570 erit
3472 3513 3626 3570 dam-

2043 3614 2247 3670 nationi
2270 3655 2290 3681 ,
2338 3612 2500 3682 inque
2529 3611 2786 3680 majorem
2817 3608 3016 3662 incidet
3041 3620 3346 3666 maerorem.
3374 3605 3504 3661 Nam
3533 3607 3622 3675 qui

2046 3706 2219 3760 malus
2245 3683 2368 3758 cum
2397 3703 2504 3767 sit,
2549 3700 2718 3755 malus
2745 3699 3080 3754 existimatur
3103 3713 3221 3750 esse
3241 3739 3256 3762 ,
3290 3699 3422 3750 forte
3452 3695 3628 3748 immi-

2043 3798 2202 3850 liatus
2225 3835 2240 3860 ,
2270 3803 2486 3864 peccata
2517 3806 2614 3847 sua
2640 3790 2880 3856 noverit;
2910 3790 2953 3843 si
2983 3803 3112 3843 vero
3151 3788 3342 3855 lateat,
3371 3788 3422 3842 in
3466 3787 3624 3842 indo-

2044 3887 2259 3944 lentiam
2284 3885 2522 3941 decidet;
2541 3883 2675 3939 Nam
2695 3883 2742 3938 si
2765 3881 3136 3938 accusantibus
3159 3881 3406 3936 omnibus
3433 3896 3620 3952 pecca-

2043 3991 2188 4037 tores
2217 3982 2304 4036 vix
2355 3980 2656 4035 excitantur
2703 3976 2773 4032 ad
2811 3986 3323 4046 compuncttonem:
3363 3989 3485 4029 cum
3516 3990 3622 4030 non

2044 4074 2201 4134 modo
2229 4089 2335 4129 non
2352 4079 2637 4138 accusent,
2663 4069 2759 4127 sed
2780 4070 2939 4124 etiam
2963 4066 3184 4123 laudent
3203 4067 3464 4135 nonnulli,
3492 4083 3626 4139 quo-

2043 4167 2202 4223 modo
2242 4166 2429 4222 oculos
2471 4164 2679 4234 aperire
2721 4162 2926 4233 possint
2967 4161 3020 4216 in
3066 4161 3297 4230 nequitia
3341 4161 3624 4216 viventes?

2041 4258 2156 4314 Non
2177 4258 2329 4314 audis
2357 4257 2578 4312 Paulum
2596 4264 2934 4310 accusantem
2957 4253 3098 4322 quod
3119 4253 3494 4308 fornicatoretn
3516 4268 3623 4307 non

2043 4351 2204 4407 modo
2227 4368 2332 4406 non
2359 4352 2581 4405 siverint
2605 4345 2865 4403 Corinthii
2898 4355 3170 4417 peccatum
3192 4360 3344 4400 suum
3365 4360 3623 4416 agnosce—

2044 4459 2102 4499 rc
2123 4485 2139 4508 ,
2172 4443 2298 4497 dum
2330 4442 2654 4496 houorarent
2684 4439 2831 4493 illum
2858 4481 2874 4505 ,
2908 4437 3113 4508 ipsique
3140 4436 3451 4504 plauderent
3477 4476 3497 4504 ,
3527 4437 3622 4493 sed

2043 4535 2203 4589 etiam
2233 4550 2286 4587 ιιι
2313 4533 2546 4603 nequitia
2586 4529 2914 4586 detinuerint
2953 4529 3045 4598 (1.
3071 4528 3189 4583 Cor.
3213 4529 3266 4584 5.
3300 4527 3617 4600 1)?Quam-

2042 4629 2250 4694 obrem,
2280 4628 2506 4682 obsecro
2525 4668 2540 4694 ,
2573 4626 2860 4680 multorum
2890 4624 3191 4694 opiniones,
3223 4624 3576 4680 contumelias
3600 4666 3616 4692 ,

2044 4720 2276 4776 honores
2301 4720 2628 4790 negligentes
2650 4759 2664 4784 ,
2698 4717 2799 4771 hoc
2829 4731 2992 4770 unum
3032 4714 3340 4771 studeamus
3361 4757 3378 4784 ,
3411 4726 3468 4771 ut
3498 4719 3622 4770 nul-

2044 4814 2146 4868 lius
2175 4812 2301 4868 mali
2330 4812 2483 4867 nobis
2512 4811 2712 4866 conscii
2741 4811 2928 4873 simus,
2958 4825 3129 4880 neque
3156 4824 3253 4863 nos
3283 4809 3428 4879 ipsos
3457 4809 3627 4866 dede-

2041 4922 2168 4960 core
2195 4903 2528 4968 afficiamus;
2575 4904 2652 4957 sic
2696 4905 2838 4956 enim
2865 4912 2919 4957 et
2946 4902 3028 4956 hic
3060 4912 3115 4956 et
3141 4901 3194 4956 in
3223 4900 3401 4955 futuro
3429 4903 3625 4956 saaculo

2043 4996 2208 5050 multa
2254 4995 2423 5065 gloria
2456 4993 2735 5057 fruemur;
2783 5008 2940 5060 quam
2989 4992 3191 5045 utinam
3235 5005 3628 5062 consequamur

2043 5101 2253 5150 omnes,
2277 5085 2447 5155 gratia
2474 5094 2526 5138 et
2552 5084 2877 5154 benignitate
2900 5083 3107 5137 Domini
3134 5081 3304 5137 nostri
3326 5081 3450 5138 Jesu
3472 5083 3628 5138 Chri-

2044 5178 2110 5231 sti
2135 5218 2150 5243 ,
2178 5177 2397 5246 quicum
2439 5175 2584 5230 Patri
2623 5175 2888 5244 simulque
2915 5173 3134 5243 Spiritui
3163 5183 3350 5228 sancto
3378 5173 3546 5244 gloria
3573 5184 3629 5229 et

2044 5270 2322 5339 imperium
2348 5310 2363 5335 ,
2386 5284 2528 5324 nunc
2555 5278 2609 5324 et
2639 5283 2872 5338 semper,
2899 5277 2954 5323 et
2976 5267 3028 5322 in
3054 5267 3250 5322 smcula
3275 5267 3624 5323 saeculorum.

2044 5366 2235 5418 Amen.

1764 5549 2245 5632 W-

691 5830 962 5891 ΡΑτιιοι.
1004 5828 1119 5888 Gtt.
1169 5827 1384 5887 υἰιι.
