4104 6380
519 298 623 356 775

1315 308 1369 362 S.
1412 306 1688 363 JOANNIS
1719 306 2184 364 CHRYSOSTOMI
2215 309 2529 367 ARCHIEP.
2571 314 3103 378 CONSTANTINOP.

3690 332 3797 396 773

1510 518 1859 580 HOMILIA
1900 518 2313 581 LXXXVIII.
2360 521 2444 583 al.
2491 486 2852 605 LXXXiX.
3767 602 3770 606 .

508 668 635 723 CAP.
672 666 761 721 27.
804 683 855 723 v.
904 666 994 721 45.
1047 667 1091 720 Α
1133 675 1273 720 sexta
1306 676 1473 720 autem
1526 666 1652 720 hora
1700 662 1912 718 tenebrtz
1952 662 2100 731 facta

581 768 701 812 sunt
720 775 872 825 super
898 758 1183 812 universam
1212 767 1396 811 terram
1418 773 1575 826 usque
1599 755 1667 809 ad
1690 755 1868 808 horam
1888 768 2093 807 nonam.

576 848 666 903 46.
712 845 863 903 Circa
904 858 1072 901 autem
1115 848 1293 901 horam
1320 864 1504 901 nonam
1534 846 1766 900 clamavit
1802 844 1954 899 Jesus
1981 860 2098 897 voce

576 954 785 1009 magna,
815 938 1030 992 dicens:
1062 937 1166 1004 Eli,
1201 938 1306 1004 Eli,
1349 938 1485 992 lama
1525 935 1821 992 sabacthani
1840 937 1866 990 ?
1902 936 1958 989 id
1998 944 2091 998 est,

576 1029 718 1085 Deus
746 1046 907 1098 meus,
936 1029 1077 1086 Deus
1102 1047 1258 1094 meus,
1292 1039 1347 1083 ut
1371 1030 1492 1099 quid
1519 1028 1829 1099 dereliquisti
1853 1025 1974 1080 me?
1998 1027 2088 1080 47.

578 1122 801 1189 Quidam
826 1137 941 1177 vero
970 1138 1033 1177 ea:
1060 1120 1396 1187 adstantibus,
1422 1137 1535 1175 cum
1565 1120 1669 1175 haec
1698 1119 1953 1183 audirent,
1984 1126 2085 1171 etc.

576 1282 629 1336 1.
658 1280 771 1335 Hoc
799 1287 883 1335 est
925 1279 1137 1349 signum
1172 1276 1323 1340 illud,
1350 1275 1489 1346 quod
1518 1274 1663 1346 prius
1698 1273 2002 1344 petentibus
2031 1286 2091 1327 se

502 1372 751 1426 daturum
800 1369 1166 1439 pollicebatur,
1225 1368 1409 1422 dicens
1456 1384 1471 1420 :
1523 1366 1790 1420 Generatio
1838 1381 1993 1433 prava
2040 1375 2089 1419 et

502 1464 735 1518 adultera
760 1464 957 1533 signum
986 1462 1186 1532 quierit,
1219 1468 1266 1513 et
1297 1461 1499 1529 signum
1534 1474 1636 1511 non
1670 1458 1873 1511 dabitur
1897 1457 1963 1522 ei,
1990 1456 2089 1510 nisi

502 1561 701 1628 signum
734 1556 885 1610 Iona:
920 1554 1177 1625 propheta:
1205 1552 1418 1625 (Matth.
1452 1551 1537 1605 12.
1564 1550 1656 1621 '59)
1691 1567 1704 1604 :
1738 1550 1825 1604 ubi
1847 1564 2081 1613 crucem,

504 1658 755 1713 mortem,
806 1646 1109 1717 sepulcrum
1138 1646 1156 1676 ¹
1186 1654 1241 1700 et
1293 1643 1741 1700 resurrectionem
1802 1641 2083 1712 signiﬁcat.

504 1741 570 1794 Et
597 1755 783 1794 rursus
808 1739 914 1794 alio
954 1738 1114 1793 modo
1142 1738 1391 1792 virtutem
1418 1736 1594 1791 crucis
1626 1733 1974 1805 signiﬁcando
1998 1733 2082 1786 di-

500 1832 653 1887 cebat
682 1848 696 1883 :
724 1828 852 1886 Cum
881 1828 1218 1884 exaltaveritis
1248 1827 1444 1881 Filium
1485 1826 1724 1890 hominis,
1749 1834 1866 1879 tunc
1893 1840 2082 1895 cogno-

498 1924 643 1977 scetis
672 1923 790 1990 quia
819 1939 908 1993 ego
936 1938 1049 1976 sum
1092 1919 1275 1991 (Joan.
1319 1920 1373 1975 8.
1422 1915 1557 1991 28);
1608 1917 1662 1972 id
1688 1925 1790 1983 est,
1830 1916 1963 1971 Cttm
1995 1931 2083 1971 me

498 2014 892 2079 eruciﬁxeritis,
916 2022 977 2068 et
1002 2027 1088 2067 me
1112 2010 1308 2067 victum
1345 2026 1376 2065 a
1417 2009 1570 2065 vobis
1596 2023 1717 2065 esse
1746 2008 2076 2079 putaveritis,

495 2119 622 2163 tunc
652 2106 883 2161 maxime
913 2103 1275 2159 fortitudinem
1314 2117 1489 2158 meam
1533 2102 1735 2157 scietis.
1770 2100 1902 2155 Nam
1929 2108 2078 2169 post-

495 2216 653 2271 quam
690 2199 977 2256 cruciﬁxus
1005 2207 1107 2263 est,
1155 2198 1367 2252 illorum
1417 2196 1605 2251 civitas
1643 2194 1820 2266 periit,
1860 2193 2077 2249 Judaica

494 2302 792 2358 cessarunt,
824 2302 877 2347 et
905 2291 1084 2361 politia
1104 2304 1317 2360 quoque
1345 2296 1401 2342 et
1426 2288 1643 2343 libertas
1681 2286 1894 2341 illorum
1929 2284 2076 2339 ceci-

492 2388 590 2454 dit,
615 2386 922 2457 praedicatio
945 2383 1145 2445 ﬂoruit,
1176 2391 1229 2436 et
1261 2380 1327 2436 ad
1353 2389 1652 2436 extremum
1696 2378 1880 2434 orbem
1908 2393 2073 2433 evan-

489 2480 691 2550 gelicus
717 2492 896 2533 sermo
917 2475 1191 2547 pervenit;
1217 2482 1378 2541 terra,
1408 2487 1576 2539 mare,
1606 2470 1838 2526 habitata
1860 2468 2071 2524 inhabi-

492 2581 707 2642 tataque
748 2578 888 2624 terra
926 2568 1175 2622 virtutem
1212 2566 1327 2636 ejus
1368 2563 1564 2634 ubique
1596 2562 1906 2633 praedicant.
1946 2560 2073 2616 Haec

487 2679 617 2734 ergo
636 2661 783 2729 dicit,
808 2670 862 2716 et
885 2675 946 2715 ea
968 2673 1085 2730 quae
1107 2658 1225 2727 ipso
1258 2657 1433 2711 crucis
1461 2664 1703 2726 tempore
1736 2653 2066 2710 acciderunt.

487 2752 653 2807 Multo
679 2751 877 2822 quippe
915 2748 1210 2804 mirabilius
1251 2746 1350 2801 fuit
1384 2746 1501 2800 haec
1527 2744 1787 2800 accidisse
1814 2760 1933 2799 cum
1955 2744 2070 2814 ipse

484 2844 850 2900 cruci'afﬁxus
873 2849 1032 2906 esset,
1063 2856 1219 2911 quam
1244 2839 1287 2894 si
1310 2840 1362 2894 in
1395 2847 1535 2894 terra
1564 2847 1693 2893 tunc
1718 2838 2064 2892 ambulasset.

482 2936 665 3007 Neque
706 2936 756 2989 in
792 2934 895 2989 hoc
924 2933 1097 2988 solum
1128 2947 1215 2987 res
1258 2930 1516 3002 stupenda
1544 2938 1681 2998 erat,
1724 2930 1820 2985 sed
1858 2931 2067 2999 signum

483 3028 634 3092 illud,
673 3026 814 3097 quod
857 3024 1206 3096 qumrebant,
1254 3024 1321 3079 de
1365 3023 1498 3078 caelo
1529 3022 1724 3078 factum
1776 3032 1879 3090 est,
1929 3032 1984 3078 et
2012 3024 2065 3076 in

484 3123 731 3175 universa
762 3129 937 3184 terra;
967 3119 1019 3174 id
1044 3117 1185 3188 quod
1217 3132 1505 3188 numquam
1532 3119 1848 3188 contigerat,
1880 3117 1980 3172 nisi
2011 3116 2065 3170 in

484 3212 718 3283 Egypto
761 3222 986 3275 tantum,
1034 3211 1245 3282 quando
1292 3209 1488 3280 pascha
1532 3209 1851 3265 celebraturi
1889 3218 2059 3264 erant.

485 3305 693 3360 Etenim
717 3304 803 3359 illa
835 3304 1023 3358 horum
1056 3314 1211 3374 typus
1230 3313 1402 3357 erant.
1428 3302 1497 3357 Et
1519 3301 1883 3357 animadverte
1897 3316 2065 3371 quan-

479 3400 674 3455 donam
719 3398 833 3454 haec
877 3400 1023 3453 ﬁant.
1069 3397 1127 3450 ln
1163 3396 1407 3461 meridie,
1440 3404 1497 3450 ut
1525 3410 1714 3450 omnes
1748 3410 1841 3464 per
1879 3394 2062 3449 orbem

480 3491 767 3553 discerent,
792 3505 914 3543 nam
944 3489 1140 3558 ubique
1171 3499 1430 3543 terrarum
1457 3487 1572 3541 dies
1596 3494 1711 3540 crat
1741 3503 1754 3538 :
1787 3486 1928 3556 quod
1960 3487 2064 3540 uti-

478 3599 584 3654 que
612 3583 678 3638 ad
714 3583 833 3637 illos
862 3580 1252 3637 convertendos
1295 3578 1612 3645 sufﬁciebat,
1655 3593 1760 3633 non
1801 3579 2062 3648 magnitu-

479 3678 613 3731 dine'
630 3676 800 3729 solum
831 3673 1092 3737 miraculi,
1122 3672 1216 3727 sed
1258 3671 1399 3741 quod
1447 3670 1564 3725 lucc
1594 3679 1893 3740 opportune
1922 3670 2061 3723 acci-

479 3769 684 3823 derent.
737 3766 869 3821 Nam
912 3775 1035 3836 post
1072 3764 1163 3819 illa
1203 3764 1381 3818 omnia
1418 3778 1537 3833 quae
1586 3763 1770 3816 insane
1801 3760 2057 3825 fecerant,

481 3868 600 3928 post
625 3857 922 3913 derisiones
948 3856 1066 3911 illas
1094 3856 1319 3925 iniquas,
1349 3854 1401 3909 id
1430 3853 1642 3918 accidit,
1674 3853 1887 3923 quando
1915 3852 2061 3906 furor

477 3952 777 4013 remiserat,
809 3949 1021 4019 quando
1068 3947 1275 4002 ridendi
1325 3947 1485 4001 ﬁnem
1535 3947 1793 4011 fecerant,
1847 3945 2060 4016 quando

471 4044 627 4111 jactis
655 4042 892 4096 dicteriis
936 4039 1180 4096 exsatiati
1230 4049 1401 4105 erant,
1451 4047 1506 4094 et
1546 4039 1722 4094 omnia
1754 4053 1850 4108 pro
1894 4038 2060 4093 lubito

475 4134 749 4196 dixerant;
778 4139 908 4185 tunc
952 4130 1201 4185 tenebras
1224 4129 1484 4196 exhibuit,
1514 4138 1574 4183 ut
1617 4130 1700 4183 vel
1750 4130 1828 4183 sic
1856 4128 1931 4183 ira
1973 4143 2060 4184 se-

473 4229 618 4290 data,
647 4242 710 4281 ex
738 4223 997 4281 miraculo
1020 4222 1217 4294 aliquid
1252 4222 1609 4278 lucrarentur.
1635 4224 1742 4278 Res
1775 4222 1916 4277 enim
1946 4231 2059 4276 tan-

474 4331 556 4374 tas
583 4321 634 4374 in
658 4334 818 4374 cruce
861 4332 1020 4388 agere
1058 4316 1352 4371 mirabilius
1378 4325 1513 4383 erat,
1538 4331 1695 4387 quam
1735 4316 1870 4371 side
1899 4332 2057 4372 cruce

472 4412 854 4469 descendisset.
890 4410 1021 4465 Nam
1069 4409 1182 4465 sive
1213 4409 1359 4463 illum
1401 4410 1517 4465 haec
1563 4408 1758 4464 fecisse
1786 4419 2052 4480 putarent,

470 4506 694 4561 credere
737 4503 1020 4575 oportebat
1060 4513 1115 4557 ct
1158 4504 1382 4569 timere;
1427 4503 1541 4558 sive
1582 4518 1687 4556 non
1738 4503 1908 4568 illum,
1959 4502 2053 4558 sed

470 4598 704 4659 Patrem,
738 4594 863 4648 hinc
893 4594 1053 4648 etiam
1092 4594 1373 4664 compungi
1407 4608 1503 4663 par
1540 4602 1696 4648 erat:
1734 4608 1855 4647 nam
1902 4602 2052 4649 tene-

466 4688 580 4741 br:e
616 4686 719 4740 illa
763 4700 831 4741 ex
874 4685 950 4740 ira
978 4685 1047 4740 de
1091 4683 1414 4740 facinoribus
1443 4685 1549 4740 illis
1591 4696 1845 4757 concepta
1892 4688 2053 4757 profi-

467 4780 824 4835 ciscebantur.
849 4777 1001 4847 Quod
1028 4778 1169 4833 enim
1202 4794 1309 4832 non
1334 4787 1478 4834 esset
1499 4780 1729 4849 eclipsis,
1756 4781 1849 4836 sed
1885 4783 1960 4836 ira
1998 4792 2053 4837 et

466 4874 783 4944 indignatio,
824 4887 929 4927 non
976 4871 1102 4927 hinc
1154 4872 1326 4927 solum
1358 4872 1700 4928 manifeStum
1751 4884 1897 4941 erat,
1956 4876 2049 4932 sed

466 4966 629 5019 etiam
668 4980 699 5018 a
756 4971 996 5033 tempore
1042 4980 1054 5016 :
1107 4961 1276 5018 tribus
1325 4963 1469 5018 enim
1524 4963 1671 5019 horis
1716 4966 2044 5035 permansit;

396 5092 401 5122 ς
466 5056 682 5127 eclipsis
729 5072 858 5110 vero
906 5058 957 5110 in
1003 5064 1277 5111 momento
1325 5056 1581 5127 temporis
1620 5057 1679 5113 ﬁt
1717 5077 1732 5114 :
1773 5059 1913 5130 quod
1942 5074 2048 5115 non

468 5150 711 5218 ignorant
735 5148 825 5218 qui
851 5147 1099 5202 viderunt
1127 5165 1141 5201 :
1171 5162 1295 5201 nam
1321 5157 1501 5202 nostra
1529 5149 1689 5204 etiam
1721 5157 1877 5206 aetate
1915 5150 2047 5206 ecli-

465 5240 576 5311 psis
601 5239 843 5309 contigit.
874 5238 943 5292 Et
979 5237 1267 5308 quomodo,
1315 5239 1542 5309 inquies,
1577 5255 1681 5295 non
1720 5242 1894 5296 mirati
1925 5252 2049 5297 sunt

464 5345 674 5397 omnes,
706 5344 803 5384 nec
829 5337 1149 5399 putaverunt
1168 5345 1289 5385 esse
1312 5330 1479 5386 Deum
1503 5330 1524 5384 2
1550 5330 1683 5400 Quia
1715 5342 1841 5387 tunc
1878 5349 2045 5404 genus

443 5420 744 5477 'hominum
775 5421 827 5473 in
874 5421 1041 5474 multa
1071 5422 1385 5492 negligentia
1412 5431 1468 5477 et
1505 5424 1738 5493 nequitia
1770 5424 2045 5480 detineba-

465 5525 569 5570 tur.
600 5514 667 5568 Et
691 5514 793 5568 hoc
821 5513 1133 5568 miraculum
1158 5531 1320 5569 unum
1347 5523 1500 5582 erat;
1529 5516 1669 5588 quod
1687 5519 1863 5573 statim
1886 5528 2043 5589 atque

463 5604 729 5677 apparuit,
757 5606 1052 5677 praeterivit
1081 5624 1094 5660 :
1124 5606 1404 5678 nullusque
1433 5608 1512 5664 rei
1551 5623 1767 5667 causam
1803 5610 2044 5669 ediscere

426 5748 427 5751 “
523 5759 542 5794 ⁸
576 5760 674 5812 Alli
706 5769 901 5827 legunt,
922 5761 1238 5828 sepulturam,
1264 5777 1368 5827 pro,
1396 5765 1683 5829 sepulcrum.

2207 667 2489 735 quxesivit;
2523 671 2688 726 multa
2724 691 2936 747 quoque
2962 688 3090 736 tunc
3130 683 3375 755 impietas
3398 702 3462 744 ex
3500 703 3790 749 consuetu.

2204 755 2327 855 dine
2357 761 2697 827 praevalebat.
2744 766 2928 839 Neque
2967 772 3210 829 sciebant
3252 793 3371 845 qua:
3424 794 3586 837 causa
3625 796 3791 855 gestas

2202 847 2279 901 rei
2310 859 2453 905 esset
2482 870 2494 907 :
2522 852 2661 911 forte
2683 859 2941 926 putabant
2969 879 3062 932 per
3083 866 3343 937 eclipsim,
3374 873 3455 927 vel
3482 847 3655 930 aliam.
3690 894 3790 933 na-

2203 940 2425 996 turalem
2451 959 2666 1002 causam
2692 949 2743 1003 id
2768 954 3034 1011 evenisse.
3066 956 3268 1028 Ecquid
3306 962 3518 1021 miraris
3544 967 3612 1023 de
3635 978 3789 1025 exte-

2200 1031 2273 1085 ris
2299 1033 2390 1102 qui
2416 1035 2547 1092 nihil
2583 1040 2844 1108 sciebant,
2880 1046 3076 1117 quique
3112 1049 3183 1103 ob
3222 1051 3479 1109 desidiam
3508 1057 3577 1114 de
3613 1076 3673 1115 re
3702 1062 3786 1116 in-

2197 1125 2454 1223 qui-renda
2501 1144 2607 1185 non
2650 1135 2992 1205 cogitabant,
3041 1144 3254 1210 quando
3302 1149 3336 1199 ii
3386 1149 3546 1205 etiam
3591 1154 3680 1223 qui
3731 1156 3782 1212 in

2194 1215 2375 1271 Judtea
2398 1229 2566 1287 erant,
2600 1233 2718 1293 post
2750 1235 2827 1282 tot
2860 1230 3134 1298 miracula,
3172 1235 3344 1291 adhuc
3372 1215 3782 1309 perseverabant

2196 1311 2546 1366 contumelias
2578 1315 2886 1386 inferentes,
2921 1337 3239 1396 quamquam
3266 1329 3395 1399 ipsis
3424 1334 3567 1390 clare
3599 1348 3781 1395 osten-

2193 1400 2378 1469 disset,
2408 1418 2468 1500 se
2495 1406 2617 1460 talia
2644 1421 2920 1479 operatum
2949 1413 3155 1472 fuisse?
3179 1417 3299 1476 Ideo
3325 1432 3377 1477 et
3402 1435 3583 1493 postea
3612 1429 3779 1500 loqui-

2194 1501 2297 1585 tur,
2332 1503 2389 1549 ut
2414 1495 2623 1553 discant
2641 1516 2700 1556 se
2726 1503 2898 1560 adhuc
2926 1507 3126 1573 vivere,
3157 1519 3212 1566 et
3231 1513 3321 1583 illa
3353 1513 3560 1585 fecisse,
3584 1530 3638 1575 et
3656 1495 3777 1579 hinc

2191 1584 2377 1639 saltem
2426 1589 2809 1649 moderatiores
2869 1598 3022 1663 liant,
3070 1614 3133 1655 ac
3173 1602 3321 1670 dicit,
3350 1605 3457 1673 Eli,
3509 1584 3614 1677 Eli,
3644 1613 3775 1669 (ama

2190 1675 2502 1744 sabacthani,
2528 1690 2586 1734 ut
2611 1681 2853 1739 viderent
2877 1703 2998 1742 eum
3032 1706 3198 1761 usque
3221 1695 3286 1749 ad
3314 1675 3609 1756 extremum
3646 1703 3771 1759 hali-

2192 1780 2300 1825 tum
2332 1771 2595 1830 honorare
2635 1776 2868 1847 Patrem,
2899 1800 3072 1854 neque
3101 1802 3221 1844 esse
3251 1782 3360 1845 Deo
3389 1793 3769 1857 adversarium.

2190 1859 2312 1917 ideo
2337 1864 2696 1933 propheticam
2729 1873 3010 1941 quamdam
3053 1879 3230 1934 emisit
3259 1897 3463 1949 vocem,
3510 1902 3674 1958 usque
3705 1892 3768 1946 ad

2187 1954 2426 2010 ultimam
2472 1958 2654 2015 horam
2704 1965 2873 2019 veteri
2917 1965 3017 2036 legi
3071 1973 3314 2038 prtebcns
3366 1954 3766 2040 testimonium:

2184 2063 2284 2103 nec
2320 2051 2478 2106 modo
2526 2055 2908 2125 prOpbeticam,
2953 2062 3047 2118 sed
3090 2075 3143 2119 et
3188 2066 3495 2125 Hebraicam
3552 2089 3765 2138 vocem;

2183 2140 2256 2197 ita
2285 2154 2342 2197 ut
2363 2144 2465 2201 illis
2487 2158 2669 2203 notum
2690 2159 2745 2205 et
2770 2154 3109 2210 manifestum
3142 2157 3193 2213 id
3217 2171 3392 2227 esset;
3426 2179 3623 2236 perque
3648 2184 3767 2224 om-

2182 2234 2266 2287 nia
2294 2237 2525 2292 ostendit
2546 2254 2693 2294 suam
2725 2258 2842 2297 cum
2870 2245 3120 2304 Genitore
3143 2255 3501 2310 concordiam.
3537 2234 3613 2313 Tu
3641 2276 3764 2316 vero

2179 2324 2301 2380 vide
2340 2327 2549 2383 illorum
2605 2333 2947 2400 petulantiam
3000 2348 3158 2410 atque
3195 2346 3487 2401 vesaniam.
3540 2349 3763 2407 Pntave-

2178 2429 2319 2484 runt,
2352 2421 2540 2492 inquit,
2560 2422 2728 2481 Eliam
2749 2428 2816 2483 ab
2845 2446 2910 2485 eo
2935 2435 3133 2500 vocari,
3161 2446 3214 2492 et
3239 2441 3415 2495 statim
3443 2454 3763 2513 potaverunt

2176 2515 2326 2571 illum
2353 2528 2522 2572 aceto.
2548 2520 2696 2576 Alius
2734 2531 2910 2579 autem
2947 2526 3132 2584 lancea
3175 2530 3312 2588 latus
3355 2534 3483 2603 cjus~
3512 2541 3767 2607 aperuit'.

2175 2604 2312 2673 Quid
2337 2606 2420 2662 his
2446 2609 2695 2681 iniquius,
2722 2614 2847 2685 quid
2878 2616 3125 2686 ferocius,
3156 2622 3245 2693 qui
3268 2638 3503 2698 eousque
3533 2604 3761 2688 furorem

2173 2713 2326 2755 suum
2369 2704 2746 2773 extenderunt,
2798 2715 2853 2764 et
2902 2721 3167 2767 mortuum
3199 2730 3394 2787 corpus
3439 2726 3759 2779 contumelia

2172 2789 2500 2848 affecerunt?
2549 2795 2630 2850 Tu
2667 2813 2795 2853 vero
2845 2802 3115 2872 perpende
3157 2809 3426 2876 quomodo
3468 2813 3759 2872 sceleribus

2171 2895 2355 2976 eorum
2384 2899 2511 2940 usus
2536 2888 2605 2942 sit
2626 2888 2694 2943 ad
2721 2891 2943 2947 salutem
2970 2905 3225 2953 nostram.
3246 2899 3373 2956 Post
3394 2904 3597 2976 plagam
3617 2911 3757 2964 enim

2172 2970 2344 3029 fontes
2372 2977 2559 3034 salutis
2606 2980 2731 3036 inde
2759 2996 3062 3043 manarunt.
3114 2990 3202 3044 50.
3249 2970 3406 3049 Jews
3439 2970 3606 3052 autem
3640 2998 3753 3052 cla-

2169 3084 2313 3123 mans
2338 3087 2453 3125 voce
2472 3088 2675 3142 magna,
2706 3077 2867 3131 emisit
2894 3079 3145 3147 spiritum.
3177 3082 3288 3139 Hoc
3324 3095 3404 3141 est
3439 3090 3577 3157 quod
3608 3091 3754 3147 dice-

2167 3158 2259 3215 bat
2290 3179 2304 3216 :
2339 3159 2646 3219 Potestatem
2676 3168 2833 3222 habeo
2865 3172 3083 3237 ponendi
3120 3176 3342 3229 animam
3384 3195 3565 3247 meam,
3590 3192 3636 3235 et
3672 3201 3754 3254 po-

2168 3264 2391 3310 testatem
2415 3258 2571 3313 habeo
2596 3260 2774 3316 iterum
2799 3265 3030 3319 sumendi
3057 3282 3167 3320 eam
3192 3268 3366 3338 (Joan.
3398 3271 3484 3327 10.
3524 3274 3646 3346 £8);
3679 3288 3751 3342 et,

2166 3346 2281 3419 Ego
2324 3367 2456 3420 pono
2502 3368 2611 3407 eam
2658 3371 2690 3407 a
2735 3372 2815 3409 me
2860 3357 2991 3426 ipso.
3047 3358 3170 3414 Ideo
3221 3376 3351 3418 voce
3401 3366 3747 3436 exclamavit,

2166 3449 2224 3493 ut
2267 3442 2575 3499 ostenderet
2617 3460 2681 3500 ex
2729 3457 2989 3517 potestate
3042 3465 3135 3504 sua
3188 3468 3303 3508 rem
3350 3454 3484 3511 ﬁeri.
3546 3459 3751 3516 Marcus

2167 3531 2319 3603 (Cap.
2345 3534 2430 3589 15.
2459 3536 2546 3590 44.
2577 3536 2666 3607 59)
2704 3552 2829 3593 vero
2855 3539 3000 3606 dicit,
3025 3543 3277 3598 miratum
3308 3545 3472 3604 fuisse
3498 3549 3747 3619 Pilatum,

2165 3624 2208 3678 si
2230 3625 2341 3695 jam
2370 3638 2609 3684 mortuus
2633 3640 2776 3686 esset
2805 3650 2817 3685 :
2846 3647 2908 3687 ac
2946 3637 3307 3693 centurionem
3354 3639 3473 3697 ideo
3520 3645 3750 3702 maxime

2163 3716 2473 3783 credidisse,
2506 3720 2627 3789 quia
2652 3737 2772 3777 cum
2816 3727 3090 3794 potestatis
3126 3728 3277 3800 signo
3311 3743 3553 3791 mortuus
3584 3748 3746 3793 esset.

2166 3808 2290 3865 llarc
2319 3826 2422 3865 vox
2449 3812 2623 3867 velum
2650 3814 2880 3880 discidit,
2911 3832 3253 3876 monumenta
3295 3826 3521 3895 aperuit,
3564 3836 3619 3883 et
3650 3830 3748 3885 do-

2163 3922 2307 3960 mum
2348 3906 2614 3963 desertam
2668 3910 2917 3966 reddidit.
2972 3912 3084 3967 Iloc
3127 3925 3300 3970 autem
3348 3916 3490 3983 fecit,
3539 3936 3647 3976 non
3692 3934 3749 3979 ut

2163 3997 2417 4066 templum
2459 3997 2834 4055 dehonestaret
2888 4000 3177 4074 (quomodo
3218 4007 3356 4062 enim
3398 4009 3451 4063 id
3489 4013 3748 4079 potuisset

2161 4091 2248 4160 qui
2279 4091 2406 4146 dicit
2437 4107 2452 4145 :
2478 4090 2651 4146 Nolite
2674 4097 2840 4161 facere
2868 4094 3071 4149 domum
3100 4096 3272 4153 Patris
3301 4103 3395 4154 mei
3425 4103 3631 4159 domum
3655 4123 3745 4161 ne-

2160 4183 2488 4253 gotiationis?
2516 4180 2691 4255 [10am
2722 4185 2776 4239 2.
2812 4184 2923 4259 16])
2956 4187 3048 4241 sed
3080 4189 3321 4260 indignos
3356 4192 3473 4247 illos
3516 4196 3745 4253 reddens

2160 4274 2248 4341 qui
2277 4273 2350 4328 ibi
2378 4284 2737 4339 versarentur,
2768 4286 2825 4330 ut
2850 4279 3006 4332 etiam
3029 4293 3149 4334 cum
3172 4280 3297 4336 illud
3320 4283 3625 4355 Babyloniis
3647 4297 3745 4343 tra-

2160 4364 2312 4419 didit.
2344 4365 2468 4419 Htec
2492 4381 2654 4437 porro
2683 4384 2788 4422 non
2815 4384 2877 4423 ea
2910 4370 3081 4425 solum
3111 4372 3178 4427 de
3206 4388 3364 4430 causa
3392 4375 3610 4446 ﬁebant,
3649 4381 3741 4436 sed

2160 4465 2277 4511 erat
2301 4456 2427 4512 illud
2449 4457 2725 4528 prophetia
2752 4458 2943 4515 futurae
2965 4461 3325 4531 desolationis,
3354 4474 3408 4521 et
3431 4471 3740 4526 conversio-

2160 4549 2242 4604 nis
2276 4552 2327 4603 in
2367 4551 2587 4606 meliora
2615 4550 3050 4625 sublimioraque,
3081 4570 3288 4613 necnon
3321 4562 3572 4629 potentiae
3600 4563 3740 4622 illius

2157 4641 2387 4712 signum.

2226 4731 2280 4787 2.
2306 4731 2383 4787 Ad
2412 4732 2527 4788 haec
2555 4743 2732 4789 autem
2760 4750 2826 4790 ex
2853 4735 2938 4804 iis,
2969 4753 3087 4806 qua:
3112 4749 3295 4809 postea
3333 4751 3553 4812 sequuta
3592 4755 3737 4813 sunt,

2156 4823 2389 4893 seipsum
2428 4826 2812 4892 manifestavit,
2850 4844 2915 4883 ex
2956 4840 3286 4887 mortuorum
3324 4838 3738 4907 resurrectione,

2154 4929 2223 4968 ex
2263 4915 2545 4971 obscurata
2597 4917 2736 4985 luce,
2788 4930 2843 4974 et
2880 4935 2946 4976 ex
2987 4921 3372 4980 elementorum
3424 4930 3736 4987 mutatione.

2154 5006 2335 5063 Eliszei
2369 5010 2509 5064 enim
2548 5018 2791 5080 tempore
2819 5022 3060 5068 mortuus
3090 5024 3355 5070 mortuum
3397 5026 3618 5090 tangens
3648 5037 3739 5078 re-

2153 5101 2386 5155 surrexit
2408 5100 2486 5171 (4.
2529 5103 2657 5174 Reg.
2688 5105 2776 5159 15.
2809 5104 2943 5176 21);
2971 5122 3110 5162 nunc
3142 5118 3317 5164 autem
3361 5126 3460 5165 vox
3493 5113 3613 5167 illos
3642 5130 3739 5170 ex-

2151 5192 2352 5262 citavit,
2379 5194 2505 5249 dum
2534 5211 2729 5266 corpus
2759 5198 2810 5251 in
2845 5214 3004 5255 cruce
3044 5215 3275 5271 superne
3316 5201 3533 5259 afﬁxum
3569 5219 3736 5263 esset.

2152 5290 2398 5361 Alioquin
2420 5308 2548 5347 vero
2572 5294 2658 5347 illa
2687 5294 2875 5351 horum
2907 5297 3089 5369 figura:
3116 5311 3290 5359 erant.
3332 5303 3455 5359 Ideo
3481 5307 3622 5361 enim
3650 5289 3738 5359 illa

2151 5380 2288 5437 facta
2328 5392 2471 5450 sunt,
2504 5395 2563 5441 ut
2591 5385 2706 5441 haec
2733 5388 3101 5449 crederentur.
3133 5392 3317 5465 Neque
3343 5395 3516 5452 solum
3542 5398 3737 5453 mortui

2150 5475 2504 5544 suscitantur,
2547 5479 2640 5534 sed
2689 5482 2849 5537 etiam
2889 5493 3054 5554 petrae
3094 5488 3446 5558 scinduntur,
3487 5500 3735 5564 terraque

2148 5572 2466 5638 concutitur,
2515 5585 2571 5630 ut
2598 5575 2806 5633 discant
2833 5594 2892 5635 se
2935 5579 3056 5635 illos
3100 5597 3261 5653 posse
3307 5592 3361 5639 et
3387 5599 3659 5642 exczecare
3682 5593 3736 5642 et

2233 5780 2251 5810 ί
2277 5774 2332 5825 In
2358 5782 2466 5827 Mss.
2482 5788 2579 5827 non
2603 5777 2774 5840 paucis
2796 5776 3000 5841 legitur,
3016 5778 3262 5843 lacerarit,
3280 5792 3387 5845 pro,
3404 5776 3615 5840 aperuit.
