4104 6380
375 276 478 334 ΤΠ

374 392 696 459 dirumpere.
728 386 859 443 Nam
896 387 989 457 qui
1024 395 1202 458 petras
1241 386 1470 452 discidit,
1502 396 1556 441 et
1580 395 1773 441 terram
1805 394 1947 441 tene-

379 481 492 538 bris
509 480 751 547 obduxit,
790 478 960 534 multo
988 478 1155 549 magis
1195 478 1247 533 in
1278 477 1383 533 illis
1412 478 1538 532 talia
1562 486 1819 547 praestare
1857 490 1954 546 po-

377 576 584 640 tuisset,
633 572 679 627 si
706 572 920 643 quidem
957 572 1259 627 voluisset:
1290 586 1476 627 verum
1524 570 1579 626 id
1628 570 1815 634 noluit,
1860 568 1956 624 sed

378 669 612 723 immissa
659 667 709 721 in
755 665 1021 722 elementa
1053 668 1129 721 ira
1158 681 1276 731 sua,
1320 681 1385 721 ex
1433 663 1838 719 mansuetudine
1861 678 1957 718 sua

379 764 611 831 ipsorum
635 759 859 814 salutem
881 759 1118 813 curabat.
1146 758 1250 816 Sed
1286 757 1359 813 illi
1386 758 1441 811 in
1469 757 1673 812 insania
1702 756 1957 825 perstite-

379 863 520 910 runt.
549 853 693 909 Talis
717 868 803 909 res
844 861 926 909 est
970 852 1201 915 invidia;
1233 866 1336 905 non
1368 849 1520 905 facile
1544 848 1779 925 sedatur.
1808 849 1959 903 Tunc

378 964 505 1017 ergo
532 947 617 1001 his
638 946 939 1015 conSpectis
964 944 1234 1016 prodigiis,
1264 944 1395 998 nihil
1420 960 1485 999 ex
1514 942 1839 1012 impudentia
1871 957 1958 996 re-

382 1043 673 1106 miserunt;
722 1050 903 1107 postea
949 1048 1125 1094 autem
1177 1037 1387 1108 quando
1424 1035 1598 1106 sigillo
1638 1035 1880 1105 apposito
1907 1042 1965 1088 et

380 1129 638 1184 militibus
668 1128 1087 1184 custodientibns
1113 1127 1435 1191 resurrexit;
1472 1126 1525 1181 id
1559 1125 1700 1196 quod
1740 1124 1806 1179 ab
1833 1123 1961 1193 ipsis

382 1223 693 1278 custodibus
730 1220 1063 1285 didicerunt;
1099 1228 1322 1292 argento
1355 1219 1475 1273 illos
1502 1224 1872 1286 corruperunt,
1905 1224 1964 1269 ut

384 1313 790 1369 resurrectionis
838 1312 1134 1368 testimonia
1186 1311 1588 1365 sulfurarentur.
1637 1308 1719 1363 Ne
1756 1307 1965 1362 mireris

386 1406 586 1475 itaque,
626 1406 669 1459 si
703 1415 828 1460 tunc
854 1404 1014 1459 etiam
1057 1401 1297 1472 improbe
1325 1416 1384 1457 se
1406 1408 1722 1472 gesserunt;
1772 1400 1849 1454 sic
1881 1412 1967 1452 se-

387 1496 493 1551 mel
534 1509 594 1551 se
630 1502 1071 1564 comparaverant
1096 1493 1167 1548 ad
1189 1507 1401 1547 omnem
1432 1490 1777 1563 impudentiae
1803 1488 1966 1544 ratio-

388 1601 512 1643 nem
546 1602 559 1638 :
591 1584 684 1639 sed
710 1583 837 1639 illud
863 1583 1168 1639 consideres
1194 1582 1377 1648 velim,
1408 1582 1583 1652 qualia
1612 1581 1759 1652 signa
1784 1579 1968 1634 fecerit

388 1692 455 1732 ex
475 1675 629 1741 czelo,
658 1675 709 1730 in
736 1683 877 1731 terra
906 1682 959 1729 et
985 1675 1038 1730 in
1057 1673 1173 1744 ipso
1200 1673 1433 1745 templo;
1459 1671 1615 1727 simul
1648 1671 1966 1742 indignatio-

391 1782 513 1821 nem
558 1781 710 1822 suam
755 1775 1216 1833 commonstrans,
1262 1765 1526 1835 simulque
1574 1763 1850 1819 declarans
1905 1776 1969 1816 ea

390 1874 511 1928 qua:
534 1859 659 1914 olim
688 1859 958 1914 inaccessa
991 1867 1164 1926 erant,
1196 1857 1311 1925 jam
1363 1855 1497 1913 adiri
1545 1870 1702 1926 posse
1734 1872 1748 1909 :
1780 1853 1969 1908 caelum

392 1968 512 2008 esse
528 1951 891 2021 aperiendum,
918 1959 973 2006 et
994 1950 1059 2006 ad
1079 1966 1201 2006 vera
1224 1958 1405 2005 sancta
1426 1957 1727 2004 sanctorum
1749 1962 1835 2002 res
1852 1960 1971 2000 esse

396 2042 808 2097 translerendas.
848 2042 917 2097 Et
941 2041 1028 2097 alii
1053 2041 1268 2112 quidem
1306 2040 1573 2105 dicebant,
1605 2039 1668 2095 Si
1691 2055 1780 2092 rea:
1808 2037 1973 2093 Israel

394 2142 486 2198 est,
517 2131 780 2187 descendat
808 2148 941 2186 nunc
984 2132 1048 2185 de
1089 2148 1272 2196 cruce;
1303 2131 1416 2201 ipse
1462 2144 1591 2185 vero
1619 2128 1873 2196 ostendit,
1915 2143 1975 2182 se

395 2239 501 2279 non
544 2224 750 2279 lsraelis
786 2225 967 2287 modo,
998 2223 1091 2279 sed
1135 2226 1294 2277 totius
1320 2223 1465 2278 orbis
1488 2237 1667 2293 regem
1713 2236 1852 2276 esse.
1895 2220 1973 2275 llli

396 2313 662 2373 dicebant.
697 2314 796 2380 Qui
828 2314 974 2368 solvit
1012 2314 1249 2385 templum
1296 2314 1411 2381 hoc,
1452 2324 1498 2367 et
1541 2314 1594 2367 in
1620 2312 1777 2367 tribus
1805 2312 1977 2366 diebus

399 2404 617 2471 tediﬁcat
645 2404 810 2467 illud;
853 2405 967 2473 ipse
992 2420 1117 2459 vero
1150 2405 1407 2465 declarat,
1437 2405 1689 2473 templum
1730 2418 1898 2472 usque
1922 2403 1973 2457 in

401 2494 559 2550 finem
588 2495 857 2552 desertum
884 2495 1019 2551 fore.
1049 2496 1278 2551 Rursum
1310 2496 1381 2550 illi
1413 2494 1677 2558 dicebant,
1702 2494 1841 2547 Alios
1882 2494 1977 2546 sal-

400 2602 487 2640 vos
517 2587 652 2659 fecit,
676 2588 896 2657 seipsum
932 2603 1032 2640 non
1064 2596 1222 2657 potest
1257 2588 1449 2640 salvum
1474 2588 1675 2657 facere;
1713 2585 1826 2656 ipse
1852 2599 1979 2639 vero

404 2678 457 2732 in
482 2692 663 2743 cruce,
691 2677 742 2731 in
774 2693 1047 2732 servorum
1077 2678 1388 2747 corporibus
1427 2677 1478 2730 id
1507 2692 1625 2730 cum
1667 2690 1857 2745 magna
1886 2690 1980 2743 po-

405 2769 566 2825 tentia
610 2768 860 2822 ostendit.
893 2768 1024 2822 Nam
1071 2769 1114 2822 si
1161 2768 1569 2838 quatriduanum
1618 2766 1875 2821 Lazarum
1913 2779 1980 2820 ex

405 2860 650 2929 sepulcro
698 2860 845 2914 exire
882 2875 1131 2928 magnum
1168 2869 1304 2926 erat,
1345 2860 1513 2915 multo
1552 2859 1723 2929 majus
1768 2866 1983 2913 sanctos

407 2952 526 3007 illos
551 2969 742 3008 omnes
765 2954 874 3019 jam
917 2954 1042 3007 olim
1071 2955 1307 3023 sepultos
1333 2953 1614 3008 confertim
1640 2955 1790 3007 vivos
1816 2967 1981 3023 appa-

408 3061 559 3109 nere;
588 3046 727 3116 quod
776 3045 964 3100 futura:
1006 3044 1411 3101 resurrectionis
1453 3046 1660 3116 signum
1711 3053 1846 3099 erat.
1898 3044 1986 3098 Ait

409 3139 548 3193 enim
579 3157 592 3191 :
622 3137 711 3193 52.
744 3136 911 3191 Multa
959 3154 1173 3209 corpora
1214 3148 1504 3192 sanctorum
1539 3136 1625 3206 qui
1654 3136 1981 3201 dormierunt,

408 3238 749 3287 surrexerunt.
777 3230 867 3286 55.
888 3227 955 3282 Et
981 3228 1276 3282 introierunt
1304 3228 1358 3282 in
1389 3238 1616 3282 sanctam
1644 3227 1908 3292 ciuitatem,
1939 3235 1986 3279 et

409 3331 753 3391 apparuerunt
780 3321 971 3375 multis.
1011 3321 1088 3376 Ne
1115 3321 1255 3375 enim
1282 3330 1557 3391 putaretur
1575 3320 1628 3375 id
1656 3321 1797 3391 quod
1830 3320 1988 3375 ﬁebat

413 3414 725 3483 phantasma
753 3428 891 3478 esse,
920 3413 1102 3469 multis
1122 3414 1278 3468 etiam
1303 3422 1559 3484 apparent
1580 3413 1639 3467 in
1658 3413 1889 3468 civitate.
1922 3413 1989 3467 Et

411 3504 653 3563 centurio
672 3519 882 3574 quoque
914 3505 1077 3559 Deum
1103 3513 1227 3558 tunc
1256 3504 1567 3573 glorificavit
1594 3504 1776 3559 dicens
1809 3523 1821 3559 :
1864 3503 1990 3558 Vere

413 3595 494 3647 hic
529 3595 677 3649 homo
695 3596 870 3665 justus
896 3604 1021 3651 erat.
1068 3593 1139 3653 Et
1166 3595 1323 3649 turba:
1348 3612 1459 3665 qua:
1500 3606 1739 3650 venerant
1775 3597 1841 3650 ad
1884 3612 1999 3667 δραι

413 3687 669 3749 ctandum,
713 3687 1039 3755 percutientes
1064 3696 1266 3757 pectora
1290 3704 1402 3753 sua,
1432 3687 1800 3742 revertebantur
1837 3686 1987 3756 (Luc.

413 3778 614 3841 23.47.
646 3778 758 3848 48).
805 3778 973 3832 Tanta
1018 3788 1102 3834 est
1142 3780 1313 3834 virtus
1356 3778 1614 3840 cruciﬁxi.
1657 3788 1717 3833 ut
1759 3788 1876 3849 post
1914 3787 1992 3835 tot

417 3868 692 3924 irrisioues
717 3877 770 3924 et
795 3868 1035 3935 dicteria,
1066 3878 1121 3924 et
1145 3870 1388 3924 centurio
1408 3881 1461 3925 et
1484 3869 1706 3939 pepulus
1729 3885 1989 3941 compun-

415 3969 685 4029 gerentur.
733 3959 957 4026 Quidam
1013 3975 1139 4014 vero
1180 3970 1399 4015 narrant
1448 3959 1587 4014 hunc
1625 3962 1989 4017 centurionem

420 4062 599 4115 postea
623 4051 673 4104 in
699 4050 800 4105 fide
822 4052 1145 4115 roboratam,
1171 4053 1479 4121 martyrium
1508 4052 1714 4107 fortiter
1741 4053 1997 4115 subiisse.

417 4142 506 4197 55.
536 4141 692 4195 Erant
721 4153 887 4196 autent
914 4144 1017 4197 illic
1041 4144 1272 4197 mulieres
1299 4145 1468 4197 multa:
1498 4161 1543 4210 ἀ
1578 4144 1724 4213 longe
1750 4145 1989 4211 videntes,

419 4250 532 4301 qua:
560 4245 780 4303 sequuta:
820 4239 1020 4304 fuerant
1062 4234 1236 4289 Iesum
1261 4252 1293 4287 a
1323 4235 1536 4289 Galilaza
1564 4237 1899 4291 ministrantes
1924 4236 2001 4304 ei,

421 4324 509 4389 56,
541 4325 593 4378 in
622 4325 797 4395 quibus
825 4336 928 4379 erat
968 4326 1135 4380 Maria
1166 4326 1483 4398 Magdalene,
1515 4338 1562 4382 et
1593 4329 1763 4383 Maria
1790 4329 1988 4394 Jacobi,

419 4416 609 4471 etJose
637 4426 813 4483 mater,
841 4430 886 4472 et
906 4427 1062 4472 mater
1081 4420 1302 4488 ﬁliorum
1323 4420 1567 4475 Zebedtci.
1603 4422 1725 4477 [ltec
1749 4424 1881 4477 facta
1917 4424 1994 4477 vi-

420 4506 546 4563 dent
572 4508 822 4563 mulieres
854 4509 977 4574 ilhc,
1001 4526 1121 4578 qua:
1148 4512 1377 4565 maxime
1401 4512 1582 4565 dolent
1606 4528 1669 4567 ac
1697 4513 1899 4582 lugent.
1928 4513 1995 4567 Et

420 4600 725 4655 consideres
766 4601 924 4655 velim
966 4617 1124 4671 quam
1176 4602 1404 4657 assiduae
1447 4603 1573 4657 sint.
1623 4604 1995 4673 Sequebantur

423 4692 594 4760 ipsum
635 4693 1021 4757 ministrantes,
1066 4703 1119 4748 et
1156 4709 1323 4765 usque
1363 4694 1428 4748 ad
1474 4696 1707 4764 pericula
1749 4698 1990 4753 aderant.

424 4780 651 4851 Ideoque
689 4783 864 4836 omnia
909 4784 1240 4853 spectabant,
1292 4786 1556 4855 quomodo
1603 4787 1917 4843 clamaverit
1942 4797 1997 4844 et

422 4874 803 4942 exspiraverit;
855 4874 1121 4943 quomodo
1151 4885 1313 4944 petrae
1345 4878 1523 4931 scissa:
1547 4877 1671 4939 sint,
1700 4887 1996 4950 etetcraque

424 4967 885 5036 omniaJpsmque
921 4968 1103 5037 primm
1129 4968 1308 5023 Jcsnm
1356 4969 1566 5036 vident;
1607 4969 1798 5039 bicque
1835 4987 1997 5027 sexus

423 5056 653 5110 Itutxime
678 5056 975 5122 damnatus,
1010 5059 1208 5126 primus
1233 5059 1492 5114 bonorum
1522 5061 1828 5129 spectaculo
1868 5062 2000 5116 frui-

425 5155 507 5198 tur
537 5163 551 5197 :
580 5146 721 5215 quod
750 5148 979 5202 maxime
1008 5149 1214 5204 illarum
1242 5149 1603 5206 fortitudinem
1632 5152 1990 5210 commendat.

423 5235 674 5303 Discipuli
713 5236 975 5307 fugerunt,
1007 5240 1110 5295 illa;
1129 5240 1370 5296 aderant.
1407 5243 1660 5310 Quzenam
1687 5244 1791 5298 illae
1811 5245 1999 5300 erant?

423 5326 589 5387 Mater
613 5328 748 5396 ejus,
780 5346 937 5399 quam
960 5331 1086 5385 dicit
1107 5331 1308 5397 Jacobi,
1336 5343 1388 5388 et
1409 5335 1646 5404 reliquae.
1674 5337 1823 5390 Alius
1846 5352 2000 5392 evan-

423 5420 609 5487 gelista
637 5419 844 5489 (Lucas,
868 5423 1017 5493 ibid.)
1047 5423 1194 5488 dicit,
1223 5425 1417 5480 multos
1443 5426 1606 5483 fuisse
1642 5428 1731 5498 qui
1771 5429 1841 5482 ob
1884 5428 1998 5485 haec

424 5509 735 5580 plangereut
782 5522 1069 5583 pectusque
1108 5514 1417 5585 tunderem;
1450 5518 1592 5589 quod
1635 5522 1872 5576 maxime
1900 5520 1997 5576 Juo

422 5599 657 5654 dmorum
689 5603 1059 5659 crudelitatem
1088 5608 1424 5677 ostendebat,
1454 5611 1545 5680 qui
1582 5611 1650 5666 de
1683 5614 1877 5683 quibus
1904 5614 1996 5671 alii

426 5694 705 5765 gemebant
736 5697 1111 5770 lugebantque,
1139 5699 1208 5757 de
1246 5701 1432 5759 iisdem
1470 5704 1568 5773 ipsi
1608 5704 1991 5776 gloriabantur,

1204 268 1271 326 lN
1310 270 1715 328 MATTHEUM
1754 271 1983 327 HOMIL.
2029 270 2361 329 LXXXVIII.
2403 270 2473 322 al.
2516 264 2804 326 LXXXIX.

3534 273 3653 331 778-

2062 401 2231 455 neque
2260 384 2625 441 misericordia
2644 387 2795 451 moti,
2820 401 2994 458 neque
3015 387 3201 443 timore
3221 388 3461 444 cohibiti.
3481 389 3657 460 Signa.

2060 480 2257 548 quippe
2283 478 2394 546 illa,
2437 494 2540 531 non
2587 479 2746 533 modo
2786 480 2953 549 signa,
3005 479 3099 533 sed
3130 480 3221 534 ira:
3251 496 3457 550 magum
3502 482 3645 534 furo-

2062 572 2241 642 risque
2261 572 2408 642 signa
2448 579 2634 637 erant;
2668 573 2925 639 tenebrae,
2956 582 3122 643 petra:
3155 573 3357 640 scissm,
3398 574 3570 629 velum
3613 591 3659 629 a.

2064 664 2241 720 medio
2270 665 2582 732 rescissum,
2626 673 2784 721 terra:
2823 674 2998 720 motus
3028 683 3041 719 :
3076 665 3192 720 haec
3226 665 3455 735 ingentis
3493 675 3661 721 erant-

2066 757 2460 829 indignationis.
2494 758 2584 813 58.
2615 756 2869 811 Accedens
2911 766 3077 811 autem
3118 757 3331 826 Joseph,
3366 758 3505 828 petiit
3542 775 3649 812 cor-

2066 867 2177 921 pus.
2210 849 2308 904 Hic
2335 858 2451 905 erat
2488 847 2686 918 Ioseph
2717 850 2823 914 ille,
2856 849 2944 919 qui
2983 863 3043 904 se
3073 850 3217 919 prius
3247 850 3605 905 occultaverat
3630 866 3645 913 ;

2067 955 2209 995 nunc
2240 955 2370 995 vero
2406 955 2653 1010 magnum
2688 940 2957 1010 quidpiam
2984 955 3147 996 ausus
3184 950 3268 996 est
3297 950 3418 1011 post
3449 940 3647 995 Christi

2067 1041 2315 1085 mortem.
2343 1029 2461 1086 Non
2489 1031 2643 1086 enim,
2662 1030 2911 1101 ignobilis
2937 1032 3273 1103 ignotusque,
3306 1031 3401 1087 sed
3433 1047 3497 1086 ex
3520 1046 3649 1085 con-

2067 1122 2188 1176 silio
2216 1138 2349 1178 unus
2376 1120 2769 1191 admodumque
2797 1121 3019 1192 insignis
3058 1132 3175 1180 erat
3203 1140 3217 1177 :
3245 1123 3387 1179 unde
3419 1123 3649 1177 maxime

2069 1212 2184 1281 ejus
2214 1213 2469 1269 fortitudo
2497 1214 2785 1284 spectanda
2815 1224 2937 1271 est:
2965 1232 3089 1272 nam
3125 1217 3177 1271 in
3218 1217 3408 1273 mortis
3436 1217 3651 1287 pericu-

2071 1304 2180 1358 lum
2217 1306 2486 1373 veniebat,
2514 1321 2638 1361 cum
2678 1308 2913 1363 omnium
2949 1310 3003 1364 in
3033 1324 3092 1365 se
3123 1309 3303 1365 odium
3331 1310 3646 1376 concitaret,

2071 1395 2199 1450 dum
2239 1411 2388 1451 suam
2418 1412 2543 1469 erga
2575 1396 2760 1454 Iesum
2789 1399 3212 1455 benevolentiam
3253 1400 3650 1465 demonstrans,

2071 1500 2267 1556 corpus
2294 1496 2475 1557 petere
2503 1503 2665 1545 ausus
2699 1498 2800 1556 est,
2832 1506 3001 1562 neque
3027 1491 3248 1557 destitit,
3278 1491 3453 1547 donec
3493 1491 3543 1546 id
3570 1506 3655 1546 as-

2074 1585 2327 1647 sequutus
2375 1586 2537 1635 esset.
2568 1578 2677 1636 Nec
2716 1582 2922 1651 accepit
2967 1582 3126 1636 modo
3172 1592 3227 1637 et
3266 1597 3386 1638 cum
3435 1593 3651 1651 sumptu

2074 1669 2333 1739 sepelivit,
2362 1671 2456 1726 sed
2482 1672 2535 1726 in
2557 1672 2804 1743 sepulcro
2828 1688 2937 1728 suo.
2953 1674 3261 1740 novo,,hine
3281 1690 3519 1731 amorem
3546 1674 3655 1729 for—

2076 1762 2462 1833 titudinemque
2487 1779 2637 1818 suam
2665 1764 3061 1820 demonstrans.
3091 1764 3202 1820 Hoc
3241 1781 3369 1821 vero
3400 1782 3505 1820 non
3537 1765 3656 1820 sine

2076 1867 2255 1916 Causa,
2285 1869 2383 1909 nec
2408 1853 2524 1910 sine
2566 1856 2896 1926 providentia
2919 1857 2989 1911 ita
3017 1856 3210 1911 factum
3244 1868 3344 1922 est,
3376 1856 3468 1912 sed
3503 1868 3557 1911 ut
3588 1872 3679 1911 ne.

2078 1946 2181 1999 ttlla
2208 1946 2292 2001 vel
2322 1946 2542 2001 minima
2585 1946 2818 2015 suspicio
2850 1956 3170 2011 remaneret,
3219 1948 3380 2001 alium
3425 1963 3524 2018 pro
3552 1947 3677 2001 alio.

2081 2039 2396 2095 surrexisse.
2446 2038 2534 2094 61.
2586 2038 2749 2093 Erant
2787 2049 2951 2092 autem
2997 2038 3168 2093 Maria
3220 2038 3567 2109 Magdalene,
3612 2048 3660 2092 et

2081 2130 2242 2182 altera
2287 2129 2456 2183 Mario
2485 2129 2712 2184 sedentes
2753 2146 2781 2184 e
2812 2131 3013 2200 regione
3041 2131 3280 2201 sepulcri.
3314 2131 3421 2185 Cur
3456 2132 3558 2184 illa:
3589 2131 3677 2185 ita

2081 2222 2366 2277 assident?
2411 2221 2553 2276 Nihil
2592 2219 2768 2277 adhuc
2811 2237 3058 2291 magnum
3094 2221 3176 2276 vel
3206 2222 3434 2277 sublime
3473 2222 3540 2276 de
3570 2222 3677 2277 illor

2082 2313 2320 2368 sciebant
2349 2330 2363 2370 :
2394 2314 2619 2382 ideoque
2648 2323 2913 2383 unguenta
2943 2314 3253 2378 attulerunt,
3295 2322 3351 2368 et
3375 2328 3542 2382 prope
3571 2328 3662 2368 se—

2092 2398 2341 2469 pulcrum
2375 2405 2687 2470 manebant,
2724 2416 2801 2471 ut,
2831 2405 2877 2459 si
2920 2403 3233 2460 ludatorum
3272 2404 3426 2459 furor
3449 2405 3665 2461 sedare-

2095 2498 2207 2555 tur,
2245 2492 2565 2548 accederent
2592 2502 2647 2549 et
2678 2493 2846 2549 ell‘nse
2875 2494 3356 2563 amplecterentur.

2154 2588 2208 2641 5.
2258 2586 2591 2656 Eleemosyna
2618 2585 2826 2653 pauperi
2874 2584 3016 2650 data,
3071 2582 3271 2637 Christo
3311 2592 3568 2654 erogatur.
3594 2612 3664 2628 -ι

2093 2680 2247 2735 Vides
2277 2679 2555 2733 mulierum
2591 2677 2992 2732 fortitudinem?
3018 2676 3169 2731 vides
3200 2675 3483 2730 amorem?
3513 2675 3668 2730 vides

2088 2770 2462 2827 liberalitatem
2492 2771 2543 2824 in
2569 2784 2799 2838 expensa
2827 2783 2995 2838 usque
3027 2768 3091 2822 ad
3119 2767 3308 2822 mortis
3328 2767 3620 2837 periculum
3642 2767 3667 2819 ?

2090 2863 2265 2918 llasce
2284 2862 2533 2917 mulieres
2571 2861 2859 2923 imitemur,
2906 2861 3001 2913 viri
3037 2876 3049 2913 :
3090 2874 3155 2913 ue
3183 2858 3363 2913 Jesum
3406 2858 3457 2912 in
3492 2868 3667 2914 tenta-

2092 2955 2320 3010 tionibus
2346 2953 2727 3023 relinquamus.
2761 2952 2868 3007 Illa:
2900 2951 2951 3005 in
2985 2958 3253 3005 mortuum
3285 2956 3364 3004 tot
3397 2949 3669 3019 impende-

2091 3055 2237 3113 runt,
2259 3044 2312 3099 in
2336 3046 2457 3099 vita:
2486 3058 2596 3099 sua:
2635 3043 2926 3114 periculum
2957 3059 2969 3095 :
3001 3056 3099 3097 nos
3132 3051 3310 3097 autem
3342 3040 3494 3112 (libet
3526 3042 3668 3095 enim

2092 3139 2322 3209 idipsum
2345 3139 2615 3209 repetere)
2638 3151 2738 3192 nec
2754 3137 3079 3192 esurientem
3097 3135 3310 3201 alimus,
3344 3149 3444 3188 nec
3464 3133 3675 3188 nudum

2094 3232 2383 3298 induimus,
2426 3230 2519 3286 sed
2558 3230 2709 3285 illum
2747 3228 3139 3286 mendicantem
3170 3225 3411 3281 videntes
3446 3235 3669 3294 praetcr-

2093 3326 2379 3381 currimus.
2423 3323 2563 3379 Sane
2618 3323 2664 3378 si
2716 3322 2889 3392 ipsum
2934 3318 3205 3376 Christum
3252 3317 3531 3383 videretis,
3576 3333 3673 3372 sun

2094 3416 2291 3490 singuli
2333 3414 2734 3488 profunderent.
2774 3413 2878 3470 Sed
2912 3428 3053 3468 nunc
3092 3412 3230 3468 idem
3263 3410 3380 3482 ipse
3421 3419 3523 3466 est.
3556 3408 3693 3479 Ipse.

2095 3524 2325 3582 namque
2352 3508 2504 3575 dixit,
2535 3507 2649 3579 Ego
2688 3521 2826 3561 sum.
2853 3504 2960 3560 Cur
2986 3518 3113 3574 ergo
3142 3517 3247 3557 non
3273 3502 3451 3556 omnia
3499 3499 3687 3557 etl'una

2094 3603 2217 3659 dis?
2241 3600 2450 3657 Etenim
2477 3613 2619 3655 nunc
2641 3597 2907 3654 dicentem
2928 3596 3101 3663 audis,
3120 3593 3251 3649 Mihi
3278 3593 3457 3665 facis‘.
3485 3590 3676 3661 Neque

2096 3694 2367 3767 quidpiam
2408 3694 2634 3748 interest
2673 3700 2850 3747 utrum
2893 3689 3034 3754 huic,
3086 3698 3267 3744 utrum
3315 3685 3393 3743 illi
3433 3684 3670 3750 dederis,

2099 3805 2277 3861 neque
2300 3788 2479 3843 minus
2504 3787 2716 3854 feceris,
2756 3800 2917 3856 quam
2958 3784 3213 3840 mulieres
3250 3784 3376 3851 illa,
3404 3798 3523 3853 qua:
3552 3792 3678 3839 tunc

2100 3880 2272 3952 ipsum
2313 3878 2637 3941 nutriebant,
2667 3877 2773 3931 imo
2812 3875 2981 3931 multo
3019 3875 3212 3946 majus.
3241 3875 3438 3930 Verum
3469 3890 3538 3929 ne
3563 3883 3679 3928 tur-

2099 3970 2320 4027 bemini.
2363 3969 2479 4024 Non
2505 3978 2585 4023 est
2614 3968 2755 4022 enim
2786 3966 2988 4037 aequale
3015 3967 3187 4037 ipsum
3218 3965 3500 4021 Dominum
3537 3979 3678 4034 pra:-

2101 4070 2309 4117 sentem
2343 4061 2511 4125 alere,
2550 4058 2688 4130 quod
2716 4058 2799 4113 vel
2830 4058 3095 4128 lapideum
3126 4057 3359 4112 animum
3391 4055 3671 4127 pertrahe-

2102 4162 2204 4217 ret,
2260 4161 2315 4207 et
2360 4160 2579 4222 propter
2620 4151 2782 4206 verba
2832 4149 2949 4221 ejus
2994 4149 3307 4215 dumtaxat,
3361 4162 3676 4219 pauperem,

2102 4247 2369 4313 mutilum,
2402 4246 2677 4301 incurvum
2703 4244 2972 4301 hominem
3018 4245 3218 4301 fovere.
3248 4243 3325 4300 Ibi
3354 4244 3495 4299 enim
3522 4259 3676 4314 aspe-

2102 4350 2219 4395 ctus
2239 4338 2576 4410 dignitasque
2602 4338 2880 4408 praesentis
2908 4336 3159 4403 attrahit;
3192 4338 3279 4393 hic
3301 4346 3479 4392 autem
3508 4345 3679 4393 totum

2104 4429 2484 4486 misericordiae
2512 4428 2605 4483 tibi
2626 4428 2903 4499 praemium
2924 4428 3241 4484 adscribitur
3265 4446 3279 4482 :
3304 4429 3584 4498 majusque
3600 4439 3681 4484 est

2104 4530 2208 4576 tute
2231 4536 2356 4591 erga
2385 4521 2533 4575 illum
2562 4520 2880 4577 reverentia:
2907 4529 3302 4590 argumentum,
3314 4520 3691 4591 quandopro-r

2103 4623 2223 4683 pter
2251 4613 2366 4680 ejus
2398 4613 2561 4668 verba
2604 4626 2920 4668 conservum
2957 4610 3104 4665 foves
3133 4613 3185 4667 in
3222 4612 3494 4666 omnibus.
3538 4611 3681 4666 Fove

2106 4704 2286 4771 igitur,
2333 4718 2397 4757 ac
2443 4702 2603 4758 crede
2644 4702 2925 4772 accipienti
2954 4712 3009 4757 et
3035 4702 3276 4767 dicenti,“
3296 4701 3429 4756 Mihi
3468 4702 3671 4758 dedisti.

2105 4794 2215 4849 Nisi
2257 4795 2399 4848 enim
2431 4793 2531 4863 ipsi
2570 4792 2750 4859 dares,
2790 4808 2896 4849 non
2927 4802 2977 4848 te
3015 4793 3108 4849 ille
3147 4808 3313 4863 regno
3348 4792 3680 4863 dignaretur.

2105 4884 2215 4939 Nisi
2244 4885 2412 4955 ipsum
2442 4886 2785 4950 aversareris,
2822 4900 2924 4939 non
2955 4884 3080 4939 tein
3106 4884 3406 4956 gehennam
3421 4885 3676 4950 mitteret,

2107 4973 2250 5043 quod
2278 4975 2435 5030 vilem
2470 4975 2699 5045 aliquem
2738 4974 3010 5031 hominem
3037 4976 3391 5047 despexisses.
3418 4977 3522 5033 Sed
3560 4980 3683 5048 quia

2107 5066 2198 5120 ille
2228 5068 2342 5136 ipse
2368 5075 2451 5122 est
2476 5068 2565 5137 qui
2592 5067 2901 5138 despicitur,
2933 5068 3054 5124 ideo
3073 5084 3321 5139 magnum
3353 5069 3404 5125 id
3422 5070 3676 5141 ﬂagitium

2107 5170 2210 5213 est.
2232 5158 2322 5214 Sic
2348 5169 2401 5214 et
2426 5159 2619 5214 Paulus
2652 5159 2800 5214 illum
2825 5160 3265 5230 persequebatur;
3296 5160 3418 5216 ideo
3444 5161 3676 5228 dicebat,

2112 5249 2249 5316 Quid
2266 5267 2345 5305 me
2368 5252 2674 5321 persequeris
2691 5250 2828 5321 (Act.
2848 5252 2901 5307 9.
2926 5252 2979 5323 4)
3000 5253 3025 5307 ?
3045 5252 3134 5308 Sic
3150 5268 3298 5324 ergo,
3320 5269 3441 5308 cum
3469 5254 3677 5319 damus,

2108 5337 2280 5395 allecti
2309 5341 2498 5406 simus,
2536 5355 2600 5396 ac
2638 5341 2682 5395 si
2709 5341 2923 5397 Christo
2949 5358 3291 5413 erogaremus
3319 5362 3334 5400 :
3364 5361 3485 5398 nam
3520 5345 3681 5399 verba

2107 5430 2242 5499 ejus,
2274 5431 2390 5501 plus
2426 5446 2583 5501 quam
2623 5447 2685 5486 ea
2727 5447 2845 5502 qua:
2876 5433 2976 5487 sub
3020 5444 3292 5504 aspectum
3323 5436 3520 5490 eadunt
3554 5451 3675 5493 cre-

2106 5523 2299 5579 denda.
2355 5524 2488 5579 Cum
2546 5525 2740 5581 videris
2799 5542 2926 5597 ergo
2991 5544 3276 5598 pauperem
3306 5571 3320 5593 ,
3388 5529 3671 5586 recordare

2174 5655 2201 5723 ί,
2225 5656 2419 5729 Μαι-01η.
2433 5665 2530 5729 cur
2544 5670 2645 5729 non
2666 5658 2822 5729 omnia
2839 5660 3062 5723 e/I'undis,
3086 5662 3277 5724 quando
3295 5662 3489 5725 quidem
3522 5683 3542 5711 κ
3555 5659 3686 5714 Mitti

2102 5717 2245 5780 facis,
2278 5735 2295 5766 ›
2322 5720 2519 5773 omissis
2543 5724 2867 5779 interpositis.
