4104 6380
443 361 542 417 770

443 479 749 541 verborum,
797 475 989 547 quibus
1029 488 1086 527 se
1132 473 1247 541 ipse
1293 472 1422 524 dicit
1472 467 1742 523 alendum.
1797 465 2024 520 Etiamsr

447 570 582 625 enim
616 569 660 622 is
687 567 774 636 qui
803 573 1024 635 apparet
1051 580 1156 617 non
1188 561 1258 616 sit
1277 561 1545 625 Christus,
1570 559 1665 615 sed
1686 558 1785 613 sub
1817 558 1913 611 hac
1936 556 2026 611 ille

446 663 609 727 ﬁgura
646 659 781 727 petit
807 667 861 709 et
892 654 1103 724 accipit.
1134 653 1403 707 Erubesce
1444 652 1624 722 igitur,
1662 665 1783 704 cum
1823 648 2027 719 petenti

448 767 551 806 non
587 749 816 804 dederis.
849 747 961 801 lloc
996 745 1183 815 pudori
1214 753 1315 808 est,
1354 742 1456 797 hoc
1489 757 1698 812 poenam
1728 748 1783 795 et
1822 740 2027 808 suppli-

448 844 586 897 cium
618 849 871 895 meretur.
904 839 1033 893 Nam
1061 836 1203 908 quod
1225 835 1512 901 mendicet,
1550 834 1617 889 ad
1644 835 1760 903 ejus
1793 834 2025 903 pertinet

449 932 757 994 bonitatem,
784 946 846 985 ac
868 940 1084 1000 propter
1100 929 1200 983 hoc
1220 943 1316 982 nos
1335 926 1548 997 gloriari
1573 941 1669 995 par
1686 934 1769 980 est
1794 941 1807 978 :
1836 924 1880 980 si
1900 939 2028 979 vero

449 1042 553 1079 non
585 1024 820 1086 dederis,
856 1032 959 1077 tute
991 1024 1092 1076 erit
1121 1021 1468 1076 crudelitatis.
1500 1018 1651 1088 Quod
1677 1019 1721 1072 si
1752 1034 1892 1072 nunc
1921 1034 2026 1071 non

448 1116 635 1171 credas
664 1124 734 1177 te,
760 1130 878 1169 eum
905 1128 1190 1183 pauperem
1214 1111 1424 1166 fidelem
1451 1110 1833 1180 praetercurris,
1856 1109 2026 1178 ipsum

449 1216 883 1275 prmtercurrere,
911 1213 1034 1257 tunc
1059 1202 1245 1256 credes
1273 1216 1392 1255 cum
1430 1210 1482 1255 te
1512 1201 1563 1253 in
1602 1199 1780 1253 medio
1818 1199 2027 1253 illorum

452 1298 729 1368 producto,
768 1297 947 1350 dicet:
976 1295 1043 1349 In
1086 1305 1328 1365 quantum
1365 1294 1443 1347 his
1481 1311 1583 1347 non
1626 1293 1831 1364 fecistis,
1871 1308 2031 1361 neque

449 1390 574 1444 mihi
601 1390 811 1461 fecistis.
854 1388 958 1443 Sed
997 1387 1134 1442 absit
1163 1396 1219 1440 ut
1249 1401 1344 1439 vos
1388 1385 1518 1439 illud
1553 1386 1623 1438 ita
1661 1384 1901 1451 discatis,
1933 1383 2030 1438 sed

452 1483 654 1535 utinam
678 1494 817 1535 nunc
840 1480 1139 1545 credentes,
1166 1488 1222 1533 et
1248 1479 1642 1541 fructiticantes,
1666 1477 2028 1532 beatissimam

454 1575 596 1628 illam
625 1573 851 1627 audiatis
877 1587 1082 1637 vocem,
1115 1587 1231 1641 qum
1259 1585 1353 1623 vos
1381 1572 1429 1623 in
1460 1585 1681 1635 regnum
1708 1567 2027 1622 introducat.

453 1665 650 1720 Verum
688 1664 831 1719 dicet
866 1665 1091 1718 fortasse
1136 1662 1396 1732 quispiam
1438 1677 1451 1713 :
1494 1659 1742 1726 Quotidie
1773 1658 1927 1713 nobis
1963 1656 2031 1741 de

454 1759 791 1828 eleemosyna
836 1766 891 1811 et
936 1754 1298 1810 misericordia
1351 1754 1590 1808 disseris.
1645 1752 1826 1820 Neque
1871 1749 2029 1803 ﬁnem

454 1849 665 1904 dicendi
690 1849 899 1903 faciam.
934 1847 1153 1901 Etiamsi
1181 1847 1321 1901 enim
1346 1861 1408 1900 ea
1440 1844 1578 1914 apud
1604 1858 1698 1899 vos
1732 1853 1878 1899 recte
1905 1857 2030 1913 pro-

455 1939 727 2005 cederent,
762 1954 933 2008 neque
962 1948 1085 1991 tunc
1108 1935 1470 1991 desistendum
1501 1944 1659 1999 esset,
1693 1950 1761 1990 ne
1785 1934 1908 1988 hinc
1934 1949 2031 1989 ne-

454 2030 796 2098 giigentiores
836 2027 1151 2083 evadet-etis.
1185 2027 1433 2080 Attamen
1471 2025 1513 2079 si
1555 2025 1690 2079 bene
1724 2039 1810 2079 res
1848 2038 2034 2093 proce-

456 2121 627 2186 deret,
658 2120 834 2174 minus
859 2120 1113 2173 instarem
1139 2135 1151 2171 :
1172 2118 1213 2172 si
1244 2132 1372 2171 vero
1395 2132 1462 2171 ne
1483 2115 1547 2170 ad
1568 2116 1796 2169 medium
1818 2114 2031 2185 quidem

471 2212 807 2281 pervenistis,
833 2226 901 2266 ne
931 2210 1078 2273 mihi,
1102 2209 1196 2264 sed
1225 2209 1372 2263 vobis
1400 2208 1528 2278 ipsis
1554 2208 1601 2261 id
1642 2206 1875 2276 obiicite.
1900 2206 2033 2259 Nam

466 2303 687 2374 perinde
724 2303 874 2369 facis,
905 2303 1030 2358 dum
1061 2301 1425 2372 conquereris,
1455 2308 1614 2369 atque
1648 2300 1690 2353 si
1724 2314 1855 2368 puer
1879 2296 2034 2367 alpha

457 2411 599 2465 saepe
624 2395 867 2459 audiens,
894 2409 991 2449 nec
1016 2394 1282 2460 ediscens,
1313 2392 1449 2462 apud
1474 2391 1779 2461 magistrum
1801 2405 2034 2460 conque-

458 2498 690 2550 reretur,
734 2488 875 2556 quod
925 2485 1234 2554 frequenter
1287 2499 1352 2539 ac
1394 2492 1652 2552 perpetuo
1693 2482 1745 2536 id
1796 2483 2029 2536 doceret.

460 2579 590 2646 Quis
630 2577 770 2632 enim
816 2592 883 2631 ex
924 2577 1102 2631 verbis
1148 2577 1278 2629 meis
1309 2574 1477 2628 factus
1514 2583 1596 2628 est
1634 2573 1931 2642 expeditior
1966 2571 2033 2625 ad

458 2671 853 2740 eleemosynam
876 2668 1143 2723 dandam?
1170 2669 1287 2738 quis
1335 2666 1587 2737 pecunias
1622 2665 1887 2735 profudit?
1914 2668 2034 2735 quis

460 2764 734 2817 dimidium
783 2778 979 2832 opum,
1038 2762 1155 2831 quis
1210 2761 1419 2815 tertiam
1472 2772 1674 2829 partem
1728 2757 2033 2813 distribuit?

457 2855 649 2909 Nemo.
677 2852 956 2919 Quomodo
977 2866 1105 2921 ergo
1131 2850 1416 2906 absurdum
1448 2866 1552 2904 non
1577 2850 1755 2915 fuerit,
1783 2850 1908 2903 dum
1941 2864 2033 2903 vos

462 2960 567 2998 non
588 2943 811 3009 discitis,
839 2943 1027 3011 jubere
1053 2958 1149 2997 nos
1175 2958 1200 2993 a
1232 2942 1473 2997 docendo
1503 2940 1803 2996 absistere?
1836 2941 2032 2995 Contra
2090 2946 2095 2951 '

459 3035 761 3089 faciendum
808 3044 994 3089 esset:
1028 3034 1071 3087 si
1128 3048 1225 3088 nos
1272 3033 1533 3087 absistere
1589 3033 1884 3098 vellemus,
1937 3048 2033 3085 vos

461 3133 735 3195 oporteret
760 3126 991 3179 retinere
1010 3138 1074 3177 ac
1091 3124 1272 3178 dicere
1291 3140 1305 3179 :
1325 3121 1570 3177 Nondum
1589 3121 1703 3176 hzec
1730 3120 2031 3186 didicimus,

460 3225 516 3271 et
539 3230 636 3270 cur
663 3230 693 3269 a
719 3214 986 3270 monendo
1010 3213 1300 3269 desistitis?
1326 3213 1382 3268 Si
1408 3213 1526 3282 quis
1553 3212 1691 3267 oculi
1728 3212 2036 3266 inﬁrmitate

459 3306 746 3373 laboraret,
774 3313 828 3361 et
865 3321 963 3376 ego
1000 3304 1240 3360 medicus
1278 3319 1474 3371 essem,
1504 3304 1549 3359 si
1587 3302 1898 3373 emplastro,
1939 3319 2038 3357 un-

461 3397 661 3463 ctione,
699 3396 916 3468 reliquis
958 3396 1208 3452 remediis
1244 3395 1517 3459 adhibitis,
1563 3411 1750 3466 parum
1802 3393 2035 3464 profuis-

460 3504 594 3554 sem,
628 3497 683 3543 et
719 3482 922 3543 abirem
954 3502 1170 3542 :annon
1199 3487 1264 3543 ad
1293 3486 1520 3541 ofﬁcinae
1551 3486 1691 3541 fores
1732 3485 2030 3551 accederet,

461 3581 737 3647 clamaret,
775 3595 965 3651 meque
1011 3579 1080 3635 de
1124 3580 1322 3651 ingenti
1373 3580 1690 3650 negligentia
1738 3588 2033 3648 accusaret,

464 3672 605 3741 quod
633 3682 1008 3742 perseverante
1035 3672 1223 3727 morbo
1259 3673 1638 3727 recessissem?
1664 3681 1719 3728 et
1743 3672 1789 3728 si
1817 3688 2037 3728 accusa-

466 3775 550 3821 tus
591 3766 970 3835 responderem
1007 3780 1023 3819 :
1067 3764 1398 3835 Cataplasma
1440 3766 1685 3835 apposui,
1726 3766 1875 3834 unxi,
1909 3781 2033 3821 num

465 3857 594 3911 illud
627 3856 833 3924 ,ferret?
862 3857 1096 3923 Minime,
1128 3857 1221 3911 sed
1249 3858 1427 3911 statim
1461 3857 1662 3913 diceret
1696 3876 1710 3911 :
1748 3858 1879 3925 Qum
1905 3858 2035 3913 mihi

470 3948 591 4002 hinc
624 3949 845 4014 utilitas,
877 3948 1001 4002 dum
1042 3948 1184 4003 male
1210 3947 1447 4003 afﬁcior?
1489 3948 1717 4017 ldipsum
1764 3948 1831 4004 de
1860 3950 2035 4003 anima

465 4040 717 4109 cogitato.
749 4040 910 4108 Quid,
934 4041 979 4094 si
1004 4055 1215 4095 manum
1242 4040 1527 4108 inﬁrmam,
1559 4050 1877 4113 torpentem,
1902 4058 2035 4097 con-

448 4140 705 4196 tractam,
744 4146 886 4199 sazpe
930 4130 1324 4185 fomentatione
1358 4147 1557 4185 curans
1581 4171 1595 4194 ,
1632 4129 1879 4184 emollire
1918 4142 2027 4181 non

454 4223 759 4295 potuissem
783 4222 805 4275 ?
829 4238 1014 4276 annon
1035 4222 1268 4293 idipsum
1289 4222 1573 4277 audirem?
1603 4221 1671 4275 At
1700 4236 1847 4274 nunc
1868 4221 2031 4274 etiam

457 4329 681 4371 manum
748 4322 1085 4370 contractam
1143 4323 1197 4369 et
1244 4315 1541 4369 arefactam
1596 4312 1907 4383 irrigamus.
1972 4309 2039 4363 Et

466 4399 607 4463 ideo,
640 4399 811 4453 donec
841 4399 984 4452 illam
1006 4409 1284 4454 extensum
1323 4400 1631 4469 viderimus,
1662 4404 1889 4460 circuire
1928 4421 2035 4460 non

464 4491 805 4546 desistemus.
843 4490 1054 4546 Utinam
1097 4502 1151 4546 et
1196 4508 1292 4548 vos
1332 4494 1400 4549 de
1437 4496 1580 4549 nullo
1615 4497 1721 4551 alio
1763 4498 2037 4569 colloqua-

466 4582 618 4648 mini,
647 4591 703 4637 et
722 4581 889 4649 domi,
929 4592 983 4637 et
1014 4584 1066 4637 in
1106 4583 1242 4649 foro,
1289 4595 1340 4639 et
1371 4586 1421 4639 in
1466 4602 1670 4654 mensa,
1712 4599 1893 4656 noctu,
1929 4592 2035 4647 imo

462 4682 516 4726 et
546 4687 638 4741 per
666 4672 951 4726 somnium.
983 4672 1113 4726 Nam
1141 4673 1186 4727 si
1217 4675 1443 4729 interdiu
1467 4676 1579 4731 haec
1599 4678 1807 4734 solliciti
1826 4696 2037 4751 semper

465 4762 864 4829 meditaremur,
894 4764 1052 4819 etiam
1084 4780 1177 4835 per
1210 4767 1476 4821 somnium
1506 4768 1557 4822 in
1586 4770 1650 4824 iis
1675 4786 2031 4829 versaremur.

532 4856 586 4909 4.
641 4856 810 4922 Quare
856 4857 1237 4927 Chrysostomus
1271 4862 1550 4931 frequenter
1586 4864 1649 4918 de
1688 4866 2031 4940 eleemosyna,

463 4963 565 4999 non
593 4958 759 5001 autem
786 4948 849 5002 de
875 4964 1235 5020 pugnacontra
1251 4957 1905 5017 adversariosC/zristianw
1920 4962 2033 5015 reli-

459 5040 623 5108 gionis
636 5038 876 5093 disserat.
889 5037 1050 5092 Arma
1059 5041 1495 5106 Christianorum,
1505 5048 1725 5102 virtutes.
1748 5049 2029 5117 Auditores,

460 5132 595 5200 quod
623 5131 764 5183 nmlti
788 5132 841 5184 in
872 5132 1077 5186 ecclesia
1106 5150 1207 5185 non
1245 5151 1297 5187 se
1339 5148 1616 5191 reverenter
1655 5151 1907 5209 gererent,
1951 5145 2033 5197 in-

461 5231 661 5288 crepat,
717 5222 942 5291 ipsorum
1010 5224 1380 5278 irreverentiam
1432 5230 1728 5285 describens.
1777 5263 1849 5275 —
1897 5237 2031 5303 Quid

461 5310 639 5365 dicis?
680 5310 757 5365 De
802 5311 1144 5384 eleemosyna
1189 5330 1401 5385 semper
1446 5318 1695 5375 dissero?
1725 5323 1928 5379 Vellent
1980 5337 2034 5383 et

458 5414 559 5469 ego
585 5398 884 5469 huiusmodi
915 5402 1283 5460 adhortatione
1302 5407 1429 5461 nihil
1459 5411 1595 5479 apud
1621 5427 1712 5465 vos
1736 5429 1870 5483 Opus
1890 5431 2028 5485 esse,

456 5490 551 5544 sed
572 5490 833 5547 disserere
858 5492 925 5548 de
944 5509 1116 5564 pugna
1137 5508 1318 5552 contra
1339 5498 1569 5565 Judazos,
1586 5514 1764 5558 contra
1783 5510 2026 5575 gentiles,

459 5588 646 5635 contra
677 5581 957 5639 hmreticos
989 5602 1002 5637 :
1034 5587 1127 5640 sed
1154 5589 1385 5644 nondum
1412 5593 1652 5649 valentes
1680 5599 1797 5664 quis
1822 5614 2031 5657 armare

462 5671 663 5738 possit?
710 5676 976 5742 quomodo
1019 5678 1069 5731 in
1112 5680 1279 5735 aciem
1309 5682 1536 5740 educere
1577 5688 1749 5743 adhuc
1776 5691 1943 5762 plagis
1978 5704 2029 5749 et

477 5762 780 5819 vulneribus
806 5770 1108 5827 sauciatos?
1137 5775 1191 5830 Si
1222 5793 1315 5831 vos
1346 5777 1481 5834 bene
1507 5781 1742 5838 valentes
1770 5785 2036 5855 viderem,-

1184 358 1236 413 S.
1277 353 1553 412 JOANNIS
1589 349 2060 408 CHRYSOSTOMI
2098 349 2414 407 ARClilEP.
2455 354 2980 414 CONSTANTINOP.

3609 368 3712 426 780

2124 463 2233 533 iam
2268 483 2317 518 Ill
2348 468 2517 522 aciem
2551 470 2693 524 illam
2722 473 3058 540 ednxissem,
3104 486 3262 547 atque
3304 476 3501 534 Christi
3542 486 3707 551 gratia

2131 557 2247 612 fulti
2300 568 2529 630 stragem
2579 565 2845 620 vidissetis
2904 568 3302 625 innumerorum
3350 574 3706 643 cadaverum,

2130 649 2401 719 multaque
2445 652 2602 706 allata
2646 671 2829 709 eorum
2877 659 3070 727 capita.
3122 660 3180 715 ln
3228 662 3346 716 aliis
3371 679 3531 734 porro
3562 667 3709 723 libris

2132 742 2293 795 multa
2328 743 2426 797 hac
2469 745 2533 799 de
2562 762 2618 800 re
2652 748 2881 804 diximus
2913 768 2925 803 :
2959 752 3051 805 sed
3096 769 3267 824 neque
3296 756 3372 810 sic
3403 758 3558 825 plane
3584 775 3709 829 pos-

2131 846 2335 899 sumus,
2383 834 2452 889 ob
2499 837 2786 892 multorum
2816 839 3213 909 negligentiam,
3259 844 3397 900 hanc
3432 848 3707 905 victoriam

2131 924 2425 980 celebrare.
2478 927 2763 999 Postquam
2817 932 2961 985 enim
3018 933 3138 989 illos
3185 950 3326 1006 sape
3376 938 3708 1009 dogmatibus

2133 1019 2526 1089 profligavimus
2548 1062 2564 1088 ,
2608 1022 2769 1077 vitam
2799 1025 3090 1081 multorum
3119 1029 3272 1083 nobis
3299 1031 3315 1061 ¹
3348 1034 3704 1102 eXprobrant,

2132 1112 2219 1180 qui
2272 1112 2409 1180 apud
2455 1129 2552 1167 nos
2598 1126 3009 1186 congregantur,
3061 1134 3353 1191 eorumque
3409 1125 3625 1181 vulnera
3655 1137 3708 1180 et

2132 1204 2294 1255 animi
2324 1205 2557 1259 morbos.
2585 1205 2862 1272 Quomodo
2890 1224 3018 1280 ergo
3046 1226 3140 1266 vos
3183 1211 3412 1269 ﬁdenter
3454 1217 3505 1270 in
3537 1219 3704 1272 aciem

2133 1295 2437 1363 cducemus,
2480 1313 2600 1353 cum
2629 1300 2789 1354 etiam
2817 1302 2971 1358 nobis
3017 1305 3223 1359 molesti
3268 1308 3403 1373 sitis,
3438 1309 3563 1364 dum
3610 1328 3705 1367 vos

2134 1387 2316 1442 hostes
2363 1389 2671 1445 confodiunt
2716 1407 2779 1447 ac
2822 1393 3110 1450 derident?
3155 1398 3300 1453 illius
3346 1401 3487 1455 enim
3520 1418 3707 1458 manus

2133 1495 2273 1550 aegra
2312 1491 2393 1537 est
2418 1492 2469 1537 et
2497 1483 2562 1538 ad
2592 1484 2916 1554 largitionem
2942 1490 2962 1519 ²
2988 1500 3278 1549 contracta.
3319 1493 3595 1559 Quomodo
3623 1498 3708 1552 ille

2133 1571 2376 1642 clypeum
2425 1584 2605 1629 tenere
2634 1584 2687 1630 et
2714 1576 3005 1634 obtendere
3051 1583 3283 1651 poterit,
3312 1600 3378 1639 ne
3405 1586 3708 1643 crudelibus

2134 1662 2371 1719 dictet-iis
2401 1663 2656 1721 feriatur?
2695 1668 2800 1723 Alii
2839 1671 3064 1739 pedibus
3106 1674 3408 1732 claudicant
3452 1690 3711 1750 quotquot

2136 1755 2431 1810 ascendunt
2458 1759 2521 1811 ad
2555 1759 2758 1814 theatra
2781 1801 2794 1826 ,
2827 1769 2883 1816 et
2932 1763 3000 1817 ad
3044 1765 3341 1838 diversoria
3372 1771 3707 1826 meretricum

2136 1846 2438 1900 mulierum.
2469 1848 2747 1914 Quomodo
2770 1850 2823 1904 hi
2857 1853 2907 1906 in
2934 1869 3106 1925 pugna
3134 1868 3275 1912 stare
3308 1868 3579 1927 poterunt,
3613 1879 3709 1917 nec

2136 1934 2366 1991 lascivia:
2409 1940 2720 1995 criminibus
2748 1943 3003 1998 confodi?
3034 1946 3182 2001 Alius
3211 1950 3383 2005 oculis
3413 1952 3617 2007 laborat
3656 1965 3710 2008 et

2136 2042 2273 2097 pene
2300 2043 2473 2085 caecus
2512 2040 2633 2099 est,
2679 2048 2784 2088 non
2813 2036 2977 2104 probe
3008 2040 3305 2108 respiciens
3325 2084 3340 2107 ,
3371 2044 3463 2097 sed
3496 2045 3707 2102 lascivia

2139 2119 2345 2187 plenus,
2364 2122 2640 2176 mulierum
2661 2125 2961 2193 pudicitiam
2981 2129 3218 2194 adortus,
3243 2141 3296 2187 et
3322 2136 3599 2191 connubiis
3626 2138 3679 2191 in
3694 2170 3710 2180 -

2136 2209 2374 2264 sidiatus.
2407 2214 2684 2280 Quomodo
2715 2216 2799 2271 hic
2829 2220 3067 2274 inimicos
3093 2223 3355 2291 respicere
3385 2229 3593 2294 poterit,
3620 2228 3709 2281 ha-

2137 2310 2271 2355 stam
2302 2303 2511 2358 vibrare
2534 2346 2549 2371 ,
2579 2308 2739 2361 telum
2770 2311 3031 2378 emittere,
3064 2313 3187 2367 dum
3219 2316 3447 2385 undique
3475 2314 3710 2375 dicteriis

2137 2394 2477 2451 confoditur?
2506 2400 2654 2453 Alios
2681 2401 2861 2458 videre
2901 2414 2983 2459 est
3004 2416 3187 2462 ventre
3212 2408 3453 2465 dolentes
3479 2429 3581 2466 non
3612 2415 3709 2467 mi-

2138 2502 2239 2541 nus
2275 2503 2431 2557 quam
2474 2489 2827 2563 hydropicos,
2867 2497 2953 2565 qui
2993 2512 3024 2552 a
3053 2500 3172 2568 gula
3214 2512 3265 2555 et
3295 2501 3550 2559 ebrietate
3576 2504 3710 2559 deti-

2137 2590 2348 2633 nentur.
2380 2581 2658 2649 Quomodo
2688 2585 2845 2654 igitur
2889 2588 2985 2642 hos
3028 2591 3205 2645 ebrios
3235 2592 3289 2646 in
3320 2608 3547 2663 pugnam
3575 2596 3707 2650 edu-

2137 2684 2261 2724 cere
2291 2672 2515 2740 potero?
2540 2673 2709 2729 Alteri
2740 2690 2800 2730 os
2826 2677 2996 2746 ipsum
3024 2685 3382 2751 computruit;
3412 2686 3704 2755 cuiusmodi

2137 2772 2261 2816 sunt
2302 2764 2561 2832 iracundi,
2608 2766 3013 2836 conviciatores,
3069 2772 3381 2843 blasphemi.
3431 2776 3708 2842 Quomodo

2138 2855 2299 2925 igitur
2343 2856 2427 2911 hic
2472 2859 2522 2913 in
2552 2858 2693 2915 bello
2740 2877 2992 2933 umquam
3027 2865 3306 2935 iubilabit,
3357 2885 3707 2941 magnumque

2137 2948 2405 3019 quidpiam
2422 2961 2803 3022 strenuumque
2822 2965 2961 3026 aget,
2977 2957 3097 3011 dum
3121 2969 3173 3014 et
3189 2961 3299 3029 ipse
3316 2962 3419 3015 alio
3438 2964 3707 3019 ebrietatis

2140 3054 2335 3108 genere
2366 3041 2544 3098 ebrius
2570 3051 2687 3110 est,
2729 3046 3055 3117 multamque
3086 3048 3325 3106 hostibus
3351 3053 3553 3122 praebet
3572 3058 3708 3111 risus

2135 3136 2446 3190 materiam?
2473 3136 2594 3194 Ideo
2632 3139 2777 3194 hunc
2814 3143 3057 3211 quotidie
3096 3144 3390 3198 exercitum
3411 3145 3707 3208 circumeo,

2131 3229 2352 3282 vulnera
2370 3244 2591 3295 curans,
2620 3231 2801 3287 ulcera
2832 3247 3027 3289 sanare
3061 3234 3310 3290 studens.
3330 3235 3386 3289 Si
3411 3246 3589 3290 autem
3609 3237 3709 3290 ali-

2131 3320 2349 3389 quando
2365 3321 2706 3392 evigiletis,si
2725 3324 2907 3380 idonei
2924 3337 2978 3381 et
2999 3327 3236 3397 prompti
3257 3327 3469 3383 fueritis
3487 3329 3552 3382 ad
3571 3327 3708 3382 alios

2128 3408 2427 3479 feriendus,
2450 3413 2566 3469 hazc
2591 3430 2688 3470 vos
2715 3431 2869 3471 arma
2904 3426 3135 3474 tractare
3166 3421 3393 3475 docebo.
3418 3419 3511 3473 Vel
3530 3420 3708 3489 potius

2142 3502 2251 3569 ipsa
2282 3516 2444 3570 epera
2475 3501 2623 3558 vobis
2651 3518 2796 3557 arma
2828 3514 3003 3572 erunt,
3036 3516 3089 3562 et
3115 3509 3352 3577 pr0tinus
3381 3525 3568 3567 omnes
3592 3528 3709 3567 suc-

2140 3592 2410 3659 cumbent,
2438 3593 2483 3647 si
2511 3594 2902 3663 misericordes,
2930 3598 2974 3651 si
3011 3598 3259 3666 modesti,
3286 3602 3331 3656 si
3358 3606 3639 3669 mansueti,
3665 3607 3708 3659 si

2140 3683 2451 3751 injuriarum
2474 3686 2811 3744 immemores
2832 3688 3054 3759 fueritis,
3076 3692 3122 3747 si
3143 3693 3271 3747 alias
3286 3709 3473 3751 omnes
3495 3698 3711 3752 virtutes

2140 3774 2504 3830 exhibueritis.
2555 3777 2612 3832 Si
2656 3795 2785 3834 vero
2813 3781 3044 3851 quipiam
3088 3787 3535 3856 repugnaverint,
3586 3798 3710 3843 tunc

2140 3866 2299 3920 etiam
2322 3878 2495 3922 nostra
2516 3869 2881 3940 adiungemus,
2906 3888 3000 3928 vos
3021 3874 3072 3928 in
3094 3875 3327 3933 medium
3350 3879 3707 3948 proferentes:

2140 3973 2282 4012 nunc
2324 3959 2465 4013 enim
2499 3960 2547 4014 in
2582 3961 2682 4016 hoc
2725 3978 2882 4017 cursu
2913 3980 2942 4017 a
2969 3966 3115 4021 vobis
3142 3968 3477 4038 impedimur.
3518 3972 3706 4027 Consi-

2140 4046 2298 4102 deres
2326 4049 2483 4106 velim
2501 4091 2517 4116 ,
2548 4066 2749 4120 quzcso.
2789 4054 3021 4109 Dicimus
3049 4072 3238 4127 magna
3261 4070 3533 4127 operatum
3556 4061 3708 4117 Chri-

2142 4146 2282 4193 stum
2309 4154 2448 4205 esse,
2472 4145 2560 4211 qui
2587 4143 2802 4212 angelos
2833 4159 2895 4198 ex
2931 4145 3231 4203 hominibus
3260 4148 3443 4206 fecerit
3468 4169 3482 4217 ;
3514 4152 3706 4208 deinde

2142 4246 2269 4287 vero
2296 4247 2415 4287 cum
2461 4234 2693 4289 rationes
2721 4246 3078 4304 expetuntur,
3121 4240 3255 4308 iussi
3299 4257 3362 4297 ex
3407 4242 3509 4298 hoc
3552 4260 3711 4315 grege

2141 4323 2407 4392 specimen
2456 4325 2667 4396 aliquod
2714 4328 2983 4397 proferre,
3034 4330 3471 4389 obmutescimus.
3526 4335 3711 4391 Timeo

2143 4416 2284 4469 enim
2332 4432 2400 4472 ne
2450 4432 2545 4487 pro
2587 4421 2788 4490 angelis
2828 4438 3019 4492 porcos
3057 4439 3123 4478 ex
3168 4424 3291 4479 hara
3324 4428 3544 4483 educam
3571 4471 3586 4495 ,
3618 4440 3710 4484 aut

2141 4521 2308 4575 equos
2353 4510 2681 4565 emissarios.
2727 4511 2850 4566 Scio
2895 4512 3010 4567 haec
3038 4515 3190 4570 vobis
3218 4519 3443 4573 molesta
3472 4535 3593 4577 esse
3616 4561 3630 4585 ,
3658 4532 3711 4575 at

2141 4610 2246 4649 non
2297 4607 2478 4652 contra
2531 4614 2627 4654 vos
2676 4616 2861 4657 omnes
2900 4604 3013 4659 hare
3038 4605 3302 4669 dicuntur,
3334 4610 3427 4664 sed
3456 4610 3711 4668 adversus

2140 4703 2233 4742 eos
2254 4689 2341 4757 qui
2365 4689 2448 4744 his
2471 4689 2686 4745 obnoxii
2717 4703 2873 4757 sunt;
2904 4694 3010 4749 imo
3038 4711 3104 4751 ne
3128 4707 3310 4753 contra
3335 4699 3453 4755 illos
3472 4703 3709 4772 quidem,

2141 4778 2185 4831 si
2217 4779 2558 4848 resipiscam,
2590 4781 2682 4836 sed
2710 4798 2806 4853 pro
2829 4784 2951 4839 illis.
2985 4785 3133 4842 Nunc
3161 4789 3302 4843 enim
3329 4792 3505 4846 omnia
3534 4793 3711 4861 perie-

2141 4880 2265 4926 runt
2309 4883 2662 4945 corruptaque
2708 4885 2871 4931 sunt:
2906 4878 3142 4950 nihilque
3189 4881 3367 4938 diﬂ‘ert
3413 4886 3637 4941 ecclesia
3681 4903 3710 4941 a

2138 4962 2319 5029 boum,
2345 4964 2611 5019 asinorum
2634 4968 3028 5025 camelorumve
3050 4971 3256 5026 stabulo
3284 4991 3298 5027 :
3322 4988 3385 5029 ac
3408 4975 3535 5030 dum
3559 4992 3711 5033 ovem

2140 5057 2375 5125 requiro,
2411 5074 2478 5112 ne
2507 5075 2666 5114 unam
2696 5063 2907 5131 quidem
2938 5080 3152 5133 possum
3178 5069 3379 5125 videre.
3411 5071 3485 5125 lta
3524 5088 3712 5142 nempe

2139 5161 2326 5203 omnes
2354 5150 2631 5205 calcitrant
2651 5195 2665 5214 ,
2691 5162 2748 5207 ut
2773 5156 2892 5224 equi
2918 5165 2973 5210 et
3007 5159 3140 5212 asini
3168 5172 3405 5229 agrestes
3429 5204 3444 5227 ,
3476 5165 3564 5233 qui
3598 5164 3712 5219 haec

2139 5239 2314 5292 omnia
2362 5249 2599 5296 stercore
2644 5247 2955 5314 complent:
2992 5249 3111 5303 talia
3157 5253 3299 5306 enim
3339 5264 3461 5309 sunt
3501 5256 3709 5310 illorum

2138 5331 2420 5399 colloquia.
2463 5333 2540 5386 Ac
2570 5334 2611 5387 si
2643 5350 2827 5405 posses
2857 5339 2991 5393 seire
3031 5345 3207 5397 omnia
3248 5362 3367 5414 qua:
3398 5347 3449 5400 in
3490 5348 3709 5417 singulis

2138 5423 2482 5479 concionibns
2527 5425 2773 5483 dicuntur
2819 5445 2848 5484 a
2880 5432 3041 5498 virts,
3068 5449 3099 5487 a
3125 5436 3438 5493 mulieribus
3459 5481 3472 5501 .
3503 5441 3711 5496 videres

2138 5514 2317 5580 utique
2332 5515 2446 5570 haec
2464 5528 2698 5574 stercore
2717 5521 2805 5576 illo
2823 5523 3174 5581 immundiora
3194 5528 3345 5598 longe
3362 5546 3498 5586 esse.
3516 5533 3709 5598 Quam-

2137 5603 2320 5658 obrem
2368 5622 2495 5676 rogo
2548 5607 2686 5665 hanc
2727 5614 2918 5668 malam
2968 5620 3405 5676 consuetudinem
3458 5626 3705 5690 mutetis,

2199 5741 2212 5805 ε
2239 5739 2294 5790 In
2309 5741 2472 5791 Morel.
2488 5741 2686 5805 legitur,
2712 5747 2853 5797 vobis.

2199 5804 2217 5835 ¹
2244 5811 2368 5863 Haec,
2396 5812 2459 5855 ad
2481 5804 2797 5870 largitionem,
2826 5824 2919 5860 non
2944 5811 3172 5874 leguntur
3193 5815 3243 5862 in
3261 5815 3420 5865 ttorel.
