4146 6374
271 391 376 448 ’ΠΟ

273 504 660 580 Χριστδς,ἀλλ’
674 505 732 556 ἐν
750 501 828 574 τῷ
849 502 1040 556 τούτου
1063 502 1107 532 ¹⁸
1130 502 1372 572 σχήματι
1391 502 1554 567 αὐτὸς
1567 501 1838 574 λαμϐάνει
1858 505 1954 557 καὶ

273 587 580 661 προσαιτεῖ.
617 582 756 637 Ἀλλ’
775 581 1008 654 αἰσχύνη
1038 581 1255 636 ἀκούων
1278 585 1362 637 ὅτι
1395 584 1424 636 ὁ
1449 582 1686 651 Χριστὸς
1718 601 1954 654 προσαι-

269 675 355 725 τετ
375 672 439 736 :1;
463 665 793 738 Αισχύνθητι
827 665 1028 736 μᾶλλον
1057 665 1122 729 ⁸⁸,
1154 665 1277 718 ὅταν
1302 662 1690 737 προσαιτοῦντι
1721 665 1798 736 μὴ
1823 664 1951 736 δῷς.

271 751 443 805 Τοῦτο
455 749 565 821 γάρ
580 745 832 818 αἰσχύνη,
844 745 1004 799 τοῦτο
1017 745 1259 816 τιμωρία
1275 745 1372 798 καὶ
1389 744 1715 808 κόλασις.Τὺ
1735 745 1832 815 μὲν
1844 744 1954 816 γὰρ

271 831 598 901 προσαιτεῖν
617 825 804 892 αὑτὸν,
831 824 933 895 τῆς
954 823 1117 880 αὑτοῦ
1153 824 1510 894 ἀγαθότητος⁹
1538 821 1622 876 διὸ
1647 823 1744 877 καὶ
1762 824 1956 893 ἐγκαλ-

270 908 782 978 λωπίζεσθαιήμᾶς
808 904 958 977 αὑτῷ
998 905 1127 975 χρήο
1158 904 1220 957 τὸ
1261 904 1319 958 δὲ
1347 902 1422 976 μὴ
1478 902 1662 958 δοῦναι
1717 903 1819 974 τῆς
1854 905 1954 975 σῆς

272 988 581 1060 ὠμότητος.
623 989 689 1042 Εἰ
722 986 780 1040 δὲ
826 985 889 1039 οὑ
947 983 1228 1047 πιστεύεις
1255 983 1374 1052 νῦν,
1400 984 1484 1037 ὅτι
1521 983 1731 1054 πένητα
1763 983 1954 1037 πιστὸν

274 1072 663 1144 παρατρέχων,
693 1069 858 1124 αὑτὸν
884 1067 1276 1140 παρατρέχεις,
1312 1067 1627 1131 πιστεύσεις
1654 1066 1800 1131 τότε,
1824 1067 1952 1121 ὅταν

275 1153 357 1216 εἰς
422 1151 587 1220 μέσον
633 1167 694 1204 σε
746 1147 1084 1221 παραγαγὼν
1153 1149 1196 1180 ¹⁹
1251 1147 1419 1220 λέγῃ,
1453 1147 1579 1218 Ἐφ’
1635 1147 1788 1202 ὅσον
1839 1149 1953 1202 οὐκ

272 1231 604 1301 ἐποιήσατε
626 1230 881 1296 τούτοις,
922 1226 1066 1282 οὐδὲ
1125 1227 1255 1297 ἐμοὶ
1287 1227 1635 1294 ἐποιήσατε.
1685 1227 1846 1282 Ἀλλά
1877 1227 1953 1300 μή

277 1314 490 1382 γένοιτο
519 1315 669 1384 ἡμᾶς
694 1313 740 1344 ³ο
765 1310 940 1374 οὑτως
958 1309 1091 1364 αὑτὸ
1125 1309 1338 1380 μαθεῖν,
1366 1309 1502 1364 ἀλλά
1551 1308 1952 1373 πιστεύσαντας

273 1395 392 1460 νῦν,
433 1395 530 1448 καὶ
551 1392 764 1464 καρπὸν
793 1392 1152 1462 ποιήσαντας,
1207 1390 1307 1460 τῆς
1336 1390 1764 1461 μακαριωτάτης
1810 1387 1952 1440 ἐκεί-

272 1491 374 1546 νης
407 1475 452 1504 ’ί
484 1471 715 1527 ἀκοῦσαι
736 1471 944 1542 φωνῆς,
981 1471 1078 1540 τῆς
1107 1471 1187 1532 είς
1220 1469 1320 1539 τὴν
1348 1467 1628 1538 βασιλείαν
1659 1469 1810 1539 ἡμᾶς
1846 1468 1954 1520 εἰσ-

275 1550 538 1622 αγούσης.
554 1549 698 1603 Ἀλλ’
724 1549 855 1613 ῐσως
879 1550 996 1620 ἐρεῖ
1018 1564 1122 1609 τιςο
1153 1547 1291 1600 Καθ’
1312 1547 1549 1616 ἑκάστην
1581 1546 1796 1616 ἡμέραν
1822 1546 1952 1618 περ).

275 1633 400 1704 ἐλεη
411 1629 648 1702 μοσύνης
661 1628 888 1700 διαλέγῃ
901 1628 995 1682 καὶ
1007 1627 1198 1696 φιλανθ
1208 1627 1416 1699 ρωπίας
1432 1629 1587 1696 ἡμῖν.
1602 1626 1739 1679 Οὑδέ
1759 1627 1803 1657 ¹²
1819 1626 1953 1678 παύ-

278 1728 441 1782 σομαι
459 1709 619 1764 τοῦτο
632 1708 828 1778 λέγων.
845 1709 912 1760 Εἰ
944 1706 1043 1777 μὲν
1063 1708 1167 1778 γὰρ
1184 1705 1516 1777 κατώρθωτο
1536 1706 1583 1737 ’³
1613 1706 1742 1775 ὑμῖν
1766 1704 1950 1772 τοῦτο,

280 1792 518 1862 μάλιστα
575 1789 674 1860 μέν
733 1787 857 1841 οὑδὲ
898 1785 1019 1840 τότε
1073 1786 1377 1855 ἀποστῆναι
1429 1786 1620 1856 ἐχρῆν,
1672 1783 1815 1837 ὥστε
1875 1783 1951 1856 μὴ

277 1869 501 1940 ποιῆσαι
550 1865 980 1940 ῥᾳθυμοτέρουςο
1015 1864 1155 1937 πλὴν
1203 1864 1318 1918 ἀλλ’
1366 1866 1414 1918 εἰ
1461 1864 1560 1934 μὲν
1598 1863 1950 1936 κατώρθωτο,

279 1951 374 2005 καὶ
404 1953 450 1982 ⁸⁵
494 1947 688 2020 μικρὸν
721 1945 962 2000 ἐνέδωκα
1008 1945 1094 2000 ἄν·
1154 1945 1201 1997 εί
1253 1944 1311 1997 δὲ
1376 1943 1496 1996 οὑδὲ
1535 1943 1616 2006 είς
1672 1942 1732 1995 τὸ
1788 1941 1954 2013 μέσον

278 2029 578 2100 ἐφθάσατε,
603 2026 681 2100 μὴ
707 2026 845 2098 πρὸς
877 2025 977 2096 ἐμὲ
1003 2022 1198 2086 ταῦτα,
1229 2023 1365 2076 ἀλλά
1394 2022 1532 2094 πρὸς
1587 2023 1817 2100 ἑαυτοὺς
1860 2020 1954 2100 λέέ

278 2099 424 2178 γετε.
479 2107 589 2160 Καὶ
650 2103 756 2176 γὰρ
806 2103 1003 2157 ταύτὸν
1035 2105 1210 2163 ποιεῖς
1259 2101 1528 2170 ἐγκαλῶν,
1562 2101 1750 2172 ῶσπερ
1796 2099 1863 2154 ἂν
1903 2099 1954 2151 εί

277 2189 490 2242 παιδίον
510 2187 570 2239 τὸ
599 2184 746 2254 ἄλφα
769 2185 1030 2251 στοιχεῖον
1063 2179 1212 2254 [829]
1247 2180 1444 2236 ἀκοῦον
1474 2181 1519 2211 ’⁸
1545 2179 1828 2245 πολλάκις,
1858 2179 1954 2231 καὶ

280 2269 356 2339 μὴ
413 2267 703 2338 μανθάνον,
757 2261 1015 2332 ἐγκαλοίη
1064 2260 1141 2332 τῷ
1199 2261 1526 2330 διδασκάλῳ,
1577 2261 1660 2314 ὅτι
1714 2259 1954 2329 συνεχῶς

277 2352 418 2422 ὑπὲρ
446 2349 638 2402 τούτου
691 2345 787 2400 καὶ
820 2341 1086 2414 διηνεκῶς
1130 2342 1262 2396 αὑτὸ
1292 2342 1337 2373 ³⁸
1388 2341 1820 2422 ὑπομιμνήσκει.
1857 2339 1954 2422 Τίς

276 2421 524 2501 γὰράπὸ
557 2427 666 2480 τῶν
709 2425 886 2493 λόγων
913 2423 1122 2476 τούτων
1146 2423 1370 2492 γέγονεν
1411 2421 1783 2492 εὑκολώτερος
1817 2421 1954 2490 πρὸς

277 2510 654 2581 ἐλεημοσύνην
674 2524 689 2571 ;
723 2505 807 2566 τίς
827 2503 898 2557 τὰ
919 2505 1024 2574 χρή
1035 2520 1181 2574 ματα
1209 2502 1430 2574 ἐρῤιψε;
1472 2501 1556 2581 τίς
1574 2502 1635 2554 τὸ
1655 2503 1829 2581 ἥμισυ
1854 2501 1954 2570 τῆς

276 2578 496 2654 οὐσίας
537 2589 620 2650 τίς
652 2587 715 2640 τὸ
742 2585 925 2654 τρίτον
948 2586 1026 2648 ³⁷;
1057 2583 1266 2646 Οὑδείς.
1304 2582 1428 2645 Πῶς
1476 2578 1570 2636 οὖν
1596 2582 1696 2634 οὑκ
1729 2580 1952 2636 ἄτοπον,

281 2671 356 2742 μὴ
391 2667 772 2740 μανθανόντων
794 2663 974 2735 ὑμῶν,
1003 2663 1152 2742 ἡμᾶς
1205 2660 1452 2714 κελεύειν
1502 2661 1810 2730 ἀποστῆναι
1857 2656 1954 2710 τοῦ

276 2737 584 2813 διδά-σκεινς
612 2743 938 2801 Τοὺναντίον
962 2742 1060 2814 μὲν
1089 2737 1182 2795 οῦν
1228 2740 1334 2793 ἔδει
1362 2743 1556 2796 ποιεῖν’
1589 2741 1635 2792 εἰ
1669 2739 1764 2793 καὶ
1791 2740 1954 2810 ἡμεῖς

277 2829 616 2900 ἐϐουλόμεθα
663 2827 986 2896 ἀποστῆναι,
1018 2822 1163 2893 ὑμᾶς
1191 2820 1452 2900 κατέχειν
1473 2820 1566 2874 καὶ
1603 2818 1810 2900 λέγειν·
1851 2819 1956 2900 Οὑ-

277 2911 426 2964 δέπω
446 2898 620 2962 ταῦτα
653 2904 1068 2976 μεμαθήκαμεν,
1088 2901 1182 2954 καὶ
1208 2899 1326 2963 πῶς
1349 2898 1625 2969 ἀπέστητε
1649 2898 1958 2969 ὑπομιμνή-

283 3005 539 3051 σκοντεςς
572 2987 641 3039 EI’
673 3002 781 3038 τινι
819 2983 1018 3052 συνέϐη
1047 2982 1137 3034 τὸν
1169 2980 1449 3050 ὀφθαλμὸν
1497 2978 1709 3040 παθεῖν,
1756 2977 1867 3046 ἐγὼ
1901 2977 1956 3029 δὲ

284 3069 469 3141 ῑατρὺς
497 3059 1012 3137 ἐτὺγχανον⁸⁸,εἶτα
1034 3060 1380 3141 περιπλάσας
1410 3059 1506 3141 καῖ
1537 3055 1954 3141 διαχρίσας,.καὶ

281 3135 388 3220 τὴν
405 3147 572 3218 ἀλλην
604 3135 970 3216 προσαγαγὼν
997 3139 1338 3211 ἐπιμέλειαν,
1367 3137 1553 3220 ,μηδὲν
1574 3136 1762 3207 ῶνησα
1788 3135 1952 3220 μέγα,

281 3217 379 3283 καὶ
406 3230 450 3260 ¹⁹
479 3226 747 3296 ἀπέστην,
769 3223 872 3277 οὑκ
897 3221 964 3276 ἂν
1002 3220 1175 3274 ἐλθὼν
1207 3221 1301 3274 ἐπὶ
1323 3219 1422 3282 τὰς
1460 3217 1555 3271 τοῦ
1589 3217 1954 3288 ἐργαστηρίου

281 3307 454 3380 θύρας
479 3304 816 3374 κατεϐόησεν
865 3301 954 3366 ἂν,
995 3298 1267 3380 ρᾳθυμίαν
1324 3297 1529 3380 πολλὴν
1551 3296 1823 3380 ἐγκαλῶν,
1875 3296 1956 3380 ὅτι

280 3376 383 3454 τῆς
430 3386 588 3439 νόσου
651 3380 921 3454 μενούσης
963 3379 1127 3442 αὑτὸς
1173 3376 1533 3450 ἀνεχώρησας
1580 3377 1672 3430 καὶ
1721 3378 1770 3430 εί
1819 3376 1957 3445 πρὸς

279 3467 454 3522 ταῦτα
480 3462 886 3534 ἐγκαλούμενος
915 3455 1088 3522 εἷπον,
1120 3459 1203 3512 ὅτι
1232 3457 1587 3518 Κατέπλασα,
1616 3458 1699 3510 ὅτι
1745 3456 1958 3534 Διέχρι-

256 3600 260 3604 ,
283 3563 376 3609 σα,
402 3531 604 3617 ἄρα’ἂν
635 3544 679 3576 ³⁸
716 3531 1008 3614 ἢνέσχετο;
1037 3537 1326 3607 Οὐδαμῶς,
1350 3536 1466 3617 ἀλλ’
1490 3535 1693 3617 εὑθέως
1720 3534 1786 3617 ἀν
1811 3531 1954 3617 εἴπεο

282 3627 396 3681 Καὶ
426 3613 479 3677 τί
507 3625 568 3678 τὸ
604 3622 819 3692 ὄφελος,
867 3621 949 3674 ὅτι
973 3618 1053 3672 ἐτι
1106 3617 1292 3686 ἀλγῶ;
1327 3615 1499 3670 Τοῦτο
1521 3617 1564 3646 ³¹
1597 3615 1689 3668 καὶ
1741 3613 1834 3666 ἐπὶ
1857 3613 1960 3682 τῆς

281 3707 461 3778 ψυχῆς
488 3705 726 3774 λογίζου.
762 3703 830 3755 Τί
859 3702 918 3755 δέ
951 3701 1018 3764 ³⁸,
1053 3700 1102 3752 εί
1147 3701 1307 3770 χεῖρα
1339 3699 1634 3778 ναρκῶσαν
1686 3695 1782 3749 καὶ
1833 3711 1960 3778 συν-

282 3772 624 3855 εσταλμένην
648 3780 911 3842 πολλάκις
953 3778 1318 3848 καταιονήσας
1354 3776 1399 3808 ³³
1428 3775 1759 3855 οὑκῌῑσχυσα
1789 3772 1960 3843 μαλά-

283 3865 409 3934 ξαι;
442 3861 552 3934 ἆρα
579 3853 679 3916 οὑκ
707 3861 774 3916 ἂν
798 3859 860 3914 τὺ
899 3856 1032 3912 αὑτὸ
1057 3857 1266 3929 ἥκουσα
1292 3873 1306 3921 ;
1353 3856 1464 3909 Καὶ
1496 3853 1594 3908 νῦν
1645 3855 1802 3924 χεῖρα
1837 3869 1961 3934 συν-

281 3931 622 4014 εσταλμένην
636 3941 732 3995 καὶ
746 3939 809 4012 ξη
819 3938 1104 4011 ρανθεῖσαν
1121 3935 1544 4007 περικλύζομεψ
1565 3933 1661 3986 καὶ
1675 3933 1764 3986 διὰ
1778 3931 1956 4014 τοῦτο,

281 4026 388 4090 ἕως
413 4013 480 4079 ἂν
510 4022 681 4094 αὑτὴν
709 4021 1042 4087 ἐκτείνωμεν
1073 4019 1120 4050 ⁸⁸
1151 4017 1357 4077 τέλεον,
1384 4017 1484 4069 οὑκ
1509 4013 1955 4094 ἀποστησάμεθα.

283 4106 411 4162 Εἴθε
443 4105 538 4158 καὶ
566 4093 725 4175 ὑμεῖς
751 4100 918 4174 μηδὲν
939 4100 1126 4170 ἕτερον
1147 4095 1475 4166 διελέγεσθε,
1515 4098 1610 4150 καὶ
1640 4099 1732 4149 ἐπὶ
1759 4093 1958 4175 οἰκίας,

284 4186 379 4239 καὶ
413 4185 506 4236 ἐπὶ
533 4173 761 4254 ἀγορᾶς,
793 4183 891 4236 καὶ
924 4181 1016 4233 ἐπὶ
1053 4177 1358 4248 τραπέζης,
1420 4176 1512 4230 καὶ
1541 4178 1599 4230 ἐν
1621 4175 1796 4237 νυκτὶ,
1860 4173 1960 4254 καὶ

282 4265 418 4335 ὄναρ
435 4263 500 4316 ³⁸.
536 4262 599 4315 Εἰ
639 4253 749 4332 γάρ
787 4258 964 4314 ταῦτα
1014 4258 1132 4328 μεθ’
1157 4257 1374 4328 ἡμέραν
1407 4254 1796 4326 ἐμεριμνῶμεν
1845 4253 1952 4314 ἀεὶ,

284 4345 381 4399 καὶ
403 4343 538 4414 όναρ
568 4341 634 4396 ἀν
652 4341 696 4373 ³⁸
725 4343 785 4394 ἐν
815 4340 1028 4402 τούτοις
1053 4335 1216 4411 ἦμεν.

351 4490 416 4544 δ’.
458 4488 524 4542 Τί
551 4487 762 4556 λέγεις;
786 4487 924 4559 Περὶ
950 4483 1326 4556 ἐλεημοσύνης
1357 4482 1447 4536 ἀεὶ
1470 4481 1790 4548 διαλέγομαι
1813 4498 1826 4546 ;
1869 4481 1958 4532 Ἐ-

284 4568 561 4639 ϐουλόμην
590 4567 686 4619 καὶ
718 4565 877 4627 αὑτὸς
904 4564 978 4636 μὴ
1004 4563 1208 4633 πολλὴν
1241 4559 1381 4616 εἷναί
1416 4579 1506 4632 μοι
1538 4559 1728 4632 χρείαν
1753 4559 1958 4630 ταύτης

285 4649 422 4719 πρὸς
444 4648 590 4717 ὑμᾶς
611 4646 709 4716 τῆς
736 4644 1069 4716 συμϐουλῆς,
1095 4643 1230 4696 ἀλλά
1247 4641 1595 4711 διαλέγεσθαι
1626 4640 1755 4711 περὶ
1779 4639 1961 4710 μάχης

284 4727 387 4797 τῆς
415 4727 552 4798 πρὸς
597 4725 882 4788 Ἰουδαίους
935 4726 1027 4778 καὶ
1061 4724 1105 4756 ⁸⁷
1138 4722 1408 4793 Ἕλληνας
1470 4721 1564 4774 καὶ
1609 4719 1957 4790 αίρετικούςο

284 4807 426 4862 ἀλλά
485 4807 714 4877 μηδέπω
763 4806 1110 4874 ὑγιαίνοντας
1140 4803 1185 4835 ³⁸
1230 4802 1350 4865 πῶς
1377 4801 1443 4856 ἄν
1467 4818 1552 4864 τις
1575 4800 1958 4863 καθοπλίσειε;

287 4888 410 4948 Πῶς
440 4884 506 4939 ἂν
533 4887 612 4948 εἰς
645 4884 954 4955 παράταξιν
989 4883 1270 4952 ἐξαγάγοι,
1293 4881 1374 4935 ἐτι
1411 4879 1704 4952 τραύματα
1737 4879 1963 4948 ἔχοντας

284 4969 376 5021 καὶ
411 4966 678 5033 ὠτειλάςς
723 4966 812 5028 Ὠς
867 4963 983 5033 είγε
1041 4965 1389 5032 ὑγιαίνοντας
1413 4961 1458 4994 ³⁸
1508 4957 1651 5014 εἶδον
1677 4960 1960 5031 καθαρῶς,

283 5048 378 5102 ἐπὶ
409 5047 509 5118 τὴν
554 5045 864 5118 παράταξιν
904 5046 1049 5116 ὑμᾶς
1081 5043 1447 5118 ἐξήγαγονοᾶν
1478 5041 1720 5114 ἐκείνην,
1760 5044 1858 5096 καὶ
1885 5041 1964 5094 εῖ-
2007 5066 2026 5074 ~

1215 383 1282 440 IN
1318 383 1740 441 ΜΑΤΤΗΑΞΠΜ
1785 385 2018 442 IIOIIIL.
2059 383 2372 440 LXXXVIII
2413 385 2483 440 aI.
2527 383 2815 440 LXXXIX.

3641 382 3744 440 780

2055 502 2178 554 δετε
2211 501 2279 556 ἂν
2301 504 2369 573 τῇ
2405 501 2502 556 τοῦ
2537 501 2778 572 Χριστοῦ
2802 501 2847 532 ⁸⁰
2882 501 3066 571 χάριτι
3114 500 3342 570 μυρίους
3379 499 3743 570 βαλλομένους

2056 581 2307 653 νεκροὺς,
2343 581 2440 634 καὶ
2483 580 2794 651 φερομένας
2850 578 3032 633 αὑτῶν
3086 577 3424 648 ἐπαλλήλους
3454 576 3554 640 τὰς
3579 592 3746 646 κεφα-

2056 659 2175 722 λάς.
2215 660 2305 712 Ἐν
2329 659 2462 729 γοῦν
2487 661 2700 731 ἑτέροις
2731 658 2962 729 βιϐλίοις
2987 658 3031 690 ⁸¹
3076 656 3262 710 πολλοὶ
3283 657 3416 726 περὶ
3445 657 3652 710 τούτων
3681 657 3744 726 ἡ-

2061 742 2155 810 μῖν
2187 738 2434 810 εἴρηνται
2460 739 2646 808 λόγοι·
2679 737 2798 791 ἀλλ’
2836 738 2962 792 οὑδὲ
2994 736 3139 791 οὕτω
3170 734 3447 806 δυνάμεθα
3484 734 3746 806 καθαρῶς

2056 819 2152 872 ἐπὶ
2179 822 2248 890 τῇ
2274 819 2402 891 νίκῃ
2434 816 2862 890 πανηγυρίζειν,
2890 818 2979 872 διὰ
3035 815 3132 888 τὴν
3170 815 3280 870 τῶν
3312 815 3528 869 πολλῶν
3551 815 3746 883 ὀλιγω-

2057 897 2201 968 ρίαν.
2247 899 2416 952 Ὅταν
2447 897 2557 970 γὰρ
2599 897 2798 961 αὑτοὺς
2852 897 3111 967 μυριάκις
3141 895 3455 965 νικήσωμεν
3484 896 3597 958 τοῖς
3622 893 3747 960 δόγ-

2057 994 2245 1047 μασιν,
2272 977 2624 1041 ὀνειδίζουσιν
2655 978 2788 1048 ήμῖν
2838 977 2930 1029 τὸν
2962 975 3075 1044 βίον
3100 975 3193 1028 τὸν
3227 974 3337 1027 τῶν
3370 972 3584 1027 πολλῶν
3629 971 3741 1025 τῶν

2055 1057 2188 1127 παρ’
2216 1057 2347 1128 ήμῖν
2379 1055 2816 1126 συλλεγομένων,
2838 1056 2909 1108 τὰ
2934 1055 3251 1125 τραύματα,
3283 1053 3352 1107 τὰ
3375 1051 3745 1124 νοσήματατά

2054 1135 2200 1189 κατά
2223 1136 2423 1208 ψυχήν.
2450 1136 2577 1201 Πῶς
2609 1131 2704 1190 οὖν
2728 1136 2876 1207 ὑμᾶς
2905 1132 3238 1205 θαρροῦντες
3257 1132 3303 1165 ⁸⁸
3333 1132 3540 1202 ἐπὶτῆς
3561 1145 3746 1208 παρα-

2053 1213 2260 1279 τάξεως
2291 1207 2560 1283 δείξομεν,
2613 1215 2745 1270 ὅταν
2792 1214 2887 1267 καὶ
2928 1214 3062 1282 ἡμῖν
3118 1210 3489 1282 ἐπηρεάζητε,
3539 1207 3744 1270 εὐθέως

2055 1291 2375 1362 βαλλόμενοι
2427 1295 2578 1362 παρά
2627 1292 2738 1345 τῶν
2786 1289 3066 1358 πολεμίων
3115 1289 3212 1340 καὶ
3274 1286 3739 1358 κωμῳδούμενοι;

2054 1371 2162 1424 Τοῦ
2193 1373 2292 1442 μὲν
2322 1371 2431 1442 γὰρ
2459 1373 2492 1444 ἡ
2520 1373 2641 1443 χεὶρ
2669 1371 2849 1439 ἀλγεῖ,
2877 1368 2975 1422 καὶ
3008 1367 3125 1420 ἐστι
3158 1367 3564 1436 συνεσταλμένη
3601 1363 3743 1444 πρὸς

2052 1450 2289 1504 διάδοσιν
2311 1450 2379 1503 ⁸³.
2416 1443 2543 1514 Πῶς
2599 1447 2694 1504 οὖν
2747 1448 2951 1503 ἀσπίδα
2988 1450 3288 1515 κατασχεῖν
3319 1448 3348 1498 ό
3375 1445 3617 1506 τοιοῦτος
3646 1443 3742 1494 καὶ

2053 1528 2428 1601 προϐαλέσθαι
2461 1531 2507 1562 ιδ
2539 1530 2850 1601 δυνήσεται,
2880 1527 2975 1581 καὶ
3007 1525 3082 1596 μὴ
3121 1524 3273 1597 I850]
3301 1524 3583 1596 τρωθῆναι
3625 1523 3739 1584 τοῖς

2051 1608 2152 1678 τῆς
2186 1608 2474 1680 ὠμότητος
2505 1609 2872 1680 σκώμμασιν;
2902 1607 3144 1676 Ἐτέροις
3161 1605 3205 1636 ⁸⁸
3237 1604 3532 1666 σκάζουσιν
3561 1603 3610 1654 οἱ
3642 1601 3737 1653 πό-

2052 1688 2163 1752 δες,
2195 1689 2310 1742 ὅσοι
2339 1691 2420 1753 είς
2448 1687 2654 1759 θέατρα
2683 1687 3064 1749 ἀναϐαίνουσι,
3101 1686 3195 1738 καὶ
3223 1684 3292 1736 τὰ
3326 1682 3435 1736 τῶν
3480 1697 3740 1751 πορνευο-

2058 1767 2234 1837 μένων
2258 1767 2532 1838 γυναικῶν
2562 1767 2910 1836 καταγώγια.
2945 1766 3071 1829 Πῶς
3100 1763 3193 1818 οὖν
3230 1759 3377 1818 οὗτοι
3403 1763 3462 1814 ἐν
3492 1763 3558 1832 τῇ
3589 1761 3736 1830 μάχῃ

2053 1839 2371 1918 δῦνήσονται
2403 1847 2612 1918 στῆναι,
2646 1849 2740 1901 καὶ
2770 1847 2846 1917 μὴ
2889 1845 3153 1917 βληθῆναι
3177 1846 3290 1906 τοῖς
3323 1843 3421 1912 τῆς
3448 1840 3738 1909 ἀσελγείας

2056 1927 2398 1998 ἐγκλήμασιν
2421 1945 2436 1994 ;
2475 1926 2669 1990 Ἀλλος
2693 1928 2819 1990 τοὺς
2840 1926 3154 1996 ὀφθαλμοὺς
3176 1923 3335 1986 ἀλγεῖ
3352 1923 3447 1974 καὶ
3473 1923 3738 1990 πεπήρω-

2053 2024 2145 2061 ται
2176 2009 2276 2061 οὑκ
2301 2006 2438 2078 ὀρθά
2477 2006 2712 2076 βλέπων,
2743 2006 2880 2061 ἀλλά
2922 2004 3215 2074 ἀσελγείας
3269 2002 3480 2072 γέμων,
3517 2000 3611 2053 καὶ
3640 2015 3738 2064 γυ-

2054 2085 2257 2140 ναικῶν
2287 2086 2614 2160 σωφροσύνῃ
2645 2086 3022 2158 προσϐάλλων,
3054 2085 3148 2139 καὶ
3177 2083 3394 2154 γάμους
3418 2079 3734 2151 διορύττων.

2055 2166 2178 2229 Πῶς
2198 2167 2244 2198 ⁸⁸
2277 2163 2371 2220 οὖν
2406 2163 2560 2231 οὗτος
2587 2159 2728 2238 πρὸς
2755 2167 2884 2230 τοὺς
2907 2165 3202 2236 πολεμίους
3234 2160 3555 2231 ἀντιϐλέψαι
3576 2159 3738 2228 δυνή-

2058 2262 2231 2311 σεται,
2256 2247 2350 2299 καὶ
2406 2249 2585 2299 σεῖσαι
2636 2245 2785 2317 δόρυ,
2844 2245 2942 2297 καὶ
2991 2244 3146 2316 βέλος
3195 2245 3436 2312 ἀφεῖναι,
3466 2239 3736 2294 πάντοθεν

2056 2324 2415 2395 κεντούμενος
2451 2324 2822 2396 σκὼμμασιν;
2871 2324 3062 2378 Ἔστιν
3095 2325 3224 2377 ἰδεῖν
3249 2323 3347 2376 καὶ
3371 2319 3618 2390 γαστέρα
3644 2317 3739 2371 ἀλ-

2054 2404 2287 2472 γοῦντας
2308 2405 2536 2468 πολλοὺς
2569 2407 2678 2457 τῶν
2708 2403 3048 2474 ὑδεριώντων
3073 2404 3116 2434 ⁸⁷
3160 2403 3260 2456 οὑκ
3312 2400 3556 2460 ἔλαττον,
3607 2397 3737 2474 ὅταν

2057 2471 2163 2538 ὑπὸ
2214 2484 2660 2556 γαστριμαργίας
2699 2471 2815 2537 καὶ⁷
2847 2476 3019 2554 μέθης
3075 2482 3434 2552 κατέχωνται.
3461 2478 3588 2540 Πῶς
3642 2471 3738 2530 οὖν

2055 2565 2284 2627 τούτους
2317 2564 2616 2635 μεθύοντας
2661 2565 2742 2628 εὶς
2785 2563 3022 2634 πόλεμον
3059 2563 3352 2630 ἐξαγαγεῖν
3396 2560 3736 2635 δυνήσομαις

2067 2644 2294 2716 Ἐτέρου
2321 2634 2393 2695 τὸ
2428 2644 2602 2713 στόμα
2637 2644 2755 2696 ἐστὶ
2786 2646 3049 2714 σετηπός·
3085 2640 3321 2694 τοιοῦτοι
3348 2639 3459 2716 γάρ
3485 2641 3534 2689 οἱ
3570 2634 3740 2706 ἀκρό-

2058 2723 2202 2794 χολοι
2232 2723 2328 2776 καλ⁵
2355 2723 2581 2793 λοίδοροι
2609 2725 2702 2776 καὶ
2725 2723 3063 2794 βλάσφημοι.
3087 2721 3213 2784 Πῶς
3236 2717 3329 2773 οῦν
3350 2715 3505 2781 οὗτος
3537 2716 3739 2770 ἀλαλά-

2058 2805 2142 2870 ξει
2177 2801 2307 2854 ποτὲ
2345 2803 2404 2854 ἐν
2436 2803 2606 2874 μάχῃ.
2637 2804 2733 2855 καὶ
2765 2803 2908 2872 μέγα
2939 2819 2992 2853 τι
3019 2803 3113 2854 καὶ
3139 2803 3386 2870 γενναῖον
3417 2799 3736 2869 ἐργάσεται,

2062 2883 2234 2952 μέθην
2272 2881 2367 2934 καὶ
2396 2878 2551 2944 οὗτος
2575 2881 2621 2912 ⁵⁸
2654 2882 2846 2952 ἐτέραν
2879 2880 3116 2951 μεθύων,
3149 2881 3244 2934 καὶ
3269 2880 3437 2932 πολὺν
3477 2877 3738 2949 παρέχων

2058 2964 2169 3024 τοῖς
2207 2960 2488 3032 πολεμίοις
2515 2961 2609 3014 τὸν
2646 2961 2894 3028 γέλωτα;
2925 2963 3026 3014 Δια
3052 2961 3211 3014 τοῦτο
3243 2960 3366 3013 καθ’
3393 2960 3632 3028 ἑκάστην
3676 2960 3738 3029 ἡ·

2066 3040 2239 3110 μέραν
2295 3040 2540 3111 περίειμι
2601 3040 2754 3093 τουτὶ
2790 3041 2850 3093 τὸ
2912 3040 3294 3112 στρατόπεδον,
3348 3040 3419 3092 τὰ
3447 3039 3738 3110 τραύματα

2063 3119 2381 3191 θεραπεύων
2423 3121 2621 3186 ταῦτα,
2654 3119 2723 3173 τά
2750 3119 2881 3190 ἕλκη
2914 3119 3316 3190 διορθούμενος.
3333 3117 3462 3172 Ἐἀν
3497 3119 3556 3172 δὲ
3609 3118 3738 3170 ἀνα-

2063 3200 2269 3272 νήψητέ
2292 3217 2446 3260 ποτε,
2474 3199 2569 3254 καὶ
2612 3199 2906 3271 ἐπιτήδειοι
2957 3199 3188 3270 γένησθε
3220 3200 3316 3253 καὶ
3355 3199 3578 3270 ἐτέρους
3605 3197 3734 3268 βάλ-

2062 3281 2196 3347 λειν,
2226 3283 2321 3336 καὶ
2347 3281 2523 3336 ταῦτα
2551 3281 2697 3353 ὑμᾶς
2715 3280 2912 3346 διδάξω
2943 3281 3012 3334 τὰ
3042 3278 3300 3342 τακτικά,
3329 3279 3425 3332 καὶ
3464 3278 3740 3332 παιδεύσω

2060 3360 2233 3415 ταῦτα
2259 3359 2734 3432 μεταχειρίζεσθαι
2755 3359 2824 3414 τά
2851 3359 3012 3413 ὅπλα·
3044 3359 3245 3430 μᾶλλον
3270 3359 3326 3412 δὲ
3350 3358 3447 3411 καὶ
3478 3359 3617 3411 αὑτὰ
3642 3359 3734 3429 ἕρ-

2061 3458 2134 3510 γα
2162 3443 2292 3511 ὑμῖν
2321 3442 2461 3496 ὅπλα
2506 3441 2680 3506 ἔσται,
2733 3443 2830 3495 καὶ
2881 3440 3081 3503 πάντες
3113 3440 3315 3504 εὑθέως
3342 3439 3736 3509 ὑποκύψουσιν,

2062 3521 2129 3572 ἂν
2158 3521 2473 3592 ἐλεήμονες,
2506 3522 2572 3575 ἂν
2595 3524 2884 3584 ἐπιεικεῖς,
2937 3520 3002 3574 ἂν
3033 3521 3232 3592 ἣμεροι
3294 3520 3391 3574 καὶ
3424 3521 3738 3584 ἀνεξίκακοι

2061 3599 2314 3673 γένησθε,
2351 3601 2418 3656 ἂν
2449 3603 2548 3673 τὴν
2577 3603 2744 3673 ἀλλην
2788 3601 2990 3673 ἀρετὴν
3024 3601 3242 3655 ἃπασαν
3270 3599 3632 3670 ἐπιδείξησθε.
3672 3600 3735 3650 ΕΖ

2060 3681 2118 3734 δέ
2141 3698 2286 3745 τινες
2315 3681 2670 3751 ἀντιλέγοιεν,
2700 3682 2821 3734 τότε
2857 3685 2952 3735 καὶ
2977 3683 3046 3736 τά
3072 3683 3203 3752 παρ’
3235 3681 3445 3734 ἐαυτῶν
3489 3681 3737 3751 προσθή-

2063 3777 2249 3831 σομεν,
2279 3762 2422 3832 ὑμᾶς
2457 3765 2538 3826 είς
2577 3763 2740 3833 μέσον
2773 3763 3052 3833 φέροντες·
3083 3761 3160 3825 ὡς
3192 3760 3287 3814 νῦν
3318 3777 3382 3828 γε
3424 3761 3519 3813 καὶ
3574 3762 3738 3826 ἐγκο-

2061 3840 2328 3911 πτόμεθα,
2371 3842 2434 3894 τό
2484 3859 2549 3911 γε
2592 3843 2859 3915 ὑμέτερον
2891 3844 3078 3914 μέρος,
3113 3844 3170 3894 ἐν
3208 3840 3284 3910 τῷ
3317 3840 3502 3911 δρόμῳ
3541 3839 3735 3910 τούτῳ.

2062 3921 2261 3974 Σκόπει
2281 3920 2359 3974 δέ.
2388 3921 2634 3994 Λέγομεν
2657 3923 2740 3976 ὃτι
2773 3922 3292 3994 μεγάλαεὶργάσατο
3309 3922 3336 3972 ὁ
3358 3919 3616 3988 Χριστὸς,
3639 3921 3740 3987 ἀγ-

2061 4001 2252 4068 γέλους
2273 4003 2394 4056 ἀντὶ
2426 4002 2731 4076 ἀνθρώπων
2752 4005 3005 4074 ποιήσαςο
3049 3997 3168 4054 εἶτα
3211 3999 3606 4070 ἀπαιτούμενοι
3650 4001 3740 4050 εὑ-

2063 4080 2249 4146 θύνας,
2273 4083 2366 4136 καὶ
2397 4083 2741 4154 κελευόμενοι
2771 4085 2836 4137 ἐκ
2860 4084 2961 4152 τῆς
2983 4083 3184 4153 ἀγέλης
3205 4081 3410 4152 ταύτης
3435 4083 3740 4152 παρασχεῖν

2062 4161 2162 4230 τὴν
2191 4161 2487 4227 ἀπόδειξιν,
2518 4163 3006 4236 ἐπιστομιζόμεθα.
3055 4164 3283 4218 Δέδοικα
3317 4162 3446 4235 γάρ,
3488 4163 3565 4234 μὴ
3617 4164 3739 4216 ἀντὶ

2062 4239 2333 4307 ἀγγέλων,
2364 4240 2554 4313 ὥσπερ
2587 4243 2696 4296 ἀπὸ
2749 4241 3028 4311 συφεῶνος
3085 4243 3302 4314 χοίρους
3331 4243 3608 4311 ἐξαγάγω,
3645 4245 3741 4296 καὶ

2064 4320 2270 4384 ἵππους
2292 4321 2647 4394 θηλυμανεῖς.
2680 4319 2810 4377 Οἶδα
2833 4325 2916 4376 ὃτι
2945 4324 3185 4391 ἀλγεῖτε,
3217 4324 3329 4378 ἀλλ’
3355 4326 3415 4377 οὑ
3436 4323 3577 4377 κατὰ
3603 4323 3742 4376 πάν-

2061 4417 2170 4456 των
2199 4401 2353 4473 ὑμῶν
2404 4401 2576 4455 ταῦτα
2632 4404 2869 4474 εἴρηται,
2938 4403 3075 4458 ἀλλὰ
3133 4405 3274 4458 κατὰ
3337 4403 3445 4458 τῶν
3502 4401 3741 4456 ὑπευθύ-

2062 4499 2186 4535 νων’
2226 4481 2427 4552 μᾶλλον
2454 4482 2510 4535 δέ
2547 4482 2667 4536 οὑδέ
2697 4485 2816 4537 κατ’
2847 4483 3096 4547 ἐκείνων,
3153 4485 3248 4537 ἐάν
3293 4485 3559 4556 νήφωσιν,
3623 4482 3738 4536 ἀλλ’

2063 4563 2204 4633 ὑπὲρ
2229 4563 2476 4617 ἐκείνων.
2509 4564 2600 4626 Ὠς
2628 4563 2723 4617 νῦν
2751 4581 2814 4632 γε
2846 4565 3026 4618 πάντα
3055 4564 3303 4617 ἀπόλωλε
3350 4564 3446 4616 καὶ
3477 4562 3740 4635 διέφθαρ-

2059 4658 2170 4695 ται·
2209 4644 2302 4696 καὶ
2335 4644 2371 4714 ἡ
2400 4643 2664 4714 ἐκκλησία
2713 4643 3028 4714 βοοστασίου
3077 4644 3230 4696 οὐδὲν
3286 4642 3584 4713 διενήνοχε,
3647 4645 3742 4696 καὶ

2059 4721 2340 4785 ἐπαύλεως
2352 4721 2488 4777 ὄνων
2521 4725 2615 4776 καὶ
2643 4723 2930 4794 καμήλων·
2958 4723 3052 4776 καὶ
3075 4722 3438 4793 περιέρχομαι
3467 4721 3740 4792 πρόϐατον

2061 4800 2356 4874 ἐπιζητῶν,
2391 4804 2487 4857 καὶ
2546 4804 2608 4856 οὑ
2658 4803 2892 4873 δύναμαι
2945 4804 3094 4856 ἰδεῖν.
3133 4801 3294 4858 Οὑτω
3324 4802 3524 4865 πάντες
3550 4801 3739 4854 λακτί-

2057 4879 2232 4946 ζουσι,
2265 4882 2516 4953 καθάπερ
2559 4883 2718 4936 ἵπποι
2760 4884 2852 4936 καὶ
2900 4881 3011 4936 δνοι
3056 4881 3203 4944 τινὲς
3252 4880 3456 4952 ἄγριοι,
3523 4881 3618 4934 καὶ
3650 4879 3742 4933 κό-

2063 4978 2203 5032 πρου
2233 4961 2435 5034 πολλῆς
2452 4961 2522 5016 τά
2550 4961 2786 5017 ἐνταῦθα
2823 4960 3116 5032 πληροῦσι*
3150 4959 3399 5015 τοιαῦται
3429 4959 3536 5031 γὰρ
3559 4955 3743 5014 αὑτῶν

2062 5045 2118 5097 αἱ
2153 5043 2437 5109 διαλέξεις.
2480 5043 2592 5098 Καὶ
2624 5043 2738 5114 εῐγε
2772 5039 2840 5098 ἴαν
2871 5043 2998 5097 ίδεῖν
3053 5043 3120 5097 τὰ
3139 5042 3262 5098 καθ’
3306 5041 3547 5112 ἑκάστην
3617 5041 3741 5094 σύν-

356 5182 401 5214 ¹⁶
422 5181 501 5253 τῷ
517 5178 732 5252 τούτου]
751 5179 842 5235 Sic
867 5178 934 5235 II.
956 5179 1018 5233 L.
1041 5179 1112 5234 M.
1129 5188 1184 5234 et
1204 5178 1302 5234 Int.
1332 5178 1513 5253 (πειθτί
1536 5179 1709 5253 τούτῳ
1732 5176 1829 5249 τῷ.
1881 5179 1960 5253 J"

2060 5192 2167 5233 lus.
2221 5178 2364 5253 Ἀλλ’
2381 5176 2610 5253 αἰσχύνῃ
2639 5182 2939 5253 προσαιτεῇ
2963 5194 3083 5253 qua:
3099 5179 3151 5232 in
3169 5177 3583 5253 omnibgsﬁdd.
3603 5177 3744 5253 degi-

284 5234 760 5317 deralh'r,_511mmJo
776 5234 1050 5319 cdnsénsﬁu
1079 5258 1304 5305 tuentur
1317 5234 1534 5305 abdices
1549 5259 1600 5304 et
1629 5234 1833 5319 Ιιίιςιτί).
1876 5248 1920 5281 ³⁸
1939 5266 1970 5319 μ

2060 5254 2139 5301 λον
2167 5265 2276 5304 om.
2306 5248 2370 5302 Κ.
2393 5234 2697 5319 Ιδηίίἀλλον]
2714 5245 2807 5303 οῦν
2835 5234 3139 5305 Εόό.’ὄταν
3168 5290 3180 5303 .
3215 5289 3230 5304 .

284 5266 528 5317 deralur,
546 5267 760 5306 summo
776 5266 1050 5305 consensu
1079 5266 1534 5305 menturnomces
1549 5266 1600 5304 el
1629 5266 1833 5318 muerp.
1877 5266 1920 5281 ιο
1939 5266 2139 5319 μαΑΑον
2167 5266 2276 5304 om.
2306 5266 2370 5302 ιι.
2393 5266 2452 5302 ιλ.
2517 5266 2572 5302 αλ

281 5324 386 5387 δως
404 5323 468 5376 II.
493 5324 562 5378 M.
605 5323 652 5354 ιθ
666 5318 1166 5445 παραγαγὼνὲθᾱᾱ.
1197 5319 1402 5374 τούτων
1426 5319 1488 5373 L.
1504 5318 1867 5390 τούτοις]”τοῖς
1897 5319 2202 5389 ἐλαχίστοις
2214 5319 2425 5382 τούτοις
2531 5318 2572 5372 Η

286 5393 356 5445 Μ.
375 5411 426 5445 n.
445 5410 500 5445 ι).
519 5394 663 5445 ὑμᾶς
693 5391 756 5445 λ.
777 5391 839 5445 L.
872 5394 917 5423 "
933 5393 1006 5445 Οὑ
1041 5389 1228 5445 ἐῖαιιὰ.
1247 5390 1357 5445 γὰρ
1373 5388 1438 5443 G.
1469 5389 1534 5443 II.
1564 5389 1633 5445 Μ.
1665 5390 1712 5422 ’³
1733 5389 2095 5445 κατώρθωται
2123 5390 2188 5445 G.
2208 5389 2272 5444 H.
2297 5389 2366 5443 Μ.
2393 5390 2487 5444 sed
2508 5406 2559 5445 ι).

1041 5388 1438 5512 ἐ]ιιιιὰ.γάἰϐ.
1469 5389 1534 5443 II.
1564 5389 1633 5472 Μ.
1665 5388 1970 5474 Τκατώρθι

1041 5462 1196 5515 θάνον
1231 5459 1292 5514 Η.
1378 5502 1392 5515 .
1415 5470 1596 5515 canem
1629 5461 1844 5514 ἀκουων
1869 5471 1926 5516 et
1954 5477 1970 5529 ι.

2060 5408 2095 5442 ιι
2123 5390 2188 5446 G.
2208 5389 2272 5444 H.
2297 5389 2366 5443 Μ.
2393 5390 2487 5444 sed
2548 5405 2634 5459 .p.
2659 5388 2831 5444 xaro'f
2850 5391 2988 5444 θωτο
3008 5405 3217 5446 omnes.
3248 5388 3426 5464 "5:11)
3445 5391 3548 5444 κᾶν
3573 5389 3635 5444 II.
3663 5389 3735 5445 Μ.

2064 5461 2262 5516 θάνων.
2338 5461 2384 5492 ’⁸
2408 5406 2686 5529 αὖτε-λεία
2708 5461 2771 5516 Κ.
2903 5461 2974 5516 Μ.
3008 5465 3170 5529 vulgo
3194 5461 3361 5529 αὐτῷ.
3458 5462 3501 5494 ³⁷
3531 5459 3735 5529 τρίτονῙ

286 5393 356 5447 Μ.
375 5411 426 5464 p.
445 5410 500 5464 p.
519 5394 663 5464 ὑμᾶς
693 5391 761 5446 Κ.
777 5391 839 5446 L.
872 5394 917 5423 "
933 5391 1078 5464 Οὑδέί

284 5459 637 5518 πάκοῦονῖἰ.
669 5473 806 5532 etp.
841 5477 893 5532 p.
929 5459 1196 5532 μανθάνον
1231 5459 1292 5532 II.

281 5535 660 5604 add.5zévstp.e
688 5531 822 5588 Edd.
860 5531 1401 5604 Infrqﬁfioplojpgﬂq

284 5605 442 5689 [Adda
463 5622 520 5676 p.
550 5599 607 5675 ι).
635 5604 702 5658 ἂν
739 5601 956 5686 οιιικϐ.
992 5601 1058 5689 K:
1115 5602 1177 5689 "I
1209 5599 1649 5689 Τοῦτολαάᾱὸδῂ
1749 5599 1970 5689 υίξιιξγολ

2060 5603 2192 5689 Ερᾱ.

1733 5525 2047 5611 έτῷγκαθιν]
2060 5532 2204 5611 3213*-
2231 5529 2407 5611 (“92-6.-
2432 5525 2609 5611 ΨΜ.
2683 5531 2848 5611 "3wL1

3267 5293 3280 5306 -
3322 5249 3740 5322 600601.345!-

2581 5317 2695 5374 ,ΜΣ
2720 5319 2765 5352 ²⁰
2783 5321 2928 5392 ὑμᾶς
2950 5319 3013 5374 L.
3053 5321 3096 5352 ²¹
3134 5317 3472 5392 ἐκείνηςὸῃὶ.

2558 5449 2686 5522 Υδίο
2708 5461 2771 5516 ιι.

2854 5503 2866 5533 τ
2903 5461 2978 5533 Μ.
3008 5465 3170 5533 vulgo
3194 5461 3361 5533 αὐτῷ.
3408 5459 3428 5533 ί
3458 5462 3501 5494 ³⁷
3525 5459 3738 5533 ,τρίτονῙ

2905 5532 3039 5586 ἀλλὰ
3066 5532 3161 5586 καὶ
3191 5533 3252 5586 L.
3316 5531 3375 5564 ’³ο
3407 5532 3474 5586 ἂν
3501 5532 3655 5586 deest
3681 5531 3737 5586 in

2293 5548 2308 5582 ι
2341 5532 2407 5585 G.
2437 5532 2500 5583 Η.
2533 5532 2604 5584 Μ.
2683 5532 2728 5562 ²⁹
2754 5532 2848 5584 καὶ
2905 5532 3039 5586 ἀλλὰ
3066 5532 3161 5586 καὶ
3191 5533 3252 5586 L.
3317 5532 3375 5564 ⁷³⁰
3407 5532 3474 5586 ἂν
3501 5532 3655 5586 deest
3681 5532 3736 5586 in

2293 5602 2338 5633 ³¹
2365 5600 2455 5674 δα)
2587 5600 2646 5654 L.
2681 5532 2870 5674 χεῖραὲ
2891 5603 3017 5658 add.
3055 5603 3321 5656 νοσοῦσαν
3357 5602 3492 5657 Ιίὁό.
3533 5601 3736 5674 Deinde.

279 5668 681 5745 ἀλγούᾶανἰ)ι·ο
705 5674 997 5745 ναρκῶσαν
1045 5673 1340 5728 habentG.
1381 5668 1447 5726 K.
1525 5668 1710 5726 "Via.
1755 5668 1941 5727 adnot.

279 5745 406 5796 add.
436 5743 848 5796 περιοδεύοντες
882 5744 1045 5796 idem.
1089 5743 1268 5796 Hunc.
1301 5743 1473 5796 invito
1501 5742 1820 5796 lntcrnrele.
1847 5759 1970 5796 sccu

2060 5668 2450 5743 ’ἐκτείνωμενι
2504 5668 2712 5756 ῐδωμεν
2755 5668 3142 5796 ἐκτεινομένην
3181 5675 3242 5728 ι..
3281 5671 3732 5744 ἀποστησόμεθαξ

2060 5753 2176 5796 sunt
2202 5743 2339 5796 Edd.
2417 5743 2462 5774 ³⁸
2491 5760 2584 5796 και
2603 5741 2759 5796 οναοΙ
2789 5743 2883 5796 καὶ
2904 5745 2964 5796 ἐν
2995 5747 3076 5796 ήυ.
3112 5760 3182 5796 οα
3207 5744 3276 5796 Μ.
3319 5747 3414 5796 καὶ
3457 5745 3576 5796 κατ’
3603 5744 3732 5796 Evam

278 5741 406 5800 add.
436 5741 848 5818 περιοδεύοντες
882 5744 1045 5798 idem.
1089 5743 1268 5800 Hunc.
1301 5743 1473 5798 invito
1501 5742 1820 5811 lntcrprele,
1847 5759 1970 5798 sccu

279 5816 363 5866 bis
405 5815 542 5866 Edd.
617 5816 663 5846 “
695 5814 762 5866 ἂν
787 5831 900 5866 om.
925 5815 989 5866 G.
1026 5813 1092 5866 II.
1135 5814 1208 5866 Κ..
1230 5815 1298 5866 Μ.
1377 5815 1421 5844 ³⁷
1449 5813 1566 5866 καὶῖ
1607 5813 1706 5866 τῆς
1745 5813 1879 5866 πρὸς
1903 5813 1970 5866 Ed

2060 5753 2176 5798 sunt
2202 5741 2339 5828 Edfl.
2417 5743 2462 5774 ³⁸
2491 5743 2584 5796 καὶ
2603 5741 2883 5866 ὅναρὰκαὶ
2904 5741 3186 5828 ἐν’ήμέρα
3207 5744 3276 5798 Μ.
3319 5747 3414 5798 καὶ
3457 5741 3576 5798 κατ’
3603 5741 3734 5814 ὄναρ

2114 5815 2158 5845 ³⁸
2181 5814 2508 5866 ὑγιαναθτας
2534 5814 2601 5866 G.
2638 5812 2702 5866 Η.
2787 5855 2798 5866 .
2832 5813 2904 5866 Μ.
2980 5814 3024 5848 ³²
3066 5815 3396 5866 ύγιαναντας
3426 5815 3491 5866 (ἱ.
3529 5815 3734 5866 ἐξήγα-

279 5816 363 5870 bis
405 5812 542 5870 ΕΜ.
617 5816 663 5846 η
695 5814 762 5870 ἂν
787 5831 900 5870 om.
925 5815 989 5869 (ς.
1026 5813 1092 5885 II.
1135 5814 1298 5869 ΚΜ.
1377 5815 1421 5885 =7
1449 5813 1566 5885 καη
1607 5813 1715 5885 τῆς.
1745 5813 1879 5885 πρὸς
1903 5813 1970 5866 Ed

2181 5813 2377 5885 ὑγιάνα
2390 5831 2508 5876 »τας
2534 5814 2601 5869 G.
2638 5812 2702 5885 ῌ.

277 5903 376 5958 γον
407 5885 498 5958 ἂν]
525 5887 616 5942 Sic
733 5887 786 5940 in
820 5886 1032 5958 cicleris
1050 5884 1116 5958 ἂν
1138 5886 1326 5958 degst.
1375 5883 1434 5958 _"_°
1455 5882 1882 5958 ΧριστοῦΙῌ-Θεοῦ

2060 5925 2068 5937 .
2112 5883 2184 5958 K_._
2200 5883 2273 5936 Μ.
2349 5885 2650 5958 ξξβιολιοις

373 5972 440 6028 ip.
470 5954 523 6024 ᾖ.
558 5955 822 6028 δείξωμεν
847 5956 980 6012 Edd.
1002 6026 1018 6028 _
1057 5956 1102 5988 ⁸³
1138 5954 1540 6028 πρὸς-διάδοσιν
1574 5972 1683 6028 om.
1712 5955 1782 6028 K._
1822 5954 2045 6028 ΙληΜοις.

2787 5855 2798 5866 .
2832 5813 2904 5867 Μ.
2980 5813 3396 5880 πύγιάναντας
3426 5815 3491 5868 (ἱ.
3529 5813 3735 5884 ἐξήγαὲ

2655 5882 2911 6007 λπολλοῖς
2944 5885 3127 5939 iidem.
3207 5882 3628 6007 δηθάξροῦντας
3665 5885 3734 5938 G.

2687 5955 2729 6007 I.
2807 5955 2850 5986 ⁸⁵
2891 5956 3124 6007 Ἐτέοων
3165 5955 3228 6007 G.
3259 5956 3324 6007 II.
3389 5958 3428 6007 I.
3465 5954 3566 6007 eid
3599 5955 3734 6007 πολε

2152 5954 2203 6026 “7
2218 5955 2628 6026 προϐάλλεσθαι
2660 5954 2729 6026 Μ.
2807 5955 2850 5986 ⁸³
2891 5956 3124 6026 Ἑτέρων
3165 5955 3228 6010 G.
3259 5956 3324 6010 II.
3361 5954 3428 6010 Μ.
3465 5954 3566 6022 eid
3598 5955 3736 6026 προς

277 6027 342 6082 G.
369 6023 433 6083 II.
468 6029 531 6084 K.
557 6028 627 6084 Μ.
662 6023 824 6082 δθοῦν
857 6043 965 6084 om.
1001 6026 1062 6082 L.
1097 6023 1294 6098 σεῖσαι]
1327 6026 1546 6098 κινῆσαι
1577 6027 1739 6083 idem.
1775 6026 1817 6058 ‘7
1848 6027 1970 6099 ὑδερ

2063 6044 2166 6080 των
2190 6025 2255 6080 Κ.
2272 6023 2596 6099 ’ὑδριώντων
2626 6025 2696 6081 Μ.
2721 6023 3054 6098 ὑδερούντων
3085 6025 3148 6082 L.
3174 6027 3309 6084 Mor.
3346 6027 3391 6061 ⁸³
3415 6028 3573 6088 αὐτὸς
3597 6025 3730 6080 ΕΑΔ.
