4104 6380
442 341 541 397 783

437 469 529 508 sus
557 466 711 525 reges
739 464 795 512 et
834 455 1104 526 principes
1130 464 1185 509 et
1233 455 1456 526 populos
1480 462 1662 522 stare,
1705 456 1794 511 ubi
1826 455 1984 527 gladii
2009 499 2023 520 ,

439 546 773 615 sartagines,
814 547 1091 611 fornaccs,
1124 557 1178 600 et
1206 546 1351 600 mille
1377 546 1614 616 quotidie
1657 556 1893 613 mortes,
1929 549 2029 602 nisi

435 637 552 703 ejus
581 637 670 707 qui
699 647 1074 694 resurrexerat
1098 640 1292 694 virtute
1307 647 1362 694 et
1380 640 1546 709 gratia
1571 640 1740 709 adjuti
1761 640 2029 695 fuissent?

435 725 584 783 Talia
619 737 883 799 tantaque.
908 731 1057 800 signa
1089 730 1226 785 facta
1252 729 1463 786 fuerant
1487 773 1502 797 ,
1531 739 1587 786 et
1611 732 1814 787 nullum
1840 747 2027 787 eorum

432 816 601 872 Judaei
630 828 753 873 sunt
772 821 991 876 reveriti
1024 864 1039 889 ,
1072 822 1166 877 sed
1192 823 1342 877 illum
1377 822 1760 879 crucifixerunt
1796 844 1809 879 :
1843 834 1897 879 et
1926 825 2027 881 illis

434 910 884 966 resurrectionem
903 912 1217 982 simpliciter
1229 914 1568 969 narrantibus
1580 915 1745 971 credit
1756 917 1833 971 uri
1848 918 2027 971 erant?

431 998 545 1054 Non
576 1001 645 1055 ita
674 1015 735 1057 se
763 1017 849 1057 res
877 1003 1069 1069 habet,
1102 1020 1207 1060 non
1235 1006 1337 1073 ita,
1368 994 1463 1062 sed
1492 1007 1641 1077 ejus,
1669 1008 1757 1079 qui
1785 1023 2025 1065 resurre-

432 1092 531 1157 xit,
565 1094 734 1149 virtus
759 1093 874 1149 haec
903 1105 1120 1165 operata
1143 1106 1245 1151 est.

496 1184 551 1238 2.
582 1184 859 1252 Perpende
882 1195 1059 1241 autem
1087 1186 1217 1241 mihi
1249 1187 1465 1243 illorum
1492 1188 1757 1244 vafritiem
1785 1189 2021 1260 perridi-

426 1278 622 1331 culam.
668 1274 943 1332 Recordali
978 1296 1172 1346 sumus,
1209 1280 1473 1351 inquiunt,
1502 1282 1911 1352 quod‘seductor
1935 1285 2022 1339 ille

424 1369 596 1422 adhuc
622 1369 788 1425 vivens
811 1372 960 1437 dixit,
997 1369 1124 1425 Post
1155 1382 1251 1427 tres
1281 1373 1389 1427 dies
1420 1390 1701 1445 resurgam.
1732 1376 1797 1429 At
1841 1379 1884 1430 si
1914 1376 2019 1430 itn-

427 1470 613 1529 postor
641 1469 793 1529 erat,
839 1471 893 1517 et
941 1463 1215 1519 mendacia
1264 1465 1524 1535 iactabat,
1576 1468 1700 1536 quid
1742 1470 1939 1523 timetis
1966 1478 2020 1524 et

424 1555 865 1621 circumcurritis,
916 1564 1167 1625 tantoque
1210 1557 1386 1613 studio
1435 1559 1685 1614 utimini?
1724 1560 2015 1628 Timemus,

426 1644 693 1716 inquiunt,
738 1660 807 1700 ne
834 1645 1079 1716 discipuli
1110 1647 1352 1703 furentur
1381 1666 1521 1715 eum,
1556 1659 1611 1706 et
1634 1651 1844 1721 plebem
1872 1652 2019 1707 deci-

424 1738 591 1806 piant.
626 1738 782 1807 Atqui
813 1738 1238 1794 demonstratum
1267 1751 1368 1808 est,
1400 1741 1498 1796 hoc
1528 1758 1633 1796 non
1661 1745 1851 1798 rationi
1881 1760 2013 1799 con-

422 1839 741 1883 sentaneum
789 1844 944 1894 esse;
986 1838 1221 1885 attamen
1268 1833 1536 1901 nequitia.
1586 1836 1917 1890 contentiosa
1963 1846 2017 1891 et

421 1919 721 1989 impudens,
752 1921 1137 1976 irrationabilia
1166 1938 1374 1993 quoque
1411 1926 1734 1994 aggreditur.
1781 1928 1860 1981 Ad
1907 1936 2016 1983 tres

423 2027 591 2082 usque
621 2013 732 2067 dies
749 2013 939 2082 jubent
958 2016 1150 2069 muniri
1172 2017 1495 2087 sepulcrum,
1515 2019 1663 2087 quasi
1687 2035 1781 2089 pro
1798 2019 2017 2090 dogma-

422 2105 565 2159 tibus
598 2116 910 2175 pugnantes,
939 2118 997 2163 nt
1022 2109 1307 2178 probarent
1347 2112 1485 2167 hunc
1505 2113 1733 2169 antehac
1757 2114 2009 2185 decepto-

424 2210 537 2249 rem
571 2196 754 2260 fuisse,
785 2206 839 2252 et
868 2215 1037 2269 usque
1087 2200 1152 2254 ad
1202 2202 1501 2271 sepulcrum
1546 2206 1801 2259 malitiam
1828 2216 2014 2261 exten-

420 2286 574 2341 dunt.
608 2288 729 2343 Ideo
756 2289 864 2343 cito
893 2292 1144 2355 surrexit,
1184 2308 1253 2347 ne
1287 2292 1545 2358 dicerent,
1594 2296 1767 2366 ipsum
1817 2299 2011 2353 menti-

421 2389 531 2433 tum
562 2390 617 2435 et
649 2396 841 2451 corpus
881 2382 1149 2438 sublatum
1201 2383 1386 2440 fuisse.
1436 2385 1568 2440 illud
1612 2388 1755 2442 enim
1799 2390 2008 2443 crimini

422 2487 527 2525 non
555 2482 669 2526 erat
696 2474 1006 2543 obnoxium,
1033 2477 1174 2544 quod
1200 2478 1306 2531 cito
1329 2480 1684 2546 surrexisset;
1712 2481 1855 2550 quod
1883 2497 2009 2537 vero

420 2565 644 2632 tardius,
675 2568 978 2636 suspicione
1022 2569 1233 2639 plenum
1274 2580 1406 2625 erat.
1457 2572 1590 2626 Nam
1637 2574 1681 2628 si
1733 2583 1857 2629 tunc
1902 2592 2006 2629 non

417 2658 822 2725 resurrexisset,
873 2658 999 2714 dum
1041 2660 1114 2714 illi
1156 2660 1407 2717 sederent
1444 2677 1509 2717 ac
1536 2664 1884 2735 custodirent,
1911 2667 2007 2722 sed

418 2746 547 2815 ipsis
605 2758 724 2817 post
774 2759 881 2805 tres
932 2751 1048 2806 dies
1102 2751 1395 2823 digressis,
1444 2756 1854 2823 contradicere,
1907 2760 2007 2814 etsi

415 2841 597 2910 stulte,
629 2851 892 2910 poterant.
925 2842 1048 2897 Ideo
1090 2844 1248 2914 igitur
1286 2846 1542 2915 praevenit
1568 2856 1623 2902 et
1651 2849 1921 2916 surrexit,
1950 2860 2009 2905 ut

415 2950 483 2988 ne
505 2932 865 3004 impudentem
894 2932 972 2990 illi
1006 2949 1191 2989 ansam
1218 2934 1499 2991 haberent.
1531 2935 1823 3007 Oportebat
1860 2940 2003 2995 enim

415 3027 868 3083 resurrectionem
906 3029 1018 3084 fieri
1039 3071 1054 3097 ,
1088 3028 1216 3101 ipsis
1246 3028 1555 3087 sedentibus
1581 3040 1635 3087 et
1663 3031 2007 3090 custodienti-

415 3116 533 3171 bus.
568 3117 732 3187 Igitur
779 3119 913 3173 intra
945 3129 1052 3175 tres
1090 3121 1205 3177 dies
1228 3124 1461 3192 oportuit
1493 3124 1637 3178 illum
1678 3139 1956 3195 resurgere
1987 3142 2000 3177 :

418 3226 542 3264 nam
573 3212 620 3266 si
663 3221 782 3281 post
810 3212 927 3269 illas
960 3213 1077 3269 dies
1106 3214 1160 3270 id
1189 3217 1454 3271 evenisset
1482 3217 1583 3271 illis
1610 3217 1882 3288 digressis,
1910 3232 2003 3273 su-

415 3312 596 3374 specta
625 3320 714 3360 res
752 3304 961 3361 fuisset.
991 3306 1116 3363 ldeo
1156 3324 1367 3380 quoque
1413 3309 1680 3380 obsignari
1714 3312 2000 3377 concessit,

415 3403 475 3449 ut
507 3395 608 3466 ipsi
638 3396 905 3465 volebant,
941 3407 997 3454 et
1024 3400 1221 3457 milites
1247 3401 1573 3457 assidebant.
1599 3402 1709 3459 Nec
1744 3403 2005 3461 curabant

414 3485 557 3555 quod
589 3486 690 3543 hoc
732 3489 785 3544 in
817 3489 1038 3545 sabbato
1082 3491 1267 3559 ﬁeret,
1317 3503 1371 3549 et
1420 3494 1770 3561 laboraretur,
1808 3497 1907 3554 sed
1935 3498 2004 3554 ad

415 3590 565 3631 suam
589 3578 760 3632 solam
789 3581 1102 3650 Spectabunt
1131 3583 1442 3653 nequitiam,
1487 3595 1542 3639 ut
1564 3587 1651 3654 qui
1681 3587 1779 3642 hac
1800 3588 1879 3641 via
1907 3602 2002 3642 su-

414 3668 650 3735 peraturi
681 3680 896 3736 essent;
925 3672 1067 3741 quod
1093 3683 1348 3728 extremae
1373 3685 1489 3730 erat
1517 3676 1736 3731 insaniae
1765 3686 1819 3732 et
1849 3680 2004 3733 timo—

413 3758 490 3814 ris
537 3758 682 3828 ipsos
727 3760 1075 3819 vehementer
1126 3766 1501 3822 concutientis.
1551 3767 1680 3822 Nam
1708 3770 1798 3839 qui
1853 3771 2000 3825 illum

412 3854 680 3907 viventem
701 3854 1186 3925 apprehenderant,
1219 3868 1485 3914 mortuum
1518 3860 1705 3916 timent
1735 3879 1749 3916 :
1781 3865 1926 3934 atqui
1955 3864 2001 3919 si

413 3958 579 4013 purus
607 3956 723 4001 erat
749 3946 932 4015 homo,
964 3948 1147 4005 ﬁdenti
1173 3952 1353 4007 animo
1381 3967 1500 4008 esse
1525 3955 1779 4024 Oportuit.
1811 3955 1916 4012 Sed
1944 3967 2001 4012 ut

413 4035 739 4107 ediscerent,
776 4040 951 4111 ipsum
989 4042 1255 4099 viventem
1294 4055 1485 4115 sponte
1510 4061 1726 4116 passum
1760 4049 1923 4106 fuisse
1947 4049 2001 4105 id

413 4128 555 4197 quod
584 4144 773 4199 passus
801 4141 903 4199 est,
928 4148 1055 4189 ecce
1080 4144 1132 4190 et
1161 4136 1394 4204 sigillum
1419 4146 1474 4191 et
1499 4138 1632 4207 lapis
1656 4147 1709 4193 et
1734 4140 1997 4206 custodia;

415 4234 589 4290 neque
631 4231 808 4278 tamen
852 4234 1123 4281 mortuum
1164 4227 1398 4283 retinere
1444 4238 1729 4297 potuerunt
1768 4250 1780 4285 :
1813 4231 1907 4287 sed
1946 4231 2000 4287 id

416 4326 582 4367 unum
607 4311 854 4381 efficitur,
905 4317 1048 4386 quod
1093 4319 1361 4388 sepultura
1402 4320 1723 4390 publicetur,
1774 4332 1827 4377 et
1876 4323 2000 4379 hinc

414 4404 737 4460 resurrectio
780 4406 1046 4461 credatur.
1083 4409 1215 4463 Nam
1243 4418 1297 4465 et
1339 4411 1535 4465 milites
1579 4412 1906 4479 assidebant,
1945 4425 2001 4470 et

412 4491 582 4547 ,Ιυάίυί
620 4495 967 4551 assistebant.
998 4497 1148 4571 (Cap.
1180 4498 1294 4570 28.)
1325 4499 1377 4553 1.
1418 4497 1636 4568 Vespere
1664 4512 1841 4557 autem
1878 4508 1999 4559 sab-

414 4584 659 4649 batorum,
690 4602 803 4655 qua
826 4588 1030 4642 lucescit
1070 4590 1122 4642 in
1161 4606 1266 4643 una
1301 4591 1637 4656 sabbatorum,
1667 4594 1799 4647 venit
1826 4593 1999 4650 Maria

413 4674 721 4746 Magdalene
760 4690 807 4732 et
844 4680 1002 4734 altera
1050 4681 1219 4736 Maria
1264 4684 1429 4738 videre
1472 4687 1775 4754 sepulcrum.
1828 4688 1882 4743 2.
1931 4689 1998 4745 Et

411 4784 522 4823 ecce
548 4779 692 4823 teme
717 4782 880 4827 motus
908 4777 1075 4843 [actus
1119 4784 1191 4828 est
1218 4792 1451 4847 magnus.
1476 4777 1700 4848 Angelus
1732 4780 1864 4835 enim
1899 4781 1997 4836 Do-

410 4860 536 4914 mini
577 4860 834 4916 descendit
882 4864 944 4918 de
980 4866 1124 4932 crelo,
1152 4874 1201 4919 et
1236 4868 1475 4923 accedens
1526 4868 1731 4923 revolvit
1774 4872 1995 4942 lapidem

408 4952 472 5006 ab
494 4952 621 5006 ostio
644 4956 975 5021 monumenti,
1005 4967 1053 5010 et
1080 4957 1283 5012 sedebat
1306 4975 1457 5028 super
1482 4976 1612 5012 eum.
1643 4960 1700 5015 5.
1736 4960 1865 5015 Erat
1899 4980 1995 5016 au-

410 5053 509 5096 tem
537 5053 766 5111 aspectus
792 5046 904 5115 ejus
927 5047 1055 5099 sicut
1083 5048 1288 5119 fulgur,
1317 5049 1660 5102 vestimentum
1690 5061 1854 5105 autem
1885 5054 1992 5123 ejus

410 5135 687 5188 candidum
710 5136 837 5189 sicut
867 5138 975 5192 nix.
1004 5138 1132 5194 Post
1170 5141 1616 5195 resurrectionem
1661 5146 1800 5197 venit
1826 5159 1990 5215 ange-

407 5226 509 5282 lus.
538 5227 647 5285 Cur
672 5243 799 5299 ergo
821 5232 987 5299 venit,
1009 5241 1062 5286 et
1083 5232 1313 5302 lapidem
1338 5233 1598 5290 abstulit?
1630 5236 1853 5306 Propter
1874 5253 1993 5292 mu-

406 5320 566 5375 lieres
597 5338 610 5376 :
639 5322 742 5376 illa:
769 5323 910 5377 enim
954 5324 1127 5393 ipsum
1159 5334 1286 5380 tunc
1328 5326 1574 5382 viderunt
1618 5328 1671 5381 in
1720 5328 1989 5397 sepulcro.

406 5411 471 5467 Ut
499 5428 627 5483 ergo
674 5414 975 5483 crederent,
1022 5432 1143 5472 eum
1187 5420 1566 5494 resurrexisse,
1610 5420 1793 5476 vident
1815 5424 1993 5492 sepul-

404 5519 554 5559 crum
583 5520 810 5576 corpore
853 5522 1101 5563 vacuum.
1145 5509 1272 5565 Ideo
1315 5511 1529 5566 abstulit
1568 5512 1818 5582 lapidem,
1871 5515 1991 5571 ideo

404 5605 561 5653 terrae
591 5610 766 5655 motus
792 5600 961 5658 factus
991 5612 1092 5667 est,
1119 5612 1177 5659 ut
1197 5605 1553 5662 excitarentur
1582 5618 1635 5663 et
1654 5611 1990 5681 expergisce-

404 5699 542 5743 rent.
593 5691 859 5748 Venerant
894 5692 1059 5760 enim,
1106 5704 1162 5748 ut
1202 5710 1396 5766 corpus
1434 5698 1552 5754 oleo
1592 5712 1851 5772 ungerent
1882 5720 1895 5756 :
1927 5719 1989 5758 ac

400 5790 561 5836 noctu
587 5780 685 5838 ista
730 5784 945 5857 ﬁebant,
992 5786 1389 5861 verisimilequc
1419 5799 1530 5845 erat
1565 5793 1820 5862 quasdam
1846 5795 1987 5850 dor—

1146 341 1203 398 S.
1244 340 1522 398 JOANNIS
1549 341 2025 400 CHRYSOSTOMI
2068 342 2383 400 ARCHIEP.
2423 345 2954 409 CONSTANTINOP.

3619 366 3723 427 788

2143 456 2377 513 mivisse.
2411 459 2515 515 Sed
2545 476 2657 524 cur,
2692 463 2918 533 inquies,
2941 468 3163 539 angelus
3187 471 3313 527 dicit
3335 475 3436 541 eis,
3467 477 3522 531 5.
3547 478 3725 536 Nolite

2137 549 2311 603 timere
2334 553 2461 605 vos?
2488 551 2644 608 Prius
2669 565 2813 610 metu
2841 558 2959 613 illas
2990 559 3199 629 liberat,
3226 575 3280 619 et
3304 576 3428 622 tunc
3456 568 3522 623 de
3545 587 3725 626 resur—

2135 642 2376 698 rectione
2417 644 2669 715 loquitur.
2703 648 2836 704 lllud
2866 661 3061 719 autem,
3120 652 3240 724 Vos,
3270 659 3493 715 multmn
3525 678 3635 731 pra:
3665 681 3725 721 se

2130 731 2237 788 fert
2277 734 2518 803 honoris,
2564 741 2905 813 ostenditque
2946 761 3079 811 eos,
3130 750 3219 818 qui
3266 760 3470 807 tantum
3517 756 3721 815 facinus

2132 837 2497 895 susceperant,
2529 838 2764 886 extrema
2795 849 3043 904 passuros
3068 855 3205 905 esse,
3232 845 3329 897 nisi
3356 847 3717 914 paenitentiam

2130 929 2370 988 agerent.
2399 921 2515 977 Non
2543 923 2687 979 enim
2714 934 2948 982 vestrum
2988 939 3104 999 est,
3136 933 3328 1004 inquit,
3361 938 3582 1007 timere;
3622 943 3718 998 sed

2130 1009 2343 1066 illorum
2371 1013 2461 1083 qui
2502 1016 2674 1085 ipsum
2716 1020 3122 1078 crucifixerunt.
3159 1026 3291 1082 Cum
3321 1029 3480 1099 igitur
3523 1034 3636 1091 illas
3662 1045 3716 1092 et

2127 1117 2196 1158 ex
2224 1106 2400 1161 verbis
2428 1117 2482 1161 et
2513 1124 2581 1163 ex
2612 1111 2727 1165 visu
2754 1126 2785 1166 a
2812 1123 2957 1168 metu
2985 1116 3263 1174 liberasset
3288 1121 3537 1189 (hilarem
3567 1128 3713 1183 enim

2127 1196 2358 1263 Speciem
2408 1198 2703 1265 otl'erebat,
2757 1212 2813 1257 ut
2866 1206 2954 1274 qui
3009 1214 3114 1262 tam
3160 1208 3330 1267 fausta
3377 1214 3711 1288 nuntiaret),

2124 1285 2399 1355 subjunxit
2425 1290 2633 1358 dicens,
2678 1292 2800 1347 Scio
2846 1297 2983 1367 quod
3009 1296 3186 1353 Iesum
3225 1304 3309 1371 qui
3339 1307 3613 1374 cruciﬁxus

2124 1378 2370 1445 quwritis,
2422 1394 2594 1451 neque
2621 1383 2889 1439 erubescit
2934 1389 3243 1445 cruciﬁxum
3299 1410 3492 1452 vocare
3541 1418 3554 1455 :
3609 1400 3712 1458 hoc

2124 1467 2265 1521 enim
2286 1479 2446 1537 caput
2468 1480 2549 1525 est
2574 1480 2629 1526 et
2653 1488 2858 1527 summa
2889 1476 3171 1534 bonorum.
3196 1482 3247 1536 6.
3278 1483 3529 1541 Surrexit.
3562 1488 3711 1545 Unde

2128 1556 2230 1613 hoc
2258 1559 2475 1627 planum
2503 1564 2620 1616 est?
2647 1562 2793 1619 Sicut
2820 1567 2967 1621 dixit.
3002 1567 3184 1640 Itaque
3221 1574 3428 1631 etiamsi
3456 1579 3581 1633 mihi
3610 1582 3711 1635 dif-

2122 1646 2317 1714 fidatis,
2351 1649 2491 1704 illius
2519 1653 2800 1709 verborum
2849 1659 3236 1727 recordemini,
3283 1675 3336 1720 et
3379 1669 3507 1724 mihi
3547 1670 3706 1726 ﬁdem

2122 1754 2226 1793 non
2257 1744 2532 1812 negabitis.
2584 1746 2786 1803 Deinde
2811 1760 2893 1804 est
2933 1752 3034 1806 alia
3077 1753 3479 1815 demonstratio.
3542 1762 3707 1819 Venite

2121 1840 2165 1883 et
2194 1832 2352 1885 videte
2381 1832 2547 1888 locum
2573 1837 2656 1891 ubi
2694 1841 2887 1908 positus
2910 1854 3036 1898 erat.
3071 1844 3194 1901 Ideo
3222 1848 3449 1918 lapidem
3489 1869 3725 1910 amove—'

2120 1932 2219 1988 rat,
2255 1934 2311 1979 ut
2338 1926 2460 1982 hinc
2487 1930 2645 1985 etiam
2670 1946 3355 2002 argumentumsumerent.
3385 1945 3436 1997 7.
3473 1946 3536 1998 Et
3558 1949 3705 2002 dicite

2119 2016 2381 2088 discipulis
2408 2037 2427 2074 :
2453 2020 2631 2088 Ipsum
2655 2026 2884 2081 videbitis
2912 2030 2962 2082 in
2990 2030 3221 2085 Galiltea.
3250 2035 3301 2087 ld
3325 2036 3487 2092 efficit
3514 2049 3569 2094 ut
3588 2043 3703 2095 aliis

2117 2110 2274 2163 etiam
2301 2115 2668 2181 annuntietur,
2697 2118 2839 2186 quod
2869 2121 3033 2189 magis
3065 2122 3206 2190 ipsas
3241 2127 3305 2180 ad
3343 2126 3497 2183 ﬁdem
3546 2132 3700 2187 indu-

2116 2200 2291 2256 cebat.
2323 2204 2401 2258 Ac
2429 2205 2648 2274 pulchre
2673 2208 2827 2276 dixit,
2851 2208 2917 2264 In
2948 2210 3191 2280 Galilaza,
3220 2231 3249 2269 a
3279 2220 3504 2288 negotiis
3533 2232 3583 2276 et
3610 2240 3701 2292 pc-

2116 2290 2299 2346 riculis
2337 2294 2587 2361 liberans,
2623 2305 2681 2352 ut
2706 2314 2772 2353 ne
2809 2311 2981 2356 metus
3027 2304 3185 2358 fidem
3231 2308 3479 2365 turbaret.
3535 2290 3702 2368 8.'Et

2115 2384 2341 2439 exierunt
2370 2388 2432 2441 de
2470 2400 2790 2456 monumento
2812 2409 2923 2446 cum
2954 2395 3131 2450 timore
3166 2407 3212 2450 et
3253 2402 3457 2471 gaudio.
3490 2403 3701 2471 Quare?

2114 2472 2438 2543 Stupcndam
2489 2494 2599 2533 rem
2649 2482 2891 2538 viderant
2946 2494 2999 2539 et
3050 2487 3368 2557 inauditam;
3396 2495 3697 2563 sepulcrum

2115 2581 2338 2621 vacuum
2371 2569 2422 2622 in
2458 2586 2565 2640 quo
2594 2574 2739 2641 prius
2768 2590 2963 2645 corpus
2989 2579 3214 2646 positum
3247 2580 3409 2638 fuisse
3435 2586 3691 2642 viderant.

2113 2657 2287 2725 Quare
2320 2660 2432 2713 illas
2458 2662 2521 2715 ad
2565 2666 2925 2732 spectaculum
2952 2669 3192 2737 adduxit,
3222 2683 3279 2727 ut
3314 2677 3586 2748 utriusque
3613 2690 3693 2735 te-

2112 2760 2222 2805 stes
2248 2763 2445 2817 cssent,
2464 2765 2518 2807 ct
2538 2757 2766 2823 sepulcri
2788 2768 2841 2812 et
2868 2763 3296 2819 resurrectionis.
3321 2767 3529 2823 Etenim
3550 2773 3693 2841 cogi-

2113 2840 2294 2896 tabant
2340 2846 2605 2899 neminem
2635 2850 2872 2917 potuisse
2902 2852 3050 2906 illum
3090 2857 3322 2922 auferre;
3349 2868 3428 2914 tot
3448 2840 3692 2920 assiden-

2112 2932 2253 2987 tibus
2296 2936 2569 3003 militibus,
2614 2940 2713 2993 nisi
2761 2943 2873 3011 ipse
2917 2945 3149 3013 seipsum
3196 2952 3524 3009 suscitasset.
3568 2957 3690 3010 Iden

2102 3028 2341 3101 gaudent
2379 3037 2433 3083 et
2467 3028 2765 3096 mirantur,
2799 3040 2853 3085 et
2892 3040 3055 3087 tantm
3090 3040 3511 3104 perseverantia:
3539 3056 3687 3097 mer-

2102 3120 2289 3175 cedem
2342 3122 2652 3191 accipiunt,
2704 3122 2851 3192 quod
2906 3125 3092 3193 prima:
3139 3127 3382 3183 viderent
3427 3139 3480 3185 et
3529 3148 3687 3186 nun-

2099 3211 2324 3275 tiarcnt,
2355 3226 2467 3265 non
2500 3211 2675 3267 solum
2712 3228 2833 3282 qua:
2866 3214 3175 3283 audierant,
3215 3219 3310 3274 sed
3344 3229 3397 3275 et
3435 3238 3555 3290 qua:
3599 3225 3679 3278 vi-

2101 3300 2313 3356 derant.

2176 3470 2230 3525 5.
2263 3469 2397 3525 Cum
2444 3471 2602 3541 igitur
2630 3473 2921 3530 exivissent
2968 3490 3091 3530 cum
3141 3477 3333 3535 timore
3362 3492 3417 3536 et
3454 3484 3646 3553 gaudio
3668 3530 3680 3547 .

2105 3561 2159 3618 9.
2192 3561 2261 3616 Et
2288 3580 2401 3618 ecce
2425 3563 2457 3618 J
2465 3582 2575 3620 esus
2600 3567 2821 3621 occurrit
2851 3568 2955 3621 illis
2978 3569 3147 3624 dicens
3174 3588 3194 3625 :
3225 3571 3393 3627 Avete.
3423 3573 3542 3631 Illte
3569 3594 3685 3633 vero

2105 3668 2369 3715 tenuerunt
2393 3662 2543 3732 pedes
2588 3665 2730 3732 eius,
2760 3673 2815 3721 et
2840 3681 2964 3721 cum
3009 3668 3207 3739 ingenti
3238 3671 3418 3725 laetitia
3444 3672 3511 3727 ad
3537 3674 3682 3729 illum

2102 3762 2447 3809 accurrentes
2467 3794 2481 3818 ,
2510 3770 2607 3824 per
2631 3764 2831 3811 tactum
2862 3763 3269 3817 PCSUI'I‘BCllOlllS
3296 3773 3499 3819 certum
3525 3782 3683 3837 argu-

2103 3852 2344 3897 mentum
2367 3857 2707 3915 acceperunt,
2738 3846 2806 3901 Et
2832 3849 3169 3906 adoraverunt
3197 3872 3329 3909 eum.
3357 3856 3495 3925 Quid
3526 3848 3686 3929 igitur

2104 3934 2231 3989 ille?
2256 3935 2343 3989 10.
2370 3935 2546 3991 Nolite
2575 3938 2767 3993 timere.
2820 3941 3021 3997 Rursus
3044 3952 3099 3998 et
3122 3944 3238 4015 ipse
3270 3947 3511 4005 timorem
3531 3965 3683 4006 amo-

2105 4032 2227 4091 vet,
2260 4024 2383 4082 fidei
2412 4028 2552 4083 viam
2581 4044 2799 4098 parans.
2850 4033 2955 4088 Sed
2980 4037 3077 4101 ite,
3110 4046 3155 4089 et
3187 4039 3413 4093 nuntiate
3442 4043 3684 4111 fratribus

2104 4118 2245 4185 meis,
2277 4128 2331 4171 ut
2352 4130 2464 4173 eant
2485 4120 2538 4174 in
2577 4120 2841 4177 Galilteam
2861 4135 2942 4178 :et
2968 4126 3035 4179 ibi
3063 4144 3141 4181 me
3168 4128 3419 4184 videbunt.
3451 4132 3684 4203 Perpen-

2103 4207 2171 4263 de
2199 4210 2467 4278 quomodo
2497 4212 2610 4282 ipse
2636 4212 2821 4269 harum
2851 4231 3015 4285 opera
3055 4217 3328 4289 discipulis
3371 4226 3681 4286 annuntiet.

2103 4309 2162 4354 ut
2188 4316 2331 4371 saepe
2356 4301 2462 4356 dixi
2483 4343 2498 4369 ,
2524 4318 2708 4359 sexum
2737 4306 3110 4363 inhonoratum
3150 4311 3217 4366 ad
3250 4312 3505 4369 honorem
3536 4324 3592 4371 et
3615 4318 3682 4371 ad

2103 4393 2299 4447 bonam
2347 4409 2498 4463 spem
2544 4410 2803 4451 revocans
2826 4440 2840 4464 ,
2870 4408 2925 4453 et
2962 4401 3102 4470 quod
3151 4401 3419 4459 inﬁrmum
3446 4415 3565 4461 erat
3599 4422 3682 4461 sa-

2106 4499 2258 4539 nans.
2289 4485 2492 4555 Aliquis
2522 4487 2744 4545 fortasse
2769 4499 3008 4545 vestrum
3036 4504 3258 4563 cuperet
3301 4496 3582 4567 insignium
3613 4498 3679 4552 il-

2106 4575 2276 4631 larum
2328 4577 2495 4633 instar
2542 4580 2821 4636 mulierum
2871 4584 3034 4653 pedes
3071 4584 3200 4642 Jesu
3251 4590 3473 4645 tenere?
3530 4590 3679 4646 Nunc

2103 4668 2264 4723 etiam
2295 4671 2553 4739 potestis,
2585 4672 2629 4726 si
2660 4678 2748 4743 qui
2777 4675 2939 4730 vultis
2962 4717 2976 4738 .
3006 4692 3182 4749 neque
3223 4681 3384 4749 pedes
3411 4692 3466 4737 et
3492 4698 3686 4739 manus

2103 4770 2343 4827 mutum,
2393 4761 2487 4816 sed
2515 4763 2673 4817 etiam
2704 4775 2860 4834 caput
2908 4767 3038 4822 illud
3082 4784 3293 4825 sacrum
3334 4772 3678 4844 contingere,

2101 4850 2227 4905 dum
2254 4864 2385 4919 pura
2408 4854 2734 4908 conscientia
2765 4871 3038 4913 sacrorum
3059 4863 3433 4931 mysteriorum
3460 4879 3685 4921 consor-

2102 4952 2182 4997 tes
2208 4943 2358 4997 estis.
2388 4942 2570 5014 Neque
2618 4945 2704 5002 ltic
2751 4955 2992 5016 tantum,
3039 4952 3131 5006 sed
3175 4953 3233 5008 in
3278 4955 3369 5009 illa
3404 4954 3564 5010 etiam
3593 4956 3687 5011 die

2100 5033 2274 5103 ipsum
2294 5035 2542 5091 videbitis
2563 5079 2578 5103 ,
2611 5054 2731 5093 cum
2760 5039 3012 5097 ineffabili
3053 5043 3137 5097 illa
3169 5045 3336 5115 gloria
3363 5055 3417 5102 et
3436 5062 3557 5102 cum
3586 5064 3683 5101 an-

2098 5128 2340 5198 gelorum
2370 5130 2710 5187 multitudine
2736 5135 3058 5201 venientem,
3087 5138 3131 5190 si
3163 5140 3539 5195 misericordes
3558 5156 3681 5196 esse

2098 5221 2375 5277 volueritis
2408 5239 2421 5274 :
2450 5231 2505 5277 et
2525 5223 2749 5279 audietis
2781 5242 2888 5280 non
2920 5226 3033 5282 haec
3061 5229 3220 5284 verba
3253 5240 3475 5300 tantum,
3510 5233 3678 5296 Avete.

2099 5315 2192 5369 sed
2224 5316 2382 5369 etiam
2409 5316 2495 5369 illa
2526 5333 2539 5369 :
2580 5316 2753 5372 Venite
2790 5320 3035 5375 benedicti
3066 5322 3240 5379 Patris
3270 5328 3387 5393 mei,
3432 5328 3681 5397 possidete

2099 5423 2309 5474 regnum
2330 5414 2563 5475 paratum
2580 5410 2717 5465 vobis
2738 5427 2770 5463 α
2794 5414 3147 5468 constitutione
3163 5418 3338 5471 mundi
3357 5418 3567 5489 (Matth.
3585 5420 3676 5474 35.

2090 5512 2206 5583 ⁸54).
2239 5509 2429 5567 Estote
2461 5511 2628 5583 igitur
2674 5512 3077 5579 misericordes,
3132 5527 3190 5570 ut
3243 5518 3356 5571 haec
3390 5521 3551 5574 verba
3579 5538 3675 5575 au-

2089 5602 2273 5667 diatis,
2299 5618 2396 5659 vos
2427 5618 2648 5674 quoque
2677 5619 2812 5659 auro
2841 5616 3050 5661 ornatae
3082 5607 3360 5671 mulieres,
3410 5625 3532 5679 quae
3570 5611 3671 5665 ha-

2092 5711 2214 5749 rum
2246 5696 2540 5751 mulierum
2574 5711 2793 5752 cursum
2837 5698 3070 5765 vidistis,
3119 5716 3241 5757 sero
3276 5703 3493 5757 tandem
3526 5705 3673 5760 hunc

2094 5789 2347 5845 morbum
2376 5789 2727 5862 deponentes,
2760 5791 2878 5849 auri
2907 5808 3101 5865 nempe
3146 5795 3517 5865 cupiditatem.
3568 5795 3674 5853 Ita-
