4104 6380
317 377 415 434 185

312 507 421 564 que
473 489 521 546 si
574 489 762 544 beatas
800 487 962 541 hasce
1008 483 1264 539 mulieres
1314 480 1522 536 imitari
1569 479 1756 542 vultis,
1809 491 1902 531 or-

315 594 506 640 natum
561 584 723 639 istum
777 580 1033 646 vendite,
1098 589 1157 633 ut
1206 577 1552 646 eleeinosyna
1603 572 1900 628 ornemini.

315 674 449 740 Quae
481 671 725 734 utilitas,
769 685 993 741 qumso,
1057 683 1126 723 ex
1174 666 1258 721 his
1302 665 1574 736 lapidibus
1626 663 1900 732 pretiosis,

310 771 369 818 et
386 775 461 817 ex
483 759 721 815 vestibus
747 772 880 813 auro
908 757 1169 813 intextis?
1194 757 1288 814 His
1307 756 1536 829 gaudet,
1570 756 1780 826 inquies
1798 797 1812 820 ,
1840 764 1896 811 et

313 853 530 908 laetatur
547 852 746 907 anima.
771 851 882 919 Ego
907 859 961 906 te
983 849 1052 906 de
1079 851 1229 906 lucro
1254 858 1310 906 et
1331 850 1556 905 utilitate
1586 850 1892 918 interrogo;

317 953 373 998 tu
421 942 555 998 mihi
601 941 855 997 damnum
897 956 1102 996 narras.
1155 941 1249 996 His
1276 941 1421 996 enim
1463 954 1682 1009 operam
1724 940 1893 1006 dare,

314 1034 569 1105 gaudere,
598 1033 823 1100 haerere,
851 1033 982 1087 nihil
1012 1032 1181 1103 pejus.
1203 1032 1354 1086 Tunc
1376 1033 1620 1086 acerbior
1647 1031 1762 1086 lucc
1783 1047 1894 1085 ser-

315 1120 456 1174 vitus
481 1129 563 1174 est
583 1158 598 1184 ,
631 1134 749 1173 cum
775 1118 894 1188 quis
922 1118 1163 1172 serviens
1205 1116 1436 1172 la:tatur.
1465 1117 1562 1171 Cui
1607 1117 1750 1170 enim
1781 1115 1896 1184 spi-

316 1212 590 1268 ritualium
639 1226 858 1279 operum
905 1225 1156 1280 umquam
1203 1218 1260 1264 ut
1297 1207 1549 1264 convenit
1590 1206 1898 1262 incumbet?

318 1303 532 1374 quando
561 1303 685 1356 item
717 1313 774 1356 ut
789 1302 946 1356 decet
973 1317 1059 1356 res
1088 1299 1348 1356 humanas
1372 1299 1637 1355 deridebit
1659 1315 1779 1368 qua:
1804 1315 1900 1352 au.

319 1408 382 1450 ro
410 1394 597 1451 vinciri
646 1403 794 1464 putat
835 1408 957 1448 esse
997 1393 1192 1464 gaudio
1238 1391 1498 1461 dignum?
1546 1391 1677 1446 Nam
1705 1392 1794 1462 qui
1844 1393 1898 1445 in

316 1502 536 1543 carcere
567 1487 758 1542 lubens
785 1486 1024 1553 habitat,
1071 1500 1360 1554 numquam
1390 1485 1516 1540 hinc
1552 1485 1684 1555 eripi
1711 1484 1896 1539 volet:

319 1578 762 1648 quemadmodum
795 1589 851 1633 et
878 1577 1021 1648 ipsa,
1058 1576 1150 1632 sed
1173 1576 1324 1646 quasi
1351 1575 1564 1645 captiva
1593 1590 1772 1646 pravae
1801 1577 1901 1630 hu-

316 1673 468 1742 jusce
511 1672 850 1741 cupiditatis,
884 1684 1056 1741 neque
1078 1686 1265 1726 vocem
1305 1671 1630 1741 spiritualem
1658 1685 1778 1726 cum
1816 1671 1901 1726 di-

315 1767 461 1821 centi
487 1766 678 1835 gaudio
699 1765 886 1820 audire
915 1765 1232 1829 sustinebit,
1257 1764 1452 1820 nedum
1475 1779 1610 1834 opus
1628 1763 1905 1834 aggredia-

323 1867 427 1912 tur.
485 1857 638 1924 Quod
669 1872 796 1927 ergo
844 1857 1052 1912 lucrum
1099 1872 1166 1912 ex
1199 1857 1300 1912 hoc
1343 1867 1565 1921 ornatu,
1609 1865 1664 1912 et
1706 1871 1772 1912 ex
1806 1856 1905 1911 hac

326 1949 588 2004 mollitie?
639 1949 915 2016 Delector,
948 1947 1136 2018 inquit.
1183 1948 1418 2003 Rursum
1448 1947 1580 2002 mihi
1607 1960 1903 2002 nocumen-

319 2044 436 2095 tum
466 2054 649 2094 narras
671 2048 731 2094 et
777 2039 1085 2109 perniciem.
1127 2038 1234 2094 Sed
1275 2039 1442 2093 multo
1471 2037 1619 2094 fruor
1657 2037 1863 2093 honore
1886 2077 1903 2105 ,

325 2132 529 2202 inquit,
561 2131 700 2202 apud
741 2139 1092 2200 spectatores.
1125 2129 1194 2184 Et
1227 2131 1351 2201 quid
1392 2131 1494 2186 hoc
1529 2133 1646 2186 est?
1673 2130 1906 2186 Alterius

325 2225 527 2281 scilicet
549 2225 912 2295 corruptionis
948 2233 1321 2296 argumentum
1343 2267 1358 2290 ,
1397 2241 1519 2280 cum
1567 2226 1622 2280 in
1672 2225 1864 2280 fastum
1887 2266 1904 2292 ,

325 2326 447 2368 cum
477 2316 527 2370 in
567 2316 931 2386 arrogantiam
969 2315 1253 2372 attolleris.
1297 2318 1410 2386 Age
1447 2317 1627 2388 igitur,
1657 2319 1906 2388 quoniam

329 2416 383 2460 tu
415 2405 621 2460 lucrum
654 2421 758 2461 non
783 2405 992 2477 dixisti,
1019 2407 1136 2462 sine
1154 2448 1170 2474 ,
1199 2419 1384 2476 quaeso
1406 2447 1422 2471 ,
1451 2417 1770 2463 nocumenta
1810 2424 1909 2464 ex-

326 2515 521 2571 ponam
548 2499 662 2555 tibi.
710 2499 840 2567 Qua:
867 2515 998 2571 ergo
1045 2499 1170 2556 inde
1209 2510 1525 2555 nocumenta
1547 2501 1570 2555 ?
1595 2501 1910 2556 Sollicitudo

327 2594 501 2664 major
525 2609 683 2663 quam
709 2593 974 2661 voluptas.
1013 2589 1140 2648 ldeo
1173 2592 1412 2664 plerique
1436 2595 1787 2663 spectantium
1816 2610 1910 2648 ru-

324 2687 538 2741 diorum
583 2686 750 2756 magis
779 2684 1140 2746 delectantur,
1170 2701 1327 2754 quam
1352 2701 1468 2754 qua:
1499 2685 1596 2739 ista
1627 2693 1799 2754 gestat
1820 2700 1910 2739 or-

331 2787 600 2833 namenta.
621 2777 702 2832 Tu
723 2777 864 2832 enim
887 2791 1006 2831 cum
1037 2777 1392 2832 sollicitudine
1418 2778 1655 2842 ornaris;
1682 2777 1768 2832 ille
1795 2777 1912 2832 sine

328 2881 455 2927 cura
506 2871 673 2942 pascit
714 2871 922 2925 oculos.
967 2869 1123 2924 Aliud
1167 2871 1294 2926 item
1347 2870 1739 2925 incommodum
1793 2881 1908 2937 est,

331 2963 472 3034 quod
521 2963 609 3018 illa
651 2964 829 3016 animo
858 2961 1136 3032 dejiciatur
1160 3005 1175 3028 ,
1204 2971 1258 3017 et
1302 2961 1555 3017 invidiam
1599 2962 1830 3032 undique
1859 2971 1914 3016 et

331 3059 524 3129 ubique
563 3066 789 3111 moveat.
827 3055 1025 3110 Vicina:
1053 3055 1194 3110 enim
1237 3055 1516 3110 concitatae
1558 3066 1742 3110 contra
1770 3055 1913 3111 viros

332 3169 456 3206 suos
485 3161 777 3214 armantur,
806 3160 857 3204 et
889 3149 1023 3203 bella
1054 3149 1230 3219 gravia
1252 3149 1505 3203 excitant.
1534 3148 1613 3204 Ad
1646 3148 1760 3202 haec
1784 3159 1913 3202 vero

333 3246 497 3298 otium
530 3258 722 3308 omne,
770 3239 1070 3296 sollicitudo
1100 3239 1275 3294 omnis
1324 3240 1376 3294 in
1419 3240 1501 3295 his
1538 3240 1869 3296 consumitur
1893 3280 1908 3306 ,

333 3334 695 3404 spiritualibus
740 3333 993 3403 operibus
1037 3347 1143 3387 non
1187 3332 1474 3388 admodum
1511 3347 1672 3402 opera
1721 3332 1911 3397 datur;

335 3427 659 3495 insuperque
689 3427 826 3479 fastu
851 3467 866 3491 ,
895 3424 1218 3494 arrogantia,
1248 3439 1382 3478 vana
1409 3424 1576 3494 gloria
1605 3422 1912 3494 huiusmodi

335 3517 525 3571 mulier
549 3517 816 3586 impletur,
847 3531 909 3570 ac
936 3526 1092 3570 terrae
1121 3525 1228 3570 tota
1255 3516 1512 3584 adha-ret,
1542 3517 1680 3588 quod
1712 3531 1913 3586 pennas

335 3609 574 3671 amittat,
600 3619 654 3662 et
681 3623 775 3676 pro
803 3607 979 3677 aquila
1023 3606 1116 3661 ﬁat
1142 3607 1292 3661 canis
1313 3616 1366 3662 et
1395 3622 1608 3676 porcus.
1651 3606 1914 3662 Omittens

337 3703 480 3755 enim
521 3701 573 3754 in
603 3699 792 3753 caelum
817 3699 1058 3768 aspicere
1104 3708 1160 3753 et
1200 3699 1419 3766 volare,
1465 3699 1912 3767 quemadmodum

335 3792 485 3864 porci
512 3792 732 3845 humum
780 3792 1036 3860 respicis,
1080 3791 1293 3847 metalla
1325 3791 1537 3847 curiose
1581 3792 1836 3846 scrutaris
1861 3800 1916 3846 ct

335 3893 511 3948 antra,
541 3884 885 3953 animumque
915 3881 1128 3936 mollem
1159 3889 1212 3937 et
1238 3881 1554 3937 illiberalem
1581 3881 1783 3936 reddis.
1806 3880 1912 3936 Sed

335 3977 390 4032 in
420 3974 538 4031 foro
564 3985 616 4030 te
643 3982 938 4039 ostentans,
969 3972 1206 4028 omnium
1233 3972 1416 4028 oculos
1445 3973 1499 4027 in
1525 3982 1576 4028 te
1603 3973 1913 4027 convertis?

336 4068 624 4138 Propterea
646 4081 835 4120 aurum
861 4073 1072 4136 gestare
1096 4079 1202 4118 non
1229 4063 1503 4134 oportuit,
1531 4078 1598 4119 ne
1627 4077 1911 4118 commune

337 4160 598 4214 theatrum
626 4157 785 4213 ﬁeres
803 4198 819 4224 ,
848 4155 1186 4226 pluriumque
1207 4163 1575 4210 accusatorum
1603 4168 1695 4209 ora
1735 4155 1913 4224 aperi-

335 4266 442 4306 res.
473 4249 661 4305 Nullus
691 4250 833 4304 enim
865 4245 1263 4316 respicientium
1291 4254 1344 4301 te
1369 4246 1623 4312 miratur,
1660 4244 1756 4301 sed
1784 4245 1914 4300 irri-

334 4341 463 4397 dent
509 4350 568 4396 ut
614 4347 834 4395 ornatus
880 4337 1122 4404 avidam,
1171 4346 1512 4409 arrogantem
1543 4345 1598 4393 et
1642 4337 1912 4393 carnalem

334 4433 634 4490 mulierem.
665 4430 819 4500 Quod
863 4430 908 4487 si
957 4431 1010 4486 in
1051 4429 1334 4486 ecclesiam
1383 4429 1738 4500 ingrediaris,
1787 4429 1912 4486 inde

334 4525 605 4598 egrederis
632 4524 764 4580 nihil
793 4523 1004 4596 adepta,
1037 4523 1137 4579 nisi
1159 4532 1407 4578 sexcenta
1437 4522 1659 4579 dicteria
1680 4564 1696 4589 ,
1723 4524 1911 4578 convi-

333 4619 450 4684 cia,
503 4616 826 4685 maledicta,
873 4620 980 4671 non
1025 4631 1054 4670 a
1118 4615 1482 4686 spectantibus
1528 4623 1766 4678 tantum,
1816 4615 1910 4671 sed

333 4712 493 4766 etiam
522 4725 551 4764 a
579 4707 856 4779 propheta.
877 4707 1008 4763 Nam
1026 4709 1203 4763 statim
1241 4706 1331 4762 ille
1350 4705 1716 4762 vocalissimus
1750 4705 1912 4762 Isaias

335 4813 386 4859 te
413 4801 746 4872 conspiciens
773 4799 1025 4856 clamabit
1053 4817 1067 4854 :
1099 4798 1226 4855 Haec
1267 4799 1389 4852 dicit
1427 4798 1676 4853 Dominus
1713 4798 1782 4852 ad
1813 4799 1910 4853 do-

332 4897 621 4950 minatrices
649 4895 784 4964 ﬁlias
813 4893 944 4949 Sion
970 4909 990 4948 :
1012 4891 1119 4948 Pro
1144 4909 1202 4947 eo
1229 4892 1364 4964 quod
1392 4892 1772 4947 ambulaverant
1797 4909 1910 4948 ere-

332 4997 411 5040 cto
435 4986 586 5052 collo,
615 4995 661 5040 et
702 4986 903 5039 nutibus
937 4984 1232 5051 oculorum,
1264 4993 1314 5039 ct
1351 5000 1525 5056 gressu
1557 4984 1741 5056 pedum
1789 4995 1912 5038 tra-

333 5079 503 5132 hentes
552 5077 770 5145 tunicas,
817 5086 865 5130 et
909 5075 1118 5145 pedibus
1162 5075 1314 5151 simul
1346 5075 1572 5130 ludentes
1617 5091 1636 5130 :
1673 5077 1910 5132 reuelabit

333 5167 580 5222 Dominus
629 5176 868 5220 ornatum
919 5167 1178 5236 ipsarum,
1229 5175 1279 5221 et
1324 5167 1415 5220 erit
1447 5183 1539 5236 pro
1564 5171 1708 5222 suavi
1755 5167 1910 5222 odore

334 5257 496 5326 pulvis
514 5299 529 5323 ,
561 5266 609 5311 et
636 5271 729 5328 pro
757 5272 887 5310 zona
912 5255 1140 5326 funiculo
1182 5255 1396 5327 cingeris
1421 5257 1440 5326 (
1465 5254 1593 5310 Isai.
1621 5258 1672 5313 3.
1700 5258 1787 5313 16.
1818 5259 1904 5312 i7.

329 5347 444 5418 24).
481 5347 606 5402 Haec
630 5346 725 5402 tibi
750 5361 848 5416 pro
877 5354 1068 5401 ornatu
1103 5355 1277 5402 erunt.
1320 5344 1502 5417 Neque
1526 5347 1668 5402 enim
1695 5347 1762 5402 ad
1785 5348 1905 5402 illas

333 5447 535 5492 tantum
587 5436 704 5493 hate
732 5437 873 5493 dicta
918 5445 1076 5502 sunt,
1110 5435 1205 5492 sed
1245 5435 1310 5490 ad
1353 5437 1616 5506 quaslibet
1659 5438 1909 5493 mulieres

333 5529 449 5584 illas
476 5529 764 5585 imitantes.
790 5529 859 5584 Et
884 5538 1002 5600 post
1027 5529 1198 5598 ipsum
1221 5528 1413 5584 Paulus
1434 5538 1711 5584 accusator
1733 5539 1838 5584 stat
1864 5531 1905 5597 ⁸,

329 5620 650 5678 'fhimotheo
678 5620 940 5690 scribens,
962 5629 1022 5676 ut
1050 5620 1363 5676 mulieribus
1388 5622 1678 5692 praecipiat,
1714 5619 1835 5676 Non
1855 5623 1908 5677 in

396 5775 418 5811 ί
453 5777 508 5827 In
530 5777 814 5829 Commelin.
841 5785 895 5829 et
913 5777 1080 5830 Itorel.
1103 5776 1287 5843 legitur
1315 5784 1405 5830 εει
1428 5784 1530 5841 post
1551 5775 1709 5839 ipsum
1732 5778 1910 5832 Paulus

337 5835 516 5889 clamat
545 5845 591 5891 et
606 5847 853 5893 accusator
873 5847 984 5892 stat.

1263 363 1332 423 lN
1369 354 1781 420 unm/£1151
1821 348 2050 420 lltn'tlL.
2091 350 2384 417 LXXXIX.
2425 363 2494 418 al.
2537 361 2647 419 xc.

3481 368 3588 423 786

2001 480 2147 535 tartis
2168 479 2406 546 crinibus,
2436 489 2523 533 aut
2548 496 2696 546 auro,
2726 489 2815 534 aut
2836 483 3122 552 margaritis
3141 524 3155 548 ,
3187 492 3274 536 aut
3300 471 3590 538 vestimento

1999 580 2294 644 sumptuoso
2324 587 2430 624 sese
2451 581 2696 624 exornent
2721 571 2740 642 (
2764 573 2815 625 1.
2843 569 2978 626 Tim.
3000 571 3054 626 ‘2.
3077 573 3158 643 9).
3191 574 3370 645 Itaque
3397 591 3586 630 aurum

1999 672 2212 733 gestare
2248 664 2444 734 ubique
2491 663 2845 734 perniciosum
2887 676 3002 729 est;
3033 667 3266 722 maxime
3309 684 3440 723 vero
3467 684 3588 724 cum

2001 753 2054 808 in
2076 754 2354 808 ecclesiam
2381 755 2706 824 ingrederis,
2729 755 2941 825 quando
2963 771 3058 825 per
3082 771 3345 828 pauperes
3371 760 3586 814 transis.

2001 843 2135 900 Nam
2159 844 2206 898 si
2239 844 2466 914 teipsum
2495 845 2846 901 vehementer
2871 848 3142 902 criminari
3168 848 3412 904 studeres
3431 892 3447 915 ,
3480 867 3587 904 nun

2003 937 2109 992 alio
2154 939 2388 992 utereris
2439 939 2799 1006 vestimento,
2845 954 3006 1009 quam
3052 939 3154 994 hac
3181 940 3512 996 crudelitatis
3539 954 3593 997 et

2003 1031 2406 1086 inhumanitatis
2444 1031 2611 1085 larva.

2074 1123 2126 1176 4.
2174 1122 2364 1176 Contra
2390 1123 2645 1175 inaurium
2672 1123 2869 1177 lua'um.
2895 1153 2966 1164 ——
2983 1123 3169 1194 Cogita
3196 1134 3326 1194 quot
3351 1125 3592 1179 esurien-

2002 1214 2204 1268 rieutes
2229 1225 2440 1268 ventres
2467 1231 2589 1268 cum
2617 1214 2705 1268 tali
2733 1214 2916 1268 habitu
2944 1226 3263 1284 przetereas,
3292 1226 3424 1286 quot
3453 1216 3591 1270 nuda

2005 1319 2230 1376 corpora
2286 1322 2406 1361 cum
2456 1309 2694 1361 satanico
2751 1307 3055 1376 huiusmodi
3113 1319 3325 1362 ornatu.
3384 1309 3594 1376 Quanto

2004 1400 2196 1454 melius
2243 1411 2388 1454 esset
2437 1402 2733 1454 esurientes
2762 1403 2968 1455 animas
2999 1402 3179 1464 alere,
3225 1418 3382 1471 quam
3433 1403 3592 1456 imam

2011 1485 2305 1544 auriculam
2335 1490 2606 1558 perforare
2625 1535 2640 1557 ,
2673 1503 2726 1546 et
2755 1493 2823 1546 ihi
2855 1493 2995 1546 mille
3025 1509 3316 1563 pauperum
3343 1495 3594 1549 alimenta

2007 1579 2202 1634 frustra
2249 1581 2595 1650 suSpendere.
2646 1582 2782 1636 Num
2834 1583 2927 1636 tibi
2974 1582 3236 1638 ditescere
3266 1585 3594 1653 gloriosum?

2009 1689 2133 1726 num
2185 1673 2274 1726 tibi
2326 1687 2511 1727 aurum
2560 1685 2772 1744 gestare
2802 1673 3104 1730 laudabile?
3133 1675 3356 1731 Etiamsi
3398 1679 3495 1730 ista
3527 1693 3595 1732 ex

2003 1767 2161 1836 justis
2188 1767 2280 1820 tibi
2313 1777 2457 1835 parta
2486 1777 2662 1820 essent
2693 1766 2961 1821 laboribus
2980 1809 2995 1834 ,
3019 1767 3096 1822 sic
3125 1767 3283 1822 etiam
3315 1783 3404 1823 res
3429 1771 3598 1822 maxi-

2010 1874 2097 1912 me
2127 1859 2390 1928 culpanda
2435 1871 2579 1914 esset
2613 1877 2626 1913 :
2657 1876 2778 1915 cum
2821 1869 2999 1916 autem
3029 1861 3224 1931 injuste
3253 1871 3404 1931 parta
3432 1871 3593 1930 sunt,

2009 1952 2181 2023 cegita
2207 1968 2364 2022 quam
2398 1951 2583 2022 ingens
2615 1954 2684 2008 sit
2727 1953 3010 2023 flagitium.
3044 1956 3112 2008 At
3140 1954 3348 2010 laudem
3371 1970 3519 2009 amas
3543 1967 3598 2010 et

2010 2045 2275 2116 gloriam?
2301 2045 2439 2116 Ergo
2467 2046 2749 2100 ridiculum
2789 2045 2933 2101 hunc
2957 2047 3207 2100 amictum
3236 2062 3372 2101 exue
3396 2090 3411 2113 ,
3443 2058 3598 2102 tunc~

2010 2151 2115 2207 que
2139 2145 2193 2191 te
2214 2151 2405 2190 omnes
2433 2135 2768 2190 mirabuntur
2792 2177 2807 2203 ,
2839 2146 2966 2190 tunc
3002 2136 3172 2205 gloria
3198 2146 3252 2190 et
3278 2153 3408 2208 pura
3438 2138 3594 2192 volu-

2010 2236 2156 2296 ptate
2185 2226 2376 2282 frueris
2402 2244 2416 2280 :
2444 2235 2501 2280 nt
2542 2237 2684 2282 nunc
2709 2226 2948 2282 dicteriis
2971 2228 3212 2298 exposita
3243 2243 3300 2283 es
3321 2269 3336 2293 ,
3368 2229 3594 2284 multas-

2011 2330 2118 2384 que
2173 2317 2270 2372 tibi
2299 2317 2548 2372 mmroris
2576 2317 2890 2372 occasiones
2915 2317 3041 2372 hinc
3067 2321 3342 2374 concilias.
3392 2321 3523 2375 Nam
3551 2322 3595 2376 si

2013 2407 2204 2462 horum
2228 2408 2499 2478 quidpiam
2529 2407 2808 2473 exciderit,
2841 2408 3013 2478 cogita
3041 2420 3235 2478 quanta
3267 2409 3388 2464 hinc
3411 2412 3594 2464 orian-

2016 2509 2104 2554 tur
2133 2500 2292 2566 mala,
2324 2510 2453 2570 quot
2475 2499 2684 2554 ancilla:
2714 2499 3082 2566 verbereutur,
3116 2511 3239 2571 quot
3267 2501 3363 2555 viri
3390 2510 3598 2572 pertur-

2013 2591 2242 2658 bentur,
2271 2601 2403 2662 quot
2443 2591 2776 2647 abducantur
2799 2633 2813 2656 ,
2845 2603 2972 2661 quot
3003 2593 3053 2646 in
3083 2608 3302 2649 carcere
3332 2593 3595 2648 habitent.

2016 2684 2150 2740 Ilinc
2175 2684 2370 2754 judicia
2391 2725 2407 2750 ,
2435 2685 2673 2739 actiones
2699 2696 2752 2738 et
2783 2685 2928 2739 mille
2960 2686 3191 2755 undich
3236 2686 3516 2742 maledicta
3546 2697 3600 2741 et

2015 2778 2255 2832 convicia
2301 2776 2455 2837 uxori
2503 2792 2533 2831 a
2575 2776 2692 2831 viro
2737 2792 2856 2840 suo,
2895 2777 3011 2831 viro
3057 2779 3123 2832 ab
3156 2779 3374 2843 amicis;
3407 2780 3600 2834 anima:

2015 2882 2226 2937 quoque
2253 2881 2281 2920 a
2310 2868 2505 2936 seipsa.
2550 2866 2656 2921 Sed
2684 2866 2821 2922 ,ha-c
2852 2883 2956 2921 non
2991 2868 3254 2937 peribunt.
3287 2871 3596 2926 Atservare

2017 2973 2123 3014 non
2155 2960 2222 3013 ita
2254 2959 2409 3014 facile
2434 2968 2533 3014 est.
2563 2959 2784 3014 Etiamsi
2813 2970 2988 3014 autem
3019 2972 3278 3031 perpetuo
3297 2972 3596 3029 serventur,

2018 3051 2238 3105 multam
2270 3051 2511 3121 prmbent
2535 3050 2970 3119 sollicitudinem,
3003 3069 3208 3117 curam,
3261 3056 3554 3110 molestiam
3583 3099 3598 3119 ,

2017 3141 2152 3199 lucri
2183 3143 2334 3198 nihil.
2364 3142 2496 3212 Quis
2523 3143 2646 3197 inde
2675 3153 2960 3212 proventus
2988 3145 3208 3199 donuii?
3236 3163 3354 3216 quas
3394 3148 3600 3202 utilitas

2018 3247 2084 3287 ex
2110 3244 2298 3288 ornatu
2321 3233 2568 3288 mulieri?
2589 3233 2740 3286 Nulla
2764 3245 2910 3288 certe
2932 3277 2946 3299 ,
2976 3234 3069 3288 sed
3093 3235 3323 3290 dedecus
3354 3255 3600 3309 magnum

2018 3335 2072 3380 et
2091 3325 2390 3379 criminatio
2415 3323 2667 3394 undique.
2691 3323 2972 3391 Quomodo
2995 3327 3192 3395 poteris
3219 3327 3412 3382 Christi
3441 3329 3603 3398 pedes

2018 3417 2250 3472 osculari
2294 3426 2349 3472 et
2394 3425 2578 3472 tenere
2607 3431 2726 3471 cum
2779 3417 2872 3472 tali
2919 3419 3148 3472 ornatu?
3179 3420 3329 3475 Hune
3353 3433 3601 3477 ornatum

2019 3507 2110 3562 ille
2134 3515 2430 3562 aversatur.
2478 3506 2709 3576 ideoque
2759 3509 2810 3562 in
2865 3509 2995 3563 fabri
3026 3509 3188 3565 domo
3229 3514 3374 3566 nasci
3402 3514 3600 3581 voluit;

2019 3600 2128 3655 imo
2155 3617 2284 3657 vero
2325 3618 2430 3658 non
2476 3603 2528 3658 in
2555 3604 2714 3660 domo
2745 3605 2830 3658 illa
2857 3645 2872 3670 ,
2905 3606 2997 3661 scd
3026 3607 3077 3660 in
3107 3608 3346 3678 tugurio,
3376 3609 3431 3664 in
3464 3627 3603 3680 [ιι-ειε-

2017 3693 2186 3761 sepio.
2215 3695 2314 3760 Qui
2359 3710 2488 3766 ergo
2511 3697 2710 3765 poteris
2757 3697 2908 3752 illum
2941 3699 3121 3754 videre
3147 3739 3164 3765 ,
3193 3715 3314 3754 cum
3367 3718 3471 3756 non
3504 3704 3600 3772 ipsi

2017 3793 2219 3851 gratam
2269 3783 2491 3839 formam
2522 3794 2579 3841 et
2605 3795 2886 3854 ornatum,
2934 3788 3026 3842 sed
3079 3789 3323 3843 odiosum
3358 3791 3602 3848 habeas?
3652 3789 3655 3792 ’

2018 3873 2150 3928 Nam
2182 3877 2268 3946 qui
2303 3877 2448 3933 illum
2491 3879 2724 3945 adeunt,
2777 3897 2880 3935 non
2927 3883 3123 3938 talibus
3172 3883 3373 3939 debent
3420 3889 3599 3942 ornari

2017 3966 2383 4031 vestimentis,
2424 3969 2517 4024 sed
2566 3971 2758 4026 virtute
2809 3971 3072 4028 decorari.
3121 3973 3303 4044 Cogita
3355 3977 3482 4047 quid
3531 3980 3602 4033 sit

2017 4071 2204 4110 aurum
2233 4057 2380 4114 illud.
2413 4059 2550 4114 Nihil
2585 4062 2683 4116 nisi
2717 4072 2856 4117 terra
2899 4073 2952 4118 et
2989 4064 3144 4119 ciuis.
3180 4065 3340 4134 lujice
3369 4083 3558 4138 aquam
3580 4111 3597 4134 ,

2017 4157 2073 4201 et
2096 4147 2157 4200 fit
2183 4147 2372 4204 lutum.
2399 4149 2692 4207 Considera
2722 4161 2776 4207 et
2805 4154 3098 4222 erubesco,
3127 4157 3271 4227 quod
3302 4158 3470 4213 lutum
3501 4159 3600 4215 do-

2016 4242 2220 4297 minum
2247 4250 2394 4297 tuum
2421 4245 2740 4310 constituas,
2769 4256 2818 4301 et
2853 4247 2927 4319 (α)
2962 4246 3233 4321 [omnibus
3261 4252 3473 4307 omissis
3499 4253 3600 4323 ipsi

2017 4331 2268 4405 assides,‘|
2294 4334 2486 4404 ubique
2514 4335 2684 4406 ipsum
2711 4349 2887 4408 gestas
2917 4349 2971 4393 et
2995 4341 3325 4396 circumfers.
3347 4344 3410 4398 Et
3433 4360 3603 4414 quan-

2016 4423 2090 4478 do
2118 4425 2169 4478 in
2192 4425 2472 4480 ecclesiam
2500 4427 2668 4482 intras
2689 4471 2703 4493 ,
2739 4439 2846 4482 tum
2893 4431 3127 4488 maxime
3168 4434 3338 4503 ipsum
3363 4439 3599 4493 amoveri

2017 4516 2313 4584 Oportebat.
2339 4513 2522 4588 Neque
2550 4520 2690 4573 enim
2731 4519 2852 4575 ideo
2881 4531 3083 4578 structa
3121 4523 3219 4578 fuit
3243 4526 3468 4582 ecclesia
3491 4571 3505 4593 ,
3545 4539 3602 4584 ut

2016 4605 2087 4661 ibi
2120 4607 2215 4661 has
2240 4607 2448 4663 divitias
2477 4620 2776 4666 ostentares
2798 4652 2814 4677 ,
2847 4613 2940 4668 sed
2967 4622 3024 4668 ut
3050 4616 3352 4686 spiritualcs
3388 4617 3600 4674 divitias

2013 4699 2319 4755 exhiberes.
2347 4701 2424 4756 Tu
2448 4718 2576 4758 vero
2601 4719 2702 4759 ceu
2735 4705 2785 4758 in
2815 4721 3062 4776 pompam
3088 4709 3412 4779 ingressum,
3443 4711 3520 4765 sic
3549 4722 3601 4768 te

2017 4789 2250 4860 undique
2287 4807 2482 4860 ornas,
2511 4795 2857 4866 scenicasque
2895 4797 3151 4853 mulieres
3177 4799 3436 4868 imitaris,
3466 4816 3588 4856 cum

2015 4894 2166 4939 tanto
2189 4895 2444 4955 apparatu
2468 4886 2716 4942 ridicuias
2745 4889 2838 4942 has
2863 4899 3077 4960 gestans
3101 4890 3306 4945 sordes.
3337 4892 3597 4962 Propter-

2014 4975 2157 5030 eain
2185 4977 2473 5031 multorum
2521 4978 2814 5048 ingrederis
2853 4981 3142 5050 perniciem
3170 4999 3184 5036 :
3211 4989 3268 5037 et
3301 4984 3475 5039 soluta
3503 5001 3598 5042 ec-

2013 5070 2194 5125 clesia:
2219 5071 2442 5126 collecta
2461 5113 2476 5136 ,
2506 5072 2560 5126 in
2602 5071 2882 5141 domibus,
2911 5073 2978 5128 ad
3003 5090 3242 5130 mensam
3264 5075 3380 5132 hzec
3402 5078 3598 5136 multos

2014 5171 2296 5218 narrantes
2324 5162 2530 5218 audias.
2579 5163 2672 5218 llis
2707 5179 2903 5235 nempe
2949 5165 3126 5222 missis
3153 5166 3329 5223 verbis
3353 5208 3368 5234 ,
3397 5167 3510 5224 Hoc
3545 5177 3602 5226 et

2017 5255 2119 5310 hoc
2144 5255 2279 5309 dixit
2309 5255 2564 5325 propheta
2589 5297 2604 5322 ,
2630 5257 2733 5312 hoc
2757 5258 3029 5327 apostolus
3046 5299 3061 5324 ,
3087 5257 3156 5313 de
3174 5260 3404 5314 vestium
3432 5260 3560 5315 luxu
3580 5301 3598 5327 ,

2015 5345 2085 5402 de
2109 5345 2474 5418 magnitudine
2498 5362 2827 5418 gemmarum
2851 5390 2865 5414 ,
2899 5348 2967 5403 de
2994 5350 3205 5420 aliaque
3235 5343 3412 5406 simili
3432 5353 3596 5423 turpi.

2015 5437 2200 5493 tudine
2247 5438 2408 5493 verba
2457 5438 2677 5494 faciunt.
2723 5439 2849 5496 Hace
2895 5456 3029 5507 vos,
3086 5458 3292 5499 necnon
3339 5443 3601 5516 conjuges

2012 5538 2262 5593 vestros,
2315 5528 2382 5583 ad
2408 5529 2802 5602 eleemosynam
2851 5533 3172 5604 erogandam
3217 5534 3432 5590 inutiles
3472 5535 3598 5591 red-

2013 5619 2164 5676 dunt.
2195 5620 2378 5692 Neque
2403 5619 2559 5678 facile
2585 5623 2845 5693 quispiam
2874 5639 2943 5680 ex
2980 5626 3083 5680 hoc
3107 5640 3242 5681 auro
3279 5625 3408 5697 quid
3452 5627 3600 5684 fran-

2075 5774 2150 5837 (a)
2180 5775 2512 5848 Qua:_unci_nis
2534 5776 2840 5841 clauduntur,
2865 5794 2962 5832 non
2984 5779 3216 5846 leguntur
3232 5783 3286 5834 in
3306 5781 3594 5838 Commelin.

2017 5835 2180 5900 neque
2213 5838 2263 5887 in
2295 5835 2459 5888 litore].
