4104 6380
536 358 638 416 78⁸1

539 480 663 542 gat,
709 476 767 524 ut
817 468 1140 525 esurientem
1189 466 1312 519 alat.
1365 465 1499 520 Cum
1546 465 1687 518 enim
1737 465 1849 534 ipsa
1874 462 2106 518 malisin

538 562 779 633 angustia
830 576 983 625 esse,
1037 574 1193 627 quam
1246 558 1360 612 haec
1411 557 1574 611 fracta
1624 557 1803 611 videre
1851 554 2119 625 quomodo

540 657 705 709 alium
732 669 799 709 ex
829 653 909 707 his
935 651 1087 705 alas?
1113 649 1244 704 Nam
1273 650 1452 703 multm
1477 665 1602 717 erga
1633 650 1727 701 ista
1759 648 1974 717 perinde
1998 654 2122 700 sunt

540 744 744 799 atfccta:
764 784 779 808 ,
804 752 965 812 atque
989 756 1115 811 erga
1157 756 1246 795 res
1288 742 1578 803 animatas,
1633 754 1730 793 nec
1761 740 1935 792 minus
1962 752 2119 806 quam

539 849 666 902 erga
714 832 964 886 infantes.
1009 833 1221 900 Apage,
1254 829 1457 884 dicetis.
1493 830 1605 883 Hoc
1634 828 1790 899 igitur
1818 829 2117 894 ostendite,

542 940 634 991 per
661 937 823 992 opera
848 922 1190 991 comprobato
1221 937 1234 974 :
1267 935 1406 974 nunc
1432 935 1556 974 vero
1589 920 1913 974 contrarium
1944 919 2119 973 video.

544 1014 722 1082 Ecqua
755 1013 894 1067 enim
928 1028 993 1067 ex
1036 1013 1099 1065 iis
1126 1028 1243 1081 qua:
1273 1011 1376 1065 hoc
1416 1011 1604 1065 morbo
1632 1010 1915 1066 admodum
1967 1010 2118 1065 labo-

540 1115 698 1170 rant,
733 1105 815 1159 his
839 1105 1080 1159 conﬂatis
1110 1106 1223 1158 auri
1250 1105 1574 1159 ornamentis
1600 1146 1615 1169 ,
1640 1119 1860 1173 puerum
1888 1119 1915 1156 a
1948 1113 2119 1158 morte

542 1196 780 1266 eripuit?
824 1197 1025 1267 Ecquid
1072 1197 1192 1251 dico
1238 1195 1649 1265 pnerum?quis
1692 1196 1920 1249 animam
1967 1209 2116 1248 suam

542 1298 852 1357 pereuntem
899 1290 1021 1344 hinc
1064 1290 1331 1343 redemit?
1373 1289 1569 1343 Contra
1598 1302 1727 1342 vero
1775 1288 1924 1341 multi
1972 1288 2116 1341 illam

538 1380 775 1448 quotidie
802 1380 900 1433 hac
926 1379 994 1433 de
1023 1395 1182 1433 causa
1210 1378 1468 1433 vendunt.
1496 1379 1564 1432 Et
1588 1379 1631 1432 si
1658 1378 1955 1446 corporalis
1981 1377 2119 1431 adsit

538 1469 819 1539 :egritudo,
841 1470 969 1523 nihil
994 1485 1100 1523 non
1126 1480 1319 1538 agunt;
1346 1470 1387 1522 si
1412 1484 1537 1523 vero
1560 1468 1791 1522 :mimam
1814 1476 2117 1536 corruptam

541 1563 807 1628 viderint,
840 1561 969 1615 nihil
1013 1563 1183 1616 simile
1221 1562 1450 1626 faciunt,
1476 1562 1569 1614 sed
1593 1572 1643 1614 ct
1670 1561 1899 1615 filiorum
1949 1574 2117 1627 nepo-

542 1663 759 1722 tmnque
777 1654 1031 1717 animam,
1051 1663 1103 1706 ct
1128 1667 1275 1705 suam
1305 1654 1605 1721 negligunt;
1630 1662 1684 1705 ut
1708 1651 1820 1704 haec
1846 1658 2114 1716 maneant,

542 1748 887 1816 rubigincque
920 1755 1159 1814 pereant.
1191 1745 1257 1798 Et
1288 1754 1343 1797 ut
1367 1744 1583 1813 quidem
1616 1744 1758 1797 mille
1794 1743 2115 1796 talentorum

541 1853 701 1891 aurea
722 1837 1096 1905 circmnponis,
1122 1835 1245 1889 dum
1267 1835 1461 1889 Christi
1494 1835 1790 1888 membrum
1814 1848 1882 1888 ne
1904 1832 2115 1902 quidem

540 1928 841 1981 necessaria
894 1927 1083 1980 fruitur
1127 1940 1268 1979 esca.
1301 1924 1406 1979 Sed
1451 1924 1539 1978 ille
1568 1924 1779 1993 quidem
1818 1924 2116 1978 communis

539 2020 773 2073 omnium
798 2019 1051 2072 Dominus
1069 2059 1083 2083 ,
1112 2026 1166 2071 et
1194 2016 1444 2071 caelorum
1468 2026 1521 2069 et
1546 2014 1836 2068 caelestium
1861 2013 2115 2083 Spiritua-

540 2110 642 2164 lem
676 2124 913 2164 mensam
941 2109 1189 2163 omnibus
1216 2124 1280 2161 ex
1311 2122 1463 2177 {equo
1494 2106 1745 2177 apponit;
1779 2114 1835 2161 tu
1864 2121 1991 2161 vero
2017 2121 2115 2161 nec

1268 354 1321 409 S.
1362 352 1636 409 JOANNIS
1672 350 2143 408 CHRYSOSTOMI
2181 351 2493 408 ARCHIEP.
2532 353 3057 416 CONSTANTINOP.

3702 368 3810 425 788

2216 467 2552 534 pereuntium
2576 484 2753 523 rerum
2777 483 3079 528 consortem
3109 473 3264 541 facis,
3287 485 3347 531 ut
3376 476 3524 534 hisce
3549 482 3806 551 gravibus

2226 558 2426 610 catenis
2446 560 2731 615 constricta
2759 578 2993 617 maneas.
3020 565 3153 620 Hinc
3179 568 3321 622 mala
3344 569 3647 639 innumera,
3676 574 3807 631 hinc

2225 648 2502 719 zelotypiae
2521 690 2537 715 ,
2573 650 2695 706 hinc
2724 654 2956 709 virorum
2984 657 3280 727 adulteria,
3306 663 3517 731 quando
3541 665 3662 721 illos
3692 684 3804 724 non

2225 738 2291 793 ad
2320 740 2797 811 philoSOphandum
2838 747 3093 815 incitatis,
3115 749 3209 804 sed
3233 752 3353 807 illos
3382 754 3586 810 docetis
3614 757 3679 812 iis
3706 759 3807 814 de-

2226 829 2409 885 lectari
2435 833 2626 901 quibus
2652 837 2965 892 meretrices
3008 850 3355 897 exornantur.
3407 843 3533 901 Ideo
3577 847 3652 902 illi
3692 851 3805 905 cito

2225 924 2525 991 capiuntur.
2556 924 2610 980 Si
2641 928 2782 981 enim
2829 929 2977 985 illum
3019 932 3091 985 ita
3129 933 3449 992 instituisses
3480 947 3535 991 ut
3565 939 3677 995 haec
3700 942 3806 995 de—

2224 1013 2491 1082 spiceret,
2536 1025 2590 1070 et
2634 1017 2701 1072 de
2732 1020 2977 1075 castitate
3024 1012 3315 1093 gauderet,
3347 1027 3412 1082 de
3460 1030 3687 1099 pietate,
3727 1033 3805 1090 de

2226 1104 2523 1163 humilitate
2547 1150 2562 1173 ,
2590 1126 2694 1164 non
2726 1110 2881 1167 facile
2909 1129 2938 1168 a
2966 1114 3328 1173 fornicationis
3348 1124 3580 1191 appetitu
3608 1135 3801 1195 captus

2222 1197 2426 1254 fuisset.
2460 1202 2571 1256 Hoc
2595 1204 2735 1257 enim
2763 1214 2817 1259 et
2844 1206 3031 1275 majori
3084 1210 3243 1264 modo
3269 1215 3446 1267 ornari
3479 1224 3653 1284 potest
3679 1235 3802 1273 me-

2224 1292 2422 1357 retrix;
2471 1292 2575 1347 illis
2601 1310 2728 1349 vero
2757 1311 2860 1351 non
2891 1298 3036 1353 item.
3082 1299 3259 1371 Ipsum
3305 1304 3481 1375 itaque
3524 1324 3589 1362 eo
3630 1309 3802 1365 lauari

2225 1392 2415 1437 ornatu
2447 1387 2790 1455 assuefacito,
2819 1406 2977 1459 quem
3019 1407 3124 1447 non
3168 1405 3343 1464 potest
3382 1399 3521 1467 apud
3554 1404 3802 1458 meretri-

2223 1489 2338 1529 cem
2369 1477 2565 1532 videre.
2594 1479 2870 1545 Quomodo
2895 1493 3071 1539 autem
3095 1485 3239 1540 illum
3265 1488 3316 1542 in
3346 1488 3482 1545 hanc
3505 1506 3800 1549 consuetu-

2222 1566 2401 1621 dinem
2432 1569 2694 1624 induces?
2724 1572 2777 1627 Si
2804 1573 2945 1629 hunc
2973 1576 3259 1632 abstuleris
3279 1621 3294 1647 ,
3338 1579 3483 1636 illum
3527 1583 3788 1644 induaris.

2221 1657 2309 1714 Sic
2336 1669 2389 1714 et
2420 1661 2503 1715 vir
2532 1662 2585 1716 in
2608 1667 2913 1733 securitate,
2949 1677 3003 1722 tu
3034 1669 3084 1722 in
3115 1669 3316 1728 honore
3350 1691 3365 1727 :
3392 1689 3456 1729 ac
3482 1675 3621 1731 Deus
3642 1677 3798 1733 vobis

2224 1752 2480 1820 propitius
2510 1755 2611 1807 erit
2636 1797 2651 1821 ,
2679 1766 2729 1810 et
2758 1756 3002 1814 homines
3024 1776 3211 1817 omnes
3234 1778 3329 1818 vos
3357 1765 3795 1835 admirabuntur,

2222 1855 2284 1894 ac
2330 1840 2505 1897 futura
2550 1844 2686 1898 bona
2716 1852 3151 1919 consequemini,
3192 1856 3359 1924 gratia
3389 1866 3443 1911 et
3471 1857 3797 1929 benignitate

2180 1986 2181 1991 η
2225 1931 2429 1986 Domini
2479 1935 2644 1988 nostri
2691 1935 2814 1990 Jesu
2843 1937 3075 2006 Christi,
3107 1942 3191 1997 cui
3225 1944 3394 2015 gloria
3411 1956 3466 2004 et
3483 1949 3796 2020 imperium,

2221 2022 2273 2076 in
2301 2023 2494 2078 smcula
2523 2026 2863 2083 saeculorum.
2896 2030 3090 2088 Amen.

541 2237 3797 2269 ...ψ-*Ἢ

1762 2311 2108 2372 HOMILIA
2150 2311 2284 2371 XC.
2330 2313 2414 2373 al.
2459 2314 2620 2375 XCI.

549 2458 680 2512 CAP.
730 2459 817 2515 28.
869 2476 921 2515 v.
980 2461 1065 2514 11.
1124 2459 1222 2525 Qui
1269 2476 1380 2513 cum
1436 2458 1709 2524 abiissent,
1761 2474 1873 2511 ecce
1916 2456 2120 2526 quidam

617 2555 681 2609 de
720 2552 1008 2605 custodibus
1058 2552 1303 2605 venientes
1348 2552 1401 2603 in
1447 2551 1713 2615 civitatem,
1766 2549 2120 2602 nuntiaverunt

613 2643 920 2711 principibus
945 2641 1260 2694 sacerdotum
1286 2641 1455 2694 omnia
1479 2656 1591 2704 qmc
1611 2642 1748 2709 facta
1776 2644 1994 2709 fuerant.
2028 2638 2117 2692 12.

615 2732 684 2786 Et
711 2734 996 2804 congregati
1024 2750 1137 2786 cum
1167 2731 1466 2796 senioribus,
1511 2732 1721 2785 consilio
1759 2731 1883 2783 inito
1903 2771 1916 2793 ,
1968 2747 2119 2797 pecu-

617 2826 752 2877 niam
782 2825 992 2877 multant
1013 2824 1253 2877 dederunt
1282 2823 1542 2889 militibus,
1597 2823 1684 2877 15.
1735 2823 1951 2874 dicentes
1987 2821 2121 2874 :Di-

618 2916 713 2968 cite
736 2915 871 2985 quod
901 2914 1135 2984 discipuli
1159 2915 1268 2982 ejus
1288 2923 1430 2967 nocte
1459 2924 1717 2977 venerunt,
1746 2923 1789 2967 et
1822 2913 1978 2984 furati
2002 2922 2118 2966 sunt

613 3021 747 3069 cum,
794 3004 936 3057 nobis
985 3004 1366 3057 dormientibus.
1416 3004 1501 3057 14.
1536 3002 1667 3056 Etsi
1699 3004 1791 3056 hoc
1817 3004 2055 3055 audiatur
2088 3018 2118 3055 a

616 3095 847 3165 praeside,
876 3112 966 3150 nos
1003 3096 1326 3150 suadebimus
1352 3097 1396 3148 ei
1405 3137 1419 3160 ,
1470 3105 1515 3147 et
1552 3111 1636 3149 vos
1663 3105 1793 3149 tutos
1818 3096 2079 3166 faciemus.

615 3232 665 3283 1.
710 3230 935 3297 Propter
964 3228 1060 3283 hos
1092 3230 1287 3283 milites
1314 3238 1469 3283 terrae
1498 3239 1673 3283 motus
1705 3230 1793 3283 ille
1812 3227 1982 3285 factus
2012 3239 2113 3294 est,

542 3321 614 3373 ita
640 3330 695 3374 ut
736 3320 1194 3390 obstupescerent,
1245 3329 1299 3374 et
1336 3320 1404 3374 ab
1443 3320 1570 3389 ipsis
1603 3321 1959 3375 testimonium
1992 3338 2116 3391 pro-

545 3410 812 3477 ferretur;
847 3412 987 3481 qnod
1015 3412 1175 3465 etiam
1205 3412 1400 3466 evenit.
1435 3412 1523 3466 Sic
1561 3413 1702 3466 enim
1730 3414 1931 3481 prolata
1961 3431 1989 3469 a
2021 3431 2116 3468 cu-

542 3501 783 3556 stodibus
814 3502 950 3555 fama
997 3513 1239 3572 suspecta
1268 3519 1372 3556 non
1410 3502 1526 3557 fuit.
1574 3503 1734 3574 Signa
1781 3507 1975 3575 quippe
2016 3507 2117 3560 alia

544 3594 869 3661 generaliter
896 3609 989 3663 per
1017 3594 1225 3660 orbem,
1274 3595 1372 3648 alia
1404 3595 1644 3663 privatim
1672 3596 1742 3651 ibi
1769 3598 2117 3665 praesentibus

544 3686 680 3739 facta
706 3694 831 3739 sunt
862 3702 873 3737 :
906 3684 1021 3739 orbi
1049 3685 1260 3749 quidem
1294 3686 1386 3739 toti
1415 3687 1684 3751 tenebrae;
1736 3688 1977 3756 privatim
2026 3704 2117 3742 aur

545 3787 652 3830 tem
684 3777 854 3846 angeli
886 3777 1039 3844 visio,
1065 3788 1117 3830 ct
1147 3786 1303 3831 terra:
1344 3787 1539 3832 motus.
1572 3779 1703 3845 Quia
1760 3780 1918 3848 igitur
1960 3796 2117 3834 vene-

544 3877 668 3919 runt
698 3877 750 3920 et
778 3867 865 3919 illa
911 3868 1220 3921 nuntiarunt
1264 3867 1498 3938 (veritas
1532 3869 1675 3922 enim
1706 3870 1772 3924 ab
1802 3871 2117 3925 adversariis

549 3958 835 4027 prmdicata
882 3958 1248 4028 resplendet),
1295 3976 1473 4013 rursus
1516 3962 1792 4029 pecuniam
1834 3962 2111 4028 dederunt,

546 4058 603 4101 ut
645 4049 877 4103 dicerent
905 4050 1192 4119 discipulos
1220 4050 1335 4119 ejus
1364 4052 1591 4114 venisse,
1624 4052 1897 4123 ipsumque
1920 4053 2119 4109 furatos

545 4156 684 4194 esse.
732 4141 1006 4207 Quomodo
1049 4140 1205 4194 furati
1248 4152 1390 4205 sunt,
1436 4157 1468 4195 o
1512 4144 1746 4197 omnium
1779 4145 2118 4198 stultissimi?

546 4230 676 4284 Nam
707 4230 846 4299 quod
875 4230 1066 4285 veritas
1094 4233 1161 4286 ita
1190 4230 1798 4305 fulgeatsplendeatque,
1818 4250 1884 4291 ne
1906 4238 2117 4306 quidem

549 4325 745 4391 lingere
794 4330 1012 4391 possunt
1042 4324 1080 4374 ί.
1132 4324 1337 4377 Etenim
1386 4325 1513 4379 illud
1553 4342 1771 4395 prorsus
1810 4330 2118 4387 incredibile

547 4422 681 4479 erat,
712 4421 765 4466 et
801 4411 1143 4480 improbabile
1167 4415 1383 4469 omnino
1413 4416 1767 4472 mendacium.
1801 4419 2113 4490 Quomodo,

545 4518 746 4571 quaeso,
780 4503 931 4556 furati
955 4514 1077 4556 sunt
1104 4504 1366 4573 discipuli,
1397 4506 1639 4561 homines
1668 4524 1923 4578 pauperes
1949 4525 2002 4567 et
2030 4530 2118 4567 ru-

546 4593 662 4656 des,
705 4592 789 4660 qui
821 4606 888 4645 ne
915 4592 966 4645 in
994 4603 1335 4661 conspectum
1374 4595 1585 4663 quidem
1613 4599 1794 4653 venire
1814 4601 2118 4657 audebant?

546 4692 737 4739 Annon
766 4684 997 4753 sigillum
1028 4694 1143 4738 erat
1167 4686 1464 4754 appositmn
1488 4687 1510 4739 ?
1536 4702 1711 4743 annon
1754 4699 1832 4745 tot
1869 4694 2117 4748 custodes

544 4776 867 4841 assidebam,
913 4785 967 4830 et
993 4776 1207 4839 milites,
1249 4785 1301 4829 et
1349 4776 1561 4831 Judaei?
1600 4794 1774 4834 annon
1802 4783 1875 4837 illi
1905 4784 2005 4839 hoc
2029 4800 2117 4839 su—

546 4866 904 4935 spicabantur,
943 4874 997 4920 et
1020 4866 1230 4920 solliciti
1260 4866 1963 4942 vigilabantcurabantque?
2012 4876 2119 4931 Cur

545 4968 721 5013 autem
751 4957 906 5012 furati
938 4958 1099 5012 sunt?
1146 4974 1214 5012 an
1241 4968 1297 5013 ut.
1328 4965 1730 5019 resurrectionis
1760 4965 1947 5035 dogma
1984 4985 2115 5022 con-

546 5052 839 5119 tingerent?
870 5050 934 5104 Et
958 5051 1223 5119 quomodo
1250 5052 1351 5107 illis
1380 5055 1430 5107 in
1465 5065 1696 5110 mentem
1727 5058 1961 5114 venisset
1995 5062 2115 5117 talia

545 5142 868 5210 confingere,
900 5141 1221 5207 hominibus,
1262 5145 1455 5213 quibus
1486 5147 1614 5201 illud
1645 5148 1815 5202 solum
1843 5151 1895 5204 in
1922 5156 2115 5221 optatis

546 5239 680 5296 erat,
710 5240 766 5286 ut
785 5233 975 5287 occulti
992 5234 1268 5290 viverent?
1289 5239 1554 5305 quomodo
1574 5240 1803 5310 lapidem
1831 5243 1975 5298 illum
2000 5264 2115 5301 mu-

547 5322 716 5377 nitum
750 5324 1071 5378 amovissent
1092 5327 1156 5378 ’?
1200 5329 1466 5396 quomodo
1501 5341 1603 5384 tam
1636 5333 1815 5388 multis
1842 5340 2115 5405 prmsenti-

546 5414 646 5469 bus
691 5413 1009 5468 latuissent?
1055 5418 1215 5487 Atqui
1257 5420 1461 5475 etiamsi
1502 5434 1726 5481 mortem
1767 5431 2114 5499 contempsis-

609 5569 625 5599 ί
661 5574 800 5643 .t_nx.ta
832 5567 1115 5619 Commelin.
1148 5576 1201 5620 et
1215 5574 1383 5643 _Morel.
1411 5575 1675 5637 legendum
1701 5587 1860 5643 esset,
1885 5582 1935 5633 in
1975 5596 2111 5635 erro-

546 5641 647 5694 rem
670 5627 898 5679 inducere
917 5640 1241 5694 nonpossunt.

549 5692 639 5802 ns;
660 5697 799 5753 nec,
823 5692 1054 5755 qumodo
1096 5693 1466 5759 lapidem........
1510 5702 1815 5767 amovissent,
1850 5706 2027 5758 desunt
2061 5710 2109 5759 in

549 5769 597 5802 IL
643 5767 739 5802 em.
786 5796 789 5799 λ

546 5767 739 5805 nsuem.
786 5796 789 5799 λ

2227 2461 2363 2521 sent,
2413 2472 2699 2528 numquam
2741 2460 2792 2515 id
2823 2472 3024 2521 temere
3050 2476 3105 2522 et
3128 2466 3321 2526 frustra
3348 2476 3593 2530 tentaturi
3622 2488 3795 2547 erant,

2224 2559 2344 2600 cum
2375 2555 2449 2601 tot
2477 2559 2656 2604 essent
2684 2555 2949 2609 custodes.
3002 2557 3152 2625 Quod
3183 2572 3357 2618 autem
3388 2566 3553 2622 timidi
3593 2583 3794 2636 essent,

2224 2652 2339 2705 qua:
2368 2638 2513 2707 prius
2540 2639 2671 2695 facta
2697 2653 2820 2697 sunt
2844 2646 3202 2707 declarabant.
3219 2653 3348 2708 Cum
3378 2659 3517 2711 enim
3536 2659 3680 2714 illum
3707 2678 3798 2716 ca-

2224 2738 2368 2797 ptum
2402 2732 2678 2801 vidissent,
2721 2738 3038 2809 aufugerunt
3064 2758 3268 2800 omnes.
3316 2749 3370 2803 Si
3398 2766 3524 2821 ergo
3552 2762 3674 2809 tunc
3703 2756 3797 2811 illo

2224 2822 2400 2876 adhuc
2436 2824 2646 2882 vivente
2686 2845 2753 2883 ne
2792 2841 2933 2885 stare
2972 2835 3184 2901 quidem
3209 2839 3322 2893 ausi
3354 2852 3495 2908 sunt,
3528 2847 3796 2913 quomodo

2221 2926 2342 2985 post
2381 2929 2605 2974 mortem
2646 2922 2759 2992 ejus
2803 2933 2999 2980 tantam
3045 2930 3267 2986 militum
3310 2942 3536 2991 turmam
3579 2955 3680 2995 non
3728 2943 3797 2996 ti-

2223 3008 2523 3064 iuuissent?
2560 3012 2693 3067 Num
2727 3015 2884 3084 janua
2918 3026 3117 3075 tantum
3147 3026 3430 3080 evertenda
3461 3032 3619 3085 erat?
3664 3050 3794 3089 num

2227 3097 2307 3151 vel
2328 3114 2464 3153 unus
2490 3100 2653 3158 latere
2676 3108 2913 3172 poterat?
2935 3108 3092 3179 Lapis
3115 3123 3228 3168 erat
3255 3131 3472 3186 magnus
3499 3125 3793 3193 appositus,

2221 3190 2304 3242 cui
2331 3193 2626 3247 amovendo
2656 3196 2837 3251 multis
2867 3209 2981 3254 erat
3020 3218 3153 3272 opus
3193 3208 3455 3263 manibus.
3499 3190 3627 3268 Jure
3662 3230 3795 3286 ergo

2222 3283 2469 3338 dicebant
2500 3303 2513 3339 :
2546 3285 2613 3340 Et
2634 3289 2725 3342 erit
2745 3293 3041 3350 novissimus
3061 3314 3203 3351 error
3222 3300 3367 3369 pejor
3392 3304 3559 3370 priore
3578 3283 3791 3376 (Matth.

2221 3372 2309 3425 27.
2343 3374 2464 3445 64);
2515 3388 2698 3433 contra
2736 3395 2797 3435 se
2841 3383 2984 3452 ipsos
3027 3386 3125 3442 hoc
3170 3372 3598 3464 pronuntiantes,
3650 3401 3796 3468 quod

2223 3473 2341 3532 post
2370 3475 2571 3521 tantum
2617 3469 2869 3533 furorem.
2916 3490 3034 3529 eum
3075 3481 3389 3549 resipiscere
3429 3489 3749 3554 Oportuisset
3773 3533 3791 3558 ,

2225 3555 2398 3622 priora
2431 3573 2681 3627 superare
2712 3576 3031 3621 conarentur
3059 3586 3128 3624 ex
3157 3572 3390 3629 ridiculis
3425 3577 3529 3631 illis
3570 3580 3794 3649 figmen-

2222 3646 2321 3711 tis;
2355 3658 2409 3703 et
2452 3652 2540 3718 qui
2570 3653 2788 3708 viventis
2819 3661 3129 3727 sanguinem
3158 3676 3415 3732 emerant,
3466 3672 3707 3727 crucifixi
3737 3686 3797 3728 et

2222 3750 2401 3805 postea
2428 3747 2750 3813 resurgentis
2782 3751 2998 3816 pccumia
3028 3759 3470 3814 resurrectionem
3492 3764 3792 3821 subducere

2225 3832 2514 3887 tentabant.
2551 3835 2631 3891 Tu
2658 3854 2784 3893 vero
2810 3843 3168 3901 animadverte
3198 3852 3464 3918 quomodo
3491 3857 3656 3924 gestis
3681 3859 3796 3912 suis

2222 3925 2415 3993 ubique
2440 3929 2731 3996 capiantur.
2754 3932 2808 3988 Si
2835 3936 2973 3989 enim
3002 3937 3226 3994 Pilatum
3259 3959 3363 3997 non
3385 3944 3657 4015 adiissent,
3693 3967 3795 4006 nec

2223 4018 2517 4073 custodiam
2549 4023 2847 4093 petiisscnt,
2893 4026 3100 4084 facilius
3130 4035 3426 4102 potuissent
3470 4037 3585 4095 hmc
3616 4042 3793 4110 impu-

2221 4105 2410 4161 denter
2447 4126 2753 4169 asseverare
2788 4134 2799 4167 :
2830 4134 2969 4174 nunc
3013 4138 3139 4178 vero
3182 4141 3284 4180 non
3331 4128 3477 4183 item.
3527 4132 3656 4188 Nam
3712 4136 3793 4191 sic

2222 4199 2399 4253 omnia
2430 4200 2687 4269 fecerunt,
2736 4222 2798 4262 ac
2827 4210 2872 4262 si
2898 4212 3192 4269 voluissent
3232 4218 3330 4272 sibi
3374 4235 3467 4275 ora
3508 4237 3790 4282 eonsuere.

2223 4287 2277 4341 Si
2306 4292 2445 4343 enim
2475 4292 2718 4364 discipuli
2743 4299 2956 4368 vigilare
2977 4318 3097 4358 cum
3123 4307 3333 4363 Christo
3360 4326 3464 4367 non
3489 4325 3790 4383 potuerant,

2221 4384 2379 4437 etiam
2424 4385 2513 4439 illo
2561 4388 2612 4442 id
2661 4393 3035 4463 exprobrante,
3075 4403 3343 4469 quomodo
3381 4405 3480 4462 hoc
3517 4411 3630 4464 ausi
3659 4410 3795 4466 fuis-

2220 4473 2376 4525 sent?
2403 4474 2509 4529 Cur
2528 4488 2702 4533 autem
2729 4483 2856 4537 illud
2880 4501 2983 4540 non
3016 4489 3159 4556 prius
3180 4491 3333 4547 furati
3356 4506 3499 4563 sunt,
3524 4501 3617 4554 sed
3645 4512 3793 4571 post-

2220 4577 2377 4629 quam
2426 4580 2519 4619 vos
2559 4574 2942 4628 accesseratis?
2991 4577 3048 4633 Si
3087 4580 3227 4635 enim
3273 4584 3403 4640 illud
3445 4586 3622 4646 facere
3648 4595 3793 4648 vole-

2220 4653 2378 4721 bant,
2425 4672 2543 4711 cum
2586 4662 2819 4717 nondum
2867 4671 3223 4727 custodiretur
3263 4678 3598 4749 sepulcrum,
3644 4683 3694 4738 id
3736 4687 3791 4741 in

2221 4746 2388 4812 prima
2418 4758 2572 4806 nocte
2610 4752 2881 4821 fecissent,
2918 4774 3038 4816 cum
3077 4763 3130 4818 id
3177 4774 3287 4820 tuto
3312 4746 3367 4823 et
3395 4770 3510 4826 sine
3545 4746 3783 4844 periculo

2222 4836 2333 4890 ﬁeri
2368 4850 2564 4908 posset.
2615 4844 2746 4899 Nam
2790 4849 3013 4906 sabbato
3056 4856 3372 4916 accedentes
3416 4836 3709 4923 custodiam
3758 4887 3790 4925 a

2221 4928 2389 4984 Pilato
2422 4934 2683 5000 petierunt
2711 4946 2766 4991 et
2810 4943 3077 4999 custodire
3121 4961 3396 5018 coeperunt
3426 4970 3440 5007 :
3475 4957 3640 5025 prima
3662 4976 3791 5018 vero

2221 5033 2375 5078 nocte
2403 5041 2557 5080 nemo
2586 5029 2804 5085 istorum
2833 5038 3078 5104 sepulcro
3105 5042 3308 5100 aderat.

2289 5114 2342 5166 2.
2386 5116 2490 5170 Sed
2536 5120 2662 5187 quid
2704 5122 2801 5177 sibi
2848 5126 3031 5183 volunt
3080 5133 3291 5189 sudaria
3335 5153 3452 5207 qua:
3481 5154 3547 5195 ex
3574 5145 3791 5214 myrrha

2219 5209 2575 5277 conglutinata
2607 5216 2797 5268 erant?
2826 5217 2951 5273 Hmc
2979 5222 3120 5276 enim
3143 5224 3371 5293 jacentia
3414 5232 3600 5289 Petrus
3629 5209 3789 5293 vidit.

2217 5296 2347 5352 Nam
2376 5299 2421 5353 si
2452 5299 2612 5357 furari
2642 5305 2955 5375 voluissent,
3001 5327 3107 5366 non
3152 5316 3350 5372 nudum
3392 5336 3587 5391 corpus
3632 5326 3791 5382 furati

2218 5401 2397 5446 essent
2422 5411 2435 5456 ;
2481 5411 2586 5450 non
2626 5398 2785 5453 modo
2814 5417 2879 5455 ne
2908 5402 2956 5456 id
2983 5419 3102 5460 esse
3129 5411 3448 5467 contumelia
3479 5415 3747 5473 videretur
3767 5460 3789 5487 ,

2217 5486 2310 5540 sed
2345 5490 2502 5541 etiam
2551 5506 2638 5553 ne,
2678 5492 2804 5546 dum
2832 5509 3107 5563 exuerent,
3140 5516 3324 5558 moras
3354 5507 3641 5576 traherent,
3684 5512 3785 5566 da-

2216 5586 2439 5647 rentque
2469 5579 2641 5634 locum
2678 5581 2783 5638 illis
2812 5590 3126 5657 exsurgendi
3151 5632 3165 5655 ,
3193 5608 3355 5663 seque
3385 5596 3789 5665 deprehenden-

2215 5668 2305 5733 di;
2339 5684 2457 5723 eum
2489 5672 2717 5727 maxime
2755 5677 2965 5746 myrrha
3005 5689 3164 5748 esset,
3213 5685 3431 5754 glutinis
3459 5691 3624 5745 instar
3659 5707 3785 5748 cor-

2217 5761 2329 5829 pori
2375 5773 2429 5817 et
2477 5766 2802 5823 vestimentis
2834 5768 3071 5838 haerens;
3118 5788 3437 5841 quaprooter
3481 5796 3587 5837 non
3621 5781 3782 5842 facile
