4104 6380
236 343 334 398 737
1279 343 1347 400 IN
1384 343 1803 403 MATTHASUM
1841 345 2073 404 HOMIL.
2119 349 2226 405 XC.
2270 353 2342 405 al.
2385 352 2518 408 XCI.

229 460 374 530 ὑμᾶς
424 461 559 532 πρὸς
597 461 744 514 ἔλεον
797 458 972 530 ἀργὰς
1003 461 1166 522 ποιεῖ,
1212 461 1464 524 καὶτοὺς
1522 459 1900 526 συνοικοῦντας

229 541 377 609 ύμῖν.
421 543 497 595 Οὐ
531 543 642 613 γὰρ
669 539 734 593 ἄν
763 556 847 602 τις
901 538 1055 608 ὑμῶν
1088 538 1261 591 ἕλοιτο
1291 539 1488 610 ῥᾳδίως
1515 538 1802 592 διακλάσαι
1849 557 1902 593 τι

228 620 336 672 τῶν
365 623 601 692 χρυσίων
632 619 854 680 τούτων,
900 620 994 672 καὶ
1036 617 1231 688 θρέψαι
1258 618 1548 672 πεινῶντα.
1587 618 1762 673 Ὅπου
1793 618 1901 689 γὰρ

229 698 322 751 καὶ
373 701 508 769 αὑτὴ
551 700 691 752 ἕλοιο
731 698 777 728 ³⁸
827 697 892 750 ἂν
935 697 994 750 ἐν
1050 697 1379 768 στενοχωρίᾳ
1429 693 1591 760 εἶναι,
1644 697 1676 768 ἢ
1728 698 1901 752 ταῦτα

232 778 360 830 ίδεῐν
406 778 768 848 διακλώμενα,
822 776 937 839 πῶς
989 777 1054 829 ἂν
1103 775 1288 844 ἕτερον
1341 778 1405 829 ἐκ
1437 777 1640 829 τούτων
1689 775 1902 847 διαθρέ-

226 855 422 924 ψειας;
475 857 686 927 ’Ὠσπερ
742 853 850 925 γὰρ
896 855 1030 925 πρὸς
1083 853 1302 923 ἔμψυχά
1335 871 1458 908 τινα
1509 853 1808 907 διάκεινται
1842 857 1899 908 αί

228 935 420 988 πολλαὶ
443 934 577 1004 πρὸς
606 933 754 1006 [858]
771 935 964 995 ταῦτα,
990 934 1083 986 καὶ
1105 932 1256 986 ούδέν
1283 929 1491 1005 ἦττονῆ
1524 932 1660 1004 πρὸς
1689 932 1896 988 παιδία.

233 1015 447 1081 ’Λπαγε
474 1013 540 1075 ³⁵,
568 1013 721 1082 φησί.
767 1010 987 1076 Δείξατέ
1019 1029 1107 1082 μοι
1133 1007 1225 1065 οῦν
1244 1011 1419 1076 τοῦτο,
1451 1010 1656 1075 δείξατε
1674 1010 1761 1066 διὰ
1792 1011 1899 1066 τῶν

229 1091 424 1162 ἔργων,
457 1091 532 1154 ὼς
550 1089 645 1143 νῦν
674 1107 736 1158 γε
770 1090 1030 1142 τάναντία
1057 1089 1186 1160 ὁρῶ.
1217 1091 1314 1152 Τίς
1338 1090 1448 1160 γάρ
1476 1106 1606 1143 ποτε
1630 1088 1735 1144 τῶν
1773 1091 1900 1158 σφό-

227 1171 329 1241 δρα
357 1169 676 1223 ἑαλωκότων
705 1169 874 1222 ταῦτα
907 1169 1324 1238 καταχωνεύσας
1356 1169 1400 1200 ³⁸
1434 1168 1711 1239 ἐξήρπασε
1733 1168 1900 1223 θανά-

225 1266 320 1301 του
365 1248 575 1302 παιδίου
632 1248 809 1318 ψυχήν
824 1249 905 1313 ³⁷;
941 1249 1051 1302 Kal
1104 1249 1158 1301 τί
1211 1249 1354 1316 λέγω
1386 1249 1637 1314 παιδίου;
1668 1248 1764 1310 Τίς
1799 1248 1898 1320 τὴν

228 1327 420 1380 ἐαυτοῦ
469 1327 648 1398 ψυχὴν
673 1327 1048 1397 ἀπολλυμένην
1077 1327 1324 1380 ἐντεῦθεν
1361 1328 1617 1397 ἐπρίατο;
1664 1327 1898 1380 Τούναν-

226 1409 338 1461 τίον
368 1409 466 1478 μὲν
493 1405 586 1462 οὖν
629 1409 680 1460 οί
728 1407 773 1438 ³⁸
801 1407 986 1460 πολλοὶ
1035 1407 1128 1460 καὶ
1175 1407 1294 1461 καθ’
1325 1408 1561 1477 ἐκάστην
1585 1406 1754 1478 αὐτὴν
1809 1405 1898 1460 διὰ
1925 1449 1936 1464 .

225 1488 398 1541 ταῦτα
432 1487 670 1541 πωλοῦσι
697 1486 796 1556 τὴν
825 1487 1056 1559 ἡμέραν.
1093 1487 1210 1541 Κᾶν
1243 1486 1339 1557 μὲν
1390 1485 1687 1556 σωματικὴ
1711 1487 1896 1557 ἀρρω-

232 1567 354 1619 στία
383 1567 628 1636 γένηται,
683 1567 860 1619 πάντα
886 1565 1132 1620 ποιοῦσιν
1151 1582 1164 1594 ·
1221 1566 1287 1620 ἂν
1328 1566 1384 1619 δὲ
1415 1564 1510 1636 τὴν
1538 1561 1712 1636 ψῦχὴν
1746 1565 1896 1618 ἴδωσι

225 1645 646 1716 διεφθαρμένην,
678 1645 828 1698 οὐδὲν
862 1642 1100 1698 τοιοῦτον
1149 1643 1490 1715 ἐργάζονται,
1546 1643 1681 1698 ἀλλὰ
1723 1645 1818 1697 καὶ
1849 1643 1893 1675 δ’

227 1726 334 1778 τῶν
377 1726 614 1794 ἐγγόνων
668 1726 762 1779 καὶ
806 1725 904 1796 τῆς
957 1723 1161 1778 ἐαυτῶν
1209 1724 1387 1795 ψυχῆς
1446 1723 1758 1793 ἀμελοῦσιν,
1808 1722 1896 1776 ἵνα

224 1804 397 1859 ταῦτα
429 1807 563 1877 μένῃ
596 1805 673 1874 τῷ
699 1805 874 1875 χρόνῳ
909 1805 1158 1875 ίούμενα.
1207 1806 1315 1858 Καὶ
1345 1804 1409 1856 σὺ
1442 1802 1540 1872 μὲν
1566 1801 1772 1874 μυρίων
1797 1819 1894 1854 τα·

225 1887 430 1938 λάντων
460 1883 654 1955 χρυσία
703 1883 1039 1954 περίκεισαι·
1100 1882 1160 1936 τὸ
1209 1882 1266 1935 δὲ
1317 1880 1411 1934 τοῦ
1452 1880 1688 1951 Χριστοῦ
1726 1880 1889 1950 μέλος

224 1965 343 2016 οῦδὲ
382 1963 680 2031 ἀναγκαίας
737 1962 847 2032 ἔχει
894 1961 1101 2032 τροφῆς
1160 1960 1478 2014 ἀπόλαυσιν.
1545 1958 1682 2010 Ἀλλ’
1723 1960 1752 2011 δ
1800 1957 1898 2028 μὲν
1926 1989 1937 2000 -

225 2043 401 2106 κοινὸς
427 2042 682 2096 ἁπάντων
706 2040 999 2112 Δεσπότης,
1037 2039 1246 2094 καὶτοῦ
1275 2037 1525 2110 οὐρανοῦ,
1555 2037 1652 2090 καὶ
1691 2034 1802 2089 τῶν
1837 2037 1898 2088 ἐν

3577 355 3681 413 788

2011 469 2128 528 τοῖς
2172 466 2446 537 οὐρανοῖς,
2483 467 2578 519 καὶ
2626 465 2906 536 τραπέζης
2941 464 3041 535 τῆς
3085 466 3454 538 πνευματικῆς
3479 468 3680 525 ἅπασιν

2006 544 2207 614 ὁμοίως
2250 545 2518 613 μετέδωκε
2541 560 2555 574 '
2607 544 2672 597 σὺ
2713 544 2770 597 δὲ
2821 544 2941 596 ούδέ
2985 543 3092 596 τῶν
3118 545 3498 616 ἀπολλυμένων
3531 551 3680 621 αύτῷ

2011 622 2331 692 μεταδίδως.
2377 624 2462 675 ἵνα
2492 621 2684 695 μείνῃς
2710 623 2949 692 συνεχῶς
2985 622 3240 696 δεδεμένη
3270 628 3388 688 ταῖς
3418 628 3680 697 χαλεπαῖς

2005 702 2232 765 ταύταις
2261 701 2536 757 ἀλύσεσιν.
2588 700 2870 754 Ἐντεῦθεν
2897 699 2967 753 τὰ
2999 707 3166 772 μυρία
3214 703 3381 767 κακὰ,
3430 708 3679 764 ἐντεῦθεν

2005 782 2061 833 αἱ
2110 783 2354 852 πορνεῖαι
2410 780 2518 832 τῶν
2569 780 2799 852 ἀνδρῶν,
2854 781 2982 833 ὅταν
3013 782 3208 842 αὐτοὺς
3262 784 3335 852 μὴ
3371 784 3679 856 φιλοσοφεῖν

2005 859 2485 930 παρασκευάζητε,
2518 859 2654 913 ἀλλά
2684 859 2895 924 τούτοις
2923 859 3215 930 παιδεύητε
3245 861 3474 934 χαίρειν,
3505 859 3585 929 οἷς
3617 868 3676 921 αἱ

2004 939 2396 1009 πορνευόμεναι
2477 937 2909 1001 καλλωπίζονται
2991 941 3266 1006 γυναῖκες.
3342 943 3440 995 Διά
3519 945 3679 999 τοῦτο

2004 1017 2098 1069 καὶ
2127 1017 2338 1087 ταχέως
2370 1016 2700 1070 ἁλίσκονται.
2742 1017 2806 1069 El
2837 1016 2945 1087 γὰρ
2995 1017 3155 1070 αὐτὸν
3201 1019 3524 1086 ἐπαίδευσας
3555 1025 3677 1077 τού-

2002 1113 2109 1150 των
2161 1095 2258 1165 μέν
2313 1096 2606 1175 ὑπερορᾷν,
2659 1095 2979 1169 σωφροσύνῃ
3019 1096 3076 1149 δέ
3131 1097 3363 1168 χαίρειν,
3398 1101 3673 1175 εὐλαϐείᾳ,

2002 1173 2488 1246 ταπεινοφροσύνῃ,
2520 1175 2620 1228 οὐκ
2647 1175 2712 1228 ἀν
2751 1175 2948 1246 ῥᾳδίως
2989 1175 3132 1228 ἐάλω
3161 1180 3272 1239 τοῖς
3302 1180 3401 1248 τῆς
3420 1173 3675 1249 πορνείας

2003 1257 2241 1324 πτεροῖς.
2301 1255 2695 1325 Κοσμήσασθαι
2731 1254 2829 1324 μὲν
2874 1255 2982 1327 γὰρ
3035 1254 3178 1308 οὕτω
3209 1255 3428 1310 δύναται
3473 1260 3672 1332 πόρνη,

2003 1334 2098 1385 καὶ
2111 1333 2298 1386 τούτου
2329 1334 2520 1388 πλέον·
2555 1334 2786 1396 ἐκείνοις
2815 1333 2872 1386 δέ
2905 1333 3109 1387 οὐκέτι.
3142 1334 3361 1390 Ἕθισον
3388 1333 3482 1390 οὖν
3511 1339 3674 1393 αὑτὸν

2001 1410 2175 1481 τούτῳ
2215 1412 2425 1482 χαίρειν
2475 1411 2553 1481 τῷ
2598 1413 2809 1490 κόσμῳ,
2850 1411 2908 1465 ὃν
2955 1414 3055 1466 οὐκ
3083 1413 3197 1483 ἔχει
3224 1414 3376 1485 παρά
3405 1418 3470 1486 τῇ
3501 1417 3672 1490 πόρνῃ

2002 1489 2250 1559 κείμενον
2279 1490 2428 1544 ίδεῖν.
2460 1491 2584 1554 Πῶς
2614 1490 2670 1543 δέ
2699 1489 2858 1543 αὑτὸν
2907 1492 2986 1555 είς
3023 1493 3124 1562 τὴν
3155 1493 3441 1562 συνήθειαν
3468 1489 3673 1567 ταύτην

2001 1568 2290 1646 ἐμϐαλεῖς;
2336 1569 2433 1623 Ἂν
2481 1569 2670 1622 τοῦτον
2736 1568 2963 1643 ἀφέλῃς,
3015 1573 3108 1623 καὶ
3153 1572 3358 1626 ἐκεῖνον
3418 1575 3667 1646 περιθῇς.

2001 1645 2158 1700 Οὕτω
2189 1647 2285 1700 καὶ
2316 1649 2344 1701 ὁ
2376 1648 2517 1719 ἀνὴρ
2543 1649 2601 1700 ἐν
2629 1648 2922 1720 ἀσφαλείᾳ,
2972 1651 3067 1702 καὶ
3117 1651 3181 1704 σὺ
3219 1651 3277 1703 ἐν
3308 1655 3465 1722 τιμῇ,
3496 1645 3609 1707 καί
3641 1655 3673 1706 ὁ

2000 1725 2132 1789 Θεὸς
2158 1727 2286 1795 ὑμῖν
2314 1727 2490 1790 ἵλεως,
2519 1727 2613 1780 καὶ
2641 1727 2918 1797 ἄνθρωποι
2947 1728 3145 1792 πάντες
3170 1728 3558 1800 θαυμάσονται,
3575 1733 3672 1786 καὶ

2000 1804 2110 1859 τῶν
2149 1803 2448 1874 μελλόντων
2493 1805 2842 1870 ἐπιτεύξεσθε
2872 1805 3110 1874 ἀγαθῶν,
3141 1807 3326 1876 χάριτι
3357 1809 3454 1863 καὶ
3483 1808 3670 1878 φιλαν-

2001 1881 2219 1955 θρωπίᾳ
2241 1884 2334 1936 τοῦ
2363 1883 2567 1954 Κυρίου
2594 1884 2750 1954 ἡμῶν
2787 1884 2958 1955 Ἰησοῦ
2982 1887 3240 1956 Χριστοῦ,
3359 1889 3394 1958 ἡ
3419 1887 3544 1953 δόξα
3574 1890 3670 1943 καὶ

1999 1966 2062 2019 τὸ
2090 1966 2290 2032 κράτος
2317 1967 2398 2030 είς
2419 1967 2548 2030 τοὺς
2576 1966 2777 2030 αἰῶνας
2808 1967 2915 2021 τῶν
2944 1968 3174 2024 αἰώνων.
3193 1970 3386 2041 Ἀμήν.

297 2197 340 2229 ³⁸
369 2197 510 2277 ἕλοιο
528 2196 618 2277 ἂν]
650 2196 742 2277 Sic
765 2197 829 2251 K.
858 2197 1160 2277 .in_c:c-t_ei‘is
1193 2195 1258 2252 ἂν
1289 2195 1457 2251 deest.
1496 2194 1637 2277 αὐτὴ
1659 2190 1896 2277 ἔλοιοῖιέε

2005 2191 2212 2277 ιςὲῐρηιξ.
2263 2192 2331 2277 ,ξ’
2365 2190 2597 2277 ’ᾗπαγῆ
2635 2192 2761 2247 add.
2788 2191 2861 2264 μὴ
2883 2191 3200 2277 ςγένοιτοΛΚ.
3225 2188 3350 2277 οὖν]
3365 2193 3494 2277 γοῦν
3526 2192 3666 2277 Mor.

228 2268 356 2344 Bc“.
394 2263 617 2344 ἔργωνΪ
644 2267 783 2344 εὰᾱᾷ
812 2265 1008 2344 αὐτῶν-
1031 2268 1307 2344 i_idem_._p.
1337 2281 1412 2344 p:_
1425 2263 1731 2344 τούναντίον
1773 2263 1896 2344 ἤμει

2030 2263 2107 2344 .f"
2143 2263 2235 2344 sic
2261 2263 2336 2315 Μ-
2361 2263 2533 2344 )ίίηε
2577 2279 2853 2344 ἕαῖφκςυγε

472 2330 534 2390 ῶν
572 2330 702 2390 Sav.
747 2337 874 2390 an.
902 2336 1086 2392 invitis
1106 2330 1269 2392 codd:
1339 2330 1412 2368 ’³⁷
1447 2335 1660 2404 παιδίου
1692 2331 1896 2404 ψυχὴν]-

2001 2332 2136 2404 ηιδίον
2159 2330 2389 2404 ψυχικοῦ
2445 2330 2642 2404 _G.__M.
2801 2333 2866 2404 hi
2897 2348 2950 2402 p.
2977 2349 3032 2402 p.
3055 2333 3290 2404 παιδίου,
3317 2330 3422 2388 lion
3454 2335 3667 2388 παιδίον

225 2336 534 2391 έαλωκυιῶν
572 2338 702 2390 Sav.
747 2337 874 2390 an.
902 2336 1086 2392 invitis
1106 2336 1264 2392 codd.

225 2409 442 2461 habent.

225 2476 358 2533 Edd.
406 2476 529 2532 Mox
573 2477 778 2546 ίώμενα
818 2476 882 2532 G.

543 2407 587 2438 ³⁸
615 2408 662 2459 οί
693 2413 746 2459 ct
773 2423 826 2476 ρ.
869 2422 921 2476 p.
963 2409 1057 2461 καὶ
1086 2407 1284 2463 desunt.
1334 2408 1388 2460 in
1450 2405 1581 2460 Mor.
1635 2401 1896 2458 Βεὶιᾘπω]

2001 2401 2062 2473 τι]
2084 2401 2410 2455 ἀπολλύουσι
2431 2402 2497 2457 G.
2530 2401 2602 2456 M.

2062 2262 2107 2333 ⁸⁵
2143 2260 2235 2333 Sic
2261 2260 2336 2315 M.
2365 2262 2533 2333 “Mog,
2577 2260 3044 2333 καταχωνέύσασα
3102 2263 3164 2319 G.
3225 2263 3289 2318 K.
3331 2260 3494 2333 biiulo
3542 2275 3668 2319 ante

2709 2401 2752 2434 ³³
2785 2402 2880 2455 καὶ
2902 2401 3026 2457 ίοιιὶ.
3057 2402 3120 2458 G.
3153 2403 3217 2458 K.
3249 2419 3301 2474 ι).
3333 2419 3387 2474 p.
3427 2405 3668 2474 ἐκγόνων

1632 2680 1784 2756 [8'59]
1814 2680 2056 2735 οΜιΑιΑ
2093 2683 2163 2746 ιιι.

225 2777 646 2846 Πορευομένων
681 2776 749 2831 δὲ
785 2776 998 2842 αὐτῶν,
1035 2776 1162 2832 ἰδού
1199 2794 1358 2843 τινες
1389 2776 1498 2844 τῆς
1527 2773 1899 2840 κουστωδίας

296 2846 576 2918 ἐλθόντες
592 2849 679 2913 είς
690 2846 804 2916 τὴν
818 2850 1021 2910 πόλιν,
1037 2848 1400 2918 ἀνήγγειλαν
1415 2847 1532 2879 ⁸⁰·⁸²
1546 2845 1670 2918 τοῖς
1678 2845 1902 2918 ἀρχιερτ

296 2917 470 2986 εῦσιν
494 2917 728 2971 ἅπαντα
748 2913 818 2971 τὰ
850 2913 1300 2986 τενόμεναΪΚαὶ
1322 2916 1725 2985 συναχθέντες
1751 2913 1902 2986 μετὰ

297 2984 414 3039 τῶν
443 2984 876 3056 πρεσϐυτέρων,
905 2984 1271 3056 συμϐούλιόν
1299 3004 1362 3040 τε
1383 2984 1688 3051 λαϐόντες,
1719 2984 1900 3056 ἀργύ-

295 3072 393 3125 ρια
423 3053 599 3111 ἱκανὰ
619 3053 848 3110 ἔδωκαν
865 3053 997 3123 τοῖς
1015 3057 1416 3125 στρατιώταις,
1449 3058 1731 3125 λέγοντες
1749 3071 1762 3084 ·
1794 3053 1899 3106 Εἷ-

298 3143 448 3180 πατε
475 3126 565 3180 ὅτι
604 3129 668 3180 Οἱ
691 3127 943 3195 μαθηταὶ
970 3128 1154 3182 αὐτοῦ
1183 3128 1462 3193 ἐλθόντες
1490 3125 1710 3190 νυκτὸς
1732 3125 1900 3178 ἐκλε-

297 3201 426 3265 ψαν
457 3197 663 3260 αὑτὸν,
699 3196 866 3263 ήμῶν
911 3197 1304 3266 κοιμωμένων.
1338 3199 1448 3252 Καὶ
1478 3197 1586 3250 ἐὰν
1627 3195 1900 3266 ἀκουσθῇ

300 3267 475 3337 τοῦτο
516 3267 612 3337 ἐπὶ
646 3267 752 3320 τοῦ
786 3265 1108 3335 ἡγεμόνος,
1145 3267 1316 3336 ἡμεῖς
1355 3268 1644 3337 πείσομεν
1690 3265 1896 3330 αὐτὸν,

301 3336 398 3389 καὶ
430 3336 585 3404 ὑμᾶς
609 3337 968 3406 ἀμερίμνους
1003 3337 1355 3407 ποιήσομεν.

301 3438 369 3486 α’.
389 3431 488 3484 Διά
505 3431 729 3495 τούτους
744 3431 870 3495 τοὺς
889 3432 1225 3504 στρατιώτας
1237 3435 1265 3486 δ
1287 3432 1506 3503 σεισμὸς
1523 3432 1737 3501 ἐγένετο
1751 3432 1896 3485 ἐκεῖ·

230 3532 340 3578 νος,
373 3514 514 3567 ὥστε
542 3516 738 3577 αὐτοὺς
767 3515 1051 3584 ἐκπλῆξαι,
1110 3516 1204 3568 καὶ
1243 3517 1374 3586 παρ’
1419 3515 1597 3568 αὐτῶν
1643 3514 1897 3582 γενέσθαι

230 3598 328 3668 τὴν
353 3598 683 3668 μαρτυρίαν·
719 3599 854 3667 ὅπερ
878 3593 969 3650 οὖν
1003 3598 1096 3650 καὶ
1131 3598 1344 3669 συνέϐη.
1381 3599 1491 3652 Καὶ
1530 3597 1637 3669 γὰρ
1696 3596 1898 3650 ἀνύπο-

231 3698 364 3744 πτος
388 3683 421 3752 ἠ
449 3680 753 3749 ἀπαγγελία
787 3680 832 3711 ⁸³
879 3679 1048 3743 οὕτως
1089 3680 1302 3748 ἐγένετο
1333 3679 1485 3750 παρὰ
1507 3679 1614 3732 τῶν
1641 3679 1896 3747 φυλάκων

231 3763 632 3834 προφερομένη.
672 3761 792 3814 Τῶν
820 3760 926 3831 γὰρ
958 3761 1197 3831 σημείων
1220 3762 1288 3815 τά
1327 3761 1424 3831 μὲν
1461 3763 1611 3831 κοινῇ
1635 3764 1701 3831 τῇ
1728 3762 1898 3813 οἰκου-

234 3846 372 3919 μένῃ
403 3844 733 3898 ἐνεδείκνυτο
759 3842 825 3908 ⁸⁸,
857 3844 924 3896 τὰ
943 3843 1000 3896 δὲ
1028 3843 1132 3913 ίδίᾳ
1159 3845 1271 3906 τοῖς
1301 3845 1415 3896 ἐκεῖ
1440 3844 1673 3914 παροῦσι
1691 3858 1704 3871 '
1742 3845 1893 3914 κοινῇ

231 3930 333 4002 μὲν
361 3931 426 3999 τῇ
460 3927 750 3997 οίκουμένῃ
785 3926 844 3978 τὸ
879 3925 1088 3991 σκότος,
1121 3926 1226 3996 ίδίᾳ
1258 3925 1315 3978 δέ
1344 3925 1404 3978 τὸ
1430 3925 1524 3977 τοῦ
1555 3925 1810 3994 ἀγγέλου,
1835 3925 1896 3978 τὸ

229 4011 324 4065 τοῦ
358 4009 604 4081 σεισμοῦ.
625 4010 774 4061 Ἐπεὶ
800 4003 894 4062 οὖν
935 4004 1096 4078 ἦλθον
1140 4008 1235 4060 καὶ
1287 4007 1644 4079 ἀπήγγειλαν,
1677 4009 1751 4078 (ἡ
1785 4007 1892 4078 γὰρ

229 4093 454 4162 ἀλήθεια
475 4091 625 4164 παρά
641 4091 749 4144 τῶν
765 4091 1021 4144 ἐναντίων
1043 4091 1214 4161 ἀνακη
1224 4090 1521 4160 ρυττομένη
1545 4088 1836 4161 διαλάμπει
1854 4090 1892 4160 ο)

229 4176 435 4228 ἔδωκαν
462 4175 622 4227 πάλιν
647 4173 905 4246 ἀργύρια,
929 4173 1014 4225 ἵνα
1044 4171 1257 4236 εἴπωσι,
1287 4173 1596 4242 φησὶν,“οτι
1626 4175 1679 4226 οἱ
1702 4177 1894 4241 μαθη-

230 4259 322 4311 ταὶ
379 4257 564 4311 αὐτοῦ
590 4257 868 4321 ἐλθόντες
896 4255 1164 4322 ἔκλεψαν
1189 4254 1393 4308 αὐτόν.
1423 4254 1548 4317 Πῶς
1572 4253 1822 4324 ἔκλεψαν,
1849 4249 1894 4308 ὦ

231 4338 448 4392 πάντων
492 4337 839 4408 ἀνοητότατοι
857 4335 936 4400 ⁸⁸;
965 4335 1064 4388 Διά
1100 4333 1209 4406 γὰρ
1253 4334 1316 4388 τὸ
1358 4334 1607 4405 λαμπρὸν
1635 4338 1735 4407 τῆς
1761 4337 1896 4408 ἀλη-

231 4421 381 4484 θείας
437 4421 529 4474 καὶ
581 4419 896 4490 περιφανὲς,
927 4417 1047 4470 οὐδὲ
1082 4417 1281 4472 πλάσαι
1325 4418 1596 4473 δύνανται.
1631 4421 1741 4474 Kal
1787 4421 1894 4492 γὰρ

232 4505 436 4575 σφόδρα
459 4502 716 4556 ἀπίθανον
741 4502 803 4555 τὸ
833 4501 1140 4570 λεγόμενον,
1169 4502 1264 4555 καὶ
1290 4502 1411 4554 οὑδέ
1438 4505 1621 4573 σχῆμα
1655 4503 1717 4556 τὸ
1757 4503 1893 4573 ψεῦ-

229 4588 317 4650 δος
363 4583 495 4656 εἶχε.
550 4584 674 4648 Πῶς
729 4585 834 4656 γὰρ
886 4583 1163 4649 ἔκλεπτον,
1208 4584 1327 4637 εἰπέ
1376 4601 1483 4654 μοι,
1530 4585 1581 4636 οί
1632 4585 1891 4657 μαθηταὶ,

229 4671 503 4742 ἀνθρωττοι
547 4668 753 4737 πτωχοὶ
802 4666 896 4719 καὶ
945 4666 1168 4730 ἰδιῶται,
1200 4668 1294 4722 καὶ
1338 4668 1458 4721 οὐδὲ
1512 4669 1742 4739 φανῆναι
1773 4671 1894 4723 τολ-

233 4753 475 4824 μῶντες;
513 4752 605 4820 Μὴ
647 4752 757 4820 γὰρ
802 4750 901 4803 ούκ
933 4747 1000 4822 ἦν
1032 4753 1260 4822 σφραγὶς
1291 4751 1640 4823 ἐπικειμένη;
1674 4753 1748 4824 μὴ
1786 4753 1892 4825 γὰρ

229 4837 289 4890 οὐ
339 4835 718 4905 παρεκάθηντο
751 4832 990 4886 τοσοῦτοι
1025 4833 1280 4902 φύλακες,
1321 4833 1413 4886 καὶ
1444 4833 1770 4904 στρατιῶται
1800 4838 1894 4888 καὶ

241 4919 511 4982 Ἰουδαῖοι;
563 4916 638 4986 μὴ
701 4916 808 4985 γὰρ
869 4915 965 4984 οὐχ
1015 4912 1332 4970 ὑπώπτευον
1386 4914 1543 4967 τοῦτο
1595 4915 1744 4977 αὐτὸ,
1803 4917 1895 4969 καὶ

230 5001 562 5073 ἐμερίμνων,
619 4997 709 5052 καὶ
762 4995 1087 5066 ὴγρύπνουν,
1139 4995 1233 5048 καὶ
1284 4994 1597 5064 ἐφρόντιζον
1660 4997 1891 5060 ἐκεῖνοι;

231 5084 387 5146 Τίνος
433 5081 490 5134 δέ
525 5081 709 5133 ἕνεκεν
754 5079 848 5131 καὶ
892 5077 1187 5141 ἔκλεπτον;
1233 5076 1324 5128 ἵνα
1381 5076 1629 5129 πλάσωσι
1671 5076 1732 5130 τὸ
1790 5078 1894 5146 τῆς

232 5166 578 5227 ἀναστάσεως
603 5162 812 5232 δόγμα;
863 5161 974 5215 Kal
1006 5160 1122 5222 πῶς
1155 5159 1220 5212 ἂν
1248 5159 1479 5231 ἐπῆλθεν
1505 5160 1690 5223 αὐτοῖς
1716 5160 1893 5214 τοιοῦ-

230 5249 322 5300 τόν
348 5265 400 5301 τι
429 5245 650 5309 πλάσαι,
694 5242 998 5313 ἀνθρώποις
1044 5241 1348 5309 ἀγαπῶσιν,
1401 5242 1482 5295 ὅτι
1525 5242 1892 5312 κρυπτόμενοι

234 5329 396 5396 ζῶσι;
438 5328 554 5391 πῶς
607 5328 651 5380 δ’
681 5325 747 5380 ἂν
797 5325 886 5378 τὸν
923 5324 1067 5378 λίθον
1119 5323 1326 5378 ἀνεῖλον
1352 5324 1397 5354 ⁸⁶
1424 5324 1515 5377 τὸν
1547 5324 1890 5394 ἠσφαλισμέ-

233 5426 356 5475 νον;
390 5410 506 5472 πῶς
530 5409 575 5462 δ’
607 5407 672 5462 ἂν
700 5407 824 5470 τοὺς
856 5404 1138 5467 τοσούτους
1164 5403 1433 5469 διέλαθον;
1472 5405 1664 5459 Καίτοι
1712 5407 1760 5458 εί
1793 5405 1890 5459 καὶ

236 5491 459 5546 θανάτου
498 5490 883 5562 κατεφρόνουν,
922 5488 1022 5541 ούκ
1065 5487 1131 5540 ἂν
1191 5487 1551 5558 ἐπεχείρησαν
1611 5488 1736 5558 είκῆ
1794 5489 1889 5542 καὶ

237 5575 412 5645 μάτην
450 5573 855 5645 κατατολμῆσαι
876 5573 919 5604 ⁸⁷
961 5569 1228 5624 τοσούτων
1259 5570 1427 5626 ὄντων
1449 5569 1726 5640 φυλάκων.
1769 5571 1890 5624 Ὅτι

307 5706 422 5738 HM
461 5706 797 5828 ἀπὲγγειλαν
841 5703 905 5758 Κ.
970 5702 1038 5760 Νι

311 5776 524 5828 ἀνόητοι
593 5793 640 5828 ι).
672 5775 806 5828 Mor.
904 5775 949 5807 ⁵⁸
985 5774 1038 5828 Si

235 5777 281 5809 ⁸³
311 5776 524 5848 ἀνόητοι
548 5775 645 5848 βυ.
672 5775 806 5848 Mor.

239 5843 478 5916 ρουντες.
551 5843 603 5876 ⁸⁸
630 5844 804 5916 ζῶντα
828 5845 978 5916 ἀθεεὶ
1008 5845 1064 5899 in
1115 5843 1272 5916 meis.
1350 5845 1394 5875 ⁸⁹
1434 5844 1688 5916 Δικαίως]
1724 5845 1814 5916 Sic
1844 5844 1908 5898 K.

1142 5702 1189 5735 ⁸³
1217 5702 1518 5770 ἐπαγγελία
1573 5702 1637 5756 Κ.
1693 5702 1761 5759 Ν.
1805 5703 1938 5759 Mor.

904 5775 949 5807 ⁵⁸
985 5774 1074 5828 Sic
1098 5771 1233 5828 Edd.
1257 5775 1472 5828 codices
1503 5774 1791 5829 ἀνείλοντο.
1822 5776 1868 5828 δ’
1891 5773 1980 5834 ἂν]
2011 5776 2076 5832 ἂν
2114 5779 2180 5832 G.
2214 5778 2276 5834 P.

2001 2770 2058 2825 δέ
2090 2770 2184 2824 καὶ
2208 2768 2371 2822 δειλοὶ
2391 2763 2551 2840 ἦσαν,
2581 2768 2818 2839 ἐδήλωσε
2858 2767 2926 2822 τὰ
2966 2767 3275 2840 ἔμπροσθεν
3303 2772 3663 2842 γεγενημένα.

2003 2852 2132 2906 Ὅτε
2159 2852 2286 2921 γοῦν
2310 2847 2449 2904 εἶδον
2474 2850 2637 2904 αὐτὸν
2667 2849 3110 2920 συνειλημμένον,
3167 2852 3407 2916 ἅπαντες
3451 2855 3668 2925 ἀπεπή-

2000 2935 2188 3005 δησαν.
2224 2935 2288 2987 El
2318 2933 2498 2987 τοίνυν
2525 2933 2646 2985 τότε
2689 2932 2811 2985 ούδέ
2866 2933 3055 3003 στῆναι
3081 2935 3386 3007 ἐτόλμησαν
3421 2936 3598 3002 ζῶντα
3619 2938 3666 2972 ⁸³

1999 3017 2254 3089 ὁρῶντες,
2282 3015 2398 3079 πῶς
2421 3015 2784 3080 ἀποθανόντος
2813 3015 2913 3068 ούκ
2935 3016 3003 3070 ἂν
3031 3017 3375 3090 ἐφοϐήθησαν
3397 3022 3668 3076 τοσούτων

2002 3099 2348 3172 στρατιωτῶν
2380 3099 2618 3170 πλῆθος;
2654 3099 2746 3169 Μὴ
2774 3098 2882 3170 γάρ
2921 3098 3092 3170 θύραν
3121 3096 3190 3171 ἦν
3213 3103 3546 3174 ἀνατρέψαις
3589 3105 3666 3178 μὴ

1999 3181 2108 3253 γὰρ
2145 3183 2240 3235 ἕνα
2269 3182 2483 3250 λαθεῖν;
2531 3180 2694 3244 Δίθος
2725 3181 2978 3234 ἐπέκειτο
3013 3182 3208 3251 μέγας,
3244 3183 3455 3239 πολλῶν
3478 3186 3667 3258 δεόμε-

1999 3281 2089 3327 νος
2133 3265 2350 3335 χειρῶν.
2396 3264 2632 3326 Δικαίως
2668 3262 2713 3295 ⁸⁸
2759 3262 2977 3331 ἔλεγον’
3019 3263 3127 3317 Kal
3162 3267 3335 3321 ἐσται
3363 3269 3403 3336 ἠ
3435 3267 3666 3338 ἐσχάτη

1999 3348 2200 3416 πλάνη
2254 3348 2467 3416 χείρων
2493 3346 2602 3415 τῆς
2651 3345 2920 3414 πρώτης’
2960 3346 3082 3400 καθ’
3109 3348 3318 3402 ἑαυτῶν
3370 3351 3658 3419 ἀποφαινό-

2002 3447 2151 3501 μενοι
2183 3429 2358 3488 τοῦτο,
2394 3430 2474 3482 ὅτι
2509 3427 2644 3498 μετὰ
2665 3426 2814 3500 [840]
2840 3427 3108 3499 τοσαύτην
3136 3430 3334 3499 μανίαν
3353 3430 3470 3484 δέον
3503 3450 3667 3502 μετα-

1999 3514 2208 3584 νοῆσαι,
2240 3514 2289 3565 οί
2333 3512 2390 3565 δὲ
2439 3511 2535 3565 καὶ
2572 3511 2998 3579 ἐπαγωνίζονται
3025 3514 3136 3574 τοῖς
3159 3514 3463 3584 προτέροις,
3499 3532 3666 3569 κατα-

1998 3596 2235 3664 γέλαστα
2286 3595 2612 3657 πλάττοντες
2649 3594 2945 3664 πλάσματα
2970 3594 3041 3658 ⁸⁸,
3085 3597 3177 3649 καὶ
3220 3597 3420 3660 ζῶντος
3464 3598 3564 3669 μὲν
3603 3599 3667 3653 τὸ

1996 3674 2137 3750 αἷμα
2185 3677 2503 3748 ὠνούμενοι,
2535 3676 2940 3748 σταυρωθέντος
2983 3677 3041 3730 δὲ
3091 3678 3185 3731 καὶ
3209 3680 3538 3746 ἀναστάντος
3573 3681 3667 3736 τὸν

1996 3761 2126 3832 περὶ
2160 3763 2258 3830 τῆς
2301 3760 2655 3824 ἀναστάσεως
2701 3759 2862 3813 πάλιν
2892 3758 2981 3812 διά
3012 3761 3310 3831 χρημάτων
3335 3761 3666 3834 ὑπορύττον-

1993 3861 2086 3906 τες
2119 3843 2297 3911 λόγον.
2333 3844 2405 3896 Σὺ
2436 3843 2493 3896 δέ
2542 3859 2633 3914 μοι
2679 3842 2872 3895 σκόπει
2910 3842 3025 3906 πῶς
3051 3842 3117 3896 δι’
3148 3837 3222 3897 ὧν
3274 3844 3518 3900 ποιοῦσιν
3545 3846 3665 3902 ἀλί-

1995 3943 2213 3978 σκονται
2241 3923 2534 3996 πανταχοῦ.
2566 3926 2630 3977 Εἰ
2663 3925 2771 3997 γὰρ
2815 3924 2890 3996 μὴ
2920 3925 3222 3996 προσῆλθον
3255 3925 3490 3999 Πιλάτῳ,
3527 3930 3666 4002 μηδὲ

1994 4008 2200 4079 ᾔτησαν
2262 4007 2358 4077 τὴν
2409 4007 2740 4060 κουστωδίαν
2764 4045 2779 4070 ,
2844 4008 3041 4078 μᾶλλον
3109 4008 3367 4078 ἠδύναντο
3441 4012 3665 4067 τοιαῦτα

1993 4092 2396 4162 ἀναισχυντεῖνο
2446 4090 2564 4144 νυνὶ
2592 4089 2648 4143 δέ
2670 4089 2875 4146 οὐκέτι.
2932 4090 3044 4145 Καὶ
3073 4092 3182 4162 γὰρ
3212 4087 3403 4165 ὥσπερ
3429 4095 3666 4148 σπουδά-

1993 4174 2177 4238 ζοντες
2239 4173 2556 4245 ἀπορράψαι
2610 4172 2681 4226 τὰ
2726 4176 2902 4228 οίκεῖα
2953 4173 3234 4245 στόματα,
3285 4175 3426 4229 οὕτω
3486 4177 3664 4233 πάντα

1993 4257 2254 4328 ἔπραξαν.
2310 4257 2374 4309 El
2405 4256 2513 4326 γὰρ
2545 4260 2884 4328 γρηγορῆσαι
2918 4257 3018 4310 οὐκ
3060 4257 3282 4328 ἴσχυσαν
3334 4259 3449 4329 μετ’
3475 4259 3661 4324 αὐτοῦ,

1993 4342 2087 4394 καὶ
2142 4339 2313 4394 ταῦτα
2359 4337 2739 4410 ὀνειδιζόμενοι
2793 4339 2926 4410 παρ’
2958 4339 3160 4407 αὐτοῦ,
3216 4339 3334 4404 πῶς
3387 4341 3456 4395 ἂν
3504 4343 3664 4396 τοῦτο

1992 4423 2324 4493 ἐτόλμησανς
2375 4423 2529 4476 Διατί
2558 4422 2614 4474 δὲ
2647 4421 2721 4492 μὴ
2768 4423 2875 4493 πρὸ
2901 4421 3090 4474 τούτου
3143 4421 3400 4492 ἔκλεψαν,
3432 4423 3548 4478 ἀλλ’
3573 4426 3662 4478 ὅτε

1994 4509 2148 4578 ὑμεῖς
2173 4506 2362 4576 ἤλθετε
2379 4507 2458 4571 ⁸¹;
2497 4507 2562 4559 Εἰ
2585 4505 2694 4575 γὰρ
2724 4505 3006 4558 ἐϐούλοντο
3033 4504 3189 4558 τοῦτο
3216 4505 3461 4578 ποιῆσαι,
3495 4508 3664 4579 μηδέ-ο

1993 4605 2080 4642 πω
2144 4589 2552 4659 φυλαττομένης
2621 4589 2718 4658 τῆς
2785 4589 2959 4658 θήκης
3033 4588 3294 4658 ἐποίησαν
3366 4589 3434 4643 ἂν
3487 4593 3545 4645 ἐν
3589 4593 3658 4664 τῇ

1993 4670 2182 4742 πρώτῃ
2243 4671 2436 4735 νυκτὶ,
2497 4673 2582 4724 ὅτε
2643 4671 2729 4723 καὶ
2769 4669 3050 4724 ἀκίνδυνον
3113 4671 3202 4724 καὶ
3259 4672 3514 4741 ἀσφαλές.
3569 4674 3660 4745 Τῷ

1992 4753 2099 4824 γὰρ
2138 4752 2390 4822 σαϐϐάτῳ
2421 4751 2804 4823 προσελθόντες
2828 4752 3096 4822 ᾐτήσαντο
3127 4751 3278 4823 παρὰ
3306 4751 3397 4806 τοῦ
3429 4753 3658 4808 Πιλάτου

1990 4835 2087 4906 τὴν
2114 4835 2462 4899 κουστωδίαν,
2504 4836 2597 4888 καὶ
2641 4834 2939 4904 ἐφύλαττον
2961 4851 2976 4864 ο
3005 4836 3103 4905 τὴν
3125 4833 3182 4886 δέ
3221 4833 3444 4907 πρώτην
3489 4837 3659 4892 νύκτα

1990 4918 2167 4981 οὐδεὶς
2193 4917 2396 4972 τούτων
2421 4917 2500 4988 τῷ
2524 4919 2678 4989 τάφῳ
2711 4919 2911 4989 παρῆν.

2064 5001 2130 5071 βυ.
2171 5001 2236 5053 Τί
2281 5001 2336 5053 δὲ
2383 5000 2629 5070 βούλεται
2667 5001 2761 5055 και
2803 5001 2875 5053 τὰ
2915 5000 3176 5071 σουδάρια
3215 5001 3288 5056 τὰ
3330 5005 3396 5073 τῇ
3446 5003 3659 5076 σμύρνῃ

1993 5083 2459 5153 προσπεπηγότα;
2495 5082 2667 5136 ταῦτα
2706 5085 2816 5154 γὰρ
2849 5080 2986 5136 εἶδεν
3019 5083 3048 5135 ὁ
3083 5083 3289 5154 Πέτρος
3316 5085 3563 5154 κείμενα.
3595 5085 3658 5139 Ei

1991 5165 2100 5235 γὰρ
2121 5165 2401 5218 ἐϐούλοντο
2429 5166 2646 5235 κλέψαι,
2671 5167 2769 5218 οὐκ
2793 5165 2859 5218 ἂν
2885 5166 3091 5236 γυμνὸν
3113 5165 3347 5236 ἔκλεψαν
3374 5168 3435 5222 τὸ
3465 5169 3626 5240 σῶμα
3644 5185 3656 5199 '

1991 5249 2052 5302 οὐ
2079 5248 2166 5302 διά
2187 5248 2248 5302 τὸ
2282 5248 2499 5319 ὑϐρίσαι
2551 5250 2728 5319 μόνον,
2757 5248 2872 5302 ἀλλ’
2896 5248 3036 5302 ὥστε
3072 5249 3146 5320 μὴ
3187 5251 3244 5304 ἐν
3271 5251 3350 5322 τῷ
3403 5253 3660 5307 ἀποδύειν

1997 5331 2213 5402 μέλλειν
2265 5333 2361 5386 καὶ
2430 5331 2731 5402 βραδύνειν,
2793 5331 2890 5385 καὶ
2934 5332 3194 5404 παρέχειν
3244 5335 3358 5397 τοῖς
3400 5333 3658 5406 βουλομέ-

1994 5431 2105 5476 νοις
2153 5414 2500 5485 διαναστῆναι
2555 5414 2649 5468 καὶ
2711 5417 3021 5484 κατασχεῖν.
3068 5414 3318 5470 Μάλιστα
3363 5417 3451 5469 ὅτε
3492 5417 3660 5486 σμύρο

1994 5511 2064 5548 να
2090 5491 2178 5566 ἦν,
2207 5495 2497 5567 φάρμακον
2548 5494 2689 5548 οὕτω
2733 5495 2995 5560 κολλῶδες
3027 5496 3105 5568 τῷ
3150 5497 3379 5568 σώματι,
3415 5498 3510 5552 καὶ
3545 5502 3659 5562 τοῖς

1998 5575 2233 5646 ἱματίοις
2262 5578 2655 5650 προσπεπηγός
2674 5594 2688 5609 ·
2717 5579 2838 5632 ὅθεν
2869 5580 2970 5633 οὐκ
3007 5579 3226 5634 εὔκολον
3249 5574 3318 5651 ἦν
3345 5581 3657 5636 ἀποσπάσαι

2039 5707 2087 5740 ⁸⁸
2105 5709 2421 5792 ἐδείκνυντο.
2469 5709 2669 5792 (quod‘
2703 5718 2826 5791 p95!
2862 5709 3101 5792 παροῦσι
3125 5710 3429 5792 collocgml)
3453 5710 3547 5792 _G.
3592 5711 3654 5769 P.

2377 5779 2421 5853 ⁸⁷
2450 5779 2879 5853 κμτατολμῆσαι]
2897 5779 2987 5836 Sic
3004 5780 3164 5853 _Edd_.
3203 5779 3422 5853 cogiiceé
3449 5783 3658 5852 ἐπιχει-

1991 5887 2015 5922 ,_
2049 5848 2183 5922 hinc,
2214 5845 2537 5922 cwtcri__05v
2585 5845 2807 5906 adduxit.
2862 5845 2879 5853 ’
2913 5853 2961 5884 ⁵⁰
2997 5849 3088 5906 Sic
3124 5849 3222 5922 Ep.
3257 5850 3383 5907 Sav.
3410 5862 3463 5908 et
3485 5845 3652 5909 τάξω.

239 5913 563 5984 πράττοντες
589 5913 882 5984 πράγματα
909 5913 1042 5970 Mor.
1076 5913 1399 5976 πλάττοντες
1438 5913 1737 5985 πράγματα
1769 5914 1896 5971 Ben.

2005 5920 2018 5950 ⁸
2052 5919 2278 5974 Codices
2301 5918 2599 5990 είσήλθετε.
