4104 6380
346 337 456 396 789

344 463 467 510 erat
491 450 806 505 vestimenta
836 462 868 502 a
902 459 1129 516 corpore
1167 443 1420 509 avellere,
1462 442 1554 498 sed
1582 441 1748 496 multo
1773 440 1838 494 ad
1870 440 1919 493 id

346 557 590 613 tempore
635 555 770 613 opus
811 548 964 596 erat:
1013 538 1083 592 ita
1114 546 1170 590 ut
1207 535 1288 591 vel
1319 535 1443 589 hinc
1474 534 1668 588 furtum
1697 530 1824 585 illud
1855 531 1924 584 sit

347 635 679 690 incredibile.
729 635 812 686 An
861 646 992 686 vero
1038 628 1312 686 Judaicum
1349 626 1584 681 furorem
1628 639 1732 678 non
1761 636 1924 676 nove-

347 737 489 792 rant,
533 726 621 794 qui
654 725 706 779 in
737 739 796 778 se
819 721 1209 778 convertendus
1250 719 1405 774 eral?
1448 717 1582 784 Quid
1613 731 1770 787 porro
1799 714 1923 768 hinc

349 822 480 876 lucri
511 819 637 882 illis,
667 819 711 872 si
741 832 846 870 non
876 813 1296 870 resurrexisset?
1350 811 1474 866 "'ch
1520 819 1697 863 autem
1742 807 1918 861 omnia

345 928 468 968 cum
517 926 577 966 se
620 909 836 965 ﬁnxisse
861 908 961 964 sibi
986 907 1185 962 conscii
1213 913 1424 970 essent,
1474 903 1751 972 pecuniam
1791 900 1920 954 dant

345 1012 400 1057 et
423 1002 603 1056 dicunt
632 1018 645 1054 :
680 1000 805 1055 Πωο
846 1014 942 1054 vos
966 998 1147 1062 dicite,
1179 1007 1234 1053 et
1263 1011 1359 1050 nos
1391 994 1597 1066 praesidi
1630 992 1917 1063 persuade-

347 1093 539 1147 bimus.
569 1091 721 1146 Hunc
747 1090 890 1145 enim
917 1103 1187 1143 rumorem
1218 1086 1395 1156 spargi
1421 1085 1690 1148 volebant,
1723 1083 1919 1137 frustra

348 1191 534 1237 contra
563 1182 840 1236 veritatem
865 1181 1227 1243 decertantes,
1257 1193 1320 1232 ac
1346 1193 1440 1248 per
1468 1193 1528 1232 ea
1553 1177 1744 1245 quibus
1773 1175 1917 1228 illam

346 1274 635 1328 obscurare
680 1272 1008 1342 satagebant,
1058 1270 1470 1340 splendidiorem
1497 1269 1579 1323 vel
1607 1267 1754 1321 inviti
1791 1266 1919 1321 red-

345 1365 555 1419 deiites.
605 1363 736 1419 Nam
788 1364 889 1418 hoc
929 1363 1374 1418 resurrectionem
1421 1360 1733 1425 conﬁrmat,
1775 1359 1918 1430 quod

346 1457 526 1511 dicant
572 1457 858 1526 discipulos
901 1456 1047 1510 illum
1099 1455 1296 1508 furatos
1360 1469 1478 1508 eSse
1531 1470 1543 1505 :
1601 1453 1920 1507 conﬁtentur

346 1549 488 1603 enim
534 1563 727 1616 corpus
775 1557 898 1601 tunc
939 1546 1008 1599 ibi
1051 1562 1154 1598 non
1182 1544 1364 1599 fuisse.
1390 1544 1521 1597 Cum
1550 1553 1723 1597 autem
1755 1539 1918 1596 conﬁ—

349 1648 559 1694 teantur
586 1655 780 1708 corpus
823 1639 892 1692 ibi
942 1655 1046 1690 non
1091 1637 1271 1700 fuisse,
1317 1635 1618 1703 furtumque
1645 1633 1834 1687 falsum
1865 1639 1919 1685 et

346 1731 657 1786 incredibile
695 1730 966 1784 declarent
1010 1729 1232 1782 militum
1279 1725 1580 1795 praesentia,
1626 1723 1912 1794 signacula,

344 1822 831 1891 discipulorumque
857 1821 1129 1884 timiditas,
1155 1818 1387 1872 indubita
1421 1817 1544 1871 hinc
1570 1817 1918 1870 resurrectio-

348 1915 430 1967 uis
474 1913 858 1968 demonstratio
905 1917 1126 1964 eruitur.
1177 1915 1422 1966 Attamen
1465 1906 1800 1975 impudentes
1840 1906 1916 1959 illi

347 2004 435 2070 qui
465 2003 595 2057 niliil
627 2018 730 2057 non
757 2001 1039 2065 audebant,
1072 2001 1194 2054 licet
1225 2011 1300 2054 tot
1328 2011 1575 2069 tantaque
1603 1995 1932 2066 essentqutc'

347 2097 464 2149 illos
479 2095 847 2149 obmutescere
863 2101 1130 2162 cogerent,
1153 2092 1331 2157 Dicite,
1352 2091 1516 2154 aiunt,
1539 2100 1585 2142 et
1608 2106 1697 2144 nos
1711 2103 1917 2157 persua-

347 2189 592 2252 debimus,
622 2205 682 2241 ac
720 2205 807 2241 vos
835 2203 1035 2241 securos
1065 2185 1350 2239 reddemus.
1380 2183 1564 2238 Viden’
1593 2198 1778 2237 omnes
1797 2197 1916 2236 cor-

346 2279 570 2348 ruptos?
606 2279 869 2334 Pilatum?
919 2277 1034 2348 Ipse
1066 2277 1208 2332 enim
1241 2275 1643 2344 obtemperavit.
1690 2271 1916 2328 Milites?

346 2371 596 2440 p0pulum
623 2370 941 2424 Judaicum?
980 2369 1084 2424 Sed
1114 2383 1180 2422 ne
1207 2368 1416 2422 mireris
1443 2367 1485 2419 si
1515 2365 1751 2434 pecuniae
1775 2363 1915 2417 mili-

346 2471 425 2515 tes
470 2461 794 2531 subegerint.
842 2459 975 2514 Nam
1024 2461 1067 2513 si
1117 2468 1314 2512 tantam
1357 2457 1408 2511 in
1452 2456 1765 2525 discipulum
1809 2454 1914 2508 vim

345 2553 661 2618 habuerunt,
703 2554 870 2607 multo
910 2553 1076 2621 magis
1115 2550 1254 2620 apud
1304 2550 1440 2603 illos.
1496 2547 1560 2600 Et
1605 2547 1916 2618 divulgatum

344 2659 440 2714 est,
471 2648 657 2717 inquit,
688 2647 890 2701 verbum
919 2646 1012 2700 hoc
1029 2662 1184 2713 usque
1206 2644 1260 2697 in
1287 2653 1582 2714 praesentem
1601 2642 1732 2694 diem
1754 2642 1793 2692 ¹.
1822 2642 1912 2694 Vi-

345 2739 466 2794 den‘
522 2753 730 2793 rursum
777 2736 1160 2806 discipulorum
1207 2733 1595 2789 veraeitatem?
1645 2731 1914 2801 quomodo

347 2847 449 2886 non
477 2826 791 2885 erubescant
817 2829 1020 2887 dicere.
1062 2827 1194 2880 hanc
1221 2837 1402 2880 contra
1440 2825 1560 2880 illos
1590 2823 1783 2878 famam
1813 2824 1912 2876 ob-

347 2925 612 2978 tinuisse?
650 2923 735 2977 16.
792 2920 1036 2975 Undecim
1085 2931 1248 2972 autem
1295 2919 1532 2986 discipuli
1580 2917 1811 2971 abierunt
1861 2916 1913 2968 in

347 3015 654 3079 Galilaeam;
701 3015 786 3068 i7.
836 3022 883 3067 et
920 3012 1010 3064 alii
1046 3011 1251 3077 quidem
1291 3009 1645 3071 adorcverunt,
1677 3007 1767 3059 alii
1801 3021 1915 3058 cum

345 3109 508 3175 ipsum
535 3107 792 3169 vidissent,
824 3103 1192 3158 dubitaverunt.
1234 3101 1330 3156 Hic
1375 3099 1503 3154 inibi
1535 3109 1803 3169 postremo
1834 3097 1915 3150 vi-

342 3201 500 3255 detur
523 3200 669 3253 visus
695 3211 815 3251 esse
856 3196 908 3250 in
937 3194 1174 3257 Galilaea,
1218 3192 1430 3262 quando
1476 3192 1592 3244 illos
1638 3190 1816 3243 emisit
1859 3196 1948 3256 ut,

344 3293 692 3361 baptizareiit.
721 3289 873 3359 Quod
897 3289 940 3342 si
971 3287 1184 3358 quidam
1213 3285 1592 3350 dubitaverint,
1631 3283 1753 3336 hinc
1783 3296 1916 3351 quo-

343 3400 445 3455 que
472 3385 680 3437 illorum
713 3380 1054 3436 veracitatem
1086 3378 1297 3442 mirare,
1340 3373 1606 3445 quomodo
1634 3388 1823 3440 nempe
1846 3373 1912 3426 ad

344 3477 581 3530 ultimam
611 3489 778 3542 usque
805 3472 947 3526 diem
978 3470 1314 3524 inﬁrmitates
1337 3482 1460 3521 suas
1490 3481 1595 3520 non
1621 3467 1905 3520 occultent.

345 3569 590 3621 Attamen
638 3580 703 3618 ex
746 3564 884 3617 illius
916 3569 1212 3629 conspectu
1258 3557 1558 3614 conﬁrmati
1601 3566 1744 3610 sunt.
1775 3556 1912 3624 Quid

343 3672 470 3727 ergo
497 3657 615 3709 illos
645 3654 980 3722 conSpiciens
1014 3650 1185 3705 dixit?
1215 3649 1301 3703 18.
1334 3648 1471 3701 Data
1497 3658 1568 3701 est
1597 3647 1724 3700 mihi
1751 3647 1914 3700 omnis

345 3757 564 3818 potestas
605 3747 657 3799 in
687 3745 811 3799 caelo
837 3755 885 3798 et
912 3745 967 3798 in
997 3754 1149 3797 terra.
1176 3743 1376 3795 Rursus
1403 3742 1633 3794 humano
1659 3754 1810 3794 more
1836 3739 1914 3791 lo-

342 3841 523 3911 quitur
550 3841 652 3894 illis
677 3858 691 3903 ;
726 3839 963 3892 nondum
993 3837 1136 3891 enim
1163 3845 1479 3904 acceperant
1506 3836 1760 3904 Spiritum
1786 3849 1910 3887 san-

342 3943 508 3998 ctum,
536 3933 622 4002 qui
655 3931 773 3985 illos
813 3930 1151 3985 sublimiores
1175 3927 1428 3982 efficeret.
1473 3927 1558 3982 l9.
1591 3926 1780 3979 Eunles
1816 3927 1912 3978 do-

342 4035 448 4080 cete
471 4041 640 4078 omnes
680 4034 867 4092 gentes,
901 4021 1207 4091 baptizantes
1251 4036 1334 4074 eos
1359 4020 1410 4072 in
1437 4020 1636 4071 nomine
1672 4017 1842 4070 Putris
1866 4027 1912 4068 ut

344 4115 471 4170 Filii
499 4126 546 4170 et
587 4114 811 4184 Spiritus
852 4112 1012 4167 sancti
1039 4127 1057 4164 :
1079 4111 1169 4165 20.
1217 4110 1448 4162 docentes
1473 4125 1555 4162 eos
1583 4124 1780 4162 servare
1801 4124 1911 4159 om-

344 4211 430 4263 nia
469 4224 790 4279 qnwcumque
832 4205 1069 4258 mandavi
1108 4202 1264 4256 vobis.
1303 4201 1378 4255 De
1404 4200 1757 4270 dogmatibus,
1787 4201 1909 4253 item

341 4303 410 4357 de
441 4301 725 4371 praeceptis
761 4297 1042 4361 mandans,
1087 4294 1392 4349 Judzeorum
1420 4309 1487 4348 ne
1517 4293 1760 4346 meminit
1793 4293 1909 4360 qui-

343 4395 486 4460 dem,
518 4409 689 4463 neque
715 4392 766 4445 in
796 4391 1024 4444 medium
1059 4387 1258 4458 profert
1286 4403 1346 4440 ea
1377 4399 1493 4456 qtae
1517 4387 1647 4440 facta
1679 4387 1907 4450 fuerant,

345 4501 516 4555 neque
544 4485 700 4538 Petro
729 4481 1083 4550 negationem,
1112 4479 1195 4532 vel
1221 4478 1443 4531 aliorum
1492 4477 1582 4530 ulli
1619 4476 1790 4545 fugam
1821 4492 1914 4530 ex-

345 4577 593 4648 probrat;
621 4574 773 4643 jubet
797 4584 974 4628 autem
1003 4586 1096 4640 per
1124 4571 1306 4625 orbein
1338 4569 1533 4622 effundi
1565 4568 1911 4636 compendio-

343 4683 454 4722 sam
483 4668 624 4721 illam
663 4663 909 4734 baptismi
947 4663 1263 4718 doctrinam.
1309 4661 1509 4715 Deinde
1555 4664 1675 4730 quia
1725 4675 1910 4728 magna

345 4762 448 4815 illis
471 4768 813 4829 pra-ceperat,
845 4756 1077 4826 ipsorum
1112 4757 1317 4808 animos
1339 4754 1607 4817 attollens,
1643 4753 1748 4805 ait:
1781 4750 1915 4803 Eice

342 4868 433 4921 ego
459 4850 707 4904 vobiscum
727 4865 840 4901 sunt
866 4846 1096 4899 omnibus
1118 4843 1290 4898 diebus
1317 4860 1471 4910 usque
1497 4843 1564 4895 ad
1588 4857 1909 4895 consumam-

343 4946 528 4998 tionem
569 4940 760 4994 swculi.
803 4937 990 4992 Viden'
1027 4951 1234 4990 rursum
1283 4934 1694 4987 auctoritatem?
1739 4931 1913 4985 vidcu’

341 5032 613 5106 quomodo
640 5031 723 5085 illa
753 5044 874 5085 sese
900 5025 1286 5096 attemperandi
1326 5039 1486 5078 causa
1521 5023 1752 5076 dixerit?
1793 5021 1906 5074 Non

340 5143 461 5183 cum
489 5125 591 5180 illis
616 5124 787 5178 solum
811 5137 870 5176 se
896 5121 1007 5175 fore
1026 5119 1180 5181 dixit,
1209 5118 1304 5172 sed
1331 5119 1490 5170 etiam
1517 5130 1636 5170 cum
1665 5114 1912 5167 onmibus

341 5219 430 5289 qui
461 5215 724 5288 pastillos
751 5211 1008 5268 credituri
1035 5221 1208 5266 erant.
1260 5209 1440 5278 Neque
1487 5207 1631 5260 enim
1684 5205 1909 5274 apostoli

343 5324 510 5378 usque
557 5305 623 5360 ad
674 5302 1185 5360 consummationem
1216 5300 1393 5354 saiculi
1425 5298 1662 5352 mansuri
1707 5308 1861 5350 erant
1893 5313 1906 5347 :

343 5399 437 5454 sed
475 5397 718 5452 ﬁdelibus
764 5394 1009 5449 omnibus
1068 5393 1216 5462 quasi
1259 5392 1345 5444 uni
1395 5391 1606 5458 corpori
1652 5391 1906 5458 loquitur.

343 5491 422 5548 Ne
465 5491 615 5555 milii,
648 5489 837 5558 inquit,
878 5486 1244 5541 difﬁcultatem
1275 5499 1450 5537 rerum
1493 5483 1735 5537 dixeritis
1775 5496 1912 5549 :ego

343 5587 486 5640 enim
527 5584 799 5638 vobiscum
829 5595 969 5644 sum,
1014 5579 1102 5649 qui
1132 5578 1310 5631 omnia
1353 5575 1524 5631 facilia
1569 5575 1754 5630 reddo.
1800 5574 1910 5628 lloc

406 5719 425 5752 ¹
461 5717 741 5770 Oommelin.
778 5723 828 5764 et
865 5712 1027 5762 Morel.
1050 5712 1257 5766 habent,
1285 5716 1338 5758 El
1377 5710 1667 5771 divulgetmn
1705 5712 1774 5757 est
1810 5719 1915 5757 t'er-

343 5780 456 5831 han
476 5778 564 5832 hoc
578 5779 710 5841 apud
724 5781 935 5827 Judieos.

640 5864 912 5926 Ρηιιοι.
959 5865 1075 5928 GR.
1125 5862 1335 5925 Ll'lll.

1355 331 1429 386 ,ΙΝ
1466 325 1870 384 ΜΑΤΤΙΙᾹΞυΜ
1911 325 2138 380 ηυλιιιλ.
2166 325 2276 382 XC.
2307 331 2378 383 al.
2421 331 2556 386 XCI.

3504 339 3607 394 790

2035 441 2192 493 etiam
2244 441 2518 512 prophetis
2563 446 2612 496 in
2663 447 2827 500 veteri
2857 448 2970 517 lege
2998 449 3250 507 dicebat:
3281 448 3606 509 ctJeremiie

2031 532 2305 598 pueritiam
2351 533 2682 600 oliteudenti,
2726 547 2781 592 et
2826 539 2992 610 Moysi
3028 550 3082 594 et
3110 542 3604 600 Ezecliielisubter-

2029 621 2372 691 fugientibus,
2407 625 2512 697 Ego
2537 628 2781 682 vobiscum
2807 647 2938 695 sunt,
2968 631 3157 701 inquit.
3185 633 3297 689 Hoc
3323 611 3425 689 illis
3467 652 3606 691 nunc

2027 713 2172 767 dicit.
2219 715 2315 768 Hie
2344 733 2470 770 vero
2497 720 2622 772 milii
2651 722 2864 776 illorum
2893 724 3242 780 differentiam
3274 730 3599 785 consideres.

2028 802 2107 857 Illi
2137 807 2278 858 enim
2307 807 2371 862 ad
2402 825 2558 862 unam
2584 812 2730 867 missi
2760 824 2996 883 gentem,
3047 834 3190 888 smpe
3240 835 3551 876 recusarunt
3586 843 3599 878 :

2028 895 2080 946 bi
2129 895 2258 948 nihil
2285 896 2588 966 hujusmodi
2620 901 2823 972 loquuti
2849 915 2996 974 sunt,
3045 908 3096 961 in
3128 910 3311 964 orbem
3342 926 3599 968 terrarum

2027 990 2193 1046 missi.
2236 993 2343 1048 Illis
2371 1012 2498 1050 vero
2536 1003 3048 1058 consummationem
3089 1016 3494 1071 commemorat,
3546 1017 3600 1063 ut

2027 1086 2194 1154 magis
2217 1087 2337 1142 illos
2363 1090 2716 1157 pertraheret,
2758 1103 2812 1147 et
2856 1111 2922 1149 ne
2953 1099 3231 1164 praesentia
3261 1099 3434 1152 solum
3465 1100 3601 1169 inju-

2025 1175 2195 1228 cunda
2225 1179 2611 1247 con3picerent,
2647 1184 2738 1236 si-il
2763 1182 2939 1239 futura
2967 1187 3051 1240 illa
3077 1187 3276 1241 inﬁnita
3307 1189 3462 1242 bona.
3491 1190 3599 1242 Ad-

2027 1282 2181 1320 versa
2225 1270 2388 1336 enim,
2441 1271 2629 1340 inquit,
2677 1291 2795 1343 qua:
2839 1279 3044 1346 passuri
3085 1280 3234 1344 estis,
3269 1281 3318 1334 in
3350 1286 3594 1349 praesenti

2024 1357 2130 1411 vita
2177 1359 2475 1426 solvuntur,
2516 1364 2944 1435 quandoquidem
2972 1378 3025 1423 et
3051 1369 3222 1440 ipsum
3263 1374 3514 1426 szeeulum
3544 1375 3594 1428 in

2028 1453 2541 1506 consummationem
2591 1457 2767 1512 veniet
2800 1476 2812 1512 :
2849 1459 2987 1512 bona
3015 1475 3164 1524 vero,
3213 1462 3404 1531 quibus
3451 1464 3592 1518 frue-

2025 1553 2175 1602 mun,
2207 1552 2402 1596 interna
2434 1554 2672 1623 manent,
2705 1556 2763 1601 ut
2788 1563 2930 1618 Saepe
2959 1549 3068 1604 dixi
3097 1554 3361 1620 superius.
3393 1554 3480 1609 Sic
3503 1571 3592 1609 eo-

2023 1645 2140 1684 rum
2187 1633 2394 1688 animos
2437 1638 2676 1692 excitans
2699 1654 2810 1708 .pcr
2836 1640 2976 1695 illius
3002 1641 3595 1699 dieicommemoratio-

2024 1735 2146 1774 nem
2183 1723 2329 1778 misit
2364 1739 2477 1780 eos.
2524 1728 2646 1784 Dies
2668 1731 2809 1785 enim
2836 1731 2922 1785 illa
2945 1743 3091 1788 recte
3115 1734 3414 1803 viventibus
3439 1745 3593 1804 opta-

2026 1812 2164 1878 bilis,
2215 1823 2272 1868 ut
2311 1818 2678 1884 peccatoribus
2721 1823 2992 1887 terribilis,
3042 1833 3223 1894 utpote
3255 1825 3592 1880 damnandis.

2023 1899 2127 1954 Sed
2174 1918 2239 1956 ne
2273 1905 2572 1973 timeamus,
2618 1924 2718 1964 nec
2751 1909 3066 1966 horreamus
3095 1923 3316 1980 tantum,
3344 1914 3439 1970 sed
3467 1915 3592 1970 dum

2023 2001 2233 2062 tempus
2259 2005 2361 2058 est,
2391 1997 2754 2069 immutemur,
2789 2010 2842 2057 et
2868 2019 2934 2058 ex
2957 2004 3189 2074 nequitia
3216 2022 3548 2077 emergamus
3577 2027 3590 2061 :

2023 2101 2305 2155 possumus
2336 2091 2499 2159 enim,
2529 2092 2575 2146 si
2597 2095 2939 2150 voluerimus.
2991 2097 3124 2152 Nam
3150 2099 3192 2152 si
3224 2109 3348 2154 ante
3373 2101 3591 2170 gratiam

2021 2178 2171 2232 multi
2198 2178 2296 2232 hoc
2329 2180 2585 2247 fecerunt,
2627 2184 2793 2239 multo
2820 2187 2985 2253 magis
3015 2197 3134 2257 post
3155 2191 3377 2259 gratiam
3413 2194 3517 2247 ﬁet.

2092 2269 2145 2321 5.
2189 2267 2338 2323 Nihil
2363 2271 2561 2340 diﬂicile
2585 2274 2636 2326 in
2670 2277 2930 2344 prwceptis
2958 2277 3164 2332 Christi.
3190 2310 3260 2320 —
3287 2282 3422 2348 Quid
3450 2286 3590 2338 enim

2021 2373 2181 2426 grave
2209 2371 2526 2431 pra-ceptum
2558 2364 2710 2418 nobis
2735 2367 2858 2419 est?
2899 2382 2965 2420 an
3013 2381 3220 2425 montes
3261 2376 3483 2427 secare?
3525 2393 3591 2430 an

2022 2449 2198 2532 volare
2226 2466 2322 2520 per
2348 2469 2525 2508 aerem
2546 2456 2570 2509 ’ἒ
2590 2466 2682 2510 aut
2709 2457 3036 2528 Tyrrhenum
3068 2463 3284 2532 pelagus
3315 2467 3594 2535 trajicere?

2021 2540 2358 2634 Nequaquam
2388 2565 2401 2599 :
2428 2547 2521 2601 sed
2550 2548 2708 2603 vitam
2741 2551 2812 2604 ita
2849 2551 3054 2606 facilem
3081 2555 3232 2609 nobis
3264 2558 3506 2625 injunxit,
3538 2572 3593 2613 ut

2023 2637 2392 2695 instrumentis
2424 2643 2552 2696 nihil
2581 2659 2716 2712 opus
2745 2646 2833 2709 sit,
2880 2647 2972 2701 sed
3012 2648 3190 2703 animo
3228 2660 3283 2706 et
3326 2653 3593 2706 voluntate

2023 2737 2246 2785 tantum.
2297 2731 2425 2798 Qua:
2472 2734 2820 2791 instrumenta
2860 2737 3158 2794 habuerunt
3201 2746 3450 2811 apostoli,
3503 2749 3590 2815 qui

2023 2829 2102 2874 tot
2127 2823 2376 2890 praeclara
2402 2831 2719 2894 gesserunt?
2764 2831 2952 2884 Annon
2985 2847 3084 2884 una
3114 2833 3277 2888 induti
3311 2837 3506 2898 tunica,
3540 2850 3592 2890 et

2023 2914 2178 2966 nudis
2224 2915 2445 2984 pedibus
2498 2929 2682 2984 erant,
2733 2931 2787 2974 et
2834 2923 3008 2976 omnia
3057 2928 3412 2993 superarunt?
3455 2928 3590 2995 Quid

2022 3004 2160 3056 enim
2192 3005 2406 3060 difﬁcile
2435 3007 2484 3061 in
2516 3012 2792 3078 pra-ceptis
2834 3012 3027 3067 Christi
3077 3017 3202 3070 est?
3239 3017 3448 3074 Nullum
3494 3021 3592 3075 lia-

2021 3093 2148 3149 beas
2175 3096 2478 3161 inimicum;
2509 3101 2773 3156 neminem
2802 3103 2926 3158 odio
2954 3105 3177 3172 habeas;
3207 3112 3402 3167 nemini
3431 3115 3590 3166 male-

2020 3184 2187 3239 dicas.
2229 3185 2357 3252 Qua:
2383 3187 2468 3242 liis
2495 3201 2615 3244 sunt
2643 3194 2931 3257 contraria,
2964 3195 3260 3254 difﬁciliora
3299 3212 3442 3258 sunt.
3486 3205 3588 3258 Sed

2020 3277 2171 3342 dixit,
2203 3280 2428 3349 inquies,
2462 3284 2718 3340 Pecunias
2742 3286 2928 3354 abjiee.
2957 3288 3026 3343 Et
3046 3289 3144 3344 hoc
3165 3309 3448 3349 onerosum
3477 3305 3593 3350 est?

2021 3374 2132 3429 lino
2165 3391 2289 3429 vero
2321 3393 2422 3429 non
2453 3380 2726 3448 praecepit,
2758 3381 2849 3435 sed
2875 3381 2972 3436 hoe
2994 3386 3272 3441 consilium
3301 3389 3460 3443 dedit.
3487 3390 3590 3444 Sed

2021 3471 2142 3522 volo
2171 3469 2270 3523 lioc
2296 3486 2414 3524 esse
2445 3483 2786 3540 pra‘ci-ptuin,
2815 3489 2955 3528 anne
2975 3490 3132 3545 grave
3161 3488 3262 3543 est,
3296 3497 3458 3534 onera
3484 3500 3588 3537 non

2021 3559 2179 3625 ferre,
2210 3578 2307 3616 nec
2337 3563 2724 3618 sollicitudines
2761 3565 3194 3636 intempestivas?
3237 3571 3340 3627 Sed
3373 3591 3404 3626 ο
3436 3577 3594 3630 mise-

2021 3668 2132 3706 ram
2171 3656 2508 3721 pi-ciiniarum
2556 3656 2895 3711 aviditatem!
2947 3657 3133 3713 Omnia
3170 3665 3408 3730 pecuniae
3457 3667 3589 3721 facta

2020 3755 2164 3810 sunt,
2193 3746 2310 3800 ideo
2335 3748 2511 3800 omnia
2543 3762 2635 3801 sus
2661 3749 2831 3819 deque
2859 3751 3027 3818 posita
3057 3764 3199 3808 sunt.
3231 3755 3283 3811 Si
3313 3760 3432 3827 quis
3465 3761 3591 3814 bea-

2022 3844 2131 3888 tum
2163 3838 2462 3905 quempiam
2489 3839 2736 3905 aestimet,
2785 3841 3004 3896 istarum
3055 3847 3378 3902 mentionem
3419 3854 3542 3907 facit
3574 3873 3587 3906 :

2021 3929 2063 3979 si
2113 3927 2360 3980 miserum
2411 3937 2592 3996 putet,
2657 3929 2781 3985 hinc
2827 3934 3240 3992 commiseratio.
3289 3939 3593 4012 Omnesque

2020 4033 2295 4072 sermones
2321 4018 2402 4072 his
2430 4021 2479 4072 in
2510 4020 2671 4074 rebus
2691 4031 2970 4077 versantur
3016 4043 3030 4077 :
3077 4025 3354 4093 Quomodo
3387 4031 3472 4086 liic
3513 4034 3594 4087 di-

2022 4109 2216 4162 tescit?
2268 4109 2535 4177 quomodo
2577 4111 2666 4164 ille
2719 4128 2917 4182 pauper
2945 4116 3058 4169 est?
3086 4116 3142 4172 Si
3180 4120 3298 4188 quis
3327 4122 3589 4188 militiam,

2021 4201 2064 4254 si
2092 4202 2435 4267 connubinm,
2465 4202 2508 4255 si
2538 4213 2730 4266 artem,
2761 4205 2806 4258 si
2840 4207 3047 4274 quidvis
3074 4209 3216 4264 aliud
3243 4223 3453 4281 tractet,
3486 4232 3590 4270 non

2021 4293 2165 4360 prius
2195 4292 2269 4347 rei
2302 4308 2512 4347 manum
2539 4293 2804 4358 admovet,
2828 4311 2983 4366 quam
3014 4299 3202 4354 viderit
3230 4317 3315 4356 res
3343 4320 3594 4374 prospere

2020 4394 2076 4439 et
2101 4394 2343 4454 prompte
2367 4385 2466 4440 sibi
2487 4401 2731 4441 cessuras
2755 4402 2903 4442 esse?
2922 4389 3120 4460 [lisque
3145 4395 3445 4464 conspectis
3467 4413 3592 4452 con-

2021 4479 2217 4548 gregati
2249 4494 2353 4531 non
2380 4479 2822 4544 consultabimus,
2865 4483 3132 4550 quomodo
3167 4485 3308 4540 hunc
3348 4489 3589 4543 tnnrbtur.

2021 4570 2322 4639 pellemus?
2360 4587 2463 4624 non
2506 4585 2604 4624 nos
2655 4571 2865 4637 pudebit
2911 4587 3096 4627 eorum
3146 4590 3264 4644 qua:
3298 4592 3328 4630 a
3357 4580 3591 4646 patribus

2022 4664 2275 4732 praeclare
2304 4665 2442 4718 facta
2471 4663 2630 4717 sunt?
2660 4679 2760 4717 nec
2788 4676 2869 4718 tcr
2897 4665 3041 4719 mille
3064 4666 3202 4733 illos,
3234 4676 3288 4723 et
3313 4671 3593 4740 quinquies

2022 4758 2184 4818 mille,
2213 4758 2299 4826 qui
2325 4759 2624 4812 communia
2655 4757 2920 4812 habebant
2948 4759 3147 4823 omnia,
3196 4762 3593 4829 spectabimus?

2018 4847 2148 4913 Quir
2178 4848 2454 4915 priesentis
2481 4849 2603 4901 vitai
2632 4849 2854 4914 utilitas,
2878 4850 2921 4902 si
2947 4850 3058 4918 ipsa
3085 4850 3150 4903 ad
3179 4849 3408 4906 futuram
3431 4871 3566 4922 nego

2021 4940 2290 4993 tiationcm
2323 4956 2424 4992 non
2457 4941 2709 4994 utamur?
2743 4939 3028 5010 Quousque
3057 4941 3294 4996 servituti
3329 4960 3432 4998 non
3463 4947 3579 4999 sub.

2018 5033 2211 5097 jicietis
2244 5047 2596 5086 mainmonam
2619 5073 2635 5097 ,
2681 5033 2768 5101 qui
2807 5032 2858 5086 in
2887 5032 3196 5087 servitutem
3224 5049 3319 5088 vos
3347 5036 3546 5105 redegit
3571 5039 3593 5090 ?

2021 5123 2128 5177 imo
2159 5123 2330 5190 potius
2351 5136 2624 5190 quousque
2648 5123 2784 5176 sea-vi
2809 5122 2955 5176 eritis
2977 5123 3312 5190 pecuniarum
3337 5125 3358 5172 ?
3386 5142 3588 5194 quous-

2021 5229 2123 5282 que
2174 5230 2279 5267 non
2310 5213 2553 5267 amabilis
2583 5211 2904 5278 libertatem,
2949 5229 3045 5267 ni-e
3086 5215 3321 5268 avaritim
3351 5217 3592 5285 negotia-

2023 5308 2193 5359 tiones
2220 5305 2571 5372 dirumpetis?
2600 5304 2704 5359 Sed
2747 5305 2791 5358 si
2823 5304 3097 5359 hominum
3127 5305 3268 5360 servi
3294 5306 3430 5373 sitis,
3457 5309 3588 5362 niliil

2021 5415 2126 5451 non
2153 5398 2328 5465 agitis,
2373 5397 2416 5450 si
2452 5397 2570 5462 quis
2594 5397 2746 5450 vobis
2773 5397 3066 5451 libertatem
3093 5397 3364 5464 promittat
3395 5416 3409 5451 :
3436 5413 3592 5452 Citiu-

2021 5503 2124 5554 que
2167 5487 2282 5540 sitis
2328 5486 2565 5539 avaritia:
2603 5487 2817 5554 captivi,
2849 5501 2949 5540 nec
2978 5487 3222 5555 cogitatis
3246 5501 3346 5555 qua
3377 5488 3584 5540 ratioim

2021 5577 2234 5644 possitis
2263 5577 2328 5632 ab
2363 5577 2459 5631 liae
2487 5576 2616 5631 dura
2660 5579 2960 5646 captivitate
3001 5578 3236 5633 liberari.
3285 5579 3441 5648 Atqui
3497 5579 3585 5633 illa

2022 5685 2125 5723 non
2171 5670 2344 5738 gravis
2383 5680 2497 5732 est;
2550 5670 2660 5723 lure
2685 5686 2814 5723 vero
2853 5670 3088 5741 tyrannis
3115 5680 3198 5724 est
3223 5668 3584 5725 acerbissima.

2023 5763 2257 5831 Cogitate
2283 5774 2533 5832 quantum
2560 5779 2657 5829 pro
2685 5764 2834 5817 nobis
2849 5763 3078 5826 pretium
3106 5759 3578 5828 deposueritCliri-

3130 5868 3204 5929 21
