4104 6380
500 352 595 407 79f

508 475 642 520 stus.
670 462 988 533 Sanguinem
1016 473 1171 514 suum
1197 455 1401 517 eﬁ'udit,
1435 453 1667 521 seipsnm
1694 447 1933 503 tradidit.
1965 444 2073 497 Vos

508 565 681 609 autem
710 562 830 623 post
859 551 974 605 lure
1001 548 1179 603 omnia
1209 546 1479 601 decidistis
1521 562 1533 597 -.
1582 540 1827 610 quodque
1868 535 2079 605 gravius

509 656 610 707 est,
637 645 688 698 in
734 642 988 697 servitute
1030 636 1390 697 delectamini,
1437 634 1485 686 in
1533 629 1818 701 ignominia
1858 625 2080 680 delicia-

512 737 660 800 mini,
681 746 734 789 et
757 733 894 802 quod
930 729 1232 801 fugiendum
1258 736 1395 789 erat,
1422 725 1573 778 vobis
1599 718 1831 789 Optabile
1859 717 1954 771 fuit
1976 715 2077 786 (α).

560 826 796 882 Pecunia:
807 825 1126 895 cupiditatem
1138 831 1182 874 et
1196 819 1400 873 nimiam
1412 817 1519 870 azsti
1524 815 1786 867 motionem
1805 810 2080 877 redarguit.

514 919 749 972 Pecuniae
767 914 1023 970 servanda:
1044 908 1378 964 incommoda.
1401 906 1725 975 Paupertatis
1753 896 2083 954 boum—Sed

510 1011 629 1078 quia
658 1023 762 1061 non
798 1002 1181 1074 deplorandum
1213 999 1371 1054 modo
1390 1008 1467 1050 est
1507 1006 1559 1050 et
1590 992 1958 1054 incusaudum,
1990 988 2083 1042 sed

512 1103 669 1155 etiam
702 1096 1113 1159 emendandum,
1141 1094 1414 1147 videamus
1454 1089 1717 1143 undenam
1758 1084 1844 1138 hic
1870 1082 2086 1136 morbus

513 1192 666 1245 nobis
689 1189 929 1244 amabilis
946 1188 1088 1241 visus
1107 1187 1195 1241 sit.
1218 1182 1515 1244 Undenam,
1537 1177 1674 1232 unde
1691 1174 1932 1228 amabilis
1955 1171 2087 1224 fuit?

512 1284 643 1350 Quia
665 1282 715 1334 in
730 1280 913 1349 gloria,
933 1278 1158 1347 inquies,
1177 1276 1295 1330 etin
1315 1272 1596 1326 securitate
1608 1266 1896 1320 constituit.
1917 1264 1971 1316 In
1986 1278 2087 1331 qua

514 1388 714 1443 qumso,
738 1371 1058 1427 securitate?
1079 1367 1227 1436 Quod
1249 1364 1574 1419 conﬁdamus
1593 1363 1702 1413 fore
1726 1370 1779 1410 ut
1804 1370 2086 1426 numquam

514 1466 831 1529 esuriamus,
875 1476 1160 1530 numquam
1202 1458 1489 1526 algeamns,
1541 1469 1643 1506 non
1682 1451 1954 1514 l:rdamur,
1984 1463 2087 1500 non

516 1569 937 1610 contemnamur.
960 1552 1137 1620 Itaque
1152 1549 1194 1603 si
1210 1548 1345 1602 hanc
1362 1546 1452 1600 tibi
1465 1544 1800 1599 securitatem
1818 1541 2089 1609 pollicear,

524 1647 817 1701 abstinebis
840 1661 870 1698 a
899 1643 1199 1697 divitiarum
1227 1636 1547 1707 cupiditate?
1588 1634 1631 1689 si
1654 1634 1792 1688 enim
1823 1633 1941 1686 ideo
1970 1641 2091 1685 sunt

521 1739 716 1792 divitia:
746 1732 1085 1802 expetendae,
1116 1732 1160 1784 si
1204 1730 1403 1798 absque
1436 1727 1544 1781 illis
1575 1724 1915 1779 securitatem
1957 1736 2090 1774 nan-

518 1828 642 1880 cisci
676 1826 958 1896 possimus,
988 1822 1112 1892 quid
1149 1819 1240 1873 tibi
1266 1819 1372 1888 jam
1402 1818 1505 1870 illis
1527 1829 1660 1883 opus
1695 1813 1839 1867 erit?
1863 1811 1930 1865 Et
1955 1827 2093 1881 quo-

522 1918 677 1969 nu'do
709 1924 897 1981 potest,
931 1914 1153 1981 inquies.
1190 1912 1234 1964 is
1257 1912 1344 1979 qui
1376 1909 1525 1961 dives
1560 1922 1665 1959 non
1688 1916 1785 1969 est,
1821 1904 1934 1958 lucc
1963 1918 2095 1958 con-

523 1996 674 2064 sequi
696 1994 992 2048 ?lmovero
1017 1994 1293 2062 quomodo
1328 1999 1449 2061 (ego
1467 1992 1613 2046 enim
1651 1992 1989 2047 contrarium
2021 1991 2108 2047 di-

523 2086 664 2154 cam)
717 2086 762 2138 is
797 2085 891 2153 qui
947 2085 1100 2140 dives
1151 2084 1279 2139 est?
1327 2082 1465 2137 Nam
1515 2093 1575 2137 ut
1622 2085 1810 2139 multis
1857 2084 2111 2139 aduletur

524 2198 743 2237 necesse
767 2191 867 2245 est,
899 2189 959 2235 et
986 2178 1309 2247 principibus
1335 2187 1389 2231 et
1416 2177 1661 2240 subditis,
1711 2186 1770 2229 ut
1808 2176 2101 2230 innumeris

524 2289 657 2342 opus
681 2272 943 2325 habeatet
974 2270 1300 2324 illiberaliter
1329 2270 1546 2333 serviat,
1580 2277 1793 2331 tremat,
1822 2277 2100 2336 suspectos

526 2364 738 2424 habeat,
784 2362 1084 2416 invidorum
1133 2362 1340 2424 oculos,
1384 2360 1835 2431 sycophantarum
1863 2375 1956 2415 Ora
1985 2375 2099 2415 me-

526 2465 656 2518 tuat,
704 2456 1033 2524 aliorumque
1067 2468 1346 2507 avarorum
1382 2451 1719 2521 cupiditates.
1764 2454 1831 2505 At
1870 2466 2101 2521 pauper-

524 2559 608 2602 tas
636 2564 740 2601 non
766 2547 905 2610 talis,
933 2546 1025 2601 sed
1053 2546 1206 2615 plane
1229 2544 1310 2598 bis
1332 2544 1621 2599 contraria.
1649 2542 1822 2598 Locus
1853 2552 1933 2598 est
1962 2552 2106 2598 tutus

525 2651 832 2703 etsecurus,
861 2647 1044 2709 portus
1067 2636 1403 2706 tranquillus,
1425 2635 1668 2705 palaestra
1693 2644 1746 2689 et
1771 2635 2107 2705 gymnasium

531 2733 915 2804 philosophiae,
954 2732 1207 2800 angelica:
1250 2731 1374 2785 vitae
1426 2728 1673 2783 imitatio.
1719 2728 1846 2782 Haac
1891 2728 2106 2795 audite,

526 2833 788 2896 quotquot
831 2838 1091 2893 pauperes
1139 2822 1305 2885 estis;
1358 2822 1467 2873 imo
1508 2834 1634 2873 vero
1671 2828 1931 2888 quotquot
1968 2819 2109 2873 dite-

530 2933 683 2972 scere
706 2916 887 2969 vultis.
917 2915 1031 2969 Non
1056 2930 1341 2983 pauperem
1368 2929 1506 2975 esse,
1533 2913 1627 2967 sed
1655 2913 1795 2966 nolle
1824 2928 2111 2981 pauperem

534 3024 672 3074 esse,
702 3009 897 3062 malum
919 3016 1021 3060 est.
1054 3006 1130 3060 Ne
1155 3021 1314 3075 grave
1334 3005 1603 3074 quidpiam
1639 3019 1791 3073 putes
1833 3020 1951 3059 esse
1988 3020 2114 3071 pau-

534 3109 819 3170 pertatem,
867 3114 1039 3167 neque
1068 3099 1246 3167 gravis
1274 3097 1377 3152 erit
1417 3096 1513 3151 illa
1560 3098 1671 3151 tibi.
1716 3096 1832 3151 Non
1877 3100 2016 3151 enim
2060 3100 2113 3151 in

535 3200 721 3244 natura
770 3191 871 3255 rei,
921 3189 1013 3244 sed
1056 3190 1108 3242 in
1154 3188 1393 3243 mollium
1423 3188 1659 3249 virorum
1696 3188 1898 3255 judicio
1942 3199 2116 3243 metus

536 3282 638 3336 iste
665 3280 836 3335 locum
868 3279 1045 3334 habet.
1067 3278 1203 3345 Quin
1227 3280 1383 3333 etiam
1414 3294 1500 3334 me
1526 3278 1767 3348 puderet,
1792 3280 1836 3333 si
1867 3279 1968 3334 hoc
1998 3289 2115 3333 tan-

537 3382 646 3427 tum
679 3371 745 3426 de
789 3380 1097 3443 paupertate
1126 3370 1302 3425 dicere
1336 3384 1574 3440 possem,
1619 3371 1762 3439 quod
1804 3386 1867 3425 ea
1919 3371 2115 3425 malum

537 3481 641 3521 non
669 3466 776 3528 sit;
823 3479 943 3518 nam
986 3464 1031 3519 si
1071 3464 1484 3533 phil050pheris,
1532 3463 1677 3517 mille
1721 3463 1814 3516 tibi
1858 3463 2116 3517 bonorum

537 3557 659 3613 fons
696 3557 817 3611 erit.
851 3556 919 3610 Et
945 3555 990 3609 si
1018 3556 1137 3625 quis
1166 3555 1259 3609 tibi
1288 3555 1411 3609 hinc
1440 3555 1723 3623 imperium
1744 3596 1758 3618 ,
1788 3555 1971 3608 civiles
2001 3570 2118 3608 ma-

540 3649 812 3719 gistratus,
852 3647 1084 3711 divitias,
1127 3645 1469 3715 deliciasque,
1504 3646 1626 3699 iude
1673 3662 1799 3700 vero
1836 3657 2118 3715 pauperta-

544 3750 650 3794 tem
676 3748 1014 3810 proponeret,
1043 3739 1429 3808 optionemque
1456 3738 1628 3801 daret,
1667 3738 1807 3792 hanc
1836 3740 2011 3792 subito
2038 3755 2123 3792 ra-

543 3844 718 3899 peres,
740 3830 787 3883 si
811 3828 929 3898 ejus
955 3838 1132 3882 notam
1162 3828 1389 3882 haberes
1415 3827 1808 3882 excellentiam.

611 3920 666 3975 4.
713 3918 1033 3989 Paupertatis
1053 3918 1448 3974 laudes.—Scio
1468 3918 1682 3989 quidem
1713 3920 1909 3973 multos
1924 3920 2121 3985 ridere,

544 4011 672 4065 dum
702 4010 815 4066 haec
830 4010 1109 4074 dicuntur;
1136 4010 1230 4065 sed
1258 4025 1354 4065 nos
1375 4010 1593 4065 minime
1619 4010 1913 4065 turbamur.
1933 4011 2125 4077 Qua-so

547 4110 769 4167 tantum,
797 4100 1058 4170 patienter
1085 4100 1331 4166 audiatis,
1363 4109 1419 4155 et
1443 4101 1550 4155 cito
1570 4100 1844 4156 nobiscum
1860 4102 2124 4156 calculum

549 4195 750 4249 feretis.
794 4193 917 4247 Mihi
968 4202 1248 4261 paupertas
1299 4193 1485 4247 similis
1524 4208 1644 4247 esse
1691 4193 1898 4247 videtur
1938 4195 2128 4263 puella:

548 4295 767 4349 ornataz,
793 4284 1024 4355 pulchra:
1049 4293 1101 4338 et
1118 4284 1398 4339 formosae:
1430 4285 1651 4340 avaritia
1668 4301 1795 4341 vero
1811 4296 2128 4342 monstrosa:

550 4376 781 4441 mulieri,
810 4375 1023 4447 Scyllae,
1058 4374 1262 4445 hydrar,
1296 4374 1665 4444 similibusque
1694 4375 1949 4430 monstris
1970 4416 1985 4437 ,
2010 4392 2128 4445 qua:

551 4473 751 4523 tinxere
797 4466 1111 4539 mythologi.
1157 4466 1234 4520 Ne
1267 4466 1396 4521 mihi
1438 4467 1764 4536 paupertatis
1793 4477 2129 4523 accusatores

551 4564 605 4617 in
650 4559 884 4616 medium
927 4558 1137 4623 afferas,
1183 4558 1276 4612 sed
1306 4572 1399 4612 eos
1427 4558 1515 4627 qui
1560 4573 1656 4628 per
1701 4558 1871 4627 ipsam
1900 4559 2130 4613 illustres

551 4656 784 4710 fuerunt.
827 4653 960 4708 Cum
1006 4653 1104 4707 hac
1142 4652 1396 4707 educatus
1430 4652 1598 4719 Elias,
1637 4664 1791 4721 raptu
1838 4654 1930 4708 illo
1975 4654 2130 4709 beato

552 4749 797 4819 dignatus
822 4754 940 4811 est;
971 4761 1091 4800 cum
1133 4744 1232 4799 hac
1257 4745 1433 4799 clarus
1466 4745 1565 4799 fuit
1594 4745 1853 4811 Elisaius;
1885 4762 2006 4801 cum
2031 4746 2133 4801 hac

555 4844 791 4900 Joannes
819 4855 873 4901 et
896 4845 1120 4915 apostoli
1149 4859 1337 4899 omnes
1368 4861 1384 4898 :
1413 4859 1533 4898 cum
1551 4843 1640 4898 illa
1658 4860 1787 4899 vero
1808 4843 2013 4912 Achab,
2042 4843 2132 4899 Je-

552 4934 727 5002 2abel,
754 4936 919 5000 Giezi,
948 4935 1135 5001 Judas,
1162 4934 1325 5001 Nero,
1349 4934 1578 5004 Caiphas
1603 4934 1837 4989 damnati
1862 4944 2002 4990 sunt.
2026 4934 2133 4991 Sed

554 5027 600 5081 si
630 5027 823 5096 placet,
854 5042 922 5082 ne
951 5027 1071 5081 illos
1098 5034 1300 5081 tantum
1329 5027 1418 5096 qui
1449 5027 1500 5079 in
1526 5034 1840 5096 paupertate
1859 5025 2088 5081 floruere
2111 5068 2127 5094 ,

554 5119 651 5174 sed
671 5119 813 5173 illam
842 5120 1007 5189 ipsam
1026 5119 1215 5188 puella:
1237 5118 1685 5188 pulchritudinem
1711 5119 2131 5174 consideremus.

556 5210 613 5264 Si
638 5208 849 5279 quidem
897 5210 1085 5264 oculus
1117 5209 1233 5279 ejus
1264 5224 1425 5278 purus
1459 5216 1544 5265 est
1586 5218 1641 5264 et
1679 5208 1961 5273 dilucidus,
2002 5210 2135 5264 nihil

558 5301 825 5357 turbidum
856 5301 1080 5367 habens,
1100 5309 1157 5355 ut
1182 5301 1343 5356 habet
1368 5300 1556 5356 oculus
1576 5300 1839 5364 avaritiae,
1873 5299 1964 5370 qui
1993 5315 2137 5356 nunc

560 5395 663 5459 ira,
695 5408 835 5447 nunc
874 5393 1144 5461 voluptate
1183 5392 1375 5463 plenus
1400 5402 1483 5447 est
1506 5434 1521 5460 ,
1561 5408 1703 5447 nunc
1727 5392 2135 5462 intemperantia

558 5484 824 5539 turbatus.
853 5484 924 5537 At
948 5498 1054 5538 non
1083 5483 1301 5552 perinde
1321 5498 1380 5538 se
1402 5482 1763 5538 habetoculus
1789 5482 2133 5552 paupertatis,

556 5576 653 5633 sed
681 5586 990 5632 mansuetus
1022 5585 1125 5639 est,
1154 5590 1395 5641 serenus,
1424 5575 1658 5628 suaviter
1683 5588 1870 5629 omnes
1900 5574 2134 5639 intuens,

620 5715 695 5778 (α)
726 5714 786 5765 In
822 5712 1147 5778 sequentibus
1183 5711 1332 5762 multa
1364 5712 1595 5778 omittunt
1616 5718 1669 5760 et
1692 5709 1889 5778 turbant
1911 5709 2134 5764 Comme-

560 5772 647 5827 lin'.
671 5772 726 5827 'et
745 5772 912 5827 meret:
925 5787 1037 5838 qute
1060 5787 1124 5824 ex
1148 5780 1253 5824 Mss.
1274 5781 1325 5825 et
1358 5786 1422 5824 ex
1446 5774 1587 5824 savii.
1612 5772 1955 5823 restituuntur.

1209 346 1265 401 S.
1304 341 1581 398 JOANNlS
1614 329 2086 394 CHRYSUSTOMI
2124 328 2437 383 ARCIIIEP.
2479 331 3007 387 CONSTANTINOP.

3651 336 3759 369 Et?

3663 360 3760 394 Ιὶθςῖ

2183 443 2337 503 leuis,
2380 444 2664 511 jucundus,
2712 447 2976 501 nemiuem
3024 446 3147 499 odio
3198 447 3436 515 habens,
3490 452 3761 505 neminem

2183 548 2455 587 aversans.
2486 534 2585 589 Ubi
2615 536 2755 589 enim
2787 539 3029 604 pecunia,
3075 538 3145 592 ibi
3186 539 3478 595 inimicitia:
3507 551 3561 596 et
3586 543 3762 597 bello-

2185 640 2301 679 rum
2332 627 2569 679 materia.
2597 626 2669 680 Os
2705 629 2775 680 illi
2807 629 3142 683 contumeliis
3186 640 3269 684 est
3301 632 3555 685 refertum
3580 675 3595 698 ,
3624 632 3761 687 fastu

2186 716 2436 782 quodam,
2466 720 2762 786 arrogantia
2796 719 2978 783 multa,
3004 720 3319 785 maledictis,
3339 721 3491 788 dolo;
3522 722 3677 790 hujus
3700 740 3766 775 os

2187 816 2375 861 contra
2406 818 2458 862 et
2490 809 2662 877 lingua
2690 825 2816 864 sana
2839 819 2953 869 est.
2982 812 3268 879 gratiarum
3301 814 3506 868 actione
3545 816 3763 882 perenni

2190 898 2364 966 plena,
2425 899 2815 967 benedictione,
2872 902 3047 956 verbis
3084 902 3391 967 mansuetis,
3452 904 3765 965 benevolis,

2190 992 2445 1061 obsequio
2494 992 2682 1061 plenis,
2726 1003 2779 1047 et
2823 994 3064 1049 laudibus
3111 996 3492 1065 encomiisque.
3539 995 3594 1051 Si
3640 1012 3770 1050 vero

2190 1094 2367 1152 aptam
2408 1086 2768 1139 membrorum
2819 1088 3255 1156 compositionem
3297 1088 3559 1157 dispicere
3598 1089 3767 1151 velis,

2193 1191 2411 1245 procem
2454 1187 2536 1230 est
2575 1177 2663 1231 illa
2694 1178 2953 1248 longeque
2978 1180 3260 1234 sublimior
3282 1181 3570 1249 opulentia.
3615 1182 3768 1250 Quod

2193 1269 2238 1321 si
2271 1269 2417 1321 multi
2443 1269 2582 1322 illam
2611 1268 2831 1337 fugiant,
2867 1286 2933 1323 ne
2955 1270 3166 1325 mireris
3198 1289 3212 1325 :
3238 1286 3357 1325 nam
3402 1272 3530 1325 alias
3560 1288 3771 1341 quoque

2196 1359 2422 1414 virtutes
2442 1360 2586 1413 stulti
2612 1360 2837 1428 fugiunt.
2871 1360 2975 1416 Sed
3001 1377 3030 1415 a
3061 1362 3226 1417 divite
3251 1402 3266 1424 ,
3314 1363 3541 1433 inquies,
3567 1378 3773 1433 pauper

2197 1452 2515 1505 contumelia
2546 1450 2798 1506 afficitur.
2846 1453 3048 1507 Rursus
3095 1454 3223 1508 mihi
3255 1455 3577 1523 paupertatis
3603 1470 3774 1509 enen-

2197 1546 2359 1596 mium
2384 1558 2586 1597 narras.
2617 1544 2745 1611 Quis
2764 1545 2929 1606 enim,
2963 1561 3162 1614 quaeso,
3199 1545 3387 1600 beatus
3408 1587 3422 1610 ,
3462 1547 3549 1616 qui
3588 1558 3775 1600 contu-

2197 1636 2356 1690 melia
2386 1634 2570 1695 afticit,
2596 1651 2661 1689 an
2685 1636 2772 1705 qui
2797 1636 3065 1692 afficitur?
3087 1636 3247 1691 Certe
3274 1638 3315 1691 is
3336 1639 3423 1707 qui
3440 1637 3778 1692 contumeliis

2198 1730 2445 1794 afﬁcitur,
2476 1739 2531 1784 et
2576 1729 2678 1784 fert
2718 1728 2946 1784 fortiter.
2993 1731 3225 1784 Avaritia
3269 1731 3427 1799 igitur
3454 1729 3775 1784 cuntutnelia
3814 1766 3817 1767 ν

2200 1820 2412 1875 afﬁcere
2427 1820 2605 1889 jubet;
2640 1831 2923 1890 paupertas
2952 1837 3080 1874 vero
3106 1821 3170 1873 ad
3200 1821 3473 1875 ferendam
3500 1831 3780 1875 contume-

2200 1910 2324 1963 liam
2344 1911 2604 1964 hortatur.
2639 1912 2724 1975 At,
2753 1912 2978 1981 inquies,
2997 1926 3199 1980 pauper
3219 1912 3406 1965 esurit.
3431 1911 3626 1965 Paulus
3646 1927 3779 1979 quo-

2201 2016 2305 2071 que
2330 2001 2619 2057 esuriebat.
2651 2000 2757 2056 Sed
2785 2017 2891 2055 non
2934 2003 3093 2056 habet
3120 2002 3206 2055 ubi
3230 2002 3489 2072 quiescat.
3521 2002 3580 2055 Et
3614 2000 3781 2055 Filius

2202 2091 2434 2147 hominis
2457 2109 2562 2147 non
2613 2092 2843 2149 habebat
2886 2094 2977 2149 ubi
3023 2104 3184 2164 caput
3238 2095 3539 2149 reclinaret.
3598 2094 3784 2149 Viden'

2204 2200 2482 2254 quousque
2514 2186 2850 2255 perveniant
2892 2189 3216 2256 paupertatis
3258 2188 3534 2255 encomia,
3585 2188 3673 2242 ubi
3732 2198 3785 2240 te

2205 2276 2550 2349 constituant,
2581 2277 2646 2331 ad
2673 2278 2905 2348 qualium
2935 2288 2985 2333 te
3012 2279 3245 2333 virorum
3273 2279 3670 2332 similitudinem
3690 2278 3788 2331 de-

2207 2365 2422 2432 ducant,
2458 2376 2511 2422 et
2531 2367 2796 2437 quomodo
2823 2378 2873 2422 te
2902 2368 3106 2421 Domini
3140 2368 3454 2422 imitatorem
3485 2369 3705 2422 faciant?
3728 2368 3785 2423 Si

2208 2473 2394 2511 aurum
2430 2459 2702 2528 possidere
2726 2459 2922 2513 b0nttm
2953 2470 3116 2524 esset,
3149 2459 3199 2513 id
3240 2459 3515 2529 discipulis
3553 2459 3791 2513 dedisset

2210 2553 2470 2615 Christus,
2496 2554 2585 2623 qui
2630 2554 2909 2609 ineffabilia
2944 2555 3030 2607 illa
3057 2555 3192 2607 bona
3228 2554 3374 2607 dedit
3413 2554 3561 2622 ipsis.
3591 2555 3656 2606 At
3679 2569 3787 2606 non

2212 2643 2371 2697 modo
2399 2660 2503 2697 non
2536 2644 2698 2707 dedit,
2731 2645 2824 2698 sed
2855 2645 3014 2699 etiam
3037 2644 3228 2699 habere
3248 2645 3532 2713 prohibuit.
3564 2645 3809 2712 Ideoque

2213 2734 2405 2788 Petrus
2434 2751 2537 2788 non
2585 2735 2745 2789 modo
2774 2751 2879 2789 non
2926 2736 3195 2791 erubescit
3235 2736 3301 2789 de
3336 2745 3669 2805 paupertate,
3695 2736 3791 2789 sed

2215 2827 2375 2880 etiam
2403 2826 2470 2881 de
2500 2827 2584 2879 illa
2606 2827 2864 2896 gloriatur
2894 2826 2975 2880 his
3001 2827 3175 2881 verbis
3209 2844 3221 2878 :
3248 2828 3523 2897 Argentum
3543 2838 3589 2878 et
3612 2843 3793 2878 aurum

2217 2936 2318 2973 non
2344 2929 2413 2973 est
2442 2920 2601 2981 mihi;
2641 2919 2775 2985 quod
2803 2930 2969 2972 autent
2997 2920 3173 2984 habeo,
3218 2922 3311 2972 hoc
3355 2920 3442 2973 tibi
3467 2920 3531 2972 do
3562 2919 3706 2990 (Act.
3736 2920 3791 2972 5.

2219 3011 2295 3082 6).
2333 3011 2463 3076 Quis
2509 3020 2744 3065 vestrum
2797 3013 2960 3065 nollet
2982 3012 3030 3065 in
3079 3013 3214 3063 hanc
3258 3026 3541 3079 erumpere
3573 3010 3797 3064 vocem?

2219 3101 2417 3156 Omnes
2445 3103 2641 3172 utique,
2667 3102 2807 3156 (licet
2836 3101 2970 3156 forte
2990 3103 3271 3171 quispiam.
3300 3102 3442 3172 Ergo
3480 3102 3676 3170 projicc
3709 3117 3800 3153 ar-

2220 3204 2457 3263 gentum,
2508 3195 2706 3263 projicc
2755 3210 2965 3249 aurum.
3015 3196 3076 3249 Et
3125 3196 3169 3248 si
3220 3196 3515 3265 proiecero,
3570 3194 3799 3262 inquies,

2223 3302 2589 3352 Conseqttarne
2616 3288 2755 3340 Pelri
2790 3287 3120 3355 potentiam?
3146 3287 3248 3340 Sed
3280 3286 3401 3354 quid
3422 3329 3436 3351 ,
3469 3301 3670 3355 qua-So,
3696 3284 3801 3338 Pe-

2224 3388 2365 3433 trum
2388 3380 2595 3433 beatum
2619 3378 2832 3433 effecit?
2863 3395 2927 3432 an
2953 3377 3090 3448 quod
3128 3377 3375 3432 claudum
3403 3377 3672 3431 erexerit?
3702 3376 3802 3428 Mi-

2226 3470 2368 3524 nime
2405 3490 2416 3524 :
2443 3471 2537 3525 sed
2579 3471 2719 3540 quod
2745 3486 2929 3525 aurum
2957 3487 3060 3523 non
3086 3469 3349 3535 habuerit,
3378 3468 3479 3523 hoc
3502 3470 3573 3522 illi
3613 3468 3802 3522 caelum

2226 3564 2544 3618 conciliavit.
2581 3563 2658 3617 Ex
2705 3564 2770 3618 iis
2810 3565 2984 3626 enim,
3035 3561 3125 3631 qui
3168 3562 3313 3631 signa
3366 3562 3623 3623 fecerunt,
3655 3561 3804 3613 multi

2227 3655 2528 3708 inciderunt
2556 3657 2605 3708 in
2634 3654 2934 3725 gehennam
2966 3672 2977 3707 :
3008 3654 3094 3722 qui
3123 3668 3249 3707 vero
3278 3653 3391 3707 h:ec
3421 3652 3679 3716 fecerunt,
3716 3667 3806 3704 re-

2228 3762 2389 3816 gnum
2414 3754 2537 3799 sunt
2579 3747 2915 3815 consequuti.
2962 3745 3030 3799 Et
3056 3746 3153 3799 hoc
3191 3744 3259 3797 ab
3293 3744 3408 3813 ipSn
3439 3744 3595 3798 Petro
3620 3744 3803 3797 (lisce:

2228 3840 2337 3895 duo
2362 3839 2503 3895 enim
2534 3840 2663 3893 dixit
2696 3857 2707 3891 :
2735 3839 3005 3910 Argentum
3030 3848 3074 3891 et
3104 3855 3284 3891 aurum
3310 3855 3409 3890 non
3446 3848 3517 3891 est
3546 3836 3701 3899 mihi;
3730 3844 3805 3901 et,

2231 3932 2297 3987 In
2318 3935 2518 3987 nomine
2538 3933 2568 3986 J
2578 3950 2663 3986 esu
2685 3932 2873 3987 Christi
2898 3948 3050 4002 surge
3073 3941 3116 3985 et
3138 3930 3361 3984 ambula.
3398 3930 3583 3985 Utrum
3617 3930 3805 3982 horum

2233 4025 2357 4079 fecit
2384 4026 2530 4079 illum
2580 4025 2790 4078 beatum
2848 4036 2903 4078 et
2954 4024 3323 4092 conspicuum,
3372 4022 3512 4090 quod
3560 4020 3806 4074 claudum

2230 4117 2480 4179 erexerit,
2506 4131 2572 4169 an
2595 4115 2734 4184 quod
2780 4114 3029 4183 pecunias
3074 4112 3396 4183 projeccrit?
3436 4111 3560 4164 llmc
3602 4111 3669 4162 ab
3696 4111 3810 4178 ipso

2232 4208 2551 4279 agonotlteta
2593 4207 2757 4261 diser.
2789 4205 2924 4273 Quid
2955 4212 3179 4275 ergoatt
3222 4204 3309 4257 ille
3357 4201 3506 4256 diviti
3551 4203 3807 4270 qumreuti

2231 4301 2393 4354 vitam
2439 4298 2738 4353 aeternam?
2793 4297 2907 4352 Non
2953 4296 3121 4359 dixit,
3180 4293 3410 4347 Clandos
3455 4293 3639 4363 erige;
3692 4294 3807 4358 sed,

2242 4392 2411 4447 Vende
2437 4407 2549 4465 qua:
2563 4392 2729 4455 habes,
2755 4400 2800 4444 et
2825 4390 2890 4442 da
2915 4388 3231 4459 pauperibus,
3262 4395 3306 4439 et
3336 4388 3459 4440 veni.
3478 4402 3678 4452 sequere
3700 4402 3811 4437 me:

2235 4496 2281 4539 et
2308 4485 2508 4538 habebis
2528 4484 2815 4537 thesaurum
2836 4484 2888 4535 in
2915 4482 3090 4548 cwlis(
3118 4478 3240 4532 Luc.
3270 4478 3357 4532 18.
3380 4477 3471 4531 2‘2.
3519 4475 3683 4529 Marc.
3718 4476 3807 4529 10.

2232 4581 2347 4652 21).
2378 4580 2445 4633 Et
2474 4579 2663 4633 Petrus
2685 4591 2894 4630 rursum
2926 4591 3028 4630 non
3050 4574 3202 4636 dixit,
3234 4571 3374 4625 Ecce
3396 4570 3445 4623 in
3475 4569 3690 4624 nomine
3720 4580 3813 4622 tuo

2235 4670 2496 4726 daemonia
2522 4668 2784 4737 ejicimus,
2813 4666 3018 4719 etizunsi
3040 4665 3289 4734 ejiceret;
3323 4662 3439 4727 sed,
3462 4661 3591 4715 Ecce
3615 4661 3812 4729 reliqui-

2236 4778 2350 4815 mus
2379 4760 2567 4824 onmia,
2598 4768 2641 4811 et
2681 4758 2877 4823 sequuti
2910 4773 3081 4809 sumus
3108 4765 3191 4819 te;
3230 4754 3350 4821 quid
3388 4770 3505 4823 ergo
3552 4753 3646 4805 erit
3670 4754 3811 4805 nobis

2237 4851 2448 4923 (Matth.
2479 4851 2568 4905 19.
2592 4847 2722 4920 27)?
2743 4846 2987 4901 Christus
3014 4861 3141 4900 vero
3166 4845 3287 4900 huic
3318 4843 3645 4914 respondens
3663 4885 3678 4907 ,
3704 4860 3810 4896 non

2236 4945 2393 5009 dixit,
2421 4944 2475 4998 Si
2506 4945 2623 5012 quis
2650 4940 2892 4995 claudum
2931 4938 3195 5001 erexerit;
3244 4936 3359 4998 sed,
3396 4936 3709 5006 Quicumque
3731 4953 3813 4990 re-

2239 5035 2440 5105 liquerit
2470 5034 2644 5086 domos
2669 5042 2717 5085 et
2743 5046 2891 5101 agros
2921 5038 3124 5099 propter
3144 5043 3225 5081 me
3240 5025 3668 5098 et-Evanqetium,
3692 5042 3811 5078 cen-

2240 5128 2437 5196 tuplum
2460 5125 2666 5193 accipiet
2691 5123 2744 5175 in
2769 5123 2863 5174 hoc
2891 5120 3099 5179 swculo,
3125 5128 3170 5173 et
3203 5120 3354 5171 vitam
3378 5126 3620 5170 wternam
3647 5116 3814 5185 possi-

2239 5216 2548 5285 debit(lbid.
2573 5232 2619 5269 υ.
2648 5215 2760 5286 29).
2792 5215 2854 5267 Et
2876 5230 2971 5267 nos
3004 5226 3215 5281 quoque
3246 5211 3385 5264 hunc
3425 5210 3716 5269 imitemur,
3756 5217 3815 5263 ut

2241 5327 2344 5364 non
2376 5307 2793 5367 confundamur;
2826 5305 2918 5358 sed
2959 5318 3077 5357 cum
3117 5302 3306 5355 ﬁducia
3346 5300 3617 5355 adstemus
3644 5300 3814 5353 tribu-

2242 5401 2347 5457 nali
2371 5400 2590 5460 Christi,
2616 5398 2870 5466 illumque
2897 5395 3226 5447 attrahamus
3256 5399 3313 5443 ut
3335 5391 3406 5445 sit
3431 5391 3726 5452 nobiscum,
3760 5400 3815 5446 ut

2237 5501 2435 5549 etcum
2454 5487 2739 5558 discipulis
2763 5486 2864 5541 fuit
2887 5484 3022 5552 ;erit
3047 5482 3191 5537 enim
3220 5480 3504 5535 nobiscum
3529 5479 3673 5534 sicut
3689 5493 3815 5531 eum

2237 5583 2351 5639 illis
2380 5581 2563 5648 fuit,si
2583 5580 2705 5634 illos
2726 5575 3198 5637 imitarivelimus,
3220 5572 3550 5641 illorumque
3567 5570 3731 5624 vitam
3756 5576 3813 5622 et

2239 5674 2553 5731 institutum
2598 5667 2864 5724 aemulari.
2905 5665 3111 5719 Horum
3153 5678 3317 5719 causa
3356 5662 3496 5716 Deus
3529 5667 3821 5715 coronatet

2243 5764 2522 5837 praedicat,
2556 5777 2665 5818 non
2706 5760 2928 5831 exigens
2962 5768 3021 5812 ut
3058 5764 3332 5811 mortuum
3348 5754 3578 5811 suscites
3593 5760 3647 5807 et
3664 5751 3820 5807 clau~
