4102 6444
1473 790 1888 881 SANCTI
1971 722 2395 881 PATRIS
2468 787 2908 883 NOSTRI

682 1099 1746 1285 JOANNIS
1903 1100 3713 1284 CHRYSOSTOMI

1570 1508 2044 1555 ARCHIEPISCOPI
2088 1509 2825 1556 CONSTANTINOPOLITANI

1101 1742 1745 1808 COMMENTARIUS
1803 1743 1889 1805 IN
1950 1744 2013 1808 S.
2077 1744 2573 1839 MATTHZEUM
2635 1744 3289 1811 EVANGELISTAM.

1666 2196 2007 2262 HOMILIA
2058 2199 2248 2261 XLV.
2294 2199 2379 2261 al.
2427 2198 2644 2259 XLVI.

544 2437 676 2491 Cn.
712 2436 797 2490 15.
829 2450 885 2490 ν.
927 2432 1029 2507 10.
1058 2429 1125 2486 Et
1169 2431 1458 2485 accedentes
1497 2428 1737 2499 discipuli
1775 2426 2012 2481 dixerunt
2050 2438 2134 2478 et:

623 2530 796 2596 Quare
816 2529 866 2581 in
891 2525 1149 2597 parabolis
1174 2525 1290 2594 loqu
1299 2523 1395 2577 eris
1408 2524 1490 2577 eis
1506 2524 1532 2578 ?
1589 2522 1675 2576 11.
1719 2519 1840 2591 Ipse
1861 2529 2029 2573 autem
2048 2533 2135 2574 re—

612 2619 867 2689 spondens
882 2618 1010 2671 dixit
1032 2619 1142 2671 eis:
1165 2616 1299 2680 Quia
1324 2613 1459 2668 vobis
1485 2614 1662 2667 datum
1681 2622 1753 2666 est
1782 2628 1929 2666 nosse
1948 2620 2135 2683 myste-

612 2714 695 2766 ria
742 2712 883 2782 regni
921 2710 1184 2778 calorum,
1215 2708 1319 2763 illis
1349 2717 1516 2761 autem
1542 2723 1644 2760 non
1665 2706 1839 2759 datum
1860 2714 1956 2760 est.

616 2805 667 2858 1.
713 2801 1095 2873 Discipulorum
1151 2799 1421 2871 prudentia
1454 2808 1497 2852 et
1535 2799 1741 2851 caritas.
1771 2796 2007 2849 Liberum
2044 2812 2133 2849 ar-

542 2896 747 2951 bitrium
775 2913 864 2967 per
883 2895 1100 2965 gratiam
1126 2909 1226 2947 non
1250 2892 1463 2946 tollitur.
1510 2921 1582 2933 —
1623 2889 1751 2945 Jurc
1802 2889 2135 2944 admiremur

540 2989 852 3059 discipulos,
875 2988 1015 3058 quod
1039 2986 1277 3042 discendi
1308 2985 1505 3055 cupidi,
1539 2984 1710 3040 sciant
1729 2983 1941 3054 quando
1966 2983 2132 3037 inter-

541 3082 836 3153 rogandum
872 3082 961 3136 sit.
1001 3080 1120 3134 Non
1147 3079 1289 3134 enim
1313 3077 1563 3133 omnibus
1592 3075 1949 3147 prtesentibus
1974 3073 2025 3129 id
2056 3074 2132 3127 fa-

539 3177 717 3232 ciunt:
761 3173 904 3244 quod
935 3172 1215 3227 Matth-mus
1242 3171 1311 3226 ita
1340 3171 1689 3241 significavit:
1728 3169 1790 3222 Et
1814 3168 2131 3222 accedentes.

539 3266 654 3321 Hoc
702 3279 864 3335 porro
894 3278 997 3318 non
1034 3277 1097 3317 ex
1140 3261 1443 3331 conjectura
1461 3261 1616 3316 dico:
1667 3259 1874 3314 Marcus
1904 3258 2045 3313 enim
2078 3258 2129 3312 id

538 3359 736 3414 clarius
765 3356 1035 3420 indicavit,
1062 3370 1185 3410 cum
1215 3354 1290 3408 ait
1334 3354 1479 3425 ipsos
1504 3352 1728 3407 scorsim
1757 3351 1823 3405 ad
1845 3351 1992 3404 illum
2031 3365 2121 3403 ac.

536 3450 767 3504 cessisse
793 3446 986 3517 (Marc.
1017 3446 1069 3501 b.
1100 3445 1215 3509 10).
1264 3443 1353 3499 Sic
1380 3453 1433 3499 et
1459 3452 1683 3498 m-trem
1713 3452 1765 3496 ct
1793 3439 1983 3495 fratres
2010 3440 2128 3510 ejus

537 3540 719 3595 facere
746 3536 1003 3602 decebat,
1037 3550 1144 3590 non
1175 3549 1366 3589 vocare
1406 3533 1568 3599 foras,
1598 3539 1654 3587 ct
1681 3546 1801 3587 sese
1833 3540 2122 3593 ostentare.

539 3630 818 3701 Perpende
838 3639 1014 3685 autem
1046 3630 1323 3684 caritatem
1354 3626 1616 3696 ipsorum,
1645 3634 1894 3696 quantam
1924 3625 2128 3681 scilicet

535 3727 761 3781 aliorum
789 3739 971 3780 curam
1001 3731 1207 3794 gerant,
1236 3737 1299 3776 ac
1322 3720 1469 3791 prius
1486 3736 1606 3789 qua:
1621 3719 1687 3774 ad
1715 3720 1835 3773 illos
1857 3719 2123 3789 pertinent

463 3799 469 3807 ’
534 3823 801 3886 qumrant,
832 3813 1028 3869 deinde
1054 3828 1169 3867 sua.
1204 3812 1327 3879 Cur,
1356 3810 1637 3881 inquiunt,
1680 3811 1733 3863 in
1755 3807 2012 3880 parabolis
2040 3808 2120 3861 lo-

531 3910 701 3980 queris
728 3908 798 3962 ad
820 3908 941 3963 cos?
964 3906 1079 3962 Non
1105 3906 1375 3972 dixerunt,
1416 3904 1526 3959 Cur
1557 3904 1607 3958 in
1643 3901 1908 3973 parabolis
1936 3902 2119 3970 loque-

532 4000 608 4056 ris
634 4000 786 4055 nobis
805 4004 830 4055 ’ἐ
871 4000 1000 4054 Nam
1029 4008 1083 4055 et
1109 3998 1234 4054 alibi
1256 4013 1400 4068 saepe
1419 3998 1668 4053 videntur
1700 3996 1841 4052 bono
1871 4010 1992 4052 esse
2020 4009 2110 4050 er-

531 4108 597 4163 ga
618 4107 802 4147 omnes
829 4090 1019 4146 affectu
1045 4107 1060 4156 ;
1089 4100 1148 4145 ut
1175 4105 1296 4145 cum
1318 4089 1522 4153 dicunt,
1557 4088 1763 4144 Dimitte
1794 4088 1965 4142 turbas
1991 4102 2011 4150 ;
2039 4095 2116 4151 et,

528 4184 643 4240 Scis
662 4183 796 4254 quod
818 4181 1167 4235 scandalizati
1187 4183 1288 4234 sint
1314 4179 1460 4250 (Luc.
1481 4180 1532 4231 9.
1561 4177 1646 4230 l2.
1666 4176 1854 4229 Matth.
1886 4175 2104 4243 15.12).

531 4273 674 4342 Quid
728 4287 859 4344 ergo
905 4272 1191 4328 Christus?
1244 4270 1381 4337 Quia
1429 4270 1567 4324 vobis
1603 4270 1788 4322 datum
1840 4278 1914 4321 est
1960 4283 2109 4321 nosse

535 4367 845 4437 mysterium
877 4365 1021 4435 regni
1056 4365 1300 4419 caelorum
1324 4380 1342 4419 :
1366 4364 1470 4419 illis
1495 4372 1672 4415 autem
1693 4362 1876 4414 (latum
1901 4376 2005 4414 non
2031 4369 2121 4414 est.

529 4456 664 4512 lltud
697 4466 874 4510 autem
896 4453 1050 4520 dixit,
1079 4468 1186 4507 non
1213 4452 1587 4507 necessitatem
1607 4449 1864 4504 inducens
1888 4489 1904 4514 ,
1945 4461 2118 4517 neque

527 4557 732 4604 sortem
761 4545 1045 4616 quamdam
1076 4553 1278 4599 temere
1305 4551 1359 4598 et
1378 4542 1694 4612 simpliciter
1716 4541 1932 4596 missam
1957 4555 1972 4604 ;
2021 4537 2116 4593 sed

526 4638 819 4694 ostendens
841 4635 986 4705 ipsos
1015 4636 1114 4691 sibi
1142 4650 1357 4689 causam
1378 4646 1501 4688 esse
1523 4630 1833 4702 malurum',
1856 4641 1915 4686 ut
1937 4629 2116 4684 decla-

526 4739 631 4793 ret,
664 4729 864 4783 donnm
892 4726 1022 4782 illud
1048 4741 1207 4791 esse,
1249 4734 1304 4780 et
1347 4725 1573 4795 gratiam
1631 4739 1861 4793 superne
1911 4722 2110 4777 datam.

525 4819 710 4889 Neque
729 4827 907 4873 tamen
928 4817 1050 4888 quia
1079 4815 1278 4871 donum
1295 4825 1397 4882 est,
1430 4813 1549 4868 ideo
1575 4813 1806 4868 liberum
1832 4812 2110 4867 arbitrium

524 4918 610 4968 est
635 4908 936 4964 sublatum:
966 4906 1018 4963 id
1037 4906 1177 4977 quod
1197 4921 1263 4962 ex
1279 4907 1625 4976 sequentibus
1650 4903 1986 4959 manifestum
2009 4912 2110 4959 est.

528 5001 666 5058 Vide
694 5001 854 5071 igitur
881 4998 1189 5070 quomodo,
1221 5008 1279 5053 ut
1323 5013 1496 5068 neque
1539 4996 1614 5052 illi
1659 4996 1965 5064 deslierent,
2019 5008 2113 5050 ne-

524 5108 632 5164 que
660 5092 715 5148 hi
742 5093 1071 5163 negligenter
1095 5101 1277 5162 agant,
1296 5090 1577 5146 audientes
1608 5089 1736 5144 illud
1758 5088 1943 5143 datum
1965 5102 2107 5153 esse,

524 5198 690 5255 penes
715 5198 813 5237 nos
843 5198 963 5238 esse
988 5181 1198 5236 initium
1226 5181 1388 5237 dicat.
1419 5182 1506 5237 12.
1542 5181 1855 5251 Quicumque
1870 5180 2000 5234 enim
2018 5180 2112 5233 ha-

523 5277 622 5341 bet,
651 5273 856 5327 dabitur
879 5272 925 5326 ei
949 5312 964 5337 ,
1015 5280 1063 5325 et
1109 5271 1422 5327 abundabit:
1464 5272 1762 5342 quicumque
1804 5280 1971 5325 autem
2010 5287 2112 5324 non

523 5368 692 5433 habet,
717 5374 761 5419 et
804 5365 940 5431 quod
981 5364 1182 5419 videtur
1216 5362 1396 5418 habere
1428 5367 1683 5434 auferetur
1712 5363 1774 5416 ab
1813 5380 1890 5418 eo.
1948 5361 2109 5416 Multa

523 5456 853 5512 obscuritate
906 5456 1121 5526 plenum
1153 5454 1316 5510 estid
1339 5455 1479 5524 quod
1508 5455 1739 5520 dicitur,
1764 5454 2112 5509 ineffabilem-

527 5545 907 5616 qiicjustitiam
939 5544 1195 5603 ostendit.
1225 5544 1341 5601 Hoc
1368 5554 1546 5601 autem
1575 5546 1839 5618 significat
1866 5561 1882 5599 :
1934 5544 1994 5601 Ei
2018 5545 2107 5614 qui

588 5719 605 5747 ι
641 5716 949 5787 aliibabeut,
973 5720 1059 5772 sed
1082 5719 1333 5787 ostendens
1353 5719 1482 5783 ipsos
1504 5722 1595 5776 sibi
1615 5722 1733 5787 ipsis
1754 5735 1848 5774 non
1866 5721 2110 5775 attenden-

522 5781 595 5824 tcs
611 5781 820 5828 omnium
842 5792 943 5831 esse
967 5795 1162 5833 cratsam
1183 5781 1438 5833 malorum.

2250 2421 2520 2482 desiderio
2539 2437 2588 2482 et
2613 2426 2789 2482 studio
2811 2428 2998 2496 plenus
3024 2438 3125 2495 est,
3151 2431 3417 2489 dabuntur
3438 2451 3468 2490 a
3499 2437 3607 2493 Deo
3624 2441 3836 2496 omnia:

2245 2517 2297 2572 ei
2340 2531 2471 2573 vero
2498 2518 2588 2588 qui
2615 2517 2699 2574 his
2728 2534 2925 2577 vacuus
2955 2530 3075 2587 est,
3128 2539 3229 2579 nec
3278 2540 3342 2580 ea
3388 2542 3507 2596 qua:
3547 2545 3713 2600 penes
3767 2548 3834 2588 se

2245 2616 2372 2661 sunt
2397 2607 2559 2674 facit,
2608 2624 2783 2680 neque
2808 2625 2870 2665 ea
2902 2626 3020 2680 qua:
3049 2627 3077 2665 a
3114 2612 3223 2668 Deo
3248 2624 3371 2670 sunt
3419 2617 3686 2675 dabuntur
3729 2622 3830 2675 illi.

2244 2699 2396 2766 Nam,
2448 2700 2514 2755 Et
2550 2702 2687 2770 quod
2712 2702 2906 2757 videtur
2931 2704 3133 2771 habere,
3156 2706 3346 2776 inquit,
3372 2713 3632 2780 auferetur
3651 2714 3713 2767 ab
3732 2730 3791 2767 eo
3812 2732 3834 2768 :

2245 2808 2352 2847 non
2382 2793 2491 2848 Deo
2516 2794 2816 2861 auferente,
2839 2797 2933 2850 sed
2954 2811 3048 2851 sua
3077 2812 3182 2853 non
3201 2801 3494 2868 prmbeute.
3521 2803 3633 2858 Hoc
3651 2814 3705 2860 et
3727 2822 3832 2862 nos

2243 2883 2498 2940 facimus:
2535 2902 2657 2941 cum
2680 2888 2918 2943 ridemus
2942 2890 3224 2959 quemdam
3246 2894 3479 2963 segniter
3503 2896 3834 2967 audientem,

2243 2987 2297 3033 et
2314 2980 2529 3034 monitis
2553 2980 2736 3036 multis
2763 2997 2866 3035 non
2888 2983 3269 3051 attendentem,
3301 2987 3519 3043 silemus
3549 2988 3831 3060 deinceps.

2241 3072 2372 3127 Nam
2399 3072 2441 3126 si
2472 3088 2693 3130 monere
2745 3090 3062 3146 pergamus,
3103 3092 3326 3150 augetur
3348 3082 3623 3152 segnities.
3670 3084 3834 3155 Cupi-

2241 3165 2366 3220 dum
2390 3175 2566 3220 autem
2594 3166 2834 3223 discendi
2856 3170 3193 3236 attrahimus,
3222 3172 3496 3243 multaque
3524 3174 3686 3231 verba
3710 3178 3834 3233 fun-

2243 3259 2439 3315 dimus.
2471 3261 2701 3316 Pulchre
2722 3278 2849 3318 vero
2871 3263 3022 3329 dixit,
3050 3264 3116 3318 Et
3141 3268 3276 3335 quod
3295 3268 3488 3322 videtur
3504 3270 3704 3324 habere.
3722 3271 3835 3325 Nc-
3898 3319 3907 3326 .

2238 3368 2344 3423 que
2366 3355 2503 3407 enim
2530 3353 2632 3410 hoc
2654 3355 2823 3424 ipsum
2848 3355 3028 3412 habet.
3063 3358 3267 3413 Deinde
3294 3360 3409 3415 lucc
3428 3362 3656 3417 clariora
3702 3364 3831 3418 efti-

2238 3444 2309 3498 cit
2336 3485 2350 3505 ,
2382 3445 2672 3500 ostendens
2709 3446 2831 3514 quid
2851 3447 2918 3500 sit
2937 3447 3087 3515 illud,
3111 3448 3333 3504 Habenti
3352 3452 3572 3519 dabitur,
3606 3453 3688 3507 his
3709 3471 3832 3509 ver-

2238 3535 2320 3590 bis
2342 3553 2354 3589 :
2399 3535 2472 3588 Ab
2498 3553 2556 3590 eo
2582 3546 2749 3592 autem
2770 3539 2858 3607 qui
2880 3556 2978 3593 non
2995 3540 3160 3603 habet,
3187 3551 3234 3596 et
3260 3544 3397 3611 quod
3426 3545 3622 3599 videlur
3643 3545 3832 3600 habere

2236 3633 2494 3699 auferetur
2513 3627 2574 3682 ab
2604 3646 2680 3683 eo.
2717 3630 2800 3685 15.
2828 3629 2952 3685 Ideo
2972 3673 2986 3697 ,
3018 3632 3185 3703 inquit
3210 3675 3224 3698 ,
3251 3635 3305 3687 in
3341 3634 3599 3705 parabolis
3648 3637 3830 3706 loquor

2234 3719 2360 3787 ipsis
2381 3758 2395 3784 ,
2443 3719 2561 3787 quia
2581 3719 2801 3773 videntes
2825 3736 2925 3775 non
2947 3721 3131 3775 vident.
3166 3722 3326 3793 Atqui
3378 3724 3652 3794 aperiendi
3678 3767 3692 3790 ,
3742 3726 3829 3780 in—

2231 3813 2401 3883 quies,
2437 3812 2671 3883 ipsorum
2702 3813 2840 3868 oculi
2866 3823 3037 3879 erant,
3070 3817 3114 3870 si
3140 3816 3495 3872 nouvideant.
3528 3817 3724 3874 Verum
3774 3821 3825 3876 si

2232 3912 2501 3957 ornatura
2523 3904 2735 3958 caecitas
2751 3913 2883 3968 erat,
2931 3907 3140 3974 aperire
3185 3907 3500 3976 oportebat;
3529 3908 3650 3977 quia
3694 3924 3823 3964 vero

2230 3996 2524 4050 voluntaria
2552 3996 2784 4064 caecitas,
2807 3997 2927 4052 ideo
2948 4012 3051 4051 non
3084 3997 3395 4067 simpliciter
3416 3998 3573 4052 dixit.
3598 3998 3713 4052 Non
3744 3999 3824 4053 vi-

2230 4085 2378 4151 dent;
2402 4086 2518 4151 sed,
2545 4084 2783 4141 Videntes
2804 4103 2905 4141 non
2925 4087 3116 4152 vident;
3139 4088 3209 4142 ita
3228 4095 3360 4142 utex
3381 4103 3565 4142 eorum
3582 4088 3819 4157 nequitia

2229 4177 2440 4232 catcitas
2464 4177 2552 4232 sit.
2587 4177 2841 4234 Viderunt
2858 4182 2998 4234 enim
3016 4179 3288 4235 daemonas
3309 4193 3578 4248 egressos,
3601 4189 3656 4234 et
3674 4180 3820 4236 dicc-

2230 4271 2356 4325 bant
2375 4292 2387 4328 :
2408 4271 2473 4324 In
2488 4271 2759 4327 Beelzebub
2786 4274 3011 4345 principe
3035 4273 3399 4326 dwmoniorum
3415 4272 3463 4341 ej
3469 4272 3551 4324 icit
3563 4271 3816 4326 daemonia

2229 4364 2443 4437 (Matth.
2472 4366 2524 4422 9.
2545 4364 2659 4435 55).
2679 4365 2972 4420 Audierant
2992 4364 3138 4418 illum
3154 4364 3299 4431 ipsos
3312 4362 3425 4418 Deo
3436 4364 3809 4431 adducentem,

2227 4466 2415 4511 etcum
2436 4456 2548 4511 Deo
2563 4470 2808 4525 magnum
2821 4468 3141 4508 consensum
3159 4452 3520 4519 exhibentem,
3539 4464 3591 4508 et
3608 4454 3813 4511 dicunt:

2230 4546 2330 4601 Hic
2349 4564 2450 4601 non
2471 4556 2541 4601 est
2566 4563 2629 4601 ex
2651 4545 2776 4599 Deo.
2800 4545 2935 4613 Quia
2959 4544 3118 4614 igitur
3135 4545 3400 4599 contraria
3420 4552 3476 4599 et
3491 4545 3617 4600 visis
3643 4553 3697 4600 et
3716 4559 3813 4598 an-

2226 4639 2350 4693 ditis
2378 4635 3139 4706 exhibebant,ldeo,inquit,et
3156 4636 3326 4690 visum
3347 4644 3401 4692 et
3417 4636 3656 4692 auditum
3683 4637 3814 4707 ipsis

2225 4728 2427 4784 aufero.
2458 4727 2599 4782 Nihil
2619 4728 2763 4782 enim
2792 4727 2918 4781 hinc
2957 4725 3062 4780 illis
3088 4725 3206 4795 plus
3220 4725 3447 4792 accedit,
3490 4726 3594 4781 nisi
3641 4727 3811 4795 major

2225 4818 2518 4875 damnatio.
2541 4818 2657 4873 Non
2687 4816 2847 4873 modo
2873 4816 3016 4872 enim
3045 4830 3150 4870 non
3173 4815 3467 4871 credebant
3492 4856 3507 4881 ,
3537 4815 3632 4871 sed
3649 4817 3808 4870 etiam

2224 4912 2591 4982 increpabant,
2615 4910 2970 4974 accus:tbant,
3004 4907 3227 4963 insidias
3282 4907 3581 4963 struebant.
3613 4907 3807 4962 Verum

2219 5018 2330 5060 non
2360 5002 2465 5058 hoc
2496 5002 2654 5068 dicit;
2695 5016 2802 5056 non
2841 5000 2955 5054 vult
3003 4998 3147 5054 enim
3197 5012 3459 5053 onerosus
3506 4998 3811 5055 accusando

2222 5111 2367 5152 esse.
2396 5094 2550 5149 Initio
2571 5095 2767 5164 quippe
2803 5107 2909 5146 non
2933 5090 3012 5145 sic
3039 5105 3159 5146 cum
3192 5090 3299 5144 illis
3337 5089 3670 5155 disserebat,
3710 5088 3804 5143 sed

2221 5203 2343 5244 cum
2375 5201 2563 5257 magna
2591 5183 2970 5255 perspicuitate
2994 5199 3007 5236 :
3053 5181 3176 5251 quia
3222 5195 3350 5235 vero
3378 5195 3499 5235 sese
3528 5187 3804 5249 perverte-

2221 5280 2370 5344 baut,
2396 5279 2448 5332 in
2477 5275 2745 5348 parabolis
2774 5273 2991 5328 demum
3048 5271 3306 5342 loquitur.
3355 5269 3558 5325 Deinde
3591 5283 3659 5324 ne
3689 5268 3810 5337 quis

2221 5378 2437 5442 putaret
2465 5369 2580 5424 lucc
2624 5382 2718 5438 per
2741 5365 3065 5421 calumniam
3104 5364 3238 5427 dici,
3284 5376 3384 5417 nec
3407 5361 3647 5415 dicereut
3693 5360 3807 5414 illi:

2223 5464 2472 5521 Inimicus
2499 5470 2680 5516 noster
2706 5466 2790 5514 est
2818 5458 2862 5512 is
2893 5458 2984 5526 qui
3013 5457 3346 5518 criminatur,
3374 5452 3688 5522 prophetam
3716 5452 3810 5506 ad-

2222 5557 2368 5614 ducit
2387 5555 2576 5613 eadem
2601 5556 2712 5624 ipsa
2742 5550 3126 5622 proferentem.
3175 5549 3262 5602 11.
3294 5544 3549 5615 [inpletur
3574 5545 3710 5599 enim
3752 5546 3805 5596 iu

2220 5656 2366 5726 ipsis,
2402 5651 2593 5721 inquit,
2623 5647 2892 5719 prophetia
2915 5644 3072 5698 lsaite
3091 5642 3262 5695 dicens
3288 5655 3304 5691 :
3332 5639 3521 5693 Audita
3546 5637 3761 5690 audietis
3788 5676 3802 5695 ,

2222 5723 2266 5804 et
2308 5763 2408 5802 non
2454 5741 2782 5809 intelligetis;
2809 5748 2854 5794 et
2881 5736 2990 5790 visu
3034 5732 3350 5806 percipietis,
3384 5741 3554 5784 etnon
3580 5723 3806 5806 videbitis
