4102 6418
317 228 420 284 ιτδ

317 348 335 412 (
369 343 496 396 lsai.
522 337 576 394 6.
595 337 630 394 9
655 336 696 408 ).
727 333 911 390 Vidcn‘
934 346 1092 402 quam
1120 339 1366 384 accurate
1396 327 1653 397 propheta
1695 331 1915 380 accuset

322 431 493 490 illos?
522 430 704 500 Neque
730 427 871 483 enim
892 425 1004 494 ipse
1029 422 1183 485 dixit,
1210 419 1328 474 Non
1355 419 1547 473 videtis
1571 436 1585 483 ;
1635 417 1730 473 sed
1752 457 1765 479 ,
1831 414 1920 468 Vi-

319 525 524 588 debitis,
554 534 600 576 et
630 537 730 574 non
757 517 1007 573 uidebitis‘
1035 530 1050 579 ;
1103 529 1276 582 neque
1301 511 1467 576 dixit,
1503 509 1618 564 Non
1641 507 1870 563 audietis
1901 521 1916 572 ;

324 617 421 673 sed
449 659 464 682 ,
506 612 750 677 Audietis,
784 620 830 665 et
869 625 970 662 non
1003 605 1316 676 intelligetis.
1347 603 1525 672 Quare
1563 601 1662 671 ipsi
1717 601 1920 670 scipsos

327 710 503 780 primo
528 705 893 766 excluserunt,
912 713 1068 754 aures
1095 697 1431 759 obturantes,
1460 694 1648 749 oculos
1669 691 1921 746 clauden-

325 811 433 862 tes,
459 813 552 853 cor
579 794 928 849 obdurantes.
962 790 1078 844 Non
1112 788 1272 843 modo
1292 787 1434 843 enim
1460 803 1563 840 non
1601 783 1918 845 audiebant,

325 891 422 945 sed
452 898 507 944 et
540 888 627 943 i5.
654 884 884 939 Graviter
909 881 1218 943 audiebant;
1274 877 1433 948 idque
1461 876 1785 936 faciebant’,
1840 874 1922 927 in-

327 983 484 1056 quit,
519 978 801 1044 Nequando
829 983 1204 1037 convertantur,
1251 980 1298 1024 et
1344 987 1516 1026 sanem
1568 985 1691 1032 eos;
1749 968 1924 1020 inten-

331 1092 448 1130 sam
478 1074 688 1128 illormn
721 1068 1012 1139 nequitiam
1045 1064 1324 1132 indicans,
1353 1061 1764 1118 ctaversionem
1812 1069 1923 1113 stu-

333 1169 426 1223 dio
459 1177 718 1236 paratam.

403 1257 456 1310 2.
505 1256 705 1309 Domini
755 1251 1094 1306 misericordia
1139 1250 1192 1303 in
1238 1247 1474 1302 Jutla’os.
1524 1244 1795 1300 Peccatum
1828 1259 1927 1296 non

331 1365 397 1402 ea:
416 1357 600 1401 natura
618 1355 709 1404 est.
732 1353 819 1396 aut
848 1358 911 1397 ea:
939 1341 1244 1396 necessitate.
1269 1369 1339 1380 -—
1366 1339 1478 1392 lloc
1494 1346 1672 1391 autem
1694 1335 1840 1397 dicit,
1874 1342 1931 1388 ut

334 1442 455 1494 illos
483 1435 717 1491 attrahat
743 1435 1052 1503 inciletque,
1079 1441 1133 1486 et
1159 1429 1428 1494 ostendat,
1451 1427 1496 1482 si
1522 1435 1926 1489 convertantur,

333 1547 396 1588 se
439 1531 586 1598 ipsos
614 1536 924 1582 sanaturum
957 1537 1079 1578 esse
1109 1539 1124 1577 :
1156 1536 1220 1576 ac
1246 1521 1290 1576 si
1322 1520 1442 1590 quis
1485 1517 1709 1581 diceret,
1752 1513 1931 1570 Noluit

335 1637 424 1677 me
463 1620 667 1685 videre,
701 1628 754 1672 et
783 1616 1008 1687 gratiam
1057 1613 1271 1668 habeo:
1303 1627 1426 1666 nam
1476 1610 1519 1666 si
1551 1624 1638 1664 me
1682 1608 1930 1679 dignatus

337 1713 548 1776 fuisset,
570 1709 748 1764 statim
776 1705 1070 1763 ﬂectendus
1090 1720 1259 1759 eram.
1281 1703 1392 1758 Hoc
1417 1715 1579 1772 porro
1599 1699 1726 1755 dicit
1751 1707 1933 1754 osten-

336 1803 476 1859 dens
505 1799 774 1872 quomodo
800 1796 1176 1853 reconciliatus
1215 1793 1424 1850 fuisset.
1456 1791 1544 1847 Sic
1573 1799 1630 1847 et
1667 1791 1770 1845 hoc
1811 1789 1932 1844 loco

339 1897 414 1952 ait
441 1913 455 1951 :
494 1891 786 1962 Nequando
824 1898 1200 1955 convertantur,
1231 1897 1278 1941 et
1300 1902 1472 1940 sauem
1494 1899 1615 1948 eos;
1643 1880 1934 1937 ostendens

343 2002 508 2060 posse
530 1986 648 2040 illos
673 1983 936 2050 converti,
955 1989 1010 2038 et
1034 1996 1130 2052 per
1155 1977 1524 2050 paenitentiam
1548 1975 1771 2030 salutem
1797 1989 1935 2029 con-

343 2078 498 2148 sequi
530 2096 543 2132 :
593 2090 760 2146 seque
788 2090 895 2130 non
922 2073 988 2128 ad
1015 2071 1238 2144 gloriam
1270 2084 1444 2134 suam,
1473 2067 1568 2122 sed
1611 2065 1678 2121 ad
1721 2065 1933 2120 illorum

346 2169 575 2224 salutem
617 2167 796 2222 omnia
827 2164 1020 2221 facere.
1073 2163 1130 2219 Si
1171 2161 1314 2218 enim
1347 2161 1605 2215 noluisset
1631 2172 1725 2212 eos
1751 2155 1936 2210 audire

345 2270 404 2316 et
429 2259 660 2323 servari,
695 2259 856 2314 silere
881 2257 1183 2327 oportebat,
1219 2270 1326 2308 non
1373 2253 1426 2308 in
1458 2251 1726 2324 parabolis
1756 2249 1934 2319 loqui:

346 2367 492 2408 nunc
515 2358 691 2405 autem
718 2349 820 2404 hoc
841 2349 956 2418 ipso
979 2347 1163 2402 incitat
1179 2345 1319 2412 illos,
1338 2342 1480 2414 quod
1503 2342 1730 2397 obscure
1755 2341 1939 2408 loqua-

352 2453 458 2496 tur.
487 2441 617 2495 Nam
663 2440 802 2494 Deus
847 2455 948 2492 non
997 2439 1100 2491 vult
1145 2445 1354 2489 mortem
1399 2433 1713 2505 peccatoris;
1751 2431 1839 2485 sed
1887 2437 1941 2484 ut

349 2543 672 2589 convertatur
693 2542 741 2586 et
766 2532 895 2586 vivat
934 2529 1144 2601 (Ezecli.
1175 2529 1262 2584 18.
1292 2527 1404 2596 25).
1437 2525 1590 2592 Quod
1616 2534 1791 2579 autem
1821 2538 1944 2593 pec-

320 2677 322 2679 ,
351 2637 528 2682 catum
561 2641 667 2678 non
695 2639 758 2679 ex
791 2631 980 2677 natura
1008 2621 1078 2676 sit
1103 2628 1194 2675 aut
1218 2636 1284 2675 ex
1315 2618 1630 2674 necessitate
1660 2625 1713 2670 et
1742 2614 1946 2668 violen-

354 2721 447 2783 tia,
479 2717 599 2771 audi
625 2715 750 2786 quid
783 2714 1039 2784 apostolis
1069 2712 1210 2766 dicat
1241 2730 1253 2766 :
1286 2711 1375 2765 16.
1422 2707 1582 2762 Vestri
1607 2715 1773 2760 autem
1811 2705 1942 2759 beati

354 2804 513 2875 oculi,
539 2809 656 2878 quia
681 2805 872 2873 uident,
893 2814 938 2858 et
961 2820 1129 2866 aures,
1158 2803 1277 2871 quia
1317 2801 1570 2863 audiunt;
1602 2814 1706 2852 non
1733 2797 1801 2852 de
1827 2797 1948 2850 visu

356 2901 439 2953 vel
491 2897 670 2951 auditu
712 2896 953 2965 corporis
1005 2895 1246 2964 loquens,
1281 2891 1374 2946 sed
1413 2889 1480 2944 de
1517 2889 1634 2944 visu
1671 2897 1724 2943 et
1764 2885 1947 2940 auditu

358 2991 576 3045 mentis.
619 2990 790 3045 Judaei
819 2987 960 3043 enim
989 2987 1152 3041 etiam
1198 2985 1252 3040 hi
1281 2992 1454 3048 erant,
1489 2992 1647 3052 atque
1676 2981 1727 3034 in
1759 2978 1948 3034 iisdem

360 3084 570 3139 educati
599 3101 612 3136 :
643 3083 772 3151 ipsis
798 3092 974 3136 tamen
1004 3080 1137 3134 nihil
1169 3079 1353 3133 nocuit
1376 3075 1674 3145 prophetia,
1699 3074 1818 3143 quia
1851 3071 1949 3126 bo-

362 3191 555 3229 norum
599 3173 832 3228 radicem
866 3172 1132 3226 habebant
1163 3181 1306 3224 recte
1347 3167 1581 3231 insitam,
1622 3164 1950 3236 prepositum

364 3280 558 3334 nempe
600 3274 654 3318 et
682 3264 1031 3317 voluntatem.
1070 3261 1254 3316 Viden’
1283 3259 1432 3323 illud,
1475 3256 1625 3310 Vobis
1655 3256 1830 3308 datunt
1859 3262 1952 3318 est,

367 3373 474 3411 non
506 3355 881 3410 necessitatem
934 3351 1152 3406 inditam
1202 3347 1544 3420 signiﬁcare?
1587 3345 1771 3414 Neque
1810 3343 1952 3398 enim

366 3447 509 3502 beati
543 3445 811 3516 priedicati
858 3444 1103 3507 fuissent,
1134 3443 1234 3497 nisi
1273 3443 1470 3497 bonum
1497 3439 1622 3493 illud
1649 3453 1783 3506 opus
1811 3437 1957 3505 ipso-

367 3555 486 3594 rum
513 3538 720 3592 fuisset.
739 3537 816 3592 Ne
836 3537 1036 3591 dixeris
1065 3538 1230 3601 enim,
1253 3535 1398 3588 illum
1422 3533 1650 3586 obscure
1680 3531 1958 3598 quuutum

370 3629 536 3684 fuisse
564 3645 577 3681 :
613 3637 858 3696 poterant
882 3628 1025 3681 enim
1065 3625 1141 3679 illi
1173 3635 1226 3679 et
1251 3622 1506 3679 accedere
1533 3631 1587 3677 et
1608 3621 1956 3689 interrogare,

369 3720 817 3792 quemadmodum
845 3729 900 3774 et
933 3719 1210 3788 discipuli;
1265 3716 1358 3770 sed
1410 3727 1626 3784 torpore
1672 3729 1735 3769 ac
1786 3711 1961 3783 negli-

369 3814 552 3885 gentia
592 3815 822 3882 correpti
871 3813 1174 3867 noluerunt.
1210 3809 1279 3864 Et
1307 3809 1432 3879 quid
1464 3808 1607 3874 dico,
1637 3804 1964 3862 noluerunt?

373 3907 581 3962 Etenim
609 3917 792 3960 contra
824 3905 1149 3959 nitebantur.
1183 3903 1298 3957 Non
1335 3903 1508 3957 solum
1535 3901 1677 3956 enim
1707 3916 1812 3955 non
1842 3915 1965 3955 cre-

373 3997 571 4052 debant
595 4011 694 4051 nec
714 3995 1018 4059 audiebant,
1039 3994 1131 4049 sed
1149 3995 1309 4048 etiam
1329 3993 1730 4062 impugnabant,
1749 4000 1802 4046 et
1825 4005 1968 4061 :rgre

373 4089 662 4142 admodum
703 4087 847 4142 dicta
878 4087 1186 4151 audiebant,
1223 4085 1364 4155 quod
1410 4085 1725 4154 prophetam
1769 4082 1970 4136 inducit

376 4193 736 4244 accusantem,
759 4193 880 4232 cum
905 4176 1054 4242 dicit,
1088 4176 1318 4230 Graviter
1342 4175 1633 4229 audierunt.
1661 4173 1732 4228 At
1758 4189 1864 4227 non
1891 4173 1970 4228 illi

382 4271 518 4324 tales
557 4270 810 4323 fuerunt:
857 4276 1181 4338 quapropter
1204 4267 1389 4321 beatos
1429 4265 1639 4319 diccbat
1683 4279 1798 4318 eos.
1848 4263 1972 4317 Alio

379 4377 594 4431 quoque
621 4361 780 4415 modo
805 4360 1088 4415 conlirmat
1129 4360 1273 4428 ipsos
1300 4358 1383 4411 his
1411 4357 1590 4411 verbis
1624 4372 1637 4408 :
1692 4357 1778 4410 I7.
1812 4356 1972 4408 Amen

380 4455 573 4523 quippe
596 4454 708 4507 dico
735 4453 895 4515 vobis,
915 4452 1060 4505 multi
1088 4452 1346 4521 prapliette
1369 4460 1417 4503 et
1445 4450 1576 4521 justi
1603 4450 1865 4502 voluerunt
1894 4448 1973 4501 vi-

385 4550 507 4599 dere
518 4556 628 4616 qua:
644 4562 727 4599 vos
744 4545 993 4611 videtis,et
1010 4561 1109 4597 non
1126 4544 1428 4608 viderunt,ct
1445 4542 1624 4594 audire
1639 4557 1750 4609 qua:
1765 4540 1972 4606 auditis,

382 4646 431 4690 et
461 4652 562 4690 non
587 4637 890 4700 audierunt;
923 4649 1116 4704 nempe
1145 4635 1430 4687 adventum
1471 4647 1670 4696 meum,
1696 4630 1972 4694 miracula,

384 4743 596 4793 vocem,
616 4727 927 4781 doctrinam.
967 4725 1064 4781 Hic
1097 4740 1255 4794 porro
1292 4739 1386 4779 eos
1412 4740 1518 4778 non
1546 4721 1706 4776 modo
1754 4720 1978 4791 perditis

386 4823 508 4875 istis
536 4830 587 4875 et
613 4836 837 4890 nequam
870 4817 1195 4884 hominibus,
1225 4817 1318 4872 sed
1363 4817 1524 4872 etiam
1556 4814 1830 4884 prteclaris
1872 4813 1976 4866 illis

388 4913 689 4981 anteponit,
720 4927 842 4966 cum
869 4909 1000 4965 dicit
1022 4925 1117 4964 eos
1139 4909 1406 4965 beatiores
1436 4908 1541 4961 illis
1566 4905 1728 4961 esse?
1751 4905 1856 4960 Cur
1883 4919 1980 4958 au-

391 5004 543 5059 tem?
569 5004 701 5072 Quia
753 5019 858 5057 non
907 5001 1068 5057 modo
1098 5017 1216 5072 qua:
1257 5000 1426 5056 Judaei
1466 5015 1573 5052 non
1605 4998 1852 5052 viderunt
1880 4996 1980 5066 ipsi

390 5097 662 5159 videbant,
696 5095 790 5151 sed
820 5095 982 5150 etiam
1009 5109 1072 5148 ea
1103 5108 1224 5163 quae
1251 5091 1411 5161 prisci
1444 5090 1517 5144 illi
1555 5089 1740 5144 videre
1777 5103 1982 5142 concu-

393 5190 662 5261 pierant'.
689 5190 765 5243 Illi
795 5203 1025 5258 namque
1052 5186 1155 5242 fide
1185 5194 1392 5240 tantum
1415 5181 1696 5246 viderunt;
1726 5180 1778 5233 hi
1807 5190 1983 5234 autem

393 5286 528 5355 ipsis
569 5285 757 5349 oculis,
788 5294 840 5338 et
871 5283 1024 5352 longe
1051 5279 1266 5335 clarius.
1291 5277 1492 5333 Viden’
1540 5273 1810 5345 quomodo
1834 5281 1984 5327 vete-

391 5394 511 5436 rem
542 5377 710 5446 legem
740 5374 933 5428 itt-rum
969 5387 1093 5426 cum
1119 5385 1252 5425 nova
1284 5368 1522 5439 copulet,
1549 5363 1840 5419 ostendens
1870 5362 1987 5416 illos

460 5515 474 5544 ι
513 5517 652 5559 Forte
675 5505 962 5569 legendum,
985 5512 1145 5569 Neque
1165 5500 1312 5569 _euim
1340 5498 1442 5562 ipse
1639 5508 1732 5544 non
1758 5493 1860 5546 risu
1883 5507 1956 5560 pet
1972 5517 2000 5530 -

391 5558 614 5639 ιῑρεειξεχς
633 5558 782 5639 seu".
805 5558 1218 5639 imperitiam,
1243 5569 1288 5612 et
1312 5558 1405 5611 non
1424 5558 1657 5611 videbitis.
1685 5574 1707 5604 ι

454 5639 475 5670 ²
510 5627 616 5695 Alii,
641 5631 794 5693 idque
817 5627 1067 5695 faciebat._'
1223 5684 1233 5693 _

453 5699 474 5733 ³
505 5684 620 5752 Ι)υό
644 5684 758 5745 κθὲ.
786 5684 987 5752 addunt,
1006 5693 1051 5738 et
1075 5699 1165 5738 non
1190 5684 1424 5737 viderant.

1301 213 1364 268 IN
1405 209 1813 268 MATTII/EUM
1854 207 2084 264 liOMIL.
2131 208 2288 265 XLV.
2329 210 2401 266 al.
2446 211 2628 267 XLVI.

3511 216 3613 273 47.

2029 339 2134 379 non
2187 325 2346 380 modo
2395 325 2566 381 futura
2614 326 2831 394 vidisse,
2860 326 2953 381 sed
2985 327 3145 381 etiam
3177 326 3328 383 valde
3345 330 3613 399 'concnpi-

2026 417 2204 471 visse?
2235 417 2415 487 Neque
2444 418 2490 473 si
2528 418 2686 474 alieni
2714 418 2822 482 dei,
2854 428 2908 474 et
2951 419 3074 473 huic
3102 419 3358 474 contrarii
3383 421 3618 475 cultores

2028 510 2274 578 fuissent,
2304 511 2358 565 id
2382 509 2797 566 desiderassent.
2823 511 2910 567 I8.
2940 509 3039 564 Vos
3067 493 3202 578 vero,
3231 511 3419 582 inquit,
3438 513 3618 580 quibus

2026 604 2080 658 id
2107 605 2281 658 datum
2309 613 2400 668 est,
2429 605 2602 659 audite
2627 603 2922 675 paraboiam
2967 605 3297 670 seminantis;
3343 614 3397 662 et
3439 617 3622 661 narrat

2026 713 2088 752 ea
2119 713 2238 768 qua:
2286 712 2446 768 supra
2494 697 2748 762 diximus,
2779 698 2848 754 de
2877 699 3103 770 segnitie
3149 707 3202 754 et
3229 700 3523 770 diligentia,
3552 699 3622 756 de

2029 803 2172 846 metu
2200 802 2252 848 et
2284 791 2615 856 fortitudine,
2640 791 2708 846 de
2733 791 2933 846 divitiis
2961 801 3015 846 et
3045 801 3359 863 paupertate
3386 812 3399 848 :
3433 802 3621 847 osten-

2029 881 2493 938 densetdamnum
2516 881 2640 937 inde
2657 891 2710 936 et
2730 882 3011 937 utilitatem
3033 882 3157 938 hinc
3181 893 3404 951 partam.
3424 883 3624 939 Deinde

2029 973 2208 1028 varios
2248 973 2452 1028 inducit
2492 972 2706 1028 virtutis
2744 972 2951 1026 modos.
2983 971 3115 1027 Nam
3161 973 3468 1028 misericors
3493 989 3617 1026 cum

2031 1065 2120 1129 sit,
2149 1080 2254 1119 non
2299 1080 2458 1119 unam
2505 1064 2717 1134 aperuit
2745 1063 2916 1131 viam,
2947 1078 3121 1134 neque
3163 1063 3319 1132 dixit,
3353 1063 3466 1118 Nisi
3505 1065 3626 1133 quis

2029 1156 2381 1211 centesimum
2433 1156 2662 1210 fructum
2710 1154 2928 1220 fecerit,
2979 1155 3024 1210 is
3075 1154 3308 1220 decidit;
3361 1154 3478 1221 sed,
3525 1155 3626 1222 Qui

2031 1250 2454 1316 sexagesimum,
2503 1248 2611 1300 imo
2658 1246 2747 1316 qui
2799 1246 3130 1316 trigesimum
3181 1245 3406 1312 fecerit,
3448 1245 3628 1301 salvus

2033 1340 2151 1394 erit.
2189 1338 2323 1394 Illud
2344 1349 2526 1394 autem
2557 1340 2635 1394 sic
2660 1339 2942 1410 disposuit,
2973 1349 3028 1393 ut
3051 1338 3255 1393 facilior
3283 1338 3367 1393 via
3396 1339 3462 1393 ad
3489 1339 3630 1393 salu-

2038 1441 2144 1487 tem
2167 1440 2329 1487 esset.
2351 1431 2415 1486 Et
2445 1441 2497 1486 tu
2522 1447 2650 1502 ergo
2678 1447 2782 1486 non
2815 1439 2968 1500 potes
2998 1431 3353 1502 virginitatem
3377 1431 3629 1486 servare?

2035 1526 2191 1582 Caste
2227 1526 2554 1580 connubinm
2596 1525 2764 1579 ineas.
2796 1524 2911 1579 Non
2946 1531 3094 1594 potes
3123 1539 3245 1579 esse
3271 1524 3386 1578 sine
3416 1537 3633 1594 posses-

2036 1619 2231 1674 sione?
2287 1619 2366 1674 De
2413 1619 2569 1674 bonis
2621 1619 2724 1672 tuis
2768 1617 2984 1688 largire.
3013 1617 3129 1672 Non
3179 1627 3331 1687 potes
3370 1615 3471 1670 hoc
3498 1629 3634 1670 onus

2038 1711 2218 1766 ferre?
2261 1709 2395 1766 Cum
2422 1709 2633 1765 Christo
2662 1711 2800 1765 bona
2837 1709 3033 1765 divide.
3075 1709 3191 1764 Non
3243 1710 3323 1764 vis
3365 1708 3466 1778 ipsi
3504 1707 3635 1762 dare

2039 1805 2258 1858 omnia?
2292 1804 2384 1859 Vel
2418 1802 2718 1870 dimidiam,
2749 1801 2832 1857 vel
2863 1802 3073 1858 tertiam
3105 1810 3312 1870 partem
3341 1799 3486 1855 dato.
3507 1799 3636 1854 Ρη-

2041 1906 2122 1952 ter
2154 1905 2273 1951 tuus
2328 1904 2413 1952 est
2450 1904 2502 1950 et
2541 1897 2770 1952 coheres
2806 1903 2929 1948 tuus
2969 1909 2983 1946 :
3029 1891 3111 1946 fac
3150 1891 3298 1946 illum
3336 1888 3426 1946 hic
3476 1892 3636 1946 etiam

2041 1987 2386 2043 coheredem.
2421 1987 2784 2055 Qumcumque
2809 1985 2886 2040 illi
2911 1983 3148 2051 dederis,
3190 1983 3284 2038 tibi
3327 1982 3428 2054 ipsi
3464 1981 3639 2037 dabis.

2043 2079 2158 2134 Non
2200 2078 2351 2132 audis
2380 2077 2506 2146 quid
2551 2076 2683 2132 dicit
2722 2076 3028 2146 prapheta?
3071 2075 3398 2146 Prttpinquos
3435 2071 3643 2128 seminis

2047 2173 2121 2225 tui
2149 2187 2209 2224 ne
2233 2169 2481 2239 despicias
2515 2167 2665 2242 (lsai.
2696 2169 2786 2225 58.
2815 2170 2897 2238 7).
2929 2168 2986 2224 Si
3018 2183 3148 2223 vero
3173 2177 3430 2238 cognatos
3458 2165 3644 2235 despi-

2046 2277 2173 2318 cere
2205 2277 2308 2316 non
2355 2268 2592 2331 oportet,
2621 2260 2790 2314 multo
2835 2260 3011 2314 minus
3055 2259 3359 2324 Dominum,
3387 2257 3478 2328 qui
3518 2269 3642 2311 cum

2048 2354 2285 2410 dominio
2305 2351 2465 2408 etiam
2487 2351 2821 2422 cognationis
2847 2351 2934 2420 jus
2957 2358 3134 2406 tecum
3159 2349 3341 2415 habet,
3366 2348 3642 2416 multoque

2051 2449 2205 2519 plura
2229 2446 2350 2500 alia.
2371 2444 2506 2500 Nam
2537 2444 2852 2515 participem
2883 2453 2935 2500 te
2957 2442 3083 2498 fecit
3107 2443 3371 2497 bonorum
3399 2455 3643 2504 suorum,

2051 2556 2174 2595 cum
2205 2538 2336 2593 nihil
2363 2553 2394 2592 a
2427 2545 2477 2592 te
2506 2537 2824 2606 accepisset,
2857 2545 2912 2590 et
2957 2534 3060 2590 hoc
3089 2532 3340 2589 ineffabili
3386 2531 3647 2587 beneficio

2055 2641 2110 2688 te
2134 2632 2284 2704 prior
2322 2637 2686 2700 provocasset.
2714 2627 2995 2696 Quomodo
3041 2627 3203 2697 igitur
3245 2641 3350 2680 non
3383 2633 3527 2681 esset
3549 2639 3647 2678 ex-

2057 2735 2244 2780 tremae
2271 2722 2553 2780 dementiae
2585 2728 2707 2791 post
2748 2729 2952 2774 tantum
2983 2717 3182 2772 donum
3229 2716 3513 2784 benignum
3540 2729 3650 2771 non

2053 2813 2217 2880 eflici,
2242 2829 2341 2868 nec
2381 2812 2551 2867 vicem
2575 2810 2736 2864 ullam
2767 2824 2865 2880 pro
2901 2816 3045 2862 tanta
3074 2807 3242 2878 gratia
3271 2805 3518 2868 reddere,
3547 2804 3652 2858 mi-

2056 2908 2201 2961 nima
2227 2921 2325 2975 pro
2355 2904 2599 2974 magnis?
2646 2902 2778 2957 Nam
2823 2902 2936 2971 ipse
2965 2911 3016 2956 te
3042 2900 3157 2956 caeli
3185 2898 3454 2954 hacredem
3483 2897 3608 2952 fecit
3632 2912 3648 2959 ;

2061 3010 2117 3055 tu
2143 3015 2271 3054 vero
2293 2998 2391 3066 ipsi
2415 3013 2482 3051 ne
2510 3005 2845 3052 terrenornm
2869 2993 3082 3064 quidem
3105 2991 3377 3062 quidpiam
3407 2986 3658 3060 largiris?

2061 3090 2179 3160 Ipse
2209 3089 2405 3143 nullius
2451 3097 2502 3142 te
2533 3087 2657 3141 boni
2697 3094 2993 3152 auctorem,
3027 3083 3122 3138 sed
3152 3092 3206 3138 et
3251 3082 3525 3137 inimicum
3553 3080 3656 3134 sibi

2060 3181 2460 3245 rectmciliavit;
2493 3188 2546 3234 tu
2577 3194 2708 3234 vero
2737 3193 2838 3233 nec
2862 3177 3035 3231 amico
3061 3191 3162 3231 nec
3192 3173 3519 3230 benefactori
3553 3171 3655 3242 ipsi

2061 3272 2332 3343 quidpiam
2383 3271 2658 3336 retribuis,
2690 3284 3013 3339 quamquam
3058 3278 3112 3322 et
3155 3278 3278 3322 ante
3323 3281 3568 3335 regnum,
3602 3272 3660 3317 et

2064 3374 2189 3418 ante
2215 3373 2408 3418 c:rtera
2447 3361 2648 3422 omnia,
2679 3377 2744 3415 ex
2771 3375 2837 3415 co
2877 3360 2995 3430 ipso
3023 3357 3166 3428 quod
3194 3358 3312 3422 das,
3341 3357 3564 3427 gratiam
3605 3355 3656 3410 ei

2065 3457 2264 3511 referre
2293 3453 2532 3508 debeas?
2562 3451 2772 3507 Etenim
2804 3450 2978 3504 liberti
2999 3451 3099 3518 (α),
3129 3450 3217 3518 qui
3249 3449 3408 3503 heros
3431 3463 3559 3502 suos
3589 3445 3660 3499 ad

2066 3546 2370 3602 convivium
2401 3544 2648 3609 invitant,
2680 3558 2785 3596 non
2825 3541 3064 3610 pra~bere
3094 3540 3342 3610 gratiam,
3377 3537 3469 3593 sed
3517 3537 3661 3591 acci—

2069 3653 2196 3707 pere
2224 3643 2447 3692 censent
2471 3676 2488 3703 ,
2534 3635 2620 3689 hic
2648 3650 2776 3689 vero
2797 3643 3008 3687 contra.
3040 3632 3153 3687 Non
3181 3634 3322 3686 enim
3351 3647 3544 3685 servus
3565 3629 3664 3684 do-

2071 3729 2297 3792 minum,
2333 3727 2426 3780 sed
2468 3725 2717 3781 dominus
2739 3740 2953 3778 servum
2995 3723 3142 3794 prior
3172 3722 3387 3776 vocavit
3415 3720 3479 3774 ad
3510 3735 3664 3773 men-

2071 3834 2222 3884 sam;
2255 3829 2309 3872 tu
2337 3832 2464 3872 vero
2508 3833 2575 3871 ne
2620 3827 2803 3886 postea
2830 3813 3048 3886 quidem
3077 3813 3226 3867 illum
3255 3827 3415 3866 vocas
3440 3811 3464 3864 Ἰ
3511 3809 3668 3864 Prius

2075 3921 2127 3965 te
2156 3909 2257 3964 sub
2287 3918 2482 3963 tectum
2510 3922 2666 3961 suum
2711 3904 3039 3970 introduxit;
3092 3912 3146 3958 tu
3190 3917 3318 3959 vero
3347 3915 3445 3955 nec
3471 3915 3668 3955 secun-

2073 4000 2174 4056 dus
2202 4000 2250 4054 id
2281 3999 2441 4068 agis?
2481 3997 2558 4052 Te
2602 3996 2800 4051 nudum
2831 3995 3035 4059 induit;
3085 4003 3141 4049 tu
3186 4010 3314 4048 vero
3365 3993 3538 4062 ipsum
3571 4006 3668 4044 nec

2077 4092 2414 4164 peregrinum
2441 4089 2677 4160 excipis?
2705 4089 2916 4142 Primus
2943 4087 3036 4141 tibi
3065 4103 3130 4141 ex
3162 4087 3327 4140 calice
3356 4099 3454 4139 suo
3487 4092 3678 4152 potum-

2077 4183 2256 4246 dcdit;
2292 4190 2347 4236 tu
2380 4197 2506 4236 vero
2539 4196 2604 4236 ue
2629 4195 2818 4249 aquam
2851 4179 3066 4248 quidem
3099 4177 3342 4246 frigidam
3374 4175 3512 4228 das?
3563 4175 3668 4228 Po-

2080 4284 2192 4329 tum
2222 4273 2372 4328 dedit
2400 4273 2494 4327 tibi
2534 4272 2792 4341 Spiritum
2829 4280 3071 4324 sanctum
3098 4285 3112 4331 ;
3147 4277 3201 4321 tu
3230 4282 3361 4320 vero
3385 4281 3451 4320 ue
3477 4280 3672 4332 corpo-

2079 4381 2224 4422 ream
2269 4366 2412 4420 sitim
2439 4365 2554 4433 ejus
2596 4363 2794 4418 sedas?
2839 4361 3028 4415 Potum
3074 4359 3221 4413 dedit
3252 4358 3507 4427 Spiritum
3554 4356 3669 4418 lilii,

2079 4455 2403 4512 cruciatibus
2448 4455 2647 4523 digno;
2696 4461 2752 4506 tu
2793 4467 2924 4506 vero
2964 4449 3232 4504 sitientem
3265 4446 3520 4516 despicis,
3553 4460 3688 4499 cum:

2083 4555 2260 4601 tamen
2285 4561 2349 4600 ex
2373 4545 2537 4614 ipsius
2562 4543 2718 4598 bonis
2738 4541 2916 4596 omnia
2943 4540 3232 4611 largiturus
3276 4537 3391 4592 sis?

2155 4660 2208 4714 '5.
2243 4659 2574 4728 Eleemosyna
2602 4651 3276 4709 commendatur.—Nonne
3300 4661 3548 4718 magnum
3575 4645 3680 4700 du»

2085 4751 2164 4807 cis
2189 4761 2240 4806 te
2269 4750 2516 4821 poculum
2544 4747 2670 4802 illud
2696 4756 2900 4811 tenere,
2919 4761 2986 4799 ex
3013 4758 3119 4813 quo
3146 4742 3412 4796 bibitnrus
3431 4737 3681 4793 Christus

2089 4854 2192 4908 est,
2224 4853 2278 4900 et
2303 4844 2475 4912 ipsum
2504 4842 2586 4896 ori
2614 4838 2964 4895 admoturus?
3013 4837 3206 4890 Annon
3250 4833 3422 4895 vides,
3448 4831 3550 4884 soli
3591 4847 3681 4885 sa-

2090 4935 2296 4992 cerdoti
2347 4933 2511 4988 licere
2564 4930 2838 5002 sanguinis
2887 4928 3108 4983 calicem
3155 4922 3511 4991 tradere(b)?
3549 4921 3688 4990 Ego,

2093 5026 2261 5097 inquit
2287 5025 2396 5088 ille,
2417 5023 2531 5077 haec
2558 5037 2662 5076 non
2697 5030 2801 5075 tam
2825 5025 3072 5073 accurate
3094 5015 3350 5086 dispicio;
3381 5012 3474 5068 sed
3502 5011 3546 5066 si
3570 5010 3687 5080 ipse

2095 5118 2309 5174 dederis
2333 5115 2556 5185 accipio.
2580 5111 2803 5168 Etiamsi
2831 5111 2998 5166 laicus
3025 5108 3120 5174 sis,
3141 5122 3245 5162 non
3278 5121 3490 5168 recuso,
3511 5117 3686 5172 neque

2095 5208 2237 5279 quod
2263 5206 2386 5261 dedi
2426 5213 2634 5276 repeto.
2675 5202 2792 5258 Non
2833 5201 2975 5257 enim
3005 5199 3318 5271 sanguinem
3345 5212 3550 5266 quam),
3589 5193 3684 5249 sed

2097 5315 2286 5370 aquam
2313 5296 2575 5368 frigidam.
2590 5293 2776 5364 Cogita
2792 5292 2876 5348 cui
2898 5300 3080 5363 potum
3103 5289 3216 5354 des,
3231 5298 3285 5343 et
3306 5285 3680 5358 perhorrescc.

2162 5470 2234 5531 (α)
2267 5469 2322 5518 In
2343 5473 2522 5531 Graeco,
2548 5479 2701 5531 quini,
2722 5463 2850 5531 quod
2877 5468 2954 5512 est
2975 5460 3034 5531 ad
3053 5453 3698 5531 .litteram,'dpmestigi.l

2098 5515 2285 5592 indigi
2296 5515 2716 5592 'aimms'vidsui}
2730 5515 3205 5592 dedomesticisdlis
3225 5515 3331 5582 qui,
3350 5519 3456 5567 heri
3474 5516 3549 5565 sui
3574 5515 3705 5566 libo-

2100 5588 2314 5651 ralita'tc,
2343 5591 2619 5639 libertatem
2643 5588 2804 5651 adepti
2833 5593 2991 5636 erant.

2170 5639 2242 5716 (b)
2276 5639 2368 5704 $in
2391 5651 2628 5702 sacerdoti
2655 5639 2832 5700 licebat
2851 5645 3102 5709 sanguinis
3125 5642 3328 5695 calicem
3352 5639 3574 5692 tradere.
