4102 6454
473 261 576 314 ιτδ

469 378 655 448 Cogita
678 387 730 433 te
746 378 949 437 Christi
975 378 1309 436 sacerdotem
1342 379 1479 445 fieri,
1507 394 1628 433 eum
1655 393 1814 433 manu
1846 377 2060 447 propria
2097 458 2113 469 μ

467 469 566 524 das
609 484 717 525 non
764 487 1007 535 carnem,
1053 471 1147 526 sed
1197 486 1419 541 panem,
1453 486 1559 525 non
1601 471 1934 540 sanguinem,
1967 465 2060 522 sed

469 564 691 618 calicem
725 580 876 635 aqua:
924 565 1151 636 frigidm.
1190 566 1364 620 Induit
1392 572 1443 619 te
1472 566 1792 619 vestimento
1816 562 2058 626 salutari,

464 656 642 710 ethoc
665 672 760 725 per
787 658 1055 726 seipsum;
1089 668 1143 711 tu
1173 659 1361 711 saltem
1386 674 1479 726 per
1504 671 1717 711 servum
1737 654 1916 709 indue.
1933 653 2058 708 Glo-

466 748 669 802 riosum
703 758 756 804 te
799 750 923 804 fecit
972 750 1023 802 in
1074 749 1249 813 caelis;
1304 760 1356 802 tu
1386 765 1417 802 a
1449 749 1642 818 frigore
1691 748 1837 801 illum
1885 745 2054 815 eripe,

467 854 569 893 nec
600 855 704 893 nou
746 841 814 895 ab
845 841 1094 895 indecora
1136 840 1392 894 nuditate.
1427 840 1749 909 Angelorum
1795 848 1846 892 te
1874 838 2056 892 conci-

465 946 587 986 vem
636 932 793 998 fecit;
847 943 902 986 ιιι
934 934 1106 1002 ipsum
1139 933 1241 987 sub
1271 944 1411 988 tecto
1454 932 1662 1001 excipe,
1694 933 1880 987 saltem
1921 934 2059 987 sicut

468 1041 633 1079 unum
681 1042 745 1080 ea
797 1028 1009 1081 famulis
1042 1031 1145 1081 tuis
1174 1028 1317 1081 domi
1350 1029 1622 1096 excipias;
1666 1027 1768 1081 hoc
1811 1027 2055 1081 diverso-

465 1118 602 1168 rium
638 1132 742 1170 non
780 1133 994 1184 recuso,
1027 1119 1150 1173 licet
1182 1127 1347 1172 totum
1393 1119 1485 1172 tibi
1512 1118 1702 1173 ca-lum
1732 1119 2054 1188 aperuerim.

463 1206 538 1262 Te
558 1225 586 1262 a
618 1211 938 1279 gravissimo
966 1227 1186 1267 carcere
1209 1211 1377 1281 eripui
1400 1229 1414 1275 ;
1449 1210 1550 1265 hoc
1574 1227 1603 1265 a
1628 1220 1678 1265 te
1707 1228 1811 1265 non
1839 1220 2051 1278 espelo,

462 1315 564 1354 nec
593 1300 737 1365 dico,
784 1302 946 1373 Eripe
977 1319 1096 1365 me;
1141 1303 1233 1357 sed
1281 1305 1324 1357 si
1373 1319 1456 1357 me
1490 1304 1723 1357 vinctum
1767 1304 1971 1368 videas,
2002 1303 2053 1357 id

461 1391 592 1445 mihi
638 1392 704 1445 ad
735 1394 1156 1449 consolationem
1187 1393 1318 1448 satis
1345 1404 1448 1449 est.
1481 1395 1745 1448 Mortuum
1788 1402 1840 1448 te
1879 1395 2052 1450 susci-

464 1483 568 1535 tari
594 1498 610 1548 ;
660 1483 711 1537 id
756 1500 784 1537 a
831 1493 882 1539 te
907 1500 1011 1539 non
1043 1488 1219 1554 exigo,
1249 1487 1342 1539 sed
1387 1486 1532 1549 dico,
1560 1501 1646 1540 me
1674 1498 1931 1556 aegrotum
1962 1501 2052 1539 so-

461 1573 736 1628 lmmnodo
764 1576 964 1631 visitcs.
1006 1578 1136 1631 Cum
1168 1593 1297 1648 ergo
1329 1587 1473 1632 tanta
1503 1578 1612 1633 sint
1646 1578 1807 1645 dona,
1840 1587 2053 1648 tamque

461 1663 595 1718 levia
634 1675 973 1735 expetantur,
1007 1684 1107 1723 nec
1132 1677 1309 1724 tamen
1340 1670 1427 1724 illa
1471 1671 1825 1740 prmbeamus,
1854 1680 2050 1741 quanta

462 1771 568 1810 non
598 1759 764 1812 simus
790 1759 934 1828 digni
967 1761 1256 1830 gehenna?
1283 1762 1410 1819 Jure
1433 1764 1483 1818 in
1512 1765 1687 1834 ignem
1714 1764 1924 1819 abimus
1952 1779 2052 1834 pa-

463 1857 637 1902 ratmn
665 1849 878 1904 diabolo
904 1863 957 1906 et
979 1854 1185 1925 angelis
1208 1858 1347 1924 ejus,
1372 1871 1492 1909 cum
1521 1870 1628 1909 non
1656 1856 1861 1924 majore
1887 1871 2046 1925 quam

459 1948 608 2007 petra
637 1956 796 1995 sensu
828 1944 1033 2011 prmditi
1065 1946 1255 2002 simus.
1286 1946 1511 2014 Quanta:
1537 1948 1680 2003 enim
1726 1949 2052 2019 stupiditatis

456 2042 565 2096 est,
592 2048 776 2104 quarso
815 2043 885 2101 te,
918 2054 1177 2101 nos,cum
1207 2050 1350 2095 tanta
1392 2043 1778 2115 acceperimus,
1819 2052 1873 2098 et
1904 2052 2047 2098 tanta

456 2126 728 2191 accepturi
759 2128 949 2193 simus,
981 2144 1165 2185 servos
1193 2147 1313 2187 esse
1336 2135 1702 2202 pecuniarum,
1726 2150 1860 2206 quas
1892 2136 2049 2206 paulo

455 2226 640 2280 postea
671 2217 752 2271 vel
793 2219 940 2273 inviti
974 2221 1383 2293 relinquemus?
1424 2227 1487 2281 Et
1530 2226 1620 2281 alii
1664 2229 1883 2298 quidem
1925 2231 2045 2283 aui-

457 2324 600 2362 ntatn
650 2310 914 2368 dederunt
963 2315 1154 2384 ipsam,
1188 2328 1240 2372 et
1288 2320 1601 2387 sanguinem
1653 2320 1943 2375 fuderunt:
1990 2333 2047 2376 tu

454 2414 583 2455 vero
614 2416 683 2456 ne
710 2404 978 2472 superflua
1021 2407 1239 2478 quidem
1291 2408 1501 2481 largiris
1555 2424 1777 2482 propter
1821 2428 2042 2485 regnum

468 2540 3328 2569 Μ-

1218 263 1272 318 S.
1315 261 1591 335 JOANNIS
1628 260 2098 318 Cillit’Slb‘TOill
2139 259 2458 319 ARCIIIEP.
2488 260 3027 333 CONSTANTINOP.
3657 265 3755 349 476

2168 377 2446 445 οαιίοιπιιιῐι,
2473 388 2692 450 propter
2723 389 2802 436 tot
2825 381 3093 438 coronas?
3122 381 3190 438 Et
3216 398 3322 454 qua
3361 383 3554 456 dignus
3595 384 3762 443 fueris

2171 470 2343 534 venia,
2378 485 2482 541 qua
2503 474 2868 537 excusatione,
2905 471 2997 544 qui
3035 474 3239 530 semina
3269 476 3323 531 in
3354 486 3553 533 terram
3582 476 3760 535 libeno

2171 568 2252 613 ter
2281 562 2527 630 projicis,
2559 565 2651 635 qui
2682 564 2815 619 nulli
2859 566 2937 620 rei
2976 565 3153 635 parcis
3180 565 3247 622 ad
3278 569 3533 639 pecunias
3557 569 3762 627 fanore

2170 652 2461 720 locandas;
2489 671 2610 710 cum
2641 666 2823 713 autem
2861 659 3036 729 agitur
3059 658 3127 714 de
3168 659 3396 715 Domino
3426 677 3523 731 per
3560 677 3762 734 egenos

2166 746 2382 812 alendo,
2417 748 2739 804 inlmmanus
2774 750 3047 821 durusque
3075 751 3176 807 es?
3225 753 3350 809 Haec
3375 754 3555 825 itaque
3580 757 3758 814 omnia

2165 839 2483 905 cogitantes.
2522 841 2809 910 animoque
2852 852 3180 912 reputantes,
3211 859 3330 914 quae
3369 847 3757 914 acceperimus,

2181 939 2303 992 qua:
2324 927 2604 995 accepturi
2624 927 2820 997 simus,
2843 942 2966 1001 quae
2996 947 3027 987 a
3066 932 3226 988 nobis
3254 945 3604 1008 expetantur,
3631 953 3755 994 om-

2183 1028 2304 1068 nem
2359 1031 2552 1073 curam
2591 1030 2835 1077 nostram
2885 1024 2938 1078 in
2970 1025 3349 1097 spiritualibus
3376 1027 3759 1084 exhibeamus.

2164 1110 2341 1165 Simus
2390 1113 2602 1168 tandem
2633 1116 2895 1170 mansneti
2927 1127 2980 1171 et
3023 1117 3263 1184 humani,
3307 1133 3377 1173 ne
3423 1119 3760 1174 intolerabile

2164 1203 2480 1273 supplicium
2502 1205 2659 1260 nobis
2672 1208 3022 1264 attrahamus.
3036 1208 3167 1276 Qua:
3184 1210 3327 1265 enim
3351 1225 3450 1265 nos
3469 1211 3756 1268 damnandi

2162 1307 2321 1347 causa
2354 1311 2458 1349 non
2491 1298 2745 1366 suppetit,
2773 1299 2863 1368 qui
2909 1314 3030 1353 cum
3074 1309 3152 1354 tot
3194 1301 3463 1372 tantisque
3492 1302 3755 1368 fruamur,

2162 1403 2262 1442 nec
2307 1404 2556 1459 magnum
2585 1390 2709 1460 quid
2749 1400 3081 1461 expetatura
3114 1394 3301 1459 nobis;
3346 1394 3453 1448 imo
3496 1395 3617 1449 talia
3658 1410 3759 1451 ex-

2160 1489 2429 1551 petantur,
2458 1497 2578 1551 quzn
2605 1482 2687 1536 vel
2727 1482 2878 1537 inviti
2921 1482 3008 1539 hic
3050 1484 3435 1554 relinquemus,
3467 1493 3671 1540 tantum
3695 1485 3753 1540 in

2160 1571 2321 1626 rebus
2342 1572 2687 1628 s:ecularibus
2708 1575 2939 1629 studium
2971 1575 3379 1645 impendamus?
3403 1577 3607 1633 Horum
3637 1578 3755 1634 siu-

2159 1663 2282 1733 gnla
2328 1672 2452 1719 sunt
2487 1665 2554 1720 ad
2597 1682 2694 1722 nos
2733 1667 3065 1724 damnandos
3114 1671 3283 1735 satis;
3332 1672 3375 1725 si
3420 1686 3548 1726 vero
3574 1672 3751 1728 omnia

2159 1756 2319 1810 simul
2347 1767 2690 1822 concurrant,
2712 1775 2832 1829 qua:
2858 1776 2982 1829 spes
3011 1761 3202 1815 salutis
3226 1763 3368 1816 erit?
3398 1761 3467 1817 Ut
3490 1778 3618 1834 ergo
3639 1778 3759 1817 om-

2159 1863 2279 1901 nem
2313 1848 2450 1904 hanc
2479 1849 2877 1906 damnationem
2906 1850 3191 1923 fugiamus,
3233 1852 3519 1924 quamdam
3564 1854 3755 1909 saltem

2158 1954 2280 2009 ergo
2313 1955 2513 2009 egenos
2555 1940 2933 1997 liberalitatem
2986 1944 3353 1997 cxhibeamus.
3386 1943 3473 1999 Sic
3520 1946 3661 1999 cnim
3701 1955 3758 2000 et

2161 2033 2521 2100 praesentibus
2553 2042 2607 2089 et
2634 2033 2826 2089 futuris
2854 2035 3095 2090 fruemur
3138 2035 3292 2090 bouis
3325 2058 3338 2092 :
3388 2053 3505 2107 qua:
3553 2039 3754 2091 utinam

2158 2138 2259 2179 nos
2305 2140 2494 2180 omnes
2536 2126 2749 2197 assequi
2791 2128 3084 2198 contingat,
3116 2128 3285 2198 gratia
3336 2139 3391 2183 et
3429 2129 3758 2200 benignitate

2158 2214 2372 2269 Domini
2403 2216 2569 2273 nostri
2598 2215 2723 2271 Jesu
2748 2216 2968 2285 Christi,
2993 2219 3078 2273 cui
3106 2219 3276 2293 gloria
3301 2228 3359 2275 et
3383 2220 3664 2290 imperium
3694 2221 3750 2276 iu

2157 2306 2354 2362 saecula
2385 2306 2727 2365 smculorum.
2760 2308 2955 2366 Amen.

3346 2552 3727 2569 ———-——-—.

1558 2646 1908 2711 HOMILIA
1950 2650 2176 2712 XLVI.
2224 2652 2309 2714 al.
2370 2652 2628 2714 XLVII.

454 2777 586 2835 CAP.
618 2784 706 2838 13.
740 2798 794 2838 v.
827 2784 919 2841 ξι.
979 2787 1148 2843 Aliam
1198 2790 1492 2859 parabolam
1532 2796 1794 2865 proposuit
1832 2795 1925 2861 eis,
1962 2796 2047 2850 di-

528 2891 645 2929 cens
670 2891 689 2929 :
714 2875 897 2933 Simile
920 2879 1114 2949 factum
1138 2892 1211 2936 est
1233 2900 1443 2953 regnum
1481 2886 1721 2943 actorum
1748 2888 1939 2941 homini
1962 2888 2050 2959 qui

521 2967 738 3020 seminat
777 2969 960 3024 bonum
990 2988 1157 3027 semen
1202 2975 1254 3028 in
1295 2993 1419 3046 agro
1442 2994 1553 3031 suo.
1592 2978 1684 3036 25.
1716 2977 1842 3033 Cum
1879 2987 2049 3033 autem

550 3059 826 3114 dormirent
856 3062 1106 3128 homines,
1139 3067 1271 3120 venit
1299 3068 1408 3136 ejus
1432 3069 1684 3133 inimicus,
1715 3080 1761 3124 et
1785 3071 2047 3125 seminavit

520 3149 719 3203 zizania
753 3170 843 3222 per
867 3155 1090 3209 medium
1127 3158 1301 3225 tritici,
1328 3170 1373 3213 et
1400 3160 1545 3213 abiit.
1578 3160 1669 3217 26.
1694 3160 1768 3234 (η)
1800 3161 1926 3216 Cum
1950 3179 2047 3217 au-

521 3251 619 3293 tem
643 3244 876 3299 crevisset
900 3246 1054 3300 herba
1082 3258 1129 3302 et
1154 3253 1376 3320 fructum
1403 3252 1622 3322 fecisset,
1654 3262 1773 3308 tunc
1793 3271 2047 3324 apparue-

520 3344 641 3389 runt
668 3345 715 3388 et
753 3338 970 3391 zizania.
1003 3340 1094 3393 27.
1137 3341 1440 3396 Accedentes
1467 3361 1580 3397 vero
1623 3346 1751 3398 servi
1801 3347 2047 3417 patrisfa-

520 3427 713 3494 milias,
752 3432 992 3484 dixerunt
1036 3433 1083 3486 ei
1111 3449 1129 3486 :
1172 3432 1407 3500 Domine,
1436 3451 1604 3489 nonne
1645 3435 1834 3489 bonum
1875 3454 2044 3491 semen

518 3521 782 3575 seminasti
810 3523 862 3576 in
894 3541 1019 3594 agro
1049 3526 1178 3579 tuo?
1222 3528 1359 3580 unde
1391 3544 1509 3598 ergo
1535 3530 1778 3584 'zizania?
1821 3529 1912 3583 28.
1943 3529 2044 3594 Qui

520 3610 649 3665 dixit
676 3612 784 3666 eis:
811 3612 1056 3669 Inimicus
1082 3617 1232 3671 homo
1261 3619 1356 3671 hoc
1380 3620 1517 3688 fecit.
1549 3619 1696 3674 Servi
1715 3629 1881 3674 autem
1901 3622 2045 3675 dixe-

520 3717 638 3760 runt
658 3709 738 3764 ei:
773 3707 859 3764 Vis
877 3728 1018 3781 ergo,
1036 3711 1273 3766 abeamus
1293 3724 1339 3766 et
1363 3714 1664 3784 colligamus
1690 3717 1790 3770 ea?
1825 3716 1916 3770 29.
1942 3714 2044 3771 Ille

521 3809 687 3851 aettem
718 3800 885 3854 dixit:
916 3801 1061 3868 Non,
1104 3820 1167 3857 ne
1190 3808 1321 3874 forte
1362 3804 1651 3874 colligentes
1676 3806 1897 3873 zizania,
1925 3823 2041 3861 era-

518 3891 695 3944 dicetis
727 3893 879 3946 simul
914 3909 1030 3947 cum
1060 3897 1129 3952 eis
1169 3905 1216 3949 et
1255 3897 1494 3951 triticum.
1526 3895 1615 3951 50.
1650 3896 1816 3953 Sinite
1832 3908 2044 3968 utraque

520 4001 741 4038 crescere
762 4002 919 4047 usque
937 3986 1007 4039 ad
1027 4004 1235 4042 messem
1257 4004 1274 4041 :
1302 3997 1351 4043 et
1377 3999 1494 4043 tunc
1516 3989 1684 4044 dicam
1705 3992 2040 4045 messoribus:

521 4075 755 4145 Colligite
784 4078 1003 4146 primum
1028 4080 1245 4133 zizania.

524 4171 573 4220 l.
619 4168 791 4237 Hujus
820 4180 865 4223 et
892 4172 1169 4238 superioris
1210 4173 1467 4241 parabole:
1494 4173 1786 4229 discrimen.
1835 4175 2040 4230 Diaboli

445 4278 666 4315 errorem
693 4263 976 4321 inducentis
1002 4266 1240 4321 versutia.
1275 4263 1567 4336 Vigilantiaz
1595 4268 1881 4321 necessitas.
1917 4267 2042 4321 Ha:-

446 4356 654 4408 reticum
681 4356 908 4410 occidere
944 4374 1046 4410 non
1086 4368 1302 4427 oportet.
1326 4387 1399 4401 -—-
1417 4358 1553 4426 Quid
1600 4359 1823 4414 interest
1850 4359 2039 4413 discri-

444 4447 605 4503 minis
636 4448 775 4501 inter
804 4448 942 4504 hanc
963 4459 1017 4503 et
1047 4450 1378 4518 superiorem
1426 4449 1779 4517 parabolam?
1812 4450 1924 4504 illic
1955 4450 2038 4504 lo-

442 4539 625 4608 quitur
664 4538 732 4593 de
771 4539 837 4593 iis
887 4540 975 4609 qui
1027 4555 1132 4594 non
1177 4541 1553 4605 attendes-unt,
1587 4540 1682 4595 sed
1736 4541 2038 4596 resilientes

442 4631 650 4686 semina
695 4631 1035 4700 projecernnt
1060 4651 1073 4686 :
1103 4632 1189 4687 hic
1214 4632 1281 4687 de
1309 4633 1681 4686 ltaareticorum
1710 4633 1939 4690 coetibus
1961 4633 2038 4687 lo—

440 4723 643 4791 quitur.
676 4721 753 4776 Ne
786 4724 926 4777 enim
957 4723 1249 4792 discipulos
1276 4724 1536 4789 turbaret,
1570 4723 1835 4792 prmdixit,
1891 4734 2038 4797 post-

440 4829 601 4881 quam
632 4813 889 4870 docuerat
916 4814 1054 4881 illos,
1076 4829 1172 4871 cur
1198 4815 1249 4870 in
1280 4797 1546 4883 parabolis
1578 4815 1903 4884 loqueretur.
1937 4815 2037 4868 Pa-

438 4905 621 4959 rabola
650 4904 735 4961 illa
765 4906 996 4971 dicebat,
1024 4923 1130 4963 non
1157 4918 1463 4976 susceptum
1513 4908 1685 4975 ipsum
1710 4925 1725 4970 ;
1778 4907 1895 4964 haec
1936 4924 2035 4962 au-

437 5006 570 5060 tem,
594 5006 937 5064 corruptores
956 4998 1113 5053 simul
1139 5010 1439 5069 susceptos.
1476 4999 1601 5054 llarc
1619 5000 1816 5069 quippe
1837 4999 2035 5054 diaboli

440 5088 676 5143 versutia
708 5097 810 5154 cst,
842 5097 900 5142 ut
922 5104 1043 5144 cum
1090 5092 1316 5146 veritate
1343 5107 1556 5160 semper
1581 5091 1929 5147 commisceat
1950 5107 2036 5145 er-

440 5195 643 5245 rorem,
672 5180 755 5233 cui
801 5181 1040 5236 veritatis
1085 5182 1319 5238 colorem
1352 5193 1407 5237 et
1435 5182 1839 5241 similitudinem
1879 5181 2035 5238 affin-

437 5280 547 5340 gat,
582 5271 648 5322 ita
698 5279 754 5324 ut
782 5271 1052 5340 simplices
1083 5270 1240 5328 facile
1273 5275 1662 5330 circumvenire
1691 5275 1876 5345 possit.
1907 5274 2032 5330 Ideo

440 5381 546 5417 non
598 5364 699 5417 alia
750 5365 974 5430 semina,
1004 5381 1161 5435 quam
1209 5367 1410 5421 zizania
1459 5369 1610 5431 dixit,
1658 5369 1800 5438 quod
1846 5385 2030 5423 semen

436 5455 621 5523 specie
661 5454 877 5524 quidem
906 5455 1173 5511 frumento
1214 5457 1387 5512 simile
1434 5469 1536 5512 εει.
1582 5458 1783 5513 Deinde
1814 5459 2030 5514 modum

438 5545 755 5603 insidiarum
783 5547 938 5602 dicit.
956 5546 1092 5601 Dum
1117 5548 1397 5604 dormirent
1417 5551 1666 5614 homines,
1696 5551 1883 5621 inquit.
1915 5550 2029 5604 Non

495 5682 581 5748 (α),
602 5689 717 5739 Quas
743 5690 1030 5748 sequuntur
1055 5684 1312 5748 usquead
1332 5685 1521 5748 initium
1545 5682 1757 5734 homilite
1778 5683 1958 5748 desunt
1980 5684 2029 5733 in

435 5742 600 5796 Morel.
629 5757 641 5793 :
670 5744 757 5795 sed
783 5742 1029 5798 habentur
1051 5747 1098 5796 in
1124 5742 1264 5796 savil.
1293 5754 1345 5797 et
1370 5746 1417 5795 in
1442 5744 1625 5808 aliquot
1647 5747 1995 5810 ttanuseriptis.

2158 2810 2382 2865 parvum
2435 2794 2524 2851 hic
2567 2794 2888 2865 praesulibus
2932 2796 3249 2865 proponitur
3294 2796 3648 2867 prtecipitium
3693 2803 3755 2853 et

2159 2886 2695 2957 periculum,.quibus
2722 2886 2954 2942 maxime
2982 2887 3098 2942 arvi
3123 2902 3250 2942 cura
3281 2887 3598 2943 demandata
3623 2899 3707 2945 est
3730 2905 3750 2955 ;

2155 2992 2334 3047 neque
2362 2978 2467 3033 illis
2502 2988 2725 3042 tantum,
2754 2978 2847 3033 sed
2875 2979 3037 3033 etiam
3082 2978 3331 3035 subditis.
3372 2978 3617 3036 Ostendit
3654 2996 3754 3036 au-

2158 3078 2285 3134 tem,
2318 3085 2556 3125 errorem
2586 3079 2705 3140 post
2730 3071 3005 3127 veritatem
3044 3070 3294 3135 venisse;
3339 3070 3391 3125 id
3414 3071 3557 3142 quod
3584 3073 3752 3129 etiam

2155 3178 2335 3218 rerum
2383 3173 2608 3219 eventus
2668 3164 3000 3219 testificatur.
3060 3162 3193 3218 Nam
3254 3173 3374 3234 post
3438 3167 3747 3236 prophetas,

2154 3253 2671 3324 pseudoprophetae;
2716 3262 2837 3323 post
2883 3254 3175 3323 apostolos,
3206 3253 3660 3324 pseudoapostoli,
3691 3266 3753 3311 et

2151 3355 2273 3415 post
2302 3345 2592 3409 Christum,
2624 3346 3007 3400 Antichristus.
3052 3344 3163 3399 Nisi
3194 3344 3339 3399 enim
3382 3345 3629 3401 diabolus
3669 3347 3753 3401 vi-

2152 3434 2295 3489 derit
2324 3434 2450 3503 quid
2493 3434 2690 3489 imitari
2739 3434 2926 3502 possit,
2958 3442 3048 3488 aut
3076 3434 3272 3503 quibus
3321 3433 3582 3501 insidiari,
3613 3436 3749 3490 nihil

2153 3526 2467 3581 insidiarum
2499 3526 2670 3596 ponit,
2702 3526 2834 3580 nihil
2866 3526 3032 3580 novit.
3076 3526 3230 3581 Nune
3275 3542 3425 3596 ergo,
3454 3528 3580 3597 quia
3611 3527 3749 3582 vidit

2150 3619 2312 3671 alium
2334 3618 2685 3672 centesimum
2714 3615 2932 3682 fecisse,
2949 3617 3117 3671 alium
3136 3618 3558 3688 sexagesimum,
3578 3618 3748 3674 alium

2152 3708 2509 3779 trigesimum,
2534 3709 2638 3763 alia
2667 3707 2922 3776 deinceps
2953 3708 3153 3764 incedit
3189 3710 3294 3763 via.
3340 3707 3475 3775 Quia
3504 3709 3648 3764 enim
3691 3708 3747 3763 id

2148 3800 2293 3871 quod
2328 3800 2535 3857 radices
2560 3808 2812 3871 posuerat
2838 3800 3087 3870 abripere
3125 3815 3234 3856 non
3280 3809 3510 3869 poterat,
3564 3814 3746 3871 neque

2147 3892 2432 3957 suli‘ocare,
2462 3893 2545 3950 vel
2574 3893 2919 3960 comburere,
2952 3908 3051 3963 per
3091 3893 3250 3947 aliam
3302 3892 3563 3948 fallaciam
3609 3893 3746 3948 insi-

2146 3987 2347 4054 diatur,
2379 4001 2473 4041 sua
2518 3989 2763 4041 inserens
2811 3986 2953 4041 aliis.
2987 3985 3055 4041 Et
3106 3985 3161 4040 in
3205 4000 3313 4055 quo
3356 3984 3628 4050 differunt,
3656 3985 3747 4040 in-

2146 4079 2319 4149 quies,
2357 4078 2407 4133 hi
2439 4078 2773 4134 dormientes
2797 4077 2866 4132 ab
2915 4078 2980 4133 iis
3021 4077 3112 4148 qui
3143 4092 3239 4148 per
3269 4079 3413 4132 viam
3454 4077 3743 4147 significati

2146 4170 2400 4225 fuerant?
2428 4170 2581 4238 Quod
2613 4170 2857 4225 videlicet
2886 4169 2958 4225 ibi
2985 4170 3166 4225 statim
3208 4169 3536 4238 abripuerit;
3567 4185 3747 4239 neque

2146 4262 2289 4317 enim
2318 4262 2527 4317 radices
2556 4276 2757 4331 ponere
2782 4262 3029 4331 permisit
3056 4276 3070 4313 :
3106 4260 3195 4315 hic
3220 4274 3348 4314 vero
3375 4258 3581 4329 majore
3606 4276 3744 4328 opus

2145 4351 2392 4407 habuerit
2420 4352 2671 4407 artificio.
2720 4352 2847 4407 Haec
2891 4361 3072 4405 autem
3101 4350 3231 4405 dicit
3259 4349 3527 4418 Christus,
3558 4360 3616 4406 ut
3638 4351 3743 4407 (ἰο-

2144 4454 2264 4499 ceat
2310 4459 2524 4513 semper
2554 4460 2672 4499 esse
2715 4444 3067 4514 vigilandum.
3096 4442 3321 4497 Etiamsi
3347 4443 3513 4509 enim,
3546 4443 3739 4514 inquit,

2146 4537 2263 4593 bare
2302 4548 2628 4594 nocumenta
2655 4537 2898 4607 eli‘ngias,
2925 4537 3069 4593 aliud
3089 4536 3266 4592 adhuc
3289 4546 3556 4608 superest.
3589 4538 3742 4594 Sicut

2143 4630 2287 4684 enim
2318 4630 2387 4684 ibi
2418 4645 2514 4699 per
2537 4630 2696 4694 viam,
2726 4643 2824 4698 per
2860 4639 3063 4698 petram
3091 4636 3147 4683 et
3184 4644 3281 4698 per
3323 4630 3545 4700 spinas;
3576 4631 3655 4686 sic
3682 4641 3740 4686 et

2144 4719 2230 4774 hic
2259 4734 2354 4788 per
2381 4735 2628 4774 somnum
2674 4721 2939 4789 pernicies
2966 4719 3211 4774 accedit:
3245 4732 3576 4792 quaprOpter
3602 4724 3738 4777 assiv

2141 4811 2245 4865 dua
2277 4825 2413 4879 opus
2441 4818 2526 4865 est
2560 4810 2825 4865 custodia.
2852 4809 2976 4864 Ideo
3001 4809 3256 4866 dicebat:
3293 4811 3394 4878 Qui
3421 4822 3592 4866 autem
3616 4830 3740 4881 per-

2140 4903 2439 4957 severaverit
2478 4919 2635 4969 usque
2660 4904 2711 4956 in
2740 4904 2915 4970 ﬁnem,
2958 4903 3038 4956 hic
3065 4904 3237 4958 saluus
3265 4905 3358 4958 erit
3401 4904 3613 4976 (Matth.
3646 4906 3730 4963 10.

2139 4996 2254 5066 22).
2289 4996 2476 5051 Simile
2499 4995 2776 5065 quidpiam
2805 4997 2856 5050 in
2885 4996 3148 5065 principio
3166 4997 3379 5053 accidit.
3411 4998 3560 5053 Multi
3588 5001 3732 5054 enim

2140 5088 2409 5141 antistites
2457 5087 2733 5156 improbos
2781 5086 2929 5142 viros
2959 5086 3346 5143 haeresiarchas
3390 5090 3630 5145 occultos
3673 5091 3731 5145 in

2141 5181 2409 5236 Ecclesias
2460 5180 2800 5246 inducentes,
2852 5180 3155 5249 lmjusmodi
3212 5182 3419 5237 insidiis
3461 5183 3733 5238 struendis

2140 5274 2446 5328 facultatem
2486 5287 2730 5344 magnam
2785 5274 3084 5340 praebuere.
3132 5271 3316 5343 Neque
3363 5273 3504 5327 enim
3550 5273 3734 5329 labore

2137 5381 2272 5436 Opus
2317 5375 2401 5420 est
2428 5363 2666 5430 diabolo,
2699 5374 2978 5434 postquam
3024 5364 3329 5435 ltujusmodi
3381 5363 3628 5419 homines
3680 5367 3732 5419 in

2139 5459 2318 5514 medio
2345 5457 2590 5513 inseruit.
2638 5457 2705 5512 Et
2727 5457 2997 5525 quomodo
3029 5458 3142 5513 fieri
3176 5466 3374 5526 petest,
3409 5457 3640 5524 inquies,
3674 5467 3731 5511 ut

2137 5568 2240 5605 non
2268 5548 2579 5607 dormiant?
2620 5546 2857 5603 Naturali
2887 5548 3102 5616 quidem
3131 5562 3342 5613 somno,
3373 5549 3485 5602 fieri
3511 5549 3730 5616 nequit;

2136 5641 2427 5697 voluntatis
2447 5655 2658 5701 somno,
2688 5654 2863 5695 secus.
2896 5640 3236 5708 Quapropter
3256 5638 3454 5695 Paulus
3485 5639 3725 5694 diccbat:

2146 5733 2381 5804 l‘igtlate,
2397 5742 2523 5789 state
2539 5733 2590 5786 in
2606 5731 2707 5803 [ide
2724 5732 2803 5805 (Ι.
2820 5731 2937 5787 Cor.
2953 5730 3034 5785 16.
3049 5730 3155 5803 l3).
3171 5729 3277 5786 Nec
3298 5732 3508 5787 noxiam
3528 5735 3724 5797 solum,
