4102 6418
432 245 530 303 ΓΠ
843 231 848 235 ’
1392 226 1459 282 ΙΝ
1497 222 1905 282 MATTHA'IUM
1945 221 2173 279 l‘lOMlL.
2216 223 2401 279 XLVI.
2441 223 2512 280 al.
2556 223 2754 281 XLVII.

434 355 525 416 sed
552 362 610 412 et
636 348 962 422 superfluam
992 358 1109 400 rem
1133 339 1387 398 ostendit.
1411 338 1547 395 Nam
1577 346 1861 408 postquam
1888 350 2017 405 ager

429 450 607 506 cultus
631 445 750 511 fuit,
765 457 888 497 cum
915 439 1059 495 nulla
1086 451 1148 492 re
1165 448 1300 506 Opus
1327 441 1575 500 est,tunc
1595 430 1852 495 seminat;
1875 426 2018 499 quod

430 552 488 597 et
515 537 752 595 lueretici
782 534 1001 596 faciunt,
1035 529 1126 600 qui
1157 527 1370 582 nonnisi
1402 535 1621 596 propter
1664 539 1856 578 vanam
1903 523 2020 593 glo-

433 629 570 684 riam
597 643 860 684 venenum
891 638 1046 679 suum
1078 620 1344 690 injiciunt.
1391 617 1574 688 Neque
1601 633 1663 672 ex
1695 616 1779 670 his
1815 625 2018 670 tantum

432 721 637 784 verbis,
664 719 756 774 sed
789 717 951 773 etiam
978 730 1046 770 ex
1076 712 1443 782 sequentibus,
1471 719 1632 763 totam
1666 709 1877 763 illorum
1907 722 2023 761 sce-

436 828 560 866 nam
587 818 833 866 accurate
851 805 1137 862 describit:
1166 803 1292 858 Cum
1321 801 1608 873 pullulavit,
1636 801 1822 870 inquit,
1845 798 2018 863 herba,

435 913 481 957 ct
511 906 734 974 fructum
762 901 897 960 tulit,
919 908 1036 952 tunc
1062 903 1408 967 apparuerunt
1443 903 1488 947 et
1519 892 1718 945 zizania
1748 907 1767 945 :
1803 890 1943 960 quod
1969 898 2023 943 et

435 995 535 1063 ipsi
568 992 789 1048 faciunt.
813 990 970 1045 Initio
999 1002 1232 1058 namque
1259 1000 1379 1040 sese
1404 984 1673 1039 occultant
1699 1000 1712 1034 :
1744 991 2020 1052 postquam

430 1099 565 1138 vero
589 1085 849 1152 majorem
877 1097 1136 1149 accepere
1158 1078 1432 1140 lidnciam,
1464 1086 1518 1129 et
1555 1076 1762 1144 copiam
1796 1074 2007 1128 dicendi

433 1175 581 1228 nacti
635 1185 794 1234 sunt.
855 1186 984 1226 tune
1046 1171 1199 1225 virus
1266 1167 1574 1223 effundunt.
1645 1166 1757 1220 Cur
1821 1175 2005 1220 autem

434 1279 623 1318 servos
681 1263 907 1325 inducit,
943 1278 1063 1327 qua:
1116 1260 1360 1313 accidere
1408 1255 1726 1310 narrantes?
1758 1253 1826 1309 Ut
1887 1255 2015 1310 hinc

428 1365 617 1404 ansam
650 1350 873 1420 arripiat
916 1348 1129 1404 dicendi
1181 1365 1287 1403 non
1331 1346 1655 1404 occidendos
1707 1347 1827 1402 illos
1876 1362 2015 1402 esse.

427 1443 709 1498 Inimicum
738 1443 1010 1498 hominem
1037 1451 1194 1496 vocat
1215 1442 1386 1506 illum,
1412 1441 1480 1495 ob
1501 1441 1693 1495 damna
1717 1456 1835 1510 quae
1862 1440 2021 1494 infert

427 1533 740 1590 hominibus
768 1550 784 1589 :
827 1534 1078 1588 damnum
1109 1534 1252 1589 enim
1283 1548 1381 1587 nos
1410 1532 1649 1598 impetit:
1684 1532 1863 1586 damni
1891 1547 2022 1587 vero

427 1627 638 1682 initium
665 1643 770 1682 non
795 1627 918 1681 odio
941 1627 1131 1691 nostri,
1155 1626 1249 1682 sed
1267 1626 1391 1680 odio
1413 1626 1502 1680 Dei
1530 1626 1723 1680 factum
1747 1634 1850 1680 est.
1873 1624 2022 1680 Unde

425 1721 603 1790 palam
635 1730 737 1784 est,
774 1721 937 1776 Deum
969 1737 1067 1775 nos
1091 1719 1258 1790 magis
1287 1720 1532 1789 diligere,
1557 1734 1716 1789 quam
1743 1734 1839 1773 nos
1867 1733 1896 1772 a
1923 1732 2022 1772 no-

423 1813 508 1867 bis
543 1813 673 1884 ipsis
723 1814 1030 1884 diligamur.
1063 1813 1167 1869 Sed
1218 1812 1435 1868 aliunde
1482 1812 1666 1867 videre
1695 1820 1780 1866 est
1822 1811 2019 1866 diaboli

420 1908 740 1962 versutiam.
773 1906 887 1960 Non
934 1907 1078 1962 enim
1128 1907 1358 1962 antehae
1403 1906 1706 1972 seminavit,
1734 1906 1856 1976 quia
1888 1905 2019 1959 nihil

419 1997 568 2068 quod
596 1997 842 2068 perderet
870 1997 1090 2064 habuit;
1123 1997 1218 2052 sed
1267 2013 1388 2052 cum
1413 1998 1590 2052 omnia
1624 2000 1778 2068 plena
1811 2005 2016 2061 essent,

421 2100 480 2144 ut
507 2099 676 2144 totum
709 2091 958 2161 agricola:
1003 2091 1238 2146 studium
1267 2091 1618 2146 labefactaret
1646 2109 1659 2145 :
1697 2092 1775 2146 sic
1805 2091 2021 2146 inimico

422 2197 554 2252 erga
585 2183 734 2236 illum
769 2183 948 2237 animo
977 2193 1168 2238 cuncta
1197 2182 1444 2238 faciebat.
1471 2183 1602 2238 Vide
1630 2193 1807 2238 autem
1837 2188 2018 2238 ser’vo-

419 2291 545 2329 rum
576 2275 933 2346 diligentiam.
981 2275 1114 2330 Nam
1142 2276 1344 2330 zizauia
1375 2276 1482 2330 cito
1510 2277 1744 2331 evellere
1775 2276 2016 2347 cupiunt,

417 2369 634 2423 etiamsi
667 2367 719 2422 id
767 2384 870 2423 non
915 2369 1257 2424 considerate
1302 2369 1500 2423 faciant
1551 2389 1564 2424 :
1616 2369 1757 2436 quod
1808 2370 2019 2423 illorum

415 2460 564 2514 circa
595 2461 798 2514 semina
831 2461 1243 2516 sollicitudinem
1277 2460 1534 2526 declarat,
1567 2462 1846 2530 arguitque
1875 2462 2023 2530 ipsos

416 2550 484 2605 ad
521 2567 686 2604 unum
717 2560 919 2606 tantum
949 2554 1238 2620 respicere,
1260 2568 1366 2607 non
1393 2568 1501 2621 quo
1531 2562 1687 2622 pacto
1711 2552 1803 2607 ille
1833 2567 2022 2623 poenas

412 2642 506 2697 det
544 2661 556 2697 :
591 2658 764 2710 neque
793 2644 933 2697 enim
982 2643 1110 2698 illud
1142 2643 1212 2697 ita
1264 2652 1453 2714 urget;
1490 2644 1583 2698 sed
1639 2658 1708 2698 ne
1753 2643 1896 2711 jacta
1931 2658 2018 2698 se-

415 2734 567 2787 mina
609 2743 854 2803 pereant.
883 2733 1006 2788 ldeo
1037 2735 1090 2790 id
1121 2735 1360 2806 cogitant
1405 2745 1459 2789 ut
1493 2735 1739 2789 morbum
1771 2736 2021 2790 celeriter

411 2825 678 2880 avellant.
728 2826 858 2881 lllud
907 2841 1038 2882 vero
1087 2842 1194 2881 non
1245 2829 1427 2882 statim
1477 2826 1690 2882 efficere
1717 2835 2016 2894 conantur;

413 2932 597 2986 neque
625 2917 769 2970 enim
799 2916 849 2971 id
878 2919 979 2972 sibi
1007 2927 1294 2987 arrogant;
1336 2919 1430 2973 sed
1458 2919 1658 2972 domini
1697 2919 2018 2972 sententiam

414 3016 735 3075 exspectant
769 3008 1010 3064 dicentes
1039 3027 1053 3063 :
1097 3009 1224 3064 Vis?
1252 3010 1386 3077 Quid
1428 3011 1588 3079 igitur
1618 3011 1912 3065 dominus?
1966 3010 2020 3066 ld

415 3106 566 3153 vetat
590 3099 807 3153 dicens:
845 3099 895 3153 Ν
901 3117 928 3155 c
955 3104 1086 3172 forte
1111 3101 1374 3164 eradicetis
1394 3101 1548 3155 simul
1573 3111 1618 3154 et
1644 3102 1886 3155 triticum.
1907 3101 2020 3156 Hoc

414 3205 583 3261 porro
613 3191 848 3258 dicebat,
879 3200 937 3246 ut
965 3193 1101 3247 bella
1148 3193 1433 3263 credesque
1475 3193 1808 3262 prohiberet.
1835 3193 2020 3264 Neque

414 3286 560 3339 enim
590 3284 902 3340 haereticum
930 3286 1178 3342 occidere
1209 3295 1422 3357 oportet
1455 3328 1469 3342 .
1503 3303 1626 3341 nam
1655 3287 1733 3342 sic
1776 3288 2016 3343 irrecon-

415 3377 655 3434 ciliabile
684 3379 884 3434 bellum
922 3380 974 3434 in
1005 3379 1188 3435 orbem
1227 3379 1588 3436 induceretur.

491 3471 547 3525 2.
581 3471 725 3542 Erga
765 3474 1024 3528 hareticos
1067 3473 1320 3543 quomodo
1361 3474 1635 3544 agendum.
1682 3471 2020 3528 Mansuetudo

415 3561 630 3619 Christi.
664 3563 892 3618 Granum
918 3566 1112 3637 sinapis
1137 3565 1388 3635 quomodo
1419 3565 1791 3634 praedicationis
1812 3576 2019 3633 aposto-

416 3655 587 3710 lorum
614 3656 678 3708 sit
701 3657 888 3726 ﬁgura.
929 3656 1201 3710 xErumuae
1227 3656 1614 3725 praedicantibus
1639 3673 1739 3710 non
1761 3657 2013 3712 timcnu'tv.

413 3775 482 3788 -—
502 3747 600 3801 llis
624 3758 801 3802 autem
823 3748 1030 3804 duobus
1051 3749 1339 3804 ratiociniis
1369 3759 1611 3803 movetur
1636 3749 1700 3802 ad
1722 3749 1839 3802 illos
1864 3748 2017 3804 cohi-

413 3839 884 3906 bendoszprimo.
927 3839 1067 3909 quod
1110 3839 1431 3894 frumentum
1463 3855 1566 3893 non
1599 3839 1884 3903 lmderent;
1929 3854 2018 3894 se-

413 3929 614 3993 cundo,
656 3930 798 3998 quod
827 3929 899 3984 illi
940 3931 1216 3985 incurabili
1257 3930 1444 3984 morbo
1484 3931 1785 3985 laborantes
1812 3930 2018 4000 suppli-

412 4021 558 4075 cium
594 4020 768 4075 luituri
795 4030 992 4075 essent.
1018 4021 1352 4091 Quapropter
1377 4021 1422 4075 si
1450 4022 1527 4075 vis
1555 4021 1674 4076 illos
1695 4022 1868 4091 puniri
1901 4021 2017 4075 sine

411 4111 672 4166 frumenti
720 4126 876 4175 noxa,
922 4121 1168 4180 exSpceta
1213 4124 1418 4181 tempus
1456 4123 1834 4180 opportunum.
1880 4110 2016 4178 Quid

411 4213 600 4259 autem
627 4202 769 4257 aliud
797 4203 896 4257 sibi
925 4205 1034 4257 vult
1062 4219 1184 4257 cum
1215 4204 1364 4269 dicit,
1399 4203 1480 4257 Ne
1504 4203 1766 4257 cradicelis
1793 4204 1946 4258 simul
1971 4212 2017 4257 et

412 4303 664 4365 triticum,
691 4317 849 4371 quam
878 4302 978 4356 hoc
1002 4301 1141 4370 quod
1173 4301 1398 4354 dicimus
1424 4318 1436 4353 :
1466 4300 1521 4354 Si
1549 4315 1695 4354 arma
1727 4300 2013 4365 moveatis,

411 4404 470 4448 ut
503 4393 791 4447 haereticos
817 4393 1092 4456 occidatis,
1136 4393 1333 4446 multos
1371 4392 1530 4447 etiam
1561 4402 1866 4446 sanctorum
1911 4409 2016 4448 una

411 4484 590 4539 occidi
633 4499 850 4540 necesse
879 4492 996 4549 est;
1028 4485 1110 4539 vel
1135 4485 1295 4538 etiam
1323 4484 1472 4537 inulti
1517 4499 1584 4538 ex
1614 4485 1726 4538 istis
1764 4485 2012 4549 zizaniis,

411 4585 470 4630 ut
495 4575 792 4632 verisimile
813 4584 913 4636 est.
937 4585 1316 4630 c0nvertentur
1342 4575 1394 4629 in
1424 4575 1780 4630 frumentum?
1801 4576 1856 4632 Si
1889 4593 2016 4647 ergo

410 4667 564 4736 prius
598 4666 715 4721 illos
742 4668 1046 4732 eradicetis,
1075 4667 1343 4722 frumento
1363 4669 1522 4721 etiam
1555 4679 1781 4722 venturo
1805 4670 2017 4723 nocebi-

413 4759 502 4821 tis,
533 4759 579 4812 si
615 4758 736 4812 illos
766 4759 852 4828 qui
882 4759 1073 4813 mutari
1101 4769 1154 4814 et
1181 4758 1305 4812 boui
1334 4759 1471 4813 effici
1504 4767 1744 4828 possmut,
1777 4760 2018 4812 eradice-

411 4849 502 4903 tis.
534 4848 652 4903 Non
686 4849 843 4918 igitur
869 4849 1114 4919 prohibet
1144 4849 1424 4904 haereticos
1461 4851 1775 4919 reprimere,
1805 4850 2015 4904 illorum

410 4957 507 4995 ora
556 4941 859 5005 obstruere,
901 4942 1199 4996 libertatem
1241 4940 1491 5010 loquendi
1531 4956 1801 5002 coercere.
1844 4951 2017 4995 cmtus

409 5048 604 5087 eorum
648 5033 882 5097 solvere,
929 5042 1078 5103 pacta
1124 5048 1410 5102 respuere.
1441 5032 1532 5086 sed
1565 5032 1810 5086 occidere
1855 5041 2014 5086 vetat.

413 5123 493 5177 Tu
553 5139 686 5177 vero
728 5124 871 5178 illius
909 5124 1366 5180 mansuetudinem
1413 5123 1701 5194 perpende,
1747 5123 2017 5194 quomodo

411 5215 626 5269 scilicet
665 5230 769 5271 non
797 5217 1113 5270 sententiam
1157 5217 1329 5271 solum
1373 5214 1560 5269 efferat
1586 5225 1638 5269 ct
1668 5215 1875 5285 jubeat,
1921 5215 2015 5269 sed

413 5307 580 5360 etiam
613 5307 872 5362 rationem
902 5317 1153 5378 exponat.
1182 5308 1317 5376 Quid
1347 5323 1476 5377 ergo
1502 5308 1731 5373 eveniet,
1762 5309 1806 5362 si
1850 5324 1912 5362 ns
1931 5323 2016 5377 iue

415 5399 468 5451 in
519 5399 684 5454 finem
733 5400 932 5455 zizauia
975 5401 1262 5456 maneant?
1304 5401 1445 5454 Tunc
1485 5401 1652 5453 dicant
1694 5402 2013 5465 messoribus,

417 5489 618 5558 inquit,
642 5488 875 5563 Colligite
901 5493 1116 5562 primum
1139 5494 1359 5558 zizania,
1391 5501 1438 5545 et
1461 5491 1670 5563 alligate
1693 5508 1750 5546 ea
1775 5493 1828 5544 in
1857 5493 2006 5563 fasci-

416 5582 564 5635 culos
593 5582 663 5635 ad
690 5585 1104 5638 comburendum.
1127 5585 1366 5641 Rcvocat
1393 5585 1521 5654 ipsis
1553 5586 1604 5640 in
1629 5595 1862 5640 mentem
1894 5600 2012 5637 verm

418 5671 484 5730 ba
510 5671 758 5744 Joannis,
788 5676 982 5746 quibus
1011 5677 1122 5746 ipse
1148 5673 1312 5747 index
1343 5677 1713 5745 inducebatur,
1741 5678 1971 5750 dicitque
1995 5692 2010 5730 :

3617 231 3718 287 478

2128 333 2299 390 donec
2343 350 2510 406 prope
2547 336 2875 392 frumentum
2917 346 3063 392 stant
3107 337 3346 408 zizania,
3391 341 3716 412 parcendum

2128 425 2258 495 ipsis
2303 441 2457 492 esse;
2505 437 2681 498 potest
2720 428 2862 482 enim
2897 429 3012 484 fieri
3037 439 3092 484 ut
3125 431 3446 486 frumentum
3477 434 3716 487 eflician-

2130 529 2232 572 tur.
2284 519 2417 572 Cum
2460 530 2636 573 autem
2669 522 2814 576 nullo
2849 533 3124 591 reportata
3155 523 3301 578 lucro
3337 525 3714 592 abscesserint,

2130 621 2257 667 tunc
2287 612 2406 666 illus
2433 612 2754 668 inevitabilis
2783 615 2914 668 ultio
2940 615 3188 684 excipiet.
3215 616 3391 671 Dicam
3419 618 3552 671 enim
3587 635 3718 672 mes-

2125 703 2341 766 soribus,
2393 704 2581 773 inquit,
2635 703 2866 774 Colligite
2909 707 3126 774 printunt
3171 708 3392 762 zizania.
3441 709 3546 764 Cur
3591 708 3715 762 Pri-

2129 795 2307 848 mum?
2354 795 2429 848 Ne
2467 806 2764 851 terreantur
2813 797 2908 861 illi,
2955 799 3104 868 quasi
3152 800 3383 854 triticum
3433 816 3553 855 cum
3612 803 3717 858 illis

2127 883 2418 941 auferatur.
2474 886 2541 940 Et
2584 889 2794 958 alligata
2833 906 2891 942 ea
2932 890 2983 942 in
3011 891 3283 959 fasciculos
3318 893 3387 945 ad
3416 893 3716 948 comburen-

2128 976 2248 1028 dum
2271 994 2290 1041 ;
2315 978 2533 1030 triticum
2555 991 2726 1032 autem
2756 991 3054 1050 congregata
3079 982 3130 1034 in
3152 982 3405 1036 horreum.
3437 985 3524 1038 51.
3545 985 3717 1039 Aliam

2128 1069 2425 1135 parabolam
2463 1078 2700 1138 apposuit
2731 1072 2803 1123 eis
2831 1071 3002 1124 dicens
3035 1087 3053 1124 :
3080 1071 3260 1126 Simile
3281 1084 3353 1126 est
3378 1091 3588 1144 regnum
3617 1091 3718 1129 ca:-

2129 1157 2291 1210 lorum
2312 1176 2471 1228 grano
2498 1162 2691 1230 sinapis
2755 1163 2886 1226 Qttia
2918 1163 3060 1216 enim
3088 1163 3242 1229 dixit,
3277 1181 3340 1218 ex
3373 1167 3576 1219 semine
3608 1177 3718 1222 tres

2125 1260 2305 1316 partes
2350 1252 2544 1318 perire,
2589 1269 2855 1322 unamque
2905 1256 3129 1320 serVari,
3167 1266 3221 1309 et
3271 1257 3320 1308 in
3370 1257 3468 1310 hac
3506 1273 3717 1327 quoque

2127 1352 2336 1394 servata
2372 1353 2520 1409 parte
2549 1353 2627 1397 tot
2655 1354 2906 1413 tantaque
2946 1348 3226 1401 imminere
3266 1349 3606 1416 detrimenta,
3651 1367 3717 1404 ne

2125 1430 2382 1493 dicerent.
2406 1435 2471 1488 Et
2497 1436 2710 1504 quinam
2742 1448 3046 1507 quantoque
3065 1456 3290 1495 numero
3320 1442 3502 1497 fideles
3527 1446 3716 1498 erunt?

2127 1521 2268 1576 lnmc
2307 1540 2518 1594 quoque
2563 1539 2764 1581 metum
2803 1529 2996 1596 aufert,
3041 1531 3160 1584 illos
3192 1548 3286 1598 per
3308 1534 3616 1603 parabolam
3647 1535 3717 1590 si-

2126 1615 2278 1683 napis
2326 1615 2390 1670 ad
2439 1617 2594 1672 fidem
2638 1617 2912 1684 inducens,
2954 1622 3350 1692 ostendensque
3382 1624 3716 1692 praediezitio-

2127 1722 2248 1761 nem
2291 1707 2486 1779 ubique
2528 1725 2870 1779 pervasurum
2911 1728 3051 1766 esse.
3094 1713 3218 1769 Ideo
3245 1716 3404 1770 oleris
3433 1717 3718 1786 imaginem

2127 1797 2178 1852 in
2215 1799 2447 1854 medium
2476 1801 2699 1856 adduxit
2725 1801 2846 1859 huic
2873 1815 3188 1873 argumento
3217 1806 3502 1862 admodum
3524 1824 3720 1878 Oppor-

2128 1897 2308 1943 tunam
2335 1908 2348 1944 :
2383 1891 2471 1946 '52.
2519 1893 2668 1958 Quod
2703 1895 2868 1948 minus
2894 1906 2984 1961 est,
3030 1897 3220 1966 inquit,
3251 1899 3480 1953 onmibus
3511 1902 3719 1956 semiui-

2101 1981 2253 2051 lus;
2279 2000 2393 2036 cum
2413 1995 2578 2038 autem
2601 1989 2827 2051 creverit,
2862 1991 3027 2057 majus
3053 2000 3126 2042 est
3153 1992 3382 2045 omnibus
3403 1993 3639 2058 oleribus,
3672 2004 3720 2049 et

2126 2073 2182 2142 ﬁt
2207 2073 2377 2139 arbor,
2407 2076 2479 2128 ita
2507 2085 2560 2129 ut
2587 2077 2816 2132 uolucres
2842 2081 2954 2133 ειτΙὶ
2979 2083 3195 2144 veniant,
3227 2092 3272 2135 et
3311 2085 3363 2136 in
3411 2087 3566 2140 ramis
3609 2087 3719 2157 ejus

2126 2165 2349 2219 habitent
2408 2165 2787 2237 Magnitudinis
2830 2172 2971 2224 enim
3020 2173 3272 2227 indicium
3311 2175 3587 2232 declarare
3618 2195 3716 2233 vo-

2110 2257 2241 2316 ~luit.
2278 2258 2386 2324 Sic,
2433 2259 2624 2330 inquit,
2672 2270 2726 2315 et
2770 2263 2822 2316 in
2873 2263 3253 2332 prardit-atione
3278 2269 3400 2321 erit.
3443 2268 3574 2322 Nam
3603 2286 3719 2324 om-

2127 2348 2272 2403 nium
2307 2351 2656 2405 infirmissimi
2691 2362 2846 2406 erant
2887 2354 3167 2423 discipuli,
3227 2359 3571 2427 omniumque
3615 2362 3717 2414 mi-

2126 2443 2254 2496 nimi
2287 2460 2300 2495 :
2333 2454 2568 2498 attamen
2611 2450 2732 2516 quia
2777 2461 2966 2516 magna
3001 2448 3052 2502 in
3096 2449 3222 2516 ipsis
3252 2451 3416 2504 virtus
3455 2463 3590 2515 erat,
3623 2470 3719 2524 per

2128 2542 2295 2590 totum
2323 2537 2510 2592 orbem
2539 2537 2706 2593 effusa
2732 2549 2836 2594 est.
2876 2539 3079 2594 Deinde
3109 2542 3207 2596 sub
3237 2542 3334 2597 hac
3365 2543 3594 2614 imagine
3617 2547 3719 2600 ler-

2126 2638 2366 2682 mentum
2398 2630 2591 2698 posuit,
2625 2630 2810 2685 dicens
2842 2649 2854 2684 :
2885 2631 2974 2686 55.
3010 2631 3193 2687 Simile
3219 2643 3289 2688 est
3315 2651 3525 2704 regnum
3564 2639 3719 2690 cwlo-

2125 2737 2242 2773 rum
2262 2724 2528 2792 fermento,
2557 2724 2692 2793 quod
2720 2735 2979 2794 acceptum
3009 2725 3191 2780 mulier
3219 2727 3482 2782 abscondit
3505 2730 3556 2782 in
3589 2730 3720 2798 [ari-

2128 2829 2208 2868 nte
2247 2818 2371 2869 satis
2413 2817 2591 2882 tribus,
2638 2818 2797 2871 donec
2842 2823 3202 2889 fermentatum
3237 2831 3310 2874 est
3346 2831 3526 2876 totum.
3572 2824 3720 2879 Sicut

2128 2909 2270 2962 enim
2316 2907 2639 2964 fermentum
2679 2911 2860 2964 multa:
2906 2911 3089 2964 farina:
3119 2912 3224 2965 vim
3254 2928 3404 2967 suam
3436 2913 3599 2981 indit,
3643 2917 3721 2970 sic

2128 3009 2183 3053 et
2211 3016 2307 3055 vos
2335 3010 2500 3054 totum
2535 3003 2789 3055 mundum
2817 3004 3166 3058 convertetis.
3211 3004 3275 3058 Et
3314 3005 3436 3059 vide
3482 3006 3720 3076 pruden-

2129 3092 2276 3146 tiam.
2320 3092 2534 3147 Natura:
2573 3094 2828 3163 imagines
2869 3094 3045 3159 all‘ert,
3091 3111 3196 3164 quo
3222 3096 3487 3162 ostendat,
3517 3109 3570 3151 ut
3607 3099 3721 3153 luce

2127 3185 2420 3238 secundum
2473 3185 2772 3238 naturalem
2825 3201 3004 3239 rerum
3053 3187 3249 3240 seriem
3298 3190 3602 3243 necessario
3647 3190 3720 3246 ita

2128 3276 2280 3342 fiunt,
2323 3278 2400 3332 sic
2449 3286 2503 3332 et
2548 3277 2668 3331 ista.
2720 3277 2796 3331 Ne
2833 3276 2960 3330 mihi
2989 3278 3188 3333 dixeris
3217 3297 3230 3332 :
3259 3279 3393 3346 Quid
3425 3281 3721 3350 poterimus

2126 3371 2406 3426 duodecim
2438 3371 2685 3425 homines
2717 3371 2770 3424 in
2800 3380 3000 3425 tantam
3039 3371 3434 3426 multitudinem
3481 3374 3721 3430 inciden-

2127 3462 2248 3518 tes?
2285 3463 2415 3516 Nam
2458 3462 2688 3531 idipsnm
2731 3463 2962 3517 maxime
3000 3463 3250 3517 virtutem
3281 3473 3508 3517 vestram
3537 3465 3721 3534 splen-

2125 3553 2304 3608 didam
2348 3552 2542 3618 reddit,
2576 3553 2717 3622 quod
2748 3553 3073 3607 multitudini
3103 3554 3322 3608 admixti
3349 3571 3452 3608 non
3485 3554 3718 3625 fugiatis.

2125 3646 2584 3713 Quemadmodum
2614 3656 2670 3701 et
2695 3645 3016 3701 fermentum
3047 3656 3170 3701 tunc
3216 3661 3446 3702 massam
3487 3647 3720 3704 fermen-

2127 3747 2222 3800 tat,
2263 3754 2383 3793 cum
2431 3738 2618 3793 farinae
2661 3739 3016 3803 admovetur;
3057 3753 3159 3794 nec
3189 3739 3349 3793 modo
3373 3740 3714 3806 admovetur,

2124 3832 2218 3887 sed
2266 3833 2334 3885 ita
2376 3840 2432 3885 ut
2471 3832 2789 3895 misceatur;
2839 3846 2944 3884 non
2993 3831 3134 3885 enim
3188 3831 3504 3899 simpliciter
3544 3831 3716 3898 dixit,

2126 3925 2326 3985 Posuit,
2354 3924 2469 3989 sed,
2497 3923 2768 3976 Abscondit
2791 3939 2808 3975 :
2840 3923 2916 3976 sic
2945 3931 2999 3976 et
3025 3936 3118 3975 vos
3140 3923 3447 3990 agglutinati
3477 3935 3530 3977 et
3546 3923 3718 3991 juncti

2125 4033 2245 4074 cum
2281 4015 2718 4086 impugnantihus
2744 4030 2860 4075 vos.
2905 4015 3048 4083 ipsos
3087 4014 3430 4082 superabitis.
3478 4015 3543 4068 Et
3578 4017 3719 4070 sicut

2125 4109 2252 4164 illud
2284 4109 2528 4163 obruitur
2556 4109 2605 4160 in
2636 4121 2832 4169 massa,
2865 4105 2959 4159 sed
2991 4120 3094 4159 non
3126 4105 3399 4174 perditur,
3451 4106 3542 4160 sed
3585 4123 3718 4176 pau-

2127 4202 2270 4255 latim
2298 4200 2390 4253 toti
2425 4214 2615 4253 massm
2643 4199 2744 4252 vim
2777 4213 2926 4252 suam
2967 4197 3099 4251 indit
3134 4216 3147 4252 :
3179 4198 3407 4265 idipsutn
3441 4199 3492 4252 in
3519 4199 3714 4268 praedi-

2122 4295 2331 4348 catione
2370 4293 2660 4360 continget.
2696 4289 2774 4343 Ne
2813 4290 2988 4357 itaque
3031 4289 3152 4358 quia
3202 4289 3397 4342 nndtas
3446 4305 3715 4344 :erumnas

2124 4387 2368 4457 praedixi,
2420 4385 2539 4438 ideo
2585 4383 2817 4437 timeatis
2850 4401 2863 4435 :
2897 4398 3018 4436 nam
3051 4383 3128 4436 sic
3165 4382 3429 4451 splendidi
3472 4383 3622 4437 eritis
3663 4393 3719 4438 et

2122 4477 2301 4532 omnia
2353 4474 2694 4542 superabitis.
2747 4473 2870 4526 Tria
2902 4488 3060 4541 porro
3088 4481 3202 4526 sata
3233 4473 3316 4526 hic
3356 4473 3519 4526 multa
3547 4473 3716 4543 signi-

2126 4571 2315 4632 ficant;
2365 4568 2504 4620 hunc
2531 4569 2726 4636 quippe
2754 4581 3034 4619 numerum
3068 4565 3207 4619 solet
3245 4580 3340 4634 pro
3376 4566 3717 4622 multitudine

2123 4660 2399 4714 adhibere.
2448 4657 2526 4712 Ne
2573 4657 2781 4710 mireris
2831 4665 3032 4718 autem,
3077 4656 3121 4708 si
3161 4654 3230 4709 de
3265 4670 3430 4723 regno
3468 4656 3721 4724 loquens,

2122 4769 2344 4824 granum
2389 4764 2443 4806 et
2485 4753 2804 4804 fermentum
2851 4757 3134 4811 memoret,
3184 4747 3488 4804 hominibus
3517 4750 3717 4818 quippe

2124 4847 2438 4916 loquebatur
2475 4843 2733 4910 imperitis
2774 4849 2828 4894 et
2874 4841 3089 4908 ignaris,
3132 4854 3268 4908 quos
3305 4854 3440 4908 opus
3478 4849 3593 4893 erat
3634 4839 3717 4893 his

2123 4939 2274 5007 erigi.
2311 4936 2442 4990 Nam
2473 4935 2544 4987 ita
2574 4933 2844 4999 simplices
2876 4939 3049 4992 erant,
3082 4939 3136 4983 ut
3168 4940 3351 5000 postea
3383 4931 3546 4984 multa
3579 4945 3716 5000 opus

2125 5030 2385 5084 haberent
2425 5025 2884 5094 interpretatione.
2934 5024 3032 5078 Ubi
3065 5033 3189 5078 sunt
3209 5025 3473 5094 gentiles?
3513 5024 3713 5080 Christi

2124 5123 2373 5175 virtutem
2402 5119 2660 5180 ediscant,
2690 5131 2869 5170 rerum
2892 5117 3173 5170 veritatem
3199 5117 3630 5187 conspicientes;
3663 5126 3719 5171 et

2126 5213 2224 5267 hac
2262 5222 2486 5279 utraque
2529 5210 2597 5264 de
2642 5223 2802 5263 causa
2854 5208 3002 5261 illum
3046 5207 3293 5274 adorent,
3342 5216 3397 5262 et
3425 5208 3565 5277 quod
3603 5223 3720 5262 rem

2129 5313 2326 5358 tantam
2369 5300 2700 5372 ραι-(11118111,
2752 5308 2808 5354 et
2849 5298 2990 5369 quod
3035 5299 3176 5353 illam
3219 5299 3538 5368 impleverit.
3583 5297 3719 5353 Nam

2125 5399 2239 5466 ipse
2268 5404 2351 5450 est
2375 5394 2465 5466 qui
2495 5395 2598 5447 vim
2629 5392 2894 5448 fermento
2925 5392 3076 5446 indit.
3116 5391 3240 5446 ldeo
3267 5389 3591 5444 multitudini
3623 5389 3720 5444 ad-

2125 5489 2338 5543 miscuit
2378 5503 2473 5542 eos
2512 5487 2602 5557 qui
2643 5485 2697 5541 in
2745 5501 2805 5540 se
2853 5483 3166 5550 credebant,
3213 5495 3271 5537 ut
3309 5481 3719 5551 intelligentiam

2127 5591 2364 5637 nostram
2396 5590 2582 5635 mutuo
2612 5579 2909 5635 tradamus.
2951 5577 3120 5632 Nemo
3145 5577 3211 5631 de
3248 5574 3512 5646 paucitate
3539 5575 3718 5629 causi-

2130 5675 2341 5730 ﬁcetur.
2392 5671 2548 5727 Multa
2597 5654 2795 5740 quippe
2834 5676 2918 5723 est
2963 5664 3358 5739 praedicationis
3409 5664 3610 5722 virtus:
3657 5673 3714 5720 et
