4102 6440
380 258 479 312 179

375 370 517 441 quod
565 366 735 422 semel
779 350 1155 419 fermentatum
1203 362 1319 424 est,
1368 354 1689 412 fermentum
1743 351 1963 421 reliquis

376 463 629 521 efﬁcitur.
680 459 758 513 Ac
799 450 1242 524 quemadmodum
1282 448 1512 505 scintilla
1551 460 1674 501 cum
1724 444 1776 499 in
1824 444 1966 513 ligna

378 554 584 618 incidit,
626 550 903 607 combusta
944 548 994 601 in
1022 544 1290 599 ﬂammam
1335 539 1622 603 convertit,
1647 547 1702 592 et
1741 537 1820 592 sic
1862 535 1966 588 alia

366 646 581 704 ‘invadit
611 664 625 699 :
659 645 729 698 ita
755 651 810 697 et
836 638 1163 711 praedicatio.
1211 634 1328 689 Non
1368 632 1504 687 dixit
1535 638 1710 685 tamen
1744 628 1963 698 ignem,

368 738 473 794 'sed
502 737 854 796 fermentum;
887 728 1093 799 quare?
1117 726 1249 793 Quia
1279 724 1348 777 ibi
1380 738 1485 777 non
1531 729 1699 776 totum
1738 718 1807 772 ab
1846 719 1967 787 igne

380 832 572 894 oritur,
615 827 708 882 sed
756 824 915 880 simul
962 824 1120 876 etiam
1164 835 1191 872 a
1218 818 1377 887 lignis
1405 815 1676 878 incensis;
1723 812 1811 866 hic
1838 826 1966 864 vero

380 927 697 979 fermentum
751 933 845 987 per
887 931 946 971 se
995 923 1162 968 totum
1204 910 1388 967 efficit.
1436 907 1588 974 Quod
1634 907 1677 960 si
1723 906 1967 959 homines

378 1016 659 1070 duodecim
703 1020 870 1066 totum
898 1008 1083 1063 orbem
1109 1005 1520 1064 fermentarunt,
1568 1001 1741 1069 cogita
1771 1004 1979 1066 quanta'

379 1113 445 1163 sit
480 1106 710 1176 nequitia
744 1112 945 1167 nostra,
990 1098 1151 1170 quod,
1201 1111 1320 1152 cum
1350 1103 1496 1149 tanto
1527 1108 1748 1147 numero
1776 1091 1963 1157 simus,

381 1216 487 1252 non
534 1209 816 1267 possumus
853 1203 1028 1247 tamen
1071 1205 1165 1245 eos
1203 1188 1292 1258 qui
1329 1193 1619 1255 supersunt
1654 1180 1964 1246 emendare,

379 1307 512 1362 quos
538 1288 864 1360 oportuisset
890 1284 975 1339 vel
1003 1281 1148 1336 mille
1173 1277 1387 1335 mundis
1413 1276 1479 1331 ad
1502 1271 1968 1330 fermentationem

409 1384 466 1436 uf
468 1386 643 1436 licere.

409 1398 643 1437 nttteere.

379 1399 405 1438 s
451 1476 504 1528 5.
549 1472 671 1525 Non
701 1467 968 1530 miracula,
994 1463 1083 1519 sed
1110 1463 1265 1517 virtus
1293 1459 1547 1531 Apostalis
1573 1463 1620 1510 et
1640 1456 1756 1510 aliis
1780 1453 1969 1508 sanctis

380 1580 547 1620 rerum
595 1558 991 1631 magnitudinem
1037 1552 1269 1608 contulit.
1312 1579 1384 1590 -—
1434 1552 1536 1614 At,
1588 1547 1832 1616 inquies,
1893 1543 1967 1597 illi

381 1653 605 1723 apostoli
648 1660 821 1705 erant.
878 1647 946 1702 Et
970 1645 1094 1715 quid
1121 1643 1223 1698 hoc
1251 1643 1372 1696 est?
1414 1641 1603 1694 Annon
1631 1636 1816 1690 eadem
1855 1634 1969 1701 ipsa

381 1760 483 1813 qua
514 1752 566 1797 ttt
594 1738 901 1796 conditione
929 1733 1128 1790 erant?
1158 1724 1333 1786 nonne
1375 1730 1426 1783 in
1454 1726 1756 1784 civitatibus
1783 1737 1968 1777 versa-

380 1830 614 1888 bantur?
659 1845 835 1883 annon
882 1823 1191 1881 eorumdem
1239 1829 1519 1876 consortes
1557 1815 1750 1872 erant?
1789 1826 1966 1866 annon

382 1935 526 1978 artes
572 1917 936 1976 exercebant?
980 1928 1108 1970 num
1139 1913 1309 1983 angeli
1344 1910 1536 1967 erant?
1587 1923 1709 1962 nutu
1741 1922 1805 1961 ex
1836 1903 1969 1959 caelo

381 2011 807 2071 descenderant?
849 2008 975 2074 Sed,
1008 2006 1236 2075 inquies,
1270 2004 1420 2072 signa
1451 2003 1706 2056 fecerant.
1751 1995 1867 2050 Non
1892 1995 1966 2049 si-

380 2125 483 2180 gna
513 2116 660 2163 certe
692 2106 837 2174 ipsos
864 2100 1132 2156 mirabiles
1158 2097 1467 2152 ell‘ecerunt.
1496 2091 1786 2162 Usquequo
1811 2088 1971 2180 miraf

382 2179 515 2256 culis
562 2200 664 2253 illis
711 2197 777 2251 ad
820 2193 1079 2266 ignaviam
1122 2199 1358 2244 nostram
1398 2184 1677 2256 tegendam
1721 2179 1969 2236 utemur?

385 2291 517 2346 Vide
544 2295 848 2345 sanctorum
875 2285 1121 2347 chorum,
1170 2280 1259 2350 qui
1295 2294 1403 2333 non
1431 2275 1703 2331 miraculis
1728 2272 1834 2326 illis
1862 2270 1968 2324 ful-

381 2387 470 2439 sit.
517 2382 664 2437 Multi
690 2379 832 2435 enim
861 2377 948 2446 qui
975 2374 1251 2429 d;etnoncs
1281 2370 1570 2438 ejecerant,
1613 2366 1734 2434 quia
1771 2360 1970 2432 iniqui-

381 2484 541 2529 tatem
581 2471 786 2539 operati
826 2475 968 2528 suut,
1013 2461 1287 2516 mirabiles
1317 2473 1422 2511 non
1453 2456 1685 2518 fuertmt,
1718 2452 1812 2507 sed
1839 2467 1969 2522 sup-

383 2562 555 2634 pliciis
595 2567 719 2614 sunt
755 2555 952 2610 allecti.
997 2551 1233 2622 Ecquid,
1283 2548 1525 2617 inquies,
1574 2546 1696 2599 illos
1749 2558 1971 2613 magnos

380 2651 596 2709 eil‘ecit?
633 2650 981 2716 Contemptus
1023 2642 1387 2713 pecuniarum,
1443 2654 1592 2690 vanm
1638 2636 1822 2705 gloria:
1868 2634 1969 2689 de-

381 2753 617 2814 spectus,
640 2737 994 2809 sequestratio
1023 2750 1052 2788 a
1079 2734 1236 2789 bonis
1264 2729 1630 2785 szccularibus.
1663 2728 1762 2796 Qui
1787 2729 1831 2782 si
1854 2726 1971 2781 hmc

383 2851 490 2891 non
520 2833 852 2894 habuissent,
884 2827 979 2884 sed
1001 2827 1167 2881 animi
1194 2824 1396 2879 morbis
1421 2822 1743 2892 paruissent,
1761 2820 1967 2873 etiamsi

382 2934 664 2981 sexcentos
703 2932 945 2976 mortuos
990 2917 1357 2979 suscitassent,
1403 2929 1511 2967 non
1541 2912 1699 2966 modo
1728 2911 1793 2965 ad
1827 2910 1970 2963 nihi-

384 3020 491 3071 lum
519 3016 678 3071 utiles
709 3011 954 3075 fuissent,
1002 3007 1098 3064 sed
1142 3007 1303 3062 etiam
1332 3004 1647 3074 deccptores
1673 3012 1723 3058 et
1751 3002 1969 3057 fallaces

389 3102 558 3158 habiti
589 3103 841 3158 fuissent.
860 3098 953 3154 Sic
967 3106 1113 3153 certe
1136 3097 1247 3151 vita
1272 3097 1388 3166 ipsa
1406 3104 1489 3149 est
1504 3108 1625 3162 qua:
1640 3090 1839 3158 ubique
1863 3086 1969 3140 ful-

388 3201 497 3264 get,
515 3208 638 3263 qua:
648 3193 810 3246 etiam
832 3189 1067 3259 Spiritus
1080 3186 1305 3258 gratiam
1320 3182 1563 3239 attraxit.
1580 3179 1736 3247 Quod
1751 3178 1967 3248 signum

390 3284 520 3341 fecit
549 3283 811 3348 Joannes,
846 3282 939 3353 qui
976 3288 1058 3335 tot
1087 3278 1334 3333 civitates
1354 3275 1459 3331 sibi
1492 3269 1772 3330 devinxit?
1806 3266 1965 3336 Quod

368 3376 524 3433 enim
552 3372 868 3429 miraculum
899 3371 1105 3426 nullum
1131 3369 1377 3432 ediderit,
1423 3366 1546 3422 audi
1588 3365 1969 3436 evangelistam

380 3468 646 3522 dicentem
678 3482 692 3517 :
725 3462 950 3516 Joannes
975 3460 1176 3530 quidem
1201 3457 1400 3513 nullum
1425 3458 1540 3526 fecit
1567 3457 1765 3527 signum
1789 3454 1969 3526 (Joan.

384 3559 470 3614 10.
499 3558 612 3625 41).
644 3554 797 3611 Unde
820 3551 1163 3606 admirandus
1189 3549 1290 3604 fuit
1317 3549 1529 3604 Helias?
1556 3550 1744 3601 Annon
1775 3563 1805 3601 a
1835 3545 1972 3600 ﬁdit-

381 3650 484 3711 cia,
508 3662 610 3717 qua
628 3661 805 3716 regem
824 3643 1069 3698 monuit?
1093 3656 1270 3695 annon
1298 3656 1327 3694 a
1355 3639 1474 3693 zelo
1500 3654 1599 3693 suo
1620 3653 1743 3707 erga
1770 3637 1970 3691 Deum?

383 3757 560 3795 annon
588 3755 617 3792 a
650 3745 984 3809 paupertate,
1010 3750 1040 3789 a
1070 3734 1288 3799 inclute,
1337 3749 1366 3786 a
1395 3732 1672 3804 spelunca,
1708 3746 1738 3784 a
1770 3729 1970 3784 monti-

382 3833 484 3888 bus
502 3831 672 3886 ?Nam
693 3830 842 3901 signa
871 3828 1049 3882 omnia
1077 3836 1196 3896 post
1224 3825 1337 3879 hzec
1360 3824 1503 3879 fecit.
1527 3823 1649 3879 Jobi
1674 3838 1800 3877 vero
1827 3820 1969 3893 quod

382 3928 593 3997 signum
639 3923 824 3978 videns
874 3922 1119 3976 diabolus
1159 3919 1559 3985 obstupefactus
1599 3918 1719 3973 est?
1748 3918 1967 3986 Signum

383 4029 529 4074 certe
557 4017 782 4079 nullum,
812 4013 909 4069 sed
937 4013 1096 4067 vitam
1131 4012 1464 4082 prteclaram,
1492 4010 1805 4080 patientiam
1835 4008 1967 4063 ada-

384 4116 563 4163 mante
596 4107 788 4177 quovis
849 4103 1162 4157 ﬁrmiorem.
1191 4100 1345 4166 Quod
1370 4100 1579 4168 signum
1612 4099 1774 4154 David
1804 4098 1927 4153 fecit
1949 4137 1965 4164 ,

378 4200 592 4272 juvenis
634 4212 756 4252 cum
801 4205 967 4258 esset,
1016 4201 1072 4247 ut
1120 4193 1259 4247 Deus
1301 4190 1507 4245 diceret
1537 4208 1549 4245 :
1583 4184 1971 4252 lnveniDavid,

385 4293 548 4362 ﬁlium
571 4289 917 4352 lesscwirum
941 4285 1218 4341 secundum
1243 4300 1331 4337 cor
1355 4299 1521 4335 meum
1552 4282 1688 4351 (Act.
1724 4281 1808 4337 l3.
1834 4279 1970 4349 22)?

384 4384 671 4449 Abraham,
704 4383 847 4437 Isaac
865 4389 919 4436 et
943 4378 1110 4433 Jacob
1134 4392 1292 4446 quem
1320 4386 1590 4429 mortuum
1614 4373 1969 4428 suseitarunt?

382 4493 543 4550 quem
574 4477 844 4544 leprosum
871 4469 1231 4526 mundarunt?
1276 4471 1356 4521 An
1388 4467 1622 4537 ignoras,
1663 4466 1833 4536 signa,
1868 4466 1969 4521 nisi

375 4570 684 4641 vigilemus,
732 4566 1046 4637 plerumque
1075 4561 1313 4616 nocere?
1353 4559 1442 4615 Sic
1478 4561 1627 4614 multi
1655 4559 1968 4616 Corinthio-

385 4676 502 4716 rum
530 4658 621 4714 alii
647 4656 715 4711 ab
742 4656 862 4710 aliis
899 4653 1109 4708 discissi
1138 4660 1262 4706 situt
1288 4669 1300 4705 :
1330 4652 1408 4706 sic
1433 4650 1581 4704 multi
1604 4650 1969 4707 Romanorum

383 4752 760 4820 superbieruut
815 4766 830 4801 :
879 4747 958 4800 sic
997 4744 1186 4800 Simon
1223 4742 1427 4813 ejectus
1476 4750 1580 4797 est.
1616 4742 1705 4799 Sic
1749 4744 1841 4798 ille
1880 4744 1971 4812 qui

382 4839 657 4897 Christum
685 4836 838 4908 sequi
871 4843 1169 4906 optaverat,
1215 4832 1534 4902 reprobatus
1577 4842 1678 4898 est,
1722 4833 1966 4901 audiens,

396 4931 581 5000 Vulpes
610 4933 777 4999 foveas
803 4927 1006 4991 habent,
1039 4934 1086 4978 ct
1116 4921 1342 4978 volucres
1365 4923 1476 4976 mali
1504 4922 1883 4992 nidos(Mattlt.
1913 4923 1967 4978 8.

382 5023 486 5088 20;
519 5022 646 5076 Luc.
675 5023 728 5077 9.
759 5019 872 5091 58).
906 5019 1106 5074 llorum
1138 5018 1352 5088 singuli,
1379 5020 1492 5072 sive
1516 5017 1656 5087 quod
1681 5019 1932 5087 pecunias
1953 5060 1967 5084 ,

382 5117 497 5170 sive
538 5111 680 5182 quod
724 5112 948 5181 gloriam
977 5124 1044 5164 ex
1082 5109 1247 5178 signis
1289 5118 1613 5178 quterercnt,
1659 5109 1974 5164 exciderunt

381 5216 438 5262 et
492 5205 784 5276 perierunt.
842 5200 981 5256 Vitae
1027 5209 1211 5254 autem
1272 5208 1521 5254 accurata
1570 5201 1862 5266 sanctitas,
1918 5211 1972 5255 et

383 5300 638 5352 virtutum
688 5310 841 5348 amor
884 5309 1001 5348 non
1032 5294 1191 5347 modo
1232 5307 1338 5347 non
1379 5293 1516 5361 parit
1558 5292 1716 5348 talem
1762 5293 1970 5362 cupidi-

389 5398 574 5453 tatem,
622 5384 720 5443 sed
747 5385 794 5441 si
823 5384 962 5440 adsit
989 5382 1181 5438 aufert.
1228 5383 1345 5454 Ipse
1377 5399 1504 5439 vero
1528 5382 1799 5450 Christus,
1847 5401 1968 5440 cum

383 5479 530 5548 leges
556 5478 710 5533 daret
731 5477 1024 5545 discipulis,
1048 5476 1175 5545 quid
1203 5476 1455 5532 dicebat?
1476 5492 1565 5542 an,
1595 5476 1755 5547 Signa
1786 5476 1968 5545 facite,

388 5578 446 5621 ut
470 5567 684 5622 videant
707 5566 992 5623 homines?
1035 5566 1380 5637 Nequaquam
1414 5585 1427 5620 :
1464 5567 1558 5622 sed
1587 5569 1754 5638 quid?
1782 5568 1969 5624 Luceat

387 5658 479 5712 tua:
513 5666 677 5713 vestra
716 5674 886 5714 coram
928 5658 1233 5730 hominibus,
1274 5668 1329 5714 ut
1367 5658 1571 5716 videant
1613 5676 1767 5732 opera
1805 5673 1969 5720 vestra

1115 242 1171 299 S.
1210 230 1490 298 JOANNIS
1526 232 2000 295 CllBYSOSTOMl
2029 235 2349 295 ARClllEP.
2379 238 2913 298 CONSTANTINOP.

2077 352 2228 419 bona,
2270 363 2318 409 et
2349 356 2634 426 gloriﬁcent
2680 355 2892 411 Patrem
2930 366 3147 414 vestrum
3186 359 3274 423 qui
3315 362 3368 416 in
3411 364 3548 420 satis
3588 377 3662 422 est

2073 442 2286 513 (Matth.
2313 446 2367 500 5.
2393 446 2507 517 l6).
2537 448 2696 504 Petro
2718 462 2933 520 quoque
2962 465 3067 504 non
3095 450 3250 519 dixit,
3290 452 3346 509 Si
3375 471 3460 510 me
3486 472 3658 524 amas,

2072 533 2221 602 signa
2247 532 2363 601 fac;
2408 537 2524 604 sed,
2570 537 2732 593 Pasce
2769 555 2883 594 oves
2924 557 3060 596 meas
3099 542 3279 612 (Joan.
3314 545 3405 600 2i.
3440 546 3551 621 15).
3592 550 3662 606 Et

2062 638 2190 679 cum
2224 641 2439 699 semper
2466 630 2612 684 illum
2638 631 2848 687 caeteris
2873 645 3168 702 praeponat,
3192 652 3295 692 una
3322 654 3443 693 cum
3463 640 3661 698 Iacobo

2071 725 2125 770 et
2155 716 2382 784 Joanne,
2432 720 2595 785 unde,
2641 738 2848 792 quaeso,
2882 727 3177 794 praeponit?
3220 744 3347 784 num
3383 746 3414 785 a
3458 733 3662 804 signis?

2071 804 2231 879 Atqui
2259 826 2447 867 omnes
2469 813 2716 881 discipuli
2744 815 2987 886 leprosos
3015 819 3365 889 mundabant,
3420 834 3663 883 mortuos

2071 902 2443 968 suscitabant;
2477 905 2835 975 omnibusque
2878 908 3129 964 similiter
3173 919 3490 979 potestatem
3535 931 3664 971 con-

2072 994 2253 1047 cessit.
2287 994 2393 1049 Cur
2421 1011 2550 1066 ergo
2592 1007 2702 1052 tres
2732 998 2804 1051 illi
2832 1000 3345 1069 anteponebantur?
3387 1005 3469 1059 Ex
3499 1008 3662 1062 animi

2072 1101 2263 1155 nempe
2293 1086 2510 1142 virtute.
2536 1088 2724 1143 Viden’
2752 1090 2949 1160 ubique
2977 1091 3113 1146 bona
3141 1108 3274 1163 opus
3299 1110 3421 1151 esse
3452 1098 3579 1163 vita,
3610 1107 3664 1154 ct

2073 1178 2232 1231 rectis
2272 1180 2564 1247 operibus?
2608 1178 2693 1235 Ea:
2737 1181 3006 1251 fructibus,
3047 1186 3212 1255 enim,
3259 1188 3449 1258 inquit,
3490 1206 3664 1245 eorum

2070 1271 2377 1339 cognoscetis
2406 1288 2490 1325 eos
2519 1272 2731 1343 (Matth.
2759 1275 2813 1329 7.
2844 1262 2957 1348 16).

2141 1361 2195 1414 4.
2226 1360 2362 1429 Quid
2388 1371 2564 1418 autem
2590 1365 2746 1418 vitam
2779 1376 3017 1423 nostram
3044 1370 3353 1426 constituit?
3381 1373 3463 1428 An
3485 1374 3660 1446 signa,

2071 1464 2138 1505 an
2167 1452 2271 1506 vita
2300 1463 2447 1508 recte
2476 1463 2530 1509 et
2550 1468 2797 1513 accurate
2817 1460 2969 1515 acta?
3001 1460 3173 1517 Vitam
3200 1474 3346 1520 certe
3367 1480 3486 1522 esse
3509 1467 3663 1538 liqui-

2071 1542 2198 1596 dum
2227 1554 2308 1598 est
2338 1562 2353 1599 :
2385 1545 2533 1615 signa
2561 1561 2692 1602 vero
2740 1549 2863 1605 inde
2904 1550 3107 1607 ducunt
3143 1553 3501 1623 occasionem,
3529 1566 3584 1613 et
3610 1555 3664 1617 iu

2071 1647 2194 1686 eum
2222 1636 2381 1689 tinem
2402 1636 2671 1693 desinunt.
2704 1639 2832 1693 Nam
2857 1643 2946 1711 qui
2965 1642 3127 1697 vitam
3149 1643 3366 1701 exhibet
3383 1649 3662 1718 optimam,

2072 1722 2211 1778 hunc
2238 1726 2337 1779 sibi
2365 1727 2583 1782 attrahit
2610 1731 2866 1799 gratiam;
2896 1734 2986 1804 qui
3014 1750 3142 1790 vero
3165 1738 3390 1806 gratiam
3424 1742 3617 1810 accipit
3641 1781 3659 1809 ,

2072 1813 2196 1869 ideo
2221 1816 2451 1886 accipit,
2485 1828 2540 1872 ut
2568 1820 2793 1876 aliorum
2824 1824 2984 1878 vitam
3014 1827 3281 1883 emendet.
3313 1829 3662 1902 Quandoqui-

2071 1904 2194 1959 dem
2224 1905 2469 1963 Christus
2496 1911 2751 1967 miracula
2781 1914 2867 1967 illa
2896 1914 3017 1970 idco
3044 1917 3188 1981 fecit,
3220 1927 3277 1973 ut
3306 1919 3429 1975 inde
3459 1921 3563 1977 fide
3585 1922 3669 1977 di-

2071 2010 2209 2064 gnus
2231 1995 2297 2052 ad
2327 2013 2386 2054 se
2415 1999 2660 2057 homines
2685 2004 3018 2073 pertrahens,
3047 2007 3300 2064 virtutem
3328 2014 3380 2065 in
3406 2012 3664 2074 mundum

2074 2087 2372 2145 induceret.
2416 2091 2542 2147 Ideo
2583 2095 2867 2151 maximam
2905 2096 3128 2169 hujusce
3155 2102 3232 2156 rei
3262 2116 3444 2157 curam
3483 2104 3663 2161 habet.

2072 2180 2257 2252 Neque
2284 2184 2427 2238 enim
2453 2184 2582 2240 solis
2608 2187 2774 2257 signis
2800 2190 2930 2243 satis
2959 2189 3139 2258 habet,
3167 2192 3260 2247 sed
3287 2201 3342 2249 et
3365 2194 3664 2264 gehennam

2072 2273 2445 2340 comminatur,
2466 2284 2520 2329 et
2536 2290 2759 2345 regnum
2780 2280 3061 2347 promittit,
3079 2281 3261 2351 sicque
3277 2283 3666 2354 inexspectatus
3730 2316 3733 2323 ·

2072 2365 2190 2419 illas
2221 2367 2369 2435 ponit
2396 2368 2561 2438 leges,
2592 2369 2830 2440 nihilque
2857 2380 2961 2426 non
2992 2375 3101 2443 agit
3128 2384 3184 2428 ut
3213 2389 3311 2431 nos
3337 2379 3541 2448 angelis
3565 2388 3659 2449 pa-~

2074 2472 2160 2511 res
2184 2457 2399 2514 efficiat.
2431 2462 2497 2515 Et
2519 2462 2643 2530 quid
2668 2463 2810 2530 dico,
2840 2465 3108 2521 Christum
3130 2469 3308 2523 omnia
3335 2469 3558 2540 hujusce
3585 2474 3661 2529 rei

2072 2563 2232 2603 causa
2263 2549 2471 2606 facere?
2500 2553 2554 2608 Si
2581 2554 2721 2624 quis,
2753 2555 2840 2611 dic
2870 2558 2999 2611 mihi
3019 2599 3035 2623 ,
3064 2560 3334 2630 optionem
3367 2562 3456 2617 tibi
3487 2563 3663 2633 daret,

2073 2649 2166 2695 aut
2209 2653 2449 2698 mortuos
2493 2645 2545 2699 in
2593 2647 2807 2702 nomine
2835 2648 2949 2717 ejus
2979 2652 3239 2705 suscitare
3262 2693 3278 2719 ,
3314 2662 3405 2707 aut
3445 2665 3667 2726 propter

2075 2749 2269 2788 nomen
2294 2736 2413 2803 ejus
2443 2736 2613 2803 mori,
2645 2737 2769 2807 quid
2798 2740 3048 2808 optares?
3074 2742 3266 2796 Annon
3297 2744 3472 2813 palam
3499 2755 3583 2801 est
3610 2755 3665 2803 te

2072 2826 2365 2881 secundum
2395 2837 2702 2897 optaturum
2735 2832 2888 2886 esse?
2925 2835 3085 2902 Atqui
3117 2834 3243 2890 illud
3280 2836 3491 2907 signum
3518 2877 3532 2903 ,
3564 2838 3667 2897 hoc

2072 2927 2249 2971 autem
2278 2932 2412 2988 Opus
2436 2927 2538 2973 est.
2571 2920 2625 2975 Si
2652 2922 2770 2990 quis
2791 2936 2920 2977 vero
2949 2923 3039 2978 tibi
3068 2924 3338 2996 optionem
3369 2943 3490 2982 eum
3517 2937 3666 3000 pote-
3696 2998 3701 3002 δ

2072 3015 2209 3061 state
2233 3007 2384 3062 daret
2412 3008 2611 3064 frenum
2646 3011 2697 3065 in
2725 3027 2912 3067 aurum
2936 3015 3213 3080 vertendi,
3237 3026 3327 3071 aut
3356 3033 3514 3087 posse
3541 3035 3663 3075 om-

2072 3112 2170 3151 nes
2196 3098 2407 3153 divitias
2433 3110 2488 3155 ut
2519 3100 2716 3157 (mnum
2751 3105 3101 3161 coneulcare?
3134 3106 3324 3163 Nonne
3356 3108 3458 3166 hoc
3488 3110 3665 3181 potius

2072 3188 2332 3258 eligeres?
2378 3190 2443 3245 Et
2463 3191 2585 3261 jure
2611 3194 2844 3263 quidem.
2885 3195 3019 3250 Nam
3048 3197 3177 3253 illud
3203 3213 3393 3254 omnes
3421 3201 3664 3259 homines

2071 3278 2306 3334 maxime
2334 3282 2686 3350 pertraheret.
2718 3284 2775 3339 Si
2801 3284 3045 3340 viderent
3071 3287 3213 3341 enim
3246 3286 3449 3344 frenum
3473 3306 3663 3348 aurum

2075 3369 2209 3435 fieri,
2236 3372 2373 3426 hanc
2402 3382 2715 3441 potestatem
2743 3391 2931 3432 omnes
2955 3389 3214 3449 cuperent
3238 3380 3502 3451 obtinere,
3526 3374 3664 3440 sicut

2075 3461 2260 3517 Simon
2283 3504 2297 3529 ,
2330 3477 2718 3537 augereturque
2746 3468 3049 3524 divitiarum
3077 3471 3340 3542 cupiditas
3370 3476 3453 3529 :si
3478 3485 3660 3531 autem

2073 3553 2320 3610 viderent
2333 3571 2520 3612 omnes
2539 3572 2726 3614 aurum
2747 3572 3012 3632 tamquam
3026 3563 3225 3619 ftenum
3243 3565 3537 3637 despicere,
3550 3568 3660 3639 jam

2074 3645 2200 3700 olim
2223 3663 2251 3699 a
2283 3649 2470 3703 morbo
2493 3651 2700 3705 liberati
2726 3661 2926 3708 essent.

2158 3736 2272 3791 Vita
2308 3739 2441 3793 bona
2483 3757 2614 3810 quw.
2639 3771 2711 3782 ——
2739 3742 2925 3798 Viden’
2957 3744 3149 3802 bonam
3174 3748 3336 3804 vitam
3364 3764 3520 3819 posse
3551 3764 3663 3804 ma-

2071 3827 2391 3898 gisjuvare?
2419 3830 2593 3886 Vitam
2615 3842 2791 3889 autem
2815 3834 2956 3904 dico,
2981 3852 3084 3892 non
3108 3838 3390 3909 jejunium,
3416 3856 3520 3896 non
3546 3856 3662 3897 sac-

2073 3936 2195 3975 cum
2223 3931 2276 3976 et
2300 3922 2534 3979 cinerem
2553 3934 2808 3993 stratum;
2836 3928 2930 3983 sed
2951 3930 3251 3987 divitiartun
3274 3940 3660 4004 contemptum,

2074 4021 2131 4067 ut
2162 4028 2257 4082 par
2278 4022 2361 4067 est
2388 4030 2481 4069 eas
2504 4024 2869 4085 contemnere,
2893 4034 3131 4076 amorem
3161 4025 3409 4094 proximi,
3432 4025 3664 4081 eleemo-

2074 4121 2261 4178 syuam
2312 4117 2367 4162 et
2414 4124 2604 4178 panem
2660 4112 2913 4166 esurienti
2960 4113 3164 4181 datum,
3214 4117 3452 4173 sedatam
3506 4119 3660 4186 iram,

2074 4197 2248 4251 inanis
2270 4197 2455 4267 gloria:
2475 4198 2862 4268 depulsionem,
2885 4202 3095 4259 invidia:
3115 4205 3553 4262 eliminationem.
3575 4208 3664 4264 Sic

2075 4298 2128 4343 et
2156 4289 2242 4345 ille
2264 4304 2364 4345 nos
2386 4292 2609 4346 instituit
2631 4307 2752 4347 cum
2783 4292 2919 4347 dixit
2945 4311 2959 4348 :
2989 4295 3179 4350 Discite
3203 4314 3234 4349 a
3260 4313 3358 4363 me,
3384 4299 3507 4369 quia
3530 4300 3664 4354 mitis

2075 4397 2187 4435 sum
2211 4390 2258 4435 et
2286 4382 2494 4437 humilis
2520 4382 2672 4437 corde
2700 4382 2911 4455 (Matth.
2946 4386 3034 4439 11.
3062 4385 3175 4455 29).
3205 4386 3321 4441 Non
3348 4387 3501 4457 dixit,
3528 4389 3661 4458 Quia

2070 4472 2328 4543 jcjnnavi,
2347 4476 2445 4529 etsi
2475 4485 2651 4543 posset
2675 4475 3023 4546 quadraginta
3046 4476 3161 4532 dies
3175 4477 3361 4548 jejunii
3390 4480 3661 4548 proferre:

2074 4576 2129 4620 at
2148 4582 2255 4621 non
2282 4567 2383 4622 hoc
2407 4567 2567 4633 dicit;
2600 4568 2714 4630 sed,
2743 4567 2878 4632 Quia
2897 4569 3031 4623 mitis
3053 4586 3166 4624 sum
3191 4581 3237 4625 et
3258 4571 3465 4626 humilis
3491 4574 3659 4628 corde.

2078 4656 2388 4727 Rursusque
2412 4673 2533 4712 cum
2564 4659 2711 4712 misit
2733 4673 2861 4723 eos,
2891 4673 2997 4713 non
3025 4659 3191 4728 dixit,
3222 4661 3502 4731 Jejunate:
3533 4665 3624 4719 sed
3646 4706 3661 4730 ,

2076 4746 2386 4802 Manducate
2404 4750 2539 4819 quod
2563 4750 2840 4820 apponitur
2861 4750 2997 4803 vobis
3022 4752 3040 4817 (
3064 4749 3193 4805 Luc.
3224 4752 3309 4807 l0.
3337 4753 3371 4808 8
3389 4755 3430 4814 λ.
3465 4756 3540 4809 De
3568 4770 3662 4825 pe-

2075 4841 2230 4895 cunia
2257 4854 2386 4893 vero
2411 4854 2650 4894 severam
2683 4840 2850 4910 legem
2881 4843 3057 4923 posuit
3085 4843 3270 4898 dicens
3300 4862 3314 4898 :
3347 4845 3525 4900 Nolite
3549 4865 3666 4916 pos-

2075 4933 2239 4987 sidere
2274 4947 2454 4984 aurum
2493 4931 2569 4985 vel
2610 4941 2871 5002 argentum
2891 4958 2913 4997 ,-
2950 4950 3108 5004 neque
3131 4950 3201 4989 tes
3230 4936 3283 4989 in
3309 4940 3452 4992 zonis
3494 4940 3663 4994 vestris

2079 5022 2304 5096 (Matth.
2331 5021 2419 5077 10.
2447 5020 2541 5094 9).
2576 5022 2699 5076 Iltec
2730 5038 2891 5093 porro
2920 5024 3074 5091 dico,
3104 5042 3211 5081 non
3236 5027 3378 5097 quod
3404 5028 3662 5099 jejunium

2077 5116 2370 5186 vituperem
2394 5130 2408 5180 ;
2437 5114 2610 5179 absit;
2642 5116 2867 5170 multum
2895 5102 3093 5188 quippe
3120 5119 3278 5174 laudo
3306 5138 3318 5173 :
3348 5124 3441 5177 sed
3466 5138 3663 5194 angor,

2077 5223 2197 5262 cum
2224 5207 2382 5262 video
2402 5222 2516 5269 vos,
2548 5208 2664 5262 aliis
2693 5209 2966 5278 neglectis,
2992 5221 3178 5280 putare
3200 5212 3331 5268 illud
3355 5230 3474 5270 esse
3493 5216 3559 5269 ad
3580 5231 3667 5270 sa-

2078 5300 2239 5354 lutem
2281 5299 2432 5364 satis,
2463 5314 2583 5353 cum
2623 5308 2800 5354 tamen
2845 5303 2897 5354 in
2940 5302 3106 5357 choro
3135 5305 3388 5359 virtutum
3421 5306 3666 5361 ultimum

2081 5398 2259 5444 teneat
2279 5388 2471 5443 locum.
2504 5388 2597 5443 lla:
2621 5391 2817 5460 quippe
2838 5393 3083 5448 maxima:
3104 5395 3477 5460 sunt,caritas,
3501 5396 3667 5466 aequi-

2080 5493 2197 5547 tas,
2245 5483 2620 5552 eleemosyna,
2667 5498 2788 5553 qua:
2825 5484 2984 5539 etiam
3027 5487 3385 5557 virginitatem
3428 5499 3663 5558 superat.

2079 5574 2257 5639 Quare
2279 5573 2326 5627 si
2352 5573 2483 5627 velis
2508 5575 2762 5641 apostolis
2790 5591 2885 5644 par
2905 5592 3043 5640 esse,
3063 5579 3193 5632 nihil
3217 5580 3412 5635 obstat.
3441 5580 3496 5637 Si
3525 5582 3665 5637 illam

2088 5667 2343 5724 virtutem
2362 5668 2726 5740 amplectaris.
2765 5668 3078 5728 suﬁicitilla
3100 5669 3197 5726 tibi
3237 5678 3299 5726 ut
3333 5668 3467 5726 nihil
3483 5667 3665 5724 minus

3556 248 3662 305 Μ
3762 233 3766 237 4
