4102 6418
334 502 426 557 481
1203 493 1265 548 IN
1304 488 1717 548 MATTHIEUM
1763 485 2000 544 HOMIL.
2061 485 2267 543 XLVII.
2307 486 2380 543 al.
2421 485 2651 542 XLVIII.

335 632 493 688 quam
517 613 745 685 apostoli
770 612 991 667 habeas.
1009 608 1228 665 Nullum
1246 610 1410 681 igitur
1422 611 1701 682 signorum
1713 620 1904 675 exspe-

335 705 1008 776 ctatiomoretur.Angitur
1028 703 1239 758 dzemon
1255 719 1377 757 cum
1400 704 1466 757 de
1497 714 1726 771 corpore
1753 697 1908 768 ejici-

333 813 421 856 tur
436 800 628 869 ;multo
646 799 817 868 magis
837 808 1016 853 autem
1031 813 1154 851 cum
1182 796 1375 850 viderit
1389 796 1623 849 animam
1643 808 1670 845 a
1684 797 1906 862 peccato

333 894 634 948 liberatam.
657 888 780 944 Haec
794 888 993 959 quippe
1008 899 1091 942 est
1121 888 1267 942 illius
1292 901 1525 940 maxuna
1551 885 1747 938 virtus.
1771 880 1908 944 Pro-

332 995 448 1052 pter
469 991 742 1053 peceatum
767 991 1004 1036 mortuus
1024 989 1105 1034 est
1127 978 1391 1043 Christus,
1417 985 1470 1029 ut
1495 973 1624 1029 illud
1645 973 1878 1029 solveret
1902 988 1917 1027 :

330 1075 460 1130 illud
489 1075 632 1129 enim
664 1082 890 1127 mortem
927 1072 1135 1126 induxit
1169 1089 1182 1124 :
1216 1079 1435 1140 propter
1463 1067 1591 1120 illud
1620 1065 1798 1119 omnia
1829 1079 1919 1118 sus

329 1166 501 1235 deque
527 1180 679 1218 versa
707 1171 850 1218 sunt.
876 1162 931 1218 Si
961 1173 1232 1232 peccatum
1259 1159 1554 1221 sustuleris,
1580 1155 1777 1210 diaboli
1798 1170 1920 1209 ner-

330 1273 422 1310 vos
447 1256 742 1321 succidisti,
770 1255 884 1324 ejus
910 1264 1064 1323 caput
1085 1251 1402 1316 contrivisti,
1432 1250 1550 1315 ejus
1574 1247 1678 1301 vim
1706 1260 1917 1302 omnem

328 1347 531 1402 solvisti
559 1387 574 1412 ,
605 1347 896 1401 exercitum
927 1345 1071 1400 illum
1098 1341 1364 1412 dissipasti
1386 1381 1400 1404 ,
1440 1341 1650 1408 signum
1681 1336 1918 1390 omnium

328 1440 600 1510 signorum
625 1439 911 1492 maximum
935 1437 1240 1492 exhibuisti.
1269 1433 1384 1488 Non
1412 1447 1564 1486 meus
1589 1440 1670 1484 est
1695 1427 1781 1481 hic
1808 1441 1921 1480 ser-

329 1547 436 1598 mo,
468 1531 564 1586 sed
598 1532 734 1587 beati
764 1532 910 1586 Pauli
939 1549 952 1585 :
979 1546 1101 1585 cum
1131 1529 1355 1583 dixisset
1376 1526 1541 1589 enim,
1575 1521 1922 1576 jEmulamini

329 1623 633 1676 charismata
661 1621 889 1688 meliora,
922 1632 969 1676 et
995 1620 1162 1673 adhuc
1187 1618 1323 1672 vobis
1352 1614 1756 1670 excellentiorem
1789 1612 1922 1664 viam

330 1715 665 1768 demonstravi
689 1715 778 1786 (1.
803 1714 920 1768 Cor.
958 1713 1042 1768 12.
1077 1715 1136 1767 51
1167 1711 1210 1785 ),
1240 1727 1344 1766 non
1375 1708 1648 1777 subjunxit
1684 1707 1917 1774 signum,

330 1807 419 1861 sed
442 1807 973 1860 caritatem-omnium
999 1805 1228 1860 radicem
1253 1804 1535 1858 bonorum.
1559 1799 1614 1852 Si
1637 1813 1764 1866 ergo
1784 1796 1920 1849 hanc

330 1911 694 1964 exerceamus,
715 1905 767 1951 et
789 1883 1176 1967 philosophiam
1193 1909 1407 1949 onmem
1431 1892 1552 1946 inde
1575 1897 1915 1959 sequentem;

331 2005 434 2044 non
459 2004 597 2058 opus
627 1990 939 2046 habebimus
961 1991 1124 2060 signis
1150 2007 1160 2043 :
1188 1989 1326 2043 sicut
1350 1987 1521 2041 sinon
1544 1992 1910 2043 exerceamus,

3509 490 3616 544 US

2025 597 2158 654 nihil
2186 597 2340 654 nobis
2367 598 2519 668 signa
2545 597 2860 668 proderunt.
2908 596 3035 653 Haec
3061 597 3238 672 itaque
3269 595 3447 655 omnia
3473 615 3614 668 cog:-

2025 699 2109 744 tan
2119 697 2218 755 tes,
2240 703 2306 742 ex
2326 688 2516 758 quibus
2540 687 2764 757 apostoli
2786 688 2962 757 magni
2985 697 3289 754 evaserunt,
3314 691 3428 744 haec
3448 705 3613 744 temn-

2024 783 2212 838 lemur.
2243 779 2520 837 Undenam
2543 781 2618 834 illi
2645 783 2817 850 magni
2843 780 3020 835 eﬁ'eeti
3049 781 3206 835 sunt?
3232 783 3368 837 Audi
3397 782 3612 837 Petrum
3645 841 3652 845 _

2024 873 2289 928 dicentem
2321 891 2334 927 :
2354 870 2487 926 Ecce
2510 887 2600 926 nos
2626 872 2920 941 reliquimus
2940 874 3130 938 omnia,
3153 881 3200 926 et
3224 874 3416 944 sequuti
3441 891 3616 929 sumus

2025 975 2073 1019 te
2095 981 2114 1019 :
2135 965 2257 1034 quid
2282 981 2398 1033 ergo
2423 963 2516 1018 erit
2547 963 2688 1018 nobis
2719 961 2931 1035 (Matth.
2952 965 3039 1019 19.
3064 965 3194 1036 27)?
3224 966 3359 1020 Audi
3381 977 3435 1022 et
3455 966 3615 1022 Chri-

2023 1067 2165 1112 stum
2193 1058 2322 1125 ipsis
2349 1057 2614 1111 dicentem
2647 1074 2661 1110 :
2691 1056 2942 1112 Sedebitis
2971 1074 3122 1128 super
3149 1061 3289 1114 sedes
3315 1061 3616 1128 duodecim;

2025 1161 2100 1217 et,
2128 1151 2448 1222 Quicumque
2467 1149 2732 1218 reliquerit
2743 1150 2948 1204 domum
2974 1154 3050 1206 vel
3071 1155 3273 1222 fratres,
3293 1157 3368 1207 vel
3398 1165 3613 1224 patrem,

2025 1245 2104 1299 vel
2130 1254 2377 1309 matrem,
2406 1243 2695 1314 centuplum
2719 1244 2921 1314 recipiet
2941 1245 2994 1297 in
3023 1245 3116 1297 hoc
3145 1247 3328 1300 swculo
3347 1287 3364 1314 ,
3394 1256 3439 1300 et
3463 1249 3616 1302 vitam

2025 1347 2264 1391 aeternam
2291 1336 2562 1405 possidebit
2593 1333 2752 1404 (Ibid.
2785 1351 2834 1389 υ.
2857 1335 2945 1390 28.
2973 1335 3087 1405 ‘29).
3121 1337 3230 1392 Nos
3255 1339 3430 1408 itaque
3456 1355 3485 1393 a
3511 1356 3618 1394 sa:-

2025 1427 2294 1482 cularibus
2323 1425 2570 1480 omnibus
2597 1425 2944 1492 abducentes,
2967 1426 3182 1482 Christo
3209 1445 3306 1484 nos
3331 1445 3618 1484 consecre-

2027 1535 2181 1585 mus,
2211 1528 2268 1572 ut
2292 1527 2346 1572 et
2374 1517 2631 1587 apostolis
2660 1533 2816 1586 pares
2841 1519 3010 1572 simus
3035 1519 3326 1573 secundum
3353 1521 3466 1590 ejus
3491 1537 3617 1575 seu-

2029 1610 2265 1670 tentiam,
2294 1617 2349 1662 et
2369 1617 2569 1662 aeterna
2592 1608 2696 1661 vita
2724 1607 2959 1661 fruamur
2984 1627 2996 1661 :
3027 1624 3184 1679 quam
3209 1611 3407 1664 utinam
3429 1625 3618 1666 omnes

2025 1715 2436 1768 consequamur,
2459 1700 2625 1768 gratia
2647 1707 2701 1752 et
2723 1698 3045 1769 benignitate
3070 1701 3274 1754 Domini
3302 1703 3468 1756 nostri
3492 1701 3621 1758 Iesu

2026 1792 2242 1855 Christi,
2275 1791 2358 1845 eui
2390 1790 2560 1857 gloria
2589 1800 2641 1844 et
2667 1789 2951 1858 imperium
2979 1790 3032 1844 in
3057 1792 3250 1845 saecula
3279 1793 3618 1848 smeulorum.

2025 1885 2216 1936 Amen.

1448 2181 1800 2260 HOMILIA
1837 2184 2091 2251 XLVII.
2137 2183 2224 2244 al.
2272 2181 2557 2246 XLVIII.

331 2352 452 2408 CAP.
486 2354 576 2409 15.
605 2368 658 2409 v.
688 2353 776 2409 54.
818 2352 945 2408 Hac
973 2353 1144 2406 omnia
1179 2351 1415 2421 loquutus
1455 2356 1528 2402 est
1555 2345 1706 2401 Iesus
1740 2343 1794 2396 in
1825 2355 1915 2410 pa-

396 2445 588 2500 rabolis
621 2446 689 2498 ad
728 2446 931 2510 turbas,
971 2456 1018 2500 et
1059 2446 1168 2500 sine
1208 2443 1451 2516 parabola
1485 2457 1591 2495 non
1629 2436 1924 2506 loquebatur

398 2541 469 2594 eis
499 2556 519 2593 :
542 2539 632 2594 35.
661 2547 717 2592 ut
754 2540 1048 2609 impleretur
1086 2539 1221 2609 quod
1259 2537 1448 2591 dictum
1476 2544 1548 2590 est
1579 2550 1668 2602 per
1697 2530 1921 2603 prophe-

399 2643 506 2685 tam
533 2632 776 2686 dicentem
799 2649 817 2686 :
845 2631 1084 2701 Aper-iam
1111 2632 1163 2685 in
1195 2631 1449 2702 parabolis
1474 2645 1531 2684 os
1558 2643 1723 2681 meum
1748 2667 1763 2691 ,
1803 2641 1924 2678 eru-

395 2724 544 2777 ctabo
573 2722 865 2777 abscondita
887 2741 917 2775 a
936 2724 1290 2778 constitutione
1317 2721 1494 2775 mundi
1521 2718 1693 2792 (Psal.
1728 2718 1817 2772 77.
1841 2713 1920 2786 2).

398 2815 450 2868 1.
496 2813 706 2869 Marcus
736 2830 863 2869 vero
888 2815 1015 2870 dicit
1055 2815 1228 2885 ipsum
1265 2815 1540 2884 loquutum
1571 2811 1734 2866 fuisse
1767 2812 1845 2865 eis
1871 2811 1922 2863 in

331 2907 618 2978 parabolis,
650 2907 809 2963 Prout
834 2917 1065 2978 poterant
1087 2909 1263 2962 audire
1290 2907 1480 2980 (Marc.
1499 2907 1555 2961 4.
1578 2906 1692 2976 55).
1723 2902 1925 2958 Deinde

331 2998 622 3054 ostendens
655 3015 714 3054 se
755 2999 886 3054 nihil
928 3000 1050 3054 novi
1091 2999 1342 3054 inducere
1367 3041 1382 3065 ,
1415 2997 1570 3053 aﬂ‘ert
1607 2995 1922 3066 prophetam

334 3089 472 3145 hunc
512 3091 771 3146 doctrinae
809 3091 1026 3146 modum
1057 3091 1536 3161 pramuutiantem;
1568 3097 1730 3158 utque
1757 3087 1924 3155 signi-

334 3181 520 3236 ﬁcaret
559 3183 714 3237 uobis
743 3182 1010 3238 Christqu
1035 3223 1050 3248 ,
1089 3198 1193 3236 nou
1225 3190 1282 3236 ut
1307 3182 1361 3235 in
1390 3179 1684 3251 ignorantia
1713 3191 1925 3247 perula.

335 3283 546 3339 nerent,
569 3274 663 3330 sed
695 3286 752 3330 ut
780 3275 845 3330 ad
878 3275 1310 3344 interrogandum
1334 3281 1684 3343 cogerentur,
1712 3270 1790 3324 sic
1821 3269 1924 3323 illis

335 3365 614 3436 loquutum
639 3367 824 3432 fuisse,
851 3369 1125 3439 subjuuxit
1153 3386 1166 3422 :
1202 3367 1268 3422 Et
1287 3369 1395 3422 sine
1424 3366 1667 3439 parabola
1698 3365 1824 3418 nihil
1844 3364 1924 3418 lo-

334 3460 581 3528 quebatur
618 3459 690 3514 eis
732 3460 751 3526 (
776 3459 915 3515 Ibid.
943 3477 994 3516 υ.
1025 3458 1132 3531 54)
1167 3477 1180 3514 :
1209 3460 1306 3514 etsi
1336 3459 1500 3514 multa
1527 3459 1645 3512 sine
1675 3454 1924 3526 parabola

334 3548 561 3618 dixerit;
583 3553 676 3607 sed
700 3561 824 3609 tunc
843 3555 1096 3624 temporis
1118 3554 1268 3609 nihil.
1290 3554 1355 3608 Et
1377 3562 1551 3608 tamen
1573 3565 1733 3606 nemo
1751 3551 1925 3620 ipsum

335 3643 702 3715 interrogavit,
730 3661 1050 3717 quamquam
1075 3648 1363 3717 prephetas
1381 3644 1509 3712 olim
1535 3660 1677 3714 saepe
1698 3644 1928 3698 interro-

335 3745 541 3805 garent,
559 3746 617 3791 ut
643 3737 974 3794 Ezechielem
996 3740 1236 3810 aliosque
1257 3738 1452 3792 multos
1474 3755 1490 3792 :
1515 3737 1568 3792 hi
1589 3751 1719 3792 vero
1743 3749 1922 3802 secus,

335 3825 456 3883 licet
498 3843 560 3884 ea
601 3845 721 3900 quae
756 3830 897 3886 dicta
942 3831 1153 3886 fuerant
1194 3838 1411 3902 possent
1449 3829 1570 3885 illos
1611 3827 1664 3884 in
1703 3828 1924 3883 dubium

336 3919 622 3987 conjicere,
653 3929 707 3975 et
731 3921 796 3976 ad
819 3921 1250 3993 interrogandum
1280 3923 1552 3977 excitare:
1579 3920 1777 3976 etenim
1799 3935 1926 3989 sup-

336 4008 551 4075 plicium
596 4012 885 4066 maximum
913 4013 1181 4083 parabolae
1207 4013 1580 4070 minabantur:
1629 4025 1801 4080 neque
1841 4018 1922 4064 ta-

336 4115 455 4157 men
505 4102 627 4157 inde
667 4105 920 4160 commoti
958 4113 1104 4162 sunt.
1150 4105 1488 4182 Quapropter
1530 4104 1766 4160 dimissis
1797 4104 1920 4171 illis,

335 4192 482 4246 abiit.
505 4194 594 4249 56.
623 4194 769 4249 Tunc
787 4197 952 4263 enim,
975 4198 1070 4264 ait,
1088 4199 1308 4252 dimissis
1339 4198 1514 4263 turbis,
1544 4197 1577 4251 Ι
1583 4214 1694 4252 esus
1718 4199 1850 4252 venit
1871 4199 1924 4251 in

336 4282 540 4338 domum
586 4301 766 4353 suant;
811 4288 1092 4356 nullusque
1117 4289 1413 4345 scribarum
1440 4289 1612 4360 ipsum
1640 4289 1919 4360 sequitur;

339 4374 479 4432 unde
505 4375 761 4445 liquidam
789 4387 871 4434 est
895 4394 1009 4446 eos,
1037 4381 1248 4434 nonnisi
1277 4391 1332 4436 ut
1353 4380 1606 4451 carpendi
1631 4395 1815 4435 ansam
1845 4397 1925 4436 ar-

333 4467 588 4537 riperent,
614 4480 868 4540 sequutos
891 4472 1072 4528 fuisse.
1106 4473 1236 4542 Quia
1257 4490 1384 4530 vero
1409 4490 1471 4529 ea
1497 4491 1615 4544 quae
1643 4475 1785 4530 dicta
1809 4475 1923 4529 fue-

333 4570 488 4626 rant,
521 4578 626 4617 non
671 4564 1034 4635 intelligebant
1059 4606 1074 4630 ,
1113 4567 1325 4635 reliquit
1351 4581 1466 4621 eos.
1499 4565 1567 4620 Et
1606 4575 1924 4621 accesserunt

332 4650 575 4722 discipuli
616 4656 728 4724 eius
767 4655 1132 4728 interrogantes
1171 4658 1234 4711 de
1275 4659 1520 4729 parabola
1545 4660 1918 4713 zizaniorum‘.

331 4745 490 4815 Atqui
529 4747 795 4802 interdum
823 4747 1060 4804 discendi
1102 4751 1279 4820 cupidi
1328 4752 1658 4822 interrogare
1684 4768 1788 4806 non
1821 4768 1921 4807 au-

331 4836 784 4893 dentzundenam
826 4839 930 4893 illis
970 4856 1109 4896 nunc
1157 4841 1385 4896 ﬁducia?
1429 4843 1722 4898 Audierant
1765 4844 1917 4913 illud,

342 4924 491 4981 Vobis
518 4929 692 4982 datum
720 4939 793 4983 est
817 4947 964 4985 nosse
995 4934 1233 5003 mysteria
1259 4934 1401 5005 regni
1429 4935 1670 4988 ctelorum
1705 4935 1918 5007 (Matth.

333 5017 416 5072 15.
440 5017 550 5089 ll),
569 5029 619 5074 et
652 5019 774 5076 hinc
800 5020 1044 5077 fiduciam
1073 5036 1490 5094 ass-sumpserant.
1512 5025 1741 5095 Ideoque
1771 5041 1921 5082 seor-

330 5111 427 5162 sim
461 5110 813 5179 interrogant,
845 5128 952 5167 non
983 5114 1122 5185 quod
1147 5116 1472 5171 multitudini
1503 5116 1792 5183 invideant,
1823 5117 1916 5173 sed

331 5209 386 5252 ut
417 5201 626 5256 Domini
653 5203 824 5272 legem
846 5216 1081 5261 servent.
1112 5205 1209 5262 His
1228 5209 1391 5274 enim,
1417 5210 1605 5280 inquit,
1626 5209 1799 5265 datum
1817 5228 1919 5267 non

331 5304 421 5351 est.
451 5296 561 5350 Cur
584 5307 764 5352 autem
795 5301 955 5355 missa
988 5301 1232 5357 fermenti
1255 5312 1308 5358 et
1330 5303 1528 5374 sinapis
1553 5305 1826 5373 parabola,
1851 5306 1919 5361 de

249 5389 253 5395 ‘
333 5385 428 5441 hac
442 5389 804 5460 interrogant?
821 5392 942 5447 Illas
955 5401 1138 5462 utpote
1149 5395 1403 5450 clariores
1415 5397 1766 5467 reliquerunt;
1783 5398 1920 5454 hanc

333 5495 492 5548 vero,
523 5492 706 5552 utpote
734 5500 853 5555 quae
881 5485 1193 5540 afﬁnitatem
1226 5486 1448 5544 haberet
1475 5503 1598 5543 cum
1642 5487 1917 5558 prmmissa

334 5572 598 5639 parabola,
622 5585 677 5629 et
695 5577 819 5646 quid
841 5578 1068 5647 amplius
1089 5577 1322 5645 ell’erret,
1346 5580 1588 5637 ediscere
1607 5581 1913 5652 cupiebant.

333 5659 509 5732 Neque
535 5665 675 5720 enim
701 5667 840 5722 scire
864 5678 1047 5723 vomnt
1068 5710 1083 5735 ,
1115 5679 1290 5724 utrum
1320 5670 1564 5727 eamdem
1598 5672 1872 5743 repetierit
1897 5689 1914 5728 ε

335 5771 451 5809 nam
473 5758 717 5813 videbant
746 5760 797 5815 in
831 5761 929 5816 hac
955 5777 1199 5834 magnam
1221 5763 1400 5820 elfcrri
1421 5765 1913 5822 comminationem.

367 5893 407 5969 ε]
425 5897 569 5969 ﬁnus
591 5901 685 5969 :ne‘t
705 5904 1011 5969 accesserimt
1035 5895 1264 5967 discipuli
1287 5902 1388 5969 ejus
1404 5894 1646 5964 dicentes,
1674 5918 1698 5950 ι
1721 5899 1820 5954 Dic
1833 5913 1918 5953 no-

334 5947 398 5999 bis
423 5956 700 6015 parabotam
725 5957 1023 6012 zizaniorum
1054 5947 1178 6026 agri.
1200 5947 1228 6005 κὴ

2031 2327 2368 2396 Quapropter
2406 2339 2512 2378 non
2555 2323 2762 2378 incusat
2800 2339 2928 2390 eos,
2964 2325 3057 2380 sed
3089 2325 3389 2394 explanavit
3415 2343 3476 2381 ea
3504 2343 3624 2399 qua:

2031 2417 2172 2472 dicta
2205 2417 2434 2471 fuerant.
2465 2416 2560 2481 Et,
2585 2424 2640 2468 ut
2668 2430 2882 2484 semper
2909 2416 3038 2480 dixi,
3073 2417 3336 2486 parabolae
3362 2435 3465 2474 non
3497 2430 3624 2475 sunt

2029 2511 2093 2564 ad
2122 2510 2330 2564 literam
2366 2507 2690 2577 accipiendae
2719 2526 2732 2560 :
2765 2508 2889 2562 inde
2916 2509 3056 2563 enim
3085 2509 3314 2565 absurda
3343 2513 3505 2566 multa
3534 2529 3623 2568 se-

2030 2609 2352 2671 querentur;
2379 2599 2520 2670 quod
2544 2610 2596 2653 ut
2624 2614 2722 2654 nos
2753 2599 2978 2666 doceat,
3011 2601 3088 2655 sic
3115 2602 3419 2671 parabolam
3449 2603 3624 2671 expli-

2029 2703 2134 2749 cat.
2178 2693 2292 2748 Non
2329 2693 2495 2758 dicit,
2531 2693 2619 2762 qui
2647 2703 2830 2747 essent
2851 2694 2990 2747 servi
3020 2692 3092 2746 illi
3122 2693 3212 2763 qui
3241 2705 3624 2757 accesserunt;

2031 2783 2126 2838 scd
2160 2794 2216 2838 ut
2239 2784 2483 2839 ostendat
2525 2801 2618 2851 se,
2656 2785 2812 2838 seriei
2853 2785 3238 2840 concinnanda:
3265 2801 3443 2853 causa,
3478 2797 3531 2842 et
3559 2787 3625 2843 ad

2032 2877 2483 2947 complementum
2512 2875 2787 2946 imaginis,
2822 2875 2967 2945 ipsos
2997 2875 3268 2930 induxisse
3287 2919 3302 2943 ,
3333 2878 3432 2931 hac
3462 2878 3625 2935 missa

2032 2979 2200 3040 parte,
2225 2987 2342 3041 qua:
2368 2970 2433 3024 ad
2462 2985 2574 3025 rem
2603 2970 2832 3024 maxime
2862 2970 3216 3037 pertinebant,
3235 2972 3305 3026 ob
3331 2989 3486 3042 quam
3511 2972 3626 3029 lucc

2030 3062 2280 3130 parabola
2313 3061 2454 3115 dicta
2491 3060 2682 3125 fuerat,
2712 3061 2962 3129 explicat,
2995 3077 3053 3114 se
3085 3063 3315 3117 universi
3339 3063 3576 3132 judicem
3601 3066 3620 3097 ί

2035 3161 2090 3205 ct
2135 3152 2414 3205 Dominum
2458 3151 2757 3205 declarans.
2805 3152 2894 3204 3'7.
2927 3150 2995 3204 Et
3037 3154 3385 3223 respondens,
3415 3155 3629 3226 inquit,

2031 3240 2159 3294 dixit
2190 3241 2262 3293 eis
2285 3257 2303 3292 :
2324 3239 2421 3306 Qui
2447 3240 2659 3294 seminat
2684 3240 2868 3292 bonum
2893 3258 3079 3306 semen,
3105 3253 3177 3295 est
3201 3242 3370 3297 Filius
3387 3246 3624 3301 hominis.

2031 3331 2118 3386 '58.
2148 3331 2281 3401 Ager
2309 3341 2473 3384 autem
2496 3340 2569 3386 est
2596 3331 2837 3387 mundus.
2861 3328 3059 3383 Bonum
3087 3349 3201 3385 vero
3225 3351 3410 3398 semen,
3437 3336 3490 3389 lii
3508 3347 3629 3391 sunt

2031 3425 2127 3493 filii
2147 3425 2307 3494 regni.
2332 3422 2566 3486 Zizauia,
2595 3423 2692 3492 lilii
2720 3424 2932 3494 maligni
2956 3424 3110 3478 illius.
3133 3424 3219 3480 59.
3244 3424 3490 3482 Inimicus
3513 3447 3630 3485 vero

2030 3515 2116 3583 qui
2145 3531 2204 3568 ea
2248 3516 2491 3577 seminat,
2523 3523 2594 3568 est
2630 3514 2879 3568 diabolus.
2919 3513 3120 3586 Messis,
3155 3527 3227 3569 est
3263 3523 3630 3574 consummatio

2031 3607 2224 3660 saeculi.
2253 3607 2501 3661 Messores
2529 3616 2713 3671 autem,
2745 3608 2912 3678 angeli
2936 3619 3070 3660 sunt.
3096 3609 3186 3663 40.
3212 3609 3358 3664 Sicut
3377 3629 3494 3683 ergo
3524 3612 3630 3666 col-

2031 3695 2258 3768 liguntur
2283 3697 2482 3751 zizania
2505 3739 2519 3764 ,
2553 3706 2599 3751 et
2634 3697 2738 3767 igni
2769 3697 3130 3750 comburuntur
3156 3713 3174 3751 :
3203 3699 3275 3751 ita
3301 3701 3393 3753 erit
3421 3702 3474 3754 in
3498 3719 3626 3756 con-

2031 3789 2365 3841 summatione
2383 3787 2558 3841 διεσαίὶ
2587 3787 2758 3858 hujus.
2781 3788 2870 3842 M.
2897 3787 3062 3842 Mittet
3094 3787 3142 3840 F
3144 3789 3262 3843 ilius
3278 3789 3495 3846 hominis
3528 3812 3629 3848 an-

2030 3881 2168 3950 gelos
2191 3898 2328 3948 suos,
2351 3890 2397 3935 et
2421 3881 2657 3952 colligent
2686 3879 2750 3933 de
2771 3897 2926 3950 regno
2951 3883 3059 3953 ejus
3080 3881 3252 3935 omnia
3284 3884 3549 3952 scandala,
3581 3896 3628 3941 et

2030 3977 2269 4047 facientes
2285 3975 2620 4046 iniquitatem,
2636 3973 2724 4029 42.
2743 3983 2787 4027 et
2810 3975 3002 4027 mittent
3024 3992 3106 4028 eos
3127 3976 3178 4029 in
3199 3978 3452 4032 caminum
3472 3978 3626 4050 ignis.

2031 4067 2113 4121 Ibi
2134 4068 2226 4122 erit
2246 4070 2394 4138 ﬂetus
2413 4077 2459 4122 et
2483 4067 2669 4121 stridor
2684 4067 2927 4121 dentium.
2948 4068 3038 4122 45.
3065 4067 3206 4122 Tunc
3229 4070 3490 4142 fulgebunt
3495 4073 3628 4144 justi

2029 4162 2157 4215 sicut
2178 4162 2256 4216 sol
2284 4162 2335 4216 in
2355 4178 2510 4234 regno
2539 4159 2709 4216 Patris
2733 4179 2926 4216 eorum.
2957 4160 3088 4216 Cum
3108 4163 3250 4217 enim
3277 4165 3366 4234 qui
3396 4167 3626 4221 seminat

2031 4253 2146 4323 ipse
2173 4253 2262 4321 sit,
2287 4262 2340 4310 et
2365 4269 2548 4325 agrum
2589 4268 2744 4308 suum
2776 4253 3023 4316 seminet,
3055 4263 3217 4324 atque
3245 4271 3311 4310 ex
3337 4272 3501 4327 regno
3527 4273 3627 4313 suo

2029 4347 2262 4418 colligat,
2297 4348 2468 4417 palam
2504 4357 2586 4402 est
2625 4346 2765 4402 hunc
2804 4346 3060 4402 mundum
3109 4347 3274 4413 ipsius
3311 4364 3452 4404 esse.
3492 4350 3627 4405 Pcr-

2031 4441 2203 4511 pende
2245 4451 2425 4496 autem
2469 4441 2585 4510 ejus
2626 4441 3036 4496 inenarrabilcm
3086 4442 3526 4510 misericordiam,
3571 4454 3627 4498 et

2031 4550 2257 4604 pronum
2285 4533 2352 4588 ad
2385 4534 2641 4589 beneficia
2673 4533 2972 4602 praestanda
3002 4534 3237 4588 animum
3257 4575 3269 4598 ,
3315 4544 3368 4590 et
3407 4550 3564 4605 quam
3593 4553 3620 4590 a

2029 4626 2290 4696 supplicio
2320 4625 2596 4681 inferendo
2635 4626 2702 4680 sit
2741 4627 2967 4681 alienus.
3012 4625 3143 4680 Cum
3187 4627 3330 4681 enim
3372 4630 3623 4696 seminat,

2031 4734 2125 4788 per
2146 4719 2377 4789 seipsum
2409 4721 2664 4782 seminat;
2697 4719 2952 4789 supplicia
2988 4735 3110 4774 vero
3139 4735 3235 4788 per
3261 4720 3394 4774 alios
3423 4720 3580 4776 infert
3605 4767 3621 4790 ,

2031 4813 2081 4869 id
2108 4823 2188 4869 est
2213 4856 2228 4880 ,
2258 4829 2354 4883 per
2382 4813 2599 4884 angelos
2619 4814 2660 4866 '.
2691 4811 2834 4867 Tunc
2859 4813 2990 4884 justi
3019 4813 3279 4882 fulgebunt
3307 4815 3436 4868 sicut
3462 4816 3542 4869 sol
3570 4817 3622 4870 in

2026 4921 2182 4977 regno
2205 4904 2378 4959 Patris
2399 4921 2590 4958 eorum.
2622 4903 2736 4958 Non
2760 4904 2898 4973 quod
2920 4904 2999 4959 sic
3021 4913 3222 4957 tantum
3247 4896 3504 4974 fulgeant,
3527 4907 3622 4961 sed

2028 4999 2150 5069 quia
2173 4997 2272 5053 hoc
2294 5007 2440 5053 astro
2459 4999 2657 5052 nullum
2684 4995 2967 5065 fulgentius
2989 4996 3252 5063 videmus,
3273 4997 3414 5054 notis
3439 4980 3623 5052 exeni-

2028 5091 2130 5160 plis
2171 5099 2254 5144 est
2296 5104 2444 5144 usus.
2488 5087 2645 5144 Certe
2686 5087 2810 5143 alibi
2851 5103 3062 5158 quoque
3101 5088 3238 5142 dixit
3274 5089 3384 5157 jam
3428 5090 3620 5146 adesse

2027 5198 2279 5250 messem,
2325 5192 2380 5236 ut
2420 5178 2541 5236 cum
2585 5181 2653 5235 de
2694 5179 3046 5236 Samaritanis
3091 5181 3209 5236 ait:
3239 5180 3422 5236 Levate
3448 5185 3622 5238 oculos

2028 5285 2233 5334 uestros.
2254 5285 2298 5329 et
2323 5276 2532 5342 aspicite
2559 5275 2806 5344 regiones,
2823 5274 2941 5344 quia
2967 5275 3096 5329 alba:
3103 5274 3219 5345 jam
3244 5283 3360 5329 sunt
3384 5275 3453 5329 ad
3481 5293 3616 5329 mes-

2025 5385 2132 5422 sem
2161 5365 2354 5438 (Joan.
2379 5367 2430 5421 4.
2463 5364 2602 5436 55);
2636 5374 2688 5420 et
2711 5379 2893 5420 rursus
2917 5407 2933 5432 ,
2978 5364 3159 5419 Messis
3187 5366 3388 5434 quidem
3426 5366 3617 5431 multa,

2026 5460 2250 5531 aperarii
2278 5469 2446 5512 autem
2468 5459 2618 5528 pauci
2646 5457 2795 5531 (Luc.
2823 5459 2908 5513 10.
2938 5455 3016 5530 2).
3049 5457 3332 5525 Quomodo
3358 5471 3486 5526 ergo
3508 5457 3618 5512 illic

2025 5551 2237 5622 quidem
2277 5551 2385 5620 jam
2435 5563 2665 5605 mes-em
2711 5551 2901 5604 adesse
2946 5551 3059 5615 ait,
3102 5549 3189 5603 hic
3218 5563 3347 5603 vero
3385 5547 3617 5603 futuram

2025 5660 2257 5700 messem
2301 5643 2467 5700 dicit?
2504 5643 2805 5700 Secundum
2842 5643 2983 5699 aliud
3014 5657 3207 5712 nempe
3233 5641 3614 5714 signiﬁcatum.

2089 5840 2105 5872 ι
2145 5838 2258 5897 Alii,
2281 5847 2564 5901 creatorem,
2591 5851 2696 5901 pro,
2713 5836 2953 5901 judicent.

2089 5903 2110 5932 ³
2145 5910 2288 5964 pnus,
2308 5899 2547 5964 supplicia
2569 5897 2782 5964 veroper
2805 5899 2924 5951 alios
2943 5899 3124 5964 infert:
3142 5897 3286 5952 mittit
3309 5900 3436 5952 enim
3464 5897 3617 5952 Filius

2027 5961 2231 6016 hominis
2253 5961 2446 6026 angelus
2467 5975 2595 6012 suos.
