4102 6460
401 514 506 572 485

399 631 578 698 Quare
622 630 785 686 etiam
832 643 953 684 cum
996 628 1122 683 alibi
1148 626 1330 698 (Joan.
1353 630 1405 683 4'.
1432 627 1522 697 57)
1548 626 1803 695 dixisset,
1825 626 1990 681 alium

399 738 521 777 esse
549 721 638 793 qui
665 721 913 787 seminat,
943 720 1104 774 alium
1129 719 1219 789 qui
1245 718 1418 786 metit,
1450 718 1537 773 hic
1585 718 1715 773 dicit
1763 733 1823 773 se
1867 733 1991 772 eum

398 814 488 885 qui
532 814 763 867 seminat
802 813 959 867 esse?
1017 812 1151 879 Quia
1190 811 1261 865 ibi
1296 811 1375 865 sic
1413 810 1746 881 loquebatur,
1779 818 1840 865 ut
1882 824 1989 864 non

397 909 520 971 sibi,
544 905 638 961 sed
667 915 725 960 ut
751 905 1025 975 praphetis
1054 905 1325 973 apostolos
1350 913 1705 973 compararet,
1728 904 1842 958 sive
1866 919 1989 957 cum

396 999 633 1064 Judzeos,
677 997 791 1052 sive
836 1012 956 1051 cum
1004 995 1371 1052 Samaritanus
1414 996 1804 1066 alloquebatur.
1854 994 1987 1049 Nam

395 1091 555 1145 etiam
598 1105 690 1159 per
730 1089 1020 1158 prophetas
1058 1088 1173 1154 ipse
1212 1087 1528 1141 seminabat.
1568 1087 1663 1142 Est
1687 1097 1864 1142 autem
1898 1085 1985 1140 ubi

396 1198 623 1238 titessem
650 1191 704 1236 et
731 1196 913 1236 semen
945 1179 1172 1249 idipsum
1200 1179 1363 1246 dicat,
1397 1179 1689 1234 secundum
1719 1178 1985 1233 diversam
2034 1208 2037 1213 ι

394 1276 655 1332 rationem
683 1274 763 1329 sic
786 1273 1082 1343 appellans.

463 1369 519 1423 2.
574 1366 707 1421 Nam
763 1364 978 1435 quando
1038 1365 1397 1432 obsequentes
1447 1360 1985 1431 obtemperantesque

393 1460 668 1516 auditores
710 1457 872 1521 dicit,
907 1470 1137 1509 messem
1169 1463 1355 1519 vocat,
1401 1463 1457 1507 ut
1492 1469 1606 1507 rem
1637 1467 1984 1507 consumma-

392 1562 501 1607 tam
554 1549 793 1605 declaret
822 1566 836 1600 :
867 1545 1079 1615 quando
1123 1553 1301 1599 autem
1332 1544 1557 1599 fructum
1591 1544 1982 1611 praedicationis

391 1645 617 1715 quierit,
648 1657 833 1697 semen
876 1651 930 1696 et
964 1654 1195 1695 messem
1251 1639 1420 1708 ipsam
1461 1638 1980 1692 consummationem

390 1736 642 1806 appellat.
685 1734 751 1788 Et
791 1731 1062 1800 quomodo
1105 1730 1267 1784 etiam
1298 1728 1440 1783 alibi
1473 1727 1620 1794 dicit,
1663 1727 1826 1783 Primi
1852 1727 1982 1797 justi

389 1825 712 1898 rapiuntur?
773 1825 1074 1893 Rapiuntur
1149 1821 1364 1892 quidem
1435 1822 1593 1891 primi
1656 1820 1983 1877 adveniente

389 1918 641 1984 Christo;
689 1916 971 1971 traduntur
1011 1923 1189 1969 autem
1217 1913 1304 1968 isti
1350 1912 1646 1983 supplicio,
1671 1922 1726 1967 et
1753 1920 1879 1966 tunc
1906 1912 1980 1967 illi

392 2011 461 2066 ad
490 2025 717 2081 regnum
746 2009 1000 2063 caelorum
1028 2005 1461 2076 proficiscuntur.
1488 2002 1622 2070 Quia
1639 2001 1780 2057 enim
1805 2002 1980 2071 justas

390 2101 445 2156 in
474 2101 608 2155 caalo
634 2113 756 2154 esse
788 2106 1037 2168 oportet,
1067 2097 1118 2150 in
1150 2104 1345 2150 terram
1369 2102 1546 2148 autem
1580 2093 1694 2163 ipse
1721 2101 1979 2148 venturus

386 2201 473 2247 est
491 2233 505 2254 .
530 2191 598 2246 de
624 2190 872 2245 omnibus
904 2188 1209 2242 hominibus
1232 2185 1566 2256 iudicaturus
1587 2225 1603 2249 ,
1639 2183 1979 2239 sententiam-

387 2299 492 2354 que
518 2283 722 2337 laturus
756 2300 769 2335 :
797 2281 948 2351 quasi
977 2296 1070 2334 rex
1096 2293 1321 2348 surgens
1350 2293 1474 2333 cum
1505 2277 1700 2331 amicis
1725 2278 1858 2342 suis,
1882 2291 1977 2331 eos

386 2374 455 2430 ad
493 2376 699 2430 beatam
731 2373 877 2428 illam
905 2382 1103 2428 sortem
1127 2371 1386 2426 ducturus
1414 2378 1514 2424 est.
1566 2368 1754 2425 Viden‘
1777 2368 1975 2440 duplex

386 2467 503 2521 fore
527 2464 870 2535 supplicium.
899 2472 1009 2517 tum
1042 2462 1185 2533 quod
1211 2463 1617 2527 comburantur,
1643 2470 1754 2514 tum
1780 2460 1923 2531 quod
1944 2476 1975 2516 a

384 2556 552 2629 gloria
576 2557 662 2611 illa
689 2554 976 2611 excidant?
1009 2554 1113 2610 Sed
1142 2570 1238 2608 cur
1265 2552 1504 2619 demum,
1535 2552 1640 2607 illis
1670 2552 1974 2608 recedenti-

384 2648 487 2705 bus
507 2690 523 2716 ,
553 2649 682 2717 ipsis
712 2648 874 2703 etiam
905 2646 1164 2716 apostolis
1206 2645 1258 2699 in
1300 2644 1567 2714 parabolis
1588 2643 1853 2714 loquitur?
1878 2643 1976 2699 Sa-

385 2739 676 2809 pientiores
710 2754 775 2791 ex
813 2751 974 2805 supra
999 2737 1155 2791 dictis
1185 2735 1396 2801 effecti,
1431 2743 1556 2789 tunc
1587 2735 1972 2805 intelligebant.

382 2830 517 2885 llinc
543 2845 663 2884 cum
693 2828 911 2884 dixisset
928 2829 1032 2882 illis
1054 2838 1267 2898 postea:
1289 2825 1620 2881 Intellexistis
1643 2831 1748 2881 haec
1761 2827 1930 2880 omnia
1950 2826 1976 2879 Ρ

382 2925 555 2977 dicunt
584 2923 650 2988 ci,
682 2921 881 2989 Etiam,
910 2921 1129 2976 Domine
1168 2920 1373 2991 (Matth.
1399 2922 1484 2975 15.
1515 2917 1628 2990 5i).
1658 2918 1747 2975 Sic
1785 2929 1840 2974 et
1874 2918 1975 2973 hoc

387 3031 510 3069 cum
537 3015 655 3069 aliis
684 3014 862 3068 effecit
907 3013 1188 3083 parabola,
1223 3022 1280 3066 ut
1320 3011 1739 3082 perspicaciores
1780 3010 1975 3066 deinde

381 3114 581 3161 essent.
614 3105 749 3172 Quid
779 3105 938 3175 igitur
963 3111 1085 3174 post
1115 3102 1228 3157 haec
1259 3101 1423 3157 dicit?
1451 3102 1538 3157 44.
1574 3100 1756 3156 Simile
1792 3113 1865 3156 est
1888 3119 1973 3156 re—

379 3215 537 3269 gnum
564 3197 806 3253 calorum
844 3197 1080 3251 thesauro
1107 3196 1400 3251 abscondito
1428 3199 1482 3249 in
1511 3213 1632 3266 agro
1652 3212 1672 3251 :
1692 3213 1838 3267 quem
1859 3214 1974 3252 cum

377 3291 564 3345 invenit
592 3291 742 3343 homo
771 3289 1056 3355 abscondit,
1084 3297 1130 3342 et
1151 3304 1258 3360 pra:
1283 3288 1471 3360 gaudio
1498 3287 1638 3343 illius
1666 3290 1972 3344 venditum-

376 3398 520 3436 versa
543 3397 658 3453 quia
682 3382 852 3448 habet,
879 3389 926 3434 et
953 3380 1068 3435 emit
1089 3396 1269 3451 agrum
1290 3379 1457 3433 illum.
1476 3380 1566 3436 45.
1594 3378 1788 3434 Iterum
1808 3381 1975 3437 simile

375 3482 449 3527 est
471 3489 681 3544 regnum
710 3471 950 3526 calorum
973 3472 1274 3542 negotiatori
1308 3471 1551 3540 quwrcnti
1581 3472 1735 3525 bonas
1764 3488 1972 3543 marga-

374 3567 519 3618 ritas.
549 3561 640 3617 46.
671 3559 888 3616 Inventa
908 3572 1077 3617 autem
1105 3579 1208 3615 una
1238 3564 1456 3632 pretiosa
1485 3563 1766 3634 margarita
1785 3604 1799 3626 ,
1823 3549 1989 3632 abiit,‘

374 3664 423 3709 et
446 3653 667 3707 vendidit
693 3653 927 3707 universa
946 3669 1060 3725 qua:
1084 3652 1279 3717 habuit,
1307 3662 1356 3707 et
1391 3655 1509 3707 emit
1538 3669 1667 3707 eam.
1702 3654 1971 3723 Quemad-

377 3743 596 3799 modum
630 3744 738 3798 illic
770 3759 994 3814 granum
1043 3744 1297 3799 frumenti
1328 3754 1381 3799 et
1427 3743 1750 3800 fermentum
1785 3764 1972 3817 parum

375 3837 517 3892 inter
553 3851 614 3893 se
663 3835 919 3891 differunt
949 3854 963 3891 :
992 3837 1072 3891 sic
1121 3845 1177 3890 et
1223 3835 1326 3891 hoc
1381 3837 1499 3891 loco
1546 3837 1667 3892 dum
1708 3840 1973 3908 parabolae

377 3930 617 3986 thesauri
641 3941 693 3986 et
725 3932 1048 4000 margarita.
1080 3929 1212 3985 Nam
1243 3944 1338 4000 per
1366 3940 1648 4001 utrumque
1675 3930 1781 3988 hoc
1803 3931 1972 4003 signi-

375 4021 588 4088 ficatur,
613 4031 863 4093 oportere
877 4021 1312 4091 praedicationem
1338 4022 1586 4076 omnibus
1614 4033 1968 4093 anteponere.

377 4115 446 4170 Et
476 4115 583 4169 illa:
619 4112 835 4184 quidem
872 4112 1118 4168 fermenti
1161 4121 1217 4167 et
1243 4113 1444 4182 sinapis
1483 4112 1749 4182 parabolae
1773 4113 1841 4168 ad
1861 4114 1972 4169 vim

375 4205 773 4277 pradicationis
800 4204 1070 4274 pertinent
1090 4245 1104 4269 ,
1138 4204 1413 4274 ipsamque
1440 4214 1610 4259 totum
1635 4206 1822 4260 orbem
1848 4221 1972 4262 esse

371 4305 746 4368 superaturam
776 4296 1013 4351 indicant
1042 4312 1058 4352 ξ
1092 4295 1173 4349 hac
1203 4303 1381 4349 autem
1409 4295 1530 4349 duae
1560 4296 1827 4364 parabolzn
1854 4296 1971 4366 ejus

374 4390 602 4460 pretium
631 4399 686 4444 et
722 4388 1031 4460 dignitatem
1062 4387 1358 4443 declarant.
1414 4387 1736 4443 Extenditur
1774 4391 1972 4461 quippe

372 4483 461 4539 illa
487 4492 546 4537 ut
585 4481 756 4550 sinapi
783 4522 798 4545 ,
828 4489 1046 4550 superat
1076 4488 1135 4533 ut
1176 4479 1519 4545 fermentum,
1549 4479 1779 4549 pretiosa
1807 4491 1890 4534 est
1917 4490 1974 4536 ut

372 4574 681 4646 margarita,
709 4572 989 4627 innumera
1017 4571 1223 4641 praebet
1247 4568 1529 4624 commoda
1597 4579 1655 4625 et
1682 4580 1927 4626 ornatum
1953 4614 1970 4641 ,

373 4675 432 4721 ut
463 4665 770 4720 thesaurus.

418 4757 758 4811 'Renuntiare
788 4753 1020 4809 omnibus
1067 4761 1141 4807 est
1184 4751 1480 4823 negotiatio,
1513 4768 1615 4805 non
1644 4751 1875 4822 jactura.
1901 4782 1974 4793 —

375 4852 561 4922 Neque
592 4850 644 4904 id
673 4850 845 4904 solum
875 4848 963 4902 hic
989 4847 1269 4914 discimus,
1299 4846 1550 4900 omnibus
1571 4859 1630 4900 se
1654 4860 1853 4900 exuere
1878 4861 1973 4915 par

372 4959 523 5006 esse,
550 4957 613 4996 ac
636 4940 998 5011 praedicationi
1032 4940 1238 4994 haerere
1263 4957 1277 5004 ;
1306 4936 1403 4993 sed
1424 4938 1586 4991 etiam
1614 4936 1665 4991 id
1693 4952 1814 4991 cum
1847 4952 1974 5006 gau-

369 5038 462 5093 dio
488 5051 608 5101 esse
640 5033 962 5090 faciendum.
991 5032 1149 5088 Certe
1177 5033 1223 5086 is
1241 5073 1256 5098 ,
1287 5031 1377 5100 qui
1405 5029 1651 5086 omnibus
1681 5030 1970 5097 renuntiat,

367 5131 503 5186 sciat
537 5136 750 5200 oportet
781 5169 796 5192 ,
824 5142 936 5182 rem
966 5124 1110 5180 illam
1131 5139 1252 5180 esse
1279 5123 1691 5191 negotiationem
1714 5164 1729 5188 ,
1760 5137 1864 5177 non
1884 5123 1970 5192 ja-

373 5231 603 5276 cturam.
655 5217 842 5274 Videu‘
885 5215 1153 5287 quomodo
1203 5214 1510 5286 praedicatio
1554 5215 1608 5269 in
1652 5214 1853 5269 mundo
1902 5214 1975 5269 sit

378 5313 589 5368 occulta
610 5353 626 5378 ,
655 5319 710 5366 et
739 5311 792 5366 in
825 5309 1202 5380 praedicatione
1237 5317 1368 5377 quot
1409 5309 1518 5363 sint
1549 5307 1728 5363 bona?
1763 5309 1843 5365 Ac
1868 5309 1993 5363 nisi.

377 5405 555 5460 omnia
580 5401 907 5467 vendideris,
930 5417 1037 5456 non
1059 5400 1194 5455 emis
1221 5400 1365 5453 illam
1414 5417 1429 5454 :
1461 5399 1561 5454 nisi
1589 5400 1816 5456 sollicito
1848 5400 1972 5455 ani-

376 5512 464 5551 mo
486 5494 784 5566 quaesieris,
803 5509 906 5561 non
936 5492 1164 5547 invenis.
1189 5492 1301 5546 Duo
1325 5491 1483 5559 igitur
1498 5494 1798 5547 necessaria
1821 5502 1966 5562 sunt,

367 5588 704 5645 surcularith
754 5603 934 5643 rerum
985 5584 1271 5647 abdicatio,
1319 5594 1372 5639 et
1416 5599 1624 5639 summa
1676 5585 1968 5655 vigilantia.

365 5678 497 5733 Nam
524 5679 600 5732 ait
625 5696 638 5731 :
674 5678 929 5744 Quaerenti
953 5676 1109 5732 bonas
1134 5678 1437 5745 margaritas
1460 5677 1699 5731 :inventa
1719 5693 1823 5730 una
1848 5694 1969 5749 pre-

366 5772 516 5835 tiosa,
542 5770 762 5823 vendidit
788 5772 979 5836 onmia,
1000 5780 1047 5824 et
1065 5770 1183 5825 emit
1212 5785 1344 5823 eam.
1380 5767 1497 5825 Una
1526 5772 1725 5841 quippe
1755 5780 1837 5825 est
1877 5787 1967 5840 ve-

364 5864 518 5927 ritas,
546 5876 646 5917 nec
672 5862 723 5916 in
756 5871 936 5932 partes
963 5860 1153 5915 divisa.
1189 5861 1265 5914 Ac
1299 5859 1439 5915 sicut
1479 5860 1522 5914 is
1556 5861 1647 5930 qui
1704 5860 1967 5929 margari-

369 5965 475 6010 tam
504 5953 662 6011 habet
686 5995 700 6024 ,
731 5955 877 6010 novit
904 5954 1017 6023 ipse
1047 5969 1104 6008 sc
1135 5949 1352 6005 divitem
1389 5966 1511 6008 esse
1535 5967 1550 6020 ;
1576 5966 1717 6024 smpe
1742 5962 1919 6006 autem
1942 5992 1959 6022 ,

1173 508 1231 565 S.
1270 508 1550 565 JOANNIS
1574 506 2047 565 CIIRYSOSTOMI
2089 506 2405 568 ARCHIEP.
2443 514 2978 575 CONSTANTINOP.

3592 525 3694 582 ιω

2100 628 2225 684 licet
2268 630 2414 686 illam
2455 649 2614 690 manu
2648 645 2843 702 teneat,
2869 636 2922 691 id
2951 636 3073 692 aliis
3098 646 3181 692 est
3211 637 3484 709 ignotum;
3513 655 3690 712 neque

2098 721 2241 775 enim
2286 723 2428 778 mole
2455 727 2699 794 corporis
2729 727 2950 798 insignis
2979 737 3062 781 est
3089 744 3103 779 :
3133 727 3212 781 sic
3247 736 3300 783 et
3345 731 3398 782 in
3428 729 3689 797 praedica-

2100 810 2245 865 tione
2265 853 2279 878 ,
2312 813 2403 880 qui
2434 813 2581 868 illam
2628 825 2846 881 tenent,
2878 830 2937 871 se
2967 815 3158 870 divites
3188 831 3308 871 esse
3332 826 3568 884 norunt,
3601 820 3687 873 in-

2095 902 2295 956 creduli
2327 914 2506 958 autem
2536 904 2842 960 thesaurtnn
2875 905 3181 976 liujusmodi
3212 907 3518 977 ignorantes
3542 949 3557 974 ,
3592 925 3689 963 no-

2095 1000 2234 1047 stras
2262 994 2387 1048 item
2430 995 2641 1049 divitias
2672 998 2936 1051 nesciunt.
2993 997 3192 1053 Deinde
3222 1014 3289 1052 ne
3314 998 3678 1067 przedicationi

2095 1093 2296 1139 tantum
2325 1087 2552 1142 fidamus
2571 1131 2585 1153 ,
2616 1105 2749 1143 neve
2777 1099 3023 1159 putemus
3048 1092 3217 1146 solam
3246 1091 3406 1148 fidem
3435 1093 3503 1149 ad
3528 1095 3679 1150 salu-

2093 1184 2200 1230 tem
2256 1178 2409 1231 nobis
2447 1178 2733 1242 sufﬁcere,
2763 1180 2921 1235 aliam
2955 1182 3247 1237 terribilem
3272 1182 3428 1238 effert
3453 1185 3685 1254 parabo-

2090 1268 2215 1322 lam.
2246 1268 2502 1341 Quaenam
2553 1270 2640 1325 illa
2679 1273 2799 1327 est?
2822 1272 2911 1328 47.
2941 1272 3165 1343 Sagenze
3192 1275 3463 1344 parabola.
3502 1276 3686 1332 Simile

2088 1369 2160 1413 est
2190 1375 2398 1430 regnum
2421 1362 2659 1416 citatorum
2686 1379 2886 1434 sugente
2915 1366 3080 1419 missa:
3104 1366 3157 1419 in
3183 1383 3341 1434 mare,
3372 1375 3421 1422 et
3443 1383 3509 1422 ea:
3536 1370 3681 1423 omni

2087 1468 2266 1523 genere
2299 1453 2509 1524 piscium
2533 1456 2857 1526 congreganti
2882 1473 2899 1511 :
2933 1457 3024 1512 l8.
3053 1474 3203 1528 quam
3222 1458 3486 1515 educentes
3518 1461 3589 1515 ad
3616 1462 3683 1515 li-

2090 1557 2171 1595 tus
2192 1544 2366 1609 maris,
2399 1546 2646 1607 sedentes,
2678 1556 2724 1599 et
2750 1546 3038 1617 colligentes
3063 1547 3219 1603 bonos
3242 1548 3295 1603 in
3316 1564 3403 1602 vas
3419 1549 3676 1620 jecerttnt,

2086 1632 2249 1688 malos
2267 1646 2430 1687 autem
2458 1638 2595 1706 foras
2622 1637 2878 1692 miserunt.
2914 1638 2971 1692 In
2992 1653 3099 1708 quo
3117 1637 3295 1695 differt
3319 1639 3435 1695 hanc
3463 1656 3495 1696 a
3524 1656 3682 1710 para—

2086 1722 2208 1777 boia
2229 1724 2592 1780 zizaniorum?
2621 1725 2751 1781 Nam
2777 1736 2830 1782 et
2852 1727 2961 1783 illic
2986 1729 3075 1783 alii
3103 1739 3388 1785 servantur
3412 1773 3427 1798 ,
3450 1730 3542 1787 alii
3557 1744 3674 1798 per-

2084 1820 2251 1881 eunt;
2315 1817 2407 1871 sed
2439 1818 2547 1873 illic
2571 1818 2640 1873 ob
2664 1834 2948 1890 pravorum
2978 1819 3288 1892 dogmatum
3303 1822 3550 1878 haeresim
3582 1841 3596 1877 :
3621 1836 3679 1879 et

2083 1906 2171 1976 qui
2199 1917 2323 1960 ante
2360 1918 2762 1978 memorantur,
2784 1912 2907 1981 quia
2947 1911 3109 1968 dictis
3134 1913 3539 1983 prasdicantium
3569 1930 3679 1971 non

2083 1996 2395 2064 attendunt;
2426 1998 2479 2053 bi
2509 2015 2638 2055 vero
2654 2000 2725 2057 ob
2751 2003 3069 2058 sceleratam
3099 2004 3285 2071 vitam,
3311 2007 3403 2076 qui
3430 2008 3672 2062 omnium

2082 2091 2374 2146 miserrimi
2400 2102 2545 2160 sunt,
2581 2103 2763 2164 utpote
2787 2096 2878 2165 qui
2921 2096 2973 2149 in
3005 2096 3250 2152 notitiam
3281 2099 3525 2154 veritatis
3552 2115 3679 2170 per-

2081 2181 2428 2248 venerint,et
2472 2183 2524 2238 in
2567 2194 2683 2240 rete
2718 2186 3036 2256 piscantium
3075 2187 3389 2252 inciderint,
3414 2205 3477 2245 ac
3508 2206 3680 2261 neque

2080 2272 2159 2325 sic
2187 2272 2411 2329 salutem
2442 2276 2698 2346 consequi
2719 2278 3007 2346 potuerint.
3033 2277 3364 2349 Quamquam
3383 2280 3510 2335 alibi
3531 2280 3675 2337 dicat

2080 2363 2253 2434 ipsum
2283 2375 2552 2436 pastorem
2579 2383 2891 2440 segregasse
2911 2385 3060 2435 oves,
3095 2370 3185 2428 hic
3208 2371 3341 2427 dicit
3366 2374 3588 2444 angelos
3619 2374 3672 2430 id

2080 2454 2256 2512 facere
2278 2497 2295 2523 ,
2318 2465 2377 2512 ut
2401 2466 2455 2512 et
2488 2456 2542 2513 in
2571 2459 2897 2515 zizaniorum
2927 2461 3179 2530 parabola
3208 2460 3420 2534 (Matth.
3443 2463 3532 2518 25.
3556 2463 3672 2536 52).

2077 2546 2216 2616 Quid
2240 2562 2368 2618 ergo
2400 2548 2729 2605 dicendum?
2762 2550 3062 2621 Aliquando
3088 2551 3395 2620 demissius,
3428 2553 3670 2624 aliquan-

2078 2635 2149 2690 do
2177 2637 2457 2694 sublimius
2484 2640 2614 2711 ipsis
2646 2640 2899 2711 loquitur.
2949 2642 3100 2698 Hanc
3125 2657 3289 2712 porro
3322 2658 3423 2699 nec
3449 2656 3667 2716 rogatus

2079 2731 2387 2800 parabolam
2441 2743 2632 2804 sponte
2683 2734 3064 2805 interpretatur
3120 2753 3134 2789 :
3188 2750 3255 2791 ex
3291 2746 3440 2806 parte
3495 2738 3670 2794 solum

2078 2823 2365 2892 explicavit
2393 2824 2560 2890 illam,
2592 2835 2648 2880 et
2671 2826 2916 2882 timorem
2947 2827 3115 2883 auxit.
3135 2827 3212 2883 Ne
3226 2830 3369 2885 enim
3398 2838 3676 2901 postquam

2078 2914 2294 2978 audisti,
2328 2916 2496 2970 malos
2520 2916 2723 2986 ejectos
2750 2916 2915 2974 fuisse
2940 2917 3084 2974 foras
3104 2960 3120 2986 ,
3149 2920 3267 2976 sine
3294 2920 3530 2991 periculo
3557 2938 3672 2980 rem

2080 3022 2201 3063 esse
2242 3017 2477 3078 putares,
2516 3009 2953 3080 interpretatione
2991 3026 3088 3065 sua
3134 3012 3454 3083 supplicium
3484 3014 3678 3070 extulit

2078 3100 2281 3165 dicens,
2318 3100 2519 3155 Mittent
2555 3118 2638 3156 eos
2660 3103 2714 3156 in
2744 3103 2998 3157 caminum
3024 3104 3192 3175 ignis;
3222 3106 3508 3161 stridorem
3536 3107 3674 3163 den-

2080 3195 2209 3248 tium
2243 3209 2546 3248 inemorans
2577 3194 3005 3267 ineﬂ'abilemque
3033 3196 3298 3253 dolorem.
3325 3198 3514 3255 Viden‘
3541 3209 3672 3270 quot

2078 3285 2144 3339 ad
2173 3286 2460 3353 perniciem
2487 3286 2625 3340 vise?
2659 3286 2759 3341 Per
2781 3297 3007 3357 petram,
3041 3303 3134 3358 per
3164 3289 3367 3359 spinas,
3397 3306 3492 3361 per
3512 3291 3672 3360 viam,

2080 3391 2176 3444 per
2199 3376 2425 3438 zizania.
2455 3391 2553 3446 per
2578 3392 2850 3447 sagenatn.
2889 3378 3006 3434 Non
3034 3395 3163 3450 ergo
3190 3381 3460 3439 immerito
3491 3383 3625 3439 dixit
3657 3402 3671 3439 :

2076 3469 2208 3524 Lata
2228 3479 2300 3524 est
2326 3472 2405 3524 via
2428 3488 2541 3542 qua:
2560 3472 2699 3526 ducit
2727 3474 2795 3527 ad
2815 3474 3147 3543 perditionem
3167 3516 3184 3539 ,
3207 3485 3255 3530 et
3274 3477 3419 3532 multi
3445 3488 3562 3532 sunt
3586 3478 3674 3547 qui

2076 3562 2430 3632 ingrediuntur
2470 3580 2559 3634 per
2596 3579 2709 3617 eam
2751 3563 2963 3634 (Matth.
3015 3566 3068 3619 7.
3101 3566 3213 3637 15).
3248 3566 3372 3622 Ηωο
3395 3583 3525 3639 ergo
3552 3582 3672 3623 cum

2077 3657 2319 3724 dixisset,
2367 3673 2429 3712 ac
2476 3658 2699 3712 terribili
2746 3657 2905 3712 modo
2960 3659 3122 3714 ﬁnem
3169 3658 3381 3715 dicendi
3434 3659 3671 3727 fecisset,

2079 3751 2301 3821 incoque
2332 3751 2480 3819 plura
2508 3751 2795 3819 adjecisset
2825 3750 3046 3822 (diutius
3071 3752 3214 3807 enim
3250 3752 3303 3806 in
3349 3752 3453 3806 illis
3493 3767 3673 3807 mora-

2081 3853 2163 3896 tus
2182 3842 2313 3911 est).
2335 3843 2409 3896 ait
2437 3858 2449 3894 :
2484 3843 2573 3898 5i.
2607 3840 2939 3896 Intellexistis
2970 3843 3077 3896 haec
3120 3843 3292 3896 omnia
3312 3843 3338 3896 .’
3366 3842 3550 3898 Dicunt
3581 3845 3627 3898 ei
3653 3861 3672 3898 :

2079 3934 2280 3999 Etiam,
2312 3932 2549 3988 Domine.
2584 3934 2714 3988 Post
2746 3933 2879 3997 iure,
2919 3933 3041 4000 quia
3080 3934 3499 4001 intellexerunt,
3530 3935 3674 4003 ipsos

2078 4028 2262 4083 laudat
2290 4027 2374 4082 liis
2398 4028 2598 4082 verbis.
2631 4028 2721 4082 52.
2751 4026 2877 4082 Ideo
2906 4028 3070 4082 omnis
3093 4028 3257 4081 scriba
3297 4030 3475 4083 doctus
3500 4030 3552 4083 in
3583 4046 3672 4083 re-

2078 4136 2176 4189 gno
2196 4119 2455 4184 caelorum,
2484 4117 2666 4171 similis
2691 4127 2764 4190 est
2791 4117 2982 4171 homini
3003 4117 3145 4184 patri
3165 4119 3410 4189 familias,
3437 4119 3523 4190 qui
3548 4135 3674 4188 pro-

2078 4213 2175 4280 fert
2200 4210 2262 4262 de
2285 4209 2520 4263 thesauro
2545 4224 2637 4262 suo
2668 4225 2798 4261 nova
2841 4217 2887 4262 et
2924 4218 3112 4262 vetera.
3160 4208 3285 4264 Ideo
3307 4209 3432 4264 alibi
3459 4224 3676 4278 quoque

2077 4300 2155 4355 ait
2185 4317 2200 4353 :
2226 4299 2431 4353 Mittam
2454 4299 2524 4352 ad
2570 4315 2657 4354 vos
2682 4300 2933 4369 sapientes
2958 4307 3004 4352 et
3024 4296 3673 4368 scribas(Matth.23.3l).

2151 4393 2202 4447 '5.
2233 4391 2621 4461 Scripturarum
2664 4390 2808 4444 lectio
2837 4391 3238 4445 commendatur.
3277 4390 3555 4444 Humilitas
3580 4407 3674 4444 ca-

2079 4492 2169 4556 put
2208 4485 2425 4539 virtutis.
2452 4514 2525 4524 --
2549 4482 2714 4539 Vides
2751 4482 3024 4553 quomodo
3063 4498 3168 4537 non
3221 4483 3471 4538 excludat
3512 4483 3676 4537 Vetus

2079 4575 2503 4641 Testamentum,
2531 4574 2622 4630 sed
2664 4575 2840 4645 potius
2882 4573 3065 4630 laudet
3091 4585 3148 4629 et
3168 4574 3424 4640 celebret,
3458 4574 3678 4629 thesau-

2078 4682 2202 4723 rum
2231 4667 2468 4722 vocans?
2510 4666 2689 4737 Itaque
2726 4675 2989 4736 quotquot
3031 4665 3329 4720 divinarum
3365 4665 3675 4735 Scriptura-

2079 4773 2199 4813 rum
2247 4757 2478 4827 imperiti
2505 4765 2648 4821 sunt,
2677 4771 2784 4810 non
2826 4766 3008 4824 patres
3055 4755 3286 4809 familias
3330 4754 3548 4821 fuerint,
3582 4756 3675 4826 qui

2078 4863 2255 4919 neque
2278 4847 2478 4901 habent
2504 4848 2623 4917 ipsi,
2657 4861 2757 4901 nec
2780 4845 2848 4901 ab
2868 4846 2987 4900 aliis
3015 4846 3304 4914 accipiunt,
3324 4845 3421 4901 sed
3446 4860 3506 4900 se
3534 4846 3678 4902 fame

2079 4949 2367 5011 pereuntes
2402 4939 2692 5009 negligunt.
2721 4937 2830 4993 Nec
2855 4936 3015 4992 modo
3046 4937 3167 5007 ipsi,
3191 4936 3287 4991 sed
3317 4938 3476 4991 etiam
3507 4936 3679 4991 luere—

2080 5034 2170 5089 tici
2191 5042 2439 5103 expertes
2468 5039 2595 5085 sunt
2621 5030 2777 5099 hujus
2806 5029 3167 5084 beatitudinis.
3213 5027 3328 5083 Non
3356 5029 3498 5083 enim
3549 5043 3675 5098 pro-

2079 5126 2259 5183 ferunt
2286 5140 2427 5181 nova
2453 5133 2509 5179 et
2535 5121 2885 5179 vetera.N.tm
2916 5137 3039 5177 cum
3061 5131 3242 5177 vetera
3273 5138 3380 5177 non
3413 5122 3669 5189 habeant,

2078 5234 2179 5273 nec
2201 5232 2339 5273 nova
2363 5215 2561 5271 habere
2584 5222 2841 5285 possunt:
2861 5212 3311 5284 quemadmodum
3345 5213 3508 5269 etiam
3527 5213 3561 5269 ii
3582 5213 3677 5283 qui

2079 5325 2216 5366 nova
2245 5324 2350 5363 non
2379 5307 2598 5373 habent,
2618 5305 2889 5360 veteribus
2913 5320 3125 5375 quoque
3144 5314 3351 5372 carent,
3370 5303 3470 5360 sed
3512 5304 3677 5361 utris-

2077 5420 2181 5474 que
2223 5403 2500 5475 privautur
2533 5419 2547 5455 :
2593 5399 2708 5455 hilPC
2734 5400 2881 5455 enim
2913 5406 3096 5454 mutuo
3137 5399 3452 5468 colligantur
3475 5408 3530 5453 et
3549 5412 3682 5452 con-

2079 5506 2391 5553 nectuntur.
2440 5494 2734 5550 Audiamus
2780 5494 2957 5562 itaque
2983 5501 3244 5564 quotquot
3272 5492 3674 5563 Scripturarum

2078 5589 2363 5646 lectionem
2408 5586 2747 5655 negligimus,
2795 5596 3051 5654 quantum
3094 5584 3360 5652 patiamur
3392 5582 3673 5649 damnum,

2075 5687 2330 5752 quantam
2360 5686 2749 5748 paupertatem.
2778 5675 3126 5743 Quandonam
3156 5674 3316 5729 vitam
3347 5689 3471 5729 cum
3496 5673 3679 5743 operi-

2078 5771 2176 5824 bus
2196 5769 2502 5837 jungemns,
2533 5767 2623 5838 qui
2663 5781 2731 5821 ne
2779 5767 2925 5836 leges
2966 5764 3182 5836 quidem
3226 5766 3508 5830 novimus,
3537 5779 3672 5834 quas

2075 5859 2458 5914 observemus?
2480 5858 2585 5913 Sed
2611 5856 2826 5925 divites,
2853 5856 2943 5927 qui
2965 5856 3271 5912 divitiarum
3288 5856 3580 5927 cupiditate
3596 5854 3672 5909 in-

2077 5951 2327 6015 saniunt,
2379 5965 2520 6021 saepe
2563 5960 2742 6007 vestes
2771 5964 2895 6006 suas
2938 5964 3006 6006 ne
3045 5965 3073 6005 a
3106 5950 3265 6007 tineis
3312 5947 3669 6005 corrodantur
