2051 3210
177 166 227 196 ηε

177 231 316 260 excutiunt
332 240 339 258 :
354 234 382 259 tu
394 237 459 258 vero
468 229 530 257 dtrm
538 229 638 258 oblivio
648 230 718 258 tinea
733 231 908 266 perniciosior
918 231 978 257 ani-

176 285 249 304 mam
272 281 344 304 tuam
361 276 521 309 labefactat,
537 284 590 303 non
609 276 691 304 libros
706 276 782 311 legis,
797 285 849 303 non
873 281 974 311 pcstcur

178 324 251 350 illam
266 322 378 359 depellis
392 344 399 356 ,
412 323 528 351 animam
544 331 598 350 non
611 330 737 354 exornas,
754 330 806 350 nou
820 322 917 357 aspicis
932 330 974 350 as-

175 370 253 398 sidue
274 370 380 397 virtutis
400 371 554 406 imaginem,
578 377 629 397 nec
649 371 769 398 membra
786 370 845 405 ejus
858 374 976 405 ett-aput

175 417 348 447 consideras!
359 417 426 445 Nam
440 421 468 445 et
479 421 559 452 caput
571 416 652 445 habet
665 421 693 444 et
705 416 837 449 membra,
851 418 974 451 specioso

173 472 289 500 corpore
310 463 479 492 tormosiora.
502 463 579 497 Quod
596 471 660 498 ergo
679 467 761 498 caput
783 467 835 495 est,
854 462 970 497 inquies,

174 510 303 538 virtutis?
326 510 476 538 Humilitas.
491 509 671 543 Quamobrem
686 509 719 536 ab
733 509 781 535 hac
793 509 884 542 incipit
897 508 974 535 Chri-

174 562 233 585 stus
255 557 345 585 dicens
361 566 368 583 ε
385 556 455 583 Beati
477 564 597 591 pauperes
611 555 620 591 (
633 554 725 582 Matth.
742 555 766 581 5.
782 554 828 588 5).
852 554 907 580 Hoc
929 562 972 580 ca-

175 609 223 639 put
247 612 302 631 non
322 610 415 631 comas
436 602 526 634 habet,
552 609 605 628 non
628 601 777 632 cincinnos,
801 600 847 626 sed
872 604 970 626 tantam

172 650 409 686 pulchritudinem,
425 653 454 675 ut
469 649 552 675 Deum
575 648 661 682 ipsum
682 647 797 673 attrahat
812 656 818 673 :
831 654 891 672 nam
913 646 948 672 ait
963 654 969 671 :

177 696 260 731 Super
272 704 345 730 quem
366 695 509 729 respiciam,
532 694 580 720 nisi
591 702 666 727 super
681 697 838 719 mansuetum
854 698 875 718 ct
890 693 971 718 Immi—

173 746 233 777 lem,
253 750 276 772 et
300 748 443 772 tranantem
465 742 540 769 verba
555 750 610 768 mea
623 741 699 776 (Isai.
712 740 756 767 66.
772 740 819 773 2)?
835 744 878 771 et,
896 739 969 765 Oculi

172 792 266 820 meiat!
279 795 421 818 mansuetos
439 794 511 817 teme
527 788 610 823 (Psal.
628 788 671 814 75.
687 786 729 813 10.
751 791 773 813 et
794 786 854 813 100.
871 786 907 821 ti).
926 786 968 818 Et,

173 837 261 874 Prope
281 842 318 865 est
330 837 455 864 Dominus
476 834 589 862 contritis
602 833 770 868 corde(Psut.
782 833 825 859 35.
843 832 896 867 19).
915 833 969 858 lloc

173 889 255 919 caput
268 891 316 918 pro
329 882 472 917 capillis,et
483 887 569 911 coma,
583 878 711 905 sacriﬁcia
725 878 802 904 offert
817 878 870 904 Deo
883 883 965 911 grata.

174 931 227 958 Ara
243 934 284 957 est
297 936 387 960 aurea,
400 932 427 955 et
438 928 521 953 altare
546 925 681 960 spiritualc
701 934 705 950 :
722 932 780 950 nam
806 923 968 957 Sacriﬁcium

173 976 228 1004 Deo
240 975 342 1011 spiritus
361 973 542 1000 contribulatns
556 970 640 1006 (Psat.
657 971 702 997 50.
719 969 773 1004 19).
788 969 849 995 limc
871 973 912 995 est
926 976 967 995 sa-

173 1022 281 1058 pientia:
300 1025 395 1048 mater.
411 1020 439 1046 Si
452 1020 511 1053 quis
526 1017 596 1044 illam
613 1016 716 1047 habeat,
732 1016 833 1048 reliqua
850 1015 965 1042 habebit.

174 1069 297 1097 Vidistin‘
308 1073 396 1103 caput,
412 1066 489 1101 quale
502 1071 630 1098 nusquam
643 1062 765 1089 videras?
781 1061 860 1088 Visne
873 1061 965 1088 faciem

172 1116 274 1149 videre,
290 1116 342 1142 imo
356 1112 492 1141 ediscere?
515 1111 573 1137 .Iam
598 1110 670 1136 disce
688 1109 805 1135 colorem
820 1108 877 1141 ejus
892 1108 966 1134 rubi-

170 1162 299 1194 cundum,
323 1160 458 1191 ﬂoridum,
482 1163 509 1185 et
527 1157 605 1183 valde
626 1156 769 1190 gratiosum
787 1164 792 1181 :
811 1155 883 1181 disce
908 1154 967 1188 qui-

171 1210 283 1237 busnam
303 1211 417 1234 constet.
434 1205 536 1238 Quibus
548 1211 612 1238 ergo
624 1203 747 1229 constat?
764 1202 868 1228 Pudore
886 1206 964 1235 atque

171 1256 279 1282 rubore.
300 1253 466 1286 Quapropter
487 1251 524 1276 ait
543 1249 673 1283 quispiam
691 1258 696 1274 :
713 1249 775 1274 Ante
798 1249 963 1274 verecundum

170 1300 294 1334 praecedet
318 1299 401 1334 gratia
419 1297 510 1333 (Eccti.
524 1296 568 1322 52.
581 1295 619 1329 9).
636 1295 691 1321 lluc
709 1299 735 1320 ct
759 1295 816 1320 aliis
839 1294 965 1321 membris

169 1353 294 1380 magnam
317 1342 430 1371 infundit
443 1341 674 1376 pulchritudinem.
695 1340 804 1365 Etiamsi
827 1339 899 1366 mille
915 1340 964 1365 rui-

168 1398 247 1419 sceas
261 1390 363 1416 colores
376 1409 383 1421 ,
401 1396 451 1415 non
466 1392 564 1414 tantam
579 1386 695 1420 speciem
711 1386 821 1412 efﬁcies.
837 1386 864 1412 Si
875 1391 962 1412 autent

169 1443 197 1465 et
214 1437 305 1463 oculos
328 1436 418 1462 videre
437 1434 545 1468 cupias,
569 1433 659 1466 aspice
681 1433 739 1458 illos
760 1431 916 1458 modestiam
930 1436 963 1462 ,οι

168 1482 362 1510 continentiam
375 1484 498 1507 accurate
512 1479 677 1505 exhibentes.
703 1478 763 1504 ldeo
778 1478 826 1511 ipsi
840 1482 866 1504 et
880 1477 962 1505 forma

167 1534 198 1556 et
207 1528 328 1554 acumine
352 1526 462 1561 pollent,
479 1525 513 1551 ita
530 1528 558 1551 ut
580 1524 665 1558 ipsum
683 1523 823 1549 Dominum
845 1523 961 1550 videant.

168 1574 246 1602 Nam.
263 1572 344 1603 Beati,
358 1572 452 1606 inquit,
468 1570 560 1596 mundo
573 1569 660 1601 corda,
677 1569 794 1602 quoniam
811 1569 860 1603 ipsi
881 1569 963 1595 Deum

169 1619 287 1646 ridebunt
301 1618 410 1653 (Matth.
422 1617 447 1644 5.
461 1616 502 1651 8).
516 1615 552 1642 Os
575 1620 663 1642 autem
686 1615 743 1649 ejus
757 1636 763 1648 ,
785 1615 913 1649 sapientia
937 1621 963 1642 et

169 1663 330 1696 intellectus,
338 1663 566 1698 spiritualiumque
575 1662 735 1697 hymnorum
746 1661 901 1688 modulatio.
912 1661 963 1688 Cor

168 1716 270 1742 autent,
283 1710 478 1744 Scripturarum
494 1708 604 1743 peritia,
618 1714 795 1741 verorurnqnc
809 1706 962 1741 dogmatnm

168 1756 347 1787 conservatio,
370 1754 534 1788 benignitas,
558 1753 708 1780 clementia.
730 1753 768 1778 Ac
790 1752 962 1787 quemadmo-

169 1802 232 1829 dum
254 1802 312 1828 sine
333 1800 379 1827 illo
400 1800 489 1827 vivere
511 1799 661 1833 nequimus,
677 1799 716 1825 sic
732 1806 818 1832 neque
840 1798 898 1824 sine
918 1798 963 1824 illo

169 1848 282 1874 salutem
295 1845 423 1880 consequi
438 1852 589 1880 possumus.
610 1843 676 1871 Nam
691 1843 753 1869 hinc
764 1843 853 1870 omnia
868 1843 961 1870 oriun-

171 1899 214 1920 tur
228 1892 306 1920 bona.
324 1892 410 1919 liabet
422 1892 486 1918 item
500 1890 582 1925 pedes
595 1895 622 1917 et
633 1897 737 1921 manus,
755 1889 884 1916 bonorum
900 1896 963 1922 ope-

170 1947 229 1966 rum
243 1937 364 1972 exempla
376 1945 384 1970 ;
399 1937 485 1963 anima
497 1936 554 1970 ejus
568 1940 608 1962 est
626 1936 726 1969 pietas;
743 1939 837 1969 pectus
850 1935 907 1967 ejus
921 1941 964 1960 au-

170 1992 255 2016 reum,
271 1985 410 2011 adamante
423 1983 535 2015 ﬁrmius,
549 1987 590 2010 est
601 1982 743 2014 fortitudo;
758 1983 846 2009 omnia
861 1981 963 2008 facilius

169 2037 320 2065 expugncs,
333 2036 411 2064 quam
435 2032 525 2063 pectus
537 2027 605 2055 istud
618 2027 763 2062 dirumpas.
780 2027 904 2061 Spiritus,
919 2026 962 2060 qui

170 2082 197 2103 et
210 2077 236 2103 in
249 2075 372 2108 cerebro,
383 2075 445 2102 etin
458 2074 538 2101 corde
552 2074 665 2106 exsistit,
678 2078 719 2100 est
731 2074 838 2100 caritas.

203 2122 232 2150 4.
257 2121 371 2149 Matthwi
391 2121 549 2156 evangelium
568 2122 680 2147 virtutes.
701 2120 777 2146 Avari
797 2126 821 2147 et
844 2120 962 2155 pauperis

169 2169 304 2195 voluntarii
317 2167 546 2203 descriptio.——Vis
558 2167 626 2194 hanc
640 2167 783 2201 imaginem
799 2167 845 2193 tibi
863 2167 886 2193 in
898 2174 962 2200 ope-

170 2214 243 2242 ribus
255 2214 414 2242 ostendam?
435 2214 528 2248 Cogita
550 2214 615 2240 mihi
631 2213 701 2240 hunc
721 2214 806 2248 ipsum
828 2214 962 2248 evangeli-

167 2265 247 2293 stam,
260 2261 364 2288 etiamsi
376 2268 429 2288 non
441 2265 522 2287 totam
531 2260 589 2295 ejus
599 2260 680 2287 vitam
691 2260 851 2295 descriptam
864 2260 961 2287 habea—

168 2314 245 2338 mus;
260 2310 377 2334 attamen
391 2315 423 2334 ex
436 2308 528 2342 paucis
543 2315 602 2342 quae
617 2311 728 2340 restant,
743 2307 804 2334 licet
819 2307 960 2341 imaginem

167 2354 226 2388 ejus
238 2353 422 2388 splendentem
444 2354 544 2382 videre.
568 2354 644 2387 Quod
668 2353 775 2380 humilis
789 2358 815 2380 et
830 2354 962 2381 contritus

167 2405 258 2434 esset,
282 2401 344 2428 audi
360 2400 446 2436 ipsum
460 2400 637 2435 quvangelio
651 2408 709 2427 sese
728 2400 896 2434 publicanum
912 2408 960 2427 vo-

166 2452 288 2480 mntem;
312 2447 384 2482 quod
399 2452 486 2474 autem
510 2447 662 2474 misericors
685 2452 775 2479 esset,
801 2447 862 2474 vide
887 2448 959 2473 illum

165 2493 290 2521 omnibus
303 2499 417 2522 exutum
428 2493 520 2522 Jesum
536 2498 701 2528 sequentem.
715 2494 790 2526 Quod
807 2495 863 2528 pius
878 2499 959 2526 esset,

167 2539 253 2573 palam
268 2545 310 2567 est
324 2548 359 2568 ex
372 2540 551 2575 dogmatibus.
567 2540 769 2574 lnlelligcntianr
784 2544 810 2566 et
822 2539 958 2567 caritatem

164 2586 223 2620 ejus
239 2594 274 2614 ex
294 2594 328 2614 eo
346 2585 417 2621 quod
440 2586 601 2621 conscripsit
627 2585 771 2620 Evangelia
793 2585 883 2612 videre
895 2591 936 2612 est
952 2594 958 2611 :

165 2632 282 2661 universi
297 2633 369 2661 enim
390 2633 463 2660 orbis
481 2640 572 2660 curam
584 2633 686 2666 gessit;
704 2632 833 2658 bonorum
848 2638 959 2665 operum

164 2684 352 2713 argumentum
369 2678 452 2705 habes
465 2686 499 2705 ex
520 2678 626 2709 tln'ono,
650 2678 676 2704 in
691 2685 743 2711 quo
757 2684 878 2704 sessurus
898 2681 938 2703 est
951 2684 957 2707 ;

166 2724 349 2751 fortitudinem
363 2743 370 2754 ,
386 2723 457 2758 quod
470 2723 589 2758 gaudens
604 2731 727 2750 reversus
741 2723 774 2749 sit
787 2730 801 2748 a
814 2722 880 2749 facie
895 2729 960 2748 con-

163 2769 228 2797 cilii.
245 2770 342 2797 Virtuti
356 2770 437 2805 igitur
451 2770 594 2797 admodum
608 2770 774 2802 Studeamus,
790 2770 957 2803 maximeque

333 2935 471 2964 PATIHIL.
497 2935 554 2963 tiu.
580 2934 682 2963 |.\'lll.

618 169 651 196 IN
672 169 873 198 M.\T'l‘ll.-EU1l
896 169 1011 197 llOlilL.
1033 171 1136 201 XLV".
1156 175 1192 203 al.
1214 176 1329 206 XLVI".

1781 186 1830 218 £86

1032 231 1152 260 omnium
1176 233 1352 265 humilitatem
1379 243 1405 266 et
1433 240 1645 271 misericordiam
1673 251 1826 281 sectentur.

1030 275 1089 328 sine
1101 279 1197 313 quibus
1210 281 1322 310 salutem
1334 286 1461 320 consequi
1477 295 1529 315 non
1543 296 1685 323 posuimus
1695 313 1703 323 ,
1720 298 1749 320 ιιι
1764 275 1828 328 pro:

1030 321 1107 350 batur
1121 331 1154 352 ex
1175 327 1295 363 quinque
1319 329 1467 365 virginibus
1477 353 1484 366 ,
1501 339 1528 361 et
1543 321 1583 363 ex
1598 321 1743 367 Plrarisaso.

1029 368 1087 397 sine
1108 371 1260 407 virginitate
1280 383 1390 411 regnum
1411 379 1486 408 adire
1506 389 1664 418 possumus,
1689 394 1741 414 non
1763 397 1827 417 vero

1028 415 1087 443 sine
1108 418 1290 449 misericordia
1310 428 1338 451 et
1349 415 1520 463 elecmosyna
1533 438 1539 456 :
1557 430 1600 458 illa
1615 433 1686 460 enim
1701 442 1826 465 necessa—

1029 462 1066 489 ria
1080 470 1191 497 prorsus
1204 472 1244 493 est
1259 488 1266 501 ,
1282 473 1308 495 et
1326 469 1396 498 inter
1412 474 1543 508 prmcipua
1558 484 1620 510 qua:
1635 480 1723 506 omnia
1739 482 1826 509 cunti-

1028 508 1113 536 tinent
1131 518 1267 541 censetur.
1283 514 1340 542 Non
1363 517 1421 545 sine
1443 527 1523 548 causa
1546 530 1610 557 ergo
1627 523 1744 553 diximus
1765 535 1825 555 eam

1026 560 1074 580 cor
1086 562 1147 583 esse
1161 557 1276 586 virtutis.
1291 559 1344 589 Sed
1358 570 1405 589 cor
1419 563 1505 599 ipsum
1516 586 1524 598 ,
1541 567 1591 595 nisi
1607 570 1732 599 omnibus
1745 573 1825 606 spiri-

1028 602 1083 647 tum
1106 601 1307 638 subministret,
1334 608 1388 636 cito
1406 611 1600 647 exstinguitur;
1627 615 1695 642 sicut
1719 622 1744 644 et
1761 601 1825 645 fans

1027 646 1077 697 nisi
1100 647 1198 698 ﬂuenta
1223 660 1305 685 penes
1319 661 1349 682 se
1365 646 1518 690 perenniter
1540 660 1655 695 habeat,
1673 666 1820 698 putrescit:

1026 691 1064 719 sic
1077 697 1105 719 et
1127 694 1240 730 divites,
1256 698 1277 725 si
1292 700 1362 734 apud
1382 709 1411 729 se
1425 710 1491 738 opes
1511 713 1573 733 suas
1591 691 1737 737 detineant.
1760 710 1822 739 Ideo

1025 740 1161 767 communi
1194 750 1243 770 usu
1266 744 1399 779 dicimus,
1423 748 1503 776 Multa
1528 753 1643 786 putredo
1666 754 1821 784 divitiarum

1024 784 1094 817 apud
1120 786 1198 837 talem
1221 788 1335 818 habetur
1352 802 1358 818 :
1376 801 1462 828 neque
1476 784 1588 825 dicimus
1599 820 1606 832 ,
1627 799 1706 827 Multa
1723 804 1798 837 copia
1810 824 1816 833 .

1024 836 1135 864 magnus
1150 832 1302 863 thesaurus.
1318 837 1383 864 Nam
1407 841 1521 874 putredo
1545 848 1588 870 est
1611 853 1663 873 non
1680 832 1819 881 possidens

1024 874 1088 903 lium
1100 878 1190 912 modo,
1205 880 1251 908 sed
1267 882 1381 917 ipsarum
1396 885 1559 915 divitiarum.
1573 889 1737 921 Vestimenta
1749 895 1819 922 enim

1024 922 1159 971 recondita
1182 932 1408 963 corrumpuntur,
1433 940 1528 961 aurum
1549 937 1668 971 azrugine
1693 939 1818 971 roditur,

1023 965 1184 1020 frumentum
1210 978 1225 998 a
1240 974 1374 1003 vermibus
1394 977 1519 1005 roditur:
1542 981 1630 1008 anima
1655 992 1718 1011 vero
1733 988 1818 1020 possi-

1021 1011 1108 1063 dentis
1122 1014 1180 1048 plus
1194 1024 1274 1051 quam
1289 1024 1385 1048 caetera
1409 1024 1497 1051 omnia
1511 1026 1583 1053 curis
1604 1029 1708 1057 roditur
1728 1011 1755 1058 et
1769 1041 1818 1066 pu—

1022 1058 1123 1085 trescit.
1141 1060 1168 1087 Si
1191 1062 1256 1089 velis
1270 1066 1342 1092 avari
1357 1068 1474 1096 animam
1495 1071 1521 1098 in
1541 1073 1658 1102 medium
1672 1058 1816 1109 adducere.

1021 1104 1090 1131 sicut
1103 1107 1292 1160 vestimentum
1313 1119 1327 1137 a
1344 1114 1416 1141 mille
1429 1115 1508 1143 tineis
1521 1125 1661 1147 corrosrrm
1673 1142 1679 1154 ,
1696 1123 1816 1160 nihilque

1020 1157 1115 1178 sanum
1135 1152 1237 1183 habens
1250 1177 1258 1189 ,
1274 1157 1314 1185 sic
1326 1158 1445 1189 invenies
1459 1162 1531 1191 illam
1545 1172 1684 1196 corrosam
1699 1152 1816 1206 undique

1019 1197 1108 1232 curis,
1130 1202 1247 1235 peccatis
1262 1205 1413 1240 putridam,
1435 1213 1459 1236 ct
1477 1211 1596 1245 mrugine
1619 1197 1812 1244 labefactatam.

1019 1244 1053 1270 At
1070 1247 1194 1281 pauperis
1214 1249 1302 1277 anima
1316 1259 1368 1279 non
1384 1254 1444 1281 talis
1457 1244 1548 1291 utique
1561 1263 1619 1291 est,
1635 1263 1757 1296 pauperis
1772 1265 1814 1291 in-

1019 1296 1097 1324 quam
1118 1292 1277 1328 voluntarii;
1292 1297 1338 1324 sed
1362 1298 1488 1334 fulget)";
1509 1292 1764 1340 aurum,'splendct
1787 1316 1814 1343 ut

1019 1338 1171 1373 margarita,
1187 1339 1264 1368 ﬂoret
1277 1347 1306 1370 ut
1318 1351 1390 1372 rosa.
1406 1346 1464 1374 Non
1481 1348 1516 1375 ibi
1531 1338 1681 1384 tinca,non
1697 1352 1748 1386 fur,
1762 1341 1812 1382 non

1019 1389 1082 1410 cura
1097 1386 1252 1419 sa-cularis;
1269 1390 1316 1415 sed
1334 1395 1360 1417 ut
1376 1392 1463 1426 angeli
1477 1400 1681 1426 convcrsantur.
1698 1398 1742 1426 Vis
1754 1401 1812 1428 talis

1017 1429 1114 1457 animae
1125 1431 1347 1466 ptrlclrritudinern
1357 1437 1469 1465 videro?
1486 1439 1527 1467 vis
1535 1445 1697 1476 paupertatis
1708 1445 1814 1474 divitias

1017 1475 1136 1504 ediscere
1144 1477 1157 1503 ?
1168 1477 1272 1514 Pauper
1280 1489 1332 1508 non
1344 1482 1458 1517 imperat
1467 1475 1630 1521 hominibus,
1640 1489 1687 1517 sed
1699 1490 1814 1526 imperat,

1017 1521 1193 1557 daemonibus;
1203 1533 1256 1553 non
1264 1526 1350 1554 adstat
1358 1529 1424 1564 regi,
1431 1530 1477 1558 sed
1484 1531 1572 1560 adstat
1578 1533 1643 1567 Deo;
1653 1543 1705 1563 non
1715 1521 1814 1573 pugnat

1016 1575 1077 1595 eum
1093 1569 1247 1599 hominibus
1259 1592 1267 1606 ,
1283 1574 1331 1601 sed
1345 1582 1406 1603 eum
1422 1578 1541 1613 angelis;
1557 1588 1610 1608 non
1628 1569 1811 1612 habet-arcam

1017 1622 1108 1648 unam,
1124 1615 1164 1643 vel
1179 1616 1256 1651 duas,
1271 1618 1313 1646 vel
1327 1624 1392 1654 tres,
1407 1622 1449 1649 vel
1464 1624 1566 1658 viginti.
1582 1626 1630 1659 sed
1644 1631 1744 1656 tantam
1767 1638 1811 1657 rc-

1018 1668 1076 1705 rum
1092 1662 1207 1695 copiam,
1231 1668 1260 1691 nt
1273 1666 1401 1694 rnundnrn
1416 1673 1500 1697 totum
1515 1671 1581 1699 nihil
1594 1680 1654 1701 esse
1667 1675 1811 1705 existimet.

1016 1703 1075 1733 Non
1084 1706 1163 1734 habet
1171 1707 1394 1742 thesaurum,sed
1401 1711 1508 1746 caelum;
1517 1721 1571 1740 non
1578 1719 1638 1748 eget
1646 1716 1742 1750 servis;
1753 1717 1809 1745 imo

1012 1758 1106 1779 servos
1126 1751 1216 1787 habet,
1241 1754 1326 1782 animi
1343 1758 1470 1790 morbos;
1485 1757 1566 1786 habet
1579 1766 1692 1794 servos,
1712 1769 1808 1798 nempe

1012 1798 1148 1832 appetitus
1157 1800 1204 1834 qui
1217 1800 1326 1836 regibus
1339 1802 1483 1837 imperant.
1496 1803 1534 1831 llli
1547 1805 1619 1832 enim
1633 1807 1757 1835 carnales
1769 1809 1807 1835 af-

1012 1842 1109 1877 fectus,
1124 1845 1170 1880 qui
1183 1846 1223 1873 vel
1233 1854 1356 1882 purpura
1368 1849 1538 1878 circumdato
1551 1850 1696 1886 imperant,
1707 1861 1807 1888 paupe-

1011 1897 1070 1917 rem
1083 1897 1254 1925 reverentur,
1266 1898 1294 1920 tt
1305 1899 1400 1922 contra
1414 1896 1549 1930 respicere
1561 1905 1614 1924 non
1629 1899 1742 1926 audent.
1758 1899 1807 1927 Rc-

1010 1943 1096 1971 guum
1106 1941 1236 1966 etaururn
1245 1940 1393 1977 omniaque
1402 1942 1513 1976 similia,
1524 1948 1554 1970 ut
1564 1951 1711 1978 puerorum
1728 1945 1805 1973 ludos

1010 1982 1090 2016 ridet,
1100 1987 1127 2010 et
1136 1989 1166 2010 ut
1174 1985 1288 2018 rotulas,
1296 1987 1375 2019 talos,
1388 1988 1489 2023 capita,
1497 1989 1619 2024 sphaeras
1632 1989 1682 2027 (α),
1696 1992 1733 2019 ita
1747 1992 1803 2020 lucc

1009 2029 1101 2056 omnia
1115 2034 1190 2064 putat
1214 2039 1275 2059 esse
1293 2034 1459 2067 spernenda.
1472 2034 1559 2063 Habet
1574 2036 1646 2063 enim
1663 2043 1802 2070 ornatum,

1009 2082 1091 2109 quem
1100 2083 1136 2103 ne
1147 2077 1285 2111 respicere
1295 2078 1406 2113 quidem
1419 2085 1536 2115 possunt
1546 2082 1576 2115 ii,
1589 2082 1635 2118 qui
1646 2083 1802 2118 hujusmodi

1010 2120 1081 2148 ludis
1090 2125 1198 2156 tempus
1208 2127 1309 2152 terunt.
1317 2124 1387 2157 Quid
1400 2126 1482 2160 igitur
1491 2126 1542 2154 hoc
1549 2135 1668 2163 paupere
1676 2123 1804 2164 prastan;

1009 2166 1065 2194 tius
1077 2166 1178 2194 fuerit?
1189 2167 1214 2196 Is
1227 2170 1413 2203 pavimentum
1435 2167 1642 2199 habetctclum.
1665 2172 1693 2201 Si
1710 2180 1802 2202 autent

1009 2211 1064 2239 tale
1075 2213 1262 2247 pavimentum
1276 2219 1329 2247 est.
1341 2215 1443 2251 cogites
1454 2216 1534 2243 velrm
1541 2217 1614 2252 quod
1625 2221 1726 2246 tectum
1739 2220 1801 2247 erit.

1010 2256 1062 2285 Sed
1075 2266 1130 2285 non
1142 2258 1224 2286 habet
1234 2266 1320 2294 equos
1331 2265 1358 2287 et
1369 2268 1467 2289 currus
1477 2261 1488 2287 Τ
1497 2261 1567 2295 Quid
1580 2262 1633 2290 illis
1644 2270 1713 2298 opus
1723 2264 1803 2291 habet

1009 2303 1034 2331 is
1053 2304 1100 2339 qui
1120 2305 1241 2333 nubibus
1253 2306 1393 2335 vehendus
1404 2312 1457 2340 est,
1471 2313 1497 2336 et
1512 2316 1575 2336 cum
1588 2309 1697 2337 Christo
1714 2305 1803 2338 vivet?

1009 2346 1073 2375 Haec
1093 2349 1244 2383 cogitantes
1262 2355 1289 2378 et
1305 2351 1356 2378 viri
1379 2356 1406 2379 ct
1420 2353 1550 2380 mulieres
1569 2353 1630 2381 illas
1645 2362 1802 2389 quaeramus

1010 2393 1122 2422 divitias
1136 2400 1163 2422 et
1178 2404 1269 2423 rerum
1287 2397 1394 2432 copiam
1411 2406 1465 2425 non
1485 2398 1694 2432 absumendam,
1710 2406 1739 2428 ut
1757 2410 1802 2429 rc-

1009 2446 1093 2474 gnurn
1108 2440 1236 2468 calorum
1251 2449 1465 2477 consequamur,
1477 2443 1563 2478 gratia
1574 2448 1601 2471 et
1613 2445 1801 2474 misericordia

1012 2483 1118 2512 Domini
1136 2486 1223 2513 nostri
1237 2486 1301 2514 Jesu
1315 2487 1430 2520 Christi,
1446 2488 1490 2515 cui
1504 2488 1589 2524 gloria
1609 2495 1635 2517 et
1655 2490 1800 2525 imperium

1012 2529 1041 2557 in
1057 2531 1157 2559 stecula
1173 2533 1348 2561 saeculorum.
1363 2534 1461 2562 Amen.

1042 2622 1078 2652 (α)
1091 2622 1172 2658 Verba
1185 2623 1268 2649 Graeca
1279 2624 1318 2649 his
1330 2624 1431 2658 vocibus
1444 2627 1618 2658 respondentia
1629 2630 1695 2657 sunt,
1708 2629 1748 2653 καὶ
1759 2638 1805 2653 κα.

1010 2652 1084 2708 κιτιιῖ
1091 2653 1199 2685 τροχαὺς,
1213 2657 1236 2679 et
1248 2658 1274 2679 ut
1285 2656 1396 2686 rutulus;
1408 2657 1449 2681 καὶ
1458 2652 1629 2689 ἀότραγάλους,
1641 2661 1664 2683 et
1674 2652 1754 2688 totos}
1762 2652 1803 2693 git:

1010 2691 1071 2708 um
1085 2684 1121 2708 ἀς.
1132 2689 1155 2708 et
1165 2685 1261 2708 cunila:
1272 2687 1313 2708 xui.
1326 2688 1436 2708 unanimes
1448 2691 1471 2708 nl
1481 2688 1593 2708 mlum-tur
1616 2690 1640 2708 In
1656 2696 1705 2708 rrrm
1717 2690 1803 2708 l‘ndlrn

1009 2684 1121 2721 ῃῃελὰέ,
1132 2684 1155 2710 et
1165 2685 1261 2721 capite,-
1272 2687 1313 2721 ya‘t
1326 2684 1436 2719 σφαίρας,
1448 2684 1601 2721 atati/uerus.
1615 2684 1640 2713 in
1656 2696 1705 2713 uno
1717 2684 1803 2715 codice

1009 2714 1514 2757 ἓξὲἐὶιὶὴξξεςξκέὶξέἒίαειΡέριΞιεὶεὲοοςάςῖτ
1529 2720 1698 2757 “auecta
1708 2714 1803 2757 autem}

1010 2744 1182 2800 Theophrasto
1200 2744 1277 2777 teste,
1289 2744 1334 2779 pro
1346 2744 1439 2780 glande
1459 2744 1564 2780 querna.
1575 2744 1748 2781 accipitur,ret
1765 2744 1804 2776 ιιίᾶ

1010 2774 1068 2800 huic
1086 2782 1132 2802 ooo
1143 2777 1222 2809 probe
1233 2782 1371 2805 notaretur.
1383 2780 1431 2806 cu.
1444 2781 1533 2805 Adnot.
1542 2780 1623 2811 Fietd,
1635 2782 1665 2805 ad
1677 2788 1732 2812 pag.
1747 2782 1801 2807 £92.

1634 2933 1654 2961 ‘2
