4102 6446
536 346 634 399 487

576 474 703 483 ..ι-ι...-

1302 345 1358 399 S.
1392 342 1668 398 JOANNIS
1707 340 2184 398 CIIRYSOSTONII
2226 341 2546 398 ARCHIEP.
2587 344 3122 402 CONSTAN'I‘INOP.

3714 349 3823 405 ’638

1615 527 1960 590 HOMILIA
2007 526 2295 588 XLVIII.
2353 528 2443 588 aI.
2492 528 2723 590 XLIX.

527 679 652 731 (far.
700 677 789 733 1⁸5.
834 692 884 729 v.
933 675 1020 731 55.
1070 673 1135 728 Et
1174 676 1363 747 factum
1406 680 1498 738 est,
1561 687 1674 724 cum
1732 678 2121 723 consummasset

803 766 835 821 J
843 784 955 821 esus
981 764 1250 833 parabolas
1277 766 1420 829 istas,
1452 763 1682 816 transivit
1705 762 1843 815 inde.

604 861 656 915 1.
683 856 793 916 Cur
812 858 965 925 dixit,
1000 857 1177 911 Istas?
1201 856 1335 924 Quia
1357 855 1490 908 alias
1517 852 1759 907 dicturus
1783 860 1917 905 erat.
1946 850 2122 921 Quare

525 952 649 1008 inde
681 950 946 1008 recessit?
990 948 1061 1006 Ut
1101 949 1327 1004 verbum
1360 947 1557 1017 ubique
1585 944 1979 1000 disseminaret.
2023 944 2113 998 54.

526 1045 587 1098 Et
620 1061 736 1100 cum
762 1042 975 1098 venisset
1001 1044 1056 1096 in
1083 1040 1301 1111 patriam
1329 1055 1497 1105 suam,
1528 1038 1735 1091 ducebat
1760 1052 1844 1090 eos
1884 1037 1936 1088 in
1960 1052 2118 1105 syna-

522 1153 655 1209 goga
680 1153 875 1191 eorum.
903 1134 1073 1202 Quam
1102 1142 1257 1187 vocat
1287 1131 1511 1202 patriam
1535 1128 1730 1183 suam?
1766 1127 2027 1191 Nazaret,
2061 1135 2118 1181 ut

523 1229 653 1283 mihi
683 1226 901 1299 quidem
925 1224 1155 1280 videtur.
1191 1222 1312 1280 Non
1340 1222 1482 1277 enim
1507 1220 1577 1273 ibi
1604 1220 1723 1290 {erit
1748 1220 1954 1272 virtutes
1983 1217 2119 1271 ntul-

523 1332 601 1375 tas
629 1317 842 1393 (Matth.
876 1317 965 1372 13.
988 1316 1098 1387 58),
1129 1315 1235 1379 ait;
1284 1313 1336 1367 ltt
1360 1312 1693 1382 Capernaum
1723 1317 1899 1363 autem
1944 1307 2110 1363 multa

522 1414 646 1469 fecit
684 1412 869 1481 signa;
914 1418 1243 1480 quapropter
1276 1405 1529 1460 dicebat:
1557 1402 1628 1457 Et
1671 1412 1725 1456 tu
1753 1400 2073 1473 Capernaum
2098 1440 2113 1465 ,

520 1520 635 1579 qua
662 1519 820 1575 usque
856 1502 925 1556 ad
957 1500 1139 1555 cerium
1181 1497 1404 1552 exaltata
1444 1513 1499 1551 es
1520 1538 1534 1560 ,
1565 1509 1723 1565 usque
1766 1494 1834 1547 ad
1859 1495 2117 1564 infernum

520 1597 792 1652 descendas
814 1612 834 1650 :
858 1594 1094 1659 quoniam
1125 1592 1168 1647 si
1202 1592 1254 1645 in
1285 1589 1524 1645 Sodomis
1545 1590 1694 1657 factae
1712 1586 1926 1658 fuissent
1956 1584 2116 1637 uirtu-

523 1702 615 1759 tes,
642 1705 755 1759 quae
783 1689 936 1759 facta
958 1696 1074 1741 sunt
1106 1686 1159 1739 in
1190 1694 1237 1738 te
1258 1726 1272 1748 ,
1302 1682 1603 1736 mansissent
1626 1679 1798 1751 utique
1824 1692 1981 1746 usque
2018 1676 2114 1729 Ito-

522 1784 605 1837 die
634 1782 846 1852 (Matth.
882 1781 971 1834 11.
996 1779 1112 1849 25).
1144 1776 1280 1831 Cum
1327 1788 1491 1845 porro
1517 1772 1753 1826 venisset
1784 1770 1938 1832 istuc,
1964 1768 2115 1838 signa

519 1873 735 1945 quidem
767 1872 933 1927 multa
961 1885 1067 1925 non
1090 1870 1235 1933 fecit,
1258 1884 1326 1922 ne
1353 1867 1405 1922 in
1432 1865 1689 1935 majorem
1716 1863 1836 1917 illos
1863 1861 2113 1917 invidiam

522 1968 901 2032 inﬂammaret,
932 1978 1066 2019 neve
1095 1962 1166 2016 ob
1185 1960 1443 2031 majorem
1469 1956 1892 2013 incredulitatem
1916 1954 1969 2008 in
1992 1968 2116 2024 gra-

520 2062 724 2116 viorem
769 2056 1168 2114 damnationem
1215 2053 1532 2108 inciderent.
1586 2049 1893 2106 Doctrinam
1933 2056 2112 2101 autem

520 2154 775 2226 proponit
798 2166 905 2206 non
944 2148 1167 2204 minoris
1211 2160 1370 2217 quam
1413 2145 1562 2215 signa
1610 2139 2001 2197 admirationis.
2043 2138 2114 2193 At

517 2242 820 2301 Stultissinii
868 2240 1113 2295 homines
1137 2281 1152 2305 ,
1184 2236 1400 2308 quando
1429 2234 1683 2290 admirari
1710 2274 1725 2299 ,
1766 2240 1821 2288 et
1847 2232 1916 2287 ob
1943 2230 2113 2286 dicto-

518 2352 639 2392 rum
680 2336 787 2389 vim
827 2332 1209 2401 obstupescere
1241 2343 1335 2398 par
1360 2326 1547 2381 fuisset
1573 2367 1587 2391 ,
1617 2324 1689 2380 illi
1720 2334 1904 2378 contra
1937 2323 2108 2393 ipsum

518 2427 889 2500 parvilaciunt,
939 2423 1082 2495 quod
1111 2422 1198 2476 tali
1224 2429 1373 2491 patre
1400 2428 1557 2474 natus
1583 2425 1897 2488 putaretur:
1922 2431 2110 2486 quam-

515 2535 675 2593 quam
705 2518 868 2573 multa
894 2512 1259 2586 superioribus
1285 2509 1618 2581 temporibus
1642 2507 1886 2576 exempla
1911 2522 2111 2577 suppe-

517 2621 696 2669 terent
721 2626 908 2667 eorum
937 2610 1028 2681 qui
1059 2606 1278 2679 ignobili
1323 2616 1473 2677 patre
1499 2605 1605 2659 nati
1650 2603 1976 2659 claruerant.
2008 2601 2111 2655 Da.

517 2706 607 2763 vid
637 2707 832 2777 quippe
855 2703 1024 2760 Jessaa
1048 2702 1170 2757 vilis
1197 2700 1475 2771 cujusdam
1505 2698 1755 2770 agricola:
1778 2696 1919 2751 [ilius
1947 2704 2062 2751 erat
2090 2712 2106 2748 :

514 2809 570 2855 et
617 2802 783 2855 Amos
829 2796 1062 2868 caprarii
1124 2794 1299 2860 ﬁlius,
1358 2793 1473 2864 ipse
1531 2805 1744 2862 quoque
1789 2789 2104 2859 caprarius:

514 2891 723 2963 Moyses
751 2905 881 2945 vero
911 2887 1201 2958 legislator,
1228 2886 1387 2956 longe
1408 2900 1468 2939 se
1493 2874 1748 2939 inferiore
1771 2892 1923 2953 patre
1950 2889 2107 2935 natus

514 2991 617 3039 est.
648 2982 781 3038 Cum
811 2981 1140 3050 oportuisset
1181 2992 1309 3046 ergo
1350 2976 1469 3031 ideo
1500 2975 1731 3029 maxime
1760 2972 2003 3027 venerari
2044 2971 2109 3024 il-

514 3075 621 3129 lum
651 3083 706 3128 et
726 3074 1109 3142 obstupescere
1131 3110 1147 3137 ,
1180 3067 1322 3138 quod
1353 3082 1415 3122 ex
1447 3067 1642 3121 talibus
1673 3074 1822 3119 ortus
1858 3063 1982 3117 talia
2028 3063 2107 3117 lo-

512 3177 767 3237 queretur
795 3182 808 3218 :
841 3162 1181 3218 manifestum
1208 3159 1404 3231 quippe
1428 3167 1544 3213 erat
1572 3159 1620 3211 id
1646 3173 1751 3211 non
1777 3171 1843 3211 ex
1872 3155 2105 3211 humano

510 3258 727 3325 studio,
776 3256 869 3313 sed
917 3270 982 3311 ex
1012 3254 1192 3310 divina
1234 3251 1401 3324 gratia
1445 3249 1741 3321 proﬁcisci;
1789 3249 1913 3304 inde
1956 3249 2103 3304 illum

508 3352 832 3423 despiciunt,
863 3348 1006 3404 unde
1033 3346 1216 3402 mirari
1242 3343 1542 3414 oportebat.
1573 3342 1904 3411 Frequenter
1926 3352 2104 3395 autem

510 3444 575 3500 nd
605 3454 902 3516 synagogas
932 3439 1061 3498 ibat.
1094 3452 1161 3491 ne
1182 3436 1225 3490 si
1257 3442 1514 3505 perpetuo
1544 3434 1594 3487 in
1621 3431 1837 3487 deserto
1862 3446 2105 3486 versare-

511 3545 619 3601 tur,
653 3533 822 3603 magis
856 3530 1164 3585 incusarent
1185 3568 1201 3594 ,
1246 3537 1515 3597 tamquam
1548 3523 1862 3595 frequentia:
1889 3533 1942 3578 et
1970 3523 2102 3578 civi-

510 3628 634 3685 tatis
661 3624 1044 3681 adversarium.
1072 3620 1365 3691 Stupentes
1394 3620 1554 3689 igitur
1578 3627 1634 3672 et
1661 3617 1990 3686 ambigentes
2014 3615 2102 3669 di-

511 3723 702 3778 cebant
740 3739 755 3780 :
805 3717 955 3775 Unde
982 3718 1099 3771 huic
1139 3714 1391 3786 sapientia
1438 3712 1545 3766 Iiazc
1572 3720 1617 3764 et
1659 3711 1906 3765 uirtutes?
1942 3708 2104 3778 Signa

513 3816 736 3870 virtutes
780 3810 1076 3876 vocabant,
1119 3809 1234 3863 sive
1261 3807 1429 3876 ipsam
1476 3801 1793 3874 sapientiam
1841 3801 1976 3871 ejus.
2009 3801 2101 3857 55.

514 3906 699 3963 Nonne
726 3905 807 3960 hic
830 3914 902 3959 est
921 3903 1053 3975 fabii
1080 3898 1257 3969 filius?
1284 3894 1765 3969 Ergomiraculum
1794 3894 1965 3963 majus
1993 3908 2105 3947 ma-

513 4002 698 4071 jorque
741 4005 948 4066 stupor.
992 3990 1179 4048 Nonne
1214 4000 1376 4045 mater
1416 3991 1525 4061 ejus
1569 3988 1755 4041 dicitur
1801 3985 2016 4041 Maria!
2056 3993 2103 4038 et

513 4097 695 4166 fratres
725 4090 836 4159 ejus
857 4085 1081 4141 Iacobus
1107 4094 1157 4139 et
1183 4082 1331 4137 loses
1356 4124 1370 4147 ,
1412 4090 1457 4135 et
1486 4081 1665 4136 Simon
1690 4088 1738 4135 et
1764 4078 1930 4133 ludas
1952 4082 1978 4136 .’
2009 4078 2098 4133 56.

511 4191 559 4236 rt
586 4196 782 4236 sorores
810 4179 920 4250 ejus
950 4192 1117 4231 nonne
1145 4190 1315 4229 omnes
1341 4172 1481 4241 apud
1509 4188 1600 4225 nos
1626 4179 1741 4224 sunt
1758 4170 1785 4225 2
1811 4167 1960 4224 Unde
1985 4185 2103 4240 ergo

514 4276 631 4332 huic
659 4272 829 4329 omnia
854 4271 991 4329 ista?
1016 4270 1104 4325 57.
1135 4266 1203 4323 Et
1232 4264 1708 4320 scandalisabantur
1726 4264 1781 4316 in
1807 4278 1886 4317 eo.

588 4364 801 4425 Invidia
829 4380 965 4435 πρε
983 4377 1152 4418 secum
1178 4361 1290 4431 ipsa
1312 4366 1525 4429 pugnat.
1546 4386 1619 4398 —
1641 4355 1826 4411 Viden‘
1857 4354 1909 4409 in
1936 4353 2103 4409 Naza-

516 4470 600 4520 ret
625 4461 725 4517 ista
751 4456 892 4514 dicta
918 4454 1128 4513 fuisse?
1155 4452 1344 4512 Nonne
1366 4450 1567 4505 fratres
1591 4447 1728 4519 ejus,
1763 4446 1953 4516 inquit,
1985 4444 2102 4498 talis

512 4563 569 4610 et
590 4552 711 4609 talis
734 4550 903 4608 sunt?
928 4548 1001 4603 Et
1027 4546 1153 4623 quid
1184 4546 1321 4601 hoc?
1352 4544 1484 4600 Hinc
1506 4543 1741 4598 maxime
1766 4540 1921 4597 vobis
1948 4539 2015 4594 ad
2031 4539 2103 4593 ti-

511 4646 635 4702 dem
665 4642 841 4699 induci
869 4655 968 4714 par
1006 4646 1142 4694 erat.
1176 4636 1373 4692 Verum
1404 4634 1544 4694 mala
1581 4649 1673 4690 res
1699 4633 1897 4689 invidia
1920 4674 1935 4697 ,
1976 4645 2103 4702 qua:

513 4736 617 4793 sibi
643 4734 743 4808 ipsi
770 4746 917 4807 saepe
944 4737 1225 4804 repugnat.
1254 4727 1386 4783 Nam
1412 4742 1532 4798 qua:
1562 4724 1820 4801 inaudita,
1850 4734 1903 4779 et
1930 4722 2103 4795 admi-

517 4830 681 4890 randa
703 4834 861 4885 erant
886 4867 902 4888 .
942 4837 1171 4897 quaeque
1198 4822 1322 4877 illos
1364 4817 1634 4874 attrahere
1660 4825 1942 4888 poterant,
1989 4814 2104 4869 haec

517 4924 622 4982 illis
667 4919 987 4977 oil'endieulo
1014 4924 1189 4974 erant.
1219 4912 1359 4983 Quid
1400 4913 1561 4983 igitur
1583 4910 1830 4968 Christus
1866 4910 1933 4963 ad
1962 4908 2103 4965 eos?

520 5013 642 5070 Non
670 5020 743 5067 est
767 5010 1014 5082 propheta
1032 5047 1048 5075 ,
1082 5006 1291 5077 inquit,
1324 5004 1433 5059 sine
1461 5003 1652 5056 honore
1673 5043 1687 5066 ,
1716 5002 1815 5056 nisi
1854 5002 1909 5055 in
1932 5002 2104 5073 patria

518 5122 644 5173 sua,
676 5112 723 5161 α
759 5104 816 5156 in
851 5100 1003 5156 domo
1031 5116 1145 5155 sua.
1173 5098 1262 5154 58.
1310 5096 1375 5151 Et
1403 5112 1503 5151 non
1532 5096 1647 5166 fecit
1676 5095 1881 5149 virtutes
1918 5093 2106 5148 multas

519 5205 726 5270 propter
769 5191 1174 5249 incredulitatem
1217 5205 1409 5246 eorum.
1455 5186 1626 5242 Lucas
1667 5196 1843 5242 autem
1877 5187 1953 5242 ait
1993 5203 2007 5241 :
2041 5184 2108 5239 Et

518 5306 621 5345 non
647 5286 765 5359 fecit
806 5285 875 5341 ibi
900 5285 1047 5356 signa
1072 5282 1253 5337 multa.
1286 5280 1447 5351 Atqui
1475 5278 1653 5337 facere
1675 5280 1982 5345 debuisset,
2026 5279 2107 5333 in-

518 5382 693 5452 quies.
719 5376 854 5434 Nam
880 5376 923 5433 si
952 5375 1004 5430 id
1034 5381 1354 5445 asseqnutus
1382 5381 1464 5426 est
1491 5380 1549 5425 ut
1573 5370 1913 5426 admirationi
1940 5377 2104 5433 esset,

521 5484 580 5527 ut
606 5486 734 5527 vere
763 5468 861 5523 fuit
883 5508 900 5534 ,
928 5482 1025 5521 cur
1049 5466 1199 5535 signa
1238 5478 1345 5519 non
1377 5460 1536 5518 fecit?
1562 5462 1695 5528 Quia
1734 5477 1839 5516 non
1868 5470 2107 5515 ostenta-

522 5564 743 5625 tionem,
774 5560 870 5616 sed
895 5573 1082 5615 eorum
1110 5556 1390 5611 utilitatem
1420 5555 1474 5610 in
1501 5569 1667 5625 scopo
1700 5553 1949 5608 habebat.
1972 5551 2106 5606 Cum

526 5656 681 5725 igitur
710 5654 823 5707 haec
851 5652 931 5705 via
961 5666 1066 5705 non
1108 5647 1458 5711 succederet,
1500 5648 1569 5703 ab
1597 5661 1664 5702 eo
1689 5645 1831 5716 quod
1859 5662 1891 5701 e
1917 5663 1975 5701 re
2012 5661 2105 5701 sua

525 5757 644 5797 esse
672 5740 947 5796 videbatur
975 5740 1251 5805 abstinuit,
1274 5752 1342 5793 ne
1368 5738 1497 5807 ipsis
1523 5737 1840 5808 supplicium
1867 5748 2104 5808 augeret.

528 5832 855 5903 Quamquam
886 5840 1003 5887 eost
1037 5840 1240 5887 tantum
1274 5837 1514 5901 tempus.
1545 5839 1664 5901 post
1691 5838 1767 5884 tot
1795 5830 1933 5886 edita
1963 5830 2109 5899 signa

2232 669 2297 722 ad
2328 669 2445 725 illos
2474 673 2678 726 venerit
2712 690 2725 725 :
2754 682 2809 727 at
2835 689 3008 744 neque
3039 675 3117 730 sic
3139 676 3287 731 illum
3315 680 3569 746 tulerunt,
3601 681 3707 735 imo
3738 698 3824 735 ar-

2232 761 2431 816 debant
2485 763 2701 817 invidia.
2743 762 2854 819 Cur
2890 780 3020 836 ergo
3054 783 3219 836 pauca
3262 780 3437 825 tamen
3481 771 3605 826 fecit
3631 773 3822 842 signa?

2230 852 2307 907 Ne
2335 854 2595 921 dicerent,
2629 855 2838 922 "edice,
2870 873 2994 911 cura
3019 869 3067 913 te
3088 860 3254 929 ipsum
3280 858 3429 931 (Luc.
3455 862 3507 917 4.
3539 862 3669 934 23);
3707 865 3816 930 vel,

2229 944 2478 1000 Inimicus
2506 957 2690 1002 noster
2730 959 2812 1004 est
2838 961 2893 1005 et
2922 950 3089 1007 hostis
3112 993 3127 1018 ,
3159 953 3455 1023 amnesque
3484 972 3610 1011 suos
3636 956 3816 1027 despi-

2225 1038 2330 1103 cit;
2364 1053 2432 1093 ne
2456 1038 2720 1103 dicerent.
2750 1042 2805 1095 Si
2850 1042 2984 1096 facta
3017 1044 3241 1099 fuissent
3264 1044 3412 1115 signa
3434 1088 3450 1113 ,
3488 1063 3586 1103 nos
3604 1063 3817 1119 quoque

2226 1127 2660 1185 credidissetnus.
2689 1131 2811 1189 Ideo
2839 1143 2890 1187 et
2918 1135 3067 1205 signa
3094 1135 3219 1191 fecit
3239 1179 3254 1203 ,
3292 1146 3348 1192 et
3380 1139 3489 1193 cito
3516 1137 3689 1194 facere
3715 1140 3815 1194 de-

2220 1219 2328 1285 siit;
2356 1229 2466 1273 tutn
2497 1231 2552 1275 ut
2577 1238 2697 1293 qnze
2725 1240 2817 1278 sua
2839 1239 2994 1280 erant
3022 1227 3298 1297 impleret;
3324 1239 3433 1284 tum
3456 1247 3523 1286 ne
3550 1233 3809 1301 majorem

2222 1311 2351 1382 ipsis
2401 1312 2796 1371 damnationem
2841 1319 3153 1375 attraheret.
3196 1321 3469 1377 Dictorum
3515 1340 3674 1394 porro
3705 1327 3813 1381 vim

2229 1404 2424 1475 cogita.
2462 1406 2634 1462 Etiam
2675 1409 2870 1464 invidia
2910 1414 3175 1483 correpti.
3216 1415 3547 1472 mirabantur
3589 1426 3763 1472 tamen
3797 1437 3813 1472 :

2224 1510 2409 1551 verum
2444 1501 2581 1554 sicut
2610 1500 2662 1554 in
2690 1501 2943 1571 operibus
2969 1520 3073 1559 non
3106 1520 3192 1560 res
3222 1507 3362 1578 ipsas
3394 1508 3810 1575 reprehendunt.

2223 1588 2317 1643 sed
2364 1604 2557 1645 causas
2596 1594 3075 1650 comminiscuntur
3115 1597 3390 1664 dicentes,
3436 1598 3504 1653 In
3533 1598 3813 1655 Beelzebub

2224 1683 2359 1754 ejicit
2406 1683 2659 1740 demonia
2707 1685 2856 1760 (Luc.
2902 1691 2989 1745 11.
3047 1691 3134 1761 14)
3164 1709 3177 1744 :
3210 1694 3289 1747 sic
3329 1693 3514 1750 ethoc
3553 1695 3671 1750 loco
3701 1712 3809 1751 non

2223 1774 2518 1830 doctrinam
2540 1778 2775 1848 culpant,
2806 1779 2899 1835 sed
2928 1780 2992 1835 ad
3029 1774 3241 1851 generis
3273 1785 3654 1854 ignobilitatem
3672 1802 3811 1843 eou-

2224 1864 2452 1937 fugiunt.
2489 1868 2568 1924 Tu
2598 1885 2727 1925 vero
2756 1872 2882 1927 mihi
2916 1876 3184 1943 perpende
3214 1876 3455 1933 Doctoris
3482 1880 3804 1937 moderatio—

2222 1974 2367 2023 nem,
2398 1963 2668 2031 quomodo
2696 1979 2800 2019 non
2833 1964 2954 2019 illos
2978 1967 3260 2035 viluperet,
3288 1968 3383 2023 sed
3410 1986 3531 2024 cum
3558 1986 3810 2026 mansue~

2222 2051 2405 2107 tudine
2431 2054 2593 2108 multa
2615 2055 2756 2109 dicat
2782 2072 2795 2108 :
2826 2054 2947 2110 Non
2970 2068 3043 2110 est
3074 2061 3319 2129 propheta
3342 2062 3451 2115 sine
3473 2062 3679 2127 honore,
3705 2066 3810 2118 nisi

2219 2142 2272 2196 in
2313 2145 2478 2212 patria
2515 2162 2628 2199 sua.
2676 2145 2857 2217 Neque
2896 2147 2982 2203 hic
3022 2152 3188 2215 stetit,
3222 2152 3313 2206 sed
3364 2154 3592 2224 adjecit,
3643 2155 3708 2209 Et
3750 2158 3808 2211 in

2220 2234 2370 2288 domo
2397 2251 2526 2300 sua;
2554 2236 2764 2305 fratres,
2792 2248 2848 2293 ut
2870 2241 2996 2294 mihi
3024 2243 3239 2312 quidem
3271 2246 3495 2313 videtur,
3527 2262 3652 2304 suos
3678 2250 3809 2305 sub-

2219 2327 2476 2386 indicans.

2287 2419 2344 2473 2.
2388 2421 2539 2490 Apud
2572 2421 2767 2479 Lucam
2797 2427 3044 2498 exempla
3091 2427 3312 2498 hujusce
3351 2432 3429 2487 rei
3459 2437 3677 2503 apponit
3719 2437 3806 2490 di-

2218 2527 2384 2566 cens:
2414 2513 2599 2584 Neque
2636 2514 2815 2572 Helias
2860 2518 2927 2573 ad
2968 2535 3093 2574 suos
3146 2525 3323 2589 venit,
3355 2525 3451 2579 sed
3495 2527 3560 2580 ad
3593 2529 3807 2583 viduam

2218 2607 2593 2676 alienigenam,
2626 2625 2797 2680 neque
2823 2612 2890 2666 ab
2930 2613 3125 2668 Eliszeo
3153 2616 3287 2670 alius
3308 2629 3526 2671 curatus
3558 2619 3803 2687 leprosus

2215 2706 2317 2763 est,
2351 2699 2452 2753 nisi
2486 2699 2719 2755 Neeman
2743 2702 3037 2773 alienigena
3071 2705 3218 2776 (an.
3250 2708 3305 2761 4.
3331 2708 3421 2763 26.
3464 2709 3557 2779 27)
3585 2728 3597 2764 :
3635 2710 3805 2767 lsrac~

2216 2790 2319 2843 lita:
2341 2807 2467 2846 vero
2497 2807 2595 2847 nec
2617 2794 2744 2863 quid
2774 2793 2896 2849 boni
2926 2806 3266 2866 acceperunt,
3301 2815 3398 2854 nec
3420 2801 3544 2869 quid
3574 2803 3698 2857 boni
3724 2803 3804 2858 fe-

2213 2891 2421 2946 cerunt.
2465 2884 2558 2939 sed
2594 2887 2835 2941 extranei
2886 2896 3112 2943 tantum.
3158 2888 3285 2945 Haec
3329 2906 3488 2961 porro
3516 2892 3666 2959 dicit,
3698 2895 3796 2950 im-

2214 2976 2433 3043 probam
2484 2976 2695 3030 illorum
2725 2979 3167 3034 consuetudinem
3199 2982 3359 3051 plane
3385 2984 3673 3040 ostendens
3697 3028 3713 3051 ,
3746 2998 3805 3042 et

2213 3065 2347 3121 nihil
2392 3081 2452 3121 se
2492 3068 2618 3123 novi
2663 3068 2891 3138 experiri
2922 3069 3220 3125 declarans.
3268 3070 3421 3143 (Cap.
3478 3074 3600 3145 l4.)
3642 3077 3693 3131 1.
3730 3076 3798 3131 In

2210 3155 2302 3210 illo
2343 3165 2567 3227 tempore
2598 3160 2787 3213 audiuit
2834 3159 3060 3215 Herodes
3105 3165 3357 3217 telrarclta
3398 3168 3589 3235 {autem
3643 3166 3798 3222 Jesu.

2211 3248 2449 3303 Mortuus
2488 3249 2630 3303 enim
2658 3261 2775 3304 erat
2814 3251 2972 3320 hujus
3000 3262 3151 3322 pater
3177 3254 3414 3310 Herodes
3436 3298 3451 3321 ,
3482 3258 3570 3327 qui
3604 3274 3802 3327 pueros

2210 3340 2497 3394 occiderat.
2528 3341 2636 3395 Nec
2678 3342 2795 3396 sine
2834 3358 2994 3397 causa
3039 3353 3249 3414 tempus
3296 3355 3517 3401 atniotat
3562 3362 3801 3419 evange-

2211 3433 2329 3487 lista
2354 3473 2369 3501 ,
2399 3433 2495 3489 sed
2526 3447 2581 3489 ut
2607 3436 2817 3506 tyranni
2851 3435 3046 3491 fastum
3076 3447 3132 3493 et
3160 3439 3534 3511 negligentiam
3563 3442 3797 3497 ediscas.

2209 3525 2392 3596 Neque
2417 3529 2557 3582 enim
2588 3529 2736 3583 initio
2778 3530 2862 3583 illa
2892 3529 3073 3585 didicit
3098 3574 3115 3598 ,
3144 3533 3239 3587 sed
3266 3542 3385 3602 post
3409 3534 3630 3588 multum
3662 3544 3804 3590 tem-

2211 3619 2376 3688 poris.
2419 3619 2508 3675 Sic
2531 3620 2671 3675 enim
2704 3622 2970 3691 principes
3012 3623 3206 3678 fastum
3234 3626 3455 3679 multum
3493 3641 3601 3696 pra:
3628 3642 3687 3682 se
3713 3627 3801 3682 fe-

2208 3720 2423 3777 rentes,
2474 3726 2560 3766 res
2609 3711 2917 3781 hujnsmodi
2966 3714 3167 3770 tardius
3207 3715 3478 3781 ediscunt,
3529 3720 3650 3787 quia
3682 3717 3803 3773 haec

2207 3804 2355 3873 parvi
2384 3801 2604 3859 faciunt.
2646 3804 2727 3859 Tu
2757 3820 2883 3859 vero
2910 3806 3038 3860 mihi
3072 3806 3342 3876 perpende
3382 3818 3575 3877 quanta
3616 3824 3701 3864 res
3727 3811 3803 3865 sit

2208 3895 2407 3956 virtus;
2438 3911 2559 3950 nam
2602 3896 2692 3951 ille
2722 3907 2991 3952 mortuum
3052 3899 3307 3965 timebat,
3338 3899 3563 3971 hincque
3588 3900 3655 3955 de
3680 3902 3804 3971 ejus

2210 3988 2600 4043 resurrectione
2628 3988 3126 4060 philosophabatur.
3152 3990 3207 4046 2.
3238 3989 3383 4047 Dixit
3408 3993 3573 4059 enim,
3602 3995 3801 4063 inquit,

2208 4081 2377 4150 pueris
2402 4079 2509 4133 suis
2535 4094 2557 4133 :
2586 4077 2687 4133 Hic
2711 4090 2783 4133 est
2825 4078 3086 4146 Joannes,
3120 4098 3267 4151 quem
3297 4098 3385 4152 ego
3426 4083 3687 4151 interfeci;
3714 4085 3804 4138 hic

2206 4172 2481 4225 resurreaa't
2504 4188 2536 4224 a
2575 4173 2829 4236 mortuis;
2874 4182 2924 4227 et
2950 4174 3063 4227 ideo
3090 4173 3295 4228 virtutes
3319 4184 3594 4243 operantur
3629 4176 3681 4229 in
3712 4192 3799 4230 eo.

2209 4261 2396 4316 Viden'
2418 4262 2673 4332 grandem
2719 4263 3005 4318 timorem?
3033 4263 3216 4334 Neque
3242 4266 3385 4319 enim
3418 4266 3470 4321 id
3500 4267 3553 4320 in
3582 4267 3804 4335 publico

2205 4351 2385 4407 dicere
2412 4368 2574 4408 ausus
2610 4362 2732 4421 est,
2770 4355 2864 4409 sed
2890 4354 3200 4410 domesticis
3228 4365 3434 4410 tantum
3461 4357 3574 4413 suis
3611 4358 3690 4412 sic
3718 4360 3803 4411 lo-

2206 4446 2488 4515 quebatur.
2520 4449 2770 4502 Attamen
2817 4447 2932 4502 luec
2955 4446 3185 4503 absurda
3218 4449 3402 4519 opinio
3443 4451 3667 4505 militem
3702 4467 3802 4505 sa-

2207 4538 2403 4608 piebat.
2435 4539 2584 4594 Multi
2624 4539 2766 4594 enim
2795 4548 3148 4594 surrexerunt
3173 4556 3201 4593 a
3226 4542 3458 4597 mortuis
3481 4582 3498 4607 ,
3538 4551 3592 4597 et
3634 4556 3805 4599 nemo

2206 4646 2277 4686 ex
2319 4631 2398 4687 eis
2441 4630 2730 4700 quidquam
2776 4630 3081 4700 hujusmodi
3122 4629 3268 4686 fecit.
3332 4632 3591 4687 Videntur
3635 4648 3807 4701 porro

2208 4722 2334 4776 mihi
2360 4721 2477 4777 ha-c
2493 4724 2654 4777 verba
2676 4722 3021 4777 ambitionem
3042 4723 3201 4778 simul
3229 4731 3284 4778 et
3306 4724 3551 4779 timorem
3580 4738 3801 4792 sapere.

2204 4813 2295 4869 Sic
2320 4814 2516 4885 quippe
2537 4815 2712 4869 minus
2735 4816 2847 4869 sani
2873 4814 3062 4879 animi.
3089 4815 3484 4870 contrariorum
3509 4814 3806 4872 atl'ectuutn

2208 4922 2351 4977 saepe
2380 4907 2690 4962 mixtionem
2717 4907 3025 4963 admittunt.
3051 4908 3225 4963 Lucas
3245 4924 3372 4964 vero
3397 4921 3578 4964 narrat
3596 4909 3807 4966 dixisse

2210 5000 2462 5072 populum
2489 5017 2503 5053 :
2535 4999 2634 5055 Hic
2656 5008 2739 5055 est
2766 5000 2909 5055 Elias
2930 5041 2947 5068 ,
2988 5008 3082 5055 aut
3107 4999 3401 5068 Jeremias,
3432 5010 3523 5056 aut
3548 5015 3687 5056 unus
3728 5017 3808 5057 ex

2211 5091 2480 5147 veteribus
2507 5091 2781 5162 prophetis
2808 5089 2975 5161 (Luc.
3000 5090 3055 5146 9.
3087 5090 3196 5162 8);
3236 5090 3325 5147 hic
3347 5107 3479 5148 vero
3503 5092 3811 5163 sapientius

2212 5192 2377 5248 quam
2430 5180 2523 5233 alii
2553 5195 2611 5234 se
2644 5183 2866 5249 putabat
2898 5183 2973 5238 ita
3004 5184 3207 5240 dicere.
3268 5184 3577 5243 Verisimile
3602 5199 3799 5243 autem

2214 5278 2301 5325 est
2357 5270 2512 5326 illum
2563 5271 2720 5325 initio
2758 5273 3000 5341 quidem,
3034 5290 3160 5329 cum
3191 5275 3437 5331 dicerent
3466 5293 3598 5332 esse
3622 5275 3805 5331 Joan-

2214 5364 2503 5434 nem(uam
2561 5364 2712 5418 multi
2747 5365 2825 5418 sic
2868 5366 3162 5438 dicebant),
3205 5368 3255 5422 id
3286 5384 3535 5437 negasse.
3572 5380 3646 5434 et,
3679 5369 3808 5441 Ego

2213 5456 2366 5509 illum
2432 5456 2645 5521 occidi,
2713 5457 2957 5520 dixisse,
3027 5459 3094 5513 de
3138 5460 3285 5514 caedo
3338 5462 3429 5516 illa
3493 5462 3807 5517 insolenter

2212 5548 2555 5616 gloriantem.
2595 5546 2711 5602 Hoc
2763 5550 2908 5604 enim
2937 5548 3155 5605 Marcus
3175 5560 3233 5605 et
3286 5550 3465 5609 Lucas
3498 5553 3703 5609 dixisse
3728 5556 3804 5609 il-

2211 5640 2320 5692 lum
2373 5648 2633 5703 narrant,
2667 5638 2781 5710 Ego
2828 5639 3090 5696 Joannem
3121 5643 3397 5697 decollari.
3439 5646 3575 5700 Cum
3608 5656 3800 5702 autem

2212 5732 2356 5783 fama
2404 5730 2740 5799 praevaleret,
2784 5732 3003 5787 demum
3069 5735 3185 5804 ipsc
3244 5737 3385 5791 idem
3430 5738 3605 5806 ipsum
3639 5740 3801 5807 quod

2213 5822 2306 5877 alii
2328 5821 2488 5875 dixit.
2509 5820 2710 5878 Deinde
2743 5838 2872 5878 vero
2894 5824 3180 5881 historiam
3200 5827 3355 5882 illam
3384 5829 3541 5883 nobis
3554 5844 3803 5895 evange-
