4102 6450
426 407 542 460 ’489

437 528 560 583 lista
592 531 794 582 narrat.
827 527 894 582 Et
919 541 1014 580 cur
1037 537 1141 580 non
1167 524 1306 578 illam
1332 525 1698 594 praemiserat?
1729 525 1861 589 Quia
1895 524 1946 576 in
1971 539 2036 576 eo

440 628 587 674 totus
614 630 752 684 erat,
779 628 834 672 ut
863 616 1058 674 Christi
1087 629 1234 686 gesra
1263 615 1593 671 describeret
1619 658 1633 681 ,
1680 616 1919 685 nihilque
1945 631 2028 670 ex-

441 719 522 764 tra
555 726 666 766 rem
695 710 1038 779 evangelista:
1066 708 1361 773 dicebant,
1402 709 1503 762 nisi
1557 707 1606 762 id
1639 709 1706 762 ad
1734 708 2036 762 institutum

438 816 596 856 suum
628 802 937 858 referretur.
964 799 1076 856 Non
1100 817 1228 871 ergo
1249 800 1386 855 hanc
1409 800 1684 854 historiam
1710 815 2038 856 commemo-

440 906 653 952 rasscnt
676 939 689 959 ,
724 897 825 951 nisi
857 906 1076 965 propter
1103 895 1370 949 Christum
1397 936 1412 960 ,
1457 903 1513 949 et
1539 895 1638 948 nisi
1679 893 1918 948 Herodes
1955 893 2036 947 di-

440 993 612 1045 xisset
652 989 909 1045 Joannem
962 989 1338 1044 resurrexisse.
1383 987 1591 1042 Marcus
1637 986 1788 1058 (Cap.
1834 988 1886 1041 6.
1939 985 2035 1056 20)

442 1099 572 1138 vero
610 1084 684 1137 ait
720 1082 979 1138 Joannem
1011 1095 1202 1151 magno
1244 1081 1295 1134 in
1329 1082 1530 1135 honore
1569 1079 1733 1133 fuisse
1759 1078 1896 1148 apud
1929 1078 2034 1134 Ile-

442 1177 648 1242 rodcm,
694 1177 902 1232 etiamsi
946 1175 1035 1231 hic
1077 1175 1146 1229 ab
1177 1176 1266 1228 illo
1295 1174 1718 1244 redargueretur.
1752 1173 1918 1226 Tanta
1948 1187 2034 1228 res

439 1279 522 1323 est
546 1269 732 1320 virtus.
758 1266 961 1321 Deinde
986 1281 1204 1321 narrare
1230 1265 1307 1319 sic
1337 1267 1509 1334 pergit
1533 1283 1546 1318 :
1575 1265 1630 1320 5.
1661 1262 1883 1317 Herodes
1901 1262 2034 1316 enim

438 1375 560 1412 cum
585 1359 820 1412 tenuisset
853 1356 1144 1420 Joannem,
1176 1357 1349 1427 ligavit
1377 1373 1488 1409 eum
1509 1397 1524 1418 ,
1555 1364 1603 1409 et
1643 1356 1810 1424 posuit
1838 1356 1889 1408 in
1915 1370 2032 1408 car-

441 1468 604 1505 cerem
637 1459 843 1520 propter
867 1448 1212 1502 llerodiadem
1241 1463 1448 1502 uxorem
1478 1445 1710 1516 Philippi
1736 1446 1911 1516 fratris
1930 1445 2029 1499 sui.

440 1543 496 1596 4.
528 1541 734 1596 Dicebat
761 1541 895 1594 enim
938 1541 1017 1594 illi
1042 1539 1270 1593 Joannes
1293 1554 1312 1592 :
1339 1536 1461 1592 Non
1490 1536 1604 1592 licet
1631 1537 1720 1590 tibi
1750 1537 1934 1590 habere
1969 1536 2008 1589 il
2018 1567 2033 1576 -

441 1634 564 1686 lam.
600 1633 652 1687 5.
685 1630 749 1684 Et
770 1633 940 1686 uolens
965 1648 1079 1685 eum
1109 1631 1411 1698 interﬁcere,
1441 1629 1609 1683 timuit
1639 1628 1890 1692 turbam‘,
1914 1629 2033 1699 quia

439 1726 567 1778 sicut
598 1723 896 1793 prophetam
925 1738 1040 1777 eum
1067 1721 1336 1776 habebant.
1367 1721 1478 1776 Cur
1507 1737 1612 1776 non
1646 1720 2028 1786 Ilerodiadcm,

439 1815 535 1871 sed
566 1816 710 1870 illum
734 1815 1058 1886 alloquitur?
1105 1815 1240 1884 Quia
1283 1815 1583 1885 praecipuus
1612 1815 1701 1869 ille
1729 1821 1864 1869 erat.
1901 1813 2032 1869 Vide

439 1908 708 1978 quomodo
729 1909 1128 1964 accusationem
1161 1908 1336 1960 minus
1363 1920 1646 1961 onerosam
1675 1906 1852 1971 faciat,
1887 1907 2032 1960 itaut

441 2002 658 2056 historia
683 2001 858 2071 potius
883 2015 1042 2069 quam
1072 1999 1344 2055 accusatio
1377 1997 1624 2053 videatur
1653 2013 1794 2053 esse.
1826 1999 1878 2053 6.
1904 1998 2031 2052 Cum

436 2103 604 2146 autent
631 2092 864 2145 natalitia
898 2089 1120 2145 Herodis
1148 2099 1421 2161 agerentur
1439 2131 1454 2156 ,
1483 2089 1688 2144 saltavit
1716 2091 1827 2159 [ilia
1859 2088 2028 2144 Hero-

434 2184 604 2238 diadis
633 2185 685 2238 in
712 2184 880 2238 medio
901 2225 917 2250 ,
961 2193 1010 2237 et
1039 2185 1232 2254 placuit
1268 2182 1482 2237 Herodi.
1508 2182 1553 2238 Ο
1579 2183 1880 2238 convivium
1910 2183 2027 2237 dia-

436 2276 700 2330 bolicum!
731 2292 765 2331 o
796 2275 1061 2331 theatrum
1092 2276 1424 2331 satanicum!
1457 2292 1490 2328 ο
1523 2275 1757 2346 iniquam
1787 2276 2026 2330 saltatio-

434 2386 592 2434 nem,
641 2385 705 2425 ac
748 2369 1052 2425 mercedem
1095 2369 1396 2424 saltationis
1446 2369 1786 2438 iniquiorem.
1839 2367 2027 2424 Ctedcs

431 2463 577 2517 enim
604 2461 842 2517 omnium
889 2462 1265 2517 scelestissima
1297 2460 1649 2530 peragebatur
1671 2501 1686 2526 ,
1716 2467 1773 2514 et
1811 2460 1899 2528 qui
1938 2476 2028 2514 co-

430 2555 610 2609 ronari
657 2563 713 2609 et
755 2555 1016 2610 celebrari
1055 2555 1393 2619 merebatur,
1442 2554 1493 2608 in
1540 2553 1716 2608 medio
1755 2553 2027 2622 iugulatus

432 2658 514 2701 cst
562 2665 574 2699 :
621 2646 922 2701 daemonum
977 2656 1234 2715 tropaeum
1282 2646 1334 2700 in
1381 2660 1564 2701 mensa
1612 2653 1848 2700 erectum
1906 2645 2022 2698 fuit.

430 2739 679 2793 Victoriae
709 2739 897 2793 modus
922 2738 1134 2793 caneris
1161 2739 1328 2809 gestis
1353 2737 1546 2809 dignus
1578 2736 1694 2792 fuit.
1722 2736 1856 2791 Nam
1891 2734 2018 2790 Salo

430 2835 574 2897 tavit,
607 2830 797 2902 inquit,
828 2829 937 2896 ﬁlia
961 2828 1273 2884 Herodiadis
1300 2831 1352 2883 in
1384 2830 1569 2892 medio,
1599 2838 1646 2882 et
1677 2829 1872 2897 placuit
1913 2825 2022 2880 He-

429 2925 561 2977 rodi.
612 2925 664 2978 'l.
703 2922 849 2978 Unde
883 2923 1227 2994 jurejurando
1267 2922 1532 2994 aﬁirmavit
1569 2938 1623 2976 se
1664 2920 1744 2974 illi
1784 2920 2024 2973 daturum

427 3017 775 3086 quodcumque
803 3017 1020 3086 petierit.
1051 3015 1106 3068 8.
1138 3013 1242 3069 Illa
1286 3031 1399 3068 vero
1429 3031 1460 3067 a
1493 3024 1654 3066 matre
1684 3013 1980 3081 pramtonita
2006 3054 2018 3074 ,

430 3109 512 3164 Da
533 3111 674 3174 mihi,
709 3111 800 3173 ait,
832 3110 915 3163 ltic
943 3110 995 3163 in
1024 3109 1163 3163 disco
1189 3119 1342 3180 caput
1363 3106 1583 3161 Joannis
1620 3105 1887 3173 Baptista.
1915 3105 2022 3158 Du-

427 3203 544 3272 plex
572 3205 790 3268 crin‘ten,
817 3213 870 3257 et
895 3202 1036 3272 quod
1064 3202 1288 3265 saltarit,
1313 3211 1365 3256 et
1390 3200 1529 3270 quod
1561 3199 1836 3270 placuerit,
1865 3207 2021 3266 atque

426 3294 496 3347 ita
529 3295 806 3362 placuerit,
839 3305 894 3347 ut
925 3295 1098 3348 caules
1128 3295 1200 3346 illi
1231 3309 1329 3364 pro
1360 3294 1608 3348 mercede
1633 3302 1794 3347 esset.
1817 3290 2018 3344 .Vidcn'

423 3404 583 3453 quam
615 3386 870 3457 crudelis,
905 3401 1070 3456 quam
1097 3387 1430 3444 insensatus,
1456 3399 1619 3450 quam
1650 3398 1882 3439 vesanus
1907 3383 2018 3438 sit?

419 3478 738 3536 loramenta
761 3497 820 3537 se
844 3481 1136 3536 obnoxium
1165 3479 1377 3546 reddit;
1409 3479 1486 3534 illi
1517 3492 1648 3532 vero
1664 3479 1756 3534 dat
1775 3484 2016 3547 potesta-

425 3579 532 3625 tem
561 3571 774 3640 petendi
818 3587 938 3641 qute
977 3572 1126 3624 velit.
1157 3569 1292 3626 Cum
1330 3580 1509 3624 autem
1547 3569 1678 3622 vidit
1721 3569 1848 3637 quid
1892 3568 2017 3623 mali

426 3663 551 3717 hinc
579 3664 836 3726 evenerit,
868 3660 1207 3716 Contristatut
1244 3669 1337 3727 est,
1370 3660 1576 3730 inquit;
1605 3675 1928 3730 quamquam
1951 3661 2019 3714 ab

422 3754 578 3808 initio
603 3756 859 3824 ligavcrat
884 3756 1076 3824 ipsum.
1107 3754 1216 3808 Cur
1238 3767 1367 3824 ergo
1394 3751 1784 3808 contristatur?
1825 3752 2019 3823 Ilujus-

421 3848 566 3901 tnodi
589 3856 674 3903 est
702 3847 905 3900 virtus;
934 3847 1094 3901 etiam
1125 3845 1264 3916 apud
1297 3843 1572 3915 improbos
1600 3844 1940 3900 admirationi
1966 3855 2018 3899 et

423 3941 564 3994 laudi
595 3949 696 3994 est.
731 3938 858 4002 Sed,
886 3954 920 3992 ο
947 3939 1200 3992 furiosam
1229 3937 1530 4000 mulierem,
1563 3952 1682 4006 qua:
1711 3953 1830 3990 cutn
1858 3952 2018 4007 opor-

425 4039 563 4086 teret
586 4029 734 4084 illum
775 4027 1026 4088 admirari
1057 4043 1122 4082 ac
1151 4027 1397 4082 venerari
1423 4069 1438 4091 ,
1469 4026 1611 4097 quod
1643 4027 1810 4097 ipsam
1839 4027 1908 4081 ab
1937 4027 2018 4081 in-

421 4123 558 4194 jnria
585 4121 908 4186 vindicaret,
935 4121 1119 4175 drama
1149 4130 1317 4174 totum
1350 4120 1585 4183 ordinat,
1619 4121 1866 4188 laqueum
1901 4128 2017 4172 ten-

421 4216 523 4280 dit,
551 4215 882 4287 gratiamque
911 4217 1044 4285 petit
1070 4213 1387 4268 satanicatn.
1417 4212 1473 4268 9.
1506 4210 1534 4265 1
1541 4228 1630 4283 pse
1652 4220 1819 4264 autem
1847 4211 2013 4264 timuit

423 4316 628 4376 propter
643 4304 1033 4376 jusjurandum,
1065 4305 1257 4375 inquit,
1286 4314 1334 4359 et
1361 4304 1516 4358 simul
1542 4303 1901 4357 recumbentes.
1947 4302 2017 4357 Et

421 4413 518 4452 cur
543 4399 683 4468 quod
710 4398 922 4468 gravius
957 4405 1074 4452 erat
1097 4413 1203 4453 non
1231 4395 1500 4452 timuisti?
1530 4395 1663 4450 Nam
1692 4397 1736 4450 si
1761 4396 1904 4466 quod
1932 4404 2017 4451 te-

421 4499 534 4544 stes
566 4491 781 4559 perjurii
813 4489 1008 4545 habere
1040 4487 1395 4554 formidabas,
1419 4489 1595 4543 multo
1621 4488 1788 4559 magis
1811 4488 2014 4544 caedem

423 4582 712 4637 formidare
755 4583 1039 4652 oportebat
1066 4581 1137 4636 ita
1163 4581 1422 4652 iniquam,
1451 4595 1573 4636 cum
1606 4588 1684 4635 tot
1710 4588 1873 4636 testes
1900 4581 2016 4650 ejus

424 4672 670 4726 haberes.

495 4763 548 4818 5.
590 4764 722 4830 Quia
759 4778 888 4819 vero
908 4772 1035 4833 puto
1073 4765 1270 4819 multos
1303 4763 1660 4819 accusationis
1686 4777 1752 4819 ex
1781 4778 1884 4834 qua
1911 4778 2016 4819 cae-

421 4856 522 4911 des
547 4865 663 4911 orta
692 4866 775 4911 est
805 4865 1179 4927 argumentum
1211 4857 1492 4927 ignorare,
1528 4859 1894 4912 necessarium
1931 4865 2016 4912 est

423 4949 528 5004 hoc
549 4950 708 5003 etiam
740 4949 941 5016 dicere,
974 4959 1032 5003 ut
1063 4949 1382 5020 legislatoris
1414 4950 1748 5020 prudentiam
1771 4950 2011 5006 diseatis.

419 5039 678 5106 Quaenam
707 5054 838 5110 ergo
866 5051 1019 5096 vetus
1050 5040 1133 5095 lex
1173 5039 1260 5094 illa
1287 5049 1404 5096 erat
1423 5081 1439 5106 ,
1481 5057 1642 5111 quam
1678 5039 2013 5096 canculcavit

423 5132 695 5199 Herodes,
719 5143 776 5189 et
801 5133 1091 5188 vindicavit
1109 5133 1389 5190 Joannes?
1417 5134 1544 5204 Ejus
1565 5134 1653 5204 qui
1687 5135 1804 5191 sine
1831 5135 2014 5190 liberis

422 5233 722 5278 moreretur
741 5239 962 5279 uxorem
986 5225 1132 5278 fratri
1159 5224 1277 5278 duri
1302 5224 1585 5294 oportebat
1610 5224 1788 5295 (Deut.
1815 5225 1907 5282 25.
1931 5224 2012 5295 5).

422 5315 558 5381 Quia
577 5315 716 5370 enim
733 5329 838 5370 non
857 5315 1185 5371 consolabile
1196 5315 1394 5370 malum
1414 5330 1558 5370 mors
1573 5323 1690 5370 erat
1703 5358 1718 5382 ,
1735 5325 1790 5371 et
1801 5332 1898 5386 pro
1911 5316 2015 5370 vita

419 5409 686 5463 servanda
715 5409 847 5464 nihil
875 5426 980 5464 non
1006 5409 1198 5478 agitur,
1229 5410 1400 5480 legem
1430 5409 1646 5471 statuit,
1682 5420 1740 5464 ut
1767 5411 1854 5480 qui
1889 5409 2018 5464 vivit

420 5516 648 5556 uxorem
681 5500 860 5558 fratris
889 5503 1128 5558 defuncti
1175 5503 1377 5570 ducat,
1420 5514 1474 5559 et
1517 5502 1688 5558 lilium
1731 5505 1859 5559 hinc
1888 5521 2014 5574 pro-

418 5603 663 5648 creatum
693 5596 886 5649 mortui
911 5597 1128 5650 nomine
1154 5605 1328 5662 vocet,
1360 5597 1431 5651 ita
1461 5608 1516 5650 ut
1542 5597 1734 5652 domus
1761 5596 1878 5665 ejus
1907 5611 2014 5653 non

417 5684 655 5740 excidat.
682 5686 738 5743 Si
759 5689 904 5743 enim
929 5698 1174 5745 mortuus
1201 5690 1339 5747 filios
1365 5706 1477 5746 non
1505 5690 1872 5761 relinquebat,
1895 5705 2015 5760 qua:

424 5884 436 5892 _
487 5824 503 5856 ¹
542 5823 946 5895 quidamltabent
971 5839 985 5895 ξ
1013 5831 1066 5874 Et
1086 5825 1244 5895 volens
1265 5840 1376 5876 eum
1409 5823 1702 5891 interﬁcere,
1729 5825 1883 5892 posuit
1905 5839 2016 5878 eum

415 5887 472 5937 in
495 5899 711 5950 carcere,
736 5887 894 5939 timuit
909 5887 1036 5938 enim
1061 5887 1265 5940 turbam.

1367 402 1430 458 IN
1472 403 1882 459 MA'I‘TIIAEUM
1923 397 2154 456 IIOMIL.
2199 399 2423 456 XLVIII.
2464 403 2535 461 al.
2578 405 2764 462 XLIX.

3634 409 3735 465 £90

2157 527 2330 575 tamen
2369 523 2595 578 tuaxitna
2644 534 2729 581 est
2771 526 2962 580 mortis
3000 527 3337 591 consolatio,
3385 524 3740 583 intolerabilis

2145 611 2319 666 luctus
2360 613 2566 670 futurus
2589 623 2730 671 erat.
2769 615 2895 672 Ideo
2924 616 3197 688 legislator
3231 619 3372 672 hanc
3409 617 3737 674 consolatio-

2144 718 2266 758 nem
2305 705 2631 775 excogitavit
2677 707 2742 760 iis
2761 749 2776 773 ,
2799 707 2993 778 quibus
3023 715 3214 764 natura
3249 708 3387 764 filios
3415 719 3700 780 negaverat
3719 753 3734 773 .

2142 806 2197 850 et
2226 797 2552 852 nasciturum
2583 799 2724 854 illius
2755 801 2971 856 nomine
2998 802 3178 857 vocari
3209 802 3488 873 praecepit.
3515 801 3570 858 Si
3606 819 3736 858 vero

2143 897 2386 967 mortuus
2407 887 2570 943 filium
2599 891 2945 962 relinqueret,
2966 900 3092 947 tunc
3117 907 3224 948 non
3249 892 3451 950 licitum
3469 902 3586 949 erat
3605 909 3736 949 con-

2143 981 2388 1037 nuhium.
2419 982 2488 1037 Et
2525 998 2622 1037 cur
2649 983 2674 1038 ἲ
2706 985 2915 1054 inquies
2944 1001 2959 1039 :
3001 1001 3122 1040 nam
3161 987 3205 1040 si
3233 986 3388 1042 alteri
3417 988 3612 1043 licebat
3635 989 3736 1043 dn-

2139 1085 2294 1134 ccre.
2329 1073 2500 1128 multo
2542 1076 2712 1145 magis
2761 1076 2934 1131 fratri.
2982 1076 3328 1148 Nequaquam
3370 1094 3384 1132 :
3423 1079 3538 1136 vult
3590 1080 3732 1135 enim

2138 1165 2452 1221 affinitatem
2481 1167 2730 1235 extendi,
2766 1179 2821 1222 et
2852 1170 3048 1224 multas
3079 1170 3259 1225 haberi
3287 1172 3600 1227 occasiones
3637 1189 3732 1241 ce-

2137 1258 2404 1326 gnationis
2432 1260 2698 1315 iucundae.
2747 1261 2812 1316 Et
2851 1276 2949 1316 cur
2973 1262 3066 1319 illo
3089 1262 3204 1319 sine
3231 1263 3416 1320 liberis
3449 1265 3724 1334 defuncto,

2137 1364 2242 1402 non
2270 1350 2405 1407 alius
2428 1350 2625 1408 ducere
2654 1355 2909 1423 poterat?
2934 1353 3069 1424 Quia
3097 1356 3175 1412 sic
3205 1373 3312 1412 non
3341 1368 3556 1429 putatus
3593 1360 3728 1416 fuis-

2135 1448 2218 1495 set
2255 1456 2376 1497 esse
2419 1443 2613 1498 mortui
2640 1445 2779 1500 filius
2819 1463 2834 1499 :
2882 1459 3022 1502 nunc
3048 1463 3176 1503 vero
3213 1450 3513 1506 semioante
3541 1450 3728 1516 fratre,

2139 1535 2426 1604 probabilis
2461 1546 2577 1592 erat
2603 1538 2845 1593 inventio
2875 1538 2986 1594 illa.
3009 1540 3259 1611 Alioquin
3289 1557 3417 1598 vero
3439 1552 3729 1599 extraneas

2138 1641 2243 1682 non
2283 1635 2522 1696 putasset
2547 1631 2976 1686 constituendam
3019 1647 3141 1689 esse
3185 1633 3422 1690 defuncti
3463 1635 3726 1692 domum:

2140 1716 2226 1771 hic
2248 1728 2427 1773 autem
2459 1722 2791 1791 cognationis
2823 1722 2912 1792 jus
2947 1723 3198 1780 habebat.
3239 1726 3373 1793 Quia
3401 1742 3531 1797 ergo
3558 1728 3729 1785 IIcro-

2134 1808 2232 1864 des
2260 1826 2481 1866 uxorem
2507 1814 2683 1867 fratris
2699 1815 2802 1880 sui,
2824 1829 2942 1885 quae
2965 1817 3169 1885 prolem
3197 1816 3445 1884 habebat,
3464 1819 3610 1876 duxit
3627 1818 3726 1894 (ιι),

2136 1901 2258 1958 ideo
2312 1914 2527 1960 accusat
2591 1906 2738 1960 illum
2802 1906 3066 1978 Joannes,
3127 1917 3183 1964 et
3239 1910 3514 1967 moderate
3570 1913 3728 1970 simul

2133 2003 2294 2064 atque
2333 1994 2500 2050 libere
2540 2006 2776 2052 accusat.
2806 1997 2890 2054 Tu
2928 2015 3056 2055 vero
3098 1999 3228 2055 mihi
3258 2001 3561 2069 considera,
3591 2021 3726 2075 quo-

2133 2084 2297 2139 modo
2338 2087 2602 2140 theatrum
2651 2096 2818 2142 totum
2863 2091 3159 2145 satanicum
3191 2100 3246 2148 et
3282 2092 3606 2150 diabolicum
3635 2095 3726 2150 sit.

2134 2176 2314 2232 Primo
2341 2179 2482 2234 enim
2520 2179 2778 2235 ebrietate
2808 2191 2863 2236 et
2891 2181 3099 2237 deliciis
3125 2184 3438 2252 constabat,
3474 2187 3617 2242 unde
3643 2188 3727 2242 ni-

2134 2267 2209 2324 hil
2235 2284 2424 2324 sanum
2451 2271 2579 2325 oriri
2609 2280 2835 2341 poterat.
2879 2271 3147 2341 Secundo,
3169 2285 3502 2345 spectatores
3542 2294 3728 2334 corru-

2133 2367 2253 2428 ptos
2272 2359 2519 2427 habebat,
2547 2371 2600 2416 et
2622 2362 2973 2433 excipientem
2995 2365 3231 2419 ontnium
3251 2367 3503 2424 maxime.
3522 2368 3724 2437 Tertio,

2131 2449 2504 2507 delectationis
2544 2467 2714 2524 genus
2744 2454 2953 2510 ratione
2979 2470 3224 2510 vacuum.
3253 2457 3455 2524 Quarto
3473 2499 3489 2527 ,
3522 2463 3691 2531 puclla
3709 2503 3724 2524 ,

2134 2557 2352 2617 propter
2382 2563 2541 2618 quam
2580 2549 2904 2605 connubium
2933 2558 3120 2606 contra
3160 2552 3343 2622 legem
3384 2561 3530 2622 erat,
3565 2573 3724 2625 quam

2131 2643 2386 2698 occultari
2431 2644 2742 2713 oportebat,
2800 2652 2987 2716 utpote
3041 2644 3234 2715 injuria
3275 2645 3466 2702 affecta
3515 2659 3722 2714 matre,

2131 2733 2426 2806 ingreditur
2465 2749 2586 2790 sese
2620 2745 2938 2804 ostentans,
2981 2737 3128 2807 virgo
3171 2737 3486 2794 meretrices
3525 2753 3719 2794 euntes

2131 2825 2456 2896 impudentia
2503 2841 2785 2897 superans.
2813 2826 3050 2897 Tempus
3095 2829 3258 2884 etiam
3308 2846 3417 2886 non
3460 2831 3724 2886 modicam

2128 2920 2196 2975 ad
2216 2921 2641 2976 criminationem
2673 2921 2867 2992 iniqua:
2909 2920 2987 2976 rei
3015 2936 3201 2978 ansam
3245 2923 3468 2992 praebet.
3500 2923 3726 2992 Quando

2129 3013 2269 3068 enim
2292 3013 2574 3081 Oportebat
2596 3027 2718 3068 eum
2744 3013 2943 3083 gratias
2959 3012 3162 3069 referre
3186 3014 3315 3081 Deo,
3341 3015 3484 3084 quod
3514 3016 3606 3070 illo
3636 3016 3724 3070 die

2128 3104 2299 3172 ipsmn
2343 3105 2392 3158 in
2418 3105 2588 3158 lucem
2620 3105 2976 3174 produxisset,
3012 3114 3139 3162 tunc
3183 3105 3365 3176 iniqua
3412 3106 3500 3161 illa
3530 3122 3722 3179 aggre-

2125 3195 2269 3250 ditur
2301 3213 2314 3250 :
2363 3196 2574 3268 quando
2605 3197 2837 3251 vinctum
2871 3196 3084 3252 solvere
3109 3197 3412 3268 oportebat,
3443 3205 3569 3253 tunc
3607 3197 3721 3253 riu-

2125 3288 2262 3341 culis
2305 3286 2506 3342 ctedcm
2549 3285 2751 3356 adjicit.
2785 3287 2982 3342 Audite
3023 3294 3291 3357 quotquot
3336 3287 3419 3341 vel
3466 3287 3720 3358 virgines.

2126 3380 2208 3436 vel
2235 3379 2396 3436 etiam
2427 3377 2663 3434 maxime
2697 3387 2902 3448 nuptae,
2950 3379 3156 3438 alienas
3182 3379 3393 3454 nuptias
3424 3379 3504 3439 sic
3527 3379 3716 3441 delato

2125 3489 2254 3548 pare
2289 3471 2518 3542 audetis,
2561 3476 2840 3542 saltantes,
2871 3474 3246 3546 tripudiantes,
3289 3484 3346 3532 et
3373 3491 3712 3534 communem

2125 3581 2368 3626 naturam
2397 3569 2830 3624 dehonestantes.
2859 3569 3053 3623 Audite
3073 3569 3256 3636 etiam,
3277 3570 3398 3636 viri,
3439 3571 3530 3642 qui
3569 3587 3719 3627 sum-

2127 3672 2311 3730 ptuosa
2339 3661 2604 3726 convivia,
2623 3660 2882 3716 ebrietate
2903 3659 3058 3730 plena
3078 3660 3357 3716 sectamini
3382 3677 3397 3714 :
3427 3671 3480 3716 et
3499 3663 3721 3717 metuite

2123 3753 2321 3808 diaboli
2371 3751 2704 3807 barathrum.
2757 3751 2891 3807 Nam
2947 3750 3020 3806 ita
3062 3752 3413 3807 vehementer
3455 3753 3714 3808 miserum

2127 3855 2253 3900 tunc
2296 3845 2443 3898 illum
2490 3843 2703 3909 invasit,
2733 3853 2790 3898 ut
2811 3842 3020 3912 juraret
3052 3856 3112 3898 se
3153 3842 3431 3898 dimidium
3461 3844 3607 3914 regni
3634 3845 3729 3900 sui.

2122 3937 2367 3991 daturum
2398 3951 2539 3992 esse.
2573 3935 2706 3991 Illud
2755 3935 2899 3990 enim
2944 3935 3155 3990 Marcus
3182 3934 3352 3991 dicit:
3388 3935 3589 3990 Iuravit
3615 3936 3723 4003 illi,

2125 4029 2488 4097 Quodcumque
2525 4026 2724 4098 petieris
2751 4043 2785 4080 a
2812 4042 2891 4080 me
2928 4025 3059 4080 dabo
3087 4026 3214 4092 tibi,
3260 4042 3416 4096 usque
3454 4027 3524 4080 ad
3559 4026 3724 4080 dimi-

2121 4120 2264 4173 dium
2301 4120 2444 4190 regni
2481 4119 2578 4173 mei
2607 4120 2626 4189 (
2659 4116 2826 4173 Marc.
2858 4117 2912 4174 6.
2944 4116 3017 4173 εδ
3112 4116 3271 4173 Tanti
3312 4118 3519 4174 scilicet
3553 4118 3718 4174 ditio».

2123 4230 2245 4269 nem
2291 4229 2442 4268 suam
2474 4212 2744 4279 faciebat;
2774 4211 2845 4266 ita
2885 4211 3174 4281 voluptatis
3211 4210 3454 4280 captivus
3493 4221 3630 4278 erat,
3661 4221 3720 4267 ut

2122 4308 2390 4364 saltationi
2427 4307 2541 4363 lnec
2580 4305 2922 4362 concederet.
2962 4303 3169 4376 Ecquid
3217 4305 3462 4371 miraris,
3499 4305 3546 4360 si
3592 4315 3716 4362 tunc

2123 4401 2238 4456 haec
2263 4399 2402 4455 facta
2423 4407 2565 4462 sunt,
2588 4397 2803 4468 quando
2831 4411 2973 4452 nunc
3001 4397 3166 4453 etiam
3195 4405 3478 4468 postquam
3512 4405 3726 4452 tantam.

2122 4493 2372 4549 inivimus
2403 4490 2814 4560 philosophiam,
2860 4489 2930 4544 ob
2973 4488 3215 4544 mollium
3242 4487 3552 4559 huiusmodi
3583 4505 3714 4558 puo-

2120 4600 2303 4639 rorum
2335 4583 2676 4638 saltationem
2722 4580 2875 4635 multi
2917 4580 3126 4636 animas
3160 4593 3296 4635 suas
3331 4578 3676 4650 prodiderunt
3699 4621 3714 4644 ,

2122 4677 2248 4733 licet
2269 4675 2558 4746 juramcnti
2582 4672 2904 4729 necessitate
2917 4672 3167 4728 adstricti
3189 4687 3296 4728 non
3321 4682 3503 4728 essent
3522 4672 3561 4726 ?-
3576 4672 3712 4728 Nam

2120 4787 2151 4824 ιι
2190 4770 2463 4841 voluptate
2509 4767 2708 4838 captivi
2753 4765 2976 4821 abducti
2999 4764 3161 4835 quasi.
3197 4763 3428 4834 pecudes
3461 4773 3713 4836 aguntur,

2121 4878 2226 4933 quo
2271 4861 2428 4932 lupus
2465 4860 2585 4916 illos
2633 4858 2874 4914 traxerit.
2917 4856 3140 4928 qunod
3173 4865 3299 4912 tunc
3343 4857 3433 4914 ille
3477 4857 3713 4916 furiOsus

2123 4971 2312 5026 passus
2353 4963 2473 5019 est,
2505 4954 2612 5009 duo
2656 4952 2957 5023 turpissima
3001 4958 3338 5020 perpetrans,
3389 4961 3446 5007 et
3471 4951 3614 5024 quod
3648 4951 3714 5005 il-

2123 5049 2228 5102 lam
2269 5047 2540 5103 dominam
2571 5045 2760 5101 Eccerit
2803 5043 2882 5098 sic
2911 5042 3166 5098 furiosam
3189 5083 3205 5108 ,
3249 5043 3452 5100 ebriam
3481 5052 3538 5100 et
3577 5043 3719 5101 nihil

2121 5141 2248 5195 mali
2283 5148 2618 5194 recusantem
2647 5154 2664 5203 ;
2692 5144 2753 5192 et
2779 5134 2922 5206 quod
2958 5134 3281 5190 necessitate
3311 5134 3606 5205 juramcnti
3641 5136 3711 5190 ita

2121 5245 2181 5288 se
2206 5230 2574 5286 obstrinxerit.
2606 5230 2677 5284 At
2717 5229 2844 5283 licet
2886 5227 2977 5282 ille
3006 5235 3114 5282 tam
3147 5227 3359 5296 iniquus
3397 5237 3583 5294 esset,
3608 5227 3718 5281 ini-

2120 5323 2278 5393 quior
2313 5332 2494 5375 tatnen
2531 5329 2585 5375 et
2619 5329 2843 5392 tyranno
2886 5326 2942 5373 et
2979 5317 3158 5388 puella
3185 5327 3300 5373 erat
3342 5318 3556 5376 mulier.
3599 5318 3713 5388 Ipsa

2123 5417 2272 5470 enim
2301 5414 2414 5469 haec
2440 5412 2578 5468 mala
2600 5412 2778 5468 omnia
2809 5420 2864 5466 et
2883 5419 3050 5466 totum
3075 5409 3260 5465 drama
3291 5407 3547 5464 fabricata
3576 5417 3711 5475 erat.

2122 5525 2244 5580 quae
2285 5518 2461 5563 tamen
2501 5505 2725 5578 gratiam
2766 5503 3042 5575 prophetae
3069 5501 3270 5558 habere
3304 5501 3598 5557 debuisset.
3629 5501 3721 5556 Fi-

2121 5602 2189 5657 lia
2219 5602 2416 5672 quippe
2441 5600 2540 5669 ipsi
2573 5613 2776 5653 morem
2801 5610 2996 5667 gerens
3024 5607 3079 5650 ct
3108 5596 3336 5666 turpiter
3360 5594 3490 5664 egit,
3527 5603 3581 5649 et
3609 5597 3716 5648 sal-

2123 5693 2272 5758 tavit,
2319 5699 2376 5747 et
2410 5689 2616 5747 ctedem
2666 5688 2858 5761 petiit,
2901 5685 3250 5756 Herodesque
3287 5683 3356 5740 ab
3405 5685 3520 5756 ipsa
3555 5687 3708 5758 quasi

2211 5823 2264 5887 ᾳ)
2298 5828 2441 5887 Juxta
2463 5819 2608 5887 alios,
2627 5819 2981 5887 ideo_Joaune_s
3009 5818 3250 5887 accusant
3281 5816 3543 5887 Herodem,
3560 5817 3711 5886 quod,

2127 5879 2346 5950 Philippo
2364 5885 2514 5936 fratre
2535 5883 2692 5934 adhuc
2712 5882 2930 5943 vivente,
2947 5880 3100 5946 ipsius
3122 5891 3328 5931 uxorem
3348 5879 3589 5930 duxisset.
