4102 6502
412 441 511 498 491

414 569 616 626 sagens
671 561 863 624 captus
912 562 1015 609 est.
1056 551 1246 609 Yideu’
1272 567 1433 622 quam
1468 551 1715 622 apposite
1760 549 2010 607 Christus

414 647 614 703 dixerit
646 663 661 701 :
697 645 802 714 Qui
827 655 966 700 autat
998 652 1192 716 patrem
1217 655 1308 698 aut
1335 654 1550 699 matrem
1576 644 1693 714 plus
1724 660 1880 716 quam
1908 658 2008 710 me,
2037 693 2085 707 _

416 755 519 794 non
546 748 620 793 est
640 755 719 793 tua
742 737 928 809 dignus
950 734 1174 807 (Matth.
1218 735 1308 793 10.
1341 736 1444 808 57)
1471 734 1647 790 ἳΝλω
1672 735 1717 791 si
1748 734 1837 790 illa
1871 732 2012 788 hanc

416 839 642 902 sequuta
670 836 839 885 esset
882 828 1095 899 legem,
1145 842 1254 883 non
1297 835 1376 883 tot
1416 827 1562 898 leges
1597 826 1869 890 violasset,
1900 840 2007 882 nou

417 924 560 979 hanc
581 923 785 979 eadem
824 928 1205 993 perpetrasset.
1235 920 1371 976 Nam
1394 919 1522 991 quid
1551 921 1650 974 hac
1679 918 2010 974 immanitate

418 1017 687 1081 deterius,
717 1014 920 1071 caedem
962 1022 1024 1068 ut
1059 1014 1283 1083 gratiam
1313 1012 1582 1082 pustulam
1606 1052 1623 1078 ,
1655 1010 1858 1068 caedem
1901 1007 2008 1064 ini-

411 1125 594 1181 quam,
627 1108 833 1165 caedem
873 1107 1013 1163 inter
1035 1107 1241 1178 epulas,
1272 1105 1474 1161 eaedem
1500 1105 1710 1177 publice
1740 1113 1793 1160 et
1832 1104 2007 1174 impu-

416 1204 608 1259 denter
640 1202 861 1273 petitam
893 1201 916 1255 ?
942 1199 1129 1270 Neque
1172 1199 1317 1255 enim
1353 1211 1598 1254 seorsum
1628 1196 1858 1253 accessit
1892 1194 2011 1251 lucc

414 1295 643 1365 petitura
664 1334 681 1360 ,
713 1292 810 1348 sed
852 1291 1089 1364 publice,
1111 1298 1167 1347 et
1205 1289 1378 1359 posita
1416 1288 1584 1355 larva,
1615 1287 1762 1343 nudo
1796 1285 2005 1358 capite,

413 1385 612 1441 diaboli
663 1399 761 1440 usa
805 1381 1141 1454 patrocinio,
1172 1379 1291 1436 haec
1332 1380 1426 1435 illo
1454 1381 1617 1435 modo
1659 1378 1879 1450 loquuta
1902 1388 2008 1435 est.

412 1478 547 1534 Nam
580 1477 632 1532 id
676 1474 925 1532 diabolus
970 1473 1169 1541 effecit,
1199 1482 1256 1527 ut
1297 1472 1385 1527 illa
1426 1472 1629 1526 saltans
1654 1470 1911 1541 placeret,
1954 1478 2011 1526 et

410 1570 690 1627 Herodem
739 1578 870 1625 tunc
916 1576 1154 1639 caperet.
1202 1565 1303 1622 Ubi
1343 1565 1487 1621 enim
1514 1564 1763 1631 saltatio,
1793 1563 1863 1619 ibi
1888 1562 2007 1619 dia-

414 1663 593 1719 bolus.
621 1661 810 1733 Neque
832 1660 978 1717 enim
1007 1660 1127 1716 ideo
1156 1657 1322 1730 pedes
1365 1657 1520 1714 nobis
1546 1656 1697 1714 dedit
1736 1657 1908 1724 Deus,
1952 1665 2012 1711 ut

416 1754 484 1810 iis
512 1754 741 1823 turpiter
779 1761 1023 1817 utamur,
1051 1750 1146 1806 sed
1186 1758 1244 1805 ut
1269 1759 1416 1806 recte
1440 1748 1750 1821 gradiantur
1775 1765 1794 1815 ;
1822 1762 1929 1803 non
1952 1757 2012 1804 ut

415 1843 644 1914 perinde
671 1854 835 1914 atque
874 1842 1065 1898 cameli
1101 1841 1359 1897 saltemus
1399 1841 1420 1912 (
1450 1856 1571 1896 nam
1594 1850 1652 1896 et
1677 1840 1868 1896 cameli
1899 1840 2007 1895 sal-

424 1948 601 1995 tantes
638 1938 902 2008 ingratum
933 1935 1298 2006 spectaculum
1347 1934 1547 2002 edunt,
1580 1934 1854 2004 [uultuque
1895 1948 2010 1987 ma-

413 2031 497 2096 gis
525 2029 812 2100 mulieres)
831 2069 855 2099 ,
894 2027 988 2083 sed
1036 2034 1092 2083 ut
1124 2041 1249 2082 cum
1278 2027 1484 2097 angelis
1511 2026 1738 2082 choreas
1763 2041 2009 2097 agamus.

411 2121 469 2178 Si
514 2122 655 2177 enim
706 2134 904 2190 corpus
954 2118 1008 2173 id
1047 2133 1213 2188 agens
1256 2125 1410 2188 turpe
1458 2125 1569 2182 est,
1617 2117 1786 2171 multo
1841 2118 2009 2186 magis

412 2217 613 2270 anima.
656 2215 744 2272 Sic
772 2215 970 2270 saltant
996 2213 1273 2269 daemones
1324 2231 1340 2268 :
1385 2213 1464 2268 sic
1486 2212 1775 2293 adulantur
1807 2210 2008 2268 dmino-

411 2324 542 2363 nutn
572 2308 821 2367 ininislri.
1851 2323 1860 2327 '

480 2401 535 2455 4.
568 2400 673 2456 Sed
706 2399 1015 2470 petitionem
1056 2400 1226 2469 ipsam
1260 2398 1562 2456 considam.
1594 2396 1680 2452 Da
1709 2399 1866 2464 mihi,
1898 2400 2006 2466 ait,

411 2493 496 2547 hic
521 2492 576 2547 in
600 2491 742 2546 disco
770 2502 921 2563 caput
948 2491 1169 2546 Joannis
1198 2489 1462 2562 Baptism.
1494 2489 1683 2545 Viden’
1721 2490 2006 2559 impuden-

412 2594 545 2651 tem,
571 2599 691 2659 qua:
717 2593 881 2638 totam
903 2582 1116 2638 diabolo
1143 2596 1203 2639 se
1229 2581 1476 2637 dedidit?
1502 2582 1820 2651 Dignitatem
1846 2580 2009 2636 Joan-

412 2677 500 2730 nis
524 2686 806 2742 memorat,
836 2690 1010 2745 neque
1034 2684 1211 2730 tamen
1235 2675 1315 2729 sic
1337 2673 1623 2739 erubescit,
1652 2673 1746 2728 sed
1774 2688 1839 2728 ac
1868 2674 1913 2728 si
1940 2674 2008 2729 dc

412 2767 536 2821 cibo
562 2768 814 2838 quopiam
847 2768 1174 2837 loqueretur,
1205 2767 1285 2822 sic
1312 2781 1525 2821 sacmm
1548 2776 1603 2822 et
1631 2766 1843 2821 beatum
1874 2765 2008 2821 illud

411 2869 574 2930 caput
614 2860 667 2915 in
703 2859 854 2916 disco
892 2859 1068 2915 efferri
1118 2861 1269 2930 petit.
1308 2858 1517 2913 Nullam
1553 2857 1710 2913 all‘ert
1745 2872 2003 2913 causam:

412 2968 589 3023 neque
611 2954 756 3009 enim
788 2961 1033 3024 poterat;
1070 2952 1168 3007 sed
1206 2951 1522 3020 simpliciter
1549 2952 1742 3021 quaerit
1779 2950 2006 3005 aliorum

410 3045 805 3101 calamitatibus
824 3044 1099 3100 honorari.
1121 3043 1238 3100 Non
1255 3044 1411 3111 dixit,
1432 3043 1685 3099 Introduc
1712 3044 1859 3098 illum
1879 3042 2004 3109 huc,

413 3150 469 3193 et
499 3139 713 3195 immola
744 3158 758 3195 :
792 3153 964 3209 neque
993 3139 1136 3194 enint
1178 3138 1421 3193 morituri
1463 3137 1712 3208 loquendi
1758 3136 2006 3193 fiduciam

416 3229 646 3286 tulisset.
676 3229 811 3286 Nam
842 3230 1062 3286 timebat
1087 3229 1172 3284 vel
1200 3228 1417 3286 mactati
1455 3243 1645 3284 vocem
1679 3228 1864 3284 audire
1894 3238 2005 3285 ter-

411 3320 621 3377 ribilem
646 3338 660 3375 :
682 3336 856 3392 neque
875 3321 1019 3378 enim
1034 3321 1208 3392 capite
1228 3320 1568 3376 mulctandus
1589 3321 1857 3377 tacuisset.
1884 3320 2008 3378 Ideo

413 3412 488 3465 ait
502 3421 523 3460 :
550 3410 637 3465 Da
656 3411 780 3466 mihi
804 3411 889 3465 hic
912 3413 964 3465 in
985 3412 1124 3467 disco
1148 3431 1165 3468 :
1194 3426 1316 3465 nam
1340 3410 1573 3482 linguam
1590 3410 1741 3467 illam
1759 3414 2007 3470 silentem

414 3503 597 3558 videre
628 3504 808 3573 cupio.
844 3501 1030 3573 Neque
1056 3502 1293 3582 effugere
1318 3502 1492 3558 solum
1528 3503 1672 3559 illius
1706 3504 2005 3575 reprelien-

410 3595 593 3649 siones
617 3593 848 3662 volebat,
874 3594 970 3651 sed
993 3594 1249 3649 insultare
1265 3593 1461 3663 jaceuti
1482 3604 1539 3651 et
1562 3594 1808 3652 deridere
1832 3596 2003 3654 illum.

412 3685 556 3741 Deus
581 3700 710 3741 vero
737 3685 791 3740 id
822 3686 1085 3755 permisit,
1117 3700 1220 3742 nec
1258 3685 1460 3742 fulmen
1489 3700 1723 3758 superne
1752 3688 1917 3756 misit,
1949 3698 2007 3744 ut

413 3777 777 3848 impudentem
816 3777 961 3833 illam
996 3776 1187 3834 faciem
1223 3777 1609 3836 combureret:
1643 3794 1817 3851 neque
1846 3780 2008 3851 jussit

413 3879 610 3926 terram
642 3868 787 3926 hiatu
823 3878 994 3926 totum
1025 3870 1154 3926 illud
1194 3871 1437 3941 iniquum
1478 3872 1786 3929 convivium
1815 3874 2005 3931 absor-

410 3962 541 4019 bere
565 4002 582 4025 ,
621 3972 681 4017 ut
718 3962 879 4018 simul
917 3965 1121 4032 justum
1152 3964 1350 4019 clarius
1378 3973 1662 4020 coronaret
1685 4006 1698 4031 ,
1731 3975 1787 4021 et
1819 3966 1886 4021 iis
1912 3968 2004 4038 qui

408 4053 589 4124 iniqua
635 4053 846 4123 passuri
890 4065 1075 4125 postea
1120 4066 1304 4111 essent
1325 4097 1340 4121 ,
1384 4072 1629 4128 magnam
1677 4058 2006 4129 relinqueret

408 4148 856 4203 consolationem.
888 4148 1191 4205 Audiamus
1220 4149 1384 4219 igitur
1420 4159 1687 4220 quotquot
1708 4151 1780 4206 ab
1807 4151 2006 4223 iniquis

409 4239 717 4295 hominibus
734 4241 917 4313 gravia
943 4240 1173 4312 patimur
1195 4240 1321 4297 dum
1347 4252 1497 4298 recte
1520 4242 2004 4300 vivimus.‘Etcnim

409 4343 539 4390 tunc
566 4333 705 4389 Deus
732 4348 922 4405 passus
950 4344 1035 4391 est
1055 4350 1178 4390 eum
1199 4376 1217 4400 ,
1242 4336 1332 4404 qui
1363 4335 1416 4390 in
1444 4335 1732 4392 solitudine
1756 4336 2001 4404 vixerat,

406 4428 500 4497 qui
528 4428 583 4483 in
606 4442 744 4483 zona
775 4427 1019 4498 pellicea,
1047 4428 1139 4499 qui
1181 4429 1235 4483 in
1276 4428 1474 4495 cilicio,
1504 4429 1840 4500 prophetam,
1874 4447 2002 4502 pro-

406 4519 589 4590 phetis
628 4521 887 4589 majorem
910 4560 926 4586 ,
964 4536 1072 4591 quo
1120 4521 1298 4576 nullus
1333 4520 1505 4592 major
1546 4538 1798 4593 umquam
1826 4523 2004 4581 fuerat

406 4615 736 4670 internatas
761 4611 1048 4668 mulierum
1090 4611 1311 4685 (Matth.
1342 4613 1431 4670 11.
1471 4614 1608 4684 Η),
1635 4614 1867 4683 interfici
1903 4630 2004 4687 per

406 4705 641 4778 puellam
694 4705 1021 4777 impudicam
1069 4714 1128 4762 et
1176 4716 1480 4776 corruptam
1532 4709 1871 4764 meretricem
1905 4716 2003 4765 :et

407 4799 527 4857 lucc
549 4799 677 4856 dum
704 4798 915 4855 divinas
943 4801 1089 4872 leges
1116 4808 1376 4856 tueretur.
1404 4798 1531 4856 limo
1556 4800 1738 4871 itaque
1762 4801 2033 4873 cogitant

406 4902 527 4959 tes,
562 4890 796 4947 feramus
835 4906 1099 4963 generose
1135 4891 1314 4947 omnia
1350 4907 1703 4963 quaecumque
1743 4894 1999 4964 patimur.

405 4983 540 5038 Nam
568 4992 625 5039 et
652 4995 780 5039 tunc
805 4983 1143 5054 sanguinaria
1184 4983 1275 5038 illa
1313 4992 1371 5038 et
1408 4982 1588 5054 iniqua
1632 4991 1835 5039 tantum
1878 4998 2002 5041 sese

404 5078 474 5131 de
497 5092 585 5141 co,
610 5076 703 5146 qui
725 5077 828 5132 sibi
848 5075 1091 5133 dolo-em
1115 5077 1388 5142 attulerat,
1410 5075 1721 5143 vindicavit,
1742 5087 1999 5148 quantum

403 5171 595 5236 voluit,
618 5170 751 5225 iram
775 5179 940 5225 totam
960 5170 1192 5234 satiavit,
1212 5180 1270 5225 et
1291 5169 1431 5225 Deus
1449 5168 1500 5224 id
1523 5168 1799 5240 permisit:
1821 5185 2003 5240 quam.

400 5281 565 5337 quam
590 5263 724 5319 nihil
745 5262 821 5318 illi
839 5261 1076 5319 Joannes
1094 5262 1325 5326 dixerat,
1348 5276 1449 5318 nec
1466 5263 1612 5318 illam
1630 5272 1997 5328 accusaverat.
2040 5318 2069 5337 ,

402 5358 498 5413 sed
525 5357 697 5412 virum
724 5365 950 5411 tantum.
981 5354 1090 5411 Sed
1114 5355 1441 5411 conscientia
1467 5357 1694 5413 acerbus
1719 5365 2002 5413 accusator

403 5459 544 5504 erat.
574 5449 808 5521 Ideoque
828 5448 882 5502 in
910 5447 1115 5516 majora
1137 5447 1456 5516 erumpebat
1477 5449 1639 5517 mala,
1663 5447 1879 5515 dolens,
1902 5447 2001 5504 stin

404 5545 564 5597 mulis
584 5544 813 5614 agitata;
843 5542 1108 5612 simulque
1134 5540 1481 5598 dedecoravit
1503 5555 1715 5609 omnes,
1739 5541 1994 5612 seipsam,

405 5634 588 5698 tiliam.
606 5636 887 5692 dimissum
908 5635 1105 5701 virum,
1126 5635 1394 5689 viventem
1421 5638 1713 5702 tumeliam,
1739 5645 1795 5690 et
1817 5636 1995 5707 priora

403 5741 658 5796 superare
679 5731 943 5786 certabat.
972 5728 1028 5785 Si
1052 5727 1228 5795 doles,
1258 5728 1453 5797 inquit,
1476 5727 1618 5798 quod
1647 5727 1737 5784 ille
1759 5732 1999 5787 mmche-

404 5832 491 5873 tur
508 5858 523 5879 .
549 5835 652 5890 ego
692 5823 843 5880 illum
880 5821 1207 5881 homicidam
1234 5819 1423 5878 faciam
1449 5863 1467 5892 ,
1493 5831 1549 5880 et
1578 5824 1882 5883 accusantis
1910 5824 1993 5881 in~

402 5908 762 5972 terfectorem.

1115 438 1170 495 S.
1209 438 1488 496 JOANNIS
1522 433 2000 493 CllllYSOS'l‘OMl
2039 432 2356 495 ARCIIIEP.
2396 441 2931 504 CONSTANTINOP.

3605 457 3710 516 illi

2190 546 2599 622 Imprudentium
2616 558 3025 628 jurarnentorum
3053 571 3102 619 et
3128 566 3477 637 fundatiom's
3496 579 3709 634 (anu.

2114 670 2187 683 -—
2213 642 2408 701 Audite
2429 659 2692 720 quotquot
2715 651 2858 708 ultra
2880 669 3044 724 quam
3068 655 3146 713 fas
3178 669 3266 717 est
3301 664 3558 723 uxoribus
3596 671 3711 739 pla-

2112 749 2237 790 cere
2262 738 2508 795 studetis.
2540 742 2735 799 Audite
2757 756 3020 817 quotquot
3037 750 3180 807 circa
3199 767 3289 809 res
3314 755 3546 816 incertas
3564 738 3713 831 jura-

2115 838 2295 919 menta
2325 832 2596 900 praebetis,
2626 836 2852 907 aliisque
2879 840 3135 908 perniciei
3162 854 3354 901 vestrm
3388 859 3707 919 potestatem

2115 917 2380 988 tribuitis,
2409 937 2472 977 ac
2507 925 2659 982 vobis
2698 926 3005 985 barathrum
3043 931 3300 992 eﬂ‘oditis.
3343 917 3435 995 Sic
3470 940 3709 1000 Hermles

2113 1009 2293 1078 periit.
2323 1010 2556 1070 Putabat
2591 1016 2737 1072 enim
2779 1018 2948 1090 ipsam
2977 1022 3251 1096 quidpiam
3293 1031 3542 1088 convivio
3578 1048 3712 1090 con-

2113 1111 2429 1160 sentaneum
2457 1107 2742 1175 petituram
2763 1126 2905 1177 esse,
2933 1114 3271 1187 puellamque
3291 1119 3343 1173 in
3369 1122 3712 1182 solemnitate

2113 1202 2168 1248 et
2205 1192 2347 1252 inter
2377 1198 2584 1266 epulas,
2618 1216 2728 1256 rem
2762 1204 3051 1272 gratiosam
3080 1215 3136 1263 et
3162 1208 3366 1278 laetam,
3394 1227 3501 1268 non
3528 1225 3709 1273 autem

2112 1296 2274 1358 caput
2294 1288 2395 1344 viri
2429 1292 2811 1360 postulaturam
2837 1311 2996 1364 esse;
3033 1310 3089 1355 et
3109 1299 3373 1373 deceptus
3395 1315 3497 1362 est.
3551 1309 3709 1366 Atta-

2113 1392 2237 1434 men
2268 1379 2402 1436 nibil
2433 1381 2625 1438 horum
2658 1385 2831 1454 ipsum
2863 1390 3127 1460 purgabit.
3168 1392 3395 1450 Etiamsi
3434 1398 3583 1453 enim
3616 1399 3710 1458 illa

2113 1483 2234 1524 cum
2261 1470 2386 1527 feris
2413 1477 2760 1544 pugnantium
2791 1479 3026 1535 virorum
3057 1484 3292 1540 animant
3321 1486 3595 1556 habuerit,
3625 1501 3709 1549 at-

2114 1569 2293 1619 tamen
2321 1579 2427 1620 nou
2454 1565 2634 1623 decuit
2661 1569 2806 1624 illum
2837 1585 2898 1628 se
2922 1576 2994 1628 ita
3024 1574 3398 1644 decipiendum
3426 1582 3669 1652 prmbere
3688 1626 3707 1651 ,

2114 1669 2219 1745 nec
2247 1659 2527 1727 tyrannica
2550 1660 2769 1733 obsequi
2796 1664 3041 1734 imperio.
3064 1667 3246 1724 Primo
3267 1672 3434 1740 enim,
3456 1675 3577 1745 quis
3597 1692 3709 1733 non

2112 1744 2397 1803 exhorruit
2428 1763 2639 1806 sacrum
2676 1753 2807 1808 illud
2842 1765 3003 1826 caput
3028 1757 3215 1815 videns
3242 1744 3557 1833 sanguinem
3586 1767 3707 1822 stil-

2112 1835 2256 1903 lare,
2285 1848 2341 1894 et
2365 1839 2505 1895 inter
2528 1841 2713 1911 epulas
2741 1846 2975 1913 reponi?
3004 1848 3073 1902 At
3099 1863 3206 1904 non
3242 1849 3456 1922 iniquus
3482 1855 3572 1911 ille
3602 1854 3713 1913 He-

2113 1927 2325 2017 rodes,
2354 1945 2462 1986 non
2507 1933 2884 1990 exsecrabilior
2923 1937 3016 1993 illo
3059 1940 3273 1996 mulier.
3313 1942 3472 1999 Tales
3509 1947 3713 2017 quippe

2111 2032 2237 2078 sunt
2263 2026 2572 2081 meretrices
2598 2044 2613 2081 :
2637 2029 2876 2083 omnium
2906 2032 3346 2100 petulantissima:
3368 2047 3421 2093 et
3445 2040 3710 2097 crudelis-

2111 2118 2283 2173 simae.
2312 2118 2444 2174 Nam
2466 2121 2514 2174 si
2536 2135 2636 2176 nos
2659 2122 2775 2178 haec
2793 2122 3074 2180 audientes
3096 2128 3572 2197 perhorrescimus,
3596 2149 3707 2203 quo

2110 2211 2292 2266 animo
2317 2210 2483 2269 fuisse
2519 2214 2812 2284 putandum
2851 2226 2936 2271 est
2970 2232 3066 2273 eos
3089 2220 3179 2289 qui
3220 2219 3336 2277 hac
3369 2222 3499 2293 ipsis
3532 2227 3712 2284 oculis

2110 2302 2438 2359 cernerent?
2461 2304 2589 2374 quid
2615 2305 2758 2376 passi
2785 2314 2911 2361 sunt
2935 2309 3177 2365 conviva:
3199 2320 3362 2381 caput
3381 2328 3573 2370 recens
3590 2331 3711 2371 am-

2111 2402 2353 2463 putatum
2393 2403 2450 2450 et
2498 2397 2814 2467 sanguinem
2856 2397 3105 2455 videntes
3144 2400 3199 2457 in
3238 2402 3419 2458 medio
3458 2407 3713 2464 convivio

2111 2485 2456 2556 repositum?
2486 2488 2553 2541 At
2581 2503 2688 2543 non
2716 2489 3058 2560 sanguinaria
3089 2491 3175 2548 illa
3204 2501 3259 2549 et
3287 2493 3419 2565 ipsis
3447 2496 3596 2552 furiis
3621 2498 3708 2554 fe-

2110 2576 2290 2631 rocior
2318 2575 2412 2631 illo
2438 2590 2706 2633 commota
2738 2576 2838 2634 fuit
2863 2582 3172 2650 spectaculo
3190 2625 3205 2648 ,
3236 2585 3332 2640 sed
3356 2588 3656 2646 exsultabat
3685 2608 3709 2647 :

2110 2668 2279 2739 atqui,
2304 2669 2407 2725 etsi
2435 2686 2542 2726 non
2568 2671 2806 2736 aliunde,
2834 2689 2900 2729 ex
2928 2676 3047 2730 solo
3072 2685 3292 2746 aspectu
3321 2679 3512 2735 saltem
3550 2681 3706 2736 fasti.

2107 2760 2255 2815 dium
2293 2776 2654 2835 nauseamque
2693 2766 2992 2835 ingenerari
3033 2783 3130 2839 par
3169 2778 3304 2826 erat.
3335 2770 3535 2829 Verum
3571 2774 3709 2830 nihil

2109 2850 2412 2922 huiusmodi
2444 2869 2600 2925 passa
2630 2865 2713 2911 est
2743 2856 2830 2912 illa
2856 2858 3170 2929 sanguinem
3200 2861 3390 2918 sitiens
3427 2864 3707 2935 propheti-

2109 2957 2254 2997 cum.
2282 2942 2429 3001 Talis
2454 2953 2539 3001 cst
2576 2945 2857 3003 fornicatio
2885 2967 2899 3003 :
2933 2965 3040 3005 non
3073 2950 3299 3007 lascivos
3335 2961 3540 3011 tantum
3564 2997 3582 3024 ,
3607 2958 3709 3014 sed

2110 3041 2166 3088 et
2192 3033 2487 3091 homicidas
2531 3037 2716 3094 efficit.
2759 3038 2895 3096 Nam
2933 3041 3178 3099 adulterii
3205 3045 3414 3117 cupidae
3451 3049 3711 3107 mulieres

2108 3125 2179 3181 ad
2204 3126 2407 3184 easdem
2435 3140 2561 3185 sunt
2587 3140 2787 3202 parata:
2814 3133 3051 3190 virorum
3071 3177 3087 3204 ,
3115 3138 3206 3208 qui
3235 3138 3427 3209 injuria
3454 3139 3707 3199 afﬁciun-

2111 3226 2230 3287 tur;
2255 3236 2355 3278 nec
2378 3237 2539 3279 unam
2562 3232 2768 3280 tantum
2795 3226 2877 3282 vel
2903 3227 3060 3297 duas,
3080 3229 3176 3286 sed
3196 3239 3251 3287 et
3271 3231 3576 3292 innumeras
3598 3252 3709 3295 cc-

2108 3310 2207 3368 des
2233 3313 2349 3370 fieri
2385 3313 2542 3372 facile
2564 3318 2892 3374 curaverint.
2922 3319 3187 3378 Similium
3216 3339 3379 3394 porro
3406 3324 3707 3389 facinorum

2109 3402 2267 3459 multi
2303 3412 2469 3462 testes
2503 3415 2651 3465 sunt.
2690 3408 2747 3464 ld
2789 3410 2951 3467 etiam
2995 3412 3088 3468 illa
3127 3422 3254 3471 tunc
3292 3415 3453 3486 fecit,
3483 3434 3709 3490 sperans

2112 3503 2315 3550 tantum
2343 3495 2551 3553 facinus
2575 3499 2630 3555 in
2659 3499 2981 3558 oblivionem
3012 3504 3225 3562 tandem
3250 3522 3371 3565 esse
3398 3519 3703 3569 venturum.

2110 3583 2220 3641 Sed
2254 3589 2584 3645 contrarium
2622 3604 2847 3661 prorsus
2880 3595 3061 3652 evenit
3091 3613 3106 3651 :
3136 3612 3262 3653 nam
3301 3599 3458 3672 longe
3488 3603 3705 3660 clariori

2110 3690 2243 3733 voce
2271 3686 2455 3749 postea
2479 3679 2721 3740 Ioannes
2742 3683 3016 3742 clamavit.
3130 3676 3145 3686 ’

2179 3770 2234 3826 5.
2266 3770 2509 3842 Nequitia
2541 3775 2611 3828 ad
2647 3793 2871 3847 presens
2894 3788 3091 3851 tempus
3113 3782 3278 3838 solum
3313 3786 3541 3856 respicit.
3566 3785 3705 3843 Pec-

2107 3872 2275 3917 catum
2301 3881 2401 3920 non
2429 3868 2613 3938 tegitur
2637 3886 2728 3939 per
2752 3871 2897 3927 aliud
2924 3884 3204 3944 peccatum,
3228 3877 3320 3931 sed
3345 3895 3437 3949 per
3461 3882 3709 3951 penita.

2107 3953 2252 4009 tiam.
2276 3955 2515 4013 Conuiuia
2537 3976 2601 4015 ea:
2621 3961 2817 4032 rapinis
2845 3975 2993 4034 parta
3014 3982 3167 4038 quam
3192 3968 3388 4024 odiosa.
3408 4000 3482 4012 —
3505 3969 3707 4029 Verum

2106 4047 2340 4118 nequitia
2365 4049 2432 4106 ad
2462 4066 2702 4122 prmsetts
2728 4063 2933 4112 tantum
2958 4066 3170 4129 tempus
3191 4059 3428 4131 respicit,
3454 4063 3598 4121 sicut
3619 4064 3704 4122 fe-

2106 4139 2438 4209 bricitantes,
2468 4159 2594 4202 cum
2617 4161 2815 4218 aquam
2840 4148 3088 4219 frigidam
3117 4152 3490 4224 intempestive
3518 4166 3712 4228 postn-

2106 4233 2239 4289 laut.
2262 4235 2473 4293 Etenim
2495 4238 2598 4294 nisi
2617 4250 2986 4300 accusatorem
3000 4242 3317 4315 imbuet,
3342 4244 3554 4304 facinus
3572 4248 3707 4305 illud

2106 4341 2214 4383 non
2262 4327 2335 4385 ita
2375 4330 2681 4403 evulgatum
2724 4332 2933 4391 fuisset.
2984 4334 3238 4405 Discipuli
3280 4352 3517 4409 namque
3548 4338 3702 4411 ejus.

2106 4422 2320 4493 quando
2348 4423 2404 4479 in
2429 4440 2703 4483 carcerem
2740 4427 3017 4498 conjectus
3054 4428 3148 4484 fuit
3174 4470 3191 4494 ,
3224 4429 3358 4486 nihil
3396 4430 3705 4502 huiusmodi

2105 4514 2357 4573 dixerunt
2385 4534 2548 4576 :cum
2573 4529 2750 4576 autem
2777 4521 3087 4578 interfectus
3113 4521 3234 4590 fuit,
3263 4532 3375 4579 tum
3404 4524 3554 4582 necis
3575 4540 3707 4582 can-

2105 4621 2220 4665 sam
2242 4609 2516 4680 publicare
2535 4612 2705 4668 coacti
2728 4623 2874 4669 sunt.
2904 4613 3215 4670 Adulteram
3237 4615 3493 4687 obtegere
3516 4618 3706 4689 cupie-

2105 4701 2269 4770 bant,
2298 4718 2399 4760 nec
2433 4704 2639 4761 alienas
2664 4705 2998 4762 calamitates
3035 4705 3342 4776 publicare;
3371 4721 3496 4763 cum
3521 4718 3705 4765 autem

2107 4796 2162 4853 in
2194 4797 2446 4854 narrandi
2489 4799 2867 4857 necessitatem
2904 4799 3119 4856 deducti
3150 4810 3307 4868 sntit,
3342 4813 3469 4858 tunc
3495 4801 3705 4859 facinus

2105 4903 2268 4945 omne
2294 4899 2600 4946 recensent.
2631 4890 2709 4946 Ne
2733 4889 2856 4962 quis
2883 4890 3028 4947 enim
3054 4905 3275 4948 causam
3301 4892 3467 4948 caedis
3502 4893 3703 4949 malam

2105 4995 2229 5037 esse
2255 4981 2636 5051 suspicaretur,
2671 4990 2729 5038 ut
2759 4984 2813 5039 in
2842 4982 3061 5039 Theuda
3085 4991 3142 5039 et
3166 4982 3303 5040 Iuda
3330 4985 3575 5057 contigit.
3610 5001 3707 5041 ve-

2106 5090 2222 5129 ram
2261 5073 2427 5131 catdis
2466 5088 2681 5130 causam
2727 5075 2927 5132 referre
2964 5084 3246 5146 coguntur.
3288 5075 3473 5147 Itaque
3499 5087 3707 5148 quanto

2106 5167 2276 5239 magis
2316 5175 2593 5238 peccatum
2618 5168 2895 5225 occultare
2920 5166 3025 5222 hoc
3053 5168 3214 5223 modo
3239 5168 3481 5225 volueris
3502 5207 3521 5236 ,
3553 5178 3705 5223 tanto

2107 5261 2279 5331 magis
2293 5260 2424 5315 illud
2438 5258 2678 5329 evulgas.
2695 5261 2977 5316 Peccatum
2994 5261 3136 5315 enim
3156 5275 3263 5316 non
3280 5277 3378 5332 per
3391 5261 3702 5331 peccatiad-

2106 5354 2458 5411 ditamcntutu
2484 5354 2702 5424 tegitur,
2720 5352 2816 5408 sed
2840 5369 2937 5424 per
2953 5354 3323 5423 pmnitentiam
3342 5364 3395 5410 et
3415 5353 3704 5410 confessio

2107 5462 2251 5504 nem.
2280 5445 2560 5516 Perpende
2586 5455 2764 5500 autem
2789 5445 3057 5516 quomodo
3088 5444 3205 5500 haec
3228 5445 3553 5515 evangelista
3579 5460 3702 5498 mn-

2105 5539 2292 5595 derate
2316 5546 2529 5604 narret,
2557 5548 2613 5593 et
2640 5546 2896 5608 quantum
2925 5537 3050 5593 licet
3078 5536 3284 5592 crimen
3314 5538 3539 5593 minuat.
3566 5535 3702 5592 Nam

2105 5631 2371 5689 Herodem
2397 5630 2451 5685 id
2480 5629 2672 5686 fecisse
2698 5628 2829 5684 dicit
2857 5639 3075 5700 propter
3098 5628 3463 5699 jnramentum
3487 5637 3546 5684 et
3565 5642 3703 5683 con-

2105 5725 2254 5781 vivas
2274 5765 2291 5788 ,
2317 5725 2601 5796 ipsumque
2626 5720 3003 5778 comristatum
3030 5720 3196 5776 fuisse
3226 5737 3243 5774 :
3270 5719 3339 5776 de
3362 5719 3539 5790 puella
3571 5733 3704 5775 vero

2103 5818 2231 5875 dicit
2259 5819 2427 5890 ipsam
2457 5833 2488 5872 a
2517 5826 2689 5872 matre
2719 5813 3089 5886 pramonitam
3117 5811 3282 5867 fuisse
3301 5850 3318 5876 ,
3348 5818 3407 5866 et
3432 5818 3592 5880 caput
3614 5817 3702 5862 at-

2108 5915 2292 5971 tulisse
2320 5913 2492 5979 matri,
2526 5928 2587 5968 ac
2618 5911 2661 5967 si
2693 5911 2917 5977 diceret,
2948 5906 3093 5964 Illius
3111 5904 3263 5978 jussa
3287 5901 3703 5976 exsequebatur.
