4102 6418
339 355 442 410 493

339 471 455 526 Non
482 466 623 524 enim
654 464 723 520 de
764 463 829 517 iis
865 460 955 531 qui
993 457 1133 513 mala
1176 453 1477 525 patiuntur,
1510 449 1604 505 sed
1640 448 1707 504 de
1745 447 1809 501 iis
1837 445 1929 516 qui

342 562 478 619 maia
507 558 758 621 inferunt,
786 553 972 608 dolere
997 548 1170 604 solent
1195 544 1317 616 justi
1348 554 1556 607 omnes,
1584 540 1705 611 quia
1738 537 1788 591 hi
1818 553 1931 591 ina-

340 656 485 707 xime
522 656 647 704 sunt
672 645 769 716 qui
804 644 945 697 male
986 639 1276 711 patiuntur.
1316 634 1499 704 Neque
1528 632 1668 687 enim
1699 629 1932 685 Joannes

342 747 501 799 laesus
528 741 654 803 fuit,
687 738 781 793 sed
824 737 857 790 ii
898 733 987 804 qui
1026 732 1141 785 hmc
1179 726 1465 784 machinati
1505 733 1649 779 sunt.
1688 721 1795 776 llos
1834 734 1932 773 nos

341 850 552 903 quoque
572 832 862 893 imitemur,
890 842 1063 896 neque
1084 824 1400 878 insultemus
1427 816 1656 885 peccatis
1682 811 1928 883 proximi,

342 932 433 982 Sed
465 937 718 997 quanluut
747 921 824 975 fas
851 930 932 975 est
954 917 1282 971 occultemus
1307 929 1390 966 ca.
1424 911 1667 965 Animum
1702 907 1937 977 philoso-

345 1020 934 1093 l-lticum‘a’ssuutamus.
968 1010 1172 1064 Etenim
1205 1005 1527 1075 evangelista
1558 1003 1625 1056 de
1654 1001 1934 1055 meretrice

343 1121 396 1168 et
433 1091 774 1180 sanguinaria
818 1103 1043 1158 muliere
1083 1099 1354 1153 moderate
1387 1105 1643 1165 quantum
1676 1091 1820 1146 licuit
1853 1091 1933 1143 lo-

320 1211 540 1274 .quutus
563 1212 661 1256 est.
692 1199 805 1253 Non
828 1197 967 1249 enim
990 1194 1143 1257 dixit,
1174 1194 1213 1244 A
1243 1188 1578 1259 sanguinaria
1604 1195 1657 1239 et
1684 1185 1930 1247 scelesta,

322 1294 458 1357 :sed,
486 1295 529 1345 Α
552 1301 711 1344 matre
733 1286 1047 1358 prtemouila,
1074 1281 1466 1335 honestioribus
1488 1292 1613 1330 usus
1641 1276 1931 1328 vocabulis.

328 1385 423 1439 s'l‘u
452 1398 580 1439 vero
612 1382 907 1450 proximum
935 1373 1256 1431 contumelia
1282 1384 1335 1425 et
1361 1368 1602 1425 convicio
1623 1366 1811 1427 affieis,
1839 1381 1937 1418 nec

346 1479 416 1532 ita
443 1475 685 1531 modeste
712 1484 863 1541 petes
890 1471 957 1524 de
988 1469 1147 1522 fratre
1171 1465 1260 1536 qui
1293 1474 1344 1517 te
1375 1462 1565 1531 injuria
1596 1459 1833 1513 affecerit
1860 1459 1936 1512 lo-

331 1573 470 1642 qui,
503 1580 554 1624 ul
601 1569 690 1623 ille
725 1567 793 1621 de
838 1562 1119 1619 meretrice
1149 1558 1496 1628 loquebatur,
1529 1555 1621 1608 sed
1651 1552 1936 1607 admodum

330 1665 617 1727 ferociter,
645 1672 699 1717 et
722 1675 843 1715 cum
869 1673 955 1726 op:
978 1654 1190 1716 rubriis,
1219 1652 1505 1705 scelestum
1532 1662 1709 1709 vocas,
1741 1647 1943 1713 impro-

330 1759 470 1812 =bum
497 1798 512 1819 ,
544 1755 750 1809 vafrum
775 1795 787 1816 ,
831 1751 1048 1805 stultum
1071 1789 1086 1814 ,
1116 1754 1163 1800 cl
1208 1743 1398 1798 similia
1441 1740 1663 1795 adhibes
1702 1738 1936 1792 nomina.

332 1850 474 1906 'Nam
498 1848 785 1903 eﬂ‘eramttr
810 1843 1029 1898 omnino
1055 1849 1107 1894 et
1134 1837 1281 1907 quasi
1309 1835 1376 1890 de
1403 1834 1696 1903 alienigena
1728 1830 1942 1884 homine

350 1944 637 2012 loquimur,
669 1935 1071 1997 maledicentes,
1100 1926 1352 1983 conviciis
1378 1936 1430 1981 et
1456 1921 1793 1980 contumeliis
1822 1917 1942 1973 afﬁ-

334 2034 570 2090 Icientes.
597 2033 665 2087 At
685 2045 790 2084 non
814 2028 885 2082 ita
905 2035 1052 2081 certe
1076 2021 1245 2076 sancti
1270 2038 1283 2075 :
1312 2017 1405 2075 sed
1434 2016 1611 2089 potius
1634 2020 1944 2086 peccatores

352 2127 550 2195 lugent,
578 2136 738 2193 quam
769 2118 898 2187 ipsis
929 2113 1270 2170 maledicant.
1298 2109 1411 2165 Hoc
1440 2117 1494 2163 et
1519 2121 1619 2163 nos
1645 2105 1900 2160 faciamus
1926 2120 1940 2156 :

354 2220 627 2288 lugeamus
670 2208 1058 2272 llerodiadem,
1090 2214 1147 2261 et
1181 2218 1276 2260 eos
1319 2202 1408 2273 qui
1457 2200 1602 2255 illam
1646 2197 1942 2252 imitantur.

353 2287 511 2366 Multa
546 2320 778 2376 namque
807 2302 966 2359 etiam
997 2312 1141 2354 nunc
1179 2291 1482 2365 huiusmodi
1516 2288 1762 2345 convivia
1792 2287 1943 2343 cele-

355 2401 599 2455 brantur.
625 2399 798 2467 Atque
821 2392 1028 2449 etiamsi
1055 2388 1291 2445 'Joannes
1316 2400 1425 2440 non
1451 2382 1816 2444 interficiatur.
1849 2380 1944 2434 sed

342 2491 551 2547 Christi
589 2488 829 2543 membra
859 2486 1015 2554 longe
1041 2482 1258 2553 gravius
1285 2478 1632 2547 impetttutur.
1658 2473 1774 2530 Non
1803 2474 1945 2529 enim

340 2594 508 2653 caput
536 2584 593 2636 in
621 2581 770 2637 disco
795 2586 982 2648 petunt
1013 2576 1047 2629 ii
1072 2574 1159 2645 qui
1188 2586 1329 2627 nunc
1356 2569 1680 2640 tripudiant,
1706 2568 1799 2624 sed
1827 2569 1947 2623 ani-

356 2695 468 2735 mas
494 2679 658 2734 simul
697 2674 1143 2731 recumbentium.
1168 2671 1300 2727 Cum
1331 2679 1506 2725 autem
1546 2668 1664 2722 illos
1695 2667 1746 2721 in
1778 2664 1947 2720 servi-

350 2785 521 2830 tutem
554 2770 893 2841 redegerint,
926 2777 979 2822 et
1012 2767 1077 2819 ad
1112 2765 1321 2836 iniquos
1364 2761 1672 2817 induxerint
1700 2774 1947 2825 amores,

354 2867 779 2934 meretricesque
826 2860 1209 2922 adhibuerim,
1250 2871 1356 2911 non
1399 2863 1557 2923 caput
1596 2850 1947 2916 abscindunt,

350 2959 447 3014 sed
471 2958 710 3012 animam
728 2954 989 3025 iugulant,
1015 2952 1140 3007 dum
1166 2949 1289 3005 illos
1309 2947 1571 3008 moechos,
1593 2942 1950 3007 effeminatos,

355 3059 411 3105 et
431 3050 676 3103 exoletos
702 3045 947 3100 reddunt.
977 3043 1160 3110 Neque
1181 3039 1324 3096 enim
1353 3037 1479 3092 mihi
1507 3034 1727 3097 dixeris,
1753 3044 1803 3086 te
1832 3032 1954 3085 vino

360 3152 570 3212 captum
599 3149 653 3193 et
679 3134 1201 3192 ebrium'mulierem
1228 3131 1533 3193 saltantem,
1556 3140 1674 3195 qum
1700 3126 1952 3178 obscaena

354 3234 625 3304 loquitur,
659 3230 773 3284 sine
802 3229 907 3282 ullo
937 3222 1388 3295 concupiscentiae
1427 3228 1572 3273 motu
1604 3218 1821 3280 videre,
1856 3230 1953 3268 ne-

362 3345 460 3400 que
496 3329 770 3398 voluptate
810 3328 1005 3380 victum
1044 3321 1109 3376 ad
1152 3319 1420 3375 lasciviam
1463 3314 1608 3370 ferri.
1645 3311 1778 3367 Illud
1809 3320 1955 3364 certe

358 3422 618 3478 horribile
649 3420 878 3489 pateris,
908 3427 966 3471 ut
1006 3414 1244 3469 membra
1275 3408 1475 3465 Christi
1516 3405 1681 3459 facias
1717 3402 1955 3456 membra

363 3513 680 3569 meretricis.
706 3509 838 3565 Nam
877 3509 974 3562 etsi
1017 3522 1124 3560 non
1159 3502 1299 3557 adsit
1339 3499 1442 3552 lilia
1482 3494 1829 3558 ilerodiadis,
1863 3489 1956 3545 sed

362 3607 448 3677 qui
481 3622 578 3674 per
614 3604 755 3657 illam
793 3609 918 3654 tunc
960 3596 1178 3652 saltavit
1214 3592 1459 3648 diabolus
1483 3630 1497 3653 ,
1538 3603 1631 3657 per
1665 3587 1780 3640 illas
1818 3597 1959 3637 nunc

366 3699 589 3753 choreas
628 3695 773 3765 agit,
804 3692 1019 3760 abilqtte
1063 3687 1270 3741 animas
1309 3679 1755 3737 discumbentium
1797 3689 1960 3743 agens

367 3792 620 3862 captivas.
655 3786 806 3855 Quod
848 3785 893 3839 si
935 3798 1029 3837 vos
1069 3778 1293 3850 potestis
1322 3773 1639 3830 ebrietatem
1674 3770 1842 3822 vitare
1865 3807 1879 3831 ,
1909 3773 1964 3818 at

367 3884 587 3940 alterius
624 3879 823 3951 peccati
861 3872 1157 3948 gravissimi
1193 3868 1475 3940 participes
1514 3862 1643 3917 estis
1677 3880 1688 3915 :
1722 3858 1963 3931 plurimis

366 3990 598 4050 namque
626 3975 829 4046 rapinis
870 3967 1171 4040 hujusmodi
1204 3961 1444 4018 convivia
1475 3964 1741 4012 constant.
1770 3951 1847 4006 Ne
1872 3966 1964 4019 ap-

370 4074 569 4143 positas
590 4082 779 4123 carnes
803 4060 1118 4132 respexeris,
1147 4071 1244 4110 nec
1264 4055 1563 4123 placentas;
1582 4047 1674 4100 sed
1699 4045 1962 4098 utnleuatn

370 4138 483 4221 hate
505 4163 733 4219 collecta
764 4159 869 4213 sint
898 4154 1091 4223 cogita,
1122 4160 1174 4205 et
1204 4147 1408 4202 videbis
1436 4144 1523 4197 illa
1552 4158 1617 4197 ex
1642 4138 1883 4202 avaritia,
1913 4144 1967 4189 et

372 4258 442 4318 vi,
475 4266 529 4313 et
564 4254 745 4323 rapina
778 4246 1061 4320 proficisci.
1096 4243 1317 4305 Verum,
1350 4236 1577 4306 inquies,
1609 4232 1724 4286 haec
1759 4245 1863 4283 non
1896 4228 1965 4282 ita

375 4359 519 4420 parta
552 4354 714 4410 sunt;
742 4340 919 4397 absit!
968 4338 1019 4392 id
1060 4351 1159 4406 ego
1200 4332 1421 4386 minime
1462 4326 1637 4381 velim.
1685 4321 1880 4376 Verum
1921 4320 1967 4375 si

376 4414 473 4505 hac
498 4443 557 4497 in
580 4448 731 4512 parte
760 4432 1005 4493 convitia
1037 4430 1144 4484 siut
1166 4441 1295 4496 pura
1317 4465 1332 4489 ,
1363 4437 1467 4475 non
1498 4426 1675 4473 tamen
1707 4414 1795 4467 illa
1819 4428 1967 4467 smn-

376 4547 563 4610 ptuosa
608 4529 850 4590 cOnVivia
897 4539 1115 4597 prorsus
1159 4529 1285 4574 sunt
1332 4514 1557 4571 crimine
1600 4524 1785 4571 vacua.
1835 4504 1969 4559 Audi

380 4596 516 4685 enim
561 4621 833 4698 quomodo
875 4596 966 4673 iila
1008 4614 1092 4669 vel
1138 4606 1456 4680 supradictis
1502 4616 1667 4655 vacua
1714 4596 1971 4669 preplteta

380 4690 740 4793 reprehendat
767 4713 851 4768 bis
880 4708 1058 4765 verbis
1089 4724 1102 4760 :
1143 4703 1231 4757 Vw
1259 4702 1341 4771 qui
1371 4697 1533 4753 bibitis
1569 4695 1868 4765 defwcatum
1896 4690 1973 4742 vi-

543 4784 885 4878 et‘wtgueutis
910 4799 1086 4872 primis
1119 4791 1365 4865 ungimini
1389 4788 1566 4854 (Amos
1610 4787 1663 4839 6.
1695 4782 1773 4853 6).
1814 4779 1974 4835 Vides

380 4873 609 4975 qualiter
631 4873 718 4957 bie
734 4895 953 4951 delicias
974 4884 1331 4959 reprehendat
1351 4882 1372 4935 ?
1392 4878 1577 4949 Neque
1594 4876 1735 4930 enini
1759 4873 1842 4926 his
1867 4886 1977 4926 ver-

383 4968 466 5059 bis
490 4990 770 5051 avaritiam
798 4987 1119 5046 insectatur,
1148 4976 1243 5034 sed
1272 4975 1469 5029 effusas
1493 4968 1714 5025 delicias
1747 4972 1972 5018 tantum.

402 5150 407 5155 ,
454 5087 513 5147 6.
546 5064 631 5143 .Ttt
659 5078 899 5145 comedis
927 5076 1065 5131 ultra
1109 5081 1416 5125 mensuram
1437 5104 1453 5125 ,
1482 5077 1603 5117 cum
1632 5058 1878 5113 Christus
1910 5069 1978 5107 ne

387 5177 601 5250 quidem
640 5169 945 5242 necessaria
974 5166 1197 5225 habeat;
1233 5169 1288 5213 ιιι
1318 5158 1590 5226 placentas
1624 5148 1828 5204 affatim
1848 5186 1863 5210 ,
1892 5144 1979 5198 ille

391 5236 675 5343 nemnem
710 5262 924 5335 quidem
972 5255 1218 5317 aridum;
1270 5259 1325 5303 tu
1366 5245 1620 5300 Thasium
1658 5239 1841 5292 vinum
1872 5236 1978 5302 (a),

523 5375 655 5415 vero
811 5352 1034 5408 calicem
1075 5344 1289 5415 quidem
1334 5352 1488 5408 aqua:
1533 5331 1739 5403 frigida:
1783 5325 1982 5381 sitienti

393 5421 621 5520 dedisti;
652 5460 706 5504 tu
738 5448 790 5501 in
822 5445 962 5500 lecto
1002 5437 1151 5494 molli
1204 5445 1257 5488 et
1297 5438 1489 5484 ornato
1512 5425 1655 5497 jaces
1679 5462 1694 5487 ,
1738 5421 1827 5474 ille
1855 5433 1985 5472 vero

394 5514 494 5611 sub
515 5543 707 5615 frigido
736 5553 863 5594 aere
885 5534 1049 5604 alget.
1083 5528 1289 5584 idcirco
1306 5518 1516 5579 etiamsi
1559 5514 1783 5571 avaritia
1821 5525 1986 5564 vacua

460 5698 537 5767 (α)
568 5696 727 5751 Thasii
747 5692 848 5744 viui
871 5690 987 5741 olim
1006 5681 1317 5738 celeberrimt
1359 5672 1544 5745 mentio
1577 5668 1813 5729 frequens
1834 5663 1989 5712 hahe-

622 5760 641 5767 "
764 5759 776 5767 '
816 5763 828 5767 ‘
880 5763 948 5767 νί-
1012 5748 1226 5767 “¹--····-·
1301 5738 1501 5767 nnnmtm
1583 5731 1893 5767 nlmmpum_
1938 5728 1989 5767 ει

1009 5728 1229 5800 iisiiss
1243 5728 1263 5804 ,7
1301 5738 1502 5790 Plinium
1517 5768 1531 5797 ,
1578 5728 1861 5782 Athenaeum
1877 5757 1893 5786 ,
1938 5728 1992 5774 et

1295 337 1360 394 IN
1397 331 1807 392 MATTHZEUM
1847 327 2077 385 ιιοΜιι..
2123 327 2355 383 XLVIII.
2395 329 2467 382 al.
2510 328 2698 383 XLIX.

3520 330 3624 386 496

2038 454 2217 497 essent
2245 444 2486 497 convivia
2514 452 2622 506 ttta,
2647 452 2821 496 tanten
2852 439 2975 497 ideo
2997 440 3256 511 ﬂagitiosa
3300 452 3458 510 sunt,
3484 444 3626 515 quod

2040 544 2093 590 tu
2133 550 2295 606 supra
2346 538 2718 590 necessitatem
2776 535 2955 589 omnia
3013 535 3209 601 facias,
3256 534 3330 589 illi
3383 550 3512 591 vero
3560 552 3630 591 ne

2038 626 2254 696 quidem
2281 626 2578 682 necessaria
2613 625 2872 695 praebeas,
2901 640 3023 680 cum
3073 640 3136 679 ex
3187 626 3352 696 ipsius
3378 626 3534 682 bonis
3576 626 3628 681 in

2038 718 2249 775 deliciis
2276 720 2442 773 vivas.
2472 718 2634 775 Certe
2673 719 2715 773 si
2748 718 2898 789 pueri
2928 719 3223 789 cujuspiam
3267 728 3412 776 tutor
3438 735 3585 776 esses
3610 762 3628 787 ,

2041 821 2094 866 et
2112 810 2278 881 ipsius
2310 811 2446 867 bona
2467 812 2867 873 administrans,
2896 813 3065 881 ipsum
3094 812 3146 865 in
3183 813 3444 868 extremis
3482 814 3629 881 posi-

2042 913 2152 960 tum
2200 906 2540 975 deSpiCeres,
2591 917 2875 960 sexcentos
2923 907 3150 962 haberes
3175 917 3537 971 accusatores,
3570 923 3634 962 ac

2043 1000 2336 1054 secundum
2386 999 2532 1068 leges
2580 1014 2765 1069 pmnas
2809 999 2967 1053 dares
3000 1016 3014 1051 ε
3046 1015 3167 1054 cum
3203 1010 3383 1054 autem
3412 1014 3473 1053 ea
3512 1014 3633 1068 qua:

2041 1090 2240 1146 Christi
2273 1101 2394 1145 sunt
2416 1091 2713 1160 acceperis,
2744 1099 2795 1143 et
2831 1090 2909 1144 sic
2934 1088 3128 1144 frustra
3156 1090 3426 1156 iusumas,
3452 1105 3631 1145 annon

2046 1196 2198 1255 putas
2228 1194 2280 1239 te
2311 1186 2572 1239 rationem
2611 1184 2943 1238 redditurum
2974 1183 3140 1238 esse?
3168 1183 3294 1237 Haec
3339 1199 3499 1253 porro
3525 1198 3631 1238 non

2044 1278 2111 1332 de
2162 1276 2263 1330 illis
2290 1277 2431 1343 dico,
2482 1276 2569 1347 qui
2610 1276 2924 1331 meretrices
2961 1276 3028 1329 ad
3086 1292 3322 1329 mensam
3374 1276 3634 1331 inducunt

2046 1370 2172 1440 (illis
2212 1368 2408 1439 quippe
2436 1384 2541 1421 non
2586 1368 2755 1437 magis
2790 1382 2948 1437 quam
2984 1367 3204 1422 canibus
3252 1368 3627 1438 loquendum),

2047 1479 2144 1514 nec
2175 1462 2241 1516 tle
2272 1461 2573 1528 raptoribus
2595 1461 2683 1528 qui
2711 1460 2936 1513 alim-um
2977 1467 3193 1513 ventres
3221 1458 3477 1527 implent(
3502 1459 3636 1514 nihil

2046 1555 2188 1608 enim
2221 1567 2507 1606 commune
2551 1566 2671 1607 cum
2716 1551 2821 1605 illis
2853 1550 3023 1604 habeo
3048 1592 3063 1614 ,
3091 1559 3148 1603 ιιι
3174 1566 3271 1605 nec
3307 1567 3428 1605 cum
3458 1551 3636 1620 porcis

2044 1643 2129 1699 vel
2152 1642 2344 1716 lupis),
2380 1642 2474 1697 sed
2503 1642 2570 1697 de
2592 1642 2695 1695 illis
2715 1643 2890 1712 agitur
2916 1642 3005 1711 qui
3032 1641 3187 1695 bonis
3215 1640 3460 1696 fruuntur
3480 1643 3592 1697 suis
3616 1682 3634 1707 ,

2047 1754 2148 1793 nec
2171 1738 2293 1793 aliis
2337 1737 2664 1808 largiuntur;
2705 1736 2775 1791 de
2799 1734 2864 1790 iis
2884 1735 2974 1806 qui
3003 1745 3223 1805 paterna
3262 1735 3400 1789 bona
3443 1736 3636 1789 trusua

2047 1839 2387 1887 consumunt.
2416 1829 2601 1900 Neque
2624 1829 2766 1883 enim
2796 1828 2846 1881 hi
2889 1827 3114 1883 crimine
3139 1827 3290 1882 vacui
3321 1836 3465 1882 sunt.
3505 1828 3637 1882 Nam

2048 1922 2338 1994 quomodo,
2373 1937 2579 1992 quzeso,
2617 1920 2985 1976 accusationes
3022 1928 3079 1975 et
3128 1920 3340 1990 culpam
3392 1919 3635 1989 effugias,

2049 2017 2265 2089 quando
2310 2016 2575 2087 parasitus
2606 2023 2846 2070 ventrem
2892 2013 3095 2084 implet,
3140 2022 3199 2068 ut
3242 2024 3296 2067 et
3332 2014 3501 2078 canis,
3544 2015 3636 2081 qui

2049 2110 2255 2173 adstat;
2278 2109 2403 2163 dum
2431 2106 2677 2162 Christus
2704 2122 2773 2160 ne
2802 2106 2906 2161 hoc
2925 2105 3139 2176 quidem
3161 2104 3421 2161 beneficio
3450 2104 3642 2175 dignus

2050 2205 2190 2277 apud
2222 2214 2272 2260 te
2296 2202 2521 2257 habetur
2540 2200 2564 2242 ⁸⁷
2589 2200 2801 2272 quando
2830 2199 2894 2263 is,
2920 2199 3009 2268 qui
3035 2200 3200 2253 risum
3231 2207 3410 2253 movet
3438 2239 3454 2263 ,
3497 2207 3641 2252 tanta

2050 2299 2274 2369 accipit;
2303 2296 2393 2352 ille
2412 2306 2612 2361 autem,
2640 2292 2731 2363 qui
2754 2307 2974 2362 regnum
2990 2291 3243 2346 crelorum
3263 2290 3314 2343 itt
3340 2289 3641 2344 mercedem

2053 2392 2229 2455 oll'ert,
2257 2405 2325 2445 ne
2379 2388 2653 2442 minimam
2696 2384 2909 2454 quidem
2939 2383 3128 2437 horum
3184 2381 3428 2451 partem?
3466 2381 3556 2436 ille
3586 2391 3645 2435 ut

2055 2484 2225 2539 facete
2264 2480 2463 2552 aliquid
2506 2478 2666 2540 dicat,
2714 2477 2936 2530 satiatus
2976 2474 3113 2538 abit;
3147 2474 3233 2529 hic
3276 2488 3407 2530 vero
3452 2473 3540 2541 qui
3579 2488 3643 2527 ea

2055 2576 2231 2637 docet,
2263 2588 2382 2643 quae
2413 2570 2518 2625 nisi
2548 2568 2928 2631 didicerimus,
2961 2565 3089 2619 nihil
3124 2580 3152 2616 a
3183 2564 3406 2619 canibus
3432 2561 3647 2618 differe-

2057 2684 2197 2723 mus.
2228 2682 2335 2721 nou
2364 2663 2553 2719 eodem
2590 2678 2697 2728 quo
2726 2661 2816 2716 ille
2847 2657 3106 2715 beneficio
3134 2658 3413 2727 dignatur?
3444 2656 3644 2711 llurre—

2056 2763 2163 2818 scis
2191 2759 2305 2814 haec
2319 2755 2625 2813 audiendo?
2652 2754 2915 2808 liorresce
2933 2765 3063 2820 ergo
3090 2748 3157 2804 de
3186 2748 3357 2804 factis.
3384 2748 3529 2818 Ejice
3551 2764 3643 2817 pa-

2057 2854 2275 2919 rasitos,
2303 2862 2359 2907 et
2379 2850 2463 2905 fac
2488 2860 2662 2904 tecum
2687 2844 3009 2901 accumbere
3040 2842 3331 2897 Christum.
3372 2842 3427 2898 Si
3460 2842 3571 2896 sale
3594 2853 3650 2896 et

2059 2962 2243 3002 mensa
2274 2956 2447 3000 tecum
2475 2936 2975 3003 cummunicaverit,
3005 2945 3317 2991 mansuetus
3364 2934 3457 2988 tibi
3484 2933 3648 3003 judex

2059 3040 2163 3094 erit
2192 3056 2205 3092 :
2239 3037 2378 3092 solet
2401 3034 2633 3091 revereri
2683 3046 2945 3087 mensam.
2976 3028 3034 3082 Si
3075 3042 3305 3096 namque
3335 3026 3386 3081 id
3415 3026 3651 3080 latrones

2059 3133 2294 3191 faciant,
2327 3138 2526 3200 quanto
2556 3128 2725 3197 magis
2763 3122 3061 3179 Dominus?
3100 3121 3284 3191 Cogita
3324 3119 3466 3174 enim
3512 3136 3649 3187 quu-

2063 3225 2222 3280 modo
2240 3223 2578 3278 meretricem
2605 3220 2748 3273 illam
2768 3234 2798 3271 a
2817 3230 2999 3271 mensa
3022 3224 3079 3268 ut
3086 3214 3284 3282 justam
3304 3211 3596 3267 laudaverit
3612 3210 3649 3277 ί,

2062 3332 2126 3372 ac
2146 3315 2350 3371 Simoni
2390 3310 2797 3383 eXprobraverit
2843 3308 3031 3363 dicens
3067 3324 3081 3361 :
3114 3304 3365 3359 Osculum
3393 3302 3521 3357 milii
3549 3320 3651 3356 nou

2065 3409 2247 3464 dedisti
2275 3406 2295 3480 (
2327 3406 2451 3462 an.
2486 3406 2537 3458 7.
2567 3404 2636 3460 45
2664 3404 2704 3472 ).
2728 3400 2879 3469 Quod
2907 3399 2951 3453 si
2982 3408 3033 3453 te
3060 3396 3176 3451 haec
3216 3410 3323 3449 non
3369 3394 3651 3448 facientem

2066 3502 2254 3563 nutrit,
2293 3500 2460 3552 multo
2492 3496 2660 3566 magis
2706 3494 2991 3547 facientem
3023 3486 3270 3545 mercede
3312 3484 3553 3541 donabit.
3579 3483 3657 3540 Ne

2068 3597 2281 3665 iunpem
2301 3592 2586 3661 despicias,
2611 3586 2753 3658 quod
2778 3584 3026 3640 sordidus
3044 3592 3096 3637 et
3119 3578 3391 3650 squalidus
3405 3576 3657 3641 accedat;

2068 3688 2163 3743 sed
2191 3686 2388 3758 cogita,
2416 3682 2690 3738 Christum
2720 3694 2813 3749 per
2840 3676 3012 3746 ipsum
3040 3673 3259 3728 domum
3296 3678 3439 3724 tuam
3468 3667 3617 3722 adire
3639 3709 3657 3734 ,

2071 3798 2139 3836 ne
2169 3794 2358 3850 pergas
2386 3777 2530 3831 illunt
2564 3772 2871 3828 inhumanis
2914 3767 3093 3822 verbis
3131 3766 3399 3819 incessere
3420 3803 3435 3828 ,
3466 3761 3661 3830 quibus

2071 3873 2388 3930 accedentes
2435 3870 2699 3922 lacessere
2756 3864 2935 3925 soles,
2986 3860 3322 3927 importunus
3377 3852 3659 3918 vocando,

2073 3969 2274 4023 otiosos
2299 4005 2313 4029 ,
2341 3960 2790 4033 gravioribusque
2832 3955 2954 4009 aliis
2980 3949 3287 4007 nominibus
3318 3945 3662 4017 appellando.

2072 4060 2285 4129 Cogites
2314 4056 2472 4111 velim
2506 4051 2718 4123 quando
2741 4049 2858 4103 hate
2887 4046 3041 4109 dicis,
3069 4059 3186 4113 qua:
3215 4041 3305 4095 tibi
3324 4054 3487 4109 opera
3516 4053 3668 4106 para-

2073 4156 2158 4209 siti
2183 4152 2399 4217 faciant,
2430 4164 2496 4200 an
2525 4146 2577 4199 in
2618 4144 2797 4213 aliquo
2836 4136 3079 4193 familiari
3115 4135 3190 4189 rei
3224 4144 3326 4187 tua:
3351 4133 3459 4186 sint
3487 4129 3665 4183 utiles.

2075 4243 2387 4305 Prandium,
2443 4238 2673 4308 inquies,
2720 4231 2936 4288 suavius
2984 4226 3232 4283 reddunt.
3284 4224 3350 4278 Et
3399 4220 3669 4291 quomodo

2074 4336 2311 4397 suavius,
2336 4333 2461 4387 dum
2484 4326 2653 4397 alapis
2676 4322 2955 4380 caeduntur
2970 4333 3033 4373 ac
3059 4317 3231 4384 turpia
3249 4310 3578 4384 loquuntur?
3605 4310 3672 4364 Et

2076 4430 2202 4498 quid
2232 4427 2331 4479 hac
2358 4439 2417 4477 re
2446 4419 2720 4474 insuavius
2748 4456 2762 4478 ,
2806 4410 3022 4483 quando
3062 4407 3107 4462 is
3144 4406 3232 4475 qui
3276 4406 3341 4459 ad
3383 4404 3670 4472 imaginem

2079 4495 2171 4577 Dei
2207 4520 2374 4572 factus
2405 4523 2487 4567 est
2506 4511 2749 4571 caeditur,
2774 4514 2907 4560 etex
2929 4502 3027 4556 hac
3041 4496 3367 4554 contumelia
3396 4495 3670 4563 voluptate

2081 4608 2333 4673 afliceris,
2364 4605 2508 4660 aedes
2525 4611 2645 4656 tuas
2664 4600 2715 4653 itt
2748 4596 3010 4650 theatrum
3038 4597 3379 4651 convertens,
3403 4602 3465 4639 ac
3491 4585 3673 4638 mimis

2084 4699 2394 4755 convivium
2410 4693 2641 4761 replens,
2656 4686 3009 4752 scenicosque
3022 4694 3179 4735 rasos
3192 4674 3564 4737 imitat-is,cmu
3583 4684 3671 4723 no-

2088 4790 2213 4844 bilis
2228 4760 2559 4853 liberquesis
2574 4777 2739 4833 ?Natn
2759 4776 2831 4828 ibi
2850 4774 2995 4827 risus
3006 4770 3237 4836 etalapa:
3250 4760 3674 4818 visunturJiazc-

2088 4882 2230 4944 eine,
2255 4890 2462 4948 quaeso,
2492 4871 2818 4940 Voluptatem
2850 4864 3111 4934 appellas,
3141 4874 3262 4929 qua:
3295 4856 3481 4911 multis
3510 4855 3671 4922 digna

2092 4980 2223 5027 sunt
2244 4968 2518 5038 lacrymis,
2534 4964 2749 5018 ﬂetibus
2763 5001 2778 5023 ,
2797 4955 3123 5028 gemitibus?
3136 4968 3260 5007 cum
3283 4956 3559 5020 oporteret
3579 4960 3672 5001 eos

2086 5075 2152 5128 ad
2181 5072 2341 5124 vitam
2374 5063 2595 5135 probam
2624 5066 2900 5118 revocare,
2927 5048 2994 5104 ad
3019 5046 3254 5103 officium
3284 5042 3508 5105 hortari,
3534 5051 3587 5093 tu
3609 5037 3678 5092 ad

2089 5166 2347 5239 periuria,
2376 5133 2651 5224 verbaque
2690 5147 2862 5216 turpia
2911 5155 3192 5215 provocas,
3219 5146 3276 5193 et
3305 5135 3410 5191 hoc
3434 5133 3682 5201 volupta-

2222 5220 2497 5327 appelias?
2522 5220 2770 5317 quodque
2790 5240 2855 5293 ad
2884 5235 3182 5308 gehennam
3199 5228 3365 5294 ducit,
3398 5220 3684 5293 voluptatis

2091 5315 2461 5421 argumentum
2485 5356 2604 5395 esse
2633 5334 2823 5407 putas?
2844 5331 2974 5385 Cum
2994 5326 3139 5382 enim
3166 5323 3339 5378 facete
3357 5317 3483 5390 quid
3505 5315 3685 5370 dicere

2095 5407 2311 5514 parasiti
2355 5452 2459 5492 non
2494 5438 2750 5503 possunt,
2791 5417 3113 5494 iuramentis
3159 5428 3224 5469 ac
3269 5407 3518 5483 periuriis
3566 5418 3689 5459 sese

2097 5494 2222 5588 hinc
2245 5494 2552 5600 expediunt.
2597 5517 2843 5575 llaeccinc
2891 5512 3003 5567 risu
3048 5504 3250 5577 digna?
3290 5512 3469 5557 annon
3515 5494 3691 5569 potius

2112 5826 2113 5829 η
2169 5776 2182 5807 ι
2204 5778 2346 5824 Juxta
2364 5764 2504 5820 savii.
2527 5759 2789 5827 legendum
2815 5762 2970 5815 esset,
2988 5763 3020 5800 a
3036 5759 3201 5801 mensa
3222 5750 3384 5796 mttem
3406 5736 3657 5791 reddider.
