4102 6418
220 350 327 407 l9?

216 481 458 526 attamen
485 480 550 522 es
576 478 738 538 quam
765 478 797 519 a
825 462 1041 518 Christo
1064 458 1403 529 excipiebant
1431 471 1660 523 merces,
1705 464 1817 511 stu-

217 563 371 617 dium
411 573 599 616 eorum
632 557 791 627 longe
813 553 1117 624 superabat.
1149 550 1354 607 Idcirco
1384 550 1541 620 hujus
1586 547 1822 604 curatio-

216 656 303 709 nis
334 667 551 708 causam
584 651 734 721 ponit
758 690 772 711 ,
804 661 998 715 nempe
1049 644 1447 700 miserationem
1475 683 1490 707 ,
1516 640 1818 695 miseratio-

215 762 368 810 nem,
399 746 615 815 inquam
642 783 657 806 ,
688 740 1060 794 vehementem
1110 758 1123 793 :
1166 748 1461 803 omnesque
1510 741 1680 788 curat.
1724 731 1821 785 llic

216 838 379 891 ﬁdem
410 853 514 890 nou
542 834 761 905 expetit.
792 832 921 886 Nam
940 827 1081 901 quod
1114 826 1390 890 accedant,
1414 824 1556 895 quod
1578 823 1820 877 civitates

215 929 546 999 relinquant,
574 926 715 997 quod
742 924 1024 993 diligenter
1046 921 1217 989 ipsum
1245 926 1507 987 quierant,
1529 915 1669 986 quod
1699 930 1818 968 cum

215 1022 311 1077 illo
344 1028 614 1083 maneant,
649 1017 926 1086 ingruente
950 1012 1109 1077 fame,
1147 1011 1304 1064 Iidem
1330 1009 1539 1063 illorum
1564 1008 1817 1061 declarat.

218 1115 490 1169 Alimenta
523 1124 680 1180 porro
713 1109 816 1162 illis
859 1104 1293 1175 suppeditaturus
1319 1111 1420 1155 est.
1454 1098 1511 1154 Id
1552 1113 1681 1152 vero
1710 1110 1817 1150 non

214 1226 245 1262 a
268 1207 452 1274 seipso
476 1202 619 1266 facit,
643 1201 734 1256 sed
764 1205 1036 1267 exspectat
1057 1195 1230 1250 donec
1258 1200 1497 1263 rogetur,
1530 1188 1660 1244 illud
1681 1204 1824 1242 sem—

219 1315 316 1369 per
346 1298 657 1357 observans,
698 1303 752 1346 ut
776 1292 886 1359 jam
914 1288 1045 1353 dixi,
1079 1302 1147 1341 ne
1168 1286 1316 1355 prior
1344 1284 1409 1337 ad
1441 1280 1697 1336 miracula
1726 1294 1821 1347 pa-

220 1389 416 1444 tranda
446 1402 505 1441 se
532 1386 789 1446 conferat,
818 1381 910 1435 sed
939 1389 1158 1450 rogatus
1184 1385 1409 1430 tantum.
1445 1375 1515 1427 At
1537 1389 1634 1427 cur
1665 1386 1822 1425 nemo

218 1497 287 1535 ex
324 1479 476 1547 turba
497 1476 757 1532 accedens
782 1472 1054 1528 Chrislum
1080 1484 1177 1539 pro
1201 1468 1331 1538 ipsis
1358 1465 1610 1536 rogavit?
1633 1464 1821 1518 Mirum

222 1572 276 1625 in
331 1568 545 1624 modum
575 1564 957 1620 reverebantur
997 1563 1192 1631 ipsum,
1222 1571 1381 1627 atque
1409 1572 1472 1610 ex
1518 1555 1686 1624 ipsius
1729 1570 1824 1607 au-

216 1662 398 1718 dieudi
422 1669 476 1714 et
493 1656 749 1729 sequendi
766 1654 1051 1718 desiderio,
1078 1668 1146 1707 ne
1164 1651 1357 1705 famem
1377 1648 1593 1719 quidem
1621 1648 1821 1701 sentie-

220 1761 372 1810 bant.
398 1753 584 1823 Neque
609 1750 852 1821 discipuli
882 1764 978 1818 pro
1003 1746 1154 1802 turba
1179 1744 1381 1816 precati
1412 1752 1553 1806 sunt,
1581 1752 1639 1796 ut
1662 1743 1828 1796 aleret

216 1863 339 1912 eos,
365 1846 488 1917 quia
515 1843 691 1899 adhuc
724 1839 1144 1912 imperfectiores
1199 1845 1371 1892 erant.
1424 1834 1563 1902 Quid
1614 1832 1818 1901 igitur?

218 1942 311 1995 15.
357 1937 573 2008 Vespere
599 1945 765 1989 autem
794 1938 929 2005 facta
955 1972 969 1995 ,
998 1930 1208 2001 inquit,
1238 1934 1555 1981 accesserunt
1584 1922 1823 1989 discipuli

214 2034 331 2102 ejus
355 2030 574 2085 dicentes
602 2044 621 2082 :
646 2026 884 2081 Desertus
911 2033 984 2079 est
1012 2025 1174 2089 locus,
1213 2030 1260 2075 et
1300 2021 1425 2083 hora
1455 2020 1572 2090 jam
1603 2027 1820 2087 prazter-

214 2124 273 2176 iit
308 2138 329 2175 :
353 2122 547 2175 dimitte
605 2118 800 2184 turbas,
830 2125 882 2169 ut
916 2102 1089 2170 euntes
1130 2121 1297 2167 emant
1340 2111 1440 2165 sibi
1478 2125 1637 2164 escas.
1693 2107 1825 2164 Nam

217 2218 262 2269 si
317 2224 437 2285 post
478 2212 673 2267 factum
728 2209 1043 2265 miraculum
1093 2206 1209 2276 ejus
1252 2202 1405 2258 obliti
1443 2210 1588 2265 sunt,
1619 2201 1662 2254 si
1711 2210 1829 2269 post

216 2319 435 2379 spot-tas
460 2308 576 2363 illas
623 2305 877 2376 putabant
927 2303 1080 2358 illum
1130 2300 1198 2355 de
1243 2298 1468 2369 panibus
1499 2294 1667 2364 loqui,
1701 2306 1824 2346 cum

218 2399 517 2453 doctrinam
542 2396 932 2452 Pharisazorum
958 2392 1279 2447 fermentum
1307 2386 1592 2458 appellavit
1613 2382 1824 2455 (Matth.

223 2492 313 2548 16.
346 2492 400 2561 (ἰ)
437 2490 645 2545 :multo
691 2488 867 2542 minus
890 2528 906 2553 ,
935 2500 1067 2543 eum,
1118 2482 1224 2537 tale
1273 2481 1482 2549 signum
1539 2490 1825 2545 numquam

220 2586 480 2640 vidissent
511 2624 528 2650 ,
576 2580 867 2652 quidquam
919 2575 1223 2647 hujusmodi
1275 2570 1596 2642 suspicaturi
1651 2574 1826 2622 erant.

222 2676 449 2732 Etiamsi
494 2675 641 2744 prius
687 2672 888 2727 multos
921 2677 1165 2725 curasset
1198 2666 1472 2730 infirmos,
1496 2676 1606 2716 non
1652 2669 1828 2713 tamen

222 2772 346 2826 ideo
373 2768 515 2839 quod
541 2769 607 2824 de
638 2766 861 2837 panibus
891 2766 1125 2818 futurum
1153 2768 1273 2816 erat
1300 2754 1723 2827 exspectabant:
1756 2752 1827 2804 ita

221 2869 380 2918 erant
400 2861 575 2915 adhuc
597 2856 913 2927 imperfecti.
931 2853 1011 2908 Tu
1029 2864 1160 2907 vero
1185 2849 1312 2904 mihi
1345 2846 1587 2902 Doctoris
1612 2842 1827 2912 sapien-

223 2956 354 3009 tiam
395 2950 683 3023 perpende,
717 2946 986 3018 quomodo
1012 2946 1158 3013 ipsos
1186 2943 1333 2997 clare
1361 2939 1426 2993 ad
1454 2938 1611 2993 fidem
1650 2941 1828 2989 vocet.

221 3046 412 3115 Neque
438 3043 579 3098 enim
606 3041 784 3096 statim
808 3038 964 3102 dixit,
989 3037 1141 3091 Alam
1167 3048 1262 3089 eos
1290 3050 1304 3085 :
1331 3046 1507 3102 neque
1528 3028 1670 3085 enim
1703 3025 1831 3082 illud

222 3138 383 3193 facile
413 3133 668 3191 credituri
710 3140 883 3188 erant.
916 3127 1019 3181 Sed
1053 3124 1182 3194 quid
1214 3124 1384 3178 dixit?
1416 3119 1505 3173 16.
1538 3115 1693 3171 Iesus
1724 3129 1822 3167 au-

227 3218 837 3289 tem,inquit,diriteis:
864 3214 986 3270 Non
1017 3211 1198 3266 habent
1230 3224 1428 3267 necesse
1455 3208 1545 3270 ire,
1577 3205 1692 3258 date
1729 3202 1832 3257 illis

226 3333 315 3371 ros
338 3316 669 3371 manducare.
710 3312 827 3367 Non
853 3310 1020 3375 dixit,
1055 3306 1204 3362 Dabo
1247 3305 1358 3367 eis;
1386 3300 1480 3357 sed
1502 3343 1516 3366 ,
1548 3298 1656 3353 Vos
1684 3297 1830 3353 date.

226 3408 363 3464 Nam
389 3408 541 3463 illum
577 3405 753 3460 adhuc
789 3413 847 3458 ut
871 3400 1146 3456 hominem
1174 3395 1463 3451 habebant.
1494 3390 1574 3445 Illi
1606 3404 1735 3443 vero
1764 3402 1832 3442 ne

230 3512 359 3557 tunc
382 3499 595 3571 quidem
618 3496 684 3552 ad
704 3496 894 3551 altiora
920 3493 1217 3562 eriguntur,
1243 3486 1337 3542 sed
1357 3484 1534 3540 adhuc
1560 3492 1616 3536 ut
1631 3477 1833 3535 homini

230 3592 565 3665 reSpondent
602 3608 616 3643 :
662 3590 750 3645 17.
784 3587 905 3641 Νοη
933 3584 1173 3638 habemus
1199 3580 1299 3634 nisi
1323 3577 1540 3649 quinque
1565 3589 1721 3647 panes
1740 3612 1756 3638 ,
1787 3580 1836 3625 et

232 3686 361 3739 duos
391 3687 566 3752 pisces.
597 3681 719 3737 Ideo
745 3679 949 3734 Marcus
975 3676 1124 3749 (Cap.
1144 3670 1303 3742 8J7)
1326 3670 1419 3730 ait,
1450 3668 1596 3737 ipsos
1628 3680 1732 3719 non
1756 3665 1837 3718 in-

235 3776 505 3831 tellexisse
542 3772 595 3828 id
626 3771 767 3842 quod
817 3767 1125 3830 dicebatur,
1154 3770 1272 3818 erat
1318 3760 1461 3815 enim
1515 3772 1609 3812 cor
1648 3770 1835 3811 eorum

236 3876 582 3927 mtum.
638 3863 771 3933 Quia
819 3862 977 3931 igitur
1021 3858 1195 3913 adhuc
1222 3854 1367 3909 lmmi
1412 3851 1689 3922 repebant,
1719 3863 1838 3919 qua:

236 3974 336 4014 sua
388 3967 543 4013 erant
572 3955 685 4025 iam
728 3953 929 4008 inducit
956 3960 1009 4005 et
1035 3952 1151 4003 ait:
1186 3946 1273 4002 18.
1319 3943 1511 4012 A/Terte
1549 3942 1666 3997 illos
1707 3940 1833 3994 mihi

241 4052 361 4105 huc.
385 4049 607 4106 Etiamsi
637 4047 779 4102 enim
806 4045 1049 4100 desertus
1075 4051 1159 4097 est
1181 4041 1353 4101 locus,
1384 4037 1477 4093 sed
1522 4037 1568 4090 is
1616 4035 1704 4105 qui
1748 4049 1839 4088 or-

242 4144 367 4198 bem
393 4142 483 4196 alit
514 4140 599 4194 hic
622 4139 812 4204 adest;
849 4136 949 4192 etsi
1003 4149 1130 4189 vero
1172 4131 1304 4187 hora
1355 4129 1598 4193 transiit,
1631 4125 1725 4181 sed
1757 4126 1799 4179 is
1819 4164 1834 4190 ,

243 4234 331 4303 qui
363 4234 509 4287 horae
528 4230 802 4300 subjectus
829 4243 936 4281 non
959 4235 1060 4290 est,
1081 4224 1189 4295 jam
1217 4236 1312 4276 vos
1341 4220 1647 4289 alloquitur.
1667 4216 1837 4271 Joan-

249 4341 347 4381 nes
372 4324 393 4396 (
423 4323 549 4393 Cap.
579 4322 634 4377 6.
662 4322 735 4392 9)
790 4334 923 4374 vero
951 4318 1024 4372 ait
1068 4330 1231 4385 panes
1268 4311 1594 4367 hordeaceus
1640 4307 1841 4373 fuisse;

246 4430 422 4487 neque
447 4416 565 4469 sine
584 4427 744 4468 causa
775 4409 992 4478 adjicit,
1020 4407 1113 4463 sed
1144 4415 1201 4460 ut
1225 4420 1324 4459 nos
1350 4403 1591 4457 instituat
1628 4398 1692 4452 ad
1725 4398 1844 4451 lau-

249 4519 359 4564 tam
384 4521 627 4569 mensam
657 4500 1099 4559 conculeaudam.
1140 4497 1286 4553 Talis
1333 4508 1525 4564 nempe
1562 4498 1680 4546 erat
1721 4504 1844 4559 pro-

246 4601 529 4673 Ρὴοιςιωςιι
580 4613 787 4655 mensa.
817 4596 904 4652 19.
961 4594 1088 4650 Cum
1114 4594 1267 4663 igitur
1311 4590 1584 4657 accepisset
1627 4587 1847 4656 quinque

250 4709 410 4763 panes
428 4732 443 4756 ,
473 4701 518 4745 et
547 4692 674 4745 duos
704 4690 865 4760 pisces
890 4728 905 4753 ,
937 4696 982 4741 et
1020 4685 1257 4757 jussisset
1284 4681 1452 4734 turbas
1481 4679 1766 4734 recumbere
1794 4676 1849 4729 in

251 4785 411 4854 [ωηο.
438 4782 712 4853 respiciens
738 4782 791 4835 in
829 4781 1007 4835 cwlum
1038 4775 1285 4831 benedixit
1317 4790 1335 4827 :
1363 4788 1573 4843 cumque
1598 4769 1847 4841 fregisset,

250 4874 391 4931 dedit
434 4874 698 4945 discipulis
736 4873 841 4927 suis
866 4911 880 4935 ,
912 4868 1150 4936 discipuli
1198 4876 1364 4920 autem
1409 4865 1564 4919 turbis
1606 4879 1625 4916 :
1671 4862 1762 4917 20.
1804 4870 1852 4916 et

251 4966 678 5022 manducarerunt
704 4979 895 5027 ontnes,
922 4972 967 5016 et
991 4959 1206 5016 saturati
1232 4968 1347 5012 sunt
1378 4972 1397 5010 :
1416 4966 1463 5010 et
1490 4954 1707 5009 tulerunt
1728 4952 1852 5007 reli-

253 5060 403 5126 quias
456 5054 852 5130 [ragntentorum
905 5052 1169 5107 duodecim
1217 5049 1465 5119 cophinos
1520 5047 1715 5115 plenos.
1758 5043 1850 5098 2|.

257 5150 677 5221 llanducantium
707 5157 875 5201 autem
919 5146 1013 5217 fuit
1038 5159 1272 5198 numerus
1298 5142 1454 5210 ferme
1479 5138 1695 5208 quinque
1730 5135 1848 5188 mil-

258 5244 331 5298 lia
358 5244 577 5297 uirorum
602 5285 616 5308 ,
644 5239 864 5310 exceptis
911 5235 1203 5290 mulieribus
1229 5244 1273 5287 et
1306 5231 1494 5302 pueris.

328 5336 387 5391 2.
410 5333 635 5390 Christus
662 5333 812 5387 modo
839 5346 953 5394 sua,
983 5330 1133 5381 modo
1166 5325 1335 5378 Patris
1367 5324 1567 5376 nomine
1594 5337 1746 5393 agens
1767 5361 1781 5382 ,
1809 5329 1856 5372 et

258 5438 458 5495 natura
491 5437 536 5482 et
566 5424 820 5481 missionis
847 5422 1157 5477 divinitatem
1185 5417 1430 5489 probavit.
1462 5416 1591 5467 Ante
1632 5427 1855 5465 mensam

262 5705 416 5762 Patre
462 5698 638 5775 ipsum
682 5700 943 5762 exivisse,
986 5696 1192 5768 ipsique
1233 5692 1493 5763 mqualem
1532 5706 1670 5747 esse.
1714 5692 1859 5758 Qua-

262 5817 375 5857 rum
418 5815 598 5858 rcrum
646 5795 992 5867 probationes
1028 5803 1269 5863 pugnare
1310 5797 1495 5842 mutuo
1523 5785 1857 5841 videbantur.

1258 341 1324 398 IN
1361 338 1767 398 ΜΑΤΤΙΙᾹΞΗΜ
1806 341 2039 397 ιιολιςιι.
2084 344 2268 400 XLIX.
2320 344 2390 401 al.
2433 346 2495 403 L.

3408 356 3515 408 198

1924 457 2300 530 AEqualitatem
2323 464 2741 529 demonstrabat,
2772 466 2914 537 quod
2933 468 3113 523 omnia
3136 482 3259 523 eum
3284 481 3511 539 potesta-

1925 562 1977 609 te
2005 552 2235 619 faceret;
2260 570 2289 610 a
2317 555 2475 611 Patre
2502 570 2630 612 vero
2661 558 2834 628 ipsum
2866 575 2985 616 esse
3004 602 3019 630 ,
3051 577 3162 617 non
3205 561 3313 617 alio
3355 564 3511 618 mode

1922 647 2297 717 credidissent,
2326 665 2485 721 quam
2513 653 2559 707 si
2584 668 2704 707 cum
2737 654 3036 710 humilitate
3060 655 3226 711 multa
3256 666 3312 712 et
3336 661 3516 712 omnia

1922 741 1989 796 ad
2021 740 2191 811 ipsum
2235 742 2474 799 referens
2510 757 2862 816 operaretur,
2895 757 2951 803 et
2995 758 3212 804 vocaret
3247 749 3315 805 ad
3353 764 3517 821 opera

1923 847 2042 902 qua:
2059 832 2277 891 fiebant.
2304 834 2425 891 Ideo
2446 852 2619 906 neque
2639 837 2762 904 hoc,
2793 854 2964 909 neque
2987 839 3116 894 illud
3138 848 3342 895 tantum
3368 840 3516 906 facit,

1924 935 1983 981 ut
2012 937 2293 997 utrumque
2332 929 2721 997 conﬁrmetur;
2749 931 2845 986 sed
2883 933 3042 987 modo
3080 948 3202 987 cum
3232 943 3524 1003 potestate,

1923 1020 2085 1076 modo
2113 1021 2324 1078 Patrem
2369 1024 2645 1090 invocans,
2675 1026 2926 1080 miracula
2958 1026 3087 1082 edit.
3118 1027 3318 1081 Deinde
3344 1043 3412 1080 ne
3441 1028 3525 1080 vi-

1922 1112 2141 1168 deretur
2162 1112 2331 1169 hacin
2354 1130 2413 1168 re
2433 1130 2606 1185 pugna
2635 1115 2878 1185 qua'dam
2895 1132 3036 1184 esse,
3056 1113 3423 1172 in'minoribus
3454 1115 3521 1173 ad

1923 1206 2110 1259 etelum
2139 1206 2373 1274 respicit;
2389 1207 2439 1260 in
2459 1206 2748 1276 majoribus
2770 1222 2896 1263 vero
2916 1222 3035 1262 eum
3063 1217 3325 1277 potestate
3340 1206 3523 1262 omnia

1925 1298 2069 1361 facit,
2104 1307 2159 1354 ut
2183 1298 2360 1355 discas
2385 1301 2546 1354 etiam
2579 1300 2631 1354 in
2664 1301 2959 1355 minoribus
2988 1302 3139 1357 illum
3170 1317 3275 1356 non
3303 1301 3522 1356 aliunde

1928 1400 2242 1459 pctestatem
2269 1391 2533 1461 accipere,
2552 1393 2645 1448 sed
2669 1394 2935 1450 honorare
2951 1395 3162 1449 Patrem
3184 1409 3362 1455 suum.
3385 1393 3523 1448 Cum

1925 1484 2067 1537 enim
2102 1493 2316 1552 peccata
2344 1484 2565 1550 dimisit,
2593 1494 2647 1539 et
2676 1486 2977 1555 paradisum
3006 1486 3237 1556 aperuit,
3264 1495 3323 1540 ut
3347 1502 3412 1541 eo
3442 1486 3523 1539 la-

1928 1587 2133 1630 tronem
2162 1577 2543 1644 introduceret,
2576 1587 2632 1633 et
2657 1594 2776 1633 cum
2807 1578 2974 1648 legem
3003 1587 3240 1634 veterem
3267 1593 3387 1633 cum
3417 1579 3520 1632 im-

1927 1668 2075 1735 perio
2096 1666 2388 1735 abrogavit,
2409 1683 2637 1738 cumque
2655 1678 2944 1723 sexcentos
2964 1678 3205 1722 mortuos
3222 1668 3521 1732 suscitavit,

1928 1776 2075 1816 mare
2120 1761 2385 1827 frenavit,
2432 1772 2638 1816 secreta
2692 1761 2966 1817 hominum
3011 1760 3266 1832 aperuit,
3303 1760 3517 1815 oculum

1927 1852 2128 1907 creavit
2148 1895 2161 1917 ,
2190 1869 2308 1923 qua:
2337 1853 2430 1908 Dei
2469 1853 2634 1907 solius
2663 1868 2826 1923 opera
2852 1861 2978 1908 sunt
3005 1892 3021 1919 ,
3048 1862 3103 1907 et
3128 1867 3236 1907 non
3259 1850 3479 1905 alterius
3502 1891 3518 1917 ,

1930 1959 2217 2012 numquam
2247 1958 2472 2013 precans
2498 1943 2805 1998 inducitur:
2828 1958 2949 1998 cum
2976 1957 3105 1999 vero
3139 1956 3302 2012 panes
3330 1956 3521 2011 super-

1928 2034 2200 2089 abundare
2224 2034 2449 2099 curavit,
2477 2034 2618 2104 quod
2648 2034 2713 2089 iis
2737 2034 2989 2089 omnibus
3016 2034 3172 2103 longe
3198 2035 3378 2088 minus
3401 2041 3521 2102 est,

1931 2137 2055 2183 tunc
2084 2129 2136 2182 in
2161 2127 2352 2183 cmlum
2384 2128 2636 2197 respicit:
2661 2126 2819 2181 simul
2849 2127 2963 2181 lucc
2980 2140 3100 2197 quae
3124 2125 3233 2180 dixi
3266 2124 3523 2195 probans,

1929 2221 2193 2292 simulque
2222 2219 2476 2275 erudiens
2499 2234 2597 2274 nos
2612 2261 2627 2286 ,
2650 2233 2719 2273 ne
2742 2228 2867 2273 ante
2892 2232 3134 2272 mensam
3162 2219 3482 2286 attingamus
3503 2256 3521 2282 ,

1929 2326 2088 2382 quam
2109 2311 2310 2381 gratias
2337 2310 2604 2380 egerimus
2630 2309 2678 2363 ei
2706 2309 2797 2379 qui
2829 2308 2985 2363 nobis
3006 2322 3183 2363 eseam
3211 2307 3432 2373 praebet.
3457 2306 3525 2361 Et

1929 2418 2026 2457 cur
2055 2419 2217 2473 panes
2248 2418 2353 2458 non
2382 2402 2505 2457 fecit
2528 2417 2595 2457 ex
2615 2416 2719 2456 non
2748 2399 3123 2455 exstantibus?
3146 2398 3215 2454 Ut
3242 2399 3525 2453 Marcionis

1931 2507 1985 2551 et
2013 2496 2291 2551 Maniebaai
2320 2509 2412 2549 ora
2436 2495 2756 2560 Obstrueret,
2781 2492 2870 2563 qui
2890 2508 3012 2547 eum
3035 2507 3141 2546 non
3167 2506 3286 2546 esse
3311 2498 3525 2545 creato-

1933 2600 2040 2645 tem
2068 2588 2479 2655 asseverabant,
2511 2596 2566 2641 et
2596 2601 2690 2655 per
2719 2586 2832 2656 ipsa
2863 2600 3028 2655 opera
3056 2583 3275 2639 doceret
3293 2623 3308 2649 ,
3337 2582 3524 2637 visibi-

1932 2682 2001 2737 lia
2027 2681 2205 2737 omnia
2232 2680 2348 2750 ejus
2376 2694 2496 2734 esse
2518 2688 2575 2734 et
2606 2692 2771 2748 opera
2807 2686 2863 2731 et
2894 2684 3172 2732 creaturas
3195 2677 3210 2707 ¹
3237 2717 3252 2741 ,
3278 2673 3529 2728 ostende-

1931 2782 2119 2842 retque
2149 2787 2209 2825 se
2239 2770 2442 2825 fructus
2460 2769 2610 2836 dare,
2633 2768 2723 2838 qui
2749 2767 2817 2823 ab
2844 2766 2997 2822 initio
3023 2766 3251 2821 dixerit:
3274 2763 3529 2818 Germinet

1932 2870 2074 2915 terra
2098 2858 2311 2914 herbam
2336 2860 2461 2928 [teni
2477 2874 2497 2922 ;
2526 2866 2598 2919 et,
2628 2856 2873 2909 Educant
2894 2869 3045 2923 aqua:
3062 2851 3275 2921 reptilia
3301 2848 3515 2901 anima-

1933 2968 2053 3007 rum
2074 2952 2356 3007 viventium
2374 2952 2390 2982 ¹
2418 2948 2570 3015 (Gen.
2598 2950 2649 3003 1.
2672 2949 2733 3003 ll
2755 2960 2804 3002 et
2827 2947 2943 3017 20).
2960 2946 3150 3015 Neque
3170 2942 3315 2997 enim
3335 2938 3518 2993 minus

1936 3046 2038 3100 hoc
2066 3055 2149 3099 est
2189 3044 2300 3098 illo.
2331 3040 2463 3096 Nam
2493 3040 2593 3095 etsi
2624 3038 2711 3094 illa
2751 3037 2858 3093 sint
2893 3052 2962 3092 ex
3002 3050 3111 3091 non
3152 3032 3484 3089 exstantibus
3506 3065 3528 3098 ,

1934 3147 2166 3192 attamen
2195 3152 2263 3192 ex
2289 3150 2425 3205 aqua
2450 3142 2612 3198 sunt;
2642 3146 2815 3201 neque
2858 3130 3036 3184 minus
3075 3136 3159 3183 est
3186 3142 3251 3181 ex
3291 3125 3529 3197 quinque

1936 3227 2162 3298 panibus
2186 3234 2264 3280 tot
2290 3238 2455 3295 panes
2484 3224 2800 3293 producere,
2823 3228 2878 3273 et
2901 3220 3077 3289 pisces
3101 3216 3284 3271 itidem
3310 3229 3529 3282 augere,

1936 3335 2095 3390 quam
2135 3334 2199 3373 ex
2227 3326 2367 3373 terra
2397 3314 2642 3387 proferre
2672 3311 2932 3379 fructum,
2963 3318 3016 3365 et
3042 3323 3110 3364 ex
3141 3309 3293 3377 aquis
3319 3303 3529 3375 reptilia

1933 3412 2199 3474 viventia;
2228 3410 2370 3481 quod
2414 3410 2622 3477 signum
2668 3415 2781 3461 erat
2810 3405 2983 3474 ipsum
3019 3411 3074 3457 et
3104 3412 3259 3456 terrae
3300 3408 3356 3453 et
3395 3396 3530 3453 mari

1937 3506 2217 3575 imperare.
2243 3502 2375 3572 Quia
2403 3502 2543 3557 enim
2571 3502 2625 3554 in
2657 3498 2881 3553 inﬁrmis
2902 3511 3115 3566 semper
3141 3494 3289 3565 signa
3318 3491 3532 3559 edebat,

1936 3600 2143 3656 confert
2167 3608 2220 3654 et
2243 3596 2542 3652 universale
2570 3593 2907 3657 beneficium,
2932 3606 3001 3646 ne
3029 3589 3181 3645 multi
3207 3595 3535 3658 spectatores

1940 3700 2145 3746 tantum
2186 3697 2368 3743 essent
2392 3701 2578 3741 eorum
2619 3700 2738 3755 qua:
2765 3683 2884 3738 aliis
2912 3679 3330 3751 contingebant,
3360 3677 3453 3732 sed
3480 3685 3536 3731 ct

1940 3783 2042 3854 ipsi
2067 3780 2210 3836 dono
2233 3778 2555 3835 fruerentur.
2584 3776 2653 3830 Et
2675 3774 2819 3845 quod
2842 3772 3085 3828 mirabile
3109 3769 3309 3835 Judazis
3329 3767 3537 3823 videba-

1944 3883 2028 3928 tur
2056 3872 2109 3926 iu
2133 3871 2349 3927 deserto
2371 3909 2388 3935 ,
2415 3883 2536 3923 cum
2563 3866 2805 3921 dicerent
2828 3882 2842 3917 :
2868 3861 3133 3932 Numquid
3157 3870 3204 3914 et
3231 3875 3414 3928 panem
3444 3874 3537 3927 po-

1942 3966 2054 4021 terit
2082 3965 2225 4028 dare,
2252 3970 2339 4016 aut
2361 3976 2543 4031 parare
2562 3973 2787 4012 mensam
2813 3956 2864 4009 in
2890 3956 3085 4010 deserto
3104 3950 3276 4023 (Psal.
3296 3951 3383 4006 77.
3404 3946 3538 4020 20)?

1942 4058 2046 4112 hoc
2071 4057 2183 4125 ipse
2208 4053 2463 4123 operibus
2492 4049 2753 4105 exhibuit.
2780 4046 3010 4116 Ideoque
3038 4045 3090 4099 in
3119 4044 3390 4099 desertum
3420 4040 3538 4095 illos

1943 4146 2167 4203 adduxit
2189 4185 2204 4209 ,
2234 4154 2289 4198 ut
2319 4144 2435 4197 sine
2475 4140 2580 4195 ulla
2626 4152 2845 4209 prorsus
2886 4134 3193 4205 suspicione
3225 4129 3537 4187 miraculum

1944 4239 2115 4300 ﬁeret,
2140 4249 2403 4305 nemoque
2430 4239 2658 4303 putaret,
2684 4226 2966 4299 quemdam
2994 4225 3223 4281 vicinum
3250 4223 3423 4277 vicum
3451 4235 3540 4289 pa-

1946 4346 2068 4385 nem
2096 4330 2148 4383 in
2188 4342 2430 4383 mensam
2472 4322 2733 4379 intulisse.
2765 4320 2967 4374 Idcirco
2994 4332 3098 4371 non
3142 4316 3314 4371 locum
3343 4310 3539 4379 modo,

1948 4421 2044 4477 sed
2089 4420 2249 4475 etiam
2297 4418 2481 4472 horam
2531 4423 2813 4470 memorat.
2844 4410 3002 4466 Aliud
3046 4410 3204 4464 etiam
3250 4405 3539 4469 discimus,

1949 4530 2143 4586 nempe
2171 4512 2549 4582 discipulorum
2575 4506 2990 4579 philosophiam,
3021 4516 3179 4574 quam
3201 4500 3283 4555 vel
3311 4500 3363 4554 in
3383 4498 3543 4553 rebus

1952 4607 2270 4665 necessariis
2295 4603 2619 4660 exhibebant
2644 4644 2657 4667 ,
2687 4611 2741 4656 et
2767 4607 3022 4672 quantum
3056 4595 3274 4652 delicias
3321 4606 3543 4663 sperne-

1950 4711 2090 4759 rent.
2121 4701 2252 4756 Nam
2278 4697 2556 4754 duodecim
2582 4711 2701 4751 cum
2732 4701 2933 4759 essent,
2966 4693 3199 4761 quinque
3230 4702 3393 4757 panes
3424 4694 3545 4738 tan-
3578 4732 3615 4771 ί

1956 4805 2067 4851 tum
2095 4794 2334 4862 duosque
2366 4791 2537 4860 pisces
2579 4787 2874 4848 habebant;
2904 4800 3071 4853 ιιειμιο
3114 4782 3249 4836 adeo
3286 4793 3542 4849 corporea

1954 4884 2353 4956 despiciebant,
2380 4880 2779 4952 spiritualiaque
2806 4877 2979 4933 solum
3011 4874 3300 4938 curabant;
3328 4873 3435 4927 itno
3478 4886 3547 4927 nc

1956 4994 2121 5050 pauca
2149 4978 2235 5032 illa
2271 4992 2393 5047 quae
2421 4973 2686 5029 habebant
2714 4970 3020 5035 retinuere,
3049 4967 3144 5023 sed
3175 4965 3342 5037 rogati
3382 4963 3549 5020 dedc-

1957 5082 2102 5131 runt.
2135 5071 2264 5127 Inde
2290 5070 2558 5126 discamus
2583 5107 2598 5132 ,
2625 5065 2725 5120 etsi
2754 5077 2921 5135 pauca
2954 5062 3107 5117 nobis
3127 5061 3233 5115 sint
3255 5102 3271 5126 ,
3300 5059 3388 5113 illa
3416 5072 3545 5128 ege-

1958 5168 2042 5221 nis
2078 5180 2200 5221 esse
2245 5160 2587 5232 proferenda.
2614 5157 2757 5214 Jussi
2796 5171 2924 5224 ergo
2971 5163 3176 5225 septem
3222 5153 3339 5207 illos
3386 5164 3552 5220 panes

1958 5258 2179 5323 eﬂ'erre,
2210 5271 2315 5309 nou
2344 5254 2527 5308 dicunt
2551 5269 2564 5305 :
2586 5251 2705 5318 Quo
2746 5248 2905 5318 igitur
2932 5246 3051 5301 cibo
3084 5253 3267 5314 postea
3295 5242 3550 5296 utemur?

1961 5350 2103 5406 unde
2132 5348 2325 5403 famem
2353 5345 2541 5400 sedare
2559 5340 2890 5413 poterimus?
2915 5339 3008 5396 sed
3036 5337 3213 5391 statim
3238 5340 3546 5406 paruerunt.

1960 5442 2163 5496 Practer
2196 5453 2259 5493 ea
2300 5453 2419 5508 qua:
2454 5449 2613 5505 supra
2640 5433 2871 5488 diximus
2892 5472 2907 5495 ,
2932 5430 3051 5489 ideo
3076 5427 3282 5482 videtur
3307 5423 3553 5480 Christus

2028 5728 2047 5760 ί
2082 5724 2281 5784 Quidam
2305 5735 2414 5772 cum
2437 5718 2625 5778 March,
2648 5722 2694 5769 et
2716 5729 2865 5784 opera
2884 5721 2931 5766 et
2951 5711 3307 5784 possessionem.
3341 5768 3373 5784 ι.

2027 5790 2048 5821 ²
2082 5774 2296 5847 Quidam,
2319 5785 2525 5836 educant
2544 5774 2684 5845 aqua!
2702 5774 2914 5829 animum
2935 5774 3177 5841 reptilt'mn
3200 5774 3457 5821 virentium
