  <div class='ocr_page' id='page_1' title='image "/cluster/home/n/w/nwhite01/storage/ocr_20150623/58:no.7:pt.2/coo.31924054869585/041.png"; bbox 0 0 4102 6428; ppageno 0'>
   <div class='ocr_carea' id='block_1_1' title="bbox 619 362 726 420">
    <p class='ocr_par' dir='ltr' id='par_1_1' title="bbox 619 362 726 420">
     <span class='ocr_line' id='line_1_1' title="bbox 619 362 726 420; baseline -0.037 1"><span class='ocrx_word' id='word_1_1' title='bbox 619 362 726 420; x_wconf 70' lang='grc'><strong>499</strong></span> 
     </span>
    </p>
   </div>
   <div class='ocr_carea' id='block_1_2' title="bbox 617 468 2210 548">
    <p class='ocr_par' dir='ltr' id='par_1_2' title="bbox 617 468 2210 548">
     <span class='ocr_line' id='line_1_2' title="bbox 617 468 2210 548; baseline -0.005 -16"><span class='ocrx_word' id='word_1_2' title='bbox 617 495 679 532; x_wconf 76' lang='lat' dir='ltr'><strong>rx</strong></span> <span class='ocrx_word' id='word_1_3' title='bbox 705 478 790 532; x_wconf 85' lang='lat' dir='ltr'><strong>his</strong></span> <span class='ocrx_word' id='word_1_4' title='bbox 805 475 1034 548; x_wconf 78' lang='lat' dir='ltr'><strong>panibus</strong></span> <span class='ocrx_word' id='word_1_5' title='bbox 1049 473 1255 545; x_wconf 81' lang='lat' dir='ltr'><strong>signum</strong></span> <span class='ocrx_word' id='word_1_6' title='bbox 1279 471 1459 537; x_wconf 87' lang='lat' dir='ltr'><strong>edere,</strong></span> <span class='ocrx_word' id='word_1_7' title='bbox 1477 481 1537 528; x_wconf 87' lang='lat' dir='ltr'><strong>ut</strong></span> <span class='ocrx_word' id='word_1_8' title='bbox 1555 471 1700 542; x_wconf 84' lang='lat' dir='ltr'><strong>ipsos</strong></span> <span class='ocrx_word' id='word_1_9' title='bbox 1715 470 1783 527; x_wconf 87' lang='lat' dir='ltr'><strong>ad</strong></span> <span class='ocrx_word' id='word_1_10' title='bbox 1802 469 1960 526; x_wconf 80' lang='lat' dir='ltr'><strong>fidem</strong></span> <span class='ocrx_word' id='word_1_11' title='bbox 1974 468 2210 526; x_wconf 82' lang='lat' dir='ltr'><strong>deduce-</strong></span> 
     </span>
    </p>
   </div>
   <div class='ocr_carea' id='block_1_3' title="bbox 1356 347 3155 413">
    <p class='ocr_par' dir='ltr' id='par_1_3' title="bbox 1356 347 3155 413">
     <span class='ocr_line' id='line_1_3' title="bbox 1356 347 3155 413; baseline -0.002 0"><span class='ocrx_word' id='word_1_12' title='bbox 1356 355 1415 413; x_wconf 89' lang='lat' dir='ltr'><strong>S.</strong></span> <span class='ocrx_word' id='word_1_13' title='bbox 1442 351 1722 413; x_wconf 79' lang='lat' dir='ltr'><strong>JOANNIS</strong></span> <span class='ocrx_word' id='word_1_14' title='bbox 1754 347 2233 410; x_wconf 76' lang='lat' dir='ltr'><strong>CHRYSOSTOMI</strong></span> <span class='ocrx_word' id='word_1_15' title='bbox 2263 347 2580 407; x_wconf 73' lang='lat' dir='ltr'><strong>ARCHIEP.</strong></span> <span class='ocrx_word' id='word_1_16' title='bbox 2619 351 3155 412; x_wconf 75' lang='lat' dir='ltr'><strong>CONSTANTINOP.</strong></span> 
     </span>
    </p>
   </div>
   <div class='ocr_carea' id='block_1_4' title="bbox 3817 359 3932 415">
    <p class='ocr_par' dir='ltr' id='par_1_4' title="bbox 3817 359 3932 415">
     <span class='ocr_line' id='line_1_4' title="bbox 3817 359 3932 415; baseline 0.026 -3"><span class='ocrx_word' id='word_1_17' title='bbox 3817 359 3932 415; x_wconf 67' lang='lat' dir='ltr'><strong>i200</strong></span> 
     </span>
    </p>
   </div>
   <div class='ocr_carea' id='block_1_5' title="bbox 2319 466 3926 545">
    <p class='ocr_par' dir='ltr' id='par_1_5' title="bbox 2319 466 3926 545">
     <span class='ocr_line' id='line_1_5' title="bbox 2319 466 3926 545; baseline 0.007 -26"><span class='ocrx_word' id='word_1_18' title='bbox 2319 466 2510 522; x_wconf 72' lang='lat' dir='ltr'><strong>turbas.</strong></span> <span class='ocrx_word' id='word_1_19' title='bbox 2541 467 2674 524; x_wconf 81' lang='lat' dir='ltr'><strong>Nam</strong></span> <span class='ocrx_word' id='word_1_20' title='bbox 2710 470 2756 526; x_wconf 90' lang='lat' dir='ltr'><strong>si</strong></span> <span class='ocrx_word' id='word_1_21' title='bbox 2785 485 3022 540; x_wconf 75' lang='lat' dir='ltr'><strong>praesens</strong></span> <span class='ocrx_word' id='word_1_22' title='bbox 3049 472 3322 529; x_wconf 77' lang='lat' dir='ltr'><strong>videretur</strong></span> <span class='ocrx_word' id='word_1_23' title='bbox 3348 473 3398 530; x_wconf 90' lang='lat' dir='ltr'><strong>id</strong></span> <span class='ocrx_word' id='word_1_24' title='bbox 3438 486 3536 544; x_wconf 86' lang='lat' dir='ltr'><strong>per</strong></span> <span class='ocrx_word' id='word_1_25' title='bbox 3569 473 3926 545; x_wconf 76' lang='lat' dir='ltr'><strong>phantasiam</strong></span> 
     </span>
    </p>
   </div>
   <div class='ocr_carea' id='block_1_6' title="bbox 615 556 3926 638">
    <p class='ocr_par' dir='ltr' id='par_1_6' title="bbox 615 556 3926 638">
     <span class='ocr_line' id='line_1_6' title="bbox 615 556 3926 638; baseline 0.002 -13"><span class='ocrx_word' id='word_1_26' title='bbox 615 580 699 626; x_wconf 80' lang='lat' dir='ltr'><strong>ret</strong></span> <span class='ocrx_word' id='word_1_27' title='bbox 723 589 736 626; x_wconf 86' lang='lat'><strong>:</strong></span> <span class='ocrx_word' id='word_1_28' title='bbox 758 569 932 625; x_wconf 86' lang='lat' dir='ltr'><strong>adhuc</strong></span> <span class='ocrx_word' id='word_1_29' title='bbox 955 569 1098 625; x_wconf 89' lang='lat' dir='ltr'><strong>enim</strong></span> <span class='ocrx_word' id='word_1_30' title='bbox 1127 564 1448 623; x_wconf 88' lang='lat' dir='ltr'><strong>infirmiores</strong></span> <span class='ocrx_word' id='word_1_31' title='bbox 1467 575 1639 622; x_wconf 86' lang='lat' dir='ltr'><strong>erant.</strong></span> <span class='ocrx_word' id='word_1_32' title='bbox 1660 565 1999 638; x_wconf 81' lang='lat' dir='ltr'><strong>Quapropter</strong></span> <span class='ocrx_word' id='word_1_33' title='bbox 2027 565 2078 619; x_wconf 90' lang='lat' dir='ltr'><strong>in</strong></span> <span class='ocrx_word' id='word_1_34' title='bbox 2105 579 2211 620; x_wconf 65' lang='lat' dir='ltr'><strong>cm-</strong></span> <span class='ocrx_word' id='word_1_35' title='bbox 2315 556 2541 624; x_wconf 75' lang='lat' dir='ltr'><strong>fecisse.</strong></span> <span class='ocrx_word' id='word_1_36' title='bbox 2568 573 2674 615; x_wconf 90' lang='lat' dir='ltr'><strong>non</strong></span> <span class='ocrx_word' id='word_1_37' title='bbox 2718 561 3010 617; x_wconf 80' lang='lat' dir='ltr'><strong>secundum</strong></span> <span class='ocrx_word' id='word_1_38' title='bbox 3051 564 3129 618; x_wconf 82' lang='lat' dir='ltr'><strong>rei</strong></span> <span class='ocrx_word' id='word_1_39' title='bbox 3177 565 3456 619; x_wconf 76' lang='lat' dir='ltr'><strong>veritatem</strong></span> <span class='ocrx_word' id='word_1_40' title='bbox 3476 606 3492 632; x_wconf 83' lang='grc'><strong><em>,</em></strong></span> <span class='ocrx_word' id='word_1_41' title='bbox 3521 566 3718 620; x_wconf 76' lang='lat' dir='ltr'><strong>absens</strong></span> <span class='ocrx_word' id='word_1_42' title='bbox 3761 575 3926 623; x_wconf 78' lang='lat' dir='ltr'><strong>certe</strong></span> 
     </span>
    </p>
   </div>
   <div class='ocr_carea' id='block_1_7' title="bbox 615 659 2208 732">
    <p class='ocr_par' dir='ltr' id='par_1_7' title="bbox 615 659 2208 732">
     <span class='ocr_line' id='line_1_7' title="bbox 615 659 2208 732; baseline 0 -17"><span class='ocrx_word' id='word_1_43' title='bbox 615 664 724 717; x_wconf 91' lang='lat' dir='ltr'><strong>lum</strong></span> <span class='ocrx_word' id='word_1_44' title='bbox 750 662 985 732; x_wconf 92' lang='lat' dir='ltr'><strong>respicit.</strong></span> <span class='ocrx_word' id='word_1_45' title='bbox 1011 661 1250 717; x_wconf 82' lang='lat' dir='ltr'><strong>Aliorum</strong></span> <span class='ocrx_word' id='word_1_46' title='bbox 1271 659 1466 730; x_wconf 86' lang='lat' dir='ltr'><strong>quippe</strong></span> <span class='ocrx_word' id='word_1_47' title='bbox 1491 660 1763 730; x_wconf 88' lang='lat' dir='ltr'><strong>signorum</strong></span> <span class='ocrx_word' id='word_1_48' title='bbox 1781 661 1946 715; x_wconf 85' lang='lat' dir='ltr'><strong>multa</strong></span> <span class='ocrx_word' id='word_1_49' title='bbox 1963 659 2208 729; x_wconf 88' lang='lat' dir='ltr'><strong>exempla</strong></span> 
     </span>
    </p>
   </div>
   <div class='ocr_carea' id='block_1_8' title="bbox 615 751 2206 822">
    <p class='ocr_par' dir='ltr' id='par_1_8' title="bbox 615 751 2206 822">
     <span class='ocr_line' id='line_1_8' title="bbox 615 751 2206 822; baseline 0.001 -15"><span class='ocrx_word' id='word_1_50' title='bbox 615 752 902 818; x_wconf 81' lang='lat' dir='ltr'><strong>habebant;</strong></span> <span class='ocrx_word' id='word_1_51' title='bbox 924 752 1080 822; x_wconf 88' lang='lat' dir='ltr'><strong>hujus</strong></span> <span class='ocrx_word' id='word_1_52' title='bbox 1107 760 1284 806; x_wconf 85' lang='lat' dir='ltr'><strong>autem</strong></span> <span class='ocrx_word' id='word_1_53' title='bbox 1313 751 1535 806; x_wconf 91' lang='lat' dir='ltr'><strong>nullum.</strong></span> <span class='ocrx_word' id='word_1_54' title='bbox 1565 752 1829 821; x_wconf 82' lang='lat' dir='ltr'><strong>Acceptos</strong></span> <span class='ocrx_word' id='word_1_55' title='bbox 1855 751 2015 822; x_wconf 91' lang='lat' dir='ltr'><strong>igitur</strong></span> <span class='ocrx_word' id='word_1_56' title='bbox 2041 767 2206 822; x_wconf 85' lang='lat' dir='ltr'><strong>panes</strong></span> 
     </span>
    </p>
   </div>
   <div class='ocr_carea' id='block_1_9' title="bbox 614 841 2205 914">
    <p class='ocr_par' dir='ltr' id='par_1_9' title="bbox 614 841 2205 914">
     <span class='ocr_line' id='line_1_9' title="bbox 614 841 2205 914; baseline -0.001 -17"><span class='ocrx_word' id='word_1_57' title='bbox 614 843 800 914; x_wconf 86' lang='lat' dir='ltr'><strong>fregit,</strong></span> <span class='ocrx_word' id='word_1_58' title='bbox 817 852 874 898; x_wconf 91' lang='lat' dir='ltr'><strong>et</strong></span> <span class='ocrx_word' id='word_1_59' title='bbox 901 858 996 913; x_wconf 90' lang='lat' dir='ltr'><strong>per</strong></span> <span class='ocrx_word' id='word_1_60' title='bbox 1020 842 1313 913; x_wconf 83' lang='lat' dir='ltr'><strong>discipulos</strong></span> <span class='ocrx_word' id='word_1_61' title='bbox 1335 841 1512 907; x_wconf 89' lang='lat' dir='ltr'><strong>dedit,</strong></span> <span class='ocrx_word' id='word_1_62' title='bbox 1537 842 1640 897; x_wconf 89' lang='lat' dir='ltr'><strong>hoc</strong></span> <span class='ocrx_word' id='word_1_63' title='bbox 1665 842 1861 897; x_wconf 77' lang='lat' dir='ltr'><strong>collato</strong></span> <span class='ocrx_word' id='word_1_64' title='bbox 1884 842 2014 912; x_wconf 80' lang='lat' dir='ltr'><strong>ipsis</strong></span> <span class='ocrx_word' id='word_1_65' title='bbox 2038 843 2205 898; x_wconf 61' lang='lat' dir='ltr'><strong>bono-</strong></span> 
     </span>
    </p>
   </div>
   <div class='ocr_carea' id='block_1_10' title="bbox 2312 649 3925 726">
    <p class='ocr_par' dir='ltr' id='par_1_10' title="bbox 2312 649 3925 726">
     <span class='ocr_line' id='line_1_10' title="bbox 2312 649 3925 726; baseline 0.005 -23"><span class='ocrx_word' id='word_1_66' title='bbox 2312 663 2418 703; x_wconf 89' lang='lat' dir='ltr'><strong>non</strong></span> <span class='ocrx_word' id='word_1_67' title='bbox 2447 649 2596 704; x_wconf 89' lang='lat' dir='ltr'><strong>item.</strong></span> <span class='ocrx_word' id='word_1_68' title='bbox 2629 651 2860 723; x_wconf 92' lang='lat' dir='ltr'><strong>Ideoque</strong></span> <span class='ocrx_word' id='word_1_69' title='bbox 2895 662 3146 709; x_wconf 88' lang='lat' dir='ltr'><strong>accurato</strong></span> <span class='ocrx_word' id='word_1_70' title='bbox 3174 655 3406 710; x_wconf 91' lang='lat' dir='ltr'><strong>examini</strong></span> <span class='ocrx_word' id='word_1_71' title='bbox 3449 655 3644 710; x_wconf 87' lang='lat' dir='ltr'><strong>factum</strong></span> <span class='ocrx_word' id='word_1_72' title='bbox 3673 659 3925 726; x_wconf 87' lang='lat' dir='ltr'><strong>permit-</strong></span> 
     </span>
    </p>
   </div>
   <div class='ocr_carea' id='block_1_11' title="bbox 2314 744 3921 818">
    <p class='ocr_par' dir='ltr' id='par_1_11' title="bbox 2314 744 3921 818">
     <span class='ocr_line' id='line_1_11' title="bbox 2314 744 3921 818; baseline 0.006 -25"><span class='ocrx_word' id='word_1_73' title='bbox 2314 750 2464 807; x_wconf 90' lang='lat' dir='ltr'><strong>tens,</strong></span> <span class='ocrx_word' id='word_1_74' title='bbox 2493 756 2619 808; x_wconf 87' lang='lat' dir='ltr'><strong>eos,</strong></span> <span class='ocrx_word' id='word_1_75' title='bbox 2647 744 2739 813; x_wconf 87' lang='lat' dir='ltr'><strong>qui</strong></span> <span class='ocrx_word' id='word_1_76' title='bbox 2769 755 3118 800; x_wconf 90' lang='lat' dir='ltr'><strong>monumenta</strong></span> <span class='ocrx_word' id='word_1_77' title='bbox 3147 755 3203 801; x_wconf 92' lang='lat' dir='ltr'><strong>et</strong></span> <span class='ocrx_word' id='word_1_78' title='bbox 3230 747 3596 816; x_wconf 78' lang='lat' dir='ltr'><strong>probationem</strong></span> <span class='ocrx_word' id='word_1_79' title='bbox 3627 749 3921 818; x_wconf 84' lang='lat' dir='ltr'><strong>signorum</strong></span> 
     </span>
    </p>
   </div>
   <div class='ocr_carea' id='block_1_12' title="bbox 2309 834 3922 910">
    <p class='ocr_par' dir='ltr' id='par_1_12' title="bbox 2309 834 3922 910">
     <span class='ocr_line' id='line_1_12' title="bbox 2309 834 3922 910; baseline 0.005 -24"><span class='ocrx_word' id='word_1_80' title='bbox 2309 842 2643 905; x_wconf 87' lang='lat' dir='ltr'><strong>acceperant,</strong></span> <span class='ocrx_word' id='word_1_81' title='bbox 2669 834 2830 904; x_wconf 86' lang='lat' dir='ltr'><strong>jussit</strong></span> <span class='ocrx_word' id='word_1_82' title='bbox 2859 836 2926 890; x_wconf 88' lang='lat' dir='ltr'><strong>ab</strong></span> <span class='ocrx_word' id='word_1_83' title='bbox 2951 851 3010 891; x_wconf 88' lang='lat' dir='ltr'><strong>se</strong></span> <span class='ocrx_word' id='word_1_84' title='bbox 3034 839 3291 907; x_wconf 88' lang='lat' dir='ltr'><strong>separari.</strong></span> <span class='ocrx_word' id='word_1_85' title='bbox 3319 838 3569 910; x_wconf 81' lang='lat' dir='ltr'><strong>Alioquin</strong></span> <span class='ocrx_word' id='word_1_86' title='bbox 3598 855 3756 907; x_wconf 89' lang='lat' dir='ltr'><strong>vero,</strong></span> <span class='ocrx_word' id='word_1_87' title='bbox 3785 854 3922 895; x_wconf 88' lang='lat' dir='ltr'><strong>cum</strong></span> 
     </span>
    </p>
   </div>
   <div class='ocr_carea' id='block_1_13' title="bbox 615 929 3922 1009">
    <p class='ocr_par' dir='ltr' id='par_1_13' title="bbox 615 929 3922 1009">
     <span class='ocr_line' id='line_1_13' title="bbox 615 929 3922 1009; baseline 0.002 -23"><span class='ocrx_word' id='word_1_88' title='bbox 615 951 700 996; x_wconf 88' lang='lat' dir='ltr'><strong>re;</strong></span> <span class='ocrx_word' id='word_1_89' title='bbox 729 950 826 990; x_wconf 88' lang='lat' dir='ltr'><strong>nec</strong></span> <span class='ocrx_word' id='word_1_90' title='bbox 851 934 1073 990; x_wconf 86' lang='lat' dir='ltr'><strong>honoris</strong></span> <span class='ocrx_word' id='word_1_91' title='bbox 1105 942 1311 990; x_wconf 78' lang='lat' dir='ltr'><strong>tanttim</strong></span> <span class='ocrx_word' id='word_1_92' title='bbox 1343 948 1503 990; x_wconf 73' lang='lat' dir='ltr'><strong>musa</strong></span> <span class='ocrx_word' id='word_1_93' title='bbox 1531 933 1684 996; x_wconf 88' lang='lat' dir='ltr'><strong>fecit,</strong></span> <span class='ocrx_word' id='word_1_94' title='bbox 1713 933 1806 990; x_wconf 88' lang='lat' dir='ltr'><strong>sed</strong></span> <span class='ocrx_word' id='word_1_95' title='bbox 1838 941 1915 1000; x_wconf 92' lang='lat' dir='ltr'><strong>ut,</strong></span> <span class='ocrx_word' id='word_1_96' title='bbox 1955 948 2077 988; x_wconf 83' lang='lat' dir='ltr'><strong>cum</strong></span> <span class='ocrx_word' id='word_1_97' title='bbox 2103 934 2208 990; x_wconf 87' lang='lat' dir='ltr'><strong>mi-</strong></span> <span class='ocrx_word' id='word_1_98' title='bbox 2308 939 2498 994; x_wconf 66' lang='lat' dir='ltr'><strong>malim</strong></span> <span class='ocrx_word' id='word_1_99' title='bbox 2541 937 2795 996; x_wconf 68' lang='grc' dir='ltr'><strong>ορθηδῑυε</strong></span> <span class='ocrx_word' id='word_1_100' title='bbox 2843 929 3047 994; x_wconf 63' lang='lat' dir='ltr'><strong>fuerat.</strong></span> <span class='ocrx_word' id='word_1_101' title='bbox 3083 930 3265 986; x_wconf 60' lang='lat' dir='ltr'><strong>turbas</strong></span> <span class='ocrx_word' id='word_1_102' title='bbox 3301 939 3358 1009; x_wconf 64' lang='lat' dir='ltr'><strong>et</strong></span> <span class='ocrx_word' id='word_1_103' title='bbox 3396 931 3686 1002; x_wconf 76' lang='lat' dir='ltr'><strong>diSCipulos</strong></span> <span class='ocrx_word' id='word_1_104' title='bbox 3733 932 3812 986; x_wconf 79' lang='lat' dir='ltr'><strong>ab</strong></span> <span class='ocrx_word' id='word_1_105' title='bbox 3857 947 3922 988; x_wconf 77' lang='lat' dir='ltr'><strong>se</strong></span> 
     </span>
    </p>
   </div>
   <div class='ocr_carea' id='block_1_14' title="bbox 611 1025 2203 1097">
    <p class='ocr_par' dir='ltr' id='par_1_14' title="bbox 611 1025 2203 1097">
     <span class='ocr_line' id='line_1_14' title="bbox 611 1025 2203 1097; baseline 0.001 -16"><span class='ocrx_word' id='word_1_106' title='bbox 611 1027 848 1082; x_wconf 88' lang='lat' dir='ltr'><strong>raculum</strong></span> <span class='ocrx_word' id='word_1_107' title='bbox 872 1035 1176 1094; x_wconf 85' lang='lat' dir='ltr'><strong>cernerent,</strong></span> <span class='ocrx_word' id='word_1_108' title='bbox 1200 1041 1374 1097; x_wconf 86' lang='lat' dir='ltr'><strong>neque</strong></span> <span class='ocrx_word' id='word_1_109' title='bbox 1399 1025 1558 1082; x_wconf 89' lang='lat' dir='ltr'><strong>fidem</strong></span> <span class='ocrx_word' id='word_1_110' title='bbox 1586 1036 1863 1096; x_wconf 87' lang='lat' dir='ltr'><strong>negarent,</strong></span> <span class='ocrx_word' id='word_1_111' title='bbox 1895 1025 1979 1081; x_wconf 85' lang='lat' dir='ltr'><strong>vel</strong></span> <span class='ocrx_word' id='word_1_112' title='bbox 2021 1035 2203 1096; x_wconf 86' lang='lat' dir='ltr'><strong>postea</strong></span> 
     </span>
    </p>
   </div>
   <div class='ocr_carea' id='block_1_15' title="bbox 611 1117 2204 1189">
    <p class='ocr_par' dir='ltr' id='par_1_15' title="bbox 611 1117 2204 1189">
     <span class='ocr_line' id='line_1_15' title="bbox 611 1117 2204 1189; baseline 0.001 -17"><span class='ocrx_word' id='word_1_113' title='bbox 611 1119 776 1188; x_wconf 86' lang='lat' dir='ltr'><strong>ipsius</strong></span> <span class='ocrx_word' id='word_1_114' title='bbox 805 1118 1272 1182; x_wconf 88' lang='lat' dir='ltr'><strong>obliviscerentur,</strong></span> <span class='ocrx_word' id='word_1_115' title='bbox 1302 1132 1424 1174; x_wconf 86' lang='lat' dir='ltr'><strong>cum</strong></span> <span class='ocrx_word' id='word_1_116' title='bbox 1453 1117 1583 1189; x_wconf 75' lang='lat' dir='ltr'><strong>ipsa:</strong></span> <span class='ocrx_word' id='word_1_117' title='bbox 1609 1133 1800 1174; x_wconf 89' lang='lat' dir='ltr'><strong>manus</strong></span> <span class='ocrx_word' id='word_1_118' title='bbox 1821 1133 2010 1173; x_wconf 91' lang='lat' dir='ltr'><strong>eorum</strong></span> <span class='ocrx_word' id='word_1_119' title='bbox 2042 1127 2204 1174; x_wconf 81' lang='lat' dir='ltr'><strong>testes</strong></span> 
     </span>
    </p>
   </div>
   <div class='ocr_carea' id='block_1_16' title="bbox 607 1208 2202 1282">
    <p class='ocr_par' dir='ltr' id='par_1_16' title="bbox 607 1208 2202 1282">
     <span class='ocr_line' id='line_1_16' title="bbox 607 1208 2202 1282; baseline 0.001 -18"><span class='ocrx_word' id='word_1_120' title='bbox 607 1219 808 1266; x_wconf 86' lang='lat' dir='ltr'><strong>essent.</strong></span> <span class='ocrx_word' id='word_1_121' title='bbox 852 1211 1189 1282; x_wconf 80' lang='lat' dir='ltr'><strong>Quapmpter</strong></span> <span class='ocrx_word' id='word_1_122' title='bbox 1231 1209 1377 1281; x_wconf 89' lang='lat' dir='ltr'><strong>prius</strong></span> <span class='ocrx_word' id='word_1_123' title='bbox 1429 1208 1670 1279; x_wconf 84' lang='lat' dir='ltr'><strong>permisit</strong></span> <span class='ocrx_word' id='word_1_124' title='bbox 1720 1217 1781 1264; x_wconf 92' lang='lat' dir='ltr'><strong>ut</strong></span> <span class='ocrx_word' id='word_1_125' title='bbox 1832 1209 2000 1264; x_wconf 79' lang='lat' dir='ltr'><strong>turba:</strong></span> <span class='ocrx_word' id='word_1_126' title='bbox 2049 1209 2202 1266; x_wconf 89' lang='lat' dir='ltr'><strong>famis</strong></span> 
     </span>
    </p>
   </div>
   <div class='ocr_carea' id='block_1_17' title="bbox 607 1302 2203 1373">
    <p class='ocr_par' dir='ltr' id='par_1_17' title="bbox 607 1302 2203 1373">
     <span class='ocr_line' id='line_1_17' title="bbox 607 1302 2203 1373; baseline 0 -15"><span class='ocrx_word' id='word_1_127' title='bbox 607 1317 768 1358; x_wconf 83' lang='lat' dir='ltr'><strong>sensu</strong></span> <span class='ocrx_word' id='word_1_128' title='bbox 791 1303 1123 1368; x_wconf 90' lang='lat' dir='ltr'><strong>laborarent,</strong></span> <span class='ocrx_word' id='word_1_129' title='bbox 1153 1302 1585 1373; x_wconf 78' lang='lat' dir='ltr'><strong>exSpectavitque</strong></span> <span class='ocrx_word' id='word_1_130' title='bbox 1611 1311 1668 1358; x_wconf 92' lang='lat' dir='ltr'><strong>ut</strong></span> <span class='ocrx_word' id='word_1_131' title='bbox 1697 1302 1774 1358; x_wconf 86' lang='lat' dir='ltr'><strong>illi</strong></span> <span class='ocrx_word' id='word_1_132' title='bbox 1801 1302 2124 1359; x_wconf 83' lang='lat' dir='ltr'><strong>accederent</strong></span> <span class='ocrx_word' id='word_1_133' title='bbox 2147 1312 2203 1358; x_wconf 91' lang='lat' dir='ltr'><strong>et</strong></span> 
     </span>
    </p>
   </div>
   <div class='ocr_carea' id='block_1_18' title="bbox 609 1394 2195 1466">
    <p class='ocr_par' dir='ltr' id='par_1_18' title="bbox 609 1394 2195 1466">
     <span class='ocr_line' id='line_1_18' title="bbox 609 1394 2195 1466; baseline 0.001 -16"><span class='ocrx_word' id='word_1_134' title='bbox 609 1395 1022 1466; x_wconf 81' lang='lat' dir='ltr'><strong>interrogarent.</strong></span> <span class='ocrx_word' id='word_1_135' title='bbox 1035 1396 1298 1466; x_wconf 87' lang='lat' dir='ltr'><strong>Peripsos</strong></span> <span class='ocrx_word' id='word_1_136' title='bbox 1318 1395 1444 1451; x_wconf 91' lang='lat' dir='ltr'><strong>item</strong></span> <span class='ocrx_word' id='word_1_137' title='bbox 1461 1394 1624 1465; x_wconf 88' lang='lat' dir='ltr'><strong>jussit</strong></span> <span class='ocrx_word' id='word_1_138' title='bbox 1641 1395 1844 1465; x_wconf 88' lang='lat' dir='ltr'><strong>plebem</strong></span> <span class='ocrx_word' id='word_1_139' title='bbox 1864 1395 2195 1461; x_wconf 86' lang='lat' dir='ltr'><strong>recumbere,</strong></span> 
     </span>
    </p>
   </div>
   <div class='ocr_carea' id='block_1_19' title="bbox 610 1487 2199 1559">
    <p class='ocr_par' dir='ltr' id='par_1_19' title="bbox 610 1487 2199 1559">
     <span class='ocr_line' id='line_1_19' title="bbox 610 1487 2199 1559; baseline -0.001 -16"><span class='ocrx_word' id='word_1_140' title='bbox 610 1502 708 1556; x_wconf 88' lang='lat' dir='ltr'><strong>per</strong></span> <span class='ocrx_word' id='word_1_141' title='bbox 727 1487 875 1558; x_wconf 83' lang='lat' dir='ltr'><strong>ipsos</strong></span> <span class='ocrx_word' id='word_1_142' title='bbox 900 1503 1113 1559; x_wconf 91' lang='lat' dir='ltr'><strong>quoque</strong></span> <span class='ocrx_word' id='word_1_143' title='bbox 1137 1487 1439 1554; x_wconf 88' lang='lat' dir='ltr'><strong>distribuit,</strong></span> <span class='ocrx_word' id='word_1_144' title='bbox 1468 1487 1708 1558; x_wconf 84' lang='lat' dir='ltr'><strong>singulos</strong></span> <span class='ocrx_word' id='word_1_145' title='bbox 1733 1488 1947 1557; x_wconf 84' lang='lat' dir='ltr'><strong>propria</strong></span> <span class='ocrx_word' id='word_1_146' title='bbox 1983 1488 2199 1544; x_wconf 88' lang='lat' dir='ltr'><strong>confes-</strong></span> 
     </span>
    </p>
   </div>
   <div class='ocr_carea' id='block_1_20' title="bbox 606 1579 2199 1652">
    <p class='ocr_par' dir='ltr' id='par_1_20' title="bbox 606 1579 2199 1652">
     <span class='ocr_line' id='line_1_20' title="bbox 606 1579 2199 1652; baseline 0.001 -17"><span class='ocrx_word' id='word_1_147' title='bbox 606 1581 759 1636; x_wconf 88' lang='lat' dir='ltr'><strong>sione</strong></span> <span class='ocrx_word' id='word_1_148' title='bbox 786 1589 842 1637; x_wconf 92' lang='lat' dir='ltr'><strong>et</strong></span> <span class='ocrx_word' id='word_1_149' title='bbox 868 1581 1120 1647; x_wconf 81' lang='lat' dir='ltr'><strong>operibus</strong></span> <span class='ocrx_word' id='word_1_150' title='bbox 1146 1582 1330 1636; x_wconf 88' lang='lat' dir='ltr'><strong>volens</strong></span> <span class='ocrx_word' id='word_1_151' title='bbox 1354 1595 1750 1652; x_wconf 71' lang='lat' dir='ltr'><strong>prmoocupare.</strong></span> <span class='ocrx_word' id='word_1_152' title='bbox 1778 1579 1980 1636; x_wconf 86' lang='lat' dir='ltr'><strong>Idcirco</strong></span> <span class='ocrx_word' id='word_1_153' title='bbox 2005 1580 2199 1636; x_wconf 86' lang='lat' dir='ltr'><strong>abillis</strong></span> 
     </span>
    </p>
   </div>
   <div class='ocr_carea' id='block_1_21' title="bbox 609 1674 2198 1743">
    <p class='ocr_par' dir='ltr' id='par_1_21' title="bbox 609 1674 2198 1743">
     <span class='ocr_line' id='line_1_21' title="bbox 609 1674 2198 1743; baseline 0 -15"><span class='ocrx_word' id='word_1_154' title='bbox 609 1686 772 1742; x_wconf 88' lang='lat' dir='ltr'><strong>panes</strong></span> <span class='ocrx_word' id='word_1_155' title='bbox 799 1674 1010 1743; x_wconf 89' lang='lat' dir='ltr'><strong>accipit,</strong></span> <span class='ocrx_word' id='word_1_156' title='bbox 1036 1681 1095 1728; x_wconf 92' lang='lat' dir='ltr'><strong>ut</strong></span> <span class='ocrx_word' id='word_1_157' title='bbox 1112 1674 1279 1730; x_wconf 90' lang='lat' dir='ltr'><strong>multa</strong></span> <span class='ocrx_word' id='word_1_158' title='bbox 1306 1675 1379 1728; x_wconf 90' lang='lat' dir='ltr'><strong>rei</strong></span> <span class='ocrx_word' id='word_1_159' title='bbox 1409 1674 1706 1729; x_wconf 74' lang='lat' dir='ltr'><strong>testimonia</strong></span> <span class='ocrx_word' id='word_1_160' title='bbox 1729 1681 1928 1738; x_wconf 81' lang='lat' dir='ltr'><strong>essent,</strong></span> <span class='ocrx_word' id='word_1_161' title='bbox 1953 1687 2017 1729; x_wconf 92' lang='lat' dir='ltr'><strong>ac</strong></span> <span class='ocrx_word' id='word_1_162' title='bbox 2039 1674 2198 1728; x_wconf 86' lang='lat' dir='ltr'><strong>mira-</strong></span> 
     </span>
    </p>
   </div>
   <div class='ocr_carea' id='block_1_22' title="bbox 605 1764 2194 1836">
    <p class='ocr_par' dir='ltr' id='par_1_22' title="bbox 605 1764 2194 1836">
     <span class='ocr_line' id='line_1_22' title="bbox 605 1764 2194 1836; baseline 0.001 -18"><span class='ocrx_word' id='word_1_163' title='bbox 605 1764 711 1819; x_wconf 85' lang='lat' dir='ltr'><strong>culi</strong></span> <span class='ocrx_word' id='word_1_164' title='bbox 757 1773 1101 1822; x_wconf 87' lang='lat' dir='ltr'><strong>monumenta</strong></span> <span class='ocrx_word' id='word_1_165' title='bbox 1144 1765 1423 1822; x_wconf 88' lang='lat' dir='ltr'><strong>haberent.</strong></span> <span class='ocrx_word' id='word_1_166' title='bbox 1446 1764 1582 1820; x_wconf 86' lang='lat' dir='ltr'><strong>Nam</strong></span> <span class='ocrx_word' id='word_1_167' title='bbox 1607 1766 1651 1820; x_wconf 90' lang='lat' dir='ltr'><strong>si</strong></span> <span class='ocrx_word' id='word_1_168' title='bbox 1683 1765 1766 1822; x_wconf 89' lang='lat' dir='ltr'><strong>his</strong></span> <span class='ocrx_word' id='word_1_169' title='bbox 1806 1767 1876 1819; x_wconf 90' lang='lat' dir='ltr'><strong>ita</strong></span> <span class='ocrx_word' id='word_1_170' title='bbox 1915 1765 2080 1836; x_wconf 77' lang='lat' dir='ltr'><strong>gestis</strong></span> <span class='ocrx_word' id='word_1_171' title='bbox 2117 1765 2194 1820; x_wconf 86' lang='lat' dir='ltr'><strong>rei</strong></span> 
     </span>
    </p>
   </div>
   <div class='ocr_carea' id='block_1_23' title="bbox 605 1855 2196 1928">
    <p class='ocr_par' dir='ltr' id='par_1_23' title="bbox 605 1855 2196 1928">
     <span class='ocr_line' id='line_1_23' title="bbox 605 1855 2196 1928; baseline 0.003 -21"><span class='ocrx_word' id='word_1_172' title='bbox 605 1855 756 1912; x_wconf 87' lang='lat' dir='ltr'><strong>obliti</strong></span> <span class='ocrx_word' id='word_1_173' title='bbox 783 1865 927 1923; x_wconf 88' lang='lat' dir='ltr'><strong>sunt,</strong></span> <span class='ocrx_word' id='word_1_174' title='bbox 955 1857 1080 1928; x_wconf 91' lang='lat' dir='ltr'><strong>quid</strong></span> <span class='ocrx_word' id='word_1_175' title='bbox 1109 1857 1380 1922; x_wconf 83' lang='lat' dir='ltr'><strong>iecissent,</strong></span> <span class='ocrx_word' id='word_1_176' title='bbox 1406 1858 1450 1912; x_wconf 91' lang='lat' dir='ltr'><strong>si</strong></span> <span class='ocrx_word' id='word_1_177' title='bbox 1479 1872 1593 1914; x_wconf 87' lang='lat' dir='ltr'><strong>rem</strong></span> <span class='ocrx_word' id='word_1_178' title='bbox 1619 1871 1725 1912; x_wconf 90' lang='lat' dir='ltr'><strong>non</strong></span> <span class='ocrx_word' id='word_1_179' title='bbox 1754 1857 1824 1913; x_wconf 92' lang='lat' dir='ltr'><strong>ita</strong></span> <span class='ocrx_word' id='word_1_180' title='bbox 1849 1856 2196 1912; x_wconf 81' lang='lat' dir='ltr'><strong>adornasset?</strong></span> 
     </span>
    </p>
   </div>
   <div class='ocr_carea' id='block_1_24' title="bbox 599 1947 2194 2019">
    <p class='ocr_par' dir='ltr' id='par_1_24' title="bbox 599 1947 2194 2019">
     <span class='ocr_line' id='line_1_24' title="bbox 599 1947 2194 2019; baseline 0.001 -18"><span class='ocrx_word' id='word_1_181' title='bbox 599 1947 763 2004; x_wconf 83' lang='lat' dir='ltr'><strong>.lnbet</strong></span> <span class='ocrx_word' id='word_1_182' title='bbox 789 1950 949 2005; x_wconf 86' lang='lat' dir='ltr'><strong>etiam</strong></span> <span class='ocrx_word' id='word_1_183' title='bbox 981 1950 1100 2006; x_wconf 89' lang='lat' dir='ltr'><strong>illos</strong></span> <span class='ocrx_word' id='word_1_184' title='bbox 1129 1950 1180 2005; x_wconf 93' lang='lat' dir='ltr'><strong>iu</strong></span> <span class='ocrx_word' id='word_1_185' title='bbox 1213 1951 1356 2008; x_wconf 64' lang='lat' dir='ltr'><strong>freno</strong></span> <span class='ocrx_word' id='word_1_186' title='bbox 1379 1949 1737 2017; x_wconf 82' lang='lat' dir='ltr'><strong>discumbere,</strong></span> <span class='ocrx_word' id='word_1_187' title='bbox 1765 1949 1950 2005; x_wconf 81' lang='lat' dir='ltr'><strong>turbas</strong></span> <span class='ocrx_word' id='word_1_188' title='bbox 1973 1948 2040 2003; x_wconf 90' lang='lat' dir='ltr'><strong>ad</strong></span> <span class='ocrx_word' id='word_1_189' title='bbox 2072 1948 2194 2019; x_wconf 89' lang='lat' dir='ltr'><strong>phi-</strong></span> 
     </span>
    </p>
   </div>
   <div class='ocr_carea' id='block_1_25' title="bbox 605 2041 2196 2114">
    <p class='ocr_par' dir='ltr' id='par_1_25' title="bbox 605 2041 2196 2114">
     <span class='ocr_line' id='line_1_25' title="bbox 605 2041 2196 2114; baseline -0.001 -14"><span class='ocrx_word' id='word_1_190' title='bbox 605 2041 992 2112; x_wconf 87' lang='lat' dir='ltr'><strong>losophandum</strong></span> <span class='ocrx_word' id='word_1_191' title='bbox 1020 2042 1095 2114; x_wconf 90' lang='lat' dir='ltr'><strong>(a)</strong></span> <span class='ocrx_word' id='word_1_192' title='bbox 1117 2043 1420 2098; x_wconf 85' lang='lat' dir='ltr'><strong>instituens.</strong></span> <span class='ocrx_word' id='word_1_193' title='bbox 1444 2043 1560 2098; x_wconf 91' lang='lat' dir='ltr'><strong>Non</strong></span> <span class='ocrx_word' id='word_1_194' title='bbox 1581 2043 1724 2098; x_wconf 89' lang='lat' dir='ltr'><strong>enim</strong></span> <span class='ocrx_word' id='word_1_195' title='bbox 1754 2051 1959 2098; x_wconf 86' lang='lat' dir='ltr'><strong>tantum</strong></span> <span class='ocrx_word' id='word_1_196' title='bbox 1984 2042 2196 2098; x_wconf 88' lang='lat' dir='ltr'><strong>volebat</strong></span> 
     </span>
    </p>
   </div>
   <div class='ocr_carea' id='block_1_26' title="bbox 513 2132 1824 2204">
    <p class='ocr_par' dir='ltr' id='par_1_26' title="bbox 513 2132 1824 2204">
     <span class='ocr_line' id='line_1_26' title="bbox 513 2132 1824 2204; baseline 0.001 -18"><span class='ocrx_word' id='word_1_197' title='bbox 513 2155 522 2161; x_wconf 85' lang='lat'><em>-</em></span> <span class='ocrx_word' id='word_1_198' title='bbox 601 2132 671 2187; x_wconf 84' lang='lat' dir='ltr'><strong>ali</strong></span> <span class='ocrx_word' id='word_1_199' title='bbox 701 2147 948 2201; x_wconf 87' lang='lat' dir='ltr'><strong>corpora,</strong></span> <span class='ocrx_word' id='word_1_200' title='bbox 980 2134 1073 2189; x_wconf 89' lang='lat' dir='ltr'><strong>sed</strong></span> <span class='ocrx_word' id='word_1_201' title='bbox 1101 2134 1332 2189; x_wconf 87' lang='lat' dir='ltr'><strong>animam</strong></span> <span class='ocrx_word' id='word_1_202' title='bbox 1361 2149 1570 2204; x_wconf 88' lang='lat' dir='ltr'><strong>quoque</strong></span> <span class='ocrx_word' id='word_1_203' title='bbox 1601 2133 1824 2189; x_wconf 88' lang='lat' dir='ltr'><strong>institui.</strong></span> 
     </span>
    </p>
   </div>
   <div class='ocr_carea' id='block_1_27' title="bbox 673 2225 2192 2298">
    <p class='ocr_par' dir='ltr' id='par_1_27' title="bbox 673 2225 2192 2298">
     <span class='ocr_line' id='line_1_27' title="bbox 673 2225 2192 2298; baseline 0.003 -20"><span class='ocrx_word' id='word_1_204' title='bbox 673 2225 727 2278; x_wconf 76' lang='grc'><strong>5.</strong></span> <span class='ocrx_word' id='word_1_205' title='bbox 771 2226 847 2279; x_wconf 84' lang='lat' dir='ltr'><strong>Ex</strong></span> <span class='ocrx_word' id='word_1_206' title='bbox 885 2225 1004 2281; x_wconf 87' lang='lat' dir='ltr'><strong>loco</strong></span> <span class='ocrx_word' id='word_1_207' title='bbox 1054 2227 1249 2297; x_wconf 89' lang='lat' dir='ltr'><strong>igitur,</strong></span> <span class='ocrx_word' id='word_1_208' title='bbox 1279 2242 1344 2282; x_wconf 85' lang='lat' dir='ltr'><strong>ex</strong></span> <span class='ocrx_word' id='word_1_209' title='bbox 1389 2242 1454 2283; x_wconf 92' lang='lat' dir='ltr'><strong>eo</strong></span> <span class='ocrx_word' id='word_1_210' title='bbox 1483 2227 1624 2297; x_wconf 89' lang='lat' dir='ltr'><strong>quod</strong></span> <span class='ocrx_word' id='word_1_211' title='bbox 1671 2227 1880 2282; x_wconf 89' lang='lat' dir='ltr'><strong>nonnisi</strong></span> <span class='ocrx_word' id='word_1_212' title='bbox 1929 2240 2094 2298; x_wconf 88' lang='lat' dir='ltr'><strong>panes</strong></span> <span class='ocrx_word' id='word_1_213' title='bbox 2137 2236 2192 2284; x_wconf 93' lang='lat' dir='ltr'><strong>et</strong></span> 
     </span>
    </p>
   </div>
   <div class='ocr_carea' id='block_1_28' title="bbox 600 2315 2190 2387">
    <p class='ocr_par' dir='ltr' id='par_1_28' title="bbox 600 2315 2190 2387">
     <span class='ocr_line' id='line_1_28' title="bbox 600 2315 2190 2387; baseline 0.003 -19"><span class='ocrx_word' id='word_1_214' title='bbox 600 2315 774 2383; x_wconf 87' lang='lat' dir='ltr'><strong>pisces</strong></span> <span class='ocrx_word' id='word_1_215' title='bbox 817 2316 1009 2383; x_wconf 90' lang='lat' dir='ltr'><strong>daret,</strong></span> <span class='ocrx_word' id='word_1_216' title='bbox 1037 2317 1285 2387; x_wconf 89' lang='lat' dir='ltr'><strong>quodque</strong></span> <span class='ocrx_word' id='word_1_217' title='bbox 1327 2317 1514 2372; x_wconf 85' lang='lat' dir='ltr'><strong>eadem</strong></span> <span class='ocrx_word' id='word_1_218' title='bbox 1559 2327 1614 2372; x_wconf 89' lang='lat' dir='ltr'><strong>et</strong></span> <span class='ocrx_word' id='word_1_219' title='bbox 1665 2318 1716 2371; x_wconf 92' lang='lat' dir='ltr'><strong>in</strong></span> <span class='ocrx_word' id='word_1_220' title='bbox 1761 2318 2032 2372; x_wconf 91' lang='lat' dir='ltr'><strong>communi</strong></span> <span class='ocrx_word' id='word_1_221' title='bbox 2077 2317 2190 2373; x_wconf 88' lang='lat' dir='ltr'><strong>dari</strong></span> 
     </span>
    </p>
   </div>
   <div class='ocr_carea' id='block_1_29' title="bbox 596 2408 2192 2480">
    <p class='ocr_par' dir='ltr' id='par_1_29' title="bbox 596 2408 2192 2480">
     <span class='ocr_line' id='line_1_29' title="bbox 596 2408 2192 2480; baseline 0.005 -20"><span class='ocrx_word' id='word_1_222' title='bbox 596 2408 834 2477; x_wconf 85' lang='lat' dir='ltr'><strong>jusserit,</strong></span> <span class='ocrx_word' id='word_1_223' title='bbox 858 2425 957 2464; x_wconf 90' lang='lat' dir='ltr'><strong>nec</strong></span> <span class='ocrx_word' id='word_1_224' title='bbox 983 2410 1115 2464; x_wconf 89' lang='lat' dir='ltr'><strong>alius</strong></span> <span class='ocrx_word' id='word_1_225' title='bbox 1139 2411 1256 2479; x_wconf 89' lang='lat' dir='ltr'><strong>plus</strong></span> <span class='ocrx_word' id='word_1_226' title='bbox 1284 2426 1442 2480; x_wconf 90' lang='lat' dir='ltr'><strong>quam</strong></span> <span class='ocrx_word' id='word_1_227' title='bbox 1468 2411 1606 2466; x_wconf 90' lang='lat' dir='ltr'><strong>alius</strong></span> <span class='ocrx_word' id='word_1_228' title='bbox 1633 2410 1896 2476; x_wconf 87' lang='lat' dir='ltr'><strong>habuerit,</strong></span> <span class='ocrx_word' id='word_1_229' title='bbox 1926 2411 2192 2468; x_wconf 87' lang='lat' dir='ltr'><strong>humilita-</strong></span> 
     </span>
    </p>
   </div>
   <div class='ocr_carea' id='block_1_30' title="bbox 598 2503 2191 2574">
    <p class='ocr_par' dir='ltr' id='par_1_30' title="bbox 598 2503 2191 2574">
     <span class='ocr_line' id='line_1_30' title="bbox 598 2503 2191 2574; baseline 0.002 -19"><span class='ocrx_word' id='word_1_230' title='bbox 598 2511 728 2568; x_wconf 82' lang='lat' dir='ltr'><strong>tem,</strong></span> <span class='ocrx_word' id='word_1_231' title='bbox 755 2503 1184 2572; x_wconf 80' lang='lat' dir='ltr'><strong>temperantiam,</strong></span> <span class='ocrx_word' id='word_1_232' title='bbox 1210 2505 1594 2574; x_wconf 83' lang='lat' dir='ltr'><strong>caritatemque</strong></span> <span class='ocrx_word' id='word_1_233' title='bbox 1615 2503 1815 2570; x_wconf 91' lang='lat' dir='ltr'><strong>docuit,</strong></span> <span class='ocrx_word' id='word_1_234' title='bbox 1843 2504 2111 2574; x_wconf 79' lang='lat' dir='ltr'><strong>voluitque</strong></span> <span class='ocrx_word' id='word_1_235' title='bbox 2132 2513 2191 2558; x_wconf 92' lang='lat' dir='ltr'><strong>ut</strong></span> 
     </span>
    </p>
   </div>
   <div class='ocr_carea' id='block_1_31' title="bbox 599 2593 2189 2665">
    <p class='ocr_par' dir='ltr' id='par_1_31' title="bbox 599 2593 2189 2665">
     <span class='ocr_line' id='line_1_31' title="bbox 599 2593 2189 2665; baseline 0.004 -19"><span class='ocrx_word' id='word_1_236' title='bbox 599 2593 712 2660; x_wconf 85' lang='lat' dir='ltr'><strong>pari</strong></span> <span class='ocrx_word' id='word_1_237' title='bbox 735 2603 1118 2650; x_wconf 87' lang='lat' dir='ltr'><strong>essentomnes</strong></span> <span class='ocrx_word' id='word_1_238' title='bbox 1138 2610 1263 2665; x_wconf 83' lang='lat' dir='ltr'><strong>erga</strong></span> <span class='ocrx_word' id='word_1_239' title='bbox 1286 2596 1417 2650; x_wconf 90' lang='lat' dir='ltr'><strong>alios</strong></span> <span class='ocrx_word' id='word_1_240' title='bbox 1436 2594 1651 2661; x_wconf 77' lang='lat' dir='ltr'><strong>alfectu,</strong></span> <span class='ocrx_word' id='word_1_241' title='bbox 1666 2604 1722 2651; x_wconf 90' lang='lat' dir='ltr'><strong>et</strong></span> <span class='ocrx_word' id='word_1_242' title='bbox 1742 2597 1919 2651; x_wconf 84' lang='lat' dir='ltr'><strong>omnia</strong></span> <span class='ocrx_word' id='word_1_243' title='bbox 1941 2597 2189 2653; x_wconf 86' lang='lat' dir='ltr'><strong>omnibus</strong></span> 
     </span>
    </p>
   </div>
   <div class='ocr_carea' id='block_1_32' title="bbox 593 2687 2190 2757">
    <p class='ocr_par' dir='ltr' id='par_1_32' title="bbox 593 2687 2190 2757">
     <span class='ocr_line' id='line_1_32' title="bbox 593 2687 2190 2757; baseline 0.004 -20"><span class='ocrx_word' id='word_1_244' title='bbox 593 2687 898 2740; x_wconf 87' lang='lat' dir='ltr'><strong>communia</strong></span> <span class='ocrx_word' id='word_1_245' title='bbox 943 2701 1067 2742; x_wconf 87' lang='lat' dir='ltr'><strong>esse</strong></span> <span class='ocrx_word' id='word_1_246' title='bbox 1113 2695 1380 2757; x_wconf 80' lang='lat' dir='ltr'><strong>putarent.</strong></span> <span class='ocrx_word' id='word_1_247' title='bbox 1413 2687 1478 2742; x_wconf 89' lang='lat' dir='ltr'><strong>Et</strong></span> <span class='ocrx_word' id='word_1_248' title='bbox 1522 2687 1702 2743; x_wconf 87' lang='lat' dir='ltr'><strong>fractis</strong></span> <span class='ocrx_word' id='word_1_249' title='bbox 1749 2689 2012 2757; x_wconf 88' lang='lat' dir='ltr'><strong>panibus,</strong></span> <span class='ocrx_word' id='word_1_250' title='bbox 2041 2688 2190 2744; x_wconf 90' lang='lat' dir='ltr'><strong>dedit</strong></span> 
     </span>
    </p>
   </div>
   <div class='ocr_carea' id='block_1_33' title="bbox 595 2776 2188 2851">
    <p class='ocr_par' dir='ltr' id='par_1_33' title="bbox 595 2776 2188 2851">
     <span class='ocr_line' id='line_1_33' title="bbox 595 2776 2188 2851; baseline 0.004 -21"><span class='ocrx_word' id='word_1_251' title='bbox 595 2791 701 2831; x_wconf 86' lang='lat' dir='ltr'><strong>eos</strong></span> <span class='ocrx_word' id='word_1_252' title='bbox 727 2776 1036 2846; x_wconf 88' lang='lat' dir='ltr'><strong>discipulis,</strong></span> <span class='ocrx_word' id='word_1_253' title='bbox 1065 2778 1312 2850; x_wconf 89' lang='lat' dir='ltr'><strong>discipuli</strong></span> <span class='ocrx_word' id='word_1_254' title='bbox 1361 2795 1488 2835; x_wconf 90' lang='lat' dir='ltr'><strong>vero</strong></span> <span class='ocrx_word' id='word_1_255' title='bbox 1528 2780 1688 2850; x_wconf 87' lang='lat' dir='ltr'><strong>plebi.</strong></span> <span class='ocrx_word' id='word_1_256' title='bbox 1733 2780 1978 2851; x_wconf 90' lang='lat' dir='ltr'><strong>Quinque</strong></span> <span class='ocrx_word' id='word_1_257' title='bbox 2023 2795 2188 2850; x_wconf 89' lang='lat' dir='ltr'><strong>panes</strong></span> 
     </span>
    </p>
   </div>
   <div class='ocr_carea' id='block_1_34' title="bbox 596 2866 2184 2942">
    <p class='ocr_par' dir='ltr' id='par_1_34' title="bbox 596 2866 2184 2942">
     <span class='ocr_line' id='line_1_34' title="bbox 596 2866 2184 2942; baseline 0.006 -22"><span class='ocrx_word' id='word_1_258' title='bbox 596 2866 792 2922; x_wconf 89' lang='lat' dir='ltr'><strong>fractos</strong></span> <span class='ocrx_word' id='word_1_259' title='bbox 817 2868 986 2935; x_wconf 89' lang='lat' dir='ltr'><strong>dedit,</strong></span> <span class='ocrx_word' id='word_1_260' title='bbox 1014 2880 1068 2924; x_wconf 91' lang='lat' dir='ltr'><strong>et</strong></span> <span class='ocrx_word' id='word_1_261' title='bbox 1097 2871 1169 2925; x_wconf 91' lang='lat' dir='ltr'><strong>illi</strong></span> <span class='ocrx_word' id='word_1_262' title='bbox 1193 2872 1427 2942; x_wconf 91' lang='lat' dir='ltr'><strong>quinque</strong></span> <span class='ocrx_word' id='word_1_263' title='bbox 1459 2873 1508 2927; x_wconf 93' lang='lat' dir='ltr'><strong>in</strong></span> <span class='ocrx_word' id='word_1_264' title='bbox 1539 2873 1784 2927; x_wconf 87' lang='lat' dir='ltr'><strong>manibus</strong></span> <span class='ocrx_word' id='word_1_265' title='bbox 1805 2873 2184 2942; x_wconf 90' lang='lat' dir='ltr'><strong>discipulorum</strong></span> 
     </span>
    </p>
   </div>
   <div class='ocr_carea' id='block_1_35' title="bbox 595 2961 2190 3037">
    <p class='ocr_par' dir='ltr' id='par_1_35' title="bbox 595 2961 2190 3037">
     <span class='ocr_line' id='line_1_35' title="bbox 595 2961 2190 3037; baseline 0.003 -21"><span class='ocrx_word' id='word_1_266' title='bbox 595 2961 647 3016; x_wconf 87' lang='lat' dir='ltr'><strong>in</strong></span> <span class='ocrx_word' id='word_1_267' title='bbox 677 2962 836 3018; x_wconf 89' lang='lat' dir='ltr'><strong>fontis</strong></span> <span class='ocrx_word' id='word_1_268' title='bbox 863 2979 1066 3019; x_wconf 90' lang='lat' dir='ltr'><strong>morem</strong></span> <span class='ocrx_word' id='word_1_269' title='bbox 1097 2965 1475 3021; x_wconf 88' lang='lat' dir='ltr'><strong>scaturiebant.</strong></span> <span class='ocrx_word' id='word_1_270' title='bbox 1505 2965 1688 3037; x_wconf 89' lang='lat' dir='ltr'><strong>Neque</strong></span> <span class='ocrx_word' id='word_1_271' title='bbox 1714 2965 1799 3021; x_wconf 92' lang='lat' dir='ltr'><strong>hic</strong></span> <span class='ocrx_word' id='word_1_272' title='bbox 1835 2967 1983 3021; x_wconf 87' lang='lat' dir='ltr'><strong>stetit</strong></span> <span class='ocrx_word' id='word_1_273' title='bbox 2026 2967 2190 3022; x_wconf 82' lang='lat' dir='ltr'><strong>mira-</strong></span> 
     </span>
    </p>
   </div>
   <div class='ocr_carea' id='block_1_36' title="bbox 592 3055 2181 3127">
    <p class='ocr_par' dir='ltr' id='par_1_36' title="bbox 592 3055 2181 3127">
     <span class='ocr_line' id='line_1_36' title="bbox 592 3055 2181 3127; baseline 0.002 -17"><span class='ocrx_word' id='word_1_274' title='bbox 592 3055 773 3110; x_wconf 88' lang='lat' dir='ltr'><strong>culum</strong></span> <span class='ocrx_word' id='word_1_275' title='bbox 798 3071 812 3108; x_wconf 90' lang='lat'>:</span> <span class='ocrx_word' id='word_1_276' title='bbox 837 3055 930 3110; x_wconf 88' lang='lat' dir='ltr'><strong>sed</strong></span> <span class='ocrx_word' id='word_1_277' title='bbox 972 3056 1021 3110; x_wconf 95' lang='lat' dir='ltr'><strong>id</strong></span> <span class='ocrx_word' id='word_1_278' title='bbox 1068 3057 1191 3112; x_wconf 87' lang='lat' dir='ltr'><strong>fecit</strong></span> <span class='ocrx_word' id='word_1_279' title='bbox 1231 3067 1286 3112; x_wconf 90' lang='lat' dir='ltr'><strong>ut</strong></span> <span class='ocrx_word' id='word_1_280' title='bbox 1315 3058 1474 3113; x_wconf 87' lang='lat' dir='ltr'><strong>etiam</strong></span> <span class='ocrx_word' id='word_1_281' title='bbox 1507 3057 2040 3127; x_wconf 86' lang='lat' dir='ltr'><strong>superabundarent,</strong></span> <span class='ocrx_word' id='word_1_282' title='bbox 2074 3073 2181 3112; x_wconf 91' lang='lat' dir='ltr'><strong>non</strong></span> 
     </span>
    </p>
   </div>
   <div class='ocr_carea' id='block_1_37' title="bbox 593 3148 2180 3219">
    <p class='ocr_par' dir='ltr' id='par_1_37' title="bbox 593 3148 2180 3219">
     <span class='ocr_line' id='line_1_37' title="bbox 593 3148 2180 3219; baseline 0.002 -18"><span class='ocrx_word' id='word_1_283' title='bbox 593 3148 754 3202; x_wconf 85' lang='lat' dir='ltr'><strong>tuodn</strong></span> <span class='ocrx_word' id='word_1_284' title='bbox 783 3163 967 3219; x_wconf 89' lang='lat' dir='ltr'><strong>panes,</strong></span> <span class='ocrx_word' id='word_1_285' title='bbox 998 3149 1091 3204; x_wconf 91' lang='lat' dir='ltr'><strong>scd</strong></span> <span class='ocrx_word' id='word_1_286' title='bbox 1122 3159 1175 3204; x_wconf 91' lang='lat' dir='ltr'><strong>et</strong></span> <span class='ocrx_word' id='word_1_287' title='bbox 1207 3148 1530 3219; x_wconf 83' lang='lat' dir='ltr'><strong>fragmenta;</strong></span> <span class='ocrx_word' id='word_1_288' title='bbox 1565 3157 1622 3203; x_wconf 93' lang='lat' dir='ltr'><strong>ut</strong></span> <span class='ocrx_word' id='word_1_289' title='bbox 1647 3149 1949 3204; x_wconf 87' lang='lat' dir='ltr'><strong>ostenderet</strong></span> <span class='ocrx_word' id='word_1_290' title='bbox 1974 3150 2180 3204; x_wconf 88' lang='lat' dir='ltr'><strong>illorum</strong></span> 
     </span>
    </p>
   </div>
   <div class='ocr_carea' id='block_1_38' title="bbox 593 3241 2179 3314">
    <p class='ocr_par' dir='ltr' id='par_1_38' title="bbox 593 3241 2179 3314">
     <span class='ocr_line' id='line_1_38' title="bbox 593 3241 2179 3314; baseline 0.001 -18"><span class='ocrx_word' id='word_1_291' title='bbox 593 3257 787 3312; x_wconf 90' lang='lat' dir='ltr'><strong>panum</strong></span> <span class='ocrx_word' id='word_1_292' title='bbox 835 3241 930 3297; x_wconf 90' lang='lat' dir='ltr'><strong>has</strong></span> <span class='ocrx_word' id='word_1_293' title='bbox 966 3257 1086 3298; x_wconf 89' lang='lat' dir='ltr'><strong>esse</strong></span> <span class='ocrx_word' id='word_1_294' title='bbox 1134 3243 1420 3313; x_wconf 90' lang='lat' dir='ltr'><strong>reliquias,</strong></span> <span class='ocrx_word' id='word_1_295' title='bbox 1450 3251 1613 3314; x_wconf 90' lang='lat' dir='ltr'><strong>utque</strong></span> <span class='ocrx_word' id='word_1_296' title='bbox 1653 3243 1902 3298; x_wconf 87' lang='lat' dir='ltr'><strong>absentes</strong></span> <span class='ocrx_word' id='word_1_297' title='bbox 1921 3259 2133 3314; x_wconf 86' lang='lat' dir='ltr'><strong>quoque</strong></span> <span class='ocrx_word' id='word_1_298' title='bbox 2163 3243 2179 3276; x_wconf 85' lang='grc'>¹</span> 
     </span>
    </p>
   </div>
   <div class='ocr_carea' id='block_1_39' title="bbox 590 3333 2182 3406">
    <p class='ocr_par' dir='ltr' id='par_1_39' title="bbox 590 3333 2182 3406">
     <span class='ocr_line' id='line_1_39' title="bbox 590 3333 2182 3406; baseline -0.001 -16"><span class='ocrx_word' id='word_1_299' title='bbox 590 3341 812 3406; x_wconf 86' lang='lat' dir='ltr'><strong>possent</strong></span> <span class='ocrx_word' id='word_1_300' title='bbox 847 3334 898 3390; x_wconf 92' lang='lat' dir='ltr'><strong>id</strong></span> <span class='ocrx_word' id='word_1_301' title='bbox 929 3335 1068 3405; x_wconf 90' lang='lat' dir='ltr'><strong>quod</strong></span> <span class='ocrx_word' id='word_1_302' title='bbox 1099 3342 1305 3405; x_wconf 87' lang='lat' dir='ltr'><strong>gestum</strong></span> <span class='ocrx_word' id='word_1_303' title='bbox 1337 3343 1452 3390; x_wconf 90' lang='lat' dir='ltr'><strong>erat</strong></span> <span class='ocrx_word' id='word_1_304' title='bbox 1476 3334 1738 3390; x_wconf 81' lang='lat' dir='ltr'><strong>ediscere.</strong></span> <span class='ocrx_word' id='word_1_305' title='bbox 1773 3334 1974 3389; x_wconf 89' lang='lat' dir='ltr'><strong>Idcirco</strong></span> <span class='ocrx_word' id='word_1_306' title='bbox 1999 3333 2182 3388; x_wconf 82' lang='lat' dir='ltr'><strong>turbas</strong></span> 
     </span>
    </p>
   </div>
   <div class='ocr_carea' id='block_1_40' title="bbox 588 3426 2178 3498">
    <p class='ocr_par' dir='ltr' id='par_1_40' title="bbox 588 3426 2178 3498">
     <span class='ocr_line' id='line_1_40' title="bbox 588 3426 2178 3498; baseline -0.001 -16"><span class='ocrx_word' id='word_1_307' title='bbox 588 3429 797 3484; x_wconf 90' lang='lat' dir='ltr'><strong>esurire</strong></span> <span class='ocrx_word' id='word_1_308' title='bbox 845 3427 1124 3497; x_wconf 88' lang='lat' dir='ltr'><strong>permisit,</strong></span> <span class='ocrx_word' id='word_1_309' title='bbox 1155 3443 1223 3482; x_wconf 92' lang='lat' dir='ltr'><strong>ne</strong></span> <span class='ocrx_word' id='word_1_310' title='bbox 1252 3427 1370 3498; x_wconf 89' lang='lat' dir='ltr'><strong>quis</strong></span> <span class='ocrx_word' id='word_1_311' title='bbox 1413 3435 1662 3496; x_wconf 82' lang='lat' dir='ltr'><strong>putaret,</strong></span> <span class='ocrx_word' id='word_1_312' title='bbox 1689 3427 1738 3481; x_wconf 90' lang='lat' dir='ltr'><strong>id</strong></span> <span class='ocrx_word' id='word_1_313' title='bbox 1784 3426 1924 3496; x_wconf 87' lang='lat' dir='ltr'><strong>quod</strong></span> <span class='ocrx_word' id='word_1_314' title='bbox 1969 3435 2178 3496; x_wconf 88' lang='lat' dir='ltr'><strong>gestum</strong></span> 
     </span>
    </p>
   </div>
   <div class='ocr_carea' id='block_1_41' title="bbox 587 3517 2184 3590">
    <p class='ocr_par' dir='ltr' id='par_1_41' title="bbox 587 3517 2184 3590">
     <span class='ocr_line' id='line_1_41' title="bbox 587 3517 2184 3590; baseline -0.001 -16"><span class='ocrx_word' id='word_1_315' title='bbox 587 3527 706 3574; x_wconf 80' lang='lat' dir='ltr'><strong>erat</strong></span> <span class='ocrx_word' id='word_1_316' title='bbox 719 3534 837 3574; x_wconf 89' lang='lat' dir='ltr'><strong>esse</strong></span> <span class='ocrx_word' id='word_1_317' title='bbox 850 3519 1199 3590; x_wconf 88' lang='lat' dir='ltr'><strong>phantasiam.</strong></span> <span class='ocrx_word' id='word_1_318' title='bbox 1222 3518 1450 3586; x_wconf 84' lang='lat' dir='ltr'><strong>ideoque</strong></span> <span class='ocrx_word' id='word_1_319' title='bbox 1470 3518 1749 3574; x_wconf 88' lang='lat' dir='ltr'><strong>duodecim</strong></span> <span class='ocrx_word' id='word_1_320' title='bbox 1780 3517 2037 3588; x_wconf 90' lang='lat' dir='ltr'><strong>cophinos</strong></span> <span class='ocrx_word' id='word_1_321' title='bbox 2061 3519 2184 3574; x_wconf 80' lang='lat' dir='ltr'><strong>red—</strong></span> 
     </span>
    </p>
   </div>
   <div class='ocr_carea' id='block_1_42' title="bbox 589 3610 2183 3681">
    <p class='ocr_par' dir='ltr' id='par_1_42' title="bbox 589 3610 2183 3681">
     <span class='ocr_line' id='line_1_42' title="bbox 589 3610 2183 3681; baseline 0 -15"><span class='ocrx_word' id='word_1_322' title='bbox 589 3611 793 3668; x_wconf 81' lang='lat' dir='ltr'><strong>undare</strong></span> <span class='ocrx_word' id='word_1_323' title='bbox 823 3611 1097 3681; x_wconf 87' lang='lat' dir='ltr'><strong>permisit,</strong></span> <span class='ocrx_word' id='word_1_324' title='bbox 1129 3618 1188 3666; x_wconf 94' lang='lat' dir='ltr'><strong>ut</strong></span> <span class='ocrx_word' id='word_1_325' title='bbox 1231 3621 1284 3666; x_wconf 91' lang='lat' dir='ltr'><strong>et</strong></span> <span class='ocrx_word' id='word_1_326' title='bbox 1325 3610 1490 3666; x_wconf 88' lang='lat' dir='ltr'><strong>Judas</strong></span> <span class='ocrx_word' id='word_1_327' title='bbox 1529 3627 1684 3665; x_wconf 82' lang='lat' dir='ltr'><strong>suum</strong></span> <span class='ocrx_word' id='word_1_328' title='bbox 1718 3619 1970 3680; x_wconf 86' lang='lat' dir='ltr'><strong>portaret.</strong></span> <span class='ocrx_word' id='word_1_329' title='bbox 2003 3611 2183 3666; x_wconf 85' lang='lat' dir='ltr'><strong>Potuit</strong></span> 
     </span>
    </p>
   </div>
   <div class='ocr_carea' id='block_1_43' title="bbox 589 3701 2178 3774">
    <p class='ocr_par' dir='ltr' id='par_1_43' title="bbox 589 3701 2178 3774">
     <span class='ocr_line' id='line_1_43' title="bbox 589 3701 2178 3774; baseline -0.001 -17"><span class='ocrx_word' id='word_1_330' title='bbox 589 3706 749 3757; x_wconf 88' lang='lat' dir='ltr'><strong>etiam</strong></span> <span class='ocrx_word' id='word_1_331' title='bbox 777 3702 944 3772; x_wconf 88' lang='lat' dir='ltr'><strong>ipsam</strong></span> <span class='ocrx_word' id='word_1_332' title='bbox 971 3701 1161 3758; x_wconf 88' lang='lat' dir='ltr'><strong>sedare</strong></span> <span class='ocrx_word' id='word_1_333' title='bbox 1189 3702 1383 3758; x_wconf 80' lang='lat' dir='ltr'><strong>famem</strong></span> <span class='ocrx_word' id='word_1_334' title='bbox 1407 3743 1421 3767; x_wconf 90' lang='lat'><strong>,</strong></span> <span class='ocrx_word' id='word_1_335' title='bbox 1454 3702 1546 3757; x_wconf 91' lang='lat' dir='ltr'><strong>sed</strong></span> <span class='ocrx_word' id='word_1_336' title='bbox 1572 3703 1690 3771; x_wconf 87' lang='lat' dir='ltr'><strong>ejus</strong></span> <span class='ocrx_word' id='word_1_337' title='bbox 1716 3704 2005 3770; x_wconf 86' lang='lat' dir='ltr'><strong>potentiam</strong></span> <span class='ocrx_word' id='word_1_338' title='bbox 2043 3717 2178 3774; x_wconf 81' lang='lat' dir='ltr'><strong>apo-</strong></span> 
     </span>
    </p>
   </div>
   <div class='ocr_carea' id='block_1_44' title="bbox 589 3793 2176 3852">
    <p class='ocr_par' dir='ltr' id='par_1_44' title="bbox 589 3793 2176 3852">
     <span class='ocr_line' id='line_1_44' title="bbox 589 3793 2176 3852; baseline 0 -2"><span class='ocrx_word' id='word_1_339' title='bbox 589 3797 710 3852; x_wconf 90' lang='lat' dir='ltr'><strong>stoli</strong></span> <span class='ocrx_word' id='word_1_340' title='bbox 759 3811 865 3852; x_wconf 88' lang='lat' dir='ltr'><strong>non</strong></span> <span class='ocrx_word' id='word_1_341' title='bbox 911 3796 1222 3851; x_wconf 80' lang='lat' dir='ltr'><strong>novissent:</strong></span> <span class='ocrx_word' id='word_1_342' title='bbox 1255 3810 1377 3850; x_wconf 89' lang='lat' dir='ltr'><strong>nam</strong></span> <span class='ocrx_word' id='word_1_343' title='bbox 1421 3805 1475 3850; x_wconf 91' lang='lat' dir='ltr'><strong>et</strong></span> <span class='ocrx_word' id='word_1_344' title='bbox 1525 3795 1626 3849; x_wconf 83' lang='lat' dir='ltr'><strong>sub</strong></span> <span class='ocrx_word' id='word_1_345' title='bbox 1670 3794 1782 3850; x_wconf 85' lang='lat' dir='ltr'><strong>Elia</strong></span> <span class='ocrx_word' id='word_1_346' title='bbox 1832 3794 1934 3849; x_wconf 89' lang='lat' dir='ltr'><strong>hoc</strong></span> <span class='ocrx_word' id='word_1_347' title='bbox 1978 3793 2176 3851; x_wconf 85' lang='lat' dir='ltr'><strong>factum</strong></span> 
     </span>
    </p>
   </div>
   <div class='ocr_carea' id='block_1_45' title="bbox 589 3888 2178 3962">
    <p class='ocr_par' dir='ltr' id='par_1_45' title="bbox 589 3888 2178 3962">
     <span class='ocr_line' id='line_1_45' title="bbox 589 3888 2178 3962; baseline -0.001 -15"><span class='ocrx_word' id='word_1_348' title='bbox 589 3893 782 3948; x_wconf 87' lang='lat' dir='ltr'><strong>fuerat.</strong></span> <span class='ocrx_word' id='word_1_349' title='bbox 808 3892 885 3948; x_wconf 88' lang='lat' dir='ltr'><strong>De</strong></span> <span class='ocrx_word' id='word_1_350' title='bbox 912 3890 1010 3948; x_wconf 88' lang='lat' dir='ltr'><strong>hac</strong></span> <span class='ocrx_word' id='word_1_351' title='bbox 1038 3891 1108 3947; x_wconf 90' lang='lat' dir='ltr'><strong>ita</strong></span> <span class='ocrx_word' id='word_1_352' title='bbox 1129 3889 1412 3962; x_wconf 81' lang='lat' dir='ltr'><strong>stupefacti</strong></span> <span class='ocrx_word' id='word_1_353' title='bbox 1442 3897 1567 3945; x_wconf 90' lang='lat' dir='ltr'><strong>sunt</strong></span> <span class='ocrx_word' id='word_1_354' title='bbox 1595 3888 1764 3945; x_wconf 71' lang='lat' dir='ltr'><strong>Judaei</strong></span> <span class='ocrx_word' id='word_1_355' title='bbox 1781 3931 1796 3952; x_wconf 97' lang='lat'><strong>,</strong></span> <span class='ocrx_word' id='word_1_356' title='bbox 1827 3898 1886 3944; x_wconf 93' lang='lat' dir='ltr'><strong>ut</strong></span> <span class='ocrx_word' id='word_1_357' title='bbox 1910 3889 2058 3944; x_wconf 92' lang='lat' dir='ltr'><strong>illum</strong></span> <span class='ocrx_word' id='word_1_358' title='bbox 2089 3905 2178 3947; x_wconf 83' lang='lat' dir='ltr'><strong>re-</strong></span> 
     </span>
    </p>
   </div>
   <div class='ocr_carea' id='block_1_46' title="bbox 585 3983 2177 4058">
    <p class='ocr_par' dir='ltr' id='par_1_46' title="bbox 585 3983 2177 4058">
     <span class='ocr_line' id='line_1_46' title="bbox 585 3983 2177 4058; baseline -0.002 -16"><span class='ocrx_word' id='word_1_359' title='bbox 585 4001 707 4058; x_wconf 75' lang='lat' dir='ltr'><strong>gem</strong></span> <span class='ocrx_word' id='word_1_360' title='bbox 735 3987 1060 4042; x_wconf 89' lang='lat' dir='ltr'><strong>constituere</strong></span> <span class='ocrx_word' id='word_1_361' title='bbox 1089 3986 1321 4050; x_wconf 91' lang='lat' dir='ltr'><strong>vellent;</strong></span> <span class='ocrx_word' id='word_1_362' title='bbox 1351 3985 1441 4054; x_wconf 89' lang='lat' dir='ltr'><strong>qui</strong></span> <span class='ocrx_word' id='word_1_363' title='bbox 1481 3995 1657 4040; x_wconf 88' lang='lat' dir='ltr'><strong>tamen</strong></span> <span class='ocrx_word' id='word_1_364' title='bbox 1690 3983 1742 4039; x_wconf 91' lang='lat' dir='ltr'><strong>in</strong></span> <span class='ocrx_word' id='word_1_365' title='bbox 1782 3984 1902 4040; x_wconf 89' lang='lat' dir='ltr'><strong>aliis</strong></span> <span class='ocrx_word' id='word_1_366' title='bbox 1935 3984 2101 4054; x_wconf 86' lang='lat' dir='ltr'><strong>signis</strong></span> <span class='ocrx_word' id='word_1_367' title='bbox 2126 3985 2177 4039; x_wconf 92' lang='lat' dir='ltr'><strong>id</strong></span> 
     </span>
    </p>
   </div>
   <div class='ocr_carea' id='block_1_47' title="bbox 587 4077 2174 4150">
    <p class='ocr_par' dir='ltr' id='par_1_47' title="bbox 587 4077 2174 4150">
     <span class='ocr_line' id='line_1_47' title="bbox 587 4077 2174 4150; baseline -0.003 -16"><span class='ocrx_word' id='word_1_368' title='bbox 587 4095 875 4150; x_wconf 88' lang='lat' dir='ltr'><strong>numquam</strong></span> <span class='ocrx_word' id='word_1_369' title='bbox 911 4086 1265 4134; x_wconf 85' lang='lat' dir='ltr'><strong>tentaverant.</strong></span> <span class='ocrx_word' id='word_1_370' title='bbox 1295 4078 1422 4146; x_wconf 87' lang='lat' dir='ltr'><strong>Quis</strong></span> <span class='ocrx_word' id='word_1_371' title='bbox 1451 4093 1580 4148; x_wconf 91' lang='lat' dir='ltr'><strong>ergo</strong></span> <span class='ocrx_word' id='word_1_372' title='bbox 1620 4077 1799 4132; x_wconf 88' lang='lat' dir='ltr'><strong>verbis</strong></span> <span class='ocrx_word' id='word_1_373' title='bbox 1825 4078 2174 4147; x_wconf 82' lang='lat' dir='ltr'><strong>expresserit,</strong></span> 
     </span>
    </p>
   </div>
   <div class='ocr_carea' id='block_1_48' title="bbox 584 4168 2177 4242">
    <p class='ocr_par' dir='ltr' id='par_1_48' title="bbox 584 4168 2177 4242">
     <span class='ocr_line' id='line_1_48' title="bbox 584 4168 2177 4242; baseline -0.002 -18"><span class='ocrx_word' id='word_1_374' title='bbox 584 4186 692 4242; x_wconf 93' lang='lat' dir='ltr'><strong>quo</strong></span> <span class='ocrx_word' id='word_1_375' title='bbox 731 4178 886 4241; x_wconf 85' lang='lat' dir='ltr'><strong>pacto</strong></span> <span class='ocrx_word' id='word_1_376' title='bbox 913 4185 1078 4239; x_wconf 89' lang='lat' dir='ltr'><strong>panes</strong></span> <span class='ocrx_word' id='word_1_377' title='bbox 1112 4169 1273 4224; x_wconf 89' lang='lat' dir='ltr'><strong>fontis</strong></span> <span class='ocrx_word' id='word_1_378' title='bbox 1299 4183 1448 4224; x_wconf 87' lang='lat' dir='ltr'><strong>more</strong></span> <span class='ocrx_word' id='word_1_379' title='bbox 1485 4168 1845 4222; x_wconf 84' lang='lat' dir='ltr'><strong>scaturirent?</strong></span> <span class='ocrx_word' id='word_1_380' title='bbox 1869 4181 1978 4238; x_wconf 92' lang='lat' dir='ltr'><strong>quo</strong></span> <span class='ocrx_word' id='word_1_381' title='bbox 2021 4178 2177 4238; x_wconf 89' lang='lat' dir='ltr'><strong>pacto</strong></span> 
     </span>
    </p>
   </div>
   <div class='ocr_carea' id='block_1_49' title="bbox 585 4257 2176 4332">
    <p class='ocr_par' dir='ltr' id='par_1_49' title="bbox 585 4257 2176 4332">
     <span class='ocr_line' id='line_1_49' title="bbox 585 4257 2176 4332; baseline -0.003 -14"><span class='ocrx_word' id='word_1_382' title='bbox 585 4263 640 4318; x_wconf 91' lang='lat' dir='ltr'><strong>in</strong></span> <span class='ocrx_word' id='word_1_383' title='bbox 679 4261 966 4318; x_wconf 89' lang='lat' dir='ltr'><strong>solitudine</strong></span> <span class='ocrx_word' id='word_1_384' title='bbox 1004 4260 1263 4317; x_wconf 81' lang='lat' dir='ltr'><strong>ﬂuerent?</strong></span> <span class='ocrx_word' id='word_1_385' title='bbox 1291 4258 1561 4332; x_wconf 89' lang='lat' dir='ltr'><strong>quomodo</strong></span> <span class='ocrx_word' id='word_1_386' title='bbox 1603 4266 1684 4313; x_wconf 92' lang='lat' dir='ltr'><strong>tot</strong></span> <span class='ocrx_word' id='word_1_387' title='bbox 1725 4257 2029 4313; x_wconf 90' lang='lat' dir='ltr'><strong>hominibus</strong></span> <span class='ocrx_word' id='word_1_388' title='bbox 2057 4257 2176 4314; x_wconf 85' lang='lat' dir='ltr'><strong>fue-</strong></span> 
     </span>
    </p>
   </div>
   <div class='ocr_carea' id='block_1_50' title="bbox 583 4351 2177 4426">
    <p class='ocr_par' dir='ltr' id='par_1_50' title="bbox 583 4351 2177 4426">
     <span class='ocr_line' id='line_1_50' title="bbox 583 4351 2177 4426; baseline -0.005 -12"><span class='ocrx_word' id='word_1_389' title='bbox 583 4357 690 4414; x_wconf 86' lang='lat' dir='ltr'><strong>rint</strong></span> <span class='ocrx_word' id='word_1_390' title='bbox 714 4356 891 4412; x_wconf 80' lang='lat' dir='ltr'><strong>satis?</strong></span> <span class='ocrx_word' id='word_1_391' title='bbox 914 4355 1044 4411; x_wconf 86' lang='lat' dir='ltr'><strong>Nam</strong></span> <span class='ocrx_word' id='word_1_392' title='bbox 1071 4353 1351 4426; x_wconf 87' lang='lat' dir='ltr'><strong>quinquies</strong></span> <span class='ocrx_word' id='word_1_393' title='bbox 1381 4351 1526 4408; x_wconf 86' lang='lat' dir='ltr'><strong>mille</strong></span> <span class='ocrx_word' id='word_1_394' title='bbox 1549 4361 1719 4418; x_wconf 89' lang='lat' dir='ltr'><strong>erant,</strong></span> <span class='ocrx_word' id='word_1_395' title='bbox 1749 4366 1854 4408; x_wconf 88' lang='lat' dir='ltr'><strong>non</strong></span> <span class='ocrx_word' id='word_1_396' title='bbox 1884 4353 2177 4407; x_wconf 89' lang='lat' dir='ltr'><strong>numeratis</strong></span> 
     </span>
    </p>
   </div>
   <div class='ocr_carea' id='block_1_51' title="bbox 583 4443 2175 4518">
    <p class='ocr_par' dir='ltr' id='par_1_51' title="bbox 583 4443 2175 4518">
     <span class='ocr_line' id='line_1_51' title="bbox 583 4443 2175 4518; baseline -0.003 -15"><span class='ocrx_word' id='word_1_397' title='bbox 583 4448 898 4504; x_wconf 86' lang='lat' dir='ltr'><strong>mulieribus</strong></span> <span class='ocrx_word' id='word_1_398' title='bbox 925 4455 980 4502; x_wconf 92' lang='lat' dir='ltr'><strong>et</strong></span> <span class='ocrx_word' id='word_1_399' title='bbox 1003 4447 1260 4518; x_wconf 85' lang='lat' dir='ltr'><strong>parvulis,</strong></span> <span class='ocrx_word' id='word_1_400' title='bbox 1281 4460 1400 4515; x_wconf 79' lang='lat' dir='ltr'><strong>quae</strong></span> <span class='ocrx_word' id='word_1_401' title='bbox 1421 4443 1652 4499; x_wconf 87' lang='lat' dir='ltr'><strong>maxima</strong></span> <span class='ocrx_word' id='word_1_402' title='bbox 1678 4443 1857 4513; x_wconf 88' lang='lat' dir='ltr'><strong>populi</strong></span> <span class='ocrx_word' id='word_1_403' title='bbox 1876 4443 2013 4508; x_wconf 86' lang='lat' dir='ltr'><strong>laus,</strong></span> <span class='ocrx_word' id='word_1_404' title='bbox 2031 4443 2175 4514; x_wconf 92' lang='lat' dir='ltr'><strong>quod</strong></span> 
     </span>
    </p>
   </div>
   <div class='ocr_carea' id='block_1_52' title="bbox 581 4532 2176 4604">
    <p class='ocr_par' dir='ltr' id='par_1_52' title="bbox 581 4532 2176 4604">
     <span class='ocr_line' id='line_1_52' title="bbox 581 4532 2176 4604; baseline -0.004 -9"><span class='ocrx_word' id='word_1_405' title='bbox 581 4550 635 4596; x_wconf 82' lang='lat' dir='ltr'><strong>et</strong></span> <span class='ocrx_word' id='word_1_406' title='bbox 650 4539 905 4594; x_wconf 89' lang='lat' dir='ltr'><strong>mulieres</strong></span> <span class='ocrx_word' id='word_1_407' title='bbox 920 4547 974 4594; x_wconf 92' lang='lat' dir='ltr'><strong>et</strong></span> <span class='ocrx_word' id='word_1_408' title='bbox 995 4538 1088 4593; x_wconf 88' lang='lat' dir='ltr'><strong>viri</strong></span> <span class='ocrx_word' id='word_1_409' title='bbox 1111 4537 1324 4592; x_wconf 80' lang='lat' dir='ltr'><strong>Christo</strong></span> <span class='ocrx_word' id='word_1_410' title='bbox 1341 4534 1628 4590; x_wconf 55' lang='lat' dir='ltr'><strong>haererent.</strong></span> <span class='ocrx_word' id='word_1_411' title='bbox 1643 4532 1920 4602; x_wconf 85' lang='lat' dir='ltr'><strong>Quomodo</strong></span> <span class='ocrx_word' id='word_1_412' title='bbox 1937 4532 2176 4604; x_wconf 61' lang='lat' dir='ltr'><strong>reliquie</strong></span> 
     </span>
    </p>
   </div>
   <div class='ocr_carea' id='block_1_53' title="bbox 581 4626 2175 4700">
    <p class='ocr_par' dir='ltr' id='par_1_53' title="bbox 581 4626 2175 4700">
     <span class='ocr_line' id='line_1_53' title="bbox 581 4626 2175 4700; baseline -0.003 -12"><span class='ocrx_word' id='word_1_413' title='bbox 581 4633 773 4690; x_wconf 83' lang='lat' dir='ltr'><strong>fuere?</strong></span> <span class='ocrx_word' id='word_1_414' title='bbox 800 4632 1012 4689; x_wconf 86' lang='lat' dir='ltr'><strong>Etenim</strong></span> <span class='ocrx_word' id='word_1_415' title='bbox 1039 4630 1144 4686; x_wconf 92' lang='lat' dir='ltr'><strong>hoc</strong></span> <span class='ocrx_word' id='word_1_416' title='bbox 1163 4631 1340 4700; x_wconf 88' lang='lat' dir='ltr'><strong>priore</strong></span> <span class='ocrx_word' id='word_1_417' title='bbox 1362 4643 1470 4683; x_wconf 89' lang='lat' dir='ltr'><strong>non</strong></span> <span class='ocrx_word' id='word_1_418' title='bbox 1493 4629 1671 4683; x_wconf 89' lang='lat' dir='ltr'><strong>minus</strong></span> <span class='ocrx_word' id='word_1_419' title='bbox 1695 4637 1796 4682; x_wconf 89' lang='lat' dir='ltr'><strong>est.</strong></span> <span class='ocrx_word' id='word_1_420' title='bbox 1830 4627 1897 4682; x_wconf 85' lang='lat' dir='ltr'><strong>Et</strong></span> <span class='ocrx_word' id='word_1_421' title='bbox 1922 4635 1998 4682; x_wconf 90' lang='lat' dir='ltr'><strong>tot</strong></span> <span class='ocrx_word' id='word_1_422' title='bbox 2025 4626 2175 4684; x_wconf 88' lang='lat' dir='ltr'><strong>fuere</strong></span> 
     </span>
    </p>
   </div>
   <div class='ocr_carea' id='block_1_54' title="bbox 582 4717 2174 4793">
    <p class='ocr_par' dir='ltr' id='par_1_54' title="bbox 582 4717 2174 4793">
     <span class='ocr_line' id='line_1_54' title="bbox 582 4717 2174 4793; baseline -0.003 -15"><span class='ocrx_word' id='word_1_423' title='bbox 582 4723 877 4793; x_wconf 85' lang='lat' dir='ltr'><strong>fragmenta</strong></span> <span class='ocrx_word' id='word_1_424' title='bbox 897 4764 913 4791; x_wconf 93' lang='lat'><strong>,</strong></span> <span class='ocrx_word' id='word_1_425' title='bbox 945 4730 1005 4778; x_wconf 88' lang='lat' dir='ltr'><strong>ut</strong></span> <span class='ocrx_word' id='word_1_426' title='bbox 1032 4719 1246 4793; x_wconf 89' lang='lat' dir='ltr'><strong>cophini</strong></span> <span class='ocrx_word' id='word_1_427' title='bbox 1286 4717 1562 4790; x_wconf 89' lang='lat' dir='ltr'><strong>discipulis</strong></span> <span class='ocrx_word' id='word_1_428' title='bbox 1601 4733 1756 4787; x_wconf 87' lang='lat' dir='ltr'><strong>pares</strong></span> <span class='ocrx_word' id='word_1_429' title='bbox 1783 4733 2006 4772; x_wconf 89' lang='lat' dir='ltr'><strong>numero</strong></span> <span class='ocrx_word' id='word_1_430' title='bbox 2029 4757 2045 4785; x_wconf 95' lang='lat'><strong>,</strong></span> <span class='ocrx_word' id='word_1_431' title='bbox 2074 4732 2174 4774; x_wconf 91' lang='lat' dir='ltr'><strong>nec</strong></span> 
     </span>
    </p>
   </div>
   <div class='ocr_carea' id='block_1_55' title="bbox 581 4809 2172 4886">
    <p class='ocr_par' dir='ltr' id='par_1_55' title="bbox 581 4809 2172 4886">
     <span class='ocr_line' id='line_1_55' title="bbox 581 4809 2172 4886; baseline -0.004 -16"><span class='ocrx_word' id='word_1_432' title='bbox 581 4815 784 4886; x_wconf 86' lang='lat' dir='ltr'><strong>plures,</strong></span> <span class='ocrx_word' id='word_1_433' title='bbox 803 4831 904 4871; x_wconf 89' lang='lat' dir='ltr'><strong>nec</strong></span> <span class='ocrx_word' id='word_1_434' title='bbox 919 4814 1198 4886; x_wconf 90' lang='lat' dir='ltr'><strong>pauciores</strong></span> <span class='ocrx_word' id='word_1_435' title='bbox 1217 4822 1416 4869; x_wconf 80' lang='lat' dir='ltr'><strong>essent.</strong></span> <span class='ocrx_word' id='word_1_436' title='bbox 1432 4815 1663 4882; x_wconf 84' lang='lat' dir='ltr'><strong>Accepta</strong></span> <span class='ocrx_word' id='word_1_437' title='bbox 1681 4811 1840 4882; x_wconf 88' lang='lat' dir='ltr'><strong>igitur</strong></span> <span class='ocrx_word' id='word_1_438' title='bbox 1855 4809 2172 4881; x_wconf 84' lang='lat' dir='ltr'><strong>fragments,</strong></span> 
     </span>
    </p>
   </div>
   <div class='ocr_carea' id='block_1_56' title="bbox 580 4904 2176 4979">
    <p class='ocr_par' dir='ltr' id='par_1_56' title="bbox 580 4904 2176 4979">
     <span class='ocr_line' id='line_1_56' title="bbox 580 4904 2176 4979; baseline -0.001 -19"><span class='ocrx_word' id='word_1_439' title='bbox 580 4923 686 4961; x_wconf 89' lang='lat' dir='ltr'><strong>non</strong></span> <span class='ocrx_word' id='word_1_440' title='bbox 714 4907 905 4974; x_wconf 89' lang='lat' dir='ltr'><strong>turbis,</strong></span> <span class='ocrx_word' id='word_1_441' title='bbox 938 4907 1030 4963; x_wconf 86' lang='lat' dir='ltr'><strong>sed</strong></span> <span class='ocrx_word' id='word_1_442' title='bbox 1060 4907 1334 4979; x_wconf 77' lang='lat' dir='ltr'><strong>discipulis</strong></span> <span class='ocrx_word' id='word_1_443' title='bbox 1361 4906 1506 4962; x_wconf 85' lang='lat' dir='ltr'><strong>dedit</strong></span> <span class='ocrx_word' id='word_1_444' title='bbox 1526 4923 1541 4960; x_wconf 82' lang='lat' dir='ltr'><strong><em>z</em></strong></span> <span class='ocrx_word' id='word_1_445' title='bbox 1559 4905 1756 4961; x_wconf 85' lang='lat' dir='ltr'><strong>etenim</strong></span> <span class='ocrx_word' id='word_1_446' title='bbox 1790 4904 1958 4960; x_wconf 70' lang='lat' dir='ltr'><strong>turbae</strong></span> <span class='ocrx_word' id='word_1_447' title='bbox 1983 4904 2176 4975; x_wconf 81' lang='lat' dir='ltr'><strong>imper-</strong></span> 
     </span>
    </p>
   </div>
   <div class='ocr_carea' id='block_1_57' title="bbox 580 5000 1310 5071">
    <p class='ocr_par' dir='ltr' id='par_1_57' title="bbox 580 5000 1310 5071">
     <span class='ocr_line' id='line_1_57' title="bbox 580 5000 1310 5071; baseline 0.001 -17"><span class='ocrx_word' id='word_1_448' title='bbox 580 5000 828 5056; x_wconf 77' lang='lat' dir='ltr'><strong>tectiores</strong></span> <span class='ocrx_word' id='word_1_449' title='bbox 853 5010 1009 5056; x_wconf 89' lang='lat' dir='ltr'><strong>erant</strong></span> <span class='ocrx_word' id='word_1_450' title='bbox 1034 5000 1310 5071; x_wconf 89' lang='lat' dir='ltr'><strong>discipulis</strong></span> 
     </span>
    </p>
   </div>
   <div class='ocr_carea' id='block_1_58' title="bbox 652 5090 2171 5164">
    <p class='ocr_par' dir='ltr' id='par_1_58' title="bbox 652 5090 2171 5164">
     <span class='ocr_line' id='line_1_58' title="bbox 652 5090 2171 5164; baseline -0.005 -14"><span class='ocrx_word' id='word_1_451' title='bbox 652 5094 840 5150; x_wconf 78' lang='lat' dir='ltr'><strong>Christi</strong></span> <span class='ocrx_word' id='word_1_452' title='bbox 875 5095 927 5148; x_wconf 89' lang='lat' dir='ltr'><strong>in</strong></span> <span class='ocrx_word' id='word_1_453' title='bbox 956 5094 1203 5149; x_wconf 78' lang='lat' dir='ltr'><strong>miraculo</strong></span> <span class='ocrx_word' id='word_1_454' title='bbox 1231 5092 1669 5164; x_wconf 73' lang='lat' dir='ltr'><strong>utulttplicatiouis</strong></span> <span class='ocrx_word' id='word_1_455' title='bbox 1696 5106 1883 5160; x_wconf 86' lang='lat' dir='ltr'><strong>panum</strong></span> <span class='ocrx_word' id='word_1_456' title='bbox 1911 5090 2171 5144; x_wconf 78' lang='lat' dir='ltr'><strong>sinceritas</strong></span> 
     </span>
    </p>
   </div>
   <div class='ocr_carea' id='block_1_59' title="bbox 577 5185 2171 5259">
    <p class='ocr_par' dir='ltr' id='par_1_59' title="bbox 577 5185 2171 5259">
     <span class='ocr_line' id='line_1_59' title="bbox 577 5185 2171 5259; baseline -0.004 -16"><span class='ocrx_word' id='word_1_457' title='bbox 577 5198 626 5243; x_wconf 86' lang='lat' dir='ltr'><strong>et</strong></span> <span class='ocrx_word' id='word_1_458' title='bbox 664 5188 929 5242; x_wconf 80' lang='lat' dir='ltr'><strong>modestia.</strong></span> <span class='ocrx_word' id='word_1_459' title='bbox 961 5186 1240 5242; x_wconf 79' lang='lat' dir='ltr'><strong>Ostentatio</strong></span> <span class='ocrx_word' id='word_1_460' title='bbox 1291 5186 1550 5259; x_wconf 77' lang='lat' dir='ltr'><strong>fugienda.</strong></span> <span class='ocrx_word' id='word_1_461' title='bbox 1582 5185 1661 5239; x_wconf 79' lang='lat' dir='ltr'><strong>Ad</strong></span> <span class='ocrx_word' id='word_1_462' title='bbox 1709 5201 1907 5240; x_wconf 85' lang='lat' dir='ltr'><strong>sacram</strong></span> <span class='ocrx_word' id='word_1_463' title='bbox 1949 5199 2171 5239; x_wconf 83' lang='lat' dir='ltr'><strong>mensam</strong></span> 
     </span>
    </p>
   </div>
   <div class='ocr_carea' id='block_1_60' title="bbox 577 5274 2165 5351">
    <p class='ocr_par' dir='ltr' id='par_1_60' title="bbox 577 5274 2165 5351">
     <span class='ocr_line' id='line_1_60' title="bbox 577 5274 2165 5351; baseline -0.002 -19"><span class='ocrx_word' id='word_1_464' title='bbox 577 5296 676 5351; x_wconf 89' lang='lat' dir='ltr'><strong>quo</strong></span> <span class='ocrx_word' id='word_1_465' title='bbox 727 5289 874 5349; x_wconf 81' lang='lat' dir='ltr'><strong>pacto</strong></span> <span class='ocrx_word' id='word_1_466' title='bbox 921 5279 1283 5334; x_wconf 83' lang='lat' dir='ltr'><strong>accedendum.</strong></span> <span class='ocrx_word' id='word_1_467' title='bbox 1315 5309 1387 5319; x_wconf 94' lang='lat'><strong>—</strong></span> <span class='ocrx_word' id='word_1_468' title='bbox 1422 5277 1585 5349; x_wconf 84' lang='lat' dir='ltr'><strong>Signo</strong></span> <span class='ocrx_word' id='word_1_469' title='bbox 1633 5287 1810 5333; x_wconf 88' lang='lat' dir='ltr'><strong>autem</strong></span> <span class='ocrx_word' id='word_1_470' title='bbox 1866 5277 2044 5340; x_wconf 89' lang='lat' dir='ltr'><strong>facto,</strong></span> <span class='ocrx_word' id='word_1_471' title='bbox 2075 5274 2165 5330; x_wconf 66' lang='grc'><strong>22.</strong></span> 
     </span>
    </p>
   </div>
   <div class='ocr_carea' id='block_1_61' title="bbox 579 5368 2169 5441">
    <p class='ocr_par' dir='ltr' id='par_1_61' title="bbox 579 5368 2169 5441">
     <span class='ocr_line' id='line_1_61' title="bbox 579 5368 2169 5441; baseline -0.003 -16"><span class='ocrx_word' id='word_1_472' title='bbox 579 5371 767 5426; x_wconf 83' lang='lat' dir='ltr'><strong>Statim</strong></span> <span class='ocrx_word' id='word_1_473' title='bbox 796 5373 956 5441; x_wconf 83' lang='lat' dir='ltr'><strong>coegit</strong></span> <span class='ocrx_word' id='word_1_474' title='bbox 985 5369 1261 5438; x_wconf 82' lang='lat' dir='ltr'><strong>discipulos</strong></span> <span class='ocrx_word' id='word_1_475' title='bbox 1285 5369 1478 5423; x_wconf 86' lang='lat' dir='ltr'><strong>intrare</strong></span> <span class='ocrx_word' id='word_1_476' title='bbox 1504 5370 1556 5422; x_wconf 86' lang='lat' dir='ltr'><strong>in</strong></span> <span class='ocrx_word' id='word_1_477' title='bbox 1585 5368 1839 5439; x_wconf 82' lang='lat' dir='ltr'><strong>navigium</strong></span> <span class='ocrx_word' id='word_1_478' title='bbox 1863 5410 1878 5434; x_wconf 95' lang='lat'><strong>,</strong></span> <span class='ocrx_word' id='word_1_479' title='bbox 1907 5377 1953 5420; x_wconf 88' lang='lat' dir='ltr'><strong>et</strong></span> <span class='ocrx_word' id='word_1_480' title='bbox 1979 5383 2169 5435; x_wconf 63' lang='lat' dir='ltr'><strong>prlece-</strong></span> 
     </span>
    </p>
   </div>
   <div class='ocr_carea' id='block_1_62' title="bbox 575 5461 2171 5533">
    <p class='ocr_par' dir='ltr' id='par_1_62' title="bbox 575 5461 2171 5533">
     <span class='ocr_line' id='line_1_62' title="bbox 575 5461 2171 5533; baseline -0.004 -14"><span class='ocrx_word' id='word_1_481' title='bbox 575 5470 693 5520; x_wconf 80' lang='lat' dir='ltr'><strong>dcre</strong></span> <span class='ocrx_word' id='word_1_482' title='bbox 733 5482 848 5521; x_wconf 87' lang='lat' dir='ltr'><strong>eum</strong></span> <span class='ocrx_word' id='word_1_483' title='bbox 891 5463 960 5518; x_wconf 86' lang='lat' dir='ltr'><strong>ad</strong></span> <span class='ocrx_word' id='word_1_484' title='bbox 1007 5464 1292 5518; x_wconf 83' lang='lat' dir='ltr'><strong>ulteriorem</strong></span> <span class='ocrx_word' id='word_1_485' title='bbox 1340 5464 1505 5533; x_wconf 87' lang='lat' dir='ltr'><strong>ripam</strong></span> <span class='ocrx_word' id='word_1_486' title='bbox 1533 5503 1549 5530; x_wconf 96' lang='lat'><strong>,</strong></span> <span class='ocrx_word' id='word_1_487' title='bbox 1581 5463 1738 5515; x_wconf 77' lang='lat' dir='ltr'><strong>donec</strong></span> <span class='ocrx_word' id='word_1_488' title='bbox 1767 5463 1874 5530; x_wconf 78' lang='lat' dir='ltr'><strong>ipse</strong></span> <span class='ocrx_word' id='word_1_489' title='bbox 1901 5461 2171 5514; x_wconf 78' lang='lat' dir='ltr'><strong>dimitteret</strong></span> 
     </span>
    </p>
   </div>
   <div class='ocr_carea' id='block_1_63' title="bbox 641 5643 2146 5710">
    <p class='ocr_par' dir='ltr' id='par_1_63' title="bbox 641 5643 2146 5710">
     <span class='ocr_line' id='line_1_63' title="bbox 641 5643 2146 5710; baseline -0.007 -10"><span class='ocrx_word' id='word_1_490' title='bbox 641 5653 656 5682; x_wconf 88' lang='grc'>¹</span> <span class='ocrx_word' id='word_1_491' title='bbox 687 5649 772 5700; x_wconf 74' lang='lat' dir='ltr'><strong>Alii</strong></span> <span class='ocrx_word' id='word_1_492' title='bbox 796 5649 976 5709; x_wconf 86' lang='lat' dir='ltr'><strong>ferunt,</strong></span> <span class='ocrx_word' id='word_1_493' title='bbox 1000 5662 1180 5706; x_wconf 85' lang='lat' dir='ltr'><strong>omnes,</strong></span> <span class='ocrx_word' id='word_1_494' title='bbox 1207 5661 1311 5710; x_wconf 81' lang='lat' dir='ltr'><strong>pro,</strong></span> <span class='ocrx_word' id='word_1_495' title='bbox 1334 5645 1547 5710; x_wconf 74' lang='lat' dir='ltr'><strong>absentes</strong></span> <span class='ocrx_word' id='word_1_496' title='bbox 1569 5655 1786 5710; x_wconf 76' lang='lat' dir='ltr'><strong>quoque;</strong></span> <span class='ocrx_word' id='word_1_497' title='bbox 1811 5643 1972 5710; x_wconf 78' lang='lat' dir='ltr'><strong>minus</strong></span> <span class='ocrx_word' id='word_1_498' title='bbox 1982 5650 2146 5710; x_wconf 67' lang='lat' dir='ltr'><strong>recte.</strong></span> 
     </span>
    </p>
   </div>
   <div class='ocr_carea' id='block_1_64' title="bbox 638 5704 2172 5778">
    <p class='ocr_par' dir='ltr' id='par_1_64' title="bbox 638 5704 2172 5778">
     <span class='ocr_line' id='line_1_64' title="bbox 638 5704 2172 5778; baseline -0.001 1"><span class='ocrx_word' id='word_1_499' title='bbox 638 5712 710 5772; x_wconf 78' lang='grc' dir='ltr'><strong>(α)</strong></span> <span class='ocrx_word' id='word_1_500' title='bbox 745 5704 975 5778; x_wconf 61' lang='grc' dir='ltr'><strong>Αξιίθτυιιί</strong></span> <span class='ocrx_word' id='word_1_501' title='bbox 998 5704 1191 5778; x_wconf 57' lang='lat' dir='ltr'><strong>vivendi</strong></span> <span class='ocrx_word' id='word_1_502' title='bbox 1209 5704 1404 5778; x_wconf 57' lang='lat' dir='ltr'><strong>series:</strong></span> <span class='ocrx_word' id='word_1_503' title='bbox 1435 5704 1591 5778; x_wconf 62' lang='grc' dir='ltr'><strong>(ιιιεξιςέ</strong></span> <span class='ocrx_word' id='word_1_504' title='bbox 1623 5704 1773 5778; x_wconf 53' lang='lat' dir='ltr'><strong>estin</strong></span> <span class='ocrx_word' id='word_1_505' title='bbox 1815 5705 1944 5778; x_wconf 56' lang='grc' dir='ltr'><strong>(ωηο</strong></span> <span class='ocrx_word' id='word_1_506' title='bbox 1965 5704 2172 5778; x_wconf 53' lang='lat' dir='ltr'><strong>disse&quot;?</strong></span> 
     </span>
    </p>
   </div>
   <div class='ocr_carea' id='block_1_65' title="bbox 578 5765 2167 5834">
    <p class='ocr_par' dir='ltr' id='par_1_65' title="bbox 578 5765 2167 5834">
     <span class='ocr_line' id='line_1_65' title="bbox 578 5765 2167 5834; baseline -0.003 -15"><span class='ocrx_word' id='word_1_507' title='bbox 578 5765 718 5828; x_wconf 70' lang='lat' dir='ltr'><strong>bere,</strong></span> <span class='ocrx_word' id='word_1_508' title='bbox 743 5765 839 5834; x_wconf 69' lang='lat' dir='ltr'><strong>gilii</strong></span> <span class='ocrx_word' id='word_1_509' title='bbox 859 5774 1081 5823; x_wconf 84' lang='lat' dir='ltr'><strong>sumendi</strong></span> <span class='ocrx_word' id='word_1_510' title='bbox 1107 5765 1270 5831; x_wconf 57' lang='lat' dir='ltr'><strong>causa,</strong></span> <span class='ocrx_word' id='word_1_511' title='bbox 1297 5765 1647 5834; x_wconf 74' lang='lat' dir='ltr'><strong>philosophiam</strong></span> <span class='ocrx_word' id='word_1_512' title='bbox 1670 5769 1769 5824; x_wconf 86' lang='lat' dir='ltr'><strong>hic,</strong></span> <span class='ocrx_word' id='word_1_513' title='bbox 1794 5773 1847 5814; x_wconf 90' lang='lat' dir='ltr'><strong>ut</strong></span> <span class='ocrx_word' id='word_1_514' title='bbox 1875 5778 2009 5828; x_wconf 62' lang='lat' dir='ltr'><strong>saepe</strong></span> <span class='ocrx_word' id='word_1_515' title='bbox 2030 5765 2167 5824; x_wconf 88' lang='lat' dir='ltr'><strong>alias,</strong></span> 
     </span>
    </p>
   </div>
   <div class='ocr_carea' id='block_1_66' title="bbox 579 5832 1117 5894">
    <p class='ocr_par' dir='ltr' id='par_1_66' title="bbox 579 5832 1117 5894">
     <span class='ocr_line' id='line_1_66' title="bbox 579 5832 1117 5894; baseline 0.007 -13"><span class='ocrx_word' id='word_1_516' title='bbox 579 5841 715 5883; x_wconf 76' lang='lat' dir='ltr'><strong>vocat</strong></span> <span class='ocrx_word' id='word_1_517' title='bbox 736 5832 1117 5894; x_wconf 79' lang='lat' dir='ltr'><strong>Clnysostomus.</strong></span> 
     </span>
    </p>
   </div>
   <div class='ocr_carea' id='block_1_67' title="bbox 2309 1016 3918 1092">
    <p class='ocr_par' dir='ltr' id='par_1_67' title="bbox 2309 1016 3918 1092">
     <span class='ocr_line' id='line_1_67' title="bbox 2309 1016 3918 1092; baseline 0.007 -24"><span class='ocrx_word' id='word_1_518' title='bbox 2309 1016 2616 1071; x_wconf 89' lang='lat' dir='ltr'><strong>removebat</strong></span> <span class='ocrx_word' id='word_1_519' title='bbox 2641 1059 2658 1083; x_wconf 94' lang='lat'><strong>,</strong></span> <span class='ocrx_word' id='word_1_520' title='bbox 2701 1028 2762 1073; x_wconf 92' lang='lat' dir='ltr'><strong>ut</strong></span> <span class='ocrx_word' id='word_1_521' title='bbox 2811 1019 2966 1075; x_wconf 88' lang='lat' dir='ltr'><strong>nobis</strong></span> <span class='ocrx_word' id='word_1_522' title='bbox 3015 1020 3263 1076; x_wconf 84' lang='lat' dir='ltr'><strong>suaderet</strong></span> <span class='ocrx_word' id='word_1_523' title='bbox 3306 1037 3564 1092; x_wconf 88' lang='lat' dir='ltr'><strong>nusquam</strong></span> <span class='ocrx_word' id='word_1_524' title='bbox 3610 1024 3918 1080; x_wconf 76' lang='lat' dir='ltr'><strong>humanam</strong></span> 
     </span>
    </p>
   </div>
   <div class='ocr_carea' id='block_1_68' title="bbox 2305 1106 3918 1184">
    <p class='ocr_par' dir='ltr' id='par_1_68' title="bbox 2305 1106 3918 1184">
     <span class='ocr_line' id='line_1_68' title="bbox 2305 1106 3918 1184; baseline 0.007 -26"><span class='ocrx_word' id='word_1_525' title='bbox 2305 1106 2529 1176; x_wconf 85' lang='lat' dir='ltr'><strong>gloriam</strong></span> <span class='ocrx_word' id='word_1_526' title='bbox 2551 1118 2603 1163; x_wconf 90' lang='lat' dir='ltr'><strong>et</strong></span> <span class='ocrx_word' id='word_1_527' title='bbox 2623 1124 2808 1164; x_wconf 83' lang='lat' dir='ltr'><strong>auram</strong></span> <span class='ocrx_word' id='word_1_528' title='bbox 2839 1124 2960 1166; x_wconf 85' lang='lat' dir='ltr'><strong>esse</strong></span> <span class='ocrx_word' id='word_1_529' title='bbox 2985 1112 3428 1182; x_wconf 81' lang='lat' dir='ltr'><strong>persequendam,</strong></span> <span class='ocrx_word' id='word_1_530' title='bbox 3464 1129 3640 1184; x_wconf 88' lang='lat' dir='ltr'><strong>neque</strong></span> <span class='ocrx_word' id='word_1_531' title='bbox 3667 1116 3918 1170; x_wconf 81' lang='lat' dir='ltr'><strong>multitu-</strong></span> 
     </span>
    </p>
   </div>
   <div class='ocr_carea' id='block_1_69' title="bbox 2305 1198 3916 1280">
    <p class='ocr_par' dir='ltr' id='par_1_69' title="bbox 2305 1198 3916 1280">
     <span class='ocr_line' id='line_1_69' title="bbox 2305 1198 3916 1280; baseline 0.007 -26"><span class='ocrx_word' id='word_1_532' title='bbox 2305 1198 2485 1254; x_wconf 89' lang='lat' dir='ltr'><strong>dinem</strong></span> <span class='ocrx_word' id='word_1_533' title='bbox 2515 1202 2907 1259; x_wconf 89' lang='lat' dir='ltr'><strong>attrahendam.</strong></span> <span class='ocrx_word' id='word_1_534' title='bbox 2925 1205 3058 1260; x_wconf 91' lang='lat' dir='ltr'><strong>Cum</strong></span> <span class='ocrx_word' id='word_1_535' title='bbox 3080 1216 3257 1262; x_wconf 86' lang='lat' dir='ltr'><strong>autem</strong></span> <span class='ocrx_word' id='word_1_536' title='bbox 3275 1207 3422 1273; x_wconf 74' lang='lat' dir='ltr'><strong>dicit,</strong></span> <span class='ocrx_word' id='word_1_537' title='bbox 3446 1207 3640 1280; x_wconf 85' lang='lat' dir='ltr'><strong>Coegit,</strong></span> <span class='ocrx_word' id='word_1_538' title='bbox 3659 1210 3916 1266; x_wconf 86' lang='lat' dir='ltr'><strong>declarat</strong></span> 
     </span>
    </p>
   </div>
   <div class='ocr_carea' id='block_1_70' title="bbox 2305 1292 3914 1366">
    <p class='ocr_par' dir='ltr' id='par_1_70' title="bbox 2305 1292 3914 1366">
     <span class='ocr_line' id='line_1_70' title="bbox 2305 1292 3914 1366; baseline 0.009 -20"><span class='ocrx_word' id='word_1_539' title='bbox 2305 1292 2596 1364; x_wconf 87' lang='lat' dir='ltr'><strong>discipulos</strong></span> <span class='ocrx_word' id='word_1_540' title='bbox 2632 1295 2748 1366; x_wconf 88' lang='lat' dir='ltr'><strong>ejus</strong></span> <span class='ocrx_word' id='word_1_541' title='bbox 2779 1299 3074 1366; x_wconf 64' lang='lat' dir='ltr'><strong>praesentis:</strong></span> <span class='ocrx_word' id='word_1_542' title='bbox 3101 1300 3326 1357; x_wconf 79' lang='lat' dir='ltr'><strong>multum</strong></span> <span class='ocrx_word' id='word_1_543' title='bbox 3370 1299 3610 1358; x_wconf 73' lang='lat' dir='ltr'><strong>hmsisse.</strong></span> <span class='ocrx_word' id='word_1_544' title='bbox 3645 1301 3711 1358; x_wconf 86' lang='lat' dir='ltr'><strong>Et</strong></span> <span class='ocrx_word' id='word_1_545' title='bbox 3755 1304 3914 1361; x_wconf 81' lang='lat' dir='ltr'><strong>misit</strong></span> 
     </span>
    </p>
   </div>
   <div class='ocr_carea' id='block_1_71' title="bbox 2303 1386 3909 1463">
    <p class='ocr_par' dir='ltr' id='par_1_71' title="bbox 2303 1386 3909 1463">
     <span class='ocr_line' id='line_1_71' title="bbox 2303 1386 3909 1463; baseline 0.009 -25"><span class='ocrx_word' id='word_1_546' title='bbox 2303 1398 2399 1439; x_wconf 89' lang='lat' dir='ltr'><strong>eos</strong></span> <span class='ocrx_word' id='word_1_547' title='bbox 2422 1425 2438 1452; x_wconf 92' lang='lat'><strong>,</strong></span> <span class='ocrx_word' id='word_1_548' title='bbox 2467 1386 2638 1442; x_wconf 62' lang='lat' dir='ltr'><strong>turbae</strong></span> <span class='ocrx_word' id='word_1_549' title='bbox 2664 1397 2723 1443; x_wconf 94' lang='lat' dir='ltr'><strong>ut</strong></span> <span class='ocrx_word' id='word_1_550' title='bbox 2748 1389 2961 1445; x_wconf 87' lang='lat' dir='ltr'><strong>videtur</strong></span> <span class='ocrx_word' id='word_1_551' title='bbox 2988 1391 3216 1447; x_wconf 62' lang='lat' dir='ltr'><strong>vitanda:</strong></span> <span class='ocrx_word' id='word_1_552' title='bbox 3252 1406 3408 1448; x_wconf 86' lang='lat' dir='ltr'><strong>causa</strong></span> <span class='ocrx_word' id='word_1_553' title='bbox 3433 1434 3450 1460; x_wconf 96' lang='lat'><strong>,</strong></span> <span class='ocrx_word' id='word_1_554' title='bbox 3479 1395 3593 1463; x_wconf 90' lang='lat' dir='ltr'><strong>ipse</strong></span> <span class='ocrx_word' id='word_1_555' title='bbox 3619 1406 3808 1452; x_wconf 89' lang='lat' dir='ltr'><strong>autem</strong></span> <span class='ocrx_word' id='word_1_556' title='bbox 3854 1399 3909 1453; x_wconf 87' lang='lat' dir='ltr'><strong>in</strong></span> 
     </span>
    </p>
   </div>
   <div class='ocr_carea' id='block_1_72' title="bbox 2305 1479 3909 1552">
    <p class='ocr_par' dir='ltr' id='par_1_72' title="bbox 2305 1479 3909 1552">
     <span class='ocr_line' id='line_1_72' title="bbox 2305 1479 3909 1552; baseline 0.011 -23"><span class='ocrx_word' id='word_1_557' title='bbox 2305 1486 2541 1533; x_wconf 91' lang='lat' dir='ltr'><strong>montem</strong></span> <span class='ocrx_word' id='word_1_558' title='bbox 2556 1479 2769 1536; x_wconf 85' lang='lat' dir='ltr'><strong>volebat</strong></span> <span class='ocrx_word' id='word_1_559' title='bbox 2782 1483 3091 1550; x_wconf 85' lang='lat' dir='ltr'><strong>ascendere,</strong></span> <span class='ocrx_word' id='word_1_560' title='bbox 3112 1492 3169 1538; x_wconf 93' lang='lat' dir='ltr'><strong>ut</strong></span> <span class='ocrx_word' id='word_1_561' title='bbox 3195 1499 3294 1540; x_wconf 90' lang='lat' dir='ltr'><strong>nos</strong></span> <span class='ocrx_word' id='word_1_562' title='bbox 3307 1485 3546 1552; x_wconf 90' lang='lat' dir='ltr'><strong>doceret,</strong></span> <span class='ocrx_word' id='word_1_563' title='bbox 3566 1488 3781 1542; x_wconf 86' lang='lat' dir='ltr'><strong>turbam</strong></span> <span class='ocrx_word' id='word_1_564' title='bbox 3803 1505 3909 1546; x_wconf 87' lang='lat' dir='ltr'><strong>nec</strong></span> 
     </span>
    </p>
   </div>
   <div class='ocr_carea' id='block_1_73' title="bbox 2301 1569 3902 1648">
    <p class='ocr_par' dir='ltr' id='par_1_73' title="bbox 2301 1569 3902 1648">
     <span class='ocr_line' id='line_1_73' title="bbox 2301 1569 3902 1648; baseline 0.009 -26"><span class='ocrx_word' id='word_1_565' title='bbox 2301 1569 2515 1626; x_wconf 79' lang='lat' dir='ltr'><strong>assidue</strong></span> <span class='ocrx_word' id='word_1_566' title='bbox 2531 1571 2986 1642; x_wconf 79' lang='lat' dir='ltr'><strong>frequentandam,</strong></span> <span class='ocrx_word' id='word_1_567' title='bbox 3011 1590 3184 1645; x_wconf 91' lang='lat' dir='ltr'><strong>neque</strong></span> <span class='ocrx_word' id='word_1_568' title='bbox 3199 1591 3414 1646; x_wconf 88' lang='lat' dir='ltr'><strong>semper</strong></span> <span class='ocrx_word' id='word_1_569' title='bbox 3429 1575 3730 1648; x_wconf 85' lang='lat' dir='ltr'><strong>fugiendam</strong></span> <span class='ocrx_word' id='word_1_570' title='bbox 3750 1594 3902 1647; x_wconf 88' lang='lat' dir='ltr'><strong>esse,</strong></span> 
     </span>
    </p>
   </div>
   <div class='ocr_carea' id='block_1_74' title="bbox 2301 1662 3900 1738">
    <p class='ocr_par' dir='ltr' id='par_1_74' title="bbox 2301 1662 3900 1738">
     <span class='ocr_line' id='line_1_74' title="bbox 2301 1662 3900 1738; baseline 0.007 -22"><span class='ocrx_word' id='word_1_571' title='bbox 2301 1662 2396 1717; x_wconf 89' lang='lat' dir='ltr'><strong>sed</strong></span> <span class='ocrx_word' id='word_1_572' title='bbox 2425 1672 2709 1735; x_wconf 91' lang='lat' dir='ltr'><strong>utrumque</strong></span> <span class='ocrx_word' id='word_1_573' title='bbox 2733 1667 2799 1721; x_wconf 89' lang='lat' dir='ltr'><strong>ad</strong></span> <span class='ocrx_word' id='word_1_574' title='bbox 2821 1667 3099 1723; x_wconf 84' lang='lat' dir='ltr'><strong>utilitatem</strong></span> <span class='ocrx_word' id='word_1_575' title='bbox 3130 1667 3449 1737; x_wconf 87' lang='lat' dir='ltr'><strong>faciendum,</strong></span> <span class='ocrx_word' id='word_1_576' title='bbox 3481 1677 3534 1725; x_wconf 93' lang='lat' dir='ltr'><strong>et</strong></span> <span class='ocrx_word' id='word_1_577' title='bbox 3561 1670 3900 1738; x_wconf 88' lang='lat' dir='ltr'><strong>alternatim,</strong></span> 
     </span>
    </p>
   </div>
   <div class='ocr_carea' id='block_1_75' title="bbox 2301 1755 3972 1833">
    <p class='ocr_par' dir='ltr' id='par_1_75' title="bbox 2301 1755 3972 1833">
     <span class='ocr_line' id='line_1_75' title="bbox 2301 1755 3972 1833; baseline 0.007 -25"><span class='ocrx_word' id='word_1_578' title='bbox 2301 1764 2460 1824; x_wconf 87' lang='lat' dir='ltr'><strong>prout</strong></span> <span class='ocrx_word' id='word_1_579' title='bbox 2486 1755 2672 1824; x_wconf 86' lang='lat' dir='ltr'><strong>decet,</strong></span> <span class='ocrx_word' id='word_1_580' title='bbox 2694 1757 2978 1828; x_wconf 88' lang='lat' dir='ltr'><strong>agendum.</strong></span> <span class='ocrx_word' id='word_1_581' title='bbox 3007 1759 3283 1815; x_wconf 89' lang='lat' dir='ltr'><strong>Discamus</strong></span> <span class='ocrx_word' id='word_1_582' title='bbox 3309 1769 3364 1816; x_wconf 90' lang='lat' dir='ltr'><strong>et</strong></span> <span class='ocrx_word' id='word_1_583' title='bbox 3387 1776 3483 1816; x_wconf 90' lang='lat' dir='ltr'><strong>nos</strong></span> <span class='ocrx_word' id='word_1_584' title='bbox 3509 1776 3723 1833; x_wconf 91' lang='lat' dir='ltr'><strong>quoque</strong></span> <span class='ocrx_word' id='word_1_585' title='bbox 3766 1763 3900 1819; x_wconf 82' lang='lat' dir='ltr'><strong>Jesu</strong></span> <span class='ocrx_word' id='word_1_586' title='bbox 3969 1832 3972 1833; x_wconf 19' lang='grc' dir='ltr'><em>ν</em></span> 
     </span>
    </p>
   </div>
   <div class='ocr_carea' id='block_1_76' title="bbox 2299 1848 3902 1922">
    <p class='ocr_par' dir='ltr' id='par_1_76' title="bbox 2299 1848 3902 1922">
     <span class='ocr_line' id='line_1_76' title="bbox 2299 1848 3902 1922; baseline 0.007 -21"><span class='ocrx_word' id='word_1_587' title='bbox 2299 1848 2517 1904; x_wconf 84' lang='lat' dir='ltr'><strong>Christo</strong></span> <span class='ocrx_word' id='word_1_588' title='bbox 2547 1849 2772 1917; x_wconf 64' lang='lat' dir='ltr'><strong>haerere,</strong></span> <span class='ocrx_word' id='word_1_589' title='bbox 2801 1867 2906 1906; x_wconf 91' lang='lat' dir='ltr'><strong>non</strong></span> <span class='ocrx_word' id='word_1_590' title='bbox 2940 1867 3036 1922; x_wconf 91' lang='lat' dir='ltr'><strong>pro</strong></span> <span class='ocrx_word' id='word_1_591' title='bbox 3063 1851 3412 1922; x_wconf 88' lang='lat' dir='ltr'><strong>impetrandis</strong></span> <span class='ocrx_word' id='word_1_592' title='bbox 3439 1854 3776 1909; x_wconf 88' lang='lat' dir='ltr'><strong>sensibilium</strong></span> <span class='ocrx_word' id='word_1_593' title='bbox 3807 1870 3902 1912; x_wconf 88' lang='lat' dir='ltr'><strong>re-</strong></span> 
     </span>
    </p>
   </div>
   <div class='ocr_carea' id='block_1_77' title="bbox 2298 1941 3896 2015">
    <p class='ocr_par' dir='ltr' id='par_1_77' title="bbox 2298 1941 3896 2015">
     <span class='ocr_line' id='line_1_77' title="bbox 2298 1941 3896 2015; baseline 0.004 -19"><span class='ocrx_word' id='word_1_594' title='bbox 2298 1957 2416 1996; x_wconf 91' lang='lat' dir='ltr'><strong>rum</strong></span> <span class='ocrx_word' id='word_1_595' title='bbox 2457 1941 2614 1999; x_wconf 88' lang='lat' dir='ltr'><strong>donis</strong></span> <span class='ocrx_word' id='word_1_596' title='bbox 2637 1986 2655 2011; x_wconf 92' lang='lat'><strong>,</strong></span> <span class='ocrx_word' id='word_1_597' title='bbox 2685 1959 2753 2000; x_wconf 92' lang='lat' dir='ltr'><strong>ne</strong></span> <span class='ocrx_word' id='word_1_598' title='bbox 2797 1944 2848 1999; x_wconf 91' lang='lat' dir='ltr'><strong>id</strong></span> <span class='ocrx_word' id='word_1_599' title='bbox 2879 1945 3032 2001; x_wconf 88' lang='lat' dir='ltr'><strong>nobis</strong></span> <span class='ocrx_word' id='word_1_600' title='bbox 3070 1947 3269 2015; x_wconf 90' lang='lat' dir='ltr'><strong>probro</strong></span> <span class='ocrx_word' id='word_1_601' title='bbox 3304 1945 3463 2001; x_wconf 92' lang='lat' dir='ltr'><strong>detur</strong></span> <span class='ocrx_word' id='word_1_602' title='bbox 3486 1946 3624 2002; x_wconf 92' lang='lat' dir='ltr'><strong>sicut</strong></span> <span class='ocrx_word' id='word_1_603' title='bbox 3663 1947 3896 2004; x_wconf 74' lang='lat' dir='ltr'><strong>Judaais.</strong></span> 
     </span>
    </p>
   </div>
   <div class='ocr_carea' id='block_1_78' title="bbox 2302 2032 3900 2111">
    <p class='ocr_par' dir='ltr' id='par_1_78' title="bbox 2302 2032 3900 2111">
     <span class='ocr_line' id='line_1_78' title="bbox 2302 2032 3900 2111; baseline 0.006 -26"><span class='ocrx_word' id='word_1_604' title='bbox 2302 2032 2538 2099; x_wconf 68' lang='lat' dir='ltr'><strong>Quaeritis</strong></span> <span class='ocrx_word' id='word_1_605' title='bbox 2563 2051 2644 2088; x_wconf 87' lang='lat' dir='ltr'><strong>me</strong></span> <span class='ocrx_word' id='word_1_606' title='bbox 2664 2077 2681 2104; x_wconf 93' lang='lat'><strong>,</strong></span> <span class='ocrx_word' id='word_1_607' title='bbox 2715 2035 2924 2107; x_wconf 87' lang='lat' dir='ltr'><strong>inquit,</strong></span> <span class='ocrx_word' id='word_1_608' title='bbox 2956 2053 3058 2091; x_wconf 84' lang='lat' dir='ltr'><strong>non</strong></span> <span class='ocrx_word' id='word_1_609' title='bbox 3082 2038 3202 2109; x_wconf 83' lang='lat' dir='ltr'><strong>quia</strong></span> <span class='ocrx_word' id='word_1_610' title='bbox 3225 2038 3373 2108; x_wconf 87' lang='lat' dir='ltr'><strong>signa</strong></span> <span class='ocrx_word' id='word_1_611' title='bbox 3398 2038 3592 2093; x_wconf 72' lang='lat' dir='ltr'><strong>vidistis</strong></span> <span class='ocrx_word' id='word_1_612' title='bbox 3609 2080 3624 2103; x_wconf 90' lang='lat'><strong>,</strong></span> <span class='ocrx_word' id='word_1_613' title='bbox 3657 2040 3750 2094; x_wconf 86' lang='lat' dir='ltr'><strong>sed</strong></span> <span class='ocrx_word' id='word_1_614' title='bbox 3774 2041 3900 2111; x_wconf 83' lang='lat' dir='ltr'><strong>quia</strong></span> 
     </span>
    </p>
   </div>
   <div class='ocr_carea' id='block_1_79' title="bbox 2297 2126 3896 2200">
    <p class='ocr_par' dir='ltr' id='par_1_79' title="bbox 2297 2126 3896 2200">
     <span class='ocr_line' id='line_1_79' title="bbox 2297 2126 3896 2200; baseline 0.005 -21"><span class='ocrx_word' id='word_1_615' title='bbox 2297 2141 2360 2180; x_wconf 82' lang='lat' dir='ltr'><strong>ea:</strong></span> <span class='ocrx_word' id='word_1_616' title='bbox 2404 2126 2619 2196; x_wconf 81' lang='lat' dir='ltr'><strong>panibus</strong></span> <span class='ocrx_word' id='word_1_617' title='bbox 2665 2129 2948 2182; x_wconf 84' lang='lat' dir='ltr'><strong>comedistis</strong></span> <span class='ocrx_word' id='word_1_618' title='bbox 2991 2138 3038 2182; x_wconf 86' lang='lat' dir='ltr'><strong>et</strong></span> <span class='ocrx_word' id='word_1_619' title='bbox 3081 2130 3295 2183; x_wconf 86' lang='lat' dir='ltr'><strong>saturati</strong></span> <span class='ocrx_word' id='word_1_620' title='bbox 3322 2131 3441 2184; x_wconf 83' lang='lat' dir='ltr'><strong>estis</strong></span> <span class='ocrx_word' id='word_1_621' title='bbox 3473 2129 3648 2200; x_wconf 80' lang='lat' dir='ltr'><strong>(Joan.</strong></span> <span class='ocrx_word' id='word_1_622' title='bbox 3681 2131 3740 2186; x_wconf 84' lang='lat'><strong>6.</strong></span> <span class='ocrx_word' id='word_1_623' title='bbox 3772 2131 3896 2199; x_wconf 74' lang='grc'><strong>26).</strong></span> 
     </span>
    </p>
   </div>
   <div class='ocr_carea' id='block_1_80' title="bbox 2297 2216 3894 2292">
    <p class='ocr_par' dir='ltr' id='par_1_80' title="bbox 2297 2216 3894 2292">
     <span class='ocr_line' id='line_1_80' title="bbox 2297 2216 3894 2292; baseline 0.003 -20"><span class='ocrx_word' id='word_1_624' title='bbox 2297 2216 2421 2273; x_wconf 90' lang='lat' dir='ltr'><strong>Ideo</strong></span> <span class='ocrx_word' id='word_1_625' title='bbox 2444 2234 2549 2274; x_wconf 90' lang='lat' dir='ltr'><strong>non</strong></span> <span class='ocrx_word' id='word_1_626' title='bbox 2576 2217 2882 2290; x_wconf 91' lang='lat' dir='ltr'><strong>frequenter</strong></span> <span class='ocrx_word' id='word_1_627' title='bbox 2910 2222 3011 2277; x_wconf 91' lang='lat' dir='ltr'><strong>hoc</strong></span> <span class='ocrx_word' id='word_1_628' title='bbox 3033 2223 3240 2292; x_wconf 88' lang='lat' dir='ltr'><strong>signum</strong></span> <span class='ocrx_word' id='word_1_629' title='bbox 3269 2221 3412 2285; x_wconf 87' lang='lat' dir='ltr'><strong>facit,</strong></span> <span class='ocrx_word' id='word_1_630' title='bbox 3436 2223 3529 2278; x_wconf 91' lang='lat' dir='ltr'><strong>sed</strong></span> <span class='ocrx_word' id='word_1_631' title='bbox 3555 2223 3634 2278; x_wconf 89' lang='lat' dir='ltr'><strong>bis</strong></span> <span class='ocrx_word' id='word_1_632' title='bbox 3659 2235 3894 2291; x_wconf 76' lang='lat' dir='ltr'><strong>unitum,</strong></span> 
     </span>
    </p>
   </div>
   <div class='ocr_carea' id='block_1_81' title="bbox 2295 2310 3896 2384">
    <p class='ocr_par' dir='ltr' id='par_1_81' title="bbox 2295 2310 3896 2384">
     <span class='ocr_line' id='line_1_81' title="bbox 2295 2310 3896 2384; baseline 0.003 -21"><span class='ocrx_word' id='word_1_633' title='bbox 2295 2319 2355 2364; x_wconf 90' lang='lat' dir='ltr'><strong>ut</strong></span> <span class='ocrx_word' id='word_1_634' title='bbox 2392 2310 2658 2367; x_wconf 85' lang='lat' dir='ltr'><strong>discerent</strong></span> <span class='ocrx_word' id='word_1_635' title='bbox 2690 2326 2795 2366; x_wconf 93' lang='lat' dir='ltr'><strong>non</strong></span> <span class='ocrx_word' id='word_1_636' title='bbox 2822 2314 2994 2368; x_wconf 82' lang='lat' dir='ltr'><strong>ventri</strong></span> <span class='ocrx_word' id='word_1_637' title='bbox 3026 2327 3146 2368; x_wconf 87' lang='lat' dir='ltr'><strong>esse</strong></span> <span class='ocrx_word' id='word_1_638' title='bbox 3187 2312 3526 2369; x_wconf 87' lang='lat' dir='ltr'><strong>serviendum</strong></span> <span class='ocrx_word' id='word_1_639' title='bbox 3547 2355 3563 2380; x_wconf 97' lang='lat'><strong>,</strong></span> <span class='ocrx_word' id='word_1_640' title='bbox 3591 2315 3684 2368; x_wconf 85' lang='lat' dir='ltr'><strong>sed</strong></span> <span class='ocrx_word' id='word_1_641' title='bbox 3725 2316 3896 2384; x_wconf 86' lang='lat' dir='ltr'><strong>spiri-</strong></span> 
     </span>
    </p>
   </div>
   <div class='ocr_carea' id='block_1_82' title="bbox 2295 2401 3894 2476">
    <p class='ocr_par' dir='ltr' id='par_1_82' title="bbox 2295 2401 3894 2476">
     <span class='ocr_line' id='line_1_82' title="bbox 2295 2401 3894 2476; baseline 0.003 -21"><span class='ocrx_word' id='word_1_642' title='bbox 2295 2401 2528 2457; x_wconf 91' lang='lat' dir='ltr'><strong>tualibus</strong></span> <span class='ocrx_word' id='word_1_643' title='bbox 2565 2402 2779 2457; x_wconf 91' lang='lat' dir='ltr'><strong>assidue</strong></span> <span class='ocrx_word' id='word_1_644' title='bbox 2816 2402 3147 2459; x_wconf 64' lang='lat' dir='ltr'><strong>haerendum.</strong></span> <span class='ocrx_word' id='word_1_645' title='bbox 3177 2404 3270 2460; x_wconf 83' lang='lat' dir='ltr'><strong>His</strong></span> <span class='ocrx_word' id='word_1_646' title='bbox 3297 2419 3397 2459; x_wconf 90' lang='lat' dir='ltr'><strong>nos</strong></span> <span class='ocrx_word' id='word_1_647' title='bbox 3421 2420 3635 2476; x_wconf 90' lang='lat' dir='ltr'><strong>quoque</strong></span> <span class='ocrx_word' id='word_1_648' title='bbox 3676 2405 3894 2460; x_wconf 67' lang='lat' dir='ltr'><strong>haerea-</strong></span> 
     </span>
    </p>
   </div>
   <div class='ocr_carea' id='block_1_83' title="bbox 2295 2497 3892 2568">
    <p class='ocr_par' dir='ltr' id='par_1_83' title="bbox 2295 2497 3892 2568">
     <span class='ocr_line' id='line_1_83' title="bbox 2295 2497 3892 2568; baseline 0.004 -21"><span class='ocrx_word' id='word_1_649' title='bbox 2295 2509 2414 2549; x_wconf 91' lang='lat' dir='ltr'><strong>mus</strong></span> <span class='ocrx_word' id='word_1_650' title='bbox 2438 2534 2455 2561; x_wconf 94' lang='lat'><strong>,</strong></span> <span class='ocrx_word' id='word_1_651' title='bbox 2481 2503 2536 2549; x_wconf 89' lang='lat' dir='ltr'><strong>et</strong></span> <span class='ocrx_word' id='word_1_652' title='bbox 2580 2511 2883 2565; x_wconf 61' lang='lat' dir='ltr'><strong>quaeramus</strong></span> <span class='ocrx_word' id='word_1_653' title='bbox 2930 2512 3120 2566; x_wconf 90' lang='lat' dir='ltr'><strong>panem</strong></span> <span class='ocrx_word' id='word_1_654' title='bbox 3165 2497 3431 2552; x_wconf 73' lang='lat' dir='ltr'><strong>cazlestem</strong></span> <span class='ocrx_word' id='word_1_655' title='bbox 3457 2539 3473 2566; x_wconf 89' lang='lat'><strong>,</strong></span> <span class='ocrx_word' id='word_1_656' title='bbox 3520 2513 3625 2568; x_wconf 89' lang='lat' dir='ltr'><strong>quo</strong></span> <span class='ocrx_word' id='word_1_657' title='bbox 3663 2509 3892 2567; x_wconf 76' lang='lat' dir='ltr'><strong>accepto</strong></span> 
     </span>
    </p>
   </div>
   <div class='ocr_carea' id='block_1_84' title="bbox 2293 2589 3893 2660">
    <p class='ocr_par' dir='ltr' id='par_1_84' title="bbox 2293 2589 3893 2660">
     <span class='ocr_line' id='line_1_84' title="bbox 2293 2589 3893 2660; baseline 0.001 -17"><span class='ocrx_word' id='word_1_658' title='bbox 2293 2604 2510 2644; x_wconf 90' lang='lat' dir='ltr'><strong>omnem</strong></span> <span class='ocrx_word' id='word_1_659' title='bbox 2545 2590 2854 2645; x_wconf 49' lang='lat' dir='ltr'><strong>saecularem</strong></span> <span class='ocrx_word' id='word_1_660' title='bbox 2901 2605 3084 2646; x_wconf 88' lang='lat' dir='ltr'><strong>curam</strong></span> <span class='ocrx_word' id='word_1_661' title='bbox 3128 2589 3422 2660; x_wconf 88' lang='lat' dir='ltr'><strong>ejiciamus.</strong></span> <span class='ocrx_word' id='word_1_662' title='bbox 3452 2591 3584 2646; x_wconf 83' lang='lat' dir='ltr'><strong>Nam</strong></span> <span class='ocrx_word' id='word_1_663' title='bbox 3627 2592 3670 2646; x_wconf 86' lang='lat' dir='ltr'><strong>si</strong></span> <span class='ocrx_word' id='word_1_664' title='bbox 3717 2592 3794 2646; x_wconf 90' lang='lat' dir='ltr'><strong>iili</strong></span> <span class='ocrx_word' id='word_1_665' title='bbox 3837 2600 3893 2645; x_wconf 88' lang='lat' dir='ltr'><strong>et</strong></span> 
     </span>
    </p>
   </div>
   <div class='ocr_carea' id='block_1_85' title="bbox 2293 2680 3886 2751">
    <p class='ocr_par' dir='ltr' id='par_1_85' title="bbox 2293 2680 3886 2751">
     <span class='ocr_line' id='line_1_85' title="bbox 2293 2680 3886 2751; baseline -0.001 -17"><span class='ocrx_word' id='word_1_666' title='bbox 2293 2680 2480 2734; x_wconf 91' lang='lat' dir='ltr'><strong>domos</strong></span> <span class='ocrx_word' id='word_1_667' title='bbox 2501 2691 2554 2736; x_wconf 88' lang='lat' dir='ltr'><strong>et</strong></span> <span class='ocrx_word' id='word_1_668' title='bbox 2592 2681 2837 2736; x_wconf 87' lang='lat' dir='ltr'><strong>civitates</strong></span> <span class='ocrx_word' id='word_1_669' title='bbox 2861 2689 2916 2736; x_wconf 93' lang='lat' dir='ltr'><strong>et</strong></span> <span class='ocrx_word' id='word_1_670' title='bbox 2937 2689 3193 2751; x_wconf 87' lang='lat' dir='ltr'><strong>cognatos</strong></span> <span class='ocrx_word' id='word_1_671' title='bbox 3231 2691 3285 2736; x_wconf 90' lang='lat' dir='ltr'><strong>et</strong></span> <span class='ocrx_word' id='word_1_672' title='bbox 3320 2683 3499 2736; x_wconf 87' lang='lat' dir='ltr'><strong>omnia</strong></span> <span class='ocrx_word' id='word_1_673' title='bbox 3528 2681 3886 2746; x_wconf 85' lang='lat' dir='ltr'><strong>dimiserunt,</strong></span> 
     </span>
    </p>
   </div>
   <div class='ocr_carea' id='block_1_86' title="bbox 2291 2771 3890 2843">
    <p class='ocr_par' dir='ltr' id='par_1_86' title="bbox 2291 2771 3890 2843">
     <span class='ocr_line' id='line_1_86' title="bbox 2291 2771 3890 2843; baseline 0.002 -19"><span class='ocrx_word' id='word_1_674' title='bbox 2291 2779 2451 2842; x_wconf 85' lang='lat' dir='ltr'><strong>atque</strong></span> <span class='ocrx_word' id='word_1_675' title='bbox 2493 2771 2546 2827; x_wconf 91' lang='lat' dir='ltr'><strong>in</strong></span> <span class='ocrx_word' id='word_1_676' title='bbox 2589 2773 2877 2828; x_wconf 86' lang='lat' dir='ltr'><strong>solitudine</strong></span> <span class='ocrx_word' id='word_1_677' title='bbox 2922 2772 3304 2837; x_wconf 76' lang='lat' dir='ltr'><strong>versabantur,</strong></span> <span class='ocrx_word' id='word_1_678' title='bbox 3354 2773 3693 2843; x_wconf 88' lang='lat' dir='ltr'><strong>instanteque</strong></span> <span class='ocrx_word' id='word_1_679' title='bbox 3745 2773 3890 2828; x_wconf 88' lang='lat' dir='ltr'><strong>fame</strong></span> 
     </span>
    </p>
   </div>
   <div class='ocr_carea' id='block_1_87' title="bbox 2293 2863 3892 2934">
    <p class='ocr_par' dir='ltr' id='par_1_87' title="bbox 2293 2863 3892 2934">
     <span class='ocr_line' id='line_1_87' title="bbox 2293 2863 3892 2934; baseline -0.002 -16"><span class='ocrx_word' id='word_1_680' title='bbox 2293 2879 2397 2918; x_wconf 90' lang='lat' dir='ltr'><strong>non</strong></span> <span class='ocrx_word' id='word_1_681' title='bbox 2424 2864 2743 2919; x_wconf 90' lang='lat' dir='ltr'><strong>recedebant</strong></span> <span class='ocrx_word' id='word_1_682' title='bbox 2765 2882 2780 2921; x_wconf 89' lang='lat'><strong>:</strong></span> <span class='ocrx_word' id='word_1_683' title='bbox 2804 2864 2970 2918; x_wconf 92' lang='lat' dir='ltr'><strong>multo</strong></span> <span class='ocrx_word' id='word_1_684' title='bbox 2991 2865 3158 2934; x_wconf 85' lang='lat' dir='ltr'><strong>magis</strong></span> <span class='ocrx_word' id='word_1_685' title='bbox 3183 2879 3281 2918; x_wconf 91' lang='lat' dir='ltr'><strong>nos</strong></span> <span class='ocrx_word' id='word_1_686' title='bbox 3305 2879 3425 2918; x_wconf 90' lang='lat' dir='ltr'><strong>cum</strong></span> <span class='ocrx_word' id='word_1_687' title='bbox 3450 2863 3516 2918; x_wconf 90' lang='lat' dir='ltr'><strong>ad</strong></span> <span class='ocrx_word' id='word_1_688' title='bbox 3547 2863 3704 2917; x_wconf 87' lang='lat' dir='ltr'><strong>talem</strong></span> <span class='ocrx_word' id='word_1_689' title='bbox 3733 2878 3892 2918; x_wconf 65' lang='lat' dir='ltr'><strong>men-</strong></span> 
     </span>
    </p>
   </div>
   <div class='ocr_carea' id='block_1_88' title="bbox 2291 2957 3888 3028">
    <p class='ocr_par' dir='ltr' id='par_1_88' title="bbox 2291 2957 3888 3028">
     <span class='ocr_line' id='line_1_88' title="bbox 2291 2957 3888 3028; baseline -0.003 -15"><span class='ocrx_word' id='word_1_690' title='bbox 2291 2973 2404 3013; x_wconf 86' lang='lat' dir='ltr'><strong>sam</strong></span> <span class='ocrx_word' id='word_1_691' title='bbox 2436 2957 2740 3014; x_wconf 87' lang='lat' dir='ltr'><strong>accedimus</strong></span> <span class='ocrx_word' id='word_1_692' title='bbox 2765 2999 2779 3022; x_wconf 93' lang='lat'><strong>,</strong></span> <span class='ocrx_word' id='word_1_693' title='bbox 2814 2958 3068 3028; x_wconf 86' lang='lat' dir='ltr'><strong>majorem</strong></span> <span class='ocrx_word' id='word_1_694' title='bbox 3097 2957 3353 3012; x_wconf 89' lang='lat' dir='ltr'><strong>exhibere</strong></span> <span class='ocrx_word' id='word_1_695' title='bbox 3391 2965 3602 3026; x_wconf 83' lang='lat' dir='ltr'><strong>Oportet</strong></span> <span class='ocrx_word' id='word_1_696' title='bbox 3645 2957 3888 3026; x_wconf 84' lang='lat' dir='ltr'><strong>philoso-</strong></span> 
     </span>
    </p>
   </div>
   <div class='ocr_carea' id='block_1_89' title="bbox 2291 3049 3884 3121">
    <p class='ocr_par' dir='ltr' id='par_1_89' title="bbox 2291 3049 3884 3121">
     <span class='ocr_line' id='line_1_89' title="bbox 2291 3049 3884 3121; baseline -0.001 -18"><span class='ocrx_word' id='word_1_697' title='bbox 2291 3049 2469 3121; x_wconf 85' lang='lat' dir='ltr'><strong>phiam</strong></span> <span class='ocrx_word' id='word_1_698' title='bbox 2501 3058 2556 3105; x_wconf 91' lang='lat' dir='ltr'><strong>et</strong></span> <span class='ocrx_word' id='word_1_699' title='bbox 2593 3050 2945 3121; x_wconf 81' lang='lat' dir='ltr'><strong>spiritualium</strong></span> <span class='ocrx_word' id='word_1_700' title='bbox 2974 3063 3209 3104; x_wconf 89' lang='lat' dir='ltr'><strong>amorem</strong></span> <span class='ocrx_word' id='word_1_701' title='bbox 3231 3091 3246 3114; x_wconf 93' lang='lat'><strong>,</strong></span> <span class='ocrx_word' id='word_1_702' title='bbox 3281 3049 3658 3119; x_wconf 89' lang='lat' dir='ltr'><strong>sensibiliaque</strong></span> <span class='ocrx_word' id='word_1_703' title='bbox 3697 3059 3884 3117; x_wconf 85' lang='lat' dir='ltr'><strong>postea</strong></span> 
     </span>
    </p>
   </div>
   <div class='ocr_carea' id='block_1_90' title="bbox 2289 3140 3886 3214">
    <p class='ocr_par' dir='ltr' id='par_1_90' title="bbox 2289 3140 3886 3214">
     <span class='ocr_line' id='line_1_90' title="bbox 2289 3140 3886 3214; baseline -0.003 -17"><span class='ocrx_word' id='word_1_704' title='bbox 2289 3157 2550 3214; x_wconf 69' lang='lat' dir='ltr'><strong>quaerere.</strong></span> <span class='ocrx_word' id='word_1_705' title='bbox 2584 3142 2714 3197; x_wconf 89' lang='lat' dir='ltr'><strong>Nam</strong></span> <span class='ocrx_word' id='word_1_706' title='bbox 2746 3151 2800 3196; x_wconf 93' lang='lat' dir='ltr'><strong>ct</strong></span> <span class='ocrx_word' id='word_1_707' title='bbox 2827 3142 2900 3196; x_wconf 91' lang='lat' dir='ltr'><strong>illi</strong></span> <span class='ocrx_word' id='word_1_708' title='bbox 2929 3141 3334 3205; x_wconf 90' lang='lat' dir='ltr'><strong>accusabantur,</strong></span> <span class='ocrx_word' id='word_1_709' title='bbox 3368 3156 3473 3195; x_wconf 88' lang='lat' dir='ltr'><strong>non</strong></span> <span class='ocrx_word' id='word_1_710' title='bbox 3501 3140 3639 3210; x_wconf 90' lang='lat' dir='ltr'><strong>quod</strong></span> <span class='ocrx_word' id='word_1_711' title='bbox 3667 3155 3886 3209; x_wconf 66' lang='lat' dir='ltr'><strong>qua&#39;re-</strong></span> 
     </span>
    </p>
   </div>
   <div class='ocr_carea' id='block_1_91' title="bbox 2287 3231 3883 3307">
    <p class='ocr_par' dir='ltr' id='par_1_91' title="bbox 2287 3231 3883 3307">
     <span class='ocr_line' id='line_1_91' title="bbox 2287 3231 3883 3307; baseline -0.004 -16"><span class='ocrx_word' id='word_1_712' title='bbox 2287 3247 2409 3291; x_wconf 90' lang='lat' dir='ltr'><strong>rent</strong></span> <span class='ocrx_word' id='word_1_713' title='bbox 2434 3236 2608 3304; x_wconf 90' lang='lat' dir='ltr'><strong>ipsum</strong></span> <span class='ocrx_word' id='word_1_714' title='bbox 2637 3245 3103 3307; x_wconf 73' lang='lat' dir='ltr'><strong>propter-panem;</strong></span> <span class='ocrx_word' id='word_1_715' title='bbox 3133 3233 3225 3289; x_wconf 92' lang='lat' dir='ltr'><strong>sed</strong></span> <span class='ocrx_word' id='word_1_716' title='bbox 3252 3231 3393 3303; x_wconf 92' lang='lat' dir='ltr'><strong>quod</strong></span> <span class='ocrx_word' id='word_1_717' title='bbox 3407 3241 3688 3302; x_wconf 85' lang='lat' dir='ltr'><strong>propterea</strong></span> <span class='ocrx_word' id='word_1_718' title='bbox 3704 3233 3883 3286; x_wconf 85' lang='lat' dir='ltr'><strong>solum</strong></span> 
     </span>
    </p>
   </div>
   <div class='ocr_carea' id='block_1_92' title="bbox 2286 3322 3884 3397">
    <p class='ocr_par' dir='ltr' id='par_1_92' title="bbox 2286 3322 3884 3397">
     <span class='ocr_line' id='line_1_92' title="bbox 2286 3322 3884 3397; baseline -0.004 -17"><span class='ocrx_word' id='word_1_719' title='bbox 2286 3335 2606 3397; x_wconf 74' lang='lat' dir='ltr'><strong>qumrerent,</strong></span> <span class='ocrx_word' id='word_1_720' title='bbox 2635 3336 2689 3381; x_wconf 90' lang='lat' dir='ltr'><strong>et</strong></span> <span class='ocrx_word' id='word_1_721' title='bbox 2717 3335 2935 3396; x_wconf 87' lang='lat' dir='ltr'><strong>propter</strong></span> <span class='ocrx_word' id='word_1_722' title='bbox 2961 3325 3061 3379; x_wconf 90' lang='lat' dir='ltr'><strong>hoc</strong></span> <span class='ocrx_word' id='word_1_723' title='bbox 3087 3323 3373 3394; x_wconf 70' lang='lat' dir='ltr'><strong>prmeipue.</strong></span> <span class='ocrx_word' id='word_1_724' title='bbox 3397 3322 3528 3376; x_wconf 85' lang='lat' dir='ltr'><strong>Nam</strong></span> <span class='ocrx_word' id='word_1_725' title='bbox 3553 3322 3597 3376; x_wconf 92' lang='lat' dir='ltr'><strong>si</strong></span> <span class='ocrx_word' id='word_1_726' title='bbox 3625 3323 3747 3391; x_wconf 88' lang='lat' dir='ltr'><strong>quis</strong></span> <span class='ocrx_word' id='word_1_727' title='bbox 3769 3335 3884 3374; x_wconf 80' lang='lat' dir='ltr'><strong>ma-</strong></span> 
     </span>
    </p>
   </div>
   <div class='ocr_carea' id='block_1_93' title="bbox 2285 3410 3881 3489">
    <p class='ocr_par' dir='ltr' id='par_1_93' title="bbox 2285 3410 3881 3489">
     <span class='ocr_line' id='line_1_93' title="bbox 2285 3410 3881 3489; baseline -0.005 -15"><span class='ocrx_word' id='word_1_728' title='bbox 2285 3435 2388 3489; x_wconf 83' lang='lat' dir='ltr'><strong>gna</strong></span> <span class='ocrx_word' id='word_1_729' title='bbox 2415 3419 2554 3474; x_wconf 89' lang='lat' dir='ltr'><strong>dona</strong></span> <span class='ocrx_word' id='word_1_730' title='bbox 2584 3419 2860 3488; x_wconf 80' lang='lat' dir='ltr'><strong>deSpiciat,</strong></span> <span class='ocrx_word' id='word_1_731' title='bbox 2887 3421 3063 3487; x_wconf 83' lang='lat' dir='ltr'><strong>parvis</strong></span> <span class='ocrx_word' id='word_1_732' title='bbox 3088 3425 3262 3470; x_wconf 86' lang='lat' dir='ltr'><strong>autem</strong></span> <span class='ocrx_word' id='word_1_733' title='bbox 3292 3415 3513 3480; x_wconf 63' lang='lat' dir='ltr'><strong>haereat,</strong></span> <span class='ocrx_word' id='word_1_734' title='bbox 3535 3429 3651 3483; x_wconf 68' lang='lat' dir='ltr'><strong>quae</strong></span> <span class='ocrx_word' id='word_1_735' title='bbox 3673 3410 3881 3483; x_wconf 88' lang='lat' dir='ltr'><strong>despici</strong></span> 
     </span>
    </p>
   </div>
   <div class='ocr_carea' id='block_1_94' title="bbox 2284 3503 3883 3584">
    <p class='ocr_par' dir='ltr' id='par_1_94' title="bbox 2284 3503 3883 3584">
     <span class='ocr_line' id='line_1_94' title="bbox 2284 3503 3883 3584; baseline -0.006 -16"><span class='ocrx_word' id='word_1_736' title='bbox 2284 3515 2398 3568; x_wconf 91' lang='lat' dir='ltr'><strong>vult</strong></span> <span class='ocrx_word' id='word_1_737' title='bbox 2424 3513 2468 3568; x_wconf 91' lang='lat' dir='ltr'><strong>is</strong></span> <span class='ocrx_word' id='word_1_738' title='bbox 2498 3514 2587 3584; x_wconf 90' lang='lat' dir='ltr'><strong>qui</strong></span> <span class='ocrx_word' id='word_1_739' title='bbox 2617 3513 2727 3578; x_wconf 83' lang='lat' dir='ltr'><strong>dat,</strong></span> <span class='ocrx_word' id='word_1_740' title='bbox 2753 3511 2943 3566; x_wconf 91' lang='lat' dir='ltr'><strong>abillis</strong></span> <span class='ocrx_word' id='word_1_741' title='bbox 2972 3511 3130 3566; x_wconf 86' lang='lat' dir='ltr'><strong>etiam</strong></span> <span class='ocrx_word' id='word_1_742' title='bbox 3161 3506 3358 3563; x_wconf 85' lang='lat' dir='ltr'><strong>excidit</strong></span> <span class='ocrx_word' id='word_1_743' title='bbox 3381 3524 3394 3560; x_wconf 89' lang='lat'><strong>:</strong></span> <span class='ocrx_word' id='word_1_744' title='bbox 3419 3514 3479 3560; x_wconf 93' lang='lat' dir='ltr'><strong>ut</strong></span> <span class='ocrx_word' id='word_1_745' title='bbox 3505 3505 3762 3566; x_wconf 88' lang='lat' dir='ltr'><strong>contra,si</strong></span> <span class='ocrx_word' id='word_1_746' title='bbox 3791 3503 3883 3558; x_wconf 72' lang='lat' dir='ltr'><strong>illa</strong></span> 
     </span>
    </p>
   </div>
   <div class='ocr_carea' id='block_1_95' title="bbox 2284 3597 3883 3671">
    <p class='ocr_par' dir='ltr' id='par_1_95' title="bbox 2284 3597 3883 3671">
     <span class='ocr_line' id='line_1_95' title="bbox 2284 3597 3883 3671; baseline -0.006 -10"><span class='ocrx_word' id='word_1_747' title='bbox 2284 3607 2671 3669; x_wconf 78' lang='lat' dir='ltr'><strong>desideremus,</strong></span> <span class='ocrx_word' id='word_1_748' title='bbox 2701 3605 2812 3659; x_wconf 63' lang='lat' dir='ltr'><strong>haec</strong></span> <span class='ocrx_word' id='word_1_749' title='bbox 2837 3604 2995 3658; x_wconf 89' lang='lat' dir='ltr'><strong>etiam</strong></span> <span class='ocrx_word' id='word_1_750' title='bbox 3021 3601 3202 3671; x_wconf 83' lang='lat' dir='ltr'><strong>adjicit</strong></span> <span class='ocrx_word' id='word_1_751' title='bbox 3222 3617 3234 3650; x_wconf 86' lang='lat'><strong>:</strong></span> <span class='ocrx_word' id='word_1_752' title='bbox 3253 3615 3374 3654; x_wconf 86' lang='lat' dir='ltr'><strong>nam</strong></span> <span class='ocrx_word' id='word_1_753' title='bbox 3397 3598 3512 3653; x_wconf 71' lang='lat' dir='ltr'><strong>haec</strong></span> <span class='ocrx_word' id='word_1_754' title='bbox 3537 3597 3587 3652; x_wconf 92' lang='lat' dir='ltr'><strong>in</strong></span> <span class='ocrx_word' id='word_1_755' title='bbox 3615 3597 3883 3652; x_wconf 85' lang='lat' dir='ltr'><strong>accessio-</strong></span> 
     </span>
    </p>
   </div>
   <div class='ocr_carea' id='block_1_96' title="bbox 2285 3688 3882 3763">
    <p class='ocr_par' dir='ltr' id='par_1_96' title="bbox 2285 3688 3882 3763">
     <span class='ocr_line' id='line_1_96' title="bbox 2285 3688 3882 3763; baseline -0.008 -10"><span class='ocrx_word' id='word_1_756' title='bbox 2285 3714 2408 3754; x_wconf 88' lang='lat' dir='ltr'><strong>nem</strong></span> <span class='ocrx_word' id='word_1_757' title='bbox 2437 3697 2664 3763; x_wconf 88' lang='lat' dir='ltr'><strong>dantur;</strong></span> <span class='ocrx_word' id='word_1_758' title='bbox 2689 3697 2761 3752; x_wconf 89' lang='lat' dir='ltr'><strong>ita</strong></span> <span class='ocrx_word' id='word_1_759' title='bbox 2791 3711 2984 3763; x_wconf 81' lang='lat' dir='ltr'><strong>nempe</strong></span> <span class='ocrx_word' id='word_1_760' title='bbox 3007 3694 3131 3749; x_wconf 82' lang='lat' dir='ltr'><strong>vilia</strong></span> <span class='ocrx_word' id='word_1_761' title='bbox 3170 3701 3332 3756; x_wconf 86' lang='lat' dir='ltr'><strong>sunt,</strong></span> <span class='ocrx_word' id='word_1_762' title='bbox 3362 3692 3406 3745; x_wconf 91' lang='lat' dir='ltr'><strong>si</strong></span> <span class='ocrx_word' id='word_1_763' title='bbox 3431 3705 3554 3744; x_wconf 89' lang='lat' dir='ltr'><strong>cum</strong></span> <span class='ocrx_word' id='word_1_764' title='bbox 3584 3688 3688 3743; x_wconf 89' lang='lat' dir='ltr'><strong>illis</strong></span> <span class='ocrx_word' id='word_1_765' title='bbox 3731 3703 3882 3742; x_wconf 69' lang='lat' dir='ltr'><strong>como</strong></span> 
     </span>
    </p>
   </div>
   <div class='ocr_carea' id='block_1_97' title="bbox 2285 3780 3880 3861">
    <p class='ocr_par' dir='ltr' id='par_1_97' title="bbox 2285 3780 3880 3861">
     <span class='ocr_line' id='line_1_97' title="bbox 2285 3780 3880 3861; baseline -0.008 -17"><span class='ocrx_word' id='word_1_766' title='bbox 2285 3798 2578 3861; x_wconf 89' lang='lat' dir='ltr'><strong>parentur,</strong></span> <span class='ocrx_word' id='word_1_767' title='bbox 2610 3788 2823 3845; x_wconf 86' lang='lat' dir='ltr'><strong>etiamsi</strong></span> <span class='ocrx_word' id='word_1_768' title='bbox 2872 3801 3060 3858; x_wconf 87' lang='lat' dir='ltr'><strong>magna</strong></span> <span class='ocrx_word' id='word_1_769' title='bbox 3104 3784 3406 3840; x_wconf 87' lang='lat' dir='ltr'><strong>videantur.</strong></span> <span class='ocrx_word' id='word_1_770' title='bbox 3453 3783 3568 3839; x_wconf 87' lang='lat' dir='ltr'><strong>Non</strong></span> <span class='ocrx_word' id='word_1_771' title='bbox 3613 3795 3746 3851; x_wconf 84' lang='lat' dir='ltr'><strong>ergo</strong></span> <span class='ocrx_word' id='word_1_772' title='bbox 3796 3780 3880 3834; x_wconf 90' lang='lat' dir='ltr'><strong>bis</strong></span> 
     </span>
    </p>
   </div>
   <div class='ocr_carea' id='block_1_98' title="bbox 2284 3871 3881 3952">
    <p class='ocr_par' dir='ltr' id='par_1_98' title="bbox 2284 3871 3881 3952">
     <span class='ocr_line' id='line_1_98' title="bbox 2284 3871 3881 3952; baseline -0.007 -16"><span class='ocrx_word' id='word_1_773' title='bbox 2284 3881 2615 3948; x_wconf 78' lang='lat' dir='ltr'><strong>Studeamus,</strong></span> <span class='ocrx_word' id='word_1_774' title='bbox 2647 3890 2805 3952; x_wconf 90' lang='lat' dir='ltr'><strong>atque</strong></span> <span class='ocrx_word' id='word_1_775' title='bbox 2833 3893 3021 3935; x_wconf 88' lang='lat' dir='ltr'><strong>eorum</strong></span> <span class='ocrx_word' id='word_1_776' title='bbox 3049 3877 3162 3933; x_wconf 87' lang='lat' dir='ltr'><strong>sive</strong></span> <span class='ocrx_word' id='word_1_777' title='bbox 3191 3875 3605 3946; x_wconf 86' lang='lat' dir='ltr'><strong>possessionem,</strong></span> <span class='ocrx_word' id='word_1_778' title='bbox 3637 3877 3752 3929; x_wconf 87' lang='lat' dir='ltr'><strong>sive</strong></span> <span class='ocrx_word' id='word_1_779' title='bbox 3779 3871 3881 3942; x_wconf 88' lang='lat' dir='ltr'><strong>pri-</strong></span> 
     </span>
    </p>
   </div>
   <div class='ocr_carea' id='block_1_99' title="bbox 2283 3965 3877 4039">
    <p class='ocr_par' dir='ltr' id='par_1_99' title="bbox 2283 3965 3877 4039">
     <span class='ocr_line' id='line_1_99' title="bbox 2283 3965 3877 4039; baseline -0.008 -8"><span class='ocrx_word' id='word_1_780' title='bbox 2283 3977 2551 4031; x_wconf 86' lang='lat' dir='ltr'><strong>vationem</strong></span> <span class='ocrx_word' id='word_1_781' title='bbox 2600 3974 2992 4031; x_wconf 86' lang='lat' dir='ltr'><strong>indifferentem</strong></span> <span class='ocrx_word' id='word_1_782' title='bbox 3044 3971 3402 4027; x_wconf 87' lang='lat' dir='ltr'><strong>arbitremur:</strong></span> <span class='ocrx_word' id='word_1_783' title='bbox 3425 3965 3877 4039; x_wconf 88' lang='lat' dir='ltr'><strong>quemadmodum</strong></span> 
     </span>
    </p>
   </div>
   <div class='ocr_carea' id='block_1_100' title="bbox 2282 4057 3878 4137">
    <p class='ocr_par' dir='ltr' id='par_1_100' title="bbox 2282 4057 3878 4137">
     <span class='ocr_line' id='line_1_100' title="bbox 2282 4057 3878 4137; baseline -0.009 -13"><span class='ocrx_word' id='word_1_784' title='bbox 2282 4077 2338 4124; x_wconf 91' lang='lat' dir='ltr'><strong>et</strong></span> <span class='ocrx_word' id='word_1_785' title='bbox 2375 4069 2515 4134; x_wconf 86' lang='lat' dir='ltr'><strong>Job,</strong></span> <span class='ocrx_word' id='word_1_786' title='bbox 2557 4067 2646 4137; x_wconf 91' lang='lat' dir='ltr'><strong>qui</strong></span> <span class='ocrx_word' id='word_1_787' title='bbox 2691 4081 2789 4122; x_wconf 91' lang='lat' dir='ltr'><strong>nec</strong></span> <span class='ocrx_word' id='word_1_788' title='bbox 2833 4062 3188 4136; x_wconf 61' lang='lat' dir='ltr'><strong>praesentibus</strong></span> <span class='ocrx_word' id='word_1_789' title='bbox 3238 4060 3510 4126; x_wconf 65' lang='lat' dir='ltr'><strong>merebat,</strong></span> <span class='ocrx_word' id='word_1_790' title='bbox 3556 4073 3656 4114; x_wconf 86' lang='lat' dir='ltr'><strong>nec</strong></span> <span class='ocrx_word' id='word_1_791' title='bbox 3700 4057 3878 4112; x_wconf 81' lang='lat' dir='ltr'><strong>ablata</strong></span> 
     </span>
    </p>
   </div>
   <div class='ocr_carea' id='block_1_101' title="bbox 2283 4149 3879 4231">
    <p class='ocr_par' dir='ltr' id='par_1_101' title="bbox 2283 4149 3879 4231">
     <span class='ocr_line' id='line_1_101' title="bbox 2283 4149 3879 4231; baseline -0.009 -15"><span class='ocrx_word' id='word_1_792' title='bbox 2283 4161 2576 4231; x_wconf 70' lang='lat' dir='ltr'><strong>quaerebat.</strong></span> <span class='ocrx_word' id='word_1_793' title='bbox 2606 4158 2738 4214; x_wconf 88' lang='lat' dir='ltr'><strong>Nam</strong></span> <span class='ocrx_word' id='word_1_794' title='bbox 2771 4170 3000 4229; x_wconf 73' lang='grc' dir='ltr'><strong>χρήματα</strong></span> <span class='ocrx_word' id='word_1_795' title='bbox 3027 4170 3130 4210; x_wconf 90' lang='lat' dir='ltr'><strong>non</strong></span> <span class='ocrx_word' id='word_1_796' title='bbox 3156 4153 3235 4210; x_wconf 90' lang='lat' dir='ltr'><strong>sic</strong></span> <span class='ocrx_word' id='word_1_797' title='bbox 3259 4159 3534 4216; x_wconf 86' lang='lat' dir='ltr'><strong>vocantur,</strong></span> <span class='ocrx_word' id='word_1_798' title='bbox 3563 4160 3619 4205; x_wconf 93' lang='lat' dir='ltr'><strong>ut</strong></span> <span class='ocrx_word' id='word_1_799' title='bbox 3646 4164 3708 4203; x_wconf 89' lang='lat' dir='ltr'><strong>ea</strong></span> <span class='ocrx_word' id='word_1_800' title='bbox 3735 4149 3879 4204; x_wconf 88' lang='lat' dir='ltr'><strong>defo-</strong></span> 
     </span>
    </p>
   </div>
   <div class='ocr_carea' id='block_1_102' title="bbox 2281 4241 3878 4320">
    <p class='ocr_par' dir='ltr' id='par_1_102' title="bbox 2281 4241 3878 4320">
     <span class='ocr_line' id='line_1_102' title="bbox 2281 4241 3878 4320; baseline -0.011 -11"><span class='ocrx_word' id='word_1_801' title='bbox 2281 4253 2490 4310; x_wconf 88' lang='lat' dir='ltr'><strong>diamus</strong></span> <span class='ocrx_word' id='word_1_802' title='bbox 2515 4294 2532 4319; x_wconf 94' lang='lat'><strong>,</strong></span> <span class='ocrx_word' id='word_1_803' title='bbox 2558 4251 2653 4308; x_wconf 90' lang='lat' dir='ltr'><strong>sed</strong></span> <span class='ocrx_word' id='word_1_804' title='bbox 2682 4259 2740 4306; x_wconf 92' lang='lat' dir='ltr'><strong>ut</strong></span> <span class='ocrx_word' id='word_1_805' title='bbox 2769 4251 2833 4304; x_wconf 92' lang='lat' dir='ltr'><strong>iis</strong></span> <span class='ocrx_word' id='word_1_806' title='bbox 2875 4257 3131 4320; x_wconf 87' lang='lat' dir='ltr'><strong>quantum</strong></span> <span class='ocrx_word' id='word_1_807' title='bbox 3172 4245 3328 4301; x_wconf 87' lang='lat' dir='ltr'><strong>decet</strong></span> <span class='ocrx_word' id='word_1_808' title='bbox 3357 4252 3588 4299; x_wconf 85' lang='lat' dir='ltr'><strong>utamur.</strong></span> <span class='ocrx_word' id='word_1_809' title='bbox 3619 4243 3698 4296; x_wconf 83' lang='lat' dir='ltr'><strong>Ac</strong></span> <span class='ocrx_word' id='word_1_810' title='bbox 3740 4241 3878 4296; x_wconf 86' lang='lat' dir='ltr'><strong>sicut</strong></span> 
     </span>
    </p>
   </div>
   <div class='ocr_carea' id='block_1_103' title="bbox 2281 4331 3879 4415">
    <p class='ocr_par' dir='ltr' id='par_1_103' title="bbox 2281 4331 3879 4415">
     <span class='ocr_line' id='line_1_103' title="bbox 2281 4331 3879 4415; baseline -0.011 -14"><span class='ocrx_word' id='word_1_811' title='bbox 2281 4345 2473 4401; x_wconf 89' lang='lat' dir='ltr'><strong>artifex</strong></span> <span class='ocrx_word' id='word_1_812' title='bbox 2494 4345 2720 4415; x_wconf 90' lang='lat' dir='ltr'><strong>quisque</strong></span> <span class='ocrx_word' id='word_1_813' title='bbox 2745 4355 2894 4397; x_wconf 89' lang='lat' dir='ltr'><strong>suam</strong></span> <span class='ocrx_word' id='word_1_814' title='bbox 2917 4339 3074 4394; x_wconf 88' lang='lat' dir='ltr'><strong>habet</strong></span> <span class='ocrx_word' id='word_1_815' title='bbox 3093 4347 3284 4401; x_wconf 87' lang='lat' dir='ltr'><strong>artem,</strong></span> <span class='ocrx_word' id='word_1_816' title='bbox 3302 4336 3380 4390; x_wconf 86' lang='lat' dir='ltr'><strong>sic</strong></span> <span class='ocrx_word' id='word_1_817' title='bbox 3395 4334 3567 4400; x_wconf 88' lang='lat' dir='ltr'><strong>dives,</strong></span> <span class='ocrx_word' id='word_1_818' title='bbox 3589 4332 3678 4403; x_wconf 90' lang='lat' dir='ltr'><strong>qui</strong></span> <span class='ocrx_word' id='word_1_819' title='bbox 3705 4331 3879 4388; x_wconf 87' lang='lat' dir='ltr'><strong>nescit</strong></span> 
     </span>
    </p>
   </div>
   <div class='ocr_carea' id='block_1_104' title="bbox 2282 4426 3876 4498">
    <p class='ocr_par' dir='ltr' id='par_1_104' title="bbox 2282 4426 3876 4498">
     <span class='ocr_line' id='line_1_104' title="bbox 2282 4426 3876 4498; baseline -0.012 -5"><span class='ocrx_word' id='word_1_820' title='bbox 2282 4438 2527 4493; x_wconf 52' lang='lat' dir='ltr'><strong>airariam</strong></span> <span class='ocrx_word' id='word_1_821' title='bbox 2547 4445 2740 4498; x_wconf 92' lang='lat' dir='ltr'><strong>artem,</strong></span> <span class='ocrx_word' id='word_1_822' title='bbox 2771 4447 2869 4488; x_wconf 91' lang='lat' dir='ltr'><strong>nec</strong></span> <span class='ocrx_word' id='word_1_823' title='bbox 2899 4431 3074 4486; x_wconf 88' lang='lat' dir='ltr'><strong>navim</strong></span> <span class='ocrx_word' id='word_1_824' title='bbox 3105 4426 3388 4490; x_wconf 86' lang='lat' dir='ltr'><strong>fabricari,</strong></span> <span class='ocrx_word' id='word_1_825' title='bbox 3416 4439 3519 4481; x_wconf 90' lang='lat' dir='ltr'><strong>nec</strong></span> <span class='ocrx_word' id='word_1_826' title='bbox 3545 4433 3748 4487; x_wconf 87' lang='lat' dir='ltr'><strong>texere,</strong></span> <span class='ocrx_word' id='word_1_827' title='bbox 3777 4435 3876 4476; x_wconf 88' lang='lat' dir='ltr'><strong>nec</strong></span> 
     </span>
    </p>
   </div>
   <div class='ocr_carea' id='block_1_105' title="bbox 2281 4518 3876 4596">
    <p class='ocr_par' dir='ltr' id='par_1_105' title="bbox 2281 4518 3876 4596">
     <span class='ocr_line' id='line_1_105' title="bbox 2281 4518 3876 4596; baseline -0.011 -9"><span class='ocrx_word' id='word_1_828' title='bbox 2281 4531 2568 4596; x_wconf 69' lang='lat' dir='ltr'><strong>aedificare,</strong></span> <span class='ocrx_word' id='word_1_829' title='bbox 2591 4543 2692 4586; x_wconf 92' lang='lat' dir='ltr'><strong>nec</strong></span> <span class='ocrx_word' id='word_1_830' title='bbox 2719 4527 2860 4583; x_wconf 90' lang='lat' dir='ltr'><strong>aliud</strong></span> <span class='ocrx_word' id='word_1_831' title='bbox 2892 4524 3068 4582; x_wconf 90' lang='lat' dir='ltr'><strong>simile</strong></span> <span class='ocrx_word' id='word_1_832' title='bbox 3092 4522 3386 4595; x_wconf 88' lang='lat' dir='ltr'><strong>quidpiam,</strong></span> <span class='ocrx_word' id='word_1_833' title='bbox 3407 4520 3578 4576; x_wconf 89' lang='lat' dir='ltr'><strong>discat</strong></span> <span class='ocrx_word' id='word_1_834' title='bbox 3599 4518 3801 4574; x_wconf 88' lang='lat' dir='ltr'><strong>divitiis</strong></span> <span class='ocrx_word' id='word_1_835' title='bbox 3821 4526 3876 4570; x_wconf 91' lang='lat' dir='ltr'><strong>ut</strong></span> 
     </span>
    </p>
   </div>
   <div class='ocr_carea' id='block_1_106' title="bbox 2281 4613 3874 4694">
    <p class='ocr_par' dir='ltr' id='par_1_106' title="bbox 2281 4613 3874 4694">
     <span class='ocr_line' id='line_1_106' title="bbox 2281 4613 3874 4694; baseline -0.011 -12"><span class='ocrx_word' id='word_1_836' title='bbox 2281 4626 2434 4682; x_wconf 90' lang='lat' dir='ltr'><strong>decet</strong></span> <span class='ocrx_word' id='word_1_837' title='bbox 2451 4625 2548 4691; x_wconf 91' lang='lat' dir='ltr'><strong>uti,</strong></span> <span class='ocrx_word' id='word_1_838' title='bbox 2577 4632 2632 4680; x_wconf 91' lang='lat' dir='ltr'><strong>et</strong></span> <span class='ocrx_word' id='word_1_839' title='bbox 2657 4621 2840 4694; x_wconf 87' lang='lat' dir='ltr'><strong>egenis</strong></span> <span class='ocrx_word' id='word_1_840' title='bbox 2861 4619 3062 4692; x_wconf 88' lang='lat' dir='ltr'><strong>largiri,</strong></span> <span class='ocrx_word' id='word_1_841' title='bbox 3085 4617 3469 4688; x_wconf 86' lang='lat' dir='ltr'><strong>melioremque</strong></span> <span class='ocrx_word' id='word_1_842' title='bbox 3493 4615 3601 4671; x_wconf 90' lang='lat' dir='ltr'><strong>illis</strong></span> <span class='ocrx_word' id='word_1_843' title='bbox 3627 4613 3874 4670; x_wconf 88' lang='lat' dir='ltr'><strong>omnibus</strong></span> 
     </span>
    </p>
   </div>
   <div class='ocr_carea' id='block_1_107' title="bbox 2279 4719 2714 4777">
    <p class='ocr_par' dir='ltr' id='par_1_107' title="bbox 2279 4719 2714 4777">
     <span class='ocr_line' id='line_1_107' title="bbox 2279 4719 2714 4777; baseline -0.009 -1"><span class='ocrx_word' id='word_1_844' title='bbox 2279 4731 2451 4777; x_wconf 88' lang='lat' dir='ltr'><strong>artem</strong></span> <span class='ocrx_word' id='word_1_845' title='bbox 2480 4719 2714 4775; x_wconf 91' lang='lat' dir='ltr'><strong>callebit.</strong></span> 
     </span>
    </p>
   </div>
   <div class='ocr_carea' id='block_1_108' title="bbox 2338 4797 3873 4882">
    <p class='ocr_par' dir='ltr' id='par_1_108' title="bbox 2338 4797 3873 4882">
     <span class='ocr_line' id='line_1_108' title="bbox 2338 4797 3873 4882; baseline -0.014 -13"><span class='ocrx_word' id='word_1_846' title='bbox 2338 4817 2391 4870; x_wconf 73' lang='grc'><strong>4.</strong></span> <span class='ocrx_word' id='word_1_847' title='bbox 2409 4811 2760 4868; x_wconf 75' lang='lat' dir='ltr'><strong>Misericordia</strong></span> <span class='ocrx_word' id='word_1_848' title='bbox 2776 4810 2826 4864; x_wconf 83' lang='lat' dir='ltr'><strong>in</strong></span> <span class='ocrx_word' id='word_1_849' title='bbox 2842 4824 3086 4882; x_wconf 82' lang='lat' dir='ltr'><strong>pauperes</strong></span> <span class='ocrx_word' id='word_1_850' title='bbox 3105 4822 3189 4860; x_wconf 88' lang='lat' dir='ltr'><strong>ars</strong></span> <span class='ocrx_word' id='word_1_851' title='bbox 3206 4801 3564 4875; x_wconf 79' lang='lat' dir='ltr'><strong>pretiosissima</strong></span> <span class='ocrx_word' id='word_1_852' title='bbox 3579 4807 3670 4854; x_wconf 83' lang='lat' dir='ltr'><strong>est.</strong></span> <span class='ocrx_word' id='word_1_853' title='bbox 3687 4797 3873 4855; x_wconf 84' lang='lat' dir='ltr'><strong>Contra</strong></span> 
     </span>
    </p>
   </div>
   <div class='ocr_carea' id='block_1_109' title="bbox 2278 4888 3873 4976">
    <p class='ocr_par' dir='ltr' id='par_1_109' title="bbox 2278 4888 3873 4976">
     <span class='ocr_line' id='line_1_109' title="bbox 2278 4888 3873 4976; baseline -0.013 -16"><span class='ocrx_word' id='word_1_854' title='bbox 2278 4906 2586 4976; x_wconf 82' lang='lat' dir='ltr'><strong>uoluptatem</strong></span> <span class='ocrx_word' id='word_1_855' title='bbox 2629 4902 2854 4956; x_wconf 86' lang='lat' dir='ltr'><strong>ciborum</strong></span> <span class='ocrx_word' id='word_1_856' title='bbox 2897 4909 2942 4954; x_wconf 87' lang='lat' dir='ltr'><strong>et</strong></span> <span class='ocrx_word' id='word_1_857' title='bbox 2985 4899 3184 4953; x_wconf 72' lang='lat' dir='ltr'><strong>luxum.</strong></span> <span class='ocrx_word' id='word_1_858' title='bbox 3215 4893 3442 4949; x_wconf 85' lang='lat' dir='ltr'><strong>—Nam</strong></span> <span class='ocrx_word' id='word_1_859' title='bbox 3487 4892 3603 4946; x_wconf 60' lang='lat' dir='ltr'><strong>hare</strong></span> <span class='ocrx_word' id='word_1_860' title='bbox 3643 4901 3725 4945; x_wconf 86' lang='lat' dir='ltr'><strong>est</strong></span> <span class='ocrx_word' id='word_1_861' title='bbox 3772 4888 3873 4942; x_wconf 81' lang='lat' dir='ltr'><strong>illis</strong></span> 
     </span>
    </p>
   </div>
   <div class='ocr_carea' id='block_1_110' title="bbox 2279 4980 3873 5057">
    <p class='ocr_par' dir='ltr' id='par_1_110' title="bbox 2279 4980 3873 5057">
     <span class='ocr_line' id='line_1_110' title="bbox 2279 4980 3873 5057; baseline -0.014 -3"><span class='ocrx_word' id='word_1_862' title='bbox 2279 4997 2528 5053; x_wconf 90' lang='lat' dir='ltr'><strong>omnibus</strong></span> <span class='ocrx_word' id='word_1_863' title='bbox 2577 4995 2780 5049; x_wconf 90' lang='lat' dir='ltr'><strong>artibus</strong></span> <span class='ocrx_word' id='word_1_864' title='bbox 2824 4991 3124 5047; x_wconf 87' lang='lat' dir='ltr'><strong>sublimior.</strong></span> <span class='ocrx_word' id='word_1_865' title='bbox 3174 4987 3340 5057; x_wconf 83' lang='lat' dir='ltr'><strong>Hujus</strong></span> <span class='ocrx_word' id='word_1_866' title='bbox 3381 4985 3593 5057; x_wconf 82' lang='lat' dir='ltr'><strong>officina</strong></span> <span class='ocrx_word' id='word_1_867' title='bbox 3646 4984 3698 5038; x_wconf 89' lang='lat' dir='ltr'><strong>in</strong></span> <span class='ocrx_word' id='word_1_868' title='bbox 3741 4980 3873 5037; x_wconf 73' lang='lat' dir='ltr'><strong>cmlo</strong></span> 
     </span>
    </p>
   </div>
   <div class='ocr_carea' id='block_1_111' title="bbox 2279 5075 3872 5146">
    <p class='ocr_par' dir='ltr' id='par_1_111' title="bbox 2279 5075 3872 5146">
     <span class='ocr_line' id='line_1_111' title="bbox 2279 5075 3872 5146; baseline -0.013 0"><span class='ocrx_word' id='word_1_869' title='bbox 2279 5097 2480 5146; x_wconf 91' lang='lat' dir='ltr'><strong>structa</strong></span> <span class='ocrx_word' id='word_1_870' title='bbox 2503 5094 2605 5143; x_wconf 92' lang='lat' dir='ltr'><strong>est.</strong></span> <span class='ocrx_word' id='word_1_871' title='bbox 2636 5085 2761 5140; x_wconf 64' lang='lat' dir='ltr'><strong>Haec</strong></span> <span class='ocrx_word' id='word_1_872' title='bbox 2797 5099 2903 5137; x_wconf 90' lang='lat' dir='ltr'><strong>non</strong></span> <span class='ocrx_word' id='word_1_873' title='bbox 2934 5098 3000 5136; x_wconf 84' lang='lat' dir='ltr'><strong>ex</strong></span> <span class='ocrx_word' id='word_1_874' title='bbox 3051 5082 3192 5135; x_wconf 91' lang='lat' dir='ltr'><strong>ferro</strong></span> <span class='ocrx_word' id='word_1_875' title='bbox 3225 5079 3311 5134; x_wconf 88' lang='lat' dir='ltr'><strong>vel</strong></span> <span class='ocrx_word' id='word_1_876' title='bbox 3355 5093 3465 5133; x_wconf 69' lang='lat' dir='ltr'><strong>aere</strong></span> <span class='ocrx_word' id='word_1_877' title='bbox 3498 5075 3754 5130; x_wconf 90' lang='lat' dir='ltr'><strong>adornata</strong></span> <span class='ocrx_word' id='word_1_878' title='bbox 3783 5086 3872 5126; x_wconf 84' lang='lat' dir='ltr'><strong>or-</strong></span> 
     </span>
    </p>
   </div>
   <div class='ocr_carea' id='block_1_112' title="bbox 2277 5163 3871 5254">
    <p class='ocr_par' dir='ltr' id='par_1_112' title="bbox 2277 5163 3871 5254">
     <span class='ocr_line' id='line_1_112' title="bbox 2277 5163 3871 5254; baseline -0.013 -18"><span class='ocrx_word' id='word_1_879' title='bbox 2277 5197 2414 5254; x_wconf 88' lang='lat' dir='ltr'><strong>gana</strong></span> <span class='ocrx_word' id='word_1_880' title='bbox 2451 5180 2652 5245; x_wconf 87' lang='lat' dir='ltr'><strong>habet,</strong></span> <span class='ocrx_word' id='word_1_881' title='bbox 2679 5177 2773 5232; x_wconf 92' lang='lat' dir='ltr'><strong>sed</strong></span> <span class='ocrx_word' id='word_1_882' title='bbox 2816 5191 2881 5231; x_wconf 90' lang='lat' dir='ltr'><strong>ex</strong></span> <span class='ocrx_word' id='word_1_883' title='bbox 2909 5175 3233 5243; x_wconf 88' lang='lat' dir='ltr'><strong>benignitate</strong></span> <span class='ocrx_word' id='word_1_884' title='bbox 3259 5181 3312 5226; x_wconf 91' lang='lat' dir='ltr'><strong>et</strong></span> <span class='ocrx_word' id='word_1_885' title='bbox 3339 5171 3613 5226; x_wconf 87' lang='lat' dir='ltr'><strong>voluntate</strong></span> <span class='ocrx_word' id='word_1_886' title='bbox 3641 5169 3682 5220; x_wconf 83' lang='grc'><strong>¹.</strong></span> <span class='ocrx_word' id='word_1_887' title='bbox 3707 5163 3871 5235; x_wconf 86' lang='lat' dir='ltr'><strong>Hujus</strong></span> 
     </span>
    </p>
   </div>
   <div class='ocr_carea' id='block_1_113' title="bbox 2279 5256 3868 5331">
    <p class='ocr_par' dir='ltr' id='par_1_113' title="bbox 2279 5256 3868 5331">
     <span class='ocr_line' id='line_1_113' title="bbox 2279 5256 3868 5331; baseline -0.015 -1"><span class='ocrx_word' id='word_1_888' title='bbox 2279 5273 2409 5330; x_wconf 89' lang='lat' dir='ltr'><strong>artis</strong></span> <span class='ocrx_word' id='word_1_889' title='bbox 2433 5271 2680 5328; x_wconf 90' lang='lat' dir='ltr'><strong>Christus</strong></span> <span class='ocrx_word' id='word_1_890' title='bbox 2707 5268 2896 5324; x_wconf 91' lang='lat' dir='ltr'><strong>doctor</strong></span> <span class='ocrx_word' id='word_1_891' title='bbox 2915 5275 3016 5328; x_wconf 91' lang='lat' dir='ltr'><strong>est,</strong></span> <span class='ocrx_word' id='word_1_892' title='bbox 3036 5279 3244 5320; x_wconf 90' lang='lat' dir='ltr'><strong>necnon</strong></span> <span class='ocrx_word' id='word_1_893' title='bbox 3267 5263 3384 5331; x_wconf 83' lang='lat' dir='ltr'><strong>ejus</strong></span> <span class='ocrx_word' id='word_1_894' title='bbox 3411 5262 3586 5316; x_wconf 88' lang='lat' dir='ltr'><strong>Pater.</strong></span> <span class='ocrx_word' id='word_1_895' title='bbox 3619 5258 3750 5314; x_wconf 82' lang='lat' dir='ltr'><strong>Nam</strong></span> <span class='ocrx_word' id='word_1_896' title='bbox 3778 5256 3868 5317; x_wconf 90' lang='lat' dir='ltr'><strong>ait,</strong></span> 
     </span>
    </p>
   </div>
   <div class='ocr_carea' id='block_1_114' title="bbox 2281 5347 3871 5423">
    <p class='ocr_par' dir='ltr' id='par_1_114' title="bbox 2281 5347 3871 5423">
     <span class='ocr_line' id='line_1_114' title="bbox 2281 5347 3871 5423; baseline -0.013 -2"><span class='ocrx_word' id='word_1_897' title='bbox 2281 5366 2455 5420; x_wconf 82' lang='lat' dir='ltr'><strong>Estote</strong></span> <span class='ocrx_word' id='word_1_898' title='bbox 2482 5361 2829 5418; x_wconf 86' lang='lat' dir='ltr'><strong>misericordes</strong></span> <span class='ocrx_word' id='word_1_899' title='bbox 2853 5362 2981 5413; x_wconf 85' lang='lat' dir='ltr'><strong>sicut</strong></span> <span class='ocrx_word' id='word_1_900' title='bbox 3005 5368 3051 5411; x_wconf 87' lang='lat' dir='ltr'><strong>et</strong></span> <span class='ocrx_word' id='word_1_901' title='bbox 3085 5356 3241 5410; x_wconf 83' lang='lat' dir='ltr'><strong>Pater</strong></span> <span class='ocrx_word' id='word_1_902' title='bbox 3265 5365 3422 5409; x_wconf 77' lang='lat' dir='ltr'><strong>vester</strong></span> <span class='ocrx_word' id='word_1_903' title='bbox 3444 5354 3528 5423; x_wconf 87' lang='lat' dir='ltr'><strong>qui</strong></span> <span class='ocrx_word' id='word_1_904' title='bbox 3556 5361 3630 5406; x_wconf 89' lang='lat' dir='ltr'><strong>est</strong></span> <span class='ocrx_word' id='word_1_905' title='bbox 3659 5351 3711 5404; x_wconf 86' lang='lat' dir='ltr'><strong>in</strong></span> <span class='ocrx_word' id='word_1_906' title='bbox 3737 5347 3871 5404; x_wconf 77' lang='lat' dir='ltr'><strong>caelis</strong></span> 
     </span>
    </p>
   </div>
   <div class='ocr_carea' id='block_1_115' title="bbox 2281 5443 3872 5529">
    <p class='ocr_par' dir='ltr' id='par_1_115' title="bbox 2281 5443 3872 5529">
     <span class='ocr_line' id='line_1_115' title="bbox 2281 5443 3872 5529; baseline -0.014 -20"><span class='ocrx_word' id='word_1_907' title='bbox 2281 5456 2433 5529; x_wconf 85' lang='lat' dir='ltr'><strong>(Luc.</strong></span> <span class='ocrx_word' id='word_1_908' title='bbox 2457 5453 2513 5508; x_wconf 89' lang='lat'><strong>6.</strong></span> <span class='ocrx_word' id='word_1_909' title='bbox 2545 5453 2660 5520; x_wconf 76' lang='lat'><strong>36).</strong></span> <span class='ocrx_word' id='word_1_910' title='bbox 2689 5451 2948 5520; x_wconf 85' lang='lat' dir='ltr'><strong>Quodque</strong></span> <span class='ocrx_word' id='word_1_911' title='bbox 2972 5448 3216 5504; x_wconf 89' lang='lat' dir='ltr'><strong>mirabile</strong></span> <span class='ocrx_word' id='word_1_912' title='bbox 3243 5453 3327 5501; x_wconf 91' lang='lat' dir='ltr'><strong>est</strong></span> <span class='ocrx_word' id='word_1_913' title='bbox 3345 5487 3360 5508; x_wconf 93' lang='lat'><strong>,</strong></span> <span class='ocrx_word' id='word_1_914' title='bbox 3389 5459 3510 5500; x_wconf 90' lang='lat' dir='ltr'><strong>cum</strong></span> <span class='ocrx_word' id='word_1_915' title='bbox 3550 5443 3622 5497; x_wconf 85' lang='lat' dir='ltr'><strong>ita</strong></span> <span class='ocrx_word' id='word_1_916' title='bbox 3651 5447 3872 5496; x_wconf 74' lang='lat' dir='ltr'><strong>cmteras</strong></span> 
     </span>
    </p>
   </div>
   <div class='ocr_carea' id='block_1_116' title="bbox 2280 5533 3870 5613">
    <p class='ocr_par' dir='ltr' id='par_1_116' title="bbox 2280 5533 3870 5613">
     <span class='ocr_line' id='line_1_116' title="bbox 2280 5533 3870 5613; baseline -0.016 -8"><span class='ocrx_word' id='word_1_917' title='bbox 2280 5548 2603 5613; x_wconf 87' lang='lat' dir='ltr'><strong>antecellat,</strong></span> <span class='ocrx_word' id='word_1_918' title='bbox 2649 5562 2755 5601; x_wconf 90' lang='lat' dir='ltr'><strong>non</strong></span> <span class='ocrx_word' id='word_1_919' title='bbox 2801 5544 2984 5600; x_wconf 83' lang='lat' dir='ltr'><strong>labore</strong></span> <span class='ocrx_word' id='word_1_920' title='bbox 3028 5541 3112 5596; x_wconf 87' lang='lat' dir='ltr'><strong>vel</strong></span> <span class='ocrx_word' id='word_1_921' title='bbox 3167 5551 3406 5609; x_wconf 86' lang='lat' dir='ltr'><strong>tempore</strong></span> <span class='ocrx_word' id='word_1_922' title='bbox 3448 5551 3583 5607; x_wconf 88' lang='lat' dir='ltr'><strong>opus</strong></span> <span class='ocrx_word' id='word_1_923' title='bbox 3623 5533 3781 5589; x_wconf 88' lang='lat' dir='ltr'><strong>habet</strong></span> <span class='ocrx_word' id='word_1_924' title='bbox 3815 5535 3870 5581; x_wconf 91' lang='lat' dir='ltr'><strong>ut</strong></span> 
     </span>
    </p>
   </div>
   <div class='ocr_carea' id='block_1_117' title="bbox 2282 5624 3867 5698">
    <p class='ocr_par' dir='ltr' id='par_1_117' title="bbox 2282 5624 3867 5698">
     <span class='ocr_line' id='line_1_117' title="bbox 2282 5624 3867 5698; baseline -0.017 -1"><span class='ocrx_word' id='word_1_925' title='bbox 2282 5648 2633 5697; x_wconf 86' lang='lat' dir='ltr'><strong>exerceatur:</strong></span> <span class='ocrx_word' id='word_1_926' title='bbox 2657 5635 2853 5692; x_wconf 76' lang='lat' dir='ltr'><strong>sufficit</strong></span> <span class='ocrx_word' id='word_1_927' title='bbox 2889 5635 3032 5690; x_wconf 90' lang='lat' dir='ltr'><strong>enim</strong></span> <span class='ocrx_word' id='word_1_928' title='bbox 3071 5631 3208 5687; x_wconf 87' lang='lat' dir='ltr'><strong>velle</strong></span> <span class='ocrx_word' id='word_1_929' title='bbox 3229 5671 3244 5697; x_wconf 89' lang='lat'><strong>,</strong></span> <span class='ocrx_word' id='word_1_930' title='bbox 3279 5639 3334 5686; x_wconf 93' lang='lat' dir='ltr'><strong>et</strong></span> <span class='ocrx_word' id='word_1_931' title='bbox 3365 5638 3532 5685; x_wconf 86' lang='lat' dir='ltr'><strong>totum</strong></span> <span class='ocrx_word' id='word_1_932' title='bbox 3575 5624 3867 5698; x_wconf 88' lang='lat' dir='ltr'><strong>perlectum</strong></span> 
     </span>
    </p>
   </div>
   <div class='ocr_carea' id='block_1_118' title="bbox 2350 5811 3279 5881">
    <p class='ocr_par' dir='ltr' id='par_1_118' title="bbox 2350 5811 3279 5881">
     <span class='ocr_line' id='line_1_118' title="bbox 2350 5811 3279 5881; baseline -0.012 -10"><span class='ocrx_word' id='word_1_933' title='bbox 2350 5823 2367 5854; x_wconf 76' lang='grc' dir='ltr'>ί</span> <span class='ocrx_word' id='word_1_934' title='bbox 2403 5819 2515 5871; x_wconf 92' lang='lat' dir='ltr'><strong>Duo</strong></span> <span class='ocrx_word' id='word_1_935' title='bbox 2537 5827 2666 5881; x_wconf 57' lang='grc' dir='ltr'><strong>λιιι,</strong></span> <span class='ocrx_word' id='word_1_936' title='bbox 2689 5818 2776 5868; x_wconf 84' lang='lat' dir='ltr'><strong>sed</strong></span> <span class='ocrx_word' id='word_1_937' title='bbox 2796 5829 2861 5868; x_wconf 75' lang='lat' dir='ltr'><strong>ex</strong></span> <span class='ocrx_word' id='word_1_938' title='bbox 2884 5814 3006 5866; x_wconf 81' lang='lat' dir='ltr'><strong>bona</strong></span> <span class='ocrx_word' id='word_1_939' title='bbox 3028 5811 3279 5864; x_wconf 80' lang='lat' dir='ltr'><strong>uoluntate.</strong></span> 
     </span>
    </p>
   </div>
  </div>
