4102 6430
317 367 418 428 501

315 497 427 541 est.
461 483 751 539 Videamus
776 494 1022 553 quoque.
1054 481 1172 551 quis
1206 480 1324 534 linis
1351 479 1492 534 illius
1517 479 1607 532 sit.
1635 478 1767 545 Quis
1796 485 1917 532 tan-

314 583 445 633 dem
475 576 595 631 linis
624 575 772 631 illius
800 575 919 632 est?
944 573 1181 641 Caelum,
1211 582 1264 628 et
1292 570 1524 626 caelestia
1551 570 1689 625 bona
1715 587 1729 625 :
1751 569 1923 640 gloria

316 669 413 724 illa
438 667 744 731 inell'abilis,
764 665 1068 738 spirituales
1084 664 1322 728 thalami,
1343 661 1605 734 fulgentes
1623 659 1916 732 lampades,

318 759 583 814 habitatio
621 773 745 813 cum
781 772 1014 827 Sponso;
1046 756 1148 811 alia
1179 770 1297 824 qua:
1328 754 1505 808 nullus
1533 766 1733 817 sermo,
1776 750 1919 805 nulla

315 866 480 906 mens
495 850 771 905 declarare
790 858 985 919 potest;
1001 848 1069 903 ita
1092 858 1152 903 ut
1173 847 1342 901 hacin
1361 854 1513 915 parte
1536 845 1693 914 longe
1707 842 1777 899 ab
1802 842 1922 897 aliis

312 943 553 999 diﬂ‘crat.
567 942 697 997 Nam
724 942 915 996 artium
943 940 1211 1011 pleneque
1231 939 1297 993 ad
1325 952 1562 1008 praesens
1585 937 1758 993 solum
1782 944 1919 991 tem-

314 1051 420 1105 pus
434 1035 588 1089 utiles
601 1042 725 1089 sunt
748 1032 920 1095 nobis,
946 1033 1058 1086 hmc
1080 1047 1209 1086 vero
1225 1032 1383 1084 etiam
1400 1029 1465 1084 ad
1484 1028 1713 1083 futuram
1735 1028 1915 1082 vitam.

310 1127 377 1185 Si
407 1139 589 1183 autem
614 1128 684 1181 ita
718 1126 896 1182 dill'ert
922 1125 991 1180 ab
1021 1125 1085 1179 iis
1109 1124 1312 1178 artibus
1352 1139 1470 1193 qua:
1505 1120 1659 1176 nobis
1689 1120 1741 1175 in
1776 1137 1918 1190 pra:-

310 1219 460 1276 senti
490 1219 599 1275 vita
623 1226 750 1274 sunt
774 1216 1114 1282 necessariae,
1140 1224 1199 1270 ut
1223 1229 1255 1268 a
1282 1214 1561 1274 medicina,
1591 1212 1917 1267 architecto-

313 1313 437 1366 nica
466 1321 521 1366 et
554 1311 817 1367 similibus
840 1352 854 1372 ,
880 1309 1049 1364 multo
1089 1308 1258 1378 magis
1284 1307 1352 1363 ab
1377 1307 1496 1361 aliis
1517 1348 1531 1370 ,
1561 1320 1694 1375 quas
1724 1305 1768 1360 si
1796 1305 1917 1375 quis

308 1413 571 1460 accurate
615 1404 895 1474 exploret,
928 1416 1101 1471 neque
1142 1411 1285 1455 artes
1334 1415 1455 1454 esse
1496 1398 1710 1453 dixerit.
1740 1399 1917 1466 Quare

308 1509 418 1566 ego
448 1496 583 1549 alias
612 1493 907 1564 superﬂuas
936 1509 1043 1547 non
1089 1507 1183 1562 pro
1212 1491 1414 1546 artibus
1453 1490 1643 1544 habeo.
1674 1490 1754 1544 Ad
1785 1490 1912 1559 quid

306 1586 461 1640 etiim
504 1585 811 1655 coquinaria
856 1592 911 1637 et
950 1582 1350 1637 salsamentaria
1396 1582 1549 1635 nobis
1595 1581 1793 1634 utiles?
1832 1581 1914 1635 Ad

310 1679 448 1734 nihil
472 1688 618 1734 certe
645 1697 658 1732 :
683 1678 791 1731 imo
820 1677 974 1731 valde
1003 1675 1220 1730 inutiles
1248 1684 1304 1730 et
1329 1676 1503 1729 noxia:
1530 1683 1684 1737 sunt,
1712 1689 1831 1744 quae
1860 1684 1915 1729 et

306 1788 512 1840 corpus
541 1782 594 1826 et
617 1771 849 1825 animam
881 1769 1217 1835 labefactant,
1251 1768 1391 1839 quod
1419 1768 1728 1823 morborum
1759 1769 1913 1838 aegri-

309 1865 664 1934 tudinumque
692 1863 927 1918 omnium
955 1871 1180 1917 matrem
1213 1862 1539 1931 voluptatem
1564 1877 1684 1914 cum
1719 1875 1911 1931 pompa

309 1971 505 2026 magna
534 1955 804 2010 inducant.
821 1952 934 2008 lmo
953 1968 1054 2008 nec
1078 1952 1363 2022 picturam,
1380 1966 1481 2007 nec
1508 1950 1910 2023 phrygionicam

307 2059 457 2104 artes
502 2047 717 2117 preprie
755 2047 1005 2101 dixerim.
1049 2044 1185 2100 Nam
1236 2046 1288 2099 in
1330 2043 1631 2114 superﬂuos
1667 2052 1911 2114 sumptus

312 2157 413 2195 nos
459 2140 767 2210 conjiciunt.
799 2141 957 2195 Artes
995 2153 1125 2194 vero
1170 2138 1500 2193 necessarias
1525 2179 1540 2203 ,
1584 2153 1704 2207 qua:
1744 2136 1907 2191 vitam

308 2242 553 2289 nostram
572 2240 894 2297 sustentant,
916 2230 1070 2287 nobis
1099 2231 1401 2286 necessaria
1430 2230 1704 2301 prmbcant
1731 2240 1785 2287 et
1808 2246 1909 2302 ap-

308 2334 500 2395 parent
523 2332 752 2395 oportet.
786 2323 911 2379 Ideo
935 2338 1165 2393 namque
1190 2322 1502 2393 sapientiam
1536 2322 1725 2377 indidit
1752 2322 1909 2378 nobis

309 2417 471 2481 Deus,
496 2424 553 2470 ut
578 2415 909 2470 inveniamus
939 2413 1244 2479 methodos,
1273 2413 1426 2484 queis
1451 2415 1717 2484 possimus
1744 2415 1906 2470 vitam

304 2525 625 2567 conservare
646 2519 882 2565 nostram
908 2526 923 2565 :
945 2509 1263 2565 animalcula
1285 2525 1414 2564 vero
1434 2519 1525 2564 aut
1544 2509 1596 2564 in
1617 2508 1907 2578 parietibus

304 2615 398 2660 aut
421 2606 475 2660 in
496 2605 735 2659 vestibus
761 2611 1146 2672 repraesentare
1162 2603 1227 2657 ad
1245 2602 1393 2672 quid,
1414 2617 1619 2671 quaeso,
1639 2602 1767 2657 utile
1785 2601 1907 2657 est?

305 2698 432 2753 Ideo
455 2712 519 2752 ex
551 2695 932 2751 calceariorum
976 2703 1031 2749 et
1077 2710 1142 2749 ex
1188 2703 1455 2749 textorum
1497 2694 1701 2749 artibus
1739 2692 1904 2747 multa

304 2790 596 2846 resecanda
628 2799 812 2845 essent
837 2807 850 2842 :
876 2803 997 2843 nam
1026 2787 1093 2843 ad
1134 2789 1317 2843 luxum
1348 2786 1511 2841 multa
1542 2785 1901 2853 deduxerunt,

301 2893 360 2939 et
397 2883 538 2955 quod
570 2883 933 2938 necessarium
960 2890 1075 2937 erat
1114 2879 1507 2935 labefactarnnt
1532 2922 1547 2945 ,
1572 2879 1674 2933 arti
1706 2879 1902 2933 malum

300 2977 585 3031 artiﬁcium
632 2975 1024 3037 admiscentes;
1075 2972 1217 3045 quod
1266 2974 1428 3029 etiam
1475 2972 1903 3028 architectonicas

299 3068 514 3124 accidit.
543 3067 649 3122 Sed
679 3077 737 3120 ut
764 3067 930 3130 hanc,
963 3065 1134 3120 donec
1160 3064 1324 3130 mdes,
1353 3081 1459 3120 non
1491 3073 1667 3119 autem
1695 3064 1902 3117 theatra

300 3166 690 3227 aediliCaverit,
737 3181 799 3221 ac
857 3163 1198 3230 necessaria,
1249 3177 1354 3217 non
1405 3172 1583 3216 autem
1634 3161 1901 3230 superﬂua

297 3261 578 3327 struxerit,
611 3268 779 3315 artem
814 3256 1018 3313 vocabo
1042 3275 1054 3312 :
1077 3257 1156 3313 sic
1184 3265 1237 3313 ct
1265 3256 1547 3312 textoriam
1568 3297 1581 3318 ,
1613 3255 1786 3309 donec
1811 3271 1902 3309 vc-

300 3354 551 3408 sﬁmenta
592 3351 777 3407 lecerit
805 3361 859 3405 et
894 3358 1204 3405 assumenta
1224 3391 1238 3413 ,
1272 3364 1371 3404 nec
1399 3362 1626 3402 araneas
1658 3348 1857 3402 imitata
1881 3388 1897 3412 ,

298 3446 524 3499 multum
554 3444 721 3499 risum
747 3443 1062 3498 excitaverit
1082 3458 1146 3497 ac
1174 3440 1451 3496 mollitie’in
1482 3442 1751 3511 ingentem
1770 3483 1784 3505 ,
1808 3455 1897 3494 ar-

296 3548 407 3592 tem
446 3552 601 3591 voco.
628 3534 845 3591 Necnon
882 3535 1199 3590 calceariam
1239 3541 1407 3588 artem
1430 3573 1445 3596 ,
1475 3532 1648 3589 donec
1691 3532 1901 3586 calceos

298 3630 520 3693 fecerit,
546 3630 676 3685 artis
708 3629 924 3683 nomine
952 3644 1058 3683 non
1106 3627 1356 3697 privabo;
1380 3641 1501 3681 cum
1532 3635 1710 3680 autem
1758 3626 1901 3680 viros

297 3725 351 3778 in
378 3723 659 3778 mulierum
692 3724 917 3778 formam
950 3720 1243 3776 traduxerit
1273 3762 1288 3784 ,
1320 3720 1508 3773 molles
1535 3728 1589 3774 et
1618 3717 1898 3774 effemina-

298 3826 382 3869 tos
404 3830 474 3870 ex
502 3815 807 3870 calceorum
835 3814 1003 3868 forma
1034 3811 1217 3868 fecerit
1235 3853 1249 3876 ,
1277 3826 1399 3866 cum
1430 3810 1604 3865 noxiis
1627 3817 1682 3864 et
1709 3824 1899 3879 super-

299 3907 419 3963 ﬂuis
444 3907 586 3961 illam
616 3906 933 3962 locabimus.
966 3906 1089 3963 Scio
1120 3921 1206 3960 me
1233 3905 1413 3960 multis
1445 3903 1612 3958 videri
1653 3903 1705 3956 in
1737 3902 1898 3956 mini-

300 4002 398 4057 mis
414 4003 635 4057 nimium
654 4002 927 4056 immorari
943 4019 957 4055 :
974 4016 1147 4071 neque
1160 4009 1337 4055 tamen
1353 3998 1627 4054 absistam.
1646 3996 1896 4052 Omnium

296 4095 494 4164 quippe
523 4095 790 4149 malorum
818 4109 977 4149 causa
1025 4092 1141 4147 haec
1168 4100 1293 4157 est,
1321 4107 1388 4147 eo
1428 4090 1570 4161 quod
1616 4088 1763 4159 parvi
1809 4088 1897 4143 illa

302 4195 511 4254 peccata
540 4187 799 4241 momenti
832 4201 953 4241 esse
983 4185 1283 4247 videantur,
1308 4194 1360 4239 et
1387 4182 1509 4238 ideo
1539 4180 1894 4249 negligantur.

303 4278 369 4331 Et
395 4276 521 4348 quid
552 4276 656 4332 hoc
683 4277 889 4341 levius,
923 4276 1162 4347 inquies,
1191 4284 1468 4345 peccatum
1498 4287 1748 4343 umquam
1780 4271 1896 4327 fuc-

299 4372 387 4432 rit.
418 4386 539 4426 cum
569 4371 690 4442 quis
719 4370 931 4426 calceos
956 4370 1119 4425 habet
1146 4379 1366 4423 ornatos
1392 4382 1455 4423 ac
1482 4365 1768 4436 fulgentes,
1799 4379 1895 4433 pe-

298 4463 452 4518 dibus
480 4471 711 4532 aptatos.
742 4464 785 4516 si
809 4473 987 4518 tamen
1018 4461 1119 4517 hoc
1148 4469 1422 4531 peccatmn
1448 4458 1744 4514 vocandum
1773 4456 1897 4512 est?

300 4555 471 4611 Vultis
516 4555 675 4624 igitur
716 4554 861 4609 illum
907 4553 1225 4625 aggrediar,
1275 4553 1363 4623 qui
1409 4553 1487 4607 sic
1541 4550 1771 4620 loquitur
1798 4590 1814 4615 ,
1844 4558 1898 4604 et

298 4656 496 4718 quanta
528 4647 607 4701 rei
642 4647 771 4701 insit
810 4645 1087 4715 turpitudo
1116 4644 1441 4700 ostendam?
1482 4657 1659 4697 annon
1691 4642 1894 4696 irasce-

301 4737 425 4789 tuini
450 4736 607 4792 ?lmo
634 4737 841 4791 etiamsi
885 4736 1188 4790 irascamini
1220 4777 1235 4801 ,
1271 4750 1376 4789 non
1404 4733 1629 4786 multum
1672 4731 1894 4786 curabo.

298 4826 427 4882 Nam
469 4842 564 4882 vos
604 4837 761 4881 tantae
792 4827 1110 4896 insipientia;
1152 4840 1312 4880 causa
1352 4825 1482 4879 estis
1506 4865 1521 4888 ,
1550 4823 1638 4893 qui
1670 4838 1782 4878 rem
1828 4837 1898 4877 ne

297 4928 573 4984 peccatum
608 4916 823 4988 quidem
868 4932 989 4972 esse
1026 4918 1225 4987 putatis
1247 4959 1263 4985 ,
1296 4930 1501 4987 nosque
1544 4915 1666 4971 ideo
1705 4914 1897 4985 cogitis

302 5006 356 5059 in
379 5009 679 5074 huiusmodi
710 5009 893 5063 luxum
926 5010 1126 5065 invehi.

374 5096 429 5151 5.
471 5096 653 5154 Contra
678 5101 855 5155 luxum
881 5102 936 5155 in
964 5094 1168 5156 calceis.
1194 5130 1263 5142 —
1288 5101 1402 5172 Age
1433 5101 1591 5171 igitur
1623 5100 1675 5154 id
1706 5100 1891 5170 explo-

301 5202 482 5243 remus
503 5229 518 5251 ,
548 5188 930 5263 videamusque
958 5203 1214 5263 quantum
1241 5194 1310 5248 sit
1335 5193 1556 5246 malum.
1588 5191 1721 5246 Cum
1752 5191 1895 5244 enim

304 5279 477 5335 serica
523 5276 606 5331 fila
633 5319 648 5344 ,
680 5295 801 5350 quae
837 5300 906 5337 ne
944 5284 998 5337 in
1037 5283 1372 5339 vestimentis
1402 5282 1616 5351 quidem
1658 5282 1896 5336 inserere

306 5371 585 5424 honestum
608 5380 712 5434 est,
739 5374 792 5426 in
817 5374 1013 5429 calceis
1040 5374 1307 5441 inseratis,
1332 5383 1528 5443 quanta
1550 5372 1893 5437 contumelia,

304 5473 500 5533 quanto
523 5464 633 5519 risu
656 5465 770 5520 haec
789 5465 947 5537 digna
967 5472 1130 5523 sunt?
1154 5467 1210 5523 Si
1232 5482 1360 5525 vero
1378 5468 1697 5522 sententiam
1720 5481 1897 5521 meam

303 5554 555 5628 despicis,
582 5558 703 5612 audi
731 5559 953 5616 Paulum
979 5576 1101 5616 cum
1125 5576 1315 5632 magna
1337 5560 1672 5616 vehementia
1694 5559 1745 5614 id
1773 5574 1898 5630 pro-

304 5648 573 5705 hibentem
599 5690 614 5714 ,
656 5660 707 5705 et
755 5659 882 5706 tunc
922 5652 1199 5707 ridiculam
1245 5668 1358 5707 rem
1405 5666 1528 5708 esse
1571 5651 1891 5720 comperies.

300 5741 436 5810 Quid
467 5759 596 5814 ergo
629 5744 703 5798 ait
740 5744 873 5799 ille?
911 5742 1030 5798 Non
1062 5746 1118 5798 in
1147 5746 1291 5800 tortis
1318 5746 1540 5800 crinibus
1560 5787 1574 5809 ,
1606 5754 1697 5798 aut
1726 5760 1852 5798 auro
1872 5786 1887 5808 ,

302 5843 392 5887 aut
413 5835 703 5907 margaritis
727 5877 741 5900 ,
775 5835 853 5888 vel
877 5844 1006 5888 veste
1029 5836 1248 5904 pretiosa
1270 5835 1290 5907 (
1314 5837 1363 5890 I.
1400 5835 1534 5891 Tim.
1562 5836 1615 5890 2.
1651 5835 1746 5908 9).
1781 5834 1895 5902 Qua

663 5948 931 6007 PATROL
966 5948 1085 6007 Gn.
1135 5936 1347 6006 LVIII.

1327 358 1394 420 IN
1433 358 1841 419 MATTHAEIIM
1882 360 2112 419 llOMlL.
2157 361 2340 420 XLIX.
2387 366 2454 426 al.
2501 364 2559 421 L.

3528 370 3633 426 502

2037 478 2195 550 igitur
2224 479 2378 533 venia
2404 478 2594 549 dignus
2634 478 2799 533 fueris
2824 522 2837 543 ,
2880 479 3094 551 quando
3123 480 3317 537 Paulus
3343 482 3494 537 uxori
3527 493 3633 537 tua:

2033 586 2140 627 non
2180 572 2437 642 permittit
2466 581 2616 628 veste
2643 572 2873 642 pretiosa
2905 572 2980 627 uti
3005 613 3020 636 ,
3059 573 3103 628 si
3136 584 3191 628 tu
3229 574 3410 630 luxum
3441 574 3630 643 hujus-

2031 667 2176 723 modi
2225 668 2278 722 in
2325 667 2537 723 calceos
2581 667 2840 734 inducas,
2890 667 3142 738 milleque
3186 667 3360 723 modis
3400 683 3631 738 appares

2029 773 2144 815 rem
2189 758 2261 813 ita
2299 758 2742 814 contumeliosam
2773 768 2829 814 ct
2859 759 3183 815 ridiculam?
3222 760 3355 816 Nam
3388 760 3531 815 illam
3556 762 3630 816 ob

2028 867 2246 909 causam
2275 854 2427 907 navis
2452 853 2800 917 construitur,
2831 853 3059 923 remiges
3084 853 3475 918 conducuntur,
3505 870 3629 923 pro-

2027 961 2102 1000 τω
2122 947 2313 1001 ductor
2337 952 2393 1002 et
2416 946 2741 1016 gubernator
2762 946 3130 1011 instituuntur,
3163 948 3341 1001 velum
3367 946 3629 1017 expandi-

2027 1047 2133 1104 tur,
2159 1039 2373 1109 pelagus
2399 1039 2677 1110 trajicitur,
2703 1039 2904 1094 relictis
2926 1053 3113 1105 uxore,
3140 1039 3321 1094 liberis
3342 1048 3396 1093 et
3417 1040 3587 1109 patria
3603 1080 3620 1102 ,

2026 1141 2295 1186 mercator
2332 1131 2494 1184 vitam
2541 1130 2787 1185 fluctibus
2820 1131 3101 1185 committit
3127 1172 3143 1196 ,
3176 1132 3336 1200 inque
3373 1131 3625 1186 barbaro-

2026 1241 2143 1279 rum
2175 1224 2445 1295 regionem
2478 1224 2829 1293 proliciscitur
2850 1264 2866 1288 ,
2895 1222 3043 1277 mille
3070 1222 3320 1291 periculis
3348 1223 3625 1293 expositus

2023 1318 2091 1372 ad
2138 1317 2253 1371 haec
2299 1317 2382 1370 lila
2421 1315 2779 1385 comparanda
2804 1356 2819 1380 ,
2853 1322 2911 1369 ut
2948 1325 3068 1383 post
3108 1315 3222 1369 lucc
3247 1316 3425 1369 omnia
3473 1325 3527 1369 tu
3570 1316 3622 1370 in

2022 1409 2218 1463 calceis
2245 1408 2333 1463 illa
2361 1422 2544 1461 assuas
2564 1416 2620 1463 et
2640 1406 2846 1461 corium
2868 1421 3050 1463 ornes.
3081 1406 3282 1477 Ecquid
3306 1415 3452 1461 tanta
3479 1407 3624 1461 insa-

2023 1500 2109 1554 nia
2137 1499 2416 1554 deterius?
2442 1500 2508 1553 At
2543 1507 2785 1554 veterum
2813 1499 2979 1554 calcei
3018 1514 3123 1552 non
3162 1498 3295 1552 tales
3323 1506 3494 1562 erant,
3524 1497 3621 1551 sed

2020 1591 2207 1663 quales
2243 1591 2472 1647 decebat
2504 1592 2669 1645 viros.
2699 1590 3060 1659 Quamobrem
3087 1605 3297 1653 vereor,
3331 1604 3398 1644 ne
3428 1603 3619 1659 procc-

2018 1682 2182 1739 dente
2213 1691 2483 1752 tempore,
2510 1682 2878 1737 adolescentes
2906 1680 3047 1750 apud
3076 1695 3171 1735 vos
3200 1680 3484 1735 mulierum
3510 1680 3622 1736 cal—

2018 1777 2129 1831 ceis
2154 1785 2395 1843 utantur,
2419 1776 2580 1847 idque
2599 1776 2715 1830 sine
2742 1774 2963 1845 pudore.
2987 1774 3250 1846 Quodque
3274 1774 3490 1845 gravius
3515 1786 3618 1838 εει,

2019 1868 2135 1924 haec
2162 1868 2406 1925 videntes
2436 1878 2615 1938 patres
2643 1884 2749 1923 non
2780 1868 3146 1939 indignantur.
3180 1867 3275 1924 sed
3305 1884 3418 1923 rem
3444 1877 3502 1922 ut
3533 1868 3618 1923 in-

2015 1961 2351 2018 differentem
2396 1961 2612 2018 habent.
2659 1961 2902 2016 Vultisne
2934 1972 2995 2016 ut
3023 1960 3150 2031 quid
3195 1962 3356 2016 etiam
3400 1960 3619 2032 gravius

2015 2053 2269 2109 all'eram?
2292 2053 2418 2108 Ilaac
2443 2053 2514 2107 ita
2539 2052 2673 2107 ﬁunt
2690 2053 2819 2108 dum
2844 2053 2993 2108 multi
3015 2062 3253 2123 egestate
3276 2064 3612 2123 premuntur.

2015 2145 2188 2202 Vultis
2216 2146 2270 2201 in
2298 2145 2531 2200 medium
2557 2144 2817 2199 adducam
2841 2143 3113 2200 Christum
3142 2147 3488 2210 esurientem,
3517 2162 3617 2199 nu-

2014 2237 2163 2301 dum,
2195 2236 2428 2308 undique
2454 2248 2703 2306 captum.
2739 2236 3018 2291 vinctum?
3048 2235 3117 2291 Et
3145 2246 3273 2306 quot
3303 2236 3616 2291 fulminibus

2013 2328 2159 2399 digni
2184 2342 2291 2383 non
2317 2328 2488 2393 eritis,
2510 2327 2635 2381 dum
2659 2327 2808 2381 illum
2833 2326 3097 2397 negligitis
3124 2328 3431 2382 necessario
3452 2342 3616 2396 egen-

2013 2432 2121 2478 tem
2150 2421 2274 2477 cibo
2297 2462 2313 2488 ,
2341 2431 2398 2476 et
2433 2420 2603 2491 pelles
2631 2436 2750 2475 cum
2785 2427 2932 2474 tanto
2960 2419 3136 2475 studio
3162 2420 3475 2475 exornatis?
3520 2420 3615 2475 Ille

2010 2514 2228 2585 quidem
2257 2529 2380 2569 cum
2409 2512 2683 2583 discipulis
2726 2511 2897 2582 legem
2928 2511 3118 2577 daret,
3151 2526 3218 2565 ne
3250 2511 3611 2567 ealceamenta

2010 2606 2225 2677 quidem
2267 2605 2470 2661 habere
2497 2602 2743 2674 permisit
2784 2621 2797 2658 :
2841 2618 2940 2658 nos
2965 2619 3094 2659 vero
3119 2618 3225 2658 non
3266 2603 3428 2657 modo
3456 2603 3612 2658 nudis

2010 2699 2237 2770 pedibus
2261 2697 2512 2753 incedere
2533 2712 2639 2752 non
2660 2697 3010 2761 sustinemus,
3039 2696 3134 2750 sed
3163 2711 3336 2766 neque
3357 2696 3612 2751 calceatis

2010 2791 2104 2846 illo
2127 2804 2235 2861 quo
2257 2798 2532 2860 Oporteret
2561 2787 2741 2843 modo.
2765 2788 2902 2857 Quid
2932 2787 3032 2843 hac
3054 2787 3386 2842 absurditate
3417 2787 3611 2857 pejus?

2008 2885 2134 2957 quid
2184 2885 2352 2955 magis
2397 2883 2720 2939 ridiculum?
2766 2882 2897 2937 Illud
2937 2891 3087 2937 certe
3124 2881 3288 2937 animi
3315 2880 3609 2937 elfeminati

2008 2987 2110 3055 est,
2145 2976 2443 3042 inhumani,
2476 2975 2636 3031 nimis
2662 2973 2861 3030 curiosi
2881 3015 2897 3038 .
2926 2974 3226 3030 vanissimi.
3255 2973 3612 3041 Quandonam

2008 3069 2203 3140 poterit
2235 3070 2550 3124 necessariae
2578 3068 2654 3123 rei
2679 3067 2989 3123 incumbere
3009 3108 3024 3133 ,
3057 3067 3145 3135 qui
3176 3066 3256 3120 his
3283 3080 3608 3135 supervaca-

2007 3162 2127 3218 neis
2164 3161 2374 3216 deditus
2411 3161 2537 3216 est?
2584 3160 2798 3230 quando
2835 3159 3051 3227 juvenis
3079 3159 3385 3229 hujusmodi
3416 3160 3609 3215 animae

2006 3267 2191 3308 curam
2214 3251 2452 3317 habebit,
2473 3251 2554 3307 vel
2576 3251 2830 3321 cogitabit
2851 3252 3011 3306 etiam
3032 3266 3095 3307 se
3116 3251 3347 3305 animam
3374 3250 3608 3307 habere?

2006 3347 2138 3401 Nam
2167 3348 2487 3401 vanissimus
2510 3349 2733 3401 omnino
2761 3346 2866 3401 erit
2890 3346 2979 3415 qtti
3008 3346 3123 3400 hac
3151 3344 3332 3398 mirari
3364 3345 3603 3413 compel-

2008 3442 2183 3504 lctur,
2216 3451 2273 3496 et
2317 3439 2734 3495 immanissimus
2758 3482 2773 3507 ,
2806 3439 2895 3510 qui
2944 3440 3027 3494 his
3070 3438 3305 3494 intentus
3347 3452 3609 3508 pauperes

2008 3533 2274 3605 negligat;
2304 3534 2498 3588 virtute
2523 3546 2741 3592 vacuus,
2775 3532 2866 3603 qui
2894 3540 3061 3587 totam
3088 3531 3249 3585 vitam
3278 3531 3330 3585 in
3364 3530 3465 3585 hoc
3489 3539 3609 3584 stu-

2005 3628 2096 3681 dio
2123 3627 2403 3697 impendit.
2434 3625 2565 3680 Nam
2592 3625 2682 3696 qui
2712 3626 2923 3680 lilorum
2953 3625 3338 3695 praestantiam,
3364 3624 3606 3678 colorum

2006 3719 2192 3774 liorem
2219 3760 2234 3785 ,
2282 3717 2601 3788 hederazque
2641 3717 2875 3786 speciem
2918 3732 2950 3771 a
2991 3717 3081 3772 tali
3112 3726 3325 3773 textura
3354 3716 3607 3773 emissam

2004 3813 2218 3866 curiose
2245 3810 2525 3880 perquirit,
2555 3808 2894 3880 quandonam
2927 3809 3127 3877 poterit
3155 3810 3343 3862 ctelum
3372 3807 3607 3876 respice-

2005 3905 2101 3960 re?
2130 3904 2343 3973 quando
2367 3916 2657 3974 supernam
2686 3900 2828 3955 illam
2852 3899 3307 3972 pulchritudinem
3328 3898 3609 3953 mirabitur

2005 3999 2083 4063 is,
2135 3998 2224 4068 qui
2281 4011 2481 4066 pronus
2535 3995 2587 4049 in
2641 4002 2835 4049 terram
2886 3991 3103 4062 pellium
3158 3989 3605 4061 pulchritudinem

2004 4089 2269 4145 miratur?
2298 4089 2437 4143 Deus
2463 4086 2679 4159 quidem
2710 4084 2953 4142 extendit
2980 4084 3194 4149 caelum,
3220 4084 3389 4138 solem
3415 4098 3607 4137 acceu-
3664 4070 3667 4075 λ

2002 4183 2114 4248 dit,
2148 4182 2437 4250 oculosque
2466 4191 2585 4236 tuos
2614 4195 2826 4234 sursum
2860 4177 3056 4243 trahit,
3100 4186 3156 4232 tu
3191 4190 3317 4231 vero
3348 4184 3399 4235 te
3432 4176 3605 4246 ipsum

2002 4275 2150 4346 cogis
2191 4288 2380 4329 versus
2423 4282 2619 4328 terram
2655 4286 2941 4343 porcorum
2980 4270 3150 4324 instar
3174 4268 3461 4338 respicere,
3493 4266 3608 4320 dia-

2003 4366 2234 4437 holoque
2284 4382 2487 4420 morem
2532 4364 2697 4434 geris.
2748 4362 2877 4417 Nam
2926 4362 3041 4431 ipse
3082 4359 3348 4430 malignus
3394 4358 3604 4413 dmmon

2003 4457 2141 4512 hanc
2167 4456 2548 4526 turpitudinem
2575 4455 2927 4524 excogitavit,
2952 4462 3010 4507 ut
3049 4460 3101 4506 te
3138 4451 3206 4506 ab
3246 4450 3332 4505 illa
3370 4448 3609 4519 pulchri-

2004 4549 2186 4605 tudine
2211 4556 2511 4615 averteret;
2555 4548 2675 4602 itleo
2706 4556 2758 4601 te
2795 4548 2930 4601 istuc
2958 4545 3177 4599 attraxit
3198 4586 3210 4607 ,
3241 4543 3608 4614 postponitur-

2002 4657 2106 4712 que
2126 4642 2287 4707 Deus,
2304 4642 2493 4695 czelum
2512 4640 2822 4705 ostendens,
2839 4637 3053 4693 diabolo
3071 4637 3236 4707 pelles
3253 4634 3603 4699 monstranti;

2003 4732 2115 4787 imo
2140 4747 2246 4786 non
2276 4732 2466 4801 pelles,
2501 4730 2583 4784 ha:
2606 4731 2803 4800 quippe
2831 4737 2957 4784 sunt
2985 4727 3079 4782 Dei
3106 4742 3275 4798 opus;
3308 4725 3403 4781 sed
3432 4726 3610 4780 molli-

2003 4826 2131 4880 tiem
2151 4824 2436 4896 quamdam
2459 4832 2513 4878 et
2535 4823 2824 4892 pessimum
2848 4820 3155 4875 artificium.
3180 4819 3271 4874 Sic
3291 4818 3607 4873 adolescens

2003 4930 2204 4987 pronus
2228 4931 2415 4970 versus
2445 4925 2642 4970 terram
2670 4912 2953 4977 circumit,
2980 4912 3069 4980 qui
3096 4910 3329 4965 ctelestia
3362 4909 3604 4980 philoso-

2007 5008 2155 5080 phari
2183 5006 2365 5078 jussus
2394 5016 2477 5062 est
2497 5047 2511 5071 ,
2547 5006 2822 5075 magisque
2848 5003 2916 5058 de
2948 5002 3031 5057 his
3055 5004 3311 5073 gloriatur
3329 5043 3344 5067 ,
3373 5016 3531 5071 quam
3559 5002 3605 5054 si

2003 5098 2130 5167 quid
2168 5113 2419 5168 magnum
2450 5107 2703 5167 operatus
2738 5104 2919 5161 esset,
2950 5096 3134 5164 sicque
3165 5095 3397 5147 molliter
3424 5104 3480 5145 et
3508 5092 3605 5147 dc-

2006 5193 2161 5247 Iicate
2188 5207 2284 5261 per
2310 5189 2479 5245 forum
2518 5188 2755 5252 incedit,
2784 5203 3075 5243 maerorem
3117 5188 3215 5242 sibi
3250 5187 3605 5255 doloremque

2003 5285 2330 5348 concilians,
2373 5299 2441 5340 ne
2483 5283 2661 5337 hieme
2700 5284 2912 5337 calceos
2959 5281 3072 5336 luto
3111 5280 3502 5342 commaculet,
3535 5293 3604 5331 ne

2003 5388 2188 5434 aestate
2209 5379 2429 5449 pulvere
2452 5376 2681 5446 aperiat.
2708 5375 2844 5442 Quid
2871 5374 3027 5440 dicis,
3053 5391 3087 5428 υ
3114 5374 3315 5429 homo?
3341 5371 3604 5427 animam—

2003 5489 2073 5529 nc
2104 5482 2268 5529 totam
2311 5473 2362 5527 in
2402 5471 2572 5526 lutum
2603 5469 2882 5537 conjecisti
2915 5484 3010 5539 per
3040 5466 3345 5537 hujusmodi
3377 5465 3557 5518 luxum
3584 5506 3600 5529 ,

2004 5581 2130 5620 num
2174 5565 2319 5620 illaut
2364 5562 2509 5619 humi
2552 5564 2855 5619 devolutam
2899 5561 3164 5633 negligis,
3207 5568 3263 5614 et
3301 5558 3368 5613 de
3407 5558 3605 5612 calceis

2004 5667 2112 5713 tam
2142 5657 2300 5713 anxie
2328 5657 2574 5729 cogitas?
2618 5655 2775 5711 Disce
2813 5670 2970 5710 usum
3004 5670 3190 5711 eorum
3215 5694 3230 5717 ,
3259 5660 3315 5707 ct
3342 5651 3606 5707 erubesco.

2004 5749 2147 5821 quod
2180 5749 2309 5805 tanti
2336 5749 2422 5805 illa
2454 5746 2637 5803 facias.
2681 5744 2813 5802 Nam
2841 5746 3006 5801 calcei
3050 5744 3171 5800 ideo
3208 5743 3409 5799 inventi
3437 5753 3602 5799 sunt.

2009 5843 2066 5888 ut
2096 5833 2264 5889 lutum
2293 5842 2346 5890 et
2375 5847 2585 5890 ccenum
2613 5832 2815 5887 calcent
2845 5874 2859 5897 ,
2892 5845 2987 5885 nec
3023 5846 3128 5886 non
3155 5828 3388 5884 maculas
3413 5838 3602 5880 omnes

3271 5935 3310 5997 3
