4102 6420
521 344 629 401 503

518 473 638 529 qua:
678 457 739 512 in
787 454 1092 527 pavimento
1132 450 1392 503 visuntur.
1438 445 1498 501 Si
1536 455 1717 499 aulam
1753 441 1807 496 id
1837 441 1979 497 ferre
2008 454 2116 493 non

524 560 677 620 potes
699 589 716 613 ,
746 548 898 603 solve
924 545 1047 600 illos
1075 553 1127 598 et
1155 559 1185 596 a
1212 542 1350 596 collo
1377 537 1646 609 suspende
1668 571 1687 604 ί
1712 535 1797 590 vel
1820 533 1980 604 capiti
2009 532 2119 591 cir-

521 655 808 710 compone.

590 732 646 789 6.
691 732 798 787 Vos
822 731 1036 802 quidem
1061 727 1250 783 ridetis
1283 725 1399 780 hinc
1425 723 1740 788 audientes;
1785 734 1886 791 ego
1908 734 2038 774 vero
2063 733 2119 772 in

520 825 785 896 lacrymas
807 837 1034 894 erumpo
1062 821 1247 876 videns
1283 820 1498 874 illorum
1527 816 1789 873 insaniam
1810 855 1827 880 ,
1854 822 1912 868 et
1936 810 2117 881 hujus-

522 916 669 972 modi
694 931 900 973 curam.
927 915 1061 971 Nam
1086 913 1339 969 libentius
1364 912 1441 966 illi
1464 923 1665 980 contus
1683 908 1798 963 luto
1816 920 2121 962 commacu-

522 1014 692 1068 larent
717 1053 732 1075 ,
761 1025 920 1082 quam
949 1008 1253 1080 hujnsmodi
1283 1008 1515 1062 calceos.
1565 1003 1700 1059 iline
1729 1003 1807 1057 illi
1838 1000 2123 1056 levissimis

520 1105 684 1159 dediti
729 1104 863 1158 ﬁunt
884 1145 901 1170 ,
932 1112 1095 1174 atque
1131 1103 1231 1155 alia
1264 1100 1472 1156 ratione
1504 1097 1744 1168 pecuniae
1781 1094 1945 1150 avidi.
1991 1092 2122 1147 Nam

519 1198 613 1268 qui
643 1198 697 1252 in
727 1197 844 1253 haec
878 1198 1068 1251 insano
1093 1195 1271 1250 studio
1296 1193 1426 1249 ferri
1454 1192 1651 1247 assueti
1676 1199 1842 1251 sunt,
1874 1188 1928 1242 in
1957 1186 2123 1242 vesti-

522 1290 626 1344 bus
650 1289 703 1343 in
728 1289 957 1359 aliisque
976 1287 1225 1342 omnibus
1246 1286 1411 1340 multa
1437 1284 1711 1339 insnmant
1735 1291 1790 1337 et
1815 1277 2126 1350 impendant

524 1390 759 1452 oportet.
803 1380 906 1449 Qui
950 1380 995 1436 si
1037 1379 1380 1435 ambitiosum
1408 1384 1615 1447 patrem
1642 1372 1875 1436 haheat,
1901 1378 2126 1441 augetur

523 1474 641 1545 ejus
668 1475 899 1530 absurda
926 1473 1223 1545 cupiditas;
1257 1473 1303 1527 si
1328 1485 1571 1537 avarum,
1598 1469 1809 1540 cogitur
1831 1467 1937 1523 alia
1961 1465 2127 1535 turpi-

528 1576 612 1621 ter
657 1566 908 1638 aggredi,
943 1575 999 1621 ut
1040 1582 1229 1621 aurum
1268 1565 1335 1620 ad
1384 1564 1525 1619 hunc
1560 1572 1830 1632 sumptum
1858 1560 2125 1617 corradat.

524 1659 662 1715 Hinc
691 1660 843 1714 multi
869 1660 1115 1730 juvenes,
1147 1668 1202 1714 et
1228 1658 1454 1713 formam
1482 1672 1634 1711 suam
1662 1655 2047 1717 vendiderunt.
2074 1664 2128 1709 et

528 1753 746 1821 parasiti
773 1752 996 1807 divitum
1038 1750 1213 1806 eﬂ‘ecti
1246 1760 1407 1815 sunt,
1436 1751 1647 1819 aliaque
1676 1747 1894 1811 servilia
1915 1746 2130 1803 subiere

527 1846 826 1900 ministeria
851 1888 866 1912 ,
914 1855 971 1899 ut
1014 1845 1100 1901 his
1147 1845 1452 1900 facultatem
1502 1842 1780 1913 explendae
1824 1839 2129 1910 cupiditatis

528 1947 794 1994 emerent.
833 1938 984 2005 Quod
1018 1939 1180 2009 igitur
1208 1937 1301 1992 hic
1337 1936 1577 2007 pecunia:
1603 1951 1788 1991 amans
1827 1935 2035 1991 futurus
2060 1937 2131 1989 sit

529 2041 586 2085 et
630 2030 933 2087 levissimus
973 2042 1134 2102 atque
1175 2031 1242 2085 ad
1293 2029 1593 2086 necessaria
1640 2029 1863 2084 omnino
1905 2043 2128 2092 socors;

532 2124 765 2196 hincque
797 2125 1029 2180 futurum
1066 2126 1138 2179 sit
1175 2133 1234 2178 ut
1268 2124 1373 2178 alia
1412 2123 1696 2180 admittere
1725 2131 1940 2194 peccata
1974 2132 2133 2194 coga-

531 2224 639 2280 tur,
669 2231 736 2272 ex
766 2215 926 2272 dictis
955 2215 1294 2272 manifestum
1321 2226 1406 2272 est
1436 2234 1451 2271 :
1479 2216 1622 2287 quod
1651 2216 1780 2272 item
1810 2216 2134 2272 inhumanus

530 2309 604 2363 sit
628 2310 837 2365 futurus
860 2319 916 2365 et
939 2325 1090 2365 vana:
1111 2311 1297 2381 εισι-ξω
1321 2309 1545 2380 cupidus
1560 2351 1576 2376 ,
1604 2324 1765 2366 nemo
1791 2309 2000 2365 inficias
2023 2318 2131 2366 eat.

532 2402 861 2458 lnhnmanus
903 2418 1063 2468 cum,
1104 2404 1221 2459 viso
1261 2416 1531 2473 paupere,
1570 2417 1757 2459 amore
1788 2410 2013 2458 ornatus
2047 2404 2132 2459 sui

531 2496 741 2560 ductus,
768 2511 839 2550 ne
860 2495 1133 2565 respicere
1155 2495 1373 2565 quidem
1398 2494 1726 2566 dignabitur,
1756 2494 1853 2551 sed
1874 2494 2002 2549 dum
2027 2494 2137 2549 cal-

535 2601 666 2644 ceos
692 2603 827 2645 auro
851 2594 1078 2643 exernat
1103 2630 1118 2653 ,
1160 2588 1309 2643 illam
1339 2587 1482 2644 fame
1510 2598 1827 2659 pereuntem
1854 2588 2135 2660 despiciet.

537 2677 705 2734 Vana:
751 2680 938 2751 gloriie
980 2679 1244 2751 cupidus,
1294 2680 1422 2735 dum
1462 2680 1520 2735 in
1562 2680 1800 2735 minimis
1843 2679 2139 2735 videntium

537 2773 988 2829 existimationem
1018 2774 1201 2830 venari
1240 2774 1431 2830 doctus
1463 2774 1915 2846 deprehendetur.
1957 2775 2140 2846 Neque

538 2866 682 2920 enim
713 2876 843 2936 puto
869 2866 1063 2923 ducem
1092 2866 1165 2923 de
1200 2866 1525 2924 exercitibus
1560 2875 1620 2923 et
1664 2868 1881 2938 tropaeis
1917 2870 2031 2923 suis
2062 2868 2139 2923 ita

538 2957 756 3027 gloriari
781 3000 796 3025 ,
836 2967 893 3014 ut
927 2958 1180 3029 juvenem
1223 2959 1373 3016 illum
1421 2958 1689 3030 perditum
1724 2959 1799 3015 de
1834 2961 2139 3017 calceorum

538 3058 758 3116 ornatu,
789 3051 857 3106 de
884 3051 1217 3108 vestimentis
1241 3051 1620 3121 deﬂuentibus,
1642 3053 1712 3108 de
1737 3066 1890 3108 coma
1914 3053 2140 3124 capitis:

540 3148 864 3215 quamquam
902 3144 1017 3199 haec
1042 3145 1221 3200 omnia
1259 3144 1523 3202 artiﬁcum
1549 3147 1776 3204 aliorum
1802 3161 1969 3220 opera
1994 3160 2138 3205 sunt.

540 3233 693 3301 Quod
719 3237 764 3289 si
787 3234 854 3291 de
879 3236 1068 3292 alienis
1089 3252 1196 3292 non
1224 3237 1477 3294 desinunt
1500 3252 1638 3296 vane
1660 3240 1901 3313 gloriari,
1926 3243 2142 3313 quando

541 3324 610 3382 de
637 3330 751 3383 suis
775 3328 1022 3385 desinent
1044 3327 1069 3384 τ
1095 3326 1212 3384 Alia
1241 3346 1456 3403 quoque
1481 3330 1718 3389 dicerem
1748 3331 1829 3388 his
1852 3334 2099 3404 graviora
2127 3353 2141 3389 :

541 3429 598 3475 at
622 3419 739 3474 haec
767 3421 918 3475 vobis
945 3421 1076 3476 satis
1109 3431 1252 3476 sunt.
1286 3421 1383 3478 llic
1408 3437 1541 3492 ergo
1564 3423 1725 3479 tinem
1749 3423 1936 3479 orandi
1964 3423 2145 3481 facere

542 3519 801 3580 oportet:
832 3510 947 3566 b:ec
984 3511 1184 3582 quippe
1223 3512 1337 3568 disi
1376 3524 1561 3569 contra
1607 3516 2011 3584 eontentiosos,
2051 3522 2143 3588 qui

546 3617 660 3656 rem
700 3600 831 3658 nihil
875 3602 1095 3659 absurdi
1140 3605 1338 3660 habere
1373 3605 1644 3662 dicebant.
1684 3608 1751 3663 Et
1786 3609 1901 3664 scio
1927 3608 2142 3679 quidem

548 3697 744 3753 multos
773 3712 841 3752 ex
878 3692 1170 3768 juvenibus
1194 3712 1265 3754 ne
1290 3698 1449 3754 dictis
1475 3700 1692 3769 quidem
1719 3701 2001 3758 attendere
2023 3743 2038 3768 ,
2073 3704 2143 3757 ita

546 3796 671 3845 sunt
707 3790 842 3846 ebrii
867 3833 883 3857 ,
914 3799 970 3847 et
1010 3789 1135 3846 huic
1172 3791 1363 3847 morbo
1391 3791 1628 3858 addicti;
1657 3807 1832 3865 neque
1859 3803 2036 3849 tamen
2065 3796 2137 3849 si-

546 3882 762 3938 lendum
797 3891 933 3938 erat.
970 3880 1103 3939 Nam
1139 3894 1317 3955 patres
1344 3895 1524 3941 mente
1549 3886 1666 3942 sani
1692 3927 1707 3952 ,
1756 3886 1903 3956 ipsos
1930 3887 1997 3942 ad
2025 3902 2143 3943 mo-

453 4031 477 4050 .
545 3976 773 4032 destiam
820 3976 1076 4034 inducere
1119 3986 1393 4046 poterunt.
1454 3979 1533 4035 Ne
1576 3980 1723 4036 dicas
1765 3980 1960 4051 igitur,
2002 3979 2145 4035 Nihil

549 4068 691 4133 hinc,
726 4067 856 4122 nihil
883 4068 1008 4124 inde
1032 4068 1111 4141 (α)
1136 4087 1149 4124 :
1175 4070 1279 4125 hoc
1301 4072 1497 4141 quippe
1515 4111 1531 4138 ,
1562 4071 1664 4129 hoc
1689 4073 1867 4127 omnia
1895 4086 2141 4143 pessum-

594 4178 1417 4280 Καὶ,Ρίιξξξξιξῑεξιξξάριβεοεωῖιηιε
1453 4202 1576 4280 illis:
1598 4218 1725 4280 ειιιρε
1763 4205 2146 4280 εξτρίιβιιιῖςεο-

546 4262 749 4323 atomus,
778 4265 861 4326 qui
878 4262 1049 4313 luxum
1072 4277 1304 4328 magnum
1328 4268 1378 4315 in
1395 4262 1577 4316 calceis
1598 4262 1716 4330 ipsis
1738 4262 2060 4319 exhibebant:

1242 339 1296 389 S.
1328 332 1607 392 JOANNIS
1644 325 2119 387 CllllYSOSTOMl
2162 325 2485 382 ARCIIIEP.
2526 324 3061 382 CONSTANTINOP.

3711 326 3818 382 5M

2223 437 2390 493 dedit.
2422 439 2713 510 Oportebat
2741 441 2885 496 enim
2916 440 3036 494 illos
3066 438 3378 499 instituere.
3405 449 3457 495 ct
3484 438 3536 494 in
3558 440 3630 495 iis
3650 479 3668 505 ,
3697 456 3823 510 quur.

2225 529 2445 584 minima
2471 530 2788 584 videbantur
2812 545 2936 585 esse
2957 571 2974 596 ,
3010 529 3264 584 honestos
3301 529 3531 585 reddere
3551 571 3569 597 ,
3602 545 3823 599 magna-

2225 620 2402 676 nimos
2425 663 2441 688 ,
2472 631 2909 676 ornamentorum
2938 629 3374 692 contemptores;
3419 623 3497 676 sic
3518 622 3667 676 enim
3699 621 3824 675 illus

2225 715 2280 769 in
2321 714 2527 784 magnis
2564 718 2725 769 etiam
2756 715 3047 785 praeclaros
3088 724 3475 769 inveniremus.
3505 710 3643 781 Quid
3673 712 3823 768 enim

2224 806 2616 862 elementorum
2642 805 2919 875 disciplina
2942 805 3146 861 vilius?
3174 805 3422 860 Attamen
3454 820 3519 858 ex
3550 819 3611 859 ea
3640 802 3829 858 rheto-

2224 913 2334 965 res,
2356 897 2632 968 sophistie,
2655 908 2710 953 et
2733 897 3035 969 philosophi
3055 896 3306 953 evadunt.
3331 895 3387 954 Si
3414 896 3530 952 haec
3550 896 3825 966 ignorent,
3858 916 3873 921 -

2226 987 2313 1042 illa
2341 1003 2630 1059 mimquam
2661 989 2851 1043 scient.
2886 988 3012 1043 Ηευο
3035 997 3213 1043 autem
3244 988 3477 1041 diximus
3508 1002 3611 1041 non
3643 985 3828 1055 pueris

2229 1089 2433 1134 tantum
2453 1121 2469 1145 ,
2500 1081 2596 1135 sed
2622 1081 2786 1135 etiam
2811 1080 3122 1137 mulieribus
3146 1088 3200 1139 et
3230 1079 3445 1150 puellis.
3492 1077 3598 1132 lll.e
3624 1079 3828 1148 quippe

2227 1183 2352 1228 sunt
2398 1173 2586 1229 iisdem
2635 1174 2882 1228 obnoxia:
2924 1175 3196 1244 peccatis;
3260 1175 3368 1227 imo
3415 1181 3562 1227 tanto
3612 1171 3825 1241 magis,

2228 1276 2429 1337 quanto
2457 1266 2837 1321 modestiorem
2866 1266 3021 1321 decet
3048 1280 3169 1320 esse
3195 1266 3475 1335 virginem.
3508 1265 3637 1331 Qua:
3665 1260 3832 1333 igitur

2228 1360 2336 1418 illis
2369 1362 2508 1417 dicta
2543 1373 2697 1429 sunt,
2728 1364 2878 1419 vobis
2907 1364 3067 1417 etiam
3104 1361 3243 1417 dicta
3281 1373 3495 1432 putate,
3531 1374 3599 1415 nc
3631 1358 3826 1414 eadem

2229 1464 2555 1525 repetamus.
2598 1456 2734 1511 Nam
2776 1467 2987 1525 tempus
3021 1466 3106 1510 est
3144 1466 3203 1511 ut
3235 1470 3540 1512 sermonem
3577 1451 3831 1525 precibus

2233 1542 2692 1600 claudamus.Vos
2704 1558 2835 1610 ergo
2850 1543 3135 1597 nobiscum
3156 1543 3316 1594 simul
3333 1551 3503 1603 orate,
3522 1550 3575 1590 ut
3593 1541 3650 1605 ju
3662 1550 3829 1591 renes

2236 1638 2330 1708 qui
2354 1638 2420 1692 ad
2449 1636 2754 1692 Ecclesiam
2779 1636 3076 1706 pertinent,
3114 1633 3362 1686 modeste
3384 1631 3564 1685 vivere
3584 1628 3831 1682 maxime

2240 1730 2475 1800 possint,
2513 1737 2569 1783 et
2597 1728 2665 1784 ad
2711 1736 3051 1784 senectutem
3092 1722 3485 1781 eondecentem
3520 1720 3829 1793 pervenire.

2233 1821 2364 1877 Nam
2391 1822 2470 1876 eis
2494 1823 2583 1892 qui
2625 1838 2734 1878 non
2767 1830 3125 1891 temperanter
3149 1822 3334 1875 vivunt
3358 1863 3372 1886 ,
3402 1836 3506 1873 non
3534 1817 3831 1888 optandum

2234 1924 2289 1970 ut
2329 1923 2661 1970 senectutem
2692 1924 3081 1985 assequuntur,
3122 1915 3243 1969 illos
3276 1927 3406 1968 vero
3434 1910 3524 1983 qui
3557 1911 3609 1964 in
3635 1909 3834 1980 juven-

2236 2013 2350 2062 tute
2374 2019 2532 2061 senes
2557 2007 2832 2061 imitantur
2854 2051 2870 2071 ,
2902 2021 3095 2077 precor
3118 2016 3413 2062 extremam
3443 2004 3708 2072 attingere
3737 2015 3833 2055 ca-

2236 2099 2445 2165 nitiem,
2463 2109 2519 2155 et
2537 2099 2827 2169 praeclaros
2848 2099 2985 2153 filios
3004 2099 3243 2170 gignere,
3265 2098 3356 2169 qui
3379 2094 3615 2167 patribus
3635 2091 3837 2165 gaudio

2236 2197 2387 2262 sint,
2433 2196 2488 2250 in
2525 2194 2820 2266 primisque
2861 2194 2974 2249 Deo
3011 2192 3250 2248 omnium
3292 2191 3597 2256 conditori,
3641 2202 3839 2259 precor

2238 2288 2368 2344 item
2406 2297 2468 2345 ut
2506 2286 2754 2343 morbum
2795 2286 2958 2341 animi
3003 2300 3223 2341 omnem
3263 2283 3480 2354 abigat,
3523 2297 3630 2336 non
3670 2279 3839 2336 modo

2238 2396 2363 2437 eum
2392 2379 2485 2450 qui
2512 2380 2566 2435 in
2592 2378 2787 2435 calceis
2812 2387 2868 2434 et
2895 2378 3226 2434 vesdmentis
3253 2374 3673 2445 deprehenditur
3693 2416 3710 2437 .
3739 2370 3838 2431 sed

2238 2483 2298 2528 et
2336 2473 2499 2528 alium
2545 2486 2956 2544 quemcumque.
3006 2468 3142 2526 Nam
3183 2469 3545 2525 adolescentia
3593 2466 3839 2538 neglecta

2239 2565 2432 2621 similis
2456 2572 2541 2620 est
2566 2563 2781 2619 incultae
2808 2572 2989 2629 terrae,
3017 2576 3138 2634 quae
3167 2561 3364 2616 multas
3394 2560 3628 2630 undique
3651 2558 3840 2630 spinas

2235 2661 2427 2730 gignit.
2477 2657 2834 2715 lmmittamus
2869 2672 2996 2729 ergo
3035 2656 3205 2714 sancti
3246 2656 3478 2726 Spiritus
3520 2655 3698 2726 ignem
3726 2696 3745 2722 ,
3787 2663 3841 2712 et

2244 2753 2413 2808 malas
2455 2751 2619 2808 hasce
2652 2751 2974 2821 cupiditates
3003 2763 3253 2814 aramus;
3293 2749 3489 2803 inculta
3518 2763 3642 2804 arva
3671 2762 3845 2803 exco-

2244 2847 2437 2914 lamus,
2456 2856 2516 2902 ut
2533 2860 2719 2902 semen
2741 2846 2949 2918 possint
2965 2843 3271 2912 suscipere;
3290 2854 3348 2899 et
3360 2843 3605 2913 juniores
3626 2850 3845 2896 nostros

2243 2939 2435 2995 alienis
2459 2938 2679 2995 senibus
2717 2936 3070 3008 sapientiores
3097 2934 3468 2991 exbibeamus.
3513 2932 3645 2987 Nam
3675 2933 3846 2986 mira-

2244 3032 2355 3088 bile
2386 3030 2544 3102 plane
2572 3029 2700 3085 illud
2728 3038 2847 3097 est,
2879 3043 3000 3084 cum
3028 3027 3082 3083 in
3112 3026 3395 3097 juventnte
3422 3023 3672 3095 splendet
3703 3031 3844 3079 tem-

2247 3126 2490 3199 perantia
2508 3167 2525 3193 ,
2551 3140 2673 3180 cum
2702 3134 2890 3180 contra
2922 3123 2967 3177 is
2985 3164 3004 3189 ,
3031 3121 3118 3191 qui
3150 3122 3205 3177 in
3235 3128 3512 3176 senectute
3537 3127 3846 3188 temperans

2246 3229 2330 3276 est
2352 3260 2370 3287 ,
2409 3235 2517 3275 non
2557 3219 2632 3275 ita
2670 3233 2919 3289 magnam
2948 3215 3146 3272 referat
3174 3212 3480 3270 mercedem
3500 3253 3517 3279 ,
3551 3209 3640 3281 qui
3670 3208 3848 3264 aetatis

2247 3310 2542 3367 subsidium
2564 3307 2778 3365 habeat.
2809 3306 2940 3363 illud
2968 3316 3145 3362 autem
3171 3304 3365 3360 mirum
3386 3312 3489 3369 est,
3520 3302 3573 3356 in
3594 3299 3848 3356 ﬂuctibus

2249 3405 2630 3477 tranquillitate
2655 3400 2756 3477 frui
2784 3443 2798 3465 ,
2835 3410 2890 3454 et
2919 3401 2974 3456 in
3000 3398 3219 3455 fornace
3244 3412 3350 3452 non
3377 3394 3656 3458 comburi,
3684 3403 3848 3463 atque

2249 3499 2303 3554 in
2323 3498 2604 3567 juventute
2625 3509 2735 3550 non
2764 3493 3028 3549 lascivire.
3052 3490 3180 3547 Haec
3203 3490 3381 3561 itaque
3405 3489 3584 3544 animo
3605 3485 3850 3541 recolen-

2252 3600 2371 3655 tes,
2411 3590 2683 3644 imitemur
2721 3588 2933 3643 beatum
2981 3586 3129 3641 illum
3168 3581 3458 3653 Joseplmm
3485 3621 3502 3648 ,
3540 3578 3629 3650 qui
3670 3577 3724 3633 in
3766 3575 3850 3630 his

2250 3683 2499 3740 omnibus
2527 3682 2846 3753 conSpicuus
2870 3679 2991 3746 fuit,
3021 3689 3080 3734 ut
3106 3676 3322 3734 easdem
3350 3688 3483 3746 quas
3507 3672 3595 3726 ille
3620 3682 3847 3726 coronas

2250 3791 2600 3848 assequamur
2627 3793 2642 3831 :
2673 3775 2865 3846 quibus
2894 3775 3094 3829 utinam
3124 3784 3313 3827 omnes
3347 3768 3647 3838 potiamur,
3676 3761 3851 3832 gratia

2251 3879 2307 3928 et
2349 3869 2677 3940 benignitate
2722 3867 2931 3923 Domini
2975 3864 3144 3922 nostri
3180 3863 3308 3919 Jesu
3348 3858 3587 3922 Christi,
3630 3854 3850 3927 quicum

2252 3964 2398 4020 Patri
2421 3962 2590 4035 gloria
2616 3970 2675 4020 et
2697 3961 2856 4017 simul
2883 3959 3103 4030 Spiritui
3129 3965 3336 4023 sancto,
3365 3969 3506 4010 nunc
3532 3961 3588 4009 et
3611 3964 3849 4021 semper,

2251 4068 2311 4115 et
2340 4058 2394 4114 in
2422 4055 2619 4113 secula
2647 4054 2985 4112 saeculorum.
3013 4053 3202 4107 Amen.

547 4386 3841 4428 _______________________________________.t_____.......__._.._.

1785 4542 2134 4606 HOMILIA
2182 4542 2254 4604 L.
2287 4540 2374 4604 al.
2407 4539 2510 4600 LI.

548 4707 677 4764 ΕΑΡ.
718 4709 807 4764 Η.
856 4725 910 4763 v.
950 4709 1043 4766 23.
1078 4707 1151 4764 Et
1186 4710 1399 4766 dimissa
1438 4710 1605 4777 tta-ba,
1638 4711 1864 4766 ascendit
1900 4712 1955 4765 in
2003 4729 2149 4766 men—

621 4812 718 4854 tem
747 4802 886 4857 solus
911 4816 1078 4856 orare.
1113 4800 1333 4875 Vespere
1359 4813 1531 4858 utens
1560 4806 1717 4874 facta,
1748 4803 1889 4858 solus
1920 4812 2030 4858 erat
2054 4803 2145 4858 ibi.

618 4892 710 4947 24.
746 4890 1003 4948 Neoicuia
1029 4904 1201 4950 atem
1237 4896 1357 4966 jam
1392 4894 1450 4948 in
1491 4894 1659 4948 medio
1686 4893 1820 4947 mari
1854 4893 2149 4965 jaetnbatur

620 4984 860 5053 ﬂuctibus
889 5001 909 5039 :
936 4995 1046 5041 erat
1076 4988 1208 5042 enim
1228 4987 1516 5042 contraius
1543 4995 1737 5041 ventu.

623 5080 675 5132 l.
710 5077 949 5132 Solitudo
975 5079 1357 5149 tranquillitatis
1397 5089 1575 5135 mater.
1605 5108 1677 5121 —
1695 5079 1806 5135 Cur
1829 5079 1882 5136 in
1909 5087 2148 5136 montem

552 5170 828 5226 ascendit?
868 5170 940 5226 Ut
965 5187 1063 5226 nos
1089 5170 1301 5239 doceat,
1336 5171 1678 5228 commodum
1704 5187 1826 5229 esse
1849 5171 2146 5238 desertum,

554 5260 891 5316 commodam
917 5261 1284 5329 solitudinem,
1314 5276 1437 5318 eum
1465 5264 1575 5319 Deo
1600 5262 2009 5334 supplicandum
2045 5271 2148 5319 est.

552 5352 680 5409 Ideo
702 5368 849 5424 saepe
874 5352 1087 5408 deserta
1131 5355 1284 5422 petit,
1331 5353 1509 5424 ibique
1547 5363 1823 5424 peruoetat
1862 5370 2047 5423 mens,
2095 5366 2153 5410 ut

554 5460 654 5501 nos
679 5453 920 5508 moneat,
950 5453 1006 5501 et
1045 5452 1255 5516 tempus
1291 5454 1347 5500 et
1383 5445 1554 5500 locum
1594 5446 1663 5500 ad
1703 5446 1988 5517 tranquille
2026 5462 2153 5516 pre-

554 5536 783 5593 candum
803 5549 1163 5609 opportunum
1189 5552 1310 5594 esse
1336 5537 1708 5609 quaerendum.
1738 5537 1984 5593 Solitudo
2005 5538 2153 5594 enim

557 5630 953 5699 tranquillitatis
990 5639 1165 5685 mater
1191 5638 1299 5695 est,
1328 5629 1634 5699 quietisque
1668 5637 1872 5697 portus,
1899 5630 1971 5684 ab
1992 5628 2152 5684 ‘omni

560 5732 658 5774 nos
687 5720 915 5774 tumultu
937 5720 1191 5780 liberans.
1222 5718 1316 5776 ille
1342 5718 1559 5789 quidem
1602 5717 1686 5771 bis
1716 5716 1787 5773 de
1822 5720 2002 5774 causis
2028 5718 2157 5773 illuc

560 5814 801 5866 ascendit
829 5828 844 5865 :
873 5811 1116 5883 discipuli
1160 5828 1290 5868 vero
1329 5823 1543 5867 rursum
1578 5808 1828 5866 ﬂuctibus
1861 5811 2149 5880 agitantur,

2252 4716 2311 4765 et
2334 4714 2653 4774 tempestate
2690 4711 2750 4757 ut
2777 4710 2905 4756 ante
2940 4700 3234 4771 jactantnr.
3279 4696 3384 4753 Sed
3432 4706 3557 4751 tunc
3603 4695 3756 4752 illum
3800 4690 3853 4747 in

2250 4800 2495 4857 navicula
2528 4799 2788 4855 habentes
2813 4796 2930 4852 haec
2958 4794 3327 4865 patiebantur;
3369 4805 3511 4846 nunc
3536 4800 3713 4845 autem
3754 4790 3852 4846 soli

2252 4904 2380 4947 sunt
2404 4901 2461 4946 et
2481 4890 2710 4946 seorsim
2737 4887 2918 4959 positi.
2964 4885 3175 4942 Etenim
3209 4883 3329 4938 illos
3368 4880 3625 4953 paulatim
3663 4889 3717 4937 et
3759 4896 3854 4951 per

2249 4987 2449 5058 gradus
2499 4984 2566 5039 ad
2607 4982 2808 5054 majora
2852 4979 3072 5042 inducit,
3101 4985 3162 5033 ut
3186 4977 3367 5033 omnia
3410 4974 3619 5030 fortiter
3658 4974 3845 5029 ferant.

2254 5080 2477 5142 Idcirco,
2506 5092 2629 5132 cum
2673 5071 3019 5145 periclitaturi
3049 5070 3283 5141 primum
3317 5078 3494 5134 erant,
3520 5067 3703 5122 adorat
3726 5061 3848 5130 qui-

2252 5171 2400 5237 dem,
2428 5168 2525 5225 sed
2545 5167 2868 5231 dormiebat,
2899 5174 2957 5218 nt
2976 5171 3172 5234 praesto
3191 5172 3336 5218 esset
3353 5159 3418 5217 ad
3438 5154 3692 5215 auxilium
3713 5168 3849 5224 pra-

2253 5261 2504 5318 standum
2541 5278 2554 5315 :
2585 5273 2729 5314 nunc
2756 5270 2886 5312 vero
2913 5263 2973 5310 ut
3012 5253 3203 5321 majori
3245 5252 3363 5307 illos
3404 5245 3659 5319 patientia
3689 5258 3849 5299 exer~

2253 5363 2395 5419 eeat,
2445 5366 2553 5407 non
2600 5349 2655 5406 id
2708 5348 2868 5414 facit,
2916 5346 3011 5401 sed
3057 5344 3244 5408 abest,
3302 5351 3357 5397 et
3396 5339 3447 5392 in
3496 5335 3675 5392 medio
3713 5333 3848 5389 mari

2256 5442 2518 5513 permittit
2540 5447 2914 5511 tempestatem
2944 5437 3188 5502 excitari,
3219 5431 3439 5489 utnulla
3473 5428 3583 5485 fere
3612 5440 3735 5497 spes
3756 5440 3848 5481 sa-

2255 5534 2383 5591 lutis
2407 5542 2738 5604 superesset,
2768 5538 2827 5586 et
2850 5538 2957 5585 tota
2984 5539 3146 5584 nocte
3176 5525 3301 5581 sinit
3338 5536 3432 5578 eos
3464 5518 3714 5575 ﬂuctibus
3739 5516 3851 5585 agi-

2256 5627 2381 5692 tari,
2414 5634 2476 5680 ut
2497 5638 2710 5689 eorum,
2739 5631 2888 5692 puto,
2919 5625 3246 5676 caemcntum
3284 5628 3379 5669 cor
3415 5610 3680 5667 incitaret.
3706 5606 3850 5661 Talis

2256 5717 2453 5786 quippe
2475 5728 2565 5771 res
2583 5722 2666 5771 est
2696 5714 2879 5780 timor,
2904 5725 3068 5783 quem
3093 5717 3147 5765 et
3172 5713 3462 5776 tempestas
3488 5709 3544 5757 et
3582 5716 3686 5756 nox
3716 5695 3852 5786 inie—

2257 5782 2468 5864 rebant.
2489 5805 2625 5863 Cum
2664 5782 3074 5876 eompunctione
3108 5807 3285 5854 autem
3329 5795 3413 5851 illa
3458 5794 3540 5850 sui
3584 5782 3854 5848 desiderio
