4102 6422
415 355 520 416 505

411 475 629 547 πρῶτον
662 473 997 528 κινδυνεύειν
1037 472 1284 543 ἔμελλον,
1330 475 1515 545 παρῆν
1550 475 1671 546 μὲν,
1727 476 1984 530 ἐκάθευδε
2016 477 2094 542 δὲ,

409 565 552 618 ὥστε
575 563 634 629 ἐξ
666 563 885 633 ἑτοίμου
919 560 1102 614 δοῦναι
1129 561 1228 632 τὴν
1256 563 1616 634 παραμυθίαν
1637 564 1822 628 αὐτοῖς
1844 581 1858 594 '
1900 565 2017 620 νυνὶ
2040 566 2097 619 δέ

407 651 501 704 ἐπὶ
549 650 960 721 μείζονα’άγων
1001 649 1202 712 αὐτοὺς
1220 649 1526 722 ὑπομονὴν,
1573 651 1694 704 οὐδὲ
1737 652 1894 706 τοῦτο
1928 656 2095 718 ποιεῖ,

405 738 524 794 ἀλλ’
565 741 772 802 ἄπεισι,
804 739 912 792 ⁴καί.
941 739 998 790 ἐν
1047 737 1190 809 μέσῃ
1246 737 1491 809 θαλάσσῃ
1537 743 1815 811 συγχωρεῖ
1854 741 1949 794 τὸν
1985 759 2098 813 χειο

409 827 565 898 μῶνα
602 825 968 897 διεγερθῆναι,
1009 824 1086 889 ὡς
1127 824 1265 896 μηδὲ
1301 827 1671 898 προσδοκῆσαί
1711 829 1876 883 ποθεν
1907 830 2098 884 ἐλπίδα

411 915 708 987 σωτηρίας,
743 914 836 968 καὶ
864 913 992 984 ὃλην
1017 913 1119 982 τὴν
1146 913 1320 968 νύκτα
1353 913 1580 983 ἀφίησιν
1606 915 1806 979 αὐτοὺς
1834 917 2065 972 κλυδωνί

407 1001 616 1065 ζεσθαι,
647 997 1108 1070 διεγείρων’[5ιὸ]
1130 999 1332 1060 αὐτῶν,
1360 998 1437 1062 ὼς
1465 995 1642 1069 οἶμαι,
1677 1003 2097 1072 πεπωρωμένην

407 1084 502 1156 τὴν
550 1084 800 1155 καρδίαν.
843 1081 956 1134 Kal
989 1082 1101 1152 γὰρ
1133 1081 1452 1135 τοιοῦτοννὸ
1486 1082 1670 1152 φόϐος,
1710 1084 1778 1137 δν
1823 1085 1962 1155 μετά
1999 1085 2096 1138 τοῦ

407 1167 672 1239 χειμῶνος
709 1167 802 1219 καὶ
835 1168 863 1218 ό
896 1165 1088 1236 καιρὸς
1121 1165 1284 1219 ποιεῖ.
1332 1166 1485 1219 Μετά
1518 1167 1582 1219 δέ
1613 1168 1713 1236 τῆς
1751 1168 2096 1233 κατανύξεως

406 1251 500 1304 καὶ
543 1253 626 1314 εἰς
673 1249 968 1320 ἐπιθυμίαν
1023 1247 1242 1319 μείζονα
1276 1247 1474 1312 αὐτοὺς
1505 1249 1726 1302 ἐνέϐαλε
1769 1252 1868 1322 τὴν
1906 1251 2094 1315 αὑτοῦ,

407 1335 501 1387 καὶ
569 1335 650 1396 εἰς
713 1334 936 1404 μνήμην
977 1331 1223 1402 διηνεκῆ.
1280 1330 1494 1403 Διάδὴ
1545 1331 1700 1386 τοῦτο
1737 1333 1837 1387 οὐκ
1895 1334 2098 1398 εὐθέως

404 1418 590 1479 αὐτοῖς
641 1416 881 1485 ἐπέστη·
946 1415 1199 1484 Τετάρτῃ
1252 1413 1362 1484 γὰρ
1408 1414 1694 1484 φυλακῇ,
1765 1417 1922 1488 φησὶ,
1985 1416 2098 1486 τῆς

402 1499 627 1565 νυκτὸς
656 1494 805 1569 ἦλθε
829 1497 981 1567 πρὸς
999 1497 1223 1563 αὐτοὺς
1253 1497 1595 1562 περιπατῶν
1615 1499 1713 1551 ἐπὶ
1737 1497 1848 1568 τῆς
1868 1499 2097 1557 θαλάσ-

403 1600 523 1653 σης
544 1601 558 1614 ·
600 1583 873 1638 παιδεύων
902 1583 1101 1646 αὐτοὺς
1129 1583 1207 1655 μὴ
1245 1584 1457 1653 ταχέως
1503 1582 1656 1638 λύσιν
1683 1583 1963 1656 ἐπιζητεῖν
1986 1586 2095 1640 τῶν

407 1667 742 1740 συνεχόντων
773 1667 984 1732 δεινῶν,
1024 1665 1162 1721 ἀλλά
1203 1665 1390 1738 φέρειν
1440 1665 1512 1720 τά
1555 1669 1940 1739 συμπίπτοντα
1979 1685 2094 1737 γεν·
2145 1723 2150 1727 .

405 1752 594 1816 ναίως.
625 1751 758 1805 Ὅτε
805 1750 936 1820 γοῦν
975 1749 1386 1824 προσεδόκησαν
1427 1750 1938 1822 ἀπαλλαγήσεσθαι,
1971 1753 2093 1807 τότε

405 1835 646 1906 ἐπετάθη
675 1834 838 1889 πάλιν
865 1837 893 1887 6
927 1833 1110 1904 φόϐος.
1164 1833 1412 1900 Ἰδόντες
1436 1833 1544 1906 γὰρ
1580 1835 1787 1898 αὐτὸν,
1824 1835 2018 1907 φησὶν,
2040 1839 2095 1891 οι

397 1919 656 1989 μαθηταὶ
676 1916 1120 1986 περιπατοῦντα
1141 1917 1240 1972 ἐπὶ
1265 1917 1377 1984 τῆς
1397 1916 1740 1985 θαλάσσης,
1771 1916 2098 1988 ἐταράχθη-

402 2019 544 2064 σαν,
582 2002 867 2072 λέγοντες
897 1999 1224 2070 φάντασμα
1251 1995 1428 2064 εἶναι,
1471 1999 1571 2053 καί
1618 1999 1738 2054 ἀπὸ
1769 2000 1874 2054 τοῦ
1904 2000 2094 2070 φόϐου

401 2085 688 2154 ἔκραξαν.
747 2086 856 2137 Καὶ
905 2084 1015 2156 γάρ
1045 2085 1133 2137 ἀεὶ
1160 2082 1318 2136 τοῦτο
1358 2083 1535 2135 ποιεῖ·
1583 2083 1711 2136 ὅταν
1753 2083 1922 2158 μέλλῃ
1944 2085 2095 2141 λύειν

401 2170 471 2223 τά
497 2170 669 2233 δεινὰ,
701 2169 867 2240 ἕτερα
889 2167 1250 2239 χαλεπώτερα
1283 2167 1483 2236 ἐπάγει
1523 2169 1618 2221 καὶ
1645 2167 2030 2242 φοϐερώτερα·
2065 2171 2096 2225 6

400 2254 466 2325 δὴ
499 2255 591 2308 καὶ
619 2253 740 2306 τότε
771 2251 993 2323 συνέϐη.
1028 2251 1184 2305 Μετά
1212 2251 1323 2323 γάρ
1350 2250 1442 2304 τοῦ
1477 2250 1748 2322 χειμῶνος
1781 2254 1874 2307 καὶ
1913 2255 1947 2325 ἡ
1972 2253 2096 2324 ὄψις

401 2339 600 2402 αὐτοὺς
641 2337 944 2409 ἐθορύϐησε
978 2336 1072 2390 τοῦ
1119 2335 1390 2407 χειμῶνος
1425 2335 1524 2406 οὐχ
1565 2330 1748 2406 ἦττον.
1798 2337 1896 2390 Διά
1935 2337 2096 2390 τοῦτο

401 2422 520 2476 οὐδὲ
562 2422 624 2476 τὸ
673 2422 863 2485 σκότος
929 2420 1138 2487 ἐλυσεν,
1195 2419 1317 2473 οὒδέ
1361 2419 1594 2490 φανερὸν
1642 2418 1836 2473 ἐαυτὸν
1889 2419 2096 2486 εὐθέως

400 2506 680 2579 ἐποίησεν,
717 2505 958 2574 ἀλείφων
981 2505 1200 2568 αὐτοὺς,
1246 2504 1382 2575 ὅπερ
1422 2501 1599 2567 εἷπον,
1637 2506 1694 2559 ἐν
1725 2507 1795 2576 τῇ
1843 2505 2095 2578 συνεχείᾳ

399 2589 510 2644 τῶν
549 2587 734 2658 φόϐων
771 2585 1002 2650 τούτων,
1053 2587 1148 2640 καὶ
1198 2586 1472 2640 παιδεύων
1519 2584 1662 2640 εἶναι
1708 2589 2092 2660 καρτερικούς.

400 2672 574 2726 Τοῦτο
605 2671 701 2725 καὶ
726 2671 821 2724 ἐπὶ
861 2669 956 2723 τοῦ
993 2669 1115 2723 Ἰὼϐ
1144 2671 1423 2741 ἐποίησεν
1462 2672 1550 2726 ὅτε
1581 2671 1690 2742 γάρ
1721 2671 1914 2742 ἐμελλε
1946 2672 2093 2726 λύειν

403 2755 517 2828 [τὸν
557 2755 722 2824 φόϐον
763 2752 941 2825 καὶ“⁸]
982 2754 1074 2808 τὸν
1117 2755 1447 2825 πειρασμὸν,
1486 2754 1609 2808 τότε
1639 2755 1700 2808 τὸ
1735 2755 1890 2820 τέλος
1936 2754 2095 2826 χαλε-

401 2838 649 2908 πώτερον
671 2839 823 2892 εἴασε
846 2835 1101 2906 γενέσθαι
1129 2853 1142 2869 ·
1175 2839 1237 2891 06
1259 2837 1350 2891 διά
1368 2838 1462 2892 τὸν
1485 2838 1596 2891 τῶν
1627 2838 1836 2892 παίδων
1857 2838 2091 2892 θάνατον

400 2920 564 2989 λέγω,
593 2920 688 2974 καὶ
710 2919 778 2973 τά
812 2919 1036 2990 ῥήματα
1062 2918 1165 2987 τῆς
1195 2919 1477 2988 γυναικὸς,
1509 2917 1650 2974 ἀλλά
1682 2917 1773 2972 διὰ
1805 2918 1876 2971 τὰ
1907 2918 2090 2986 ὀνείδη

399 3005 468 3056 τά
509 3002 616 3055 τῶν
661 3002 924 3064 οἰκετῶν,
962 3005 1032 3056 τά
1067 3001 1178 3056 τῶν
1231 3002 1421 3070 φίλων.
1469 3003 1578 3056 Καὶ
1620 3003 1708 3055 ὅτε
1749 3001 1842 3056 τὸν
1893 3002 2087 3056 Ἰακὼϐ

399 3085 729 3159 ἐξαρπάζειν
763 3085 954 3158 ἔμελλε
985 3085 1088 3157 τῆς
1131 3087 1190 3140 ἐν
1222 3089 1288 3159 τῇ
1336 3085 1458 3158 ξένῃ
1489 3087 1882 3159 ταλαιπωρίας,
1905 3089 2086 3160 ἀφῆκε

399 3169 747 3242 διεγερθῆναι
775 3170 869 3223 κα)⁸
893 3169 1117 3240 μείζονα
1140 3169 1397 3237 γενέσθαι
1422 3169 1513 3224 τὸν
1544 3169 1794 3242 θόρυϐον.
1846 3173 1954 3225 Καὶ
1979 3175 2087 3244 γὰρ

398 3254 427 3305 6
450 3251 719 3326 κηδεστὴς
749 3249 1077 3306 καταλαϐὼν
1109 3251 1340 3306 θάνατον
1380 3251 1616 3323 ἠπείλει,
1654 3255 1750 3307 καὶ
1786 3257 1907 3325 μετ’
1941 3257 2088 3310 ἐκεῖ·

398 3352 488 3390 νον
509 3335 556 3368 "
581 3337 612 3390 6
641 3335 870 3406 ἀδελφὸς
889 3333 1232 3406 διαδέχεσθαι
1259 3334 1490 3406 μέλλων,
1521 3336 1612 3389 τὸν
1646 3336 1774 3408 περὶ
1793 3336 1902 3391 τῶν
1928 3340 2090 3408 ἐσχά-

397 3437 506 3475 των
539 3420 892 3492 ἐπεκρέμασε
920 3418 1188 3472 κίνδυνον.
1233 3417 1455 3490 Ἐπειδὴ
1494 3419 1605 3491 γάρ
1651 3419 1751 3473 οὐκ
1780 3419 1858 3474 ἔνι
1899 3422 1995 3476 καί
2029 3425 2088 3478 ἐν

401 3503 599 3576 μακρῷ
627 3503 806 3576 χρόνῳ
835 3503 929 3557 καὶ
961 3501 1209 3574 σφοδρῶς
1236 3502 1619 3573 πειράζεσθαι,
1651 3503 1781 3558 ὅταν
1816 3505 2085 3575 μέλλωσιν

397 3590 673 3646 ἐκϐαίνειν
717 3591 844 3655 τοὺς
893 3589 1114 3658 ἀγῶνας
1162 3590 1214 3642 οἰ
1258 3586 1480 3654 δίκαιοι,
1515 3589 1840 3662 βουλόμενος
1890 3595 2088 3659 αὐτοὺς

399 3674 562 3728 πλέον
607 3673 934 3745 κερδαίνειν,
985 3672 1248 3726 ἐπιτείνει
1296 3672 1366 3725 τὰ
1402 3675 1701 3744 γυμνάσια.
1759 3678 1823 3729 Ὃ
1865 3679 1960 3730 καὶ
1993 3678 2089 3730 ἐπὶ

395 3754 494 3812 τοῦ
532 3756 786 3829 ’Δϐραάμ
813 3756 1060 3828 ἐποίησε,
1096 3757 1187 3810 τὸν
1213 3756 1258 3788 ¹¹⁹
1285 3756 1514 3828 ἔσχατον
1546 3753 1707 3812 ἆθλον
1732 3759 1824 3812 τὸν
1849 3759 1942 3813 τοῦ
1971 3781 2090 3816 παι-

396 3843 488 3910 δὸς
543 3844 676 3910 θείς.
738 3843 896 3898 υῦτω
931 3843 1041 3916 γάρ
1071 3843 1163 3898 καὶ
1206 3844 1418 3916 φορητά
1471 3843 1623 3898 ἐσται
1681 3843 1749 3898 τὰ
1814 3846 2086 3918 ἀφόρητα,

398 3933 529 3988 ὅταν
561 3933 656 3987 ἐπὶ
709 3931 903 4005 θύραις
947 3933 1222 4004 ἐπάγηται
1277 3933 1446 4002 ἐγγὺς
1505 3931 1695 4004 ἔχοντα
1743 3933 1842 4007 τὴν
1906 3935 2085 3990 ἀπαλ-

400 4017 592 4087 λαγήν.
642 4015 814 4069 Τοῦτο
869 4015 934 4085 δὴ
987 4015 1081 4068 καὶ
1113 4015 1234 4068 τότε
1283 4016 1528 4087 ἐποίησε,
1577 4018 1672 4072 καί
1706 4018 1767 4071 o6
1821 4020 2087 4090 πρότερον

399 4099 753 4169 ἀπεκάλυψεν
813 4097 1006 4152 ἐαυτὸν
1067 4099 1096 4151 6
1159 4099 1428 4171 Χριστὸς,
1484 4100 1592 4165 ἐως
1657 4102 1746 4155 ὅτε
1823 4103 2086 4174 ἔκραξαν.

402 4184 556 4255 Ὅσῳ
584 4183 694 4254 γάρ
737 4181 1050 4235 ἐπετείνετο
1080 4182 1150 4235 τά
1191 4182 1292 4254 τῆς
1320 4183 1584 4251 ἀγωνίας,
1613 4185 1854 4257 τοσούτῳ
1885 4187 2088 4257 μᾶλλον

401 4267 696 4339 ἠσμένιζον
743 4266 860 4309 ⁸⁸³⁸
914 4265 1080 4321 αὐτοῦ
1128 4267 1228 4339 τὴν
1275 4267 1600 4339 παρουσίαν.
1660 4264 1836 4334 Εἶτα,
1895 4269 2086 4342 ἐπειδὴ

401 4352 658 4424 ἐϐόησαν,
708 4351 894 4422 φησὶν,
953 4349 1194 4417 Εὐθέως
1265 4350 1577 4420 ἐλάλησεν
1626 4353 1836 4418 αὐτοῖς
1891 4356 1928 4408 ὁ
1981 4355 2087 4424 Ἰη-

399 4435 553 4500 σοῦς
610 4434 806 4505 λέγων
833 4449 849 4464 ⁸
909 4433 1214 4503 Θαρσεῖτε,
1268 4434 1383 4506 ἐγώ
1427 4438 1544 4505 ειμι
1569 4453 1586 4466 ·
1631 4435 1720 4505 μὴ
1779 4437 2082 4507 φοϐεῖσθε.

397 4515 570 4574 Τοῦτο
601 4517 662 4571 τὸ
700 4517 856 4590 ῥῆμα
905 4517 996 4571 τὸν
1030 4517 1198 4587 φόϐον
1246 4517 1426 4581 ἐλυσε,
1478 4519 1574 4574 καὶ
1629 4519 1903 4593 θαρρῆσαι
1942 4538 2086 4596 παρ-

399 4602 715 4658 εσκεύασεν.
759 4600 978 4674 Ἐπειδὴ
1001 4601 1108 4673 γὰρ
1140 4601 1248 4656 ἀπὸ
1277 4602 1377 4674 τῆς
1417 4603 1596 4674 ϐψεως
1643 4605 1805 4660 αὐτὸν
1829 4607 1929 4661 οὐκ
1972 4607 2086 4676 ἐγί-

398 4703 629 4750 νωσκον,
676 4685 771 4740 καὶ
823 4685 911 4739 διά
963 4684 1024 4739 τὸ
1066 4686 1371 4758 παράδοξον
1411 4689 1510 4757 τῆς
1556 4688 1818 4759 βαδίσεως
1853 4691 1948 4744 καὶ
1995 4692 2085 4746 διά

397 4771 489 4825 τὸν
521 4771 738 4843 καιρὸν,
782 4769 892 4824 άπὸ
922 4770 1025 4840 τῆς
1057 4771 1242 4841 φωνῆς
1275 4771 1432 4842 δῆλον
1473 4773 1666 4826 ἐαυτὸν
1697 4775 1859 4829 ποιεῖ.
1893 4774 1958 4827 Τί
1996 4771 2090 4830 οὖν

399 4856 428 4908 6
456 4853 681 4927 Πέτρος,
728 4857 758 4909 6
808 4854 1086 4925 πανταχοῦ
1130 4853 1333 4926 θερμὸς
1369 4854 1464 4908 καὶ
1493 4856 1582 4909 ἀεὶ
1607 4855 1716 4910 τῶν
1739 4857 1916 4911 ἄλλων
1955 4876 2084 4931 προο

400 4937 622 5008 πηδῶν;
653 4937 852 5006 Κύριε,
877 4940 930 4991 εὶ
949 4938 1032 4992 σὺ
1065 4933 1139 5002 εἷ,
1176 4938 1337 5009 φησὶ,
1382 4936 1684 4993 κέλευσόν
1715 4957 1792 5011 με
1831 4940 1983 5009 πρὸς
2012 4942 2089 4995 σὲ

395 5020 598 5075 ἐλθεῖν
617 5021 716 5074 ἐπὶ
736 5019 810 5073 τὰ
828 5020 1038 5075 ὕδατα.
1065 5023 1179 5075 Οὐκ
1200 5017 1548 5086 εἷπεν,Εὖξαι
1570 5023 1664 5075 καὶ
1684 5025 2088 5095 παρακάλεσον,

397 5105 555 5172 ἀλλὰ,
595 5103 928 5160 Κέλευσον.
968 5100 1126 5168 Εἶδες
1167 5105 1309 5177 πόση
1353 5108 1386 5178 ἠ
1430 5106 1740 5178 θερμότης;
1767 5107 1906 5180 πόση
1936 5112 1971 5179 ἡ
1999 5110 2089 5162 πί-

399 5205 546 5256 στιςς
592 5189 852 5256 Καίτοιγε
884 5190 951 5243 ἐκ
989 5187 1182 5243 τούτου
1226 5189 1493 5260 πολλαχοῦ
1541 5191 1864 5255 κινδυνεύει,
1895 5195 1960 5248 ἐκ
1987 5193 2082 5248 τοῦ

397 5273 539 5346 πέρα
568 5273 664 5327 τοῦ
715 5272 916 5344 μέτρου
959 5269 1163 5340 ζητεῖν.
1201 5273 1312 5326 Kal
1353 5273 1464 5345 γὰρ
1512 5275 1608 5329 καί
1652 5275 1890 5330 ἐνταῦθα
1945 5277 2079 5331 πολὺ

397 5435 540 5506 εἷπε,
569 5438 844 5495 Κέλευσόν
875 5455 942 5510 με
975 5438 1190 5510 βαδίσαι
1217 5441 1312 5493 ἐπὶ
1329 5440 1399 5494 τά
1436 5440 1606 5497 ὕδατα
1629 5460 1642 5474 ο
1672 5443 1966 5519 ἀλλάῐῦιὸ]
1992 5447 2082 5510 τί;

398 5521 708 5577 Κέλωσόν
745 5540 823 5592 με
850 5522 1050 5578 ἐλθεῖν
1073 5522 1224 5592 πρὸς
1252 5523 1346 5579 σέ.
1391 5524 1581 5590 υύδείς
1614 5526 1723 5598 γάρ
1759 5526 1934 5592 οὕτως
1965 5530 2086 5599 ἐφί-

397 5602 587 5660 λειτδν
627 5609 858 5679 Ἰησοῦν.
914 5608 1089 5664 Τοῦτο
1121 5609 1212 5664 καὶ
1252 5608 1393 5680 μετά
1440 5607 1540 5682 τὴν
1569 5609 1866 5665 ἀνάστασιν
1895 5613 2088 5683 ἐποίη-

1226 359 1290 416 ‘S.
1333 357 2144 418 JOANNIS’CHIlYSOS'l‘OMI
2187 356 2509 418 ARCIIIEP.
2549 359 3100 422 CONSTANTINOP.

3769 356 3880 417 506

2201 496 2292 533 σεν
2316 495 2330 508 ·
2399 481 2499 534 οὐκ
2558 481 2810 552 ἰινέσχετο
2874 479 3012 550 μετά
3064 477 3174 532 τῶν
3234 475 3407 532 ἄλλων
3470 476 3645 532 ἐλθεῖν
3669 522 3685 546 ,
3740 484 3881 540 ἀλλὰ

2199 564 2602 635 προεπήδησεν.
2643 565 2720 618 Οὐ
2753 563 2852 635 τὴν
2884 564 3106 632 ἀγάπην
3147 560 3205 614 δὲ
3237 561 3417 632 μόνον,
3459 563 3596 618 ἀλλά
3641 570 3736 620 καὶ
3772 569 3880 638 τὴν

2200 647 2382 701 πίστιν
2400 647 2790 702 ἐπιδείκνυται.
2847 647 2920 699 O6
2971 645 3084 715 γὰρ
3107 645 3266 713 μόνον
3300 645 3642 712 ἐπίστευσεν,
3677 651 3757 704 ὅτι
3785 652 3881 704 a6-

2198 732 2288 795 τὸς
2346 731 2563 786 δύναται
2604 731 2928 803 περιπατεῖν
2959 729 3052 782 ἐπὶ
3082 728 3182 796 τῆς
3208 727 3504 799 θαλάσσης,
3534 730 3649 784 ἀλλ’
3669 735 3751 787 ὅτι
3781 736 3882 790 καὶ

2199 815 2420 885 ἐτέρους
2443 815 2685 882 ἐνάγειν·
2727 814 2822 866 καὶ
2854 811 3114 880 ἐπιθυμεῖ
3136 809 3349 880 ταχέως
3377 811 3547 879 ἐγγὺς
3585 813 3751 868 αὐτοῦ
3786 834 3882 884 γε-

2198 896 2404 949 νέσθαι.
2443 897 2508 950 '0
2535 896 2604 950 δὲ
2651 891 2842 956 εἶπεν,
2895 892 3088 948 Ἐλθέ.
3151 891 3258 945 Καί
3310 892 3572 959 καταϐὰς
3613 895 3729 950 ἀπὸ
3769 899 3882 952 τοῦ

2197 979 2416 1033 πλοίου
2443 983 2475 1033 ό
2505 979 2748 1047 Πέτρος,
2784 975 3224 1046 περιεπάτησεν
3267 974 3366 1028 ἐπὶ
3398 977 3470 1030 τὰ
3517 977 3726 1042 ὕδατα,
3779 983 3882 1034 καί

2197 1058 2347 1130 ἦλθε
2405 1062 2557 1132 πρὸς
2614 1063 2722 1115 τὸν
2773 1059 3031 1129 Ἰησοῦν.
3080 1058 3334 1113 Βλέπων
3381 1059 3451 1112 δὲ
3491 1059 3599 1114 τὸν
3658 1062 3881 1132 ἄνεμον

2200 1147 2477 1216 ἰσχυρὸν,
2508 1145 2796 1216 ἐφοϐήθη,
2820 1145 2917 1200 καὶ
2950 1143 3290 1214 ἀρξάμενος
3326 1145 3881 1210 καταποντίζεσθαι,

2196 1229 2414 1298 ἕκραξε
2431 1231 2644 1299 λέγων·
2678 1230 2878 1298 Κύριε,
2908 1225 3116 1281 σῶσόν
3148 1243 3246 1296 με.
3291 1227 3528 1293 Εὐθέως
3584 1229 3652 1282 δὲ
3694 1233 3728 1284 ὁ
3771 1231 3880 1297 ’1η-

2195 1315 2352 1378 σοῦς
2386 1313 2660 1379 ἐκτείνας
2687 1311 2804 1380 τὴν
2845 1311 3014 1381 χεῖρα
3044 1311 3370 1365 ἐπελάϐετο
3403 1313 3614 1378 αὑτοῦ,
3658 1315 3757 1368 καί
3783 1316 3886 1369 λέο

2195 1415 2285 1468 γει
2324 1395 2516 1462 αὐτῷ’
2576 1397 2978 1467 Ὀλιγόπιστε,
3033 1397 3122 1462 εἰς
3191 1396 3248 1449 τί
3293 1394 3662 1463 ἐδίστασας;
3709 1396 3885 1451 Τοῦτο

2197 1479 2292 1534 τοῦ
2350 1480 2618 1553 προτέρου
2675 1479 3129 1552 παραδοξότερον.
3195 1481 3295 1531 Διά
3344 1477 3503 1532 τοῦτο
3555 1480 3673 1549 μετ’
3704 1481 3886 1534 ἐκεῖνο

2195 1563 2355 1619 τοῦτο
2388 1565 2620 1633 γίνεται.
2644 1563 2776 1617 Ὅτε
2796 1563 2906 1634 γὰρ
2928 1563 3148 1630 ἔδειξεν,
3189 1563 3272 1617 δτι
3316 1566 3509 1634 κρατεῖ
3539 1563 3640 1634 τῆς
3675 1563 3884 1618 θαλάσ-

2198 1667 2335 1720 σης,
2379 1648 2500 1702 τότε
2555 1647 2650 1702 κα)⁸
2706 1649 2801 1702 ἐπὶ
2856 1647 2918 1702 τὸ
2969 1648 3412 1720 θαυμαστότερον
3459 1646 3643 1716 ἐξάγει
3685 1647 3746 1702 τὸ
3787 1665 3885 1719 ση-

2202 1733 2371 1803 μεῖον.
2400 1731 2535 1784 Τότε
2587 1729 2685 1801 μὲν
2738 1730 2847 1802 γάρ
2902 1733 3016 1796 τοῖς
3056 1731 3281 1802 ἀνέμοις
3328 1730 3632 1800 ἐπετίμησε
3679 1731 3882 1802 μόνον’

2197 1814 2316 1869 νυνί
2337 1813 2399 1868 ’δὲ
2433 1815 2525 1868 καὶ
2550 1814 2711 1878 αὐτὸς
2745 1813 2975 1885 βαδίζει,
3011 1816 3107 1869 καὶ
3133 1815 3312 1886 ’ἑτέρῳ
3355 1818 3686 1886 παραχωρεῖ
3723 1815 3886 1869 τοῦτο

2197 1896 2575 1971 ποιεῖν·’δπερ
2617 1899 2665 1952 εἰ
2720 1899 2872 1969 παρά
2920 1899 3021 1970 τὴν
3069 1897 3245 1970 ἀρχὴν
3303 1897 3555 1972 γενέσθαι
3603 1897 3882 1963 ἐκέλευσε,

2196 1984 2299 2037 οὐκ
2323 1984 2389 2038 ἂν
2416 1984 2625 2055 ’ὁμοίως
2653 1981 2979 2049 κατεδέξατο
3000 1983 3028 2036 6
3061 1977 3292 2052 Πέτρος,
3327 1980 3418 2035 διά
3448 1981 3510 2034 τὸ
3547 1981 3775 2053 μηδέπω
3796 1999 3886 2035 το-

2206 2067 2412 2134 σαύτην
2473 2065 2776 2137 κεκτῆσθαι
2802 2064 3002 2118 πίστιν.

2248 2165 2335 2240 ⁵β’.
2365 2167 2524 2232 Τίνος
2551 2163 2645 2222 οὖν
2664 2167 2853 2221 ἕνεκεν
2893 2166 2941 2200 "
2965 2169 2994 2220 6
3023 2165 3256 2238 Χριστὸς
3275 2164 3584 2237 ’ἐπέτρεψε;
3617 2165 3729 2220 Καὶ
3773 2165 3884 2236 γὰρ

2197 2255 2246 2307 εί
2276 2248 2449 2317 εἶπεν,
2483 2253 2560 2308 06
2579 2252 2828 2317 δύνασαι,
2860 2250 3248 2323 πάλινθερμὺς
3279 2248 3357 2303 ὢν
3376 2250 3629 2303 ἀντεῖπεν
3666 2251 3751 2305 άν.
3785 2253 3885 2304 Διά

2195 2337 2354 2390 τοῦτο
2409 2337 2516 2390 ἀπὸ
2566 2337 2676 2390 τῶν
2723 2337 3068 2410 πραγμάτων
3123 2334 3287 2388 αὑτὸν
3335 2334 3538 2398 πείθει,
3574 2336 3661 2388 ἵνα
3703 2337 3784 2400 εἰς
3822 2336 3884 2388 τὸ

2201 2417 2393 2488 μέλλον
2420 2417 2788 2491 σωφρονισθῇ.
2832 2418 2976 2472 Ἀλλ’
3002 2416 3124 2470 οὐδὲ
3156 2415 3332 2479 οὕτως
3377 2417 3654 2488 ἀνέχεται.
3689 2419 3881 2471 Κατα-

2197 2501 2299 2565 ϐἀς
2324 2501 2504 2554 τοίνυν
2543 2501 2959 2567 κλυδωνίζεταιο
3008 2498 3250 2572 ἐφοϐήθη
3300 2499 3430 2572 γάρ.
3479 2499 3590 2554 Kal
3624 2499 3786 2553 τοῦτο
3822 2499 3884 2553 τὸ

2197 2584 2487 2638 κλυδώνιον
2544 2585 2769 2655 ἐποίησε
2792 2602 2806 2614 ο
2848 2585 2940 2639 τὸν
2967 2584 3026 2637 δέ
3060 2583 3224 2652 φόϐον
3256 2585 3286 2636 6
3314 2582 3517 2654 ἄνεμος
3560 2584 3881 2655 εἰργάσατο.

2207 2669 2267 2721 '0
2287 2669 2345 2722 δὲ
2392 2668 2648 2740 Ἰωάννης
2695 2669 2882 2739 φησὶν,
2926 2668 3012 2721 ὅτι
3047 2668 3310 2722 Ἣθελον
3339 2667 3548 2721 λαϐεῖν
3575 2666 3767 2722 αὑτὸν
3794 2669 3884 2732 εις

2196 2752 2263 2806 τό
2295 2751 2533 2816 πλοῖον,
2576 2751 2675 2807 καὶ
2719 2753 2937 2819 εὐθέως
2981 2751 3050 2806 τὸ
3093 2751 3314 2805 πλοῖον
3355 2751 3595 2820 ἐγένετο
3639 2753 3727 2816 είς
3766 2751 3885 2818 τὴν

2197 2836 2343 2908 γῆν,
2401 2840 2488 2904 εις
2545 2835 2626 2906 ἢν
2687 2835 2958 2906 ὑπῆγονο
3008 2836 3070 2889 τδ
3134 2835 3270 2888 αύτδ
3324 2831 3388 2907 δὴ
3458 2835 3618 2890 τοῦτο
3679 2833 3881 2905 δηλῶν.

2199 2923 2362 2975 Ὥστε
2413 2922 2714 2993 μελλόντων
2757 2921 2937 2975 αὐτῶν
2984 2921 3120 2992 πρὸς
3162 2921 3230 2991 τῇ
3275 2921 3346 2991 γῇ
3395 2919 3662 2988 γίνεσθαι,
3709 2919 3883 2988 ἐπέϐη

2196 3005 2291 3058 τοῦ
2312 3005 2520 3058 πλοίου.
2563 3003 2824 3068 Καταϐἀς
2874 3003 3056 3057 τοίνυν
3094 3003 3204 3057 ἀπὸ
3235 3002 3329 3057 τοῦ
3375 3003 3585 3065 πλοίου,
3619 3001 3757 3074 πρὸς
3791 3003 3884 3056 a6-

2203 3091 2294 3144 τὸν
2333 3091 2419 3162 ᾔει
2447 3089 2517 3154 ⁸³,
2571 3091 2669 3160 οὐχ
2710 3087 2854 3142 οὕτω
2898 3087 2977 3158 τῷ
3012 3089 3340 3159 περιπατεῖν
3360 3087 3460 3140 ἐπὶ
3499 3087 3608 3140 τῶν
3647 3085 3896 3152 ύδάτων,”

2195 3173 2270 3237 ὡς
2297 3173 2376 3244 τῷ
2406 3173 2545 3245 πρὸς
2591 3172 2754 3227 αὑτὸν
2803 3170 3059 3243 ἔρχεσθαι
3104 3171 3331 3241 χαίρων.
3369 3171 3480 3224 Kal
3507 3169 3602 3224 τοῦ
3633 3170 3883 3242 μείζονος

2199 3257 2646 3329 περιγενόμενος,
2673 3255 2782 3309 ἀπὸ
2820 3254 2915 3309 τοῦ
2945 3255 3226 3318 ἐλάττονος
3255 3255 3446 3328 ἔμελλε
3501 3256 3730 3327 πάσχειν
3783 3274 3883 3310 xa-

2197 3337 2331 3408 κὼς,
2370 3339 2473 3410 τῆς
2505 3339 2600 3394 τοῦ
2636 3339 2840 3412 ἀνέμου
2879 3337 3025 3408 λέγω
3073 3337 3274 3412 ῥύμης,
3317 3339 3379 3394 o6
3433 3338 3534 3410 τῆς
3589 3337 3879 3409 θαλάττης.

2198 3421 2450 3477 Τοιοῦτον
2472 3423 2581 3495 γὰρ
2617 3425 2650 3495 ὴ
2691 3421 3006 3493 ἀνθρωπίνη
3049 3421 3245 3491 φύσιςο
3283 3422 3544 3486 πολλάκις
3565 3424 3636 3477 τὰ
3667 3423 3884 3494 μεγάλα

2196 3506 2562 3579 κατορθοῦσα,
2595 3509 2654 3562 ἐν
2694 3509 2807 3570 τοῖς
2840 3505 3119 3559 ἐλάττοσιν
3150 3506 3458 3578 ἐλέγχεται.

2265 3606 2391 3666 Οίον
2423 3614 2452 3666 6
2509 3611 2696 3674 Ἠλίας
2748 3610 2844 3664 ἐπὶ
2900 3610 3002 3682 τῆς
3073 3609 3313 3675 Ἰεζάϐελ
3377 3611 3578 3666 ἐπαθεν
3601 3626 3616 3641 °
3677 3607 3793 3668 οἷον
3853 3615 3882 3667 6

2197 3696 2437 3768 Μωῦσῆς
2459 3696 2554 3750 ἐπὶ
2577 3695 2672 3752 τοῦ
2702 3694 3001 3764 Αἰγυπτίου
3027 3712 3042 3728 ο
3071 3690 3183 3750 οἷον
3215 3697 3244 3749 6
3277 3695 3440 3750 Δαυῖδ
3481 3699 3576 3751 ἐπὶ
3600 3697 3703 3768 τῆς
3737 3698 3882 3771 Βηρο·

2199 3778 2382 3832 σαϐεέ.
2411 3777 2570 3833 Οὕτω
2587 3779 2653 3849 δὴ
2682 3779 2779 3833 καὶ
2808 3773 2964 3842 οὗτος
2982 3795 2996 3809 ·
3029 3778 3110 3832 ἐτι
3141 3778 3236 3832 τοῦ
3262 3779 3427 3848 φόϐου
3477 3780 3882 3851 ἐνακμάζοντος

2196 3864 2454 3936 ἐπιϐῆναι
2478 3863 2590 3918 τῶν
2621 3863 2832 3918 ὑδάτων
2864 3861 3164 3936 ἐθάρρησε,
3224 3863 3363 3934 πρὸς
3399 3864 3456 3918 δέ
3499 3864 3596 3935 τὴν
3624 3864 3720 3920 τοῦ
3749 3866 3880 3920 ἀνέ-

2198 3966 2302 4019 μου
2341 3947 2580 4019 ἐμϐολὴν
2613 3945 2797 4001 οὐκέτι
2827 3945 3068 4018 ἠδυνήθη
3119 3948 3332 4016 στῆναι.
3369 3948 3465 4001 καὶ
3504 3947 3677 4002 ταῦτα
3711 3949 3881 4017 ἐγγὺς

2194 4031 2272 4084 ὼν
2295 4029 2390 4084 τοῦ
2422 4028 2683 4103 Χριστοῦ.
2717 4027 2910 4094 Οὕτως
2951 4029 3102 4083 οὐδὲν
3151 4029 3352 4097 ὠφελεῖ
3396 4032 3564 4099 ἐγγὺς
3613 4026 3750 4085 εἰναι
3782 4031 3879 4086 τοῦ

2196 4112 2458 4185 Χριστοῦ,
2496 4113 2572 4186 μὴ
2606 4113 2788 4166 πίστει
2841 4113 2969 4167 δντα
2997 4112 3184 4182 ἐγγύς.
3214 4113 3385 4167 Τοῦτο
3410 4113 3466 4167 δὲ
3497 4114 3592 4168 καὶ
3627 4115 3686 4169 τὺ
3713 4116 3880 4187 μέσον

2195 4198 2404 4252 ἐδείκνυ
2434 4196 2483 4230 ’⁸
2519 4196 2614 4250 τοῦ
2662 4195 2993 4251 Διδασκάλου
3025 4198 3118 4250 καὶ
3161 4195 3252 4249 τοῦ
3290 4197 3554 4268 μαθητοῦ,
3603 4200 3698 4251 καὶ
3751 4201 3882 4264 τοὺς

2194 4284 2384 4348 ἄλλους
2415 4285 2802 4358 παρεμυθεῖτο.
2837 4287 2900 4338 Εἰ
2924 4285 3034 4356 γάρ
3071 4283 3294 4345 ἐπὶτῶν
3321 4284 3414 4337 δύο
3445 4285 3688 4355 ἀδελφῶν
3737 4287 3880 4357 ἠγα-

2193 4369 2495 4438 νάκτησαν,
2563 4368 2744 4438 πολλῷ
2804 4367 3005 4439 μᾶλλον
3055 4367 3290 4421 ἐνταῦθα
3315 4385 3328 4396 ·
3378 4367 3530 4421 οὔπω
3580 4369 3689 4442 γὰρ
3737 4365 3880 4438 ἦσαν

2195 4451 2516 4524 Πνεύματος
2563 4451 2881 4522 ἠξιωμένοι.
2934 4451 3088 4506 Μετά
3139 4451 3197 4505 δὲ
3278 4451 3451 4505 ταῦτα
3503 4453 3562 4503 06
3618 4452 3873 4507 τοιοῦτοι.

2193 4535 2478 4608 Πανταχοῦ
2533 4535 2666 4604 γοῦν
2707 4535 2818 4589 τῶν
2873 4536 3157 4607 πρωτείων
3213 4535 3604 4608 παραχωροῦσι
3641 4536 3719 4608 τῷ
3769 4539 3879 4592 Πέ-

2192 4637 2330 4692 τρῳ,
2389 4619 2486 4674 καὶ
2539 4621 2598 4674 ἐν
2656 4622 2776 4682 ταῖς
2818 4620 3188 4692 δημηγορίαις
3241 4621 3404 4675 αὑτὸν
3458 4621 3876 4692 προϐάλλονται,

2195 4704 2345 4778 [516]
2379 4705 2624 4774 καίτοιγε
2650 4705 3039 4778 ἀγροικότερον
3060 4707 3170 4760 τῶν
3191 4705 3366 4760 ἄλλων
3387 4706 3748 4778 διακείμενον.
3767 4710 3878 4762 Kal

2189 4789 2453 4843 διατίούκ
2487 4788 2717 4854 ἐπέταξε
2757 4791 2870 4854 τοῖς
2915 4791 3139 4860 ἀνέμοις
3173 4790 3508 4854 παύσασθαι,
3565 4792 3680 4844 ἀλλ’
3713 4793 3878 4857 αὐτὸς

2190 4872 2438 4936 ἐκτείνας
2463 4872 2562 4944 τὴν
2604 4877 2762 4944 χεῖρα
2788 4873 3088 4928 ἐπελάϐετο
3116 4875 3321 4942 αύτοῦ;
3368 4877 3492 4930 Ὅτι
3520 4878 3624 4948 τῆς
3661 4879 3875 4933 ἐκείνου

2190 4957 2428 5019 πίστεως
2458 4955 2586 5010 ἔδει.
2619 4955 2788 5009 Ὅταν
2827 4956 2938 5027 γὰρ
2973 4957 3040 5011 τά
3067 4958 3194 5028 παρ’
3222 4959 3380 5029 ἡμῶν
3420 4959 3747 5032 ἐλλιμπάνη,
3778 4957 3873 5009 καὶ

2186 5040 2258 5093 τά
2283 5038 2436 5111 παρά
2462 5038 2556 5092 τοῦ
2592 5038 2728 5093 Θεοῦ
2753 5040 2986 5094 ἵσταται.
3013 5042 3239 5104 Δεικνὺς
3271 5042 3448 5096 τοίνυν
3478 5045 3560 5097 ὅτι
3589 5044 3685 5111 οὐχ
3716 5042 3748 5111 ή
3775 5040 3870 5094 τοῦ

2188 5120 2390 5191 ἀνέμου
2414 5119 2643 5190 ἐμϐολὴ,
2667 5119 2782 5172 ἀλλ’
2815 5120 2848 5190 ή
2877 5119 3088 5192 ἐκείνου
3131 5121 3474 5190 όλιγοπιστία
3493 5123 3590 5190 τὴν
3617 5137 3872 5192 περιτροο

2193 5203 2302 5275 πὴν
2325 5203 2642 5275 εἰργάσατο,
2669 5203 2833 5274 φησίν
2851 5219 2864 5234 ·
2896 5206 3001 5271 Εἰς
3019 5204 3078 5258 τί
3099 5205 3452 5273 ἐδίστασας,
3485 5206 3870 5276 ὀλιγόπιστε;

2179 5288 2342 5340 Ὥστε
2375 5289 2421 5350 ει
2450 5288 2522 5357 μὴ
2550 5289 2584 5358 ή
2617 5287 2803 5351 πίστις
2838 5287 3132 5361 ἠσθένησε,
3159 5292 3254 5344 καὶ
3287 5292 3424 5362 πρὸς
3452 5289 3542 5342 τὸν
3574 5290 3775 5361 ἄνεμον
3802 5291 3870 5344 ἂν

401 5357 542 5443 μέγα
554 5357 812 5443 ἐζήτησε,
830 5355 900 5409 δι’
911 5357 1134 5443 ἀγάπην
1153 5355 1332 5443 μόνον,
1354 5357 1415 5443 06
1434 5357 1500 5443 δι’
1516 5359 1796 5425 ἐπίδειξιν.
1817 5361 1956 5415 Οὐδὲ
1974 5362 2084 5433 γάρ
2179 5371 2310 5443 ἔστη

2346 5371 2564 5443 ῥᾳδίως.
2591 5372 2692 5425 Διά
2713 5389 2795 5424 τοι
2823 5369 2984 5426 τοῦτο
3005 5374 3102 5427 καὶ
3128 5375 3518 5444 ἐπιλαϐόμενος
3546 5373 3736 5435 αὐτοῦ,
3775 5371 3870 5426 τὸν

2179 5455 2380 5524 ἄνεμον
2409 5455 2476 5525 ἐᾷ
2513 5457 2689 5518 πνεῖν,
2740 5454 2916 5522 δηλῶν
2948 5455 2996 5488 ⁸⁸
3027 5458 3110 5511 ὃτι
3142 5457 3294 5511 οὐδὲν
3339 5459 3547 5521 ἐκεῖνος
3586 5455 3869 5528 παραϐλά-
3908 5456 3913 5461 ’

2183 5554 2328 5597 πτει,
2355 5538 2484 5590 ὅταν
2515 5539 2550 5608 η
2580 5535 2820 5613 πίστιςῇ
2853 5543 3156 5610 πεπηγυῖα.
3210 5541 3321 5594 Kal
3361 5540 3614 5611 καθάπερ
3656 5538 3870 5593 νεοττὸν

2181 5619 2292 5691 πρὸ
2317 5621 2511 5693 καιροῦ
2537 5622 2637 5694 τῆς
2667 5621 2862 5686 καλιᾶς
2895 5623 3184 5692 ἐξελθόντα
3213 5624 3260 5656 ⁹⁶
3287 5623 3381 5678 καί
3413 5624 3679 5696 μέλλοντα
3699 5639 3870 5677 κατα-

468 5787 514 5820 ⁸³
542 5787 676 5874 (ξριε
731 5790 1090 5874 inclgslmiis.
1130 5809 1242 5874 pop
1293 5793 1603 5874 _e_xs_laptjn
1863 5793 1938 5874 Μἱ
1970 5811 2074 5874 ne_c
2103 5799 2168 5874 _in
2196 5799 2319 5874 _snis
2380 5797 2638 5874 legerunt:
2668 5800 3021 5874 ῐηιρῃηιειεε.
3098 5803 3219 5846 ⁸⁸ο⁹¹
3243 5804 3332 5860 Sic
3365 5804 3432 5860 Η.
3482 5805 3542 5861 L.
3572 5804 3672 5874 Ep.
3708 5805 3868 5874 vulgo

395 5857 776 5936 ’ἰισμριίζζοντοἶ
848 5863 892 5894 ⁹¹
919 5863 1211 5936 ἐπέτρεψε]
1241 5864 1365 5936 add.
1383 5864 1472 5918 διά
1492 5863 1591 5936 τὴν
1620 5863 1981 5936 πολλὴνηπρὸς
1999 5867 2161 5921 αὐτὸν
2183 5869 2294 5936 ἀγά

870 5948 925 6019 12;
958 5949 1014 6002 Ρ·
1046 5933 1452 6019 ’ἔτειρᾴμυθεῖται
1481 5933 1559 5991 (ἓξ
1638 5936 1684 5968 ³⁸
1713 5933 1911 6006 δηλῶν]
1943 5935 2089 5992 δεικν

2197 5933 2318 5997 Edd.
2355 5933 2452 5998 Hic
2475 5942 2585 5998 duo
2616 5933 2743 5998 rolia'
2775 5943 2975 6000 desum
3007 5945 3060 6000 in
3095 5946 3215 6002 cod.
3241 5947 3310 6002 ιι.
3338 5933 3428 6018 qu'i
3465 5961 3652 6003 rursus
3676 5944 3864 6019 incipit

397 5927 491 5983 ται
518 5927 584 5984 G.
624 5929 688 5985 K.
733 5931 801 5985 Μ.

401 5999 577 6055 media
610 6018 662 6072 p.
689 6002 812 6057 518.
871 5999 926 6035 ³⁸
955 5999 1282 6078 προελθόντα
1314 6003 1448 6062 Edd.

2376 5871 2494 5928 νϐ.

2597 5872 2642 5946 ’ἲ
2658 5872 2743 5946 εἴη
2767 5871 2833 5946 Ιίέ
2858 5873 2927 5928 Μ.
2953 5874 3201 5946 Correxii
3227 5875 3443 5946 Monlef.
3535 5879 3578 5908 σε
3597 5871 3867 5946 ἐνδείκνυ-
