4102 6430
359 382 465 441 ωε

360 498 527 569 magis
554 494 680 551 illos
704 488 1071 557 inﬂammavit,
1103 495 1167 545 ut
1191 488 1271 544 sui
1295 479 1945 557 perpetuammemeriam

359 591 672 645 sustinerent.
701 587 826 641 Ideo
850 600 956 640 non
989 585 1167 639 statim
1197 582 1302 635 illis
1328 578 1537 634 adfuit:
1572 573 1798 629 namait
1818 569 1947 626 :25.

364 682 560 748 Quarta
605 677 836 734 custodia
877 675 1040 730 noctis
1078 674 1211 729 venit
1252 671 1320 725 ad
1355 687 1457 727 eos
1483 667 1750 722 ambulans
1793 678 1951 733 supra

359 789 538 839 mare;
566 781 625 826 ut
650 770 869 825 doceret
891 768 1010 823 illos
1040 779 1111 820 ne
1127 763 1386 819 malorum
1418 763 1576 816 ﬁnem
1608 758 1719 812 cito
1739 767 1951 841 quaeri»

367 873 507 930 rent,
548 861 642 918 sed
682 877 802 932 quae
841 858 1156 915 accidebant
1202 854 1413 910 fortiter
1459 854 1677 907 ferrent.
1728 846 1953 916 Quando

364 959 526 1028 igitur
550 952 935 1025 exspectabant
970 966 1030 1007 se
1078 947 1384 1005 liberandos
1420 960 1559 1010 esse,
1594 955 1703 998 tum
1740 950 1953 996 auctum

364 1058 453 1104 est
479 1047 773 1119 perieulum
795 1054 851 1101 et
883 1045 1043 1100 timor
1067 1042 1238 1111 major
1262 1058 1275 1093 :
1306 1055 1430 1095 nam
1460 1037 1630 1108 inquit
1658 1034 1784 1091 :26.
1829 1032 1957 1086 Cum

364 1141 593 1196 viderent
619 1155 733 1193 eunt
754 1135 992 1208 discipuli
1017 1133 1361 1190 ambulantem
1399 1146 1557 1201 supra
1585 1144 1744 1189 mare,
1772 1124 1958 1180 turbati

364 1240 507 1296 sunt,
539 1230 757 1284 dicentes
782 1230 1083 1297 phantasma
1120 1240 1249 1291 esse,
1280 1233 1327 1277 et
1351 1236 1459 1293 prae
1495 1220 1674 1273 timore
1708 1217 1959 1271 clamaue-

366 1332 512 1378 runt.
541 1322 765 1390 Semper
788 1320 931 1377 enim
968 1318 1072 1375 hoc
1109 1317 1236 1373 facit
1265 1334 1279 1370 :
1308 1330 1435 1372 cum
1452 1325 1721 1369 erumnas
1756 1309 1961 1366 solutu-

369 1431 469 1473 res
495 1425 599 1482 est,
631 1398 762 1470 alias
787 1413 1082 1484 graviores.
1104 1409 1283 1467 infert.
1307 1421 1362 1465 et
1400 1406 1790 1464 terribiliorese:
1817 1401 1961 1474 quod

369 1508 539 1563 etiam
570 1515 696 1562 tunc
733 1504 976 1576 contigit.
1018 1503 1151 1559 Nam
1189 1510 1246 1557 et
1289 1507 1604 1570 tempestas,
1646 1511 1747 1552 nec
1785 1496 1963 1551 minus

370 1600 553 1653 visum
581 1596 726 1660 illud,
759 1597 905 1665 ipsos
932 1591 1341 1659 turbavit,.ideo
1377 1605 1554 1661 neque
1577 1589 1825 1644 tenebras
1852 1585 1963 1642 sol-

372 1693 473 1758 vit,
506 1707 678 1761 neque
703 1691 956 1759 seipsum.
976 1689 1154 1742 statim
1177 1684 1430 1752 ostendit,
1456 1695 1715 1739 exercens
1742 1679 1882 1739 illos.
1909 1685 1977 1749 ut

371 1783 511 1850 dixi,
538 1798 639 1853 per.
656 1790 921 1838 terrorum
956 1779 1345 1844 assiduitatem,
1369 1786 1425 1832 et
1451 1776 1651 1830 docens
1675 1783 1734 1828 ut
1764 1772 1969 1842 patien-

374 1886 464 1930 tes
486 1881 685 1930 essent;
708 1871 821 1928 Hoc
840 1880 895 1927 et
923 1872 976 1926 in
1000 1870 1139 1926 Jobo
1171 1869 1329 1933 fecit;
1358 1882 1480 1923 cum
1515 1866 1658 1922 enim
1690 1874 1890 1920 metum
1915 1873 1970 1919 et

376 1965 730 2021 scrutationem
762 1964 1030 2019 soluturus
1055 1970 1189 2029 erat,
1226 1970 1352 2016 tunc
1400 1959 1561 2013 ﬁnem
1587 1956 1825 2027 permisit
1850 1970 1971 2009 esse

375 2055 681 2127 graviorem
705 2070 722 2120 ;
761 2070 867 2109 non
911 2069 977 2109 ex
1003 2062 1177 2108 morte
1203 2051 1456 2116 ﬁliorum,
1486 2063 1659 2120 neque
1687 2063 1753 2103 ex
1787 2046 1973 2102 uxoris

377 2146 560 2209 dictis,
602 2144 699 2200 sed
725 2159 799 2201 ex
818 2144 1121 2215 opprobriis
1158 2157 1440 2201 servorum
1479 2150 1536 2197 et
1565 2141 1880 2197 amicorum.
1906 2139 1975 2193 Et

378 2252 507 2292 eum
534 2235 792 2292 Iacobum
822 2235 874 2290 in
911 2236 1187 2307 peregrina
1213 2241 1360 2291 terra
1385 2249 1416 2289 a
1453 2232 1671 2288 miseria
1684 2238 1974 2301 erepturus

379 2339 523 2397 erat,
554 2331 811 2402 exagitari
840 2330 990 2386 illum
1021 2339 1076 2385 et
1100 2328 1358 2397 majorem
1382 2327 1586 2397 perpeti
1617 2324 1743 2380 sivit
1768 2332 1977 2395 perturv

384 2423 677 2481 nationem.
725 2421 859 2477 Nam
913 2436 1068 2477 socer
1125 2420 1245 2491 ejus
1289 2417 1681 2489 apprehensum
1734 2415 1983 2471 occidere

386 2513 796 2579 minabatur,.et
838 2523 956 2584 post
995 2514 1141 2569 illum
1188 2511 1356 2568 frater
1383 2511 1676 2580 excipiam,
1706 2509 1980 2564 incure-

387 2621 538 2660 mum
566 2605 861 2676 periculum
883 2604 1129 2676 conjecit.
1154 2601 1287 2671 Quia
1308 2602 1588 2658 enimnon
1615 2599 1981 2671 possuntjusti

388 2697 645 2752 diuturno
672 2705 911 2767 tempore
935 2694 1679 2763 vehementer.-tentari,.cnm
1708 2710 1777 2750 ex
1812 2703 1986 2749 certa-

392 2790 542 2845 mine
568 2789 779 2844 evasuri
803 2797 948 2857 suut,
987 2798 1045 2844 ut
1070 2788 1244 2859 majus
1271 2787 1478 2843 lui-rum
1511 2794 1806 2856 reportent,
1832 2800 1989 2840 exer-

391 2884 678 2938 citationes
700 2889 880 2954 auget.
926 2882 985 2938 1d
1028 2882 1190 2938 etiam
1222 2882 1274 2936 in
1301 2880 1608 2936 Abrahamo
1651 2878 1796 2946 fecit,
1835 2880 1988 2949 cujus

396 2985 728 3044 postremum
765 2982 1040 3030 certamen
1089 2971 1448 3027 immolandas
1496 2970 1639 3026 ﬁlius
1684 2978 1801 3026 erat
1833 2967 1986 3040 (Gen.

395 3066 488 3121 ﬂ.
515 3067 590 3137 l).
618 3064 769 3121 Tunc
794 3066 935 3120 enim
964 3064 1316 3120 intolerabilia
1338 3062 1556 3119 tolerari
1578 3071 1847 3133 poterunt,
1867 3077 1989 3117 cum

400 3160 460 3214 in
479 3158 678 3229 januis,
716 3169 775 3214 ut
821 3159 891 3214 ita
920 3157 1117 3225 dicam,
1149 3157 1470 3220 inferuntur,
1515 3164 1570 3211 et
1604 3155 1711 3225 jam
1742 3154 1989 3223 proxima

400 3261 488 3308 est
513 3250 780 3306 liheratio.
811 3250 922 3305 Hoc
944 3258 1000 3305 et
1027 3258 1153 3306 tunc
1177 3249 1321 3317 fecit,
1354 3263 1454 3304 nec
1479 3248 1628 3318 prius
1656 3245 1901 3302 Christus
1931 3262 1992 3302 se

401 3345 536 3414 ipsis
570 3343 1000 3415 cognoscendum
1052 3342 1319 3415 praebuit,
1375 3340 1552 3397 donec
1605 3340 1989 3396 clamaveruut.

400 3437 614 3505 Quanto
632 3436 779 3491 enim
809 3435 980 3506 major
1006 3445 1122 3491 erat
1151 3434 1455 3505 trepidatio,
1481 3443 1631 3489 tanto
1656 3433 1860 3504 gratior
1877 3433 1996 3502 ejus

296 3609 309 3614 -
404 3530 692 3600 prmsentia
737 3527 1020 3583 videbatur
1065 3528 1216 3598 ipsis.
1264 3528 1398 3583 Cum
1448 3528 1593 3582 enim
1640 3527 1994 3591 clamassent,

404 3622 482 3676 ait
511 3639 525 3676 :
551 3623 643 3678 27.
666 3621 851 3678 Statim
879 3622 1114 3694 loquutus
1147 3630 1219 3676 est
1245 3622 1349 3676 illis
1383 3621 1536 3676 Iesus
1578 3620 1749 3676 dicens
1773 3637 1793 3676 :
1819 3620 1997 3690 Con/i-

408 3716 532 3782 dite,
560 3732 652 3787 ego
678 3731 814 3784 sum,
841 3715 996 3770 nolite
1025 3716 1217 3771 timere.
1248 3714 1361 3770 Hoc
1386 3714 1587 3770 dictum
1623 3715 1869 3770 timorem
1906 3730 2001 3770 ex.

409 3808 597 3873 cussit,
629 3814 685 3861 et
709 3805 955 3862 ﬁduciam
988 3806 1194 3861 indidit.
1225 3806 1359 3872 Quia
1393 3806 1536 3861 enim
1578 3806 1750 3875 ipsum
1785 3813 1914 3861 tunc
1931 3805 2001 3861 de

411 3899 541 3955 facie
566 3914 675 3952 non
699 3905 978 3964 noverant,
1010 3908 1066 3954 et
1087 3899 1159 3954 ob
1179 3897 1472 3953 inauditum
1488 3898 1796 3953 ambulandi
1810 3913 1999 3968 genus,

409 3998 469 4044 et
494 3989 565 4043 ob
590 3988 762 4044 noctis
794 4000 1019 4060 tempus,
1068 4005 1099 4045 a
1141 4004 1274 4045 voce
1310 4003 1371 4045 se
1410 3989 1739 4045 noscendum
1775 3990 2000 4059 praebet.

410 4078 549 4146 Quid
588 4080 748 4149 igitur
787 4080 994 4144 Petrus,
1050 4094 1263 4150 semper
1316 4079 1583 4146 fervidus,
1625 4094 1841 4150 semper
1877 4090 2004 4136 ante

411 4171 546 4225 alios
572 4171 910 4241 praesidens?
939 4171 1029 4227 28.
1059 4169 1300 4239 Domine,
1344 4172 1390 4227 si
1432 4182 1488 4226 tu
1531 4189 1605 4236 es,
1649 4172 1839 4242 inquit,
1877 4172 2007 4244 jube

412 4278 494 4316 me
519 4263 687 4317 venire
727 4264 797 4316 ad
820 4271 868 4317 te
905 4278 1057 4333 super
1085 4279 1263 4329 aquas.
1303 4262 1419 4318 Non
1458 4263 1633 4318 dixit:
1663 4264 1768 4319 Ora
1797 4273 1850 4319 et
1887 4279 2010 4335 pre-

412 4367 561 4419 care,
589 4352 686 4409 sed
713 4352 869 4408 Iube."
894 4353 1082 4410 Viden'
1107 4364 1339 4425 quantus
1366 4355 1580 4411 fervor?
1605 4365 1809 4426 quanta
1837 4355 2008 4413 ﬁdes?

412 4445 746 4516 Quamquam
784 4444 910 4501 hinc
949 4461 1094 4515 saepe
1130 4447 1539 4518 periclitaretur,
1581 4448 1722 4518 quod
1752 4448 1899 4504 ultra.
1932 4451 2012 4503 vi—

411 4536 557 4592 rium
587 4551 890 4592 mensuram
918 4547 1202 4607 quaereret.
1242 4539 1374 4594 Nam
1424 4538 1511 4595 hic
1552 4554 1666 4596 rem
1719 4542 2011 4596 maximam

412 4629 742 4700 postulabat,
779 4630 851 4685 ob
890 4632 1166 4687 caritatem
1205 4633 1400 4701 solum,
1448 4649 1567 4688 non.
1597 4634 1663 4689 ad
1693 4635 2006 4690 ostentatio-

413 4734 563 4775 nem.
584 4719 699 4775 Non
725 4720 869 4775 enim
891 4720 1044 4785 dixit,
1072 4721 1210 4779 Iube
1231 4738 1315 4778 me
1331 4723 1605 4779 ambulare
1628 4739 1793 4795 super
1807 4740 2009 4796 aquas;

411 4813 513 4869 sed
536 4813 702 4883 quid?
725 4813 861 4868 Iube
889 4831 979 4869 me
1008 4816 1175 4870 uenire
1197 4816 1266 4870 ad
1302 4825 1369 4870 te.
1401 4815 1572 4872 Nemo
1597 4816 1797 4890 quippe
1826 4819 1897 4874 ita
1924 4818 2015 4875 Je-

414 4919 538 4960 sum
566 4905 801 4961 amabat.
837 4905 965 4961 Illud
994 4908 1155 4963 etiam
1207 4917 1329 4979 post
1373 4909 1822 4965 resurrectionem
1860 4910 2007 4966 fecit.

414 4996 603 5069 Neque
643 4999 787 5054 enim
819 5001 1072 5057 sustinuit
1109 5017 1235 5058 cum
1274 5003 1411 5059 aliis.
1427 5005 1630 5072 venire,
1676 5005 1770 5061 sed
1812 5022 2018 5076 praecu-

416 5088 611 5145 currit.
641 5088 750 5145 Nec
772 5091 934 5147 modo
971 5094 1190 5162 amoris,
1222 5095 1317 5150 sed
1346 5095 1508 5152 etiam
1540 5097 1667 5153 ﬁdei
1704 5113 1818 5154 suae
1854 5115 2015 5170 argu-

420 5190 600 5236 menta
638 5182 865 5252 praebet.
906 5183 1087 5255 Neque
1133 5186 1307 5241 solum
1358 5187 1584 5244 credidit
1633 5204 1792 5260 posse
1838 5191 2014 5260 ipsum

1433 368 1505 428 μη
1546 353 1956 424 MATTIUEUM
1996 351 2231 413 ilOlliL.
2274 357 2336 414 Ι..
2374 361 2446 416 al.
2490 358 2575 417 LI.

2056 473 2551 543 apprehendit-eum,
2577 483 2624 529 et
2652 475 2775 530 dicit
2802 474 2849 529 ei
2868 492 2889 530 :
2918 474 3139 530 Modica:
3174 475 3325 544 ﬁdei,
3356 492 3512 545 quare
3536 477 3650 532 du—

2057 566 2226 621 bitasti
2249 567 2276 620 2
2300 566 2411 623 Hoc
2434 567 2618 637 priore
2634 567 2939 625 mirabilius
2955 577 3056 624 est.
3086 567 3232 624 ldeor-
3248 579 3383 639 post»
3401 569 3538 624 illud
3557 585 3651 626 ac-

2058 660 2207 715 cidit.
2235 660 2366 716 Cum
2404 662 2549 717 enim
2578 661 2902 718 ostendisset
2942 676 3003 719 se
3042 664 3178 719 mari
3207 664 3493 734 imperare,-
3525 672 3653 720 tunc

2060 755 2267 826 signum
2292 754 2588 811 mirabilius
2614 756 2811 813 effecit.
2834 757 2994 812 Tune
3007 757 3150 812 enim
3177 757 3353 812 ventis
3374 758 3654 827 imperavit

2065 857 2305 915 tantum;
2334 864 2478 904 nunc
2519 859 2699 906 autem
2725 858 2782 905 et
2809 850 2921 919 ipse
2955 850 3210 913 ambulat.
3242 859 3295 906 et
3337 850 3499 905 alium
3531 866 3656 922 per-

2002 992 2012 1001 .
2063 941 2225 996 mittit
2247 942 2524 998 ambulare
2555 960 2570 996 :
2599 942 2743 1011 quod
2769 943 2812 998 si
2838 942 3273 1012 initiojussissct,
3303 958 3411 997 non
3434 943 3514 999 sic
3534 958 3653 998 eam

2065 1048 2177 1089 rem
2206 1034 2529 1104 suscepisset
2555 1033 2765 1100 Petrus,
2797 1034 2919 1103 quia
2947 1032 3183 1089 nendum
3226 1041 3373 1088 tanta
3401 1033 3655 1104 proditus

2064 1134 2179 1181 erat
2206 1124 2330 1181 (ide.

2136 1221 2485 1292 2..Cur=ergo
2510 1221 2756 1277 Christus
2783 1220 2835 1276 id
2866 1220 3145 1290 permisit?
3183 1220 3314 1289 Quia
3342 1221 3386 1276 si
3412 1219 3656 1281 dixisset.

2066 1312 2183 1370 Non
2212 1313 2529 1384 potes,.ille,
2555 1315 2643 1383 qui
2673 1312 2885 1369 fervens
2900 1321 3035 1379 erat,
3057 1312 3485 1367 contradixisset.
3512 1311 3660 1366 Ideo-

2067 1421 2174 1478 que
2198 1421 2265 1461 ει
2293 1406 2407 1476 ipsa
2437 1421 2497 1462 re
2537 1405 2688 1462 illum
2719 1405 2770 1462 id
2810 1419 3122 1476 persuasum
3162 1404 3364 1462 habere
3388 1404 3576 1469 voluit,
3601 1413 3663 1460 ut

2070 1498 2126 1553 in
2163 1495 2346 1552 futuro
2385 1495 2680 1553 modestior
2702 1504 2864 1552 esset.
2904 1495 3013 1552 Sed
3054 1510 3229 1566 neque
3273 1496 3354 1551 sic
3397 1510 3458 1550 se
3487 1502 3665 1566 potest

2070 1593 2368 1648 continere.
2399 1588 2533 1647 Cum
2576 1590 2940 1647 descendisset
2979 1591 3158 1660 igitur,
3199 1589 3446 1645 fluctibus
3485 1588 3665 1658 exagi-

2075 1684 2283 1739 tabatur
2311 1702 2326 1738 :
2355 1684 2578 1739 timebat
2601 1683 2765 1739 enim.
2806 1680 2877 1739 Ut
2913 1683 3290 1752 exagitaretur.
3324 1680 3516 1736 ﬂuctus
3538 1680 3666 1736 etre-

2073 1776 2173 1840 cit;
2205 1784 2264 1829 ut
2289 1775 2521 1841 timeret,
2564 1783 2776 1831 ventus.
2812 1773 3050 1830 Joannes
3092 1772 3242 1847 (Cap.
3271 1772 3324 1829 6.
3347 1772 3441 1844 2|)
3490 1780 3668 1828 autem

2074 1870 2168 1933 ait,
2193 1867 2424 1922 voluisse
2442 1883 2536 1923 eos
2557 1868 2728 1939 ipsum
2756 1868 2809 1922 in
2842 1868 3141 1923 naviculam
3166 1867 3428 1937 accipere,
3458 1873 3514 1921 et
3538 1878 3671 1919 con-

2077 1959 2253 2015 festim
2290 1959 2591 2015 naviculam
2618 1959 2830 2016 venisse
2854 1960 2920 2015 ad
2952 1970 3170 2025 terram,
3198 1958 3264 2014 ad
3293 1973 3451 2030 quam
3487 1956 3673 2013 tende-

2080 2052 2242 2117 bant;
2293 2052 2521 2122 idipsnm
2569 2052 2899 2123 significans,
2933 2053 3003 2107 ita
3026 2062 3241 2108 'ntcnm
3268 2052 3333 2106 ad
3362 2063 3559 2108 terram
3581 2066 3676 2121 ap-

2080 2143 2283 2213 palsuri
2316 2151 2529 2210 essent,
2552 2143 2603 2197 in
2643 2144 2909 2214 navigium
2932 2145 3266 2199 ascenderet.
3291 2141 3423 2198 Cum
3452 2142 3677 2197 descen-

2080 2235 2286 2292 dissent
2310 2251 2440 2307 ergo
2464 2236 2531 2292 de
2558 2237 2700 2304 navi,
2734 2236 2800 2291 ad
2828 2237 3002 2305 ipsum
3031 2231 3158 2301 ibat,
3188 2236 3396 2290 non‘ita
3437 2237 3677 2305 gaudens

2082 2328 2235 2398 quod-
2274 2343 2435 2399 supra
2474 2343 2659 2399 aquas
2683 2329 3001 2395 ambularet,
3029 2342 3191 2398 quam
3207 2327 3358 2398 quod
3388 2327 3475 2381 ad’
3504 2328 3678 2397 ipsum

2085 2423 2568 2477 venirem-etcum
2597 2420 2649 2476 id
2679 2420 2825 2491 quod
2847 2420 3021 2490 majus
3041 2428 3159 2475 erat
3182 2429 3582 2490 assequerctur,
3611 2435 3677 2474 ex

2086 2514 2281 2570 minori
2311 2513 2708 2584 pcriclitaturus
2746 2522 2886 2579 erat,
2924 2527 2955 2567 a
2986 2511 3128 2567 venti
3167 2511 3290 2569 dico
3320 2513 3543 2580 impetu,
3575 2528 3678 2565 nou

2087 2622 2120 2663 a
2149 2608 2301 2662 mari.
2333 2606 2476 2661 Talis
2501 2607 2697 2678 quippe
2728 2614 2812 2661 est
2848 2605 3077 2660 humana
3113 2614 3302 2660 natura
3332 2620 3346 2657 :
3378 2618 3524 2675 saepe
3560 2618 3679 2659 cum

2092 2716 2281 2771 magna
2307 2700 2596 2770 superavit,
2622 2714 2653 2754 a
2676 2700 2973 2753 minoribus
3002 2698 3250 2753 vincitur.

2171 2792 2350 2847 Petrus
2375 2809 2477 2847 non
2507 2794 2604 2846 nisi
2629 2792 2891 2862 deﬁciente
2929 2792 3030 2857 [ide
3059 2808 3210 2860 super
3236 2806 3394 2860 aquas
3423 2790 3677 2843 titubavit.

2095 2885 2326 2941 Christus
2370 2886 2650 2940 divinitatis
2694 2899 2801 2939 sua:
2845 2885 2998 2954 ﬁdem
3039 2884 3331 2938 adstruebat
3376 2882 3565 2937 nedum
3602 2885 3684 2936 de.

2095 2985 2330 3032 strueret.
2374 2975 2442 3029 In
2466 2975 2792 3030 Eucharistia
2816 2974 2983 3047 ipsum
3026 2974 3217 3031 Christi
3241 2990 3426 3044 corpus
3463 2973 3686 3027 comedi-

2096 3079 2197 3124 tur.
2213 3100 2287 3111 —
2301 3069 2451 3138 Quod
2470 3071 2631 3124 etiam
2653 3069 2796 3124 Elias
2812 3069 2912 3124 sub
2932 3067 3178 3124 Iezabele
3203 3082 3394 3139 passus
3415 3075 3516 3129 est,
3545 3063 3686 3136 quod

2097 3163 2308 3235 Moyses
2327 3164 2394 3217 ab
2414 3162 2689 3234 Egyptio,
2714 3162 2881 3218 David
2908 3179 2938 3218 a
2961 3162 3248 3217 Bersabee.
3276 3160 3348 3214 Ita
3369 3170 3424 3216 et
3456 3159 3645 3215 Petrus
3673 3175 3689 3213 :

2100 3256 2331 3311 instante
2362 3255 2539 3311 adhuc
2577 3266 2784 3311 terrore
2821 3269 2985 3325 super
3010 3269 3181 3325 aquas
3214 3253 3495 3309 ambulare
3531 3266 3691 3309 ausus

2100 3360 2204 3417 est,
2234 3350 2326 3406 sed
2365 3360 2569 3407 contra
2594 3353 2739 3407 venti
2778 3351 3037 3420 impetum
3081 3362 3225 3407 Stare
3264 3366 3372 3406 non
3416 3350 3608 3423 potuit,
3642 3358 3693 3405 et

2104 3444 2204 3499 hoc
2249 3458 2369 3498 cum
2405 3459 2573 3515 prope
2610 3443 2884 3499 Christum
2923 3452 3086 3500 esset.
3130 3443 3207 3498 Ita
3244 3442 3553 3513 nihil'juvat
3577 3456 3695 3499 esse

2103 3551 2270 3609 prope
2293 3537 2587 3604 Christum,
2612 3537 2716 3593 nisi
2749 3537 2854 3593 ﬁde
2882 3552 3051 3608 prope
3063 3539 3166 3593 sis.
3195 3538 3317 3594 line
3337 3551 3499 3609 porro
3518 3552 3693 3608 quan-

2106 3638 2219 3683 tum
2238 3639 2383 3684 esset
2408 3629 2548 3684 inter
2572 3629 2883 3700 Magistrum
2920 3637 2977 3684 et
3000 3629 3321 3700 discipulum
3358 3629 3697 3684 intervallum

2104 3721 2358 3787 ostendit,
2384 3721 2608 3792 aliisque
2634 3721 2988 3777 consolationi
3018 3720 3133 3775 fuit.
3166 3720 3295 3775 Nam
3326 3720 3371 3774 si
3398 3720 3466 3774 de
3493 3719 3699 3776 duobus

2110 3815 2360 3872 fratribus
2402 3816 2523 3871 irati
2554 3825 2698 3882 sunt,
2740 3816 2908 3870 multo
2944 3815 3112 3885 magis
3147 3813 3234 3869 hic
3269 3813 3523 3884 indignati
3567 3812 3701 3869 fuiso

2108 3890 2548 3963 seintruondnm
2591 3908 2732 3962 enim
2773 3907 3028 3977 Spiritum
3066 3915 3309 3961 sanctum
3362 3917 3701 3976 acceperant.

2110 3996 2215 4055 Sed
2242 4006 2427 4068 postea
2465 4013 2569 4052 non
2602 3998 2741 4055 tales
2785 3997 3018 4054 fuerunt.
3063 3997 3272 4069 Ubique
3315 3998 3458 4054 enim
3504 3999 3703 4068 primas

2112 4090 2270 4146 Petro
2284 4089 2604 4156 concedunt,
2632 4100 2687 4146 et
2714 4090 2779 4146 ad
2810 4092 3096 4147 conciones
3124 4091 3364 4160 publicas
3391 4090 3540 4145 illum
3563 4106 3706 4162 prie-

2112 4181 2310 4249 ferunt,
2335 4183 2579 4252 quamvis
2601 4183 2810 4239 caeteris
2830 4183 3014 4238 rndior
3039 4183 3326 4238 videretur.
3352 4183 3456 4239 Sed
3484 4198 3580 4238 cur
3603 4198 3706 4238 non

2112 4274 2396 4345 imperavit
2424 4274 2597 4331 ventis
2642 4283 2701 4329 ut
2736 4277 3092 4345 quiescerent,
3140 4276 3234 4332 sed
3282 4288 3498 4333 emensa
3550 4291 3709 4331 manu

2113 4365 2469 4437 apprehendit
2516 4366 2679 4423 eum?
2707 4367 2841 4436 Quia
2879 4367 2985 4423 ﬁde
3026 4367 3193 4438 ipsius
3233 4384 3369 4439 opus
3399 4377 3532 4423 erat.
3574 4368 3709 4423 Cum

2114 4459 2260 4515 enim
2286 4468 2467 4515 nostra
2499 4459 2770 4527 desinunt,
2794 4475 2911 4532 qua:
2942 4460 3035 4516 Dei
3067 4467 3191 4514 sunt
3228 4460 3387 4515 etiam
3428 4461 3707 4515 sistuntur.

2115 4550 2417 4607 Ostendens
2452 4552 2631 4622 igitur,
2664 4568 2770 4608 non
2809 4551 2952 4608 venti
2987 4553 3263 4622 impetum,
3310 4550 3404 4607 sed
3446 4549 3723 4607 modicam

2116 4644 2236 4713 ejus
2262 4643 2419 4699 ﬁdem
2461 4644 2636 4714 ipsum
2670 4645 2949 4712 evertisse,
2989 4644 3101 4699 ait:
3129 4642 3516 4714 Mediae/ﬁdei,
3557 4659 3713 4714 quare

2118 4737 2359 4795 dubitasti
2368 4738 2405 4792 θ
2427 4737 2607 4808 Itaque
2632 4738 2734 4793 nisi
2759 4737 2893 4794 ﬁdes
2913 4737 3122 4793 inﬁrma
3155 4736 3364 4801 fuisset,
3395 4735 3555 4791 etiam
3578 4751 3721 4791 con—A

2120 4842 2203 4889 tra
2244 4841 2464 4888 ventum
2507 4831 2663 4888 facile
2713 4832 2968 4887 stetisset.
3012 4831 3349 4901 Quapropter
3392 4830 3482 4884 illo
3525 4845 3714 4900 appro.

2119 4922 2311 4991 henso,
2339 4935 2555 4979 ventum
2596 4924 2724 4979 flare
2769 4923 2998 4986 sinebat,
3030 4920 3322 4977 ostendens
3362 4921 3496 4977 nihil
3538 4921 3713 4994 ipsum

2080 5086 2088 5094 .
2121 5016 2340 5083 laedere,
2372 5017 2425 5072 si-
2455 5016 2588 5072 ﬁdes
2628 5017 2780 5072 ﬁrma
2823 5027 2989 5071 esset.
3036 5012 3108 5071 Et
3152 5016 3290 5071 sicut
3328 5014 3553 5085 pullum,
3592 5024 3716 5070 ante

2121 5116 2332 5178 tempus
2379 5124 2411 5164 e
2463 5108 2589 5163 nido
2635 5123 2936 5180 egressum,
2987 5118 3042 5164 et
3079 5107 3300 5178 jamjam
3353 5108 3713 5178 delapsurum.

2122 5211 2295 5257 mater
2319 5203 2421 5257 alis
2453 5210 2758 5256 sustentans
2795 5202 2848 5256 in
2886 5200 3069 5256 nidum
3101 5200 3328 5267 reducit,
3359 5199 3438 5255 sic
3474 5209 3529 5255 et
3563 5199 3723 5254 Chri-

418 5270 694 5329 ³¹¹¹δυ¹πθ
720 5287 881 5344 supra
913 5292 1079 5340 “me,
1111 5277 1205 5334 sed
1234 5280 1393 5334 ﬁliam
1423 5281 1545 5337 aliis
1579 5296 1764 5352 Parem
1794 5283 2017 5340 faculta-
2036 5291 2097 5358 ξ’
2121 5302 2239 5348 stus
2274 5291 2420 5348 fecit.
2465 5291 2555 5348 52.
2587 5290 2792 5347 Etcum
2816 5292 3158 5348 ascendissent
3182 5292 3238 5346 in
3263 5292 3564 5352 naviculam,
3602 5301 3718 5343 tunc

421 5368 531 5418 tem
581 5362 713 5420 dare
756 5383 771 5417 :
811 5365 1187 5440 desideratqne
1225 5371 1334 5427 cito
1367 5372 1433 5427 ad
1484 5374 1658 5443 ipsum
1710 5380 2015 5446 pervenire.

419 5452 517 5511 29.
546 5453 669 5525 Ipse
708 5465 877 5511 autem
922 5460 1052 5514 dixit
1076 5476 1097 5515 :
1133 5460 1277 5516 Veni.
1324 5464 1389 5518 Et
1418 5482 1533 5519 cum
1586 5467 1917 5524 descendisset
1956 5471 2023 5525 de

423 5545 660 5602 navicula
703 5546 912 5617 Petrus,
953 5551 1244 5608 ambulabat
1271 5573 1426 5625 super
1465 5576 1643 5627 aquas,
1691 5571 1740 5615 et
1780 5563 1911 5616 venit
1949 5564 2019 5617 ad

423 5633 621 5693 Iesum.
659 5640 747 5696 50.
780 5640 878 5696 Ubi
917 5644 1040 5698 vidit
1082 5656 1250 5700 autem
1286 5658 1487 5702 ventum
1525 5651 1770 5719 ualidum,
1807 5655 2019 5711 timuit:

402 5741 474 5785 et
493 5748 607 5787 cum
634 5734 862 5803 cupisset
892 5738 1068 5808 mergi,
1114 5739 1351 5796 clamauit
1396 5744 1585 5811 dicens,
1637 5746 1870 5815 Domine,
1909 5750 2019 5804 sal—

423 5837 541 5877 um
565 5841 645 5880 me
666 5829 769 5892 fac.
801 5828 892 5884 51.
925 5828 1113 5886 Statim
1155 5847 1270 5888 vero
1302 5832 1454 5890 Iesus
1497 5839 1768 5896 extendens
1811 5857 2016 5898 manum

2121 5385 2332 5439 cessavit
2379 5395 2574 5439 ventus.
2615 5385 2772 5440 Prius
2811 5385 3025 5456 quidem
3073 5384 3323 5441 dicebant
3359 5403 3372 5438 :
3418 5383 3597 5449 Qualis
3642 5392 3718 5437 est

2124 5476 2206 5529 hic
2230 5476 2401 5540 homo,
2434 5477 2554 5546 quia
2572 5480 2702 5531 venti
2723 5485 2770 5531 et
2784 5493 2923 5530 mare
2943 5476 3180 5531 obedinnt
3201 5477 3247 5530 ei
3267 5474 3477 5539 (Matth;
3507 5476 3565 5530 8‘.‘
3583 5474 3718 5545 27)?

2124 5568 2274 5624 Nunc
2295 5578 2471 5624 autem
2506 5585 2613 5624 non
2640 5572 2737 5625 sic.
2769 5570 2859 5625 55.
2897 5569 3030 5624 Nam
3071 5568 3172 5634 Qui
3198 5568 3253 5622 in
3291 5566 3522 5621 nauicula
3553 5575 3715 5633 erant;

2125 5662 2316 5732 inquit,
2355 5664 2605 5718 venientes
2633 5663 2972 5716 adoraverunt
3016 5678 3131 5715 eum
3161 5662 3381 5715 dicentes
3410 5676 3429 5714 :
3464 5658 3591 5713 Vere
3623 5657 3717 5712 Fi-

2124 5755 2225 5809 lius
2245 5752 2345 5810 Dei
2374 5771 2445 5811 es.
2490 5755 2677 5810 Vlden’
2710 5754 2977 5824 quomodo
3012 5754 3262 5824 paulatim
3299 5752 3364 5808 ad
3403 5752 3716 5810 Sublimiora

2126 5858 2314 5901 omnes
2339 5846 2536 5901 durat?
2573 5846 2704 5902 Nam
2746 5848 2870 5911 quia
2909 5847 2981 5902 in
3005 5847 3135 5903 mari
3163 5847 3472 5911 ambulavit,
3507 5856 3571 5904 et
3593 5847 3719 5913 quia
