4102 6458
449 373 550 427 507

447 483 609 538 alium
634 482 794 554 jussit
823 484 874 539 id
903 483 1096 550 facere,
1128 499 1192 538 ac
1213 485 1600 554 periclitantem
1634 486 1888 547 servavit,
1911 485 2036 540 hinc

450 577 584 632 ﬁdes
623 592 810 632 eorum
855 576 1144 632 admodum
1177 585 1330 631 aucta
1380 588 1482 632 est.
1519 577 1670 632 Tunc
1703 578 1851 632 enim
1890 591 2038 632 mare

449 671 763 741 increpavit,
796 687 936 726 nunc
975 686 1080 726 non
1122 671 1380 740 increpat,
1417 671 1522 726 alio
1549 671 1843 741 majorique
1877 669 2037 725 modo

447 764 737 832 potentiam
761 779 914 819 suam
941 762 1250 820 ostendens.
1289 762 1414 818 ideo
1455 763 1704 818 dicebant
1731 779 1746 817 :
1784 761 1910 816 Vere
1937 760 2035 815 Fi-

445 858 547 912 lius
579 855 675 912 Dei
701 874 772 912 es.
811 857 946 925 Quid
977 857 1180 927 igitur?
1217 873 1286 911 an
1324 857 1620 927 increpavit
1655 871 1751 912 eus
1794 855 1884 926 qui
1936 857 2036 909 hoc

444 947 721 1004 dicereut?
751 949 862 1002 lino
890 957 1076 1003 contra
1101 948 1322 1003 omnino
1352 963 1366 1000 :
1396 948 1499 1002 hoc
1524 947 1725 1002 dictum
1751 946 1911 1002 etiam
1940 948 2034 1000 ﬁr-

443 1039 628 1105 mavit,
659 1056 779 1093 cum
821 1039 1010 1110 majori
1043 1048 1304 1109 potestate
1344 1053 1538 1094 curans
1568 1052 1662 1094 eos
1688 1038 1779 1108 qui
1808 1037 2033 1093 accede-

444 1139 601 1197 rent,
630 1140 684 1184 et
735 1145 840 1184 non
883 1140 939 1185 ut
990 1139 1167 1185 antea.
1202 1131 1294 1186 δι.
1348 1129 1413 1183 Et
1453 1146 1567 1182 etim
1606 1132 2028 1199 transfretassent,

444 1223 635 1293 inquit,
665 1233 906 1276 uenerunt
939 1224 992 1275 in
1023 1233 1208 1278 terram
1243 1222 1534 1277 Genesaret.
1570 1223 1660 1278 35.
1705 1221 1773 1276 Et
1801 1239 1916 1276 cum
1943 1239 2032 1276 co-

441 1317 728 1388 gnouissent
755 1334 871 1371 eunt
909 1318 999 1370 uiri
1029 1317 1129 1372 loci
1155 1317 1313 1382 illius,
1346 1317 1585 1370 miserunt
1614 1317 1670 1370 in
1694 1333 1893 1369 omnem
1933 1317 2033 1369 cir-

439 1426 557 1462 cum
589 1411 844 1480 regionem
869 1409 1034 1476 illam,
1061 1419 1112 1462 et
1140 1409 1425 1463 obtulerunt
1459 1412 1509 1462 ei
1551 1425 1724 1462 omnes
1761 1409 1892 1461 male
1933 1407 2031 1459 ha-

441 1503 630 1565 bentes,
662 1502 750 1558 56.
782 1513 828 1558 et
849 1502 1091 1574 rogabant
1111 1511 1165 1555 ut
1185 1511 1447 1572 tangerent
1475 1501 1727 1571 ﬁmbriam
1757 1500 2033 1554 vestimenti

441 1595 571 1664 ejus,
597 1604 645 1649 et
674 1605 914 1666 quotquot
953 1595 1238 1666 tetigerunt,
1264 1594 1394 1648 salvi
1427 1595 1550 1664 facti
1580 1603 1717 1647 sunt.
1747 1591 1861 1646 Non
1887 1592 2030 1647 enim

440 1696 500 1741 ut
522 1687 671 1757 prius
693 1688 866 1756 ipsum
894 1687 962 1743 ad
986 1687 1176 1742 domos
1205 1701 1332 1742 suas
1356 1685 1657 1750 trahebant,
1691 1699 1788 1740 nec
1820 1690 2031 1753 quere-

441 1779 569 1833 bant
597 1787 655 1833 ut
673 1794 832 1834 inane
857 1788 1113 1851 tangeret,
1137 1795 1202 1836 ac
1215 1780 1391 1836 verbis
1420 1779 1745 1849 imperaret:
1771 1777 1866 1833 sed
1899 1775 2030 1832 sub-

441 1870 618 1925 limius
644 1871 1064 1941 sapientiusque,
1104 1886 1168 1927 ac
1203 1887 1325 1928 cum
1353 1871 1538 1941 majori
1566 1869 1669 1926 ﬁde
1698 1870 2027 1925 curationem

443 1963 816 2034 impetrabant.
838 1963 971 2018 Nam
999 1979 1060 2019 ea
1097 1979 1218 2034 quae
1261 1965 1460 2018 ﬂuxum
1490 1962 1761 2033 sanguinis
1793 1962 2030 2032 patiebac

441 2067 545 2122 tur,
591 2057 841 2111 omnibus
883 2057 1230 2127 philosophia:
1279 2056 1436 2127 hujus
1485 2057 1736 2126 magistra
1784 2054 1901 2109 fuit.
1958 2053 2029 2111 Ut

439 2148 686 2202 ostendat
726 2156 903 2203 autem
953 2147 1296 2218 evangelista,
1349 2147 1460 2218 jam
1506 2161 1536 2200 a
1579 2147 1750 2201 multo
1787 2155 2030 2214 tempore

440 2239 612 2307 ipsum
643 2239 697 2294 in
744 2243 842 2294 has
890 2250 1070 2310 partes
1109 2239 1343 2302 venisse,
1384 2239 1501 2294 ait:
1531 2236 1657 2293 Cum
1685 2239 2030 2309 cognovissent

439 2331 530 2384 uiri
551 2330 648 2385 loci
675 2333 836 2397 illius,
867 2332 1109 2386 miserunt
1131 2331 1197 2384 ad
1222 2348 1419 2386 omnem
1453 2331 1646 2384 circum
1673 2330 1949 2400 regionem,
1981 2339 2030 2383 et

437 2433 653 2493 ingratos
681 2422 956 2491 oﬂ'erebanl
977 2425 1044 2480 ei.
1071 2425 1322 2478 Attamen
1352 2432 1562 2492 tempus
1590 2437 1694 2476 non
1723 2422 1884 2476 modo
1921 2438 2027 2476 non

435 2516 596 2570 solvit
625 2517 805 2582 ﬁdem,
829 2517 922 2572 sed
948 2525 1002 2570 et
1030 2515 1286 2585 majorem
1313 2514 1512 2578 eﬂecit,
1545 2523 1600 2569 et
1623 2515 1888 2585 vigentem
1917 2531 2030 2571 ser-

435 2607 600 2662 vavit.
639 2607 941 2678 Tangamus
981 2622 1111 2676 ergo
1152 2621 1250 2660 nos
1291 2621 1506 2676 quoque
1554 2605 1814 2659 ﬁmbriam
1862 2607 2030 2660 vesti-

438 2698 602 2753 menti
632 2699 781 2768 ejus;
810 2698 941 2765 imo,
967 2699 1020 2753 si
1057 2699 1300 2764 velimus,
1338 2707 1506 2752 totum
1534 2697 1706 2766 ipsum
1745 2697 2026 2753 habemus.

435 2789 570 2846 Nam
593 2805 788 2860 corpus
825 2805 969 2845 nunc
1013 2789 1168 2844 nobis
1198 2790 1526 2861 propositum
1564 2799 1681 2855 est;
1723 2804 1831 2844 non
1861 2790 2028 2845 vesti-

435 2893 678 2940 utentum
703 2894 926 2949 tantum,
954 2884 1049 2939 sed
1070 2899 1294 2954 corpus;
1317 2899 1422 2939 non
1452 2893 1509 2938 ut
1532 2891 1811 2954 tangamus
1830 2883 2026 2948 solum,

435 2977 532 3032 sed
571 2977 731 3033 etiam
763 2986 822 3031 ut
862 2975 1231 3042 comedamus,
1279 2983 1335 3030 et
1375 2975 1654 3030 satiemur.
1695 2975 2030 3031 Accedamus

436 3072 614 3141 itaque
638 3085 762 3127 cum
796 3070 919 3134 ﬁde,
947 3071 1138 3139 singuli
1172 3077 1516 3140 agrotantes.
1541 3068 1675 3125 Nam
1705 3071 1748 3124 si
1780 3069 1815 3124 ii
1844 3070 1934 3140 qui
1974 3070 2027 3124 in

439 3162 702 3217 ﬁmbriam
741 3162 1044 3216 vestimenti
1081 3161 1197 3231 ejus
1232 3161 1538 3231 tangebant,
1577 3170 1778 3216 tantam
1812 3161 1912 3216 sibi
1943 3169 2028 3215 at-

436 3265 649 3310 traxere
690 3255 963 3321 virtutem,
1011 3264 1210 3325 quantu
1243 3256 1414 3326 magis
1453 3256 1487 3309 ii
1537 3256 1628 3325 qui
1658 3264 1825 3310 totum
1855 3256 2027 3325 ipsum

437 3349 655 3406 tenent?
703 3348 978 3404 Accedere
1015 3357 1193 3403 autem
1243 3363 1367 3403 cum
1416 3346 1524 3402 ﬁde
1553 3363 1658 3402 non
1700 3357 1786 3402 est
1823 3357 2027 3402 tantum

431 3443 768 3512 propositum
817 3455 1016 3511 corpus
1059 3442 1336 3510 accipere,
1381 3439 1476 3495 sed
1517 3455 1638 3494 cum
1690 3454 1822 3508 puro
1867 3437 2032 3494 corde

439 3543 677 3601 tangere,
708 3539 868 3601 atque
896 3532 964 3585 ita
994 3529 1241 3584 affectum
1269 3544 1406 3595 esse,
1438 3544 1501 3584 ac
1520 3529 1562 3584 si
1585 3528 1654 3584 ad
1677 3531 1848 3597 ipsum
1879 3529 2034 3584 Chri-

439 3633 579 3679 stum
605 3623 850 3679 accedas.
873 3623 1010 3690 Quid
1037 3623 1202 3689 euim,
1247 3623 1293 3678 si
1332 3637 1516 3677 vocem
1555 3623 1671 3692 ejus
1709 3637 1814 3676 non
1839 3621 2030 3677 audis?

438 3719 508 3770 At
529 3715 678 3770 vides
699 3714 844 3768 illum
863 3715 1150 3784 jacentem,
1183 3714 1290 3768 imo
1319 3727 1450 3768 vero
1484 3728 1670 3768 vocem
1696 3712 1815 3783 ejus
1854 3712 2030 3779 audis,

440 3808 710 3878 loquentis
732 3823 824 3874 per
847 3808 1222 3877 evangelistas.

510 3900 563 3954 ὃ.
593 3897 808 3954 Credite
841 3898 1018 3968 igitur,
1050 3913 1192 3953 nunc
1226 3897 1371 3952 illam
1406 3911 1615 3953 omnem
1654 3897 1938 3964 celebrari,
1977 3898 2030 3953 in

439 4007 542 4063 qua
573 3991 688 4062 ipse
710 3991 1070 4047 recumbebat.
1105 3990 1246 4045 Nihil
1266 3992 1462 4061 quippe
1488 3991 1605 4046 haec
1625 3991 1694 4046 ab
1715 3991 1804 4047 illa
1832 3991 2028 4047 differt.

438 4083 625 4153 Neque
661 4083 804 4138 enim
847 4082 986 4136 hanc
1027 4081 1188 4136 homo
1229 4083 1415 4147 efﬁcit,
1451 4084 1594 4137 illam
1638 4084 1899 4150 Christus,
1937 4085 2029 4140 sed

443 4179 529 4232 hic
572 4177 688 4246 ipsc
738 4185 1036 4246 utramque.
1085 4175 1309 4244 Quando
1360 4177 1518 4245 igitur
1561 4176 1893 4232 sacerdotem
1941 4177 2030 4232 tibi

439 4268 769 4336 praebentem
811 4267 980 4332 vides,
1017 4283 1086 4321 ne
1121 4275 1274 4336 putes
1307 4267 1643 4322 sacerdotem
1689 4267 1793 4323 hoc
1824 4269 2030 4333 facere;

440 4360 535 4416 sed
561 4358 756 4414 Christi
789 4375 1002 4412 manum
1044 4374 1165 4414 esse
1203 4375 1323 4427 qua:
1351 4359 1672 4413 extenditur.
1705 4359 1856 4414 Sicut.
1887 4360 2032 4414 enim

441 4468 564 4507 cum
601 4449 853 4505 sacerdos
883 4450 1134 4520 baptizat,
1165 4466 1270 4504 non
1299 4450 1411 4520 ipse
1451 4451 1704 4520 baptizat,
1743 4451 1838 4506 sed
1873 4453 2032 4518 Deus,

442 4544 529 4614 qui
557 4553 718 4615 caput
746 4554 892 4599 tuum
925 4543 1175 4599 invisibili
1215 4543 1411 4599 virtute
1449 4553 1610 4611 tenet,
1642 4561 1705 4600 ac
1741 4561 1917 4616 neque
1940 4563 2038 4601 an-

437 4636 611 4707 gelus,
638 4650 812 4705 neque
846 4634 1216 4705 archangelus,
1256 4650 1363 4690 nec
1409 4635 1544 4692 alius
1569 4637 1832 4706 quiSpiam
1871 4637 2037 4693 audet

441 4729 700 4785 accedere
734 4737 788 4783 et
814 4738 865 4784 te
896 4737 1112 4798 tangere
1140 4747 1154 4781 :
1186 4729 1264 4782 sic
1298 4737 1354 4784 et
1375 4744 1538 4784 nunc.
1574 4728 1707 4785 Nam
1741 4745 1863 4784 cum
1896 4731 2037 4787 Deus

442 4821 589 4875 solus
616 4831 917 4890 regenerat,
947 4821 999 4875 id
1048 4820 1154 4876 Dei'
1174 4820 1340 4875 solius
1379 4823 1577 4876 donum
1606 4831 1710 4877 est.
1741 4821 1927 4878 Nonne
1956 4823 2037 4877 vi-

444 4913 539 4968 des
564 4927 660 4968 cos
695 4913 785 4981 qui
817 4913 903 4968 hic
941 4913 996 4967 in
1041 4913 1179 4968 ﬁlios
1223 4912 1564 4984 adeptantur.
1617 4912 1889 4982 quomodo
1928 4929 2033 4969 non

444 5021 558 5061 rem
603 5005 776 5060 servis
817 5007 1174 5073 committant,
1222 5005 1318 5061 sed
1350 5005 1450 5074 ipsi
1489 5005 1556 5059 ad
1585 5004 1759 5061 forum
1783 5005 2036 5075 judiciale

441 5098 659 5154 adsint?
692 5094 781 5152 Sic
810 5097 948 5152 Deus
979 5113 1086 5152 non
1111 5099 1314 5168 angelis
1353 5099 1457 5154 hoc
1497 5113 1693 5153 munus
1719 5099 1988 5153 commisit
2019 5117 2033 5154 :

441 5190 536 5246 scd
559 5189 674 5259 ipse
695 5189 847 5245 adest
866 5189 1063 5259 jubens
1093 5199 1148 5244 ct
1175 5191 1360 5246 dicens
1392 5207 1406 5245 :
1439 5189 1615 5245 Nolite
1639 5206 1819 5246 uocare
1843 5202 2037 5261 patrem

439 5299 593 5354 super
617 5292 801 5337 terram
826 5281 1040 5356 (Matth.
1067 5281 1156 5337 25.
1184 5281 1274 5354 9);
1305 5298 1410 5337 non
1437 5290 1498 5337 ut
1523 5293 1772 5353 parentes
1799 5291 2039 5338 contem-

441 5386 565 5443 nat;
592 5375 686 5431 sed
715 5382 773 5428 ut
816 5374 921 5429 illis
957 5373 1497 5429 omnibusl‘actorem
1525 5384 1677 5429 tuum
1717 5382 2034 5445 anteponas,

441 5470 532 5539 qui
565 5479 617 5525 te
656 5469 796 5524 inter
824 5467 967 5522 ﬁlios
993 5482 1120 5523 suos
1149 5467 1452 5537 adscripsit.
1489 5466 1621 5522 Nam
1649 5467 1740 5538 qui
1793 5467 1845 5522 id
1893 5468 2036 5537 quod

441 5562 616 5630 majus
636 5571 755 5618 erat
777 5561 946 5624 dedit,
978 5561 1079 5616 hoc
1107 5570 1207 5626 est,
1242 5561 1499 5630 seipsum,
1539 5561 1710 5616 multo
1745 5560 1914 5632 magis
1952 5560 2037 5614 di.

443 5652 690 5721 guabitur
716 5669 871 5709 suum
898 5653 991 5708 tibi
1019 5653 1234 5709 tradere
1274 5666 1488 5721 corpus.
1518 5651 1812 5706 Audiamus
1855 5651 2036 5721 igitur,

443 5753 498 5796 rt
535 5743 862 5808 sacerdotes,
894 5753 948 5799 et
973 5743 1168 5800 subditi
1210 5743 1310 5808 eis,
1358 5751 1555 5809 quanto
1591 5755 1813 5796 munere
1840 5742 2036 5812 dignati

445 5833 639 5896 simus;
679 5832 975 5901 audiamus,
1019 5845 1074 5890 et
1115 5833 1606 5905 perhorrescamus.
1649 5831 1839 5887 Sacras
1886 5833 2038 5890 nobis

1107 372 1165 428 S.
1204 372 1481 429 JOANNlS
1516 369 1992 429 CIIRYSOSTOMI
2039 373 2356 430 ARCIIIEP.
2396 375 2933 438 CONSTANTINOP.

3627 389 3745 447 ειη

2145 501 2334 542 carnes
2363 503 2490 546 suas
2508 492 2869 549 cumedeudas
2897 495 3063 562 dedit,
3093 497 3329 567 seipsum
3357 503 3602 571 apposuit
3629 504 3742 557 im-

2143 579 2421 634 molatum.
2448 581 2578 647 Quae
2609 584 2767 654 igitur
2805 587 2961 642 nobis
3004 591 3278 645 excusatio
3323 592 3444 658 erit,
3486 608 3604 647 cum
3637 595 3747 648 tali

2141 673 2278 740 pasti
2304 673 2445 740 cibo,
2481 675 2656 729 taliter
2682 679 3006 745 peccemus?
3046 695 3166 736 cum
3202 697 3397 753 agnum
3441 685 3741 740 comeden-

2143 770 2244 828 tes,
2274 763 2380 835 lupi
2429 765 2729 822 efﬁcimur?
2767 783 2888 825 cum
2917 786 3070 827 ovem
3116 774 3520 843 manducantes,
3565 779 3745 833 instar

2141 853 2354 910 leonum
2382 859 2658 927 repimus?
2700 860 2813 916 lloc
2849 864 3046 934 quippe
3074 869 3386 938 mysterium
3423 885 3527 925 non
3555 871 3740 926 solum

2139 960 2169 999 a
2215 949 2397 1018 rapina
2425 989 2442 1016 ,
2478 952 2573 1006 sed
2598 953 2759 1009 etiam
2787 970 2818 1009 a
2854 957 2955 1012 levi
3007 958 3278 1016 inimicitia
3309 978 3472 1032 puros
3517 981 3744 1036 semper

2139 1054 2260 1096 esse
2282 1043 2456 1112 jubet.
2497 1043 2630 1099 Nam
2682 1047 2784 1102 hoc
2836 1052 3171 1120 mysterium,
3223 1054 3368 1124 pacis
3414 1065 3496 1110 est
3525 1070 3741 1129 myste-

2139 1131 2277 1186 rium
2310 1148 2324 1182 :
2357 1148 2456 1190 nec
2480 1136 2608 1190 sinit
2633 1136 2831 1194 divitiis
2871 1156 2992 1198 esse
3038 1143 3299 1200 addictos.
3350 1145 3481 1202 Nam
3530 1150 3573 1203 si
3614 1150 3742 1218 ipse

2140 1235 2358 1296 pr0pter
2385 1242 2485 1282 nos
2529 1229 2628 1284 sibi
2675 1231 2776 1301 ipsi
2815 1249 2922 1289 non
2971 1237 3230 1307 pepercit,
3268 1253 3378 1309 quo
3422 1242 3622 1296 erimus
3648 1245 3742 1298 di-

2137 1316 2226 1384 gni
2269 1319 2533 1388 supplicio
2559 1322 2605 1376 si
2643 1323 2844 1380 divitiis
2885 1341 3188 1397 parcamus,
3241 1333 3580 1404 animamque
3630 1351 3741 1390 ne-

2135 1409 2440 1478 gligamus,
2493 1429 2590 1484 pro
2635 1431 2741 1488 qua
2800 1418 2916 1489 ipse
2965 1421 3065 1476 sibi
3120 1423 3220 1493 ipsi
3271 1440 3379 1480 non
3442 1429 3739 1496 pepercit?

2137 1503 2337 1560 Judaeis
2363 1507 2582 1577 quidem
2635 1484 2920 1581 quotannis
2963 1515 3016 1569 in
3065 1484 3379 1573 memoriam
3429 1484 3734 1577 beneﬁcio-
3779 1484 3793 1582 i

2137 1610 2254 1650 rum
2297 1598 2518 1653 suorum
2547 1600 2913 1659 solemnitates
2964 1604 3106 1661 Deus
3149 1607 3417 1676 instituit;
3462 1611 3556 1667 tibi
3598 1628 3739 1668 vero

2135 1685 2358 1756 singulis
2395 1704 2541 1760 pene
2581 1691 2769 1748 diebus
2819 1709 2913 1764 per
2964 1695 3081 1752 hinc
3119 1711 3271 1753 sacra
3326 1701 3600 1771 mysteria.
3649 1701 3739 1757 Ne

2137 1776 2294 1846 igitur
2331 1794 2544 1837 crucem
2589 1784 2876 1842 erubescas
2907 1803 2923 1842 :
2955 1787 3070 1843 lucc
3121 1791 3318 1860 quippe
3367 1801 3492 1847 sunt
3531 1793 3732 1848 decora

2135 1881 2339 1938 nostra,
2372 1872 2488 1930 hare
2523 1886 2704 1931 nostra
2731 1881 3005 1948 mysteria,
3057 1881 3156 1937 hoc
3200 1899 3455 1939 ornamur
3481 1902 3730 1954 munere,

2136 1963 2238 2018 hoc
2260 1967 2569 2035 gloriamur.
2601 1969 2658 2026 Si
2689 1971 2894 2041 dixero,
2922 1972 3124 2029 Caelum
3152 1985 3206 2031 et
3235 1987 3431 2032 terram
3461 1980 3734 2046 extendit,

2133 2069 2282 2110 mare
2324 2058 2529 2124 ell‘udit,
2559 2062 2848 2133 prophetas
2885 2073 2940 2120 et
2978 2067 3196 2136 angelos
3242 2069 3407 2136 misit,
3440 2071 3570 2126 nihil
3602 2073 3735 2129 huic

2133 2145 2210 2200 rei
2235 2161 2335 2217 per
2376 2148 2583 2205 dixero.
2641 2153 2751 2208 Hoc
2775 2155 2970 2225 quippe
3009 2168 3170 2227 caput
3195 2167 3278 2214 est
3305 2159 3564 2216 bonorum
3604 2179 3730 2217 om-

2134 2241 2280 2294 nium
2310 2282 2326 2307 ,
2363 2243 2503 2312 quod
2533 2243 2672 2299 Filio
2711 2261 2810 2300 suo
2837 2261 2941 2302 non
2977 2252 3295 2320 pepercerit,
3337 2261 3395 2306 ut
3421 2267 3605 2309 servos
3633 2255 3734 2310 ab-

2133 2334 2392 2390 alienatos
2417 2347 2677 2392 servaret.
2703 2338 2889 2394 Nullus
2902 2356 3028 2412 ergo
3049 2342 3212 2399 Judas
3232 2343 3370 2400 hanc
3394 2345 3552 2401 adeat
3575 2362 3730 2402 men-

2133 2441 2283 2492 sam;
2339 2429 2516 2485 nullus
2563 2431 2746 2486 Simon
2797 2450 2809 2486 :
2861 2434 3022 2490 ambo
3083 2435 3226 2490 enim
3297 2453 3392 2508 per
3445 2439 3732 2494 avaritiam

2134 2521 2427 2592 perierunt.
2469 2524 2756 2595 Fugiamus
2804 2526 2982 2597 itaque
3028 2527 3132 2584 hoc
3173 2528 3505 2596 barathrum,
3551 2549 3733 2602 neque

2134 2623 2381 2681 putemus
2400 2614 2554 2670 nobis
2579 2617 2710 2671 satis
2738 2631 2856 2672 esse
2876 2617 2944 2673 ad
2977 2619 3224 2688 salutem,
3255 2621 3300 2675 si
3331 2629 3609 2694 postquam
3643 2623 3733 2678 vi-

2132 2705 2266 2760 duas
2296 2715 2353 2761 et
2376 2708 2605 2777 pupillos
2641 2709 3084 2778 exspoliavimus,
3125 2712 3375 2782 poculum
3415 2729 3638 2769 aureum
3673 2724 3734 2769 et

2132 2797 2358 2869 gemmis
2397 2807 2644 2854 ornatum
2673 2789 2874 2855 mensa:
2918 2801 3224 2856 otl‘eramus.
3256 2802 3388 2858 Nam
3432 2804 3476 2858 si
3505 2805 3583 2859 vis
3624 2803 3734 2860 hoc

2133 2889 2451 2944 sacriﬁcium
2480 2889 2767 2956 honorare,
2814 2892 3044 2947 animam
3091 2892 3245 2961 offer,
3275 2895 3346 2949 ob
3391 2894 3734 2964 quamChri-

2133 2989 2247 3034 stus
2273 2979 2576 3036 immolatus
2601 2989 2685 3036 est
2713 2999 2726 3036 :
2757 2981 2895 3037 hanc
2916 2981 3076 3037 facito
3101 2999 3316 3039 auream
3347 3001 3364 3038 ‘:
3395 2986 3440 3040 si
3465 3001 3591 3041 vero
3613 2987 3731 3055 ipsa

2133 3073 2204 3129 sit
2230 3072 2446 3142 plumbo
2473 3083 2529 3129 et
2557 3062 2690 3128 tcsia
2716 3073 2969 3142 deterior,
3015 3090 3108 3130 vas
3151 3087 3329 3131 autem
3373 3093 3593 3132 aureum
3633 3079 3732 3146 sit,

2133 3164 2259 3234 quid
2281 3165 2406 3220 inde
2433 3165 2564 3220 lucri
2590 3165 2614 3219 ἲ
2637 3165 2715 3220 Nc
2746 3166 2906 3236 igitur
2936 3167 3038 3222 hoc
3059 3182 3311 3223 curemus
3338 3169 3510 3223 solum
3542 3179 3599 3223 ut
3625 3162 3743 3223 au-‘V

2134 3271 2226 3312 rea
2255 3271 2380 3312 vasa
2419 3257 2730 3320 offeramus.
2774 3260 2868 3313 sed
2896 3269 3042 3314 utcx
3079 3259 3240 3330 justis
3267 3260 3555 3315 laboribus.
3602 3261 3734 3317 llrec

2135 3349 2334 3418 quippe
2363 3357 2489 3403 sunt
2511 3346 2649 3404 'auro
2665 3349 3010 3419 pretiosiora,
3041 3366 3162 3420 quas
3199 3366 3308 3405 non
3335 3366 3401 3406 ex
3427 3353 3646 3406 avaritia
3675 3361 3734 3406 et

2137 3439 2324 3510 rapina
2365 3450 2513 3510 parta
2562 3451 2707 3496 sunt.
2751 3441 2934 3513 Neque
2959 3444 3100 3497 enim
3128 3444 3244 3497 auri
3269 3444 3349 3498 vel
3377 3444 3584 3515 argenti
3610 3444 3735 3499 ofﬁ-

2135 3535 2254 3589 cina
2279 3543 2364 3589 est
2403 3535 2652 3603 ecclesia,
2695 3537 2790 3592 sed
2839 3538 3150 3608 angelorum
3198 3539 3482 3596 celebritas
3513 3551 3532 3596 :
3559 3555 3731 3608 quare

2136 3628 2417 3683 animabus
2439 3629 2593 3684 nobis
2617 3638 2700 3684 est
2724 3645 2859 3699 epus
2887 3647 2901 3687 :
2925 3646 3047 3684 nam
3072 3631 3186 3686 haec
3209 3647 3332 3688 vasa
3363 3644 3581 3704 propter
3609 3636 3730 3688 aui-

2137 3735 2253 3774 mas
2289 3721 2521 3775 admittit
2570 3721 2728 3776 Deus.
2771 3721 2888 3776 Non
2942 3733 3056 3778 erat
3093 3733 3345 3794 argentea
3383 3739 3568 3780 mensa
3617 3725 3732 3790 illa,

2137 3825 2238 3866 nec
2278 3827 2474 3867 aureus
2514 3814 2648 3868 calix
2682 3814 2734 3868 in
2785 3827 2894 3883 quo
2919 3815 3232 3884 sanguinem
3274 3831 3428 3870 suum
3456 3815 3736 3885 discipulis

2137 3902 2382 3958 Christus
2401 3903 2547 3959 dedit
2581 3923 2594 3959 :
2627 3904 2720 3960 sed
2755 3913 2931 3961 tamen
2973 3907 3153 3960 omnia
3191 3907 3280 3961 illa
3308 3909 3537 3976 pretiosa
3577 3921 3734 3962 erant

2137 4004 2192 4050 et
2213 3996 2507 4064 tremenda,
2550 3997 2672 4065 quia
2713 3999 2890 4050 omnia
2955 3996 3154 4067 Spiritu
3192 3999 3394 4068 repleta
3437 4009 3606 4053 erant.
3635 3998 3737 4052 Vis

2137 4102 2333 4156 corpus
2363 4087 2558 4143 Christi
2607 4087 2912 4142 honorare?
2956 4089 3070 4142 Non
3111 4088 3376 4160 deSpicias
3415 4091 3588 4162 ipsum
3631 4107 3733 4144 nu-

2135 4178 2268 4232 dum
2299 4195 2312 4230 :
2342 4194 2514 4248 neque
2543 4178 2631 4234 hic
2658 4179 2844 4234 sericis
2871 4181 3107 4235 vestibus
3135 4180 3387 4244 honores,
3413 4183 3540 4236 foris
3555 4192 3733 4236 autent

2141 4270 2337 4340 frigore
2382 4285 2443 4325 ac
2489 4271 2729 4326 nuditate
2775 4269 3031 4325 afﬂictum
3079 4273 3334 4344 negligas.
3389 4273 3522 4328 Nam
3556 4275 3600 4327 is
3642 4275 3735 4342 qni

2141 4363 2294 4429 dixit,
2319 4361 2432 4417 Hoc
2459 4373 2533 4418 est
2565 4379 2750 4433 corpus
2778 4381 2946 4418 meum
2973 4365 3188 4436 (Matth.
3220 4367 3312 4420 26.
3342 4366 3460 4435 26),
3489 4377 3542 4421 et
3570 4367 3738 4422 verbo

2135 4471 2255 4510 rem
2287 4455 2534 4519 ﬁrmavit,
2566 4453 2704 4510 idem
2754 4455 2867 4524 ipse
2905 4456 3081 4511 dixit:
3115 4456 3436 4512 Esuricntem
3477 4473 3558 4512 me
3600 4459 3736 4512 vidi-

2139 4546 2253 4612 stis,
2282 4555 2327 4599 et
2353 4562 2454 4599 non
2481 4547 2758 4600 nutrivistis
2780 4563 2798 4612 ;
2824 4554 2898 4613 et,
2930 4546 2996 4600 In
3025 4558 3271 4618 quantum
3299 4566 3401 4603 non
3430 4551 3616 4620 fecistis
3646 4551 3737 4605 uni

2142 4640 2322 4690 horum
2359 4636 2704 4702 minimarum,
2751 4653 2841 4690 nec
2870 4637 2994 4690 mihi
3031 4638 3225 4709 fecistis
3270 4637 3481 4711 (Matth.
3513 4639 3604 4695 25.
3642 4639 3734 4694 42.

2139 4729 2257 4802 £5).
2297 4729 2412 4785 Hoc
2463 4741 2612 4785 certe
2661 4745 2767 4785 non
2798 4745 2934 4801 opus
2984 4732 3144 4785 habet
3190 4733 3409 4800 amictu,
3464 4733 3558 4787 sed
3603 4748 3740 4802 puro

2141 4823 2354 4886 animo;
2381 4820 2509 4876 illud
2529 4830 2706 4875 autem
2728 4837 2917 4892 magna
2943 4837 3078 4893 opus
3099 4821 3258 4878 habet
3285 4839 3432 4878 cura.
3460 4824 3740 4880 Discamus

2143 4915 2322 4984 itaque
2363 4913 2748 4985 philoSOphari,
2799 4925 2852 4969 et
2895 4914 3165 4971 Christum
3207 4916 3476 4973 honorare
3528 4927 3584 4972 ut
3623 4919 3740 4987 ipse

2143 5006 2258 5060 vult
2288 5021 2304 5060 :
2335 5020 2458 5060 nam
2485 5005 2556 5070 ei,
2585 5006 2676 5075 qui
2702 5004 3013 5074 honoratur,
3047 5007 3221 5062 honor
3246 5007 3338 5063 ille
3366 5009 3735 5074 suavissimus,

2141 5111 2304 5165 quem
2337 5096 2450 5165 ipse
2479 5105 2648 5165 optat,
2691 5113 2796 5151 non
2827 5113 2985 5168 quem
3017 5112 3116 5152 nos
3154 5107 3424 5168 putamus.
3465 5099 3736 5169 Siquidem

2143 5190 2336 5244 Petrus
2363 5204 2424 5244 se
2452 5189 2600 5243 illum
2635 5191 2898 5244 honorare
2932 5191 3170 5259 putabat,
3199 5205 3318 5246 cum
3357 5191 3628 5247 cohiberet
3671 5207 3738 5246 nc

2147 5280 2311 5351 pedes
2338 5296 2467 5336 suos
2499 5282 2701 5336 lavaret
2741 5280 2921 5351 (Joan.
2951 5283 3039 5336 l3.
3071 5282 3162 5351 8);
3196 5282 3291 5338 sed
3329 5283 3378 5337 id
3418 5287 3558 5352 quod
3586 5284 3735 5338 vole-

2145 5375 2236 5429 bat
2261 5390 2368 5430 non
2398 5384 2514 5430 erat
2535 5374 2730 5441 honor,
2754 5374 2848 5429 sed
2869 5390 3024 5428 secus
3051 5377 3290 5430 omnino.
3315 5375 3408 5430 Sic
3432 5385 3484 5429 et
3513 5385 3566 5430 tu
3589 5375 3735 5429 illum

2147 5467 2246 5536 ipsi
2269 5466 2483 5522 oexhibe
2530 5466 2789 5522 honorem
2832 5482 2990 5537 quem
3038 5467 3154 5538 lege
3201 5468 3474 5538 praecepit,
3528 5468 3740 5523 divitias

2147 5567 2266 5612 tuas
2295 5557 2617 5629 pauperibus
2657 5574 2908 5629 erogaus.
2957 5558 3140 5629 Neque
3189 5561 3332 5615 enim
3381 5561 3520 5614 vasis
3562 5561 3740 5615 aureis

2145 5665 2281 5718 Opus
2308 5650 2469 5706 habet
2493 5651 2654 5718 Deus,
2685 5651 2779 5705 sed
2805 5652 3082 5708 animabus
3111 5654 3308 5707 aureis.

2216 5742 2270 5796 4.
2311 5740 2648 5812 Eleanosyna
2673 5743 2836 5813 magis
2869 5741 2978 5796 Deo
3007 5743 3170 5811 placet
3210 5758 3361 5813 quam
3395 5757 3603 5797 munera
3643 5743 3739 5811 ipsi

2151 5833 2261 5888 sine
2302 5833 2522 5888 utilitate
2556 5833 2773 5903 proximi
2817 5843 3129 5890 consecrata.
3168 5834 3366 5892 —Hoc
3397 5850 3559 5906 porro
3597 5834 3738 5904 dico,
