4102 6448
341 384 447 444 509

343 519 450 558 non
476 500 619 572 quod
648 491 963 569 prohibeam
992 506 1057 547 ne
1085 486 1205 545 talia
1231 504 1446 543 munera
1473 494 1817 555 apparentur,
1842 483 1938 539 sed

343 594 641 666 postulans,
685 601 744 644 ut
772 604 896 644 cum
925 585 1006 640 his
1034 595 1089 639 et
1118 591 1241 637 ante
1280 581 1394 636 haec
1430 580 1767 641 eleemosvna
1815 591 1940 631 ero-

341 698 515 757 getnr.
549 684 681 740 Nam
706 682 823 737 htec
849 679 1062 751 quidem
1087 676 1296 745 accipit,
1324 674 1417 728 sed
1441 672 1606 726 multo
1633 670 1800 739 magis
1826 669 1939 723 illa.

344 780 402 831 In
433 776 517 830 his
545 775 688 829 enim
732 772 779 827 is
824 770 915 840 qui
953 768 1109 823 oll'ert
1144 766 1290 821 solus
1333 764 1614 818 utilitatem
1651 762 1838 826 habet,
1871 760 1942 815 ibi

342 882 479 921 vero
522 867 681 921 etiam
731 864 778 918 is
816 863 906 933 qui
944 859 1157 929 accipit.
1209 858 1305 911 llic
1349 856 1561 910 videtur
1587 854 1783 908 donum
1824 868 1944 906 esse

346 956 728 1015 ostentationis
767 956 1014 1016 occasio;
1049 951 1117 1005 ibi
1158 953 1500 1019 eleemosyna
1545 955 1599 1000 et
1641 946 1945 1014 benignitas

345 1060 553 1105 tantum
602 1057 704 1101 est.
750 1045 880 1113 Quae
922 1042 1064 1096 enim
1096 1040 1298 1095 utilitas
1328 1040 1371 1092 si
1418 1052 1601 1093 mensa
1633 1036 1827 1090 Christi
1872 1040 1945 1089 sit

342 1143 527 1195 aureis
553 1137 759 1208 poculis
788 1145 1003 1196 onusta,
1036 1133 1152 1203 ipse
1181 1144 1308 1185 vero
1348 1130 1486 1183 l'ame
1518 1129 1736 1197 pereat?
1766 1127 1946 1180 Primo

346 1231 677 1287 esurientem
705 1227 886 1296 imple,
914 1234 969 1281 et
991 1235 1114 1277 tunc
1138 1238 1207 1277 ex
1231 1219 1682 1291 superabundanti
1706 1234 1944 1273 mensam

346 1322 467 1391 ejus
492 1334 715 1376 exorna.
754 1320 991 1373 Aureum
1019 1316 1239 1370 calicem
1270 1312 1422 1378 facis,
1455 1319 1512 1366 et
1541 1312 1759 1365 calicem
1795 1325 1946 1379 aqua:

347 1429 461 1469 non
506 1410 642 1467 das?
676 1410 747 1465 Et
782 1408 911 1479 quid
954 1422 1090 1478 opus
1133 1414 1217 1479 est
1257 1420 1390 1459 auro
1438 1405 1637 1458 intexta
1684 1402 1945 1457 velamina

349 1518 555 1560 mensa:
578 1515 860 1572 apparare,
909 1500 1007 1569 ipsi
1051 1512 1180 1553 vero
1222 1511 1290 1550 ne
1331 1495 1546 1566 quidem
1586 1494 1945 1549 necessarium

352 1605 719 1667 tegumentum
746 1592 1017 1665 praebere?
1035 1590 1161 1661 quid
1184 1589 1305 1644 inde
1327 1588 1498 1644 lucri?
1521 1588 1651 1643 Nam
1673 1587 1760 1642 dic
1780 1587 1907 1641 mihi
1927 1604 1943 1641 :

350 1687 396 1740 si
425 1700 583 1755 quem
614 1685 822 1738 videres
848 1682 1152 1737 necessario
1176 1688 1423 1750 egentem
1452 1679 1596 1741 cibo,
1632 1687 1690 1734 et
1726 1679 1842 1747 ipso
1868 1678 1947 1732 sic

352 1776 564 1842 relicto,
612 1788 852 1829 mensam
898 1787 1030 1828 auro
1070 1771 1433 1826 circumdares
1476 1779 1702 1836 tantum,
1741 1786 1810 1823 an
1853 1769 1946 1824 tibi

352 1869 554 1937 gratias
567 1865 810 1932 haberet,
833 1880 1009 1921 annon
1028 1866 1202 1935 potius
1221 1864 1621 1935 indignaretur?
1637 1863 1772 1930 Quid
1797 1878 1944 1929 vero,

353 1961 401 2014 si
432 1959 579 2014 illum
610 1959 820 2013 videres
840 1958 1050 2012 detritis
1076 1957 1263 2026 pannis
1292 1956 1533 2011 indutum
1561 1966 1616 2010 et
1642 1955 1836 2024 frigore
1870 1956 1946 2010 ri-

355 2058 590 2121 gentem,
624 2058 678 2105 et
706 2050 883 2104 missis
910 2049 1166 2112 vestibus,
1199 2061 1389 2102 aureas
1419 2047 1517 2117 ipsi
1547 2047 1824 2100 columnas
1843 2045 1949 2099 eri-

353 2158 534 2213 geres,
561 2141 747 2196 dicens
776 2140 828 2195 id
857 2150 908 2195 te
930 2142 981 2194 in
1010 2141 1126 2209 ejus
1145 2139 1405 2193 honorem
1433 2137 1647 2193 facere?
1676 2140 1866 2192 Annon
1889 2154 1947 2193 se

352 2235 588 2291 derideri
636 2244 867 2306 putaret,
917 2243 1077 2301 atque
1120 2241 1361 2289 extrema
1400 2232 1721 2287 contumelia
1768 2230 1948 2286 afﬁci?

357 2328 471 2383 lloe
496 2329 655 2382 etiam
682 2327 824 2381 circa
850 2325 1125 2381 Christum
1156 2333 1366 2394 reputa,
1392 2339 1514 2379 cum
1542 2322 1876 2378 errabundus
1896 2332 1950 2378 et

353 2420 667 2490 peregrinus
693 2419 957 2483 circumit,
987 2425 1130 2471 tecto
1164 2415 1437 2486 indigens;
1472 2422 1525 2469 tn
1569 2424 1745 2469 autem
1775 2414 1865 2469 illo
1895 2414 1947 2468 in

354 2510 618 2581 hospitem
657 2526 763 2564 non
807 2510 1062 2575 admisso,
1098 2508 1457 2578 pavimentum
1500 2522 1730 2562 exornas
1757 2517 1810 2561 et
1852 2522 1949 2576 pa-

352 2603 517 2657 rietes
543 2602 1019 2670 columnarumque
1047 2599 1313 2670 capitella,
1342 2608 1397 2654 et
1421 2609 1706 2669 argenteas
1730 2608 1949 2653 catenas

353 2694 687 2765 lampadibus
711 2695 916 2764 alligas,
948 2694 1122 2763 ipsum
1153 2707 1280 2746 vero
1311 2692 1363 2744 in
1392 2705 1610 2745 carcere
1641 2690 1859 2760 ligatum
1883 2706 1951 2746 ne

355 2788 539 2843 videre
567 2788 783 2859 quidem
828 2787 1084 2842 sustines.
1126 2785 1249 2840 Haec
1286 2800 1445 2854 porro
1475 2785 1596 2839 dico
1624 2800 1731 2838 non
1764 2784 1948 2853 probi-

358 2879 495 2935 bens
528 2890 598 2934 .ut
641 2879 759 2934 haec
801 2888 1116 2934 ornamenta
1159 2877 1547 2941 adhibeantur;
1597 2875 1691 2930 sed
1735 2887 1793 2930 ut
1836 2875 1951 2932 haec

356 2973 519 3029 etiam
547 2988 665 3027 cum
705 2973 825 3027 aliis
867 2982 1159 3037 curentur;
1187 2971 1294 3026 imo
1337 2970 1523 3025 hortor
1558 2980 1614 3024 ut
1643 2970 1757 3025 hmc
1800 2971 1950 3040 prius

355 3079 519 3136 quam
558 3064 661 3118 alia
702 3066 850 3118 liant.
882 3063 1050 3119 Nemo
1076 3064 1242 3129 enim,
1274 3061 1415 3133 quod
1456 3061 1641 3117 isthtec
1667 3077 1773 3116 non
1804 3062 1950 3117 facc-

354 3163 459 3219 ret,
493 3164 775 3210 accusatus
818 3170 1070 3225 umquam
1101 3154 1229 3220 fuit;
1277 3153 1365 3208 illa
1408 3168 1537 3207 vero
1563 3152 1951 3224 negligentibus

351 3248 596 3318 gehenna
627 3247 923 3302 destinatur
960 3256 1016 3304 et
1059 3248 1194 3318 ignis
1225 3246 1687 3316 inexstinguibilis,
1727 3256 1779 3301 et
1819 3262 1946 3317 snp-

356 3340 576 3410 plicium
607 3356 727 3395 cum
756 3341 1087 3395 (temonibus
1107 3340 1495 3395 sustinendum.
1526 3339 1603 3395 Ne
1624 3342 1801 3411 itaque
1822 3341 1947 3395 dum

353 3434 572 3488 domum
602 3448 851 3497 exornas,
895 3433 1153 3488 alilictum
1203 3433 1421 3487 fratrem
1456 3433 1721 3501 despicias
1766 3451 1779 3486 :
1826 3449 1948 3487 nam

354 3532 461 3585 hoc
489 3531 740 3600 templum
774 3529 864 3583 illo
893 3528 1196 3599 pretiosius.
1230 3529 1355 3583 llazc
1382 3529 1579 3598 quippe
1607 3528 1815 3582 eimelia
1849 3543 1948 3598 po-

355 3630 557 3687 terunt,
586 3622 666 3677 vel
694 3637 845 3693 reges
874 3621 1135 3685 inlideles,
1169 3622 1253 3677 vel
1283 3622 1513 3693 tyranni,
1546 3621 1632 3676 vel
1664 3621 1809 3676 fures
1847 3636 1945 3675 au-

1516 3896 1857 3959 HOMILIA
1906 3893 2009 3957 LI.

351 4072 484 4129 CAP.
520 4072 606 4127 15.
636 4088 689 4125 v.
720 4072 771 4125 ί.
813 4070 952 4124 Tunc
980 4079 1294 4123 accesserunt
1328 4067 1396 4120 ad
1423 4066 1600 4121 Jesnm
1626 4082 1657 4118 a
1681 4063 1947 4133 Jerosolg-

537 4167 629 4219 mis
650 4166 828 4219 scriba:
853 4173 897 4217 et
921 4162 1168 4216 Pharisaei
1190 4162 1429 4226 dicentes,
1466 4160 1654 4225 Quare,
1678 4168 1783 4211 etc.

428 4258 481 4312 l.
521 4258 668 4311 Tunc
695 4273 709 4308 :
732 4255 1108 4326 quandonam?
1134 4252 1263 4307 Cum
1293 4253 1438 4306 mille
1460 4253 1608 4321 signa
1634 4248 1790 4311 fecit;
1824 4262 1943 4301 eum

354 4347 597 4402 infirmos
624 4363 688 4401 ex
718 4355 860 4399 tactu
887 4344 1109 4398 ﬁmbriae
1137 4344 1359 4398 curavit.
1396 4342 1519 4396 Ideo
1545 4341 1688 4395 enim
1719 4354 1951 4409 evange-

354 4441 476 4494 lista
506 4449 714 4508 tempus
744 4438 959 4504 indicat,
989 4449 1047 4491 ut
1077 4422 1313 4506 ipsorum
1360 4436 1626 4505 ingentem
1656 4432 1944 4502 nequitiam

351 4531 600 4585 ostendat
627 4530 757 4583 nulli
789 4530 1087 4584 cedentem.
1119 4527 1256 4594 Quid
1299 4527 1395 4580 sibi
1424 4526 1537 4579 vult
1568 4524 1722 4589 illud,
1754 4522 1828 4576 Ab
1855 4521 1941 4575 Je-

352 4623 623 4693 rosolymis
664 4623 844 4676 scriba:
873 4630 918 4675 et
951 4619 1243 4674 Pharisaei?
1282 4619 1414 4686 Quia
1457 4618 1508 4671 in
1553 4616 1801 4670 omnibus
1847 4615 1945 4668 tri-

351 4715 526 4770 bubus
554 4713 780 4784 dispersi
816 4722 989 4774 erant,
1026 4722 1080 4766 et
1109 4713 1159 4765 in
1200 4710 1478 4765 duodecim
1522 4719 1700 4779 partes
1728 4707 1882 4763 divisi
1926 4722 1942 4760 :

350 4806 447 4860 sed
489 4803 918 4876 Jerosolymitaui
961 4804 1171 4858 caztrris
1214 4802 1497 4873 nequiores
1540 4811 1713 4864 erant,
1757 4808 1814 4854 ut
1853 4799 1944 4868 qui

350 4898 542 4966 majori
574 4889 879 4951 fruerentur
905 4896 1126 4955 honore.
1157 4905 1212 4949 et
1245 4895 1534 4966 plurimum
1576 4892 1678 4948 sibi
1719 4908 1941 4962 arroga-

351 5000 491 5043 rent.
518 4988 794 5059 Perpende
820 5001 994 5044 autem
1026 4989 1295 5058 quomodo
1323 5003 1386 5043 ex
1417 4988 1528 5056 ipsa
1575 5003 1667 5041 sua
1711 4987 1944 5042 interro-

350 5082 569 5150 gatione
596 5082 896 5149 capiantur.
928 5079 1109 5149 Neque
1136 5080 1279 5133 enim
1306 5079 1509 5142 dicunt,
1536 5076 1643 5133 Cur
1672 5090 1942 5148 transgre-

350 5170 569 5224 diuntur
610 5171 781 5239 legem
815 5169 1053 5241 Moysis?
1096 5170 1213 5236 sed,
1262 5168 1605 5222 Traditionem
1645 5169 1945 5223 seniorum?

348 5262 506 5319 Unde
538 5263 711 5333 palam
739 5272 841 5328 est,
873 5264 1038 5317 multa
1062 5262 1371 5318 sacerdotes
1393 5262 1697 5325 innovasse,
1731 5264 1940 5318 etiamsi

347 5354 560 5427 Moyses
596 5370 788 5424 magno
813 5365 1036 5420 terrore,
1070 5354 1357 5424 multisque
1384 5354 1542 5407 minis
1573 5355 1825 5408 adhibitis
1852 5370 1945 5409 ve-

356 5451 544 5502 tuisset
570 5462 639 5501 ne
665 5447 791 5516 quid
818 5446 1098 5511 adderent,
1133 5447 1215 5501 vel
1253 5446 1548 5501 demerent.
1584 5445 1702 5500 Non
1728 5447 1942 5517 adjicie-

346 5542 413 5595 tis
440 5541 506 5594 ad
533 5539 757 5604 verbum,
785 5538 921 5609 quod
947 5554 1036 5608 ego
1068 5539 1306 5607 praecipio
1332 5538 1468 5592 vobis
1503 5539 1674 5605 hodie,
1719 5556 1809 5593 nec
1843 5555 1941 5592 au-

346 5632 519 5704 feretis
543 5632 606 5684 ab
631 5647 687 5685 ea
719 5629 897 5702 (Deut.
920 5631 972 5685 4.
999 5630 1082 5701 2).
1111 5629 1388 5701 Nihiloque
1415 5632 1592 5686 minus
1617 5647 1749 5685 nova
1784 5632 1940 5686 indu-

346 5723 575 5787 cebant;
612 5732 671 5777 ut
699 5722 799 5777 hoc
826 5732 963 5789 erat,
1006 5739 1073 5777 ne
1104 5722 1265 5776 illotis
1295 5723 1540 5777 manibus
1569 5724 1937 5787 comederent,

347 5824 405 5869 ut
433 5815 621 5879 pocula
645 5823 700 5869 et
718 5828 840 5869 vasa
862 5828 1010 5870 amca
1036 5813 1336 5881 abluerent,
1365 5824 1423 5868 ut
1448 5829 1565 5871 sese
1586 5815 1937 5886 baptizarent.

1415 368 1480 430 IN
1519 366 1925 427 ΜᾹΤΤΙΙᾸΞΗΜ
1954 366 2183 426 HOMIL.
2228 364 2313 425 ιι.
2355 370 2427 425 al.
2470 369 2575 426 LII.

3533 368 3641 427 510

2054 483 2228 549 ferre;
2274 499 2625 552 quaecumque
2676 498 2802 537 vero
2847 482 3074 553 benigne
3118 481 3170 536 in
3212 481 3430 536 fratrem
3473 480 3638 538 facies

2047 575 2394 636 esurientem,
2427 574 2788 644 peregrinum,
2818 574 3039 637 nudum,
3064 588 3131 629 ne
3152 572 3394 628 diabolus
3422 574 3638 643 quidem

2050 667 2245 736 poterit
2264 665 2495 731 auferre,
2524 666 2618 721 sed
2646 666 2698 720 in
2726 665 2978 721 thesauro
3000 665 3237 721 manebit
3257 665 3474 719 intacto.
3500 666 3635 734 Quid

2051 758 2207 828 igitur
2235 758 2308 812 ait
2351 758 2473 812 ille?
2503 757 2761 827 Pauperes
2788 758 3040 812 vobiscum
3070 774 3266 826 semper
3300 757 3511 822 habetis,
3560 774 3639 811 inc

2048 860 2214 902 autem
2240 865 2437 919 semper
2460 865 2561 903 non
2590 850 2779 903 habetis
2813 849 3024 919 (Matth.
3053 849 3143 904 26.
3176 848 3288 923 11).
3332 850 3457 903 Ideo
3494 851 3637 905 enim

2050 944 2281 996 maxime
2306 942 2673 996 misericordia
2703 942 2901 996 moveri
2928 951 3158 1013 oportet,
3203 943 3325 1011 quia
3357 957 3461 996 non
3492 957 3636 997 sem-

2052 1049 2148 1104 per
2172 1034 2429 1089 habemus
2456 1035 2600 1089 illum
2631 1036 2976 1098 esurientem,
3005 1036 3098 1091 sed
3134 1036 3185 1090 in
3226 1037 3473 1105 praesenti
3517 1046 3637 1091 tan-

2053 1137 2163 1183 tum
2190 1128 2319 1183 vita.
2351 1128 2505 1195 Quod
2545 1129 2589 1183 si
2622 1130 2756 1184 velis
2800 1139 2964 1183 totam
2994 1129 3117 1183 dicti
3161 1128 3279 1199 ejus
3320 1129 3637 1185 sententiam

2052 1220 2316 1285 ediscere,
2362 1219 2507 1274 audi.
2542 1220 2656 1276 lloc
2693 1221 2757 1275 ad
2788 1220 3080 1291 discipulos
3117 1219 3317 1275 dictum
3364 1235 3467 1274 non
3513 1220 3635 1286 fuit,

2051 1314 2259 1367 etiamsi
2292 1314 2361 1367 ita
2403 1312 2647 1368 videatur
2671 1353 2685 1378 ,
2737 1313 2830 1367 sed
2868 1312 3219 1368 imbecillitati
3258 1313 3493 1367 mulieris
3534 1313 3636 1367 ad-

2052 1416 2289 1474 optatum
2320 1414 2421 1460 est.
2463 1405 2595 1472 Quia
2622 1405 2763 1459 enim
2794 1406 2968 1459 adhuc
2997 1405 3358 1475 iniperl'ectior
3384 1414 3521 1470 erat,
3564 1407 3637 1461 illi

2050 1511 2182 1551 vero
2208 1496 2305 1565 ipsi
2333 1496 2546 1551 molesti
2589 1506 2762 1562 enim,
2804 1506 2862 1551 ut
2893 1496 3034 1550 illam
3062 1497 3326 1552 solaretur
3354 1496 3469 1552 haec
3495 1497 3631 1552 diee-

2052 1590 2161 1644 bat.
2192 1588 2246 1644 ld
2273 1604 2400 1644 vero
2426 1600 2571 1660 patet
2597 1605 2664 1644 ex
2698 1590 2762 1644 iis
2789 1605 2907 1659 qua:
2933 1589 3068 1643 dixit
3095 1607 3108 1642 :
3140 1590 3277 1657 Quid
3302 1590 3497 1644 molesti
3523 1590 3642 1644 estis

2052 1681 2168 1733 huic
2191 1680 2391 1734 mulieri
2421 1679 2582 1745 (Ibid.
2610 1697 2656 1733 υ.
2691 1681 2823 1751 l0)?
2845 1680 2995 1747 Quod
3026 1690 3203 1735 autem
3230 1681 3401 1751 ipsum
3428 1696 3644 1750 semper

2053 1771 2327 1827 nobiscum
2354 1771 2646 1827 habeamus
2673 1773 2751 1827 sic
2780 1773 2870 1827 ille
2896 1773 3033 1827 dixit
3066 1791 3078 1825 :
3112 1771 3244 1826 Ecce
3269 1789 3360 1844 ego
3387 1773 3641 1827 vobiscum

2051 1880 2163 1917 sum
2191 1863 2423 1918 omnibus
2449 1864 2623 1919 diebus
2664 1881 2817 1935 usque
2850 1864 2918 1918 ad
2951 1866 3428 1920 consummationem
3469 1864 3646 1920 διεσαίὶ

2053 1954 2270 2025 (Matth.
2303 1955 2394 2010 28.
2434 1955 2553 2028 20).
2588 1956 2665 2011 Ex
2707 1957 2902 2027 quibus
2944 1959 3189 2014 omnibus
3235 1960 3420 2028 liquet,
3468 1959 3642 2028 ipsum

2053 2062 2159 2102 non
2189 2047 2293 2101 alia
2320 2046 2389 2103 de
2415 2063 2574 2102 causa
2603 2049 2721 2104 hare
2746 2049 2964 2113 dixisse,
2996 2051 3093 2103 nisi
3119 2058 3175 2104 ut
3195 2050 3435 2105 mulieris
3458 2049 3641 2113 fidem,

2052 2154 2172 2208 quae
2218 2149 2344 2193 tunc
2395 2139 2711 2207 pullulabat,
2764 2139 3149 2209 discipulorum
3197 2142 3490 2210 increpatio
3537 2157 3645 2195 non

2053 2234 2292 2289 laederet.
2336 2232 2415 2287 Ne
2445 2232 2606 2303 igitur
2636 2234 2751 2287 haec
2787 2236 2840 2287 in
2880 2232 3112 2288 medium
3155 2248 3296 2288 nunc
3334 2233 3642 2299 aderamus,

2051 2342 2171 2399 quae
2189 2342 2283 2397 per
2310 2325 2662 2383 (economiam
2691 2325 2833 2381 dicta
2862 2334 3005 2389 sunt,
3032 2326 3125 2381 sed
3149 2326 3293 2396 leges
3314 2340 3503 2380 omnes
3525 2341 3645 2395 quae

2053 2419 2108 2476 in
2136 2435 2294 2483 nova,
2330 2433 2447 2489 quae
2474 2419 2525 2473 in
2554 2419 2719 2472 veteri
2752 2419 2867 2489 lege
2895 2428 3017 2472 sunt
3048 2419 3307 2488 legentes,
3337 2418 3558 2471 multam
3581 2433 3642 2471 ea

2054 2514 2107 2569 in
2149 2529 2211 2569 re
2244 2529 2429 2568 curam
2458 2512 2849 2582 impendamus.
2881 2512 2991 2566 [Ioc
3018 2512 3160 2566 enim
3190 2527 3219 2564 a
3253 2520 3473 2581 peccato
3515 2527 3644 2580 pur-

2053 2617 2143 2678 gat
2189 2623 2203 2661 :
2250 2624 2373 2662 nam
2422 2608 2496 2661 ait
2537 2624 2549 2660 :
2591 2605 2722 2659 Date
2763 2606 3158 2675 eleemosynam,
3211 2613 3259 2657 et
3302 2605 3473 2657 omnia
3512 2603 3650 2657 vobis

2053 2700 2245 2752 munda
2272 2708 2418 2753 erunt
2452 2696 2601 2768 (Luc.
2632 2700 2721 2752 Η.
2754 2698 2870 2768 41).
2914 2697 3036 2750 llaec
3062 2694 3324 2750 sacriﬁcio
3351 2696 3521 2765 major
3546 2704 3647 2758 est,

2056 2792 2463 2848 Misericordiam
2490 2792 2686 2862 quippe
2710 2794 2844 2855 volo,
2876 2800 2925 2844 et
2952 2807 3053 2845 non
3081 2790 3383 2858 sacrificium
3409 2789 3565 2861 (Osee
3590 2789 3644 2843 6.

2055 2884 2136 2954 6).
2166 2884 2279 2938 Hoc
2303 2885 2465 2938 eaalos
2506 2884 2673 2953 aperit
2708 2902 2721 2937 :
2756 2882 3044 2948 Orationes,
3089 2883 3276 2952 inquit,
3323 2891 3424 2935 tua:
3450 2890 3496 2935 et
3521 2881 3652 2935 elee-

2054 2991 2280 3047 mosyme
2304 2985 2404 3029 tua:
2428 2975 2757 3030 ascenderunt
2783 2976 2836 3029 in
2866 2977 3158 3029 memoriam
3183 2975 3236 3027 in
3261 2983 3531 3043 conspectu
3554 2972 3648 3027 Dei

2055 3069 2195 3139 (Act.
2224 3067 2310 3124 l0.
2338 3069 2416 3138 4).
2444 3068 2555 3122 Hoc
2582 3068 2749 3138 magis
2776 3068 3137 3124 necessarium
3178 3075 3261 3120 est
3298 3080 3457 3134 quam
3488 3065 3653 3133 virgi-

2054 3163 2229 3227 nitas;
2261 3176 2383 3215 nam
2414 3160 2759 3233 eleemosyna
2790 3162 3029 3231 neglecta
3053 3160 3155 3213 illae
3179 3158 3417 3227 expulsa:
3444 3174 3507 3212 ex
3537 3159 3653 3211 tha-

2055 3253 2195 3307 lamo
2220 3251 2472 3317 fuerunt;
2503 3251 2619 3305 aliae
2642 3266 2769 3306 vero
2791 3252 3043 3321 ingressre
3087 3258 3230 3303 sunt.
3286 3251 3417 3316 Qua:
3468 3250 3648 3302 omnia

2054 3360 2175 3399 eum
2202 3344 2455 3410 sciamus,
2477 3344 2804 3399 seminemus
2832 3343 3064 3413 largiter,
3099 3352 3156 3397 ut
3188 3359 3307 3397 cum
3340 3342 3525 3411 majori
3554 3357 3647 3396 cn-

2042 3436 2137 3504 pia
2166 3444 2449 3500 metamus,
2482 3445 2536 3489 et
2577 3434 2750 3487 futura
2778 3448 3168 3503 consequamur
3194 3433 3327 3487 bona
3353 3474 3367 3499 ,
3399 3432 3568 3502 gratia
3595 3443 3650 3485 et

2057 3529 2381 3599 benignitate
2408 3527 2616 3582 Domini
2644 3529 2811 3583 nostri
2856 3526 2981 3582 Jesn
3020 3525 3241 3594 Christi,
3282 3526 3367 3581 cui
3395 3525 3562 3597 gloria
3593 3525 3646 3579 in

2014 3628 2017 3631 '
2053 3620 2270 3676 secula.
2296 3621 2491 3675 Amen.

2058 3897 2144 3958 a1.
2202 3896 2336 3958 LII.

2055 4063 2173 4131 Quo
2216 4072 2457 4133 tempore
2500 4074 2681 4120 autem
2728 4064 3012 4136 oportebat
3060 4065 3185 4121 illos
3228 4065 3295 4118 ab
3342 4065 3647 4136 hujnsmodi

2054 4157 2517 4214 observationibus
2546 4174 2668 4215 sese
2696 4158 2971 4230 expedire,
3004 4169 3129 4214 tunc
3160 4175 3218 4215 se
3246 4160 3320 4213 illi
3352 4160 3519 4229 magis
3551 4160 3644 4213 iis-

2053 4260 2173 4304 dem
2202 4251 2524 4321 obligarunt,
2559 4260 2858 4306 metuentes
2902 4267 2970 4305 ne
3002 4252 3122 4321 quis
3160 4252 3259 4305 sibi
3294 4252 3645 4320 principatiun

2053 4345 2355 4415 abriperet;
2387 4356 2441 4399 et
2467 4344 2917 4399 formidabiliores
2949 4344 3131 4398 haberi
3162 4344 3432 4408 volebant,
3464 4353 3647 4412 utpote

2053 4436 2407 4506 legislatores.
2438 4436 2492 4489 In
2522 4444 2720 4490 tantam
2742 4450 2871 4506 ergo
2893 4435 3223 4504 iniquitatem
3253 4450 3339 4489 res
3362 4434 3643 4503 processit,

2053 4538 2110 4582 ut
2140 4538 2405 4600 praecepta
2431 4527 2647 4598 quidem
2676 4543 2771 4584 sua
2800 4536 3164 4593 servarentur,
3201 4528 3293 4583 Dei
3338 4543 3464 4582 vero
3495 4543 3646 4582 man-

2049 4620 2177 4677 data
2220 4622 2588 4679 violarentur:
2650 4634 2703 4679 et
2738 4633 2949 4677 tantum
2990 4623 3063 4676 illi
3116 4620 3542 4690 prawaluerant,
3578 4625 3636 4671 ut

2049 4713 2163 4783 jam
2215 4716 2422 4770 crimen
2471 4728 2620 4771 esset
2676 4732 2867 4770 eorum
2924 4722 3195 4785 praecepta
3242 4712 3479 4773 violare;
3527 4723 3636 4778 qua

2055 4806 2112 4861 in
2147 4823 2207 4863 re
2258 4808 2457 4877 duplex
2510 4810 2672 4877 culpa
2724 4818 2862 4871 erat,
2896 4816 2950 4861 et
2994 4805 3139 4874 quod
3172 4806 3535 4865 innovarent,
3584 4806 3641 4853 et

2049 4897 2192 4967 quod
2222 4897 2298 4951 sic
2323 4912 2418 4950 sua
2445 4896 2797 4957 vmdicarent,
2829 4894 2920 4948 Dei
2954 4892 3151 4947 nullam
3184 4890 3444 4946 habentes
3471 4891 3637 4945 ratio-

2050 5006 2193 5044 nem.
2226 4988 2608 5044 Pl‘tBlel'llliSSiS
2632 5002 2760 5041 vero
2787 4986 2926 5052 aliis,
2968 4984 3214 5039 sextariis
3246 4999 3436 5052 nempe
3461 4994 3515 5037 et
3544 4999 3641 5037 va-

2048 5080 2121 5135 sis
2145 5081 2332 5144 aaneis,
2358 5095 2476 5148 qua:
2508 5077 2726 5132 ridicula
2761 5084 2934 5140 erant,
2963 5074 3104 5144 quod
3140 5073 3462 5145 praecipuum
3492 5073 3643 5129 vide—

2048 5174 2203 5228 batur
2230 5173 2280 5226 in
2313 5171 2545 5226 medium
2576 5168 2875 5239 proferunt,
2905 5182 3014 5239 quo
3044 5168 3215 5230 illum,
3254 5174 3311 5219 ut
3349 5164 3477 5219 mihi
3516 5167 3651 5235 qui-

2046 5266 2167 5322 dem
2199 5266 2429 5329 videtur,
2463 5265 2515 5318 in
2547 5266 2680 5317 iram
2700 5263 3050 5317 concitarent.
3073 5260 3433 5328 Quamobrem
3461 5259 3638 5313 senio-

2045 5378 2163 5416 rum
2200 5361 2579 5422 meminerunt,
2610 5366 2666 5412 ut
2694 5356 2845 5427 quasi
2878 5355 2998 5409 illos
3026 5354 3346 5422 despiceret,
3382 5351 3507 5405 hinc
3534 5365 3635 5403 an-

2046 5470 2159 5508 sam
2192 5451 2478 5508 accusandi
2522 5450 2805 5521 prmberet.
2837 5445 3261 5503 Examinandum
3310 5444 3486 5513 primo
3531 5449 3636 5507 est,

2044 5559 2141 5599 cur
2184 5544 2428 5614 discipuli
2471 5542 2633 5597 illotis
2683 5540 2927 5594 manibus
2968 5536 3369 5591 manducarent.
3410 5530 3528 5586 Non
3570 5530 3640 5587 de

2046 5636 2301 5693 industria
2334 5635 2385 5691 id
2412 5633 2701 5707 agebant‘,
2730 5631 2826 5688 sed
2850 5631 2989 5699 quod
3014 5628 3102 5682 illa
3121 5623 3389 5695 superﬂua
3419 5638 3640 5691 respue-
3672 5708 3677 5714 .

2114 5832 2131 5863 ¹
2169 5831 2241 5883 Ex
2271 5830 2439 5883 Graeco
2466 5832 2733 5895 legendum
2770 5834 2924 5892 esset,
2963 5842 3051 5880 cur
3094 5824 3332 5894 discipuli
3362 5823 3509 5878 illatis
3531 5837 3638 5876 ma-
