  <div class='ocr_page' id='page_1' title='image "/cluster/home/n/w/nwhite01/storage/ocr_20150623/58:no.7:pt.2/coo.31924054869585/053.png"; bbox 0 0 4102 6418; ppageno 0'>
   <div class='ocr_carea' id='block_1_1' title="bbox 518 346 622 403">
    <p class='ocr_par' dir='ltr' id='par_1_1' title="bbox 518 346 622 403">
     <span class='ocr_line' id='line_1_1' title="bbox 518 346 622 403; baseline 0.019 -2"><span class='ocrx_word' id='word_1_1' title='bbox 518 346 622 403; x_wconf 63' lang='lat' dir='ltr'><strong>ﬁll</strong></span> 
     </span>
    </p>
   </div>
   <div class='ocr_carea' id='block_1_2' title="bbox 521 458 2113 535">
    <p class='ocr_par' dir='ltr' id='par_1_2' title="bbox 521 458 2113 535">
     <span class='ocr_line' id='line_1_2' title="bbox 521 458 2113 535; baseline 0.004 -21"><span class='ocrx_word' id='word_1_2' title='bbox 521 467 663 523; x_wconf 88' lang='lat' dir='ltr'><strong>rent,</strong></span> <span class='ocrx_word' id='word_1_3' title='bbox 693 458 821 515; x_wconf 88' lang='lat' dir='ltr'><strong>dum</strong></span> <span class='ocrx_word' id='word_1_4' title='bbox 850 461 1171 516; x_wconf 82' lang='lat' dir='ltr'><strong>necessariis</strong></span> <span class='ocrx_word' id='word_1_5' title='bbox 1193 462 1533 517; x_wconf 82' lang='lat' dir='ltr'><strong>attenderem</strong></span> <span class='ocrx_word' id='word_1_6' title='bbox 1561 478 1577 518; x_wconf 90' lang='lat'><strong>:</strong></span> <span class='ocrx_word' id='word_1_7' title='bbox 1608 479 1709 519; x_wconf 88' lang='lat' dir='ltr'><strong>nec</strong></span> <span class='ocrx_word' id='word_1_8' title='bbox 1739 479 1837 535; x_wconf 87' lang='lat' dir='ltr'><strong>pro</strong></span> <span class='ocrx_word' id='word_1_9' title='bbox 1866 466 1984 534; x_wconf 76' lang='lat' dir='ltr'><strong>lege</strong></span> <span class='ocrx_word' id='word_1_10' title='bbox 2010 466 2113 519; x_wconf 86' lang='lat' dir='ltr'><strong>ha-</strong></span> 
     </span>
    </p>
   </div>
   <div class='ocr_carea' id='block_1_3' title="bbox 1266 346 3090 425">
    <p class='ocr_par' dir='ltr' id='par_1_3' title="bbox 1266 346 3090 425">
     <span class='ocr_line' id='line_1_3' title="bbox 1266 346 3090 425; baseline 0.013 -22"><span class='ocrx_word' id='word_1_11' title='bbox 1266 349 1323 404; x_wconf 91' lang='lat' dir='ltr'><strong>S.</strong></span> <span class='ocrx_word' id='word_1_12' title='bbox 1363 348 1642 406; x_wconf 74' lang='lat' dir='ltr'><strong>JOANNIS</strong></span> <span class='ocrx_word' id='word_1_13' title='bbox 1676 346 2156 407; x_wconf 64' lang='lat' dir='ltr'><strong>CIIRYSOSTOHI</strong></span> <span class='ocrx_word' id='word_1_14' title='bbox 2201 348 2517 411; x_wconf 70' lang='lat' dir='ltr'><strong>ARCHIEP.</strong></span> <span class='ocrx_word' id='word_1_15' title='bbox 2556 358 3090 425; x_wconf 75' lang='lat' dir='ltr'><strong>CONSTANTINOP.</strong></span> 
     </span>
    </p>
   </div>
   <div class='ocr_carea' id='block_1_4' title="bbox 3697 380 3825 442">
    <p class='ocr_par' dir='ltr' id='par_1_4' title="bbox 3697 380 3825 442">
     <span class='ocr_line' id='line_1_4' title="bbox 3697 380 3825 442; baseline -0.031 -1"><span class='ocrx_word' id='word_1_16' title='bbox 3697 380 3825 442; x_wconf 60' lang='lat'><strong>512</strong></span> 
     </span>
    </p>
   </div>
   <div class='ocr_carea' id='block_1_5' title="bbox 2226 465 3827 579">
    <p class='ocr_par' dir='ltr' id='par_1_5' title="bbox 2226 465 3827 579">
     <span class='ocr_line' id='line_1_5' title="bbox 2226 465 3827 579; baseline 0.031 -60"><span class='ocrx_word' id='word_1_17' title='bbox 2226 465 2584 579; x_wconf 60' lang='lat' dir='ltr'><strong>despicerent.</strong></span> <span class='ocrx_word' id='word_1_18' title='bbox 2611 477 2891 545; x_wconf 88' lang='lat' dir='ltr'><strong>Quomodo</strong></span> <span class='ocrx_word' id='word_1_19' title='bbox 2915 497 2968 540; x_wconf 91' lang='lat' dir='ltr'><strong>et</strong></span> <span class='ocrx_word' id='word_1_20' title='bbox 2996 504 3101 558; x_wconf 90' lang='lat' dir='ltr'><strong>qua</strong></span> <span class='ocrx_word' id='word_1_21' title='bbox 3134 497 3376 552; x_wconf 82' lang='lat' dir='ltr'><strong>ratione?</strong></span> <span class='ocrx_word' id='word_1_22' title='bbox 3400 500 3455 557; x_wconf 80' lang='lat' dir='ltr'><strong>Si</strong></span> <span class='ocrx_word' id='word_1_23' title='bbox 3486 506 3606 575; x_wconf 87' lang='lat' dir='ltr'><strong>quis</strong></span> <span class='ocrx_word' id='word_1_24' title='bbox 3633 524 3827 579; x_wconf 81' lang='lat' dir='ltr'><strong>paren-</strong></span> 
     </span>
    </p>
   </div>
   <div class='ocr_carea' id='block_1_6' title="bbox 522 551 3821 671">
    <p class='ocr_par' dir='ltr' id='par_1_6' title="bbox 522 551 3821 671">
     <span class='ocr_line' id='line_1_6' title="bbox 522 551 3821 671; baseline -0.012 -65"><span class='ocrx_word' id='word_1_25' title='bbox 522 551 721 607; x_wconf 86' lang='lat' dir='ltr'><strong>bebant</strong></span> <span class='ocrx_word' id='word_1_26' title='bbox 748 552 872 607; x_wconf 90' lang='lat' dir='ltr'><strong>lotis</strong></span> <span class='ocrx_word' id='word_1_27' title='bbox 896 562 989 608; x_wconf 86' lang='lat' dir='ltr'><strong>aut</strong></span> <span class='ocrx_word' id='word_1_28' title='bbox 1010 553 1175 609; x_wconf 89' lang='lat' dir='ltr'><strong>illotis</strong></span> <span class='ocrx_word' id='word_1_29' title='bbox 1193 554 1440 610; x_wconf 86' lang='lat' dir='ltr'><strong>manibus</strong></span> <span class='ocrx_word' id='word_1_30' title='bbox 1466 557 1771 618; x_wconf 79' lang='lat' dir='ltr'><strong>comedere.</strong></span> <span class='ocrx_word' id='word_1_31' title='bbox 1798 555 1892 612; x_wconf 86' lang='lat' dir='ltr'><strong>sed</strong></span> <span class='ocrx_word' id='word_1_32' title='bbox 1914 566 2122 611; x_wconf 80' lang='lat' dir='ltr'><strong>utrum-</strong></span> <span class='ocrx_word' id='word_1_33' title='bbox 2229 571 2339 616; x_wconf 88' lang='lat' dir='ltr'><strong>tum</strong></span> <span class='ocrx_word' id='word_1_34' title='bbox 2368 564 2479 620; x_wconf 83' lang='lat' dir='ltr'><strong>lilio</strong></span> <span class='ocrx_word' id='word_1_35' title='bbox 2502 567 2727 641; x_wconf 80' lang='lat' dir='ltr'><strong>diceret,</strong></span> <span class='ocrx_word' id='word_1_36' title='bbox 2760 575 2833 630; x_wconf 91' lang='lat' dir='ltr'><strong>Da</strong></span> <span class='ocrx_word' id='word_1_37' title='bbox 2862 578 2994 634; x_wconf 88' lang='lat' dir='ltr'><strong>mihi</strong></span> <span class='ocrx_word' id='word_1_38' title='bbox 3016 551 3190 651; x_wconf 38' lang='lat' dir='ltr'><strong>&#39;hanc,</strong></span> <span class='ocrx_word' id='word_1_39' title='bbox 3232 551 3605 665; x_wconf 43' lang='lat' dir='ltr'><strong>quamhn‘lgé:</strong></span> <span class='ocrx_word' id='word_1_40' title='bbox 3633 551 3821 671; x_wconf 40' lang='grc' dir='ltr'><strong>ἓξ</strong></span> 
     </span>
     <span class='ocr_line' id='line_1_7' title="bbox 522 645 2489 671; baseline 0 0"><span class='ocrx_word' id='word_1_41' title='bbox 522 657 625 671; x_wconf 69' lang='grc' dir='ltr'><strong>ιιι-Δ</strong></span> <span class='ocrx_word' id='word_1_42' title='bbox 656 652 705 671; x_wconf 72' lang='grc' dir='ltr'><strong>..ι</strong></span> <span class='ocrx_word' id='word_1_43' title='bbox 740 659 859 671; x_wconf 65' lang='grc' dir='ltr'><strong>ηραν.</strong></span> <span class='ocrx_word' id='word_1_44' title='bbox 888 645 1098 671; x_wconf 59' lang='grc' dir='ltr'><strong>..ΑΛ-...ἓιι</strong></span> <span class='ocrx_word' id='word_1_45' title='bbox 1129 645 1281 671; x_wconf 52' lang='grc' dir='ltr'><strong>,1-1κμι</strong></span> <span class='ocrx_word' id='word_1_46' title='bbox 1311 647 1539 671; x_wconf 72' lang='grc' dir='ltr'><strong>---ι.-...</strong></span> <span class='ocrx_word' id='word_1_47' title='bbox 1594 648 1723 671; x_wconf 68' lang='grc' dir='ltr'><strong>Μ----</strong></span> <span class='ocrx_word' id='word_1_48' title='bbox 1758 652 1843 671; x_wconf 72' lang='grc' dir='ltr'><strong>---ε</strong></span> <span class='ocrx_word' id='word_1_49' title='bbox 1870 663 2085 671; x_wconf 60' lang='lat'><strong>_-----_</strong></span> <span class='ocrx_word' id='word_1_50' title='bbox 2301 667 2312 671; x_wconf 79' lang='grc'><strong>-</strong></span> <span class='ocrx_word' id='word_1_51' title='bbox 2398 661 2408 670; x_wconf 87' lang='grc'>.</span> <span class='ocrx_word' id='word_1_52' title='bbox 2477 663 2489 671; x_wconf 93' lang='grc'>.</span> 
     </span>
    </p>
   </div>
   <div class='ocr_carea' id='block_1_7' title="bbox 519 645 2119 719">
    <p class='ocr_par' dir='ltr' id='par_1_7' title="bbox 519 645 2119 719">
     <span class='ocr_line' id='line_1_8' title="bbox 519 645 2119 719; baseline 0.006 -23"><span class='ocrx_word' id='word_1_53' title='bbox 519 657 625 711; x_wconf 92' lang='lat' dir='ltr'><strong>que</strong></span> <span class='ocrx_word' id='word_1_54' title='bbox 656 652 713 696; x_wconf 91' lang='lat' dir='ltr'><strong>ut</strong></span> <span class='ocrx_word' id='word_1_55' title='bbox 740 659 860 699; x_wconf 85' lang='lat' dir='ltr'><strong>sese</strong></span> <span class='ocrx_word' id='word_1_56' title='bbox 886 645 1100 700; x_wconf 86' lang='lat' dir='ltr'><strong>occasio</strong></span> <span class='ocrx_word' id='word_1_57' title='bbox 1127 645 1288 701; x_wconf 80' lang='lat' dir='ltr'><strong>dabat</strong></span> <span class='ocrx_word' id='word_1_58' title='bbox 1310 647 1561 717; x_wconf 80' lang='lat' dir='ltr'><strong>agebant.</strong></span> <span class='ocrx_word' id='word_1_59' title='bbox 1593 648 1725 703; x_wconf 89' lang='lat' dir='ltr'><strong>Nam</strong></span> <span class='ocrx_word' id='word_1_60' title='bbox 1753 652 1844 719; x_wconf 90' lang='lat' dir='ltr'><strong>qui</strong></span> <span class='ocrx_word' id='word_1_61' title='bbox 1869 663 2119 705; x_wconf 82' lang='lat' dir='ltr'><strong>necessa-</strong></span> 
     </span>
    </p>
   </div>
   <div class='ocr_carea' id='block_1_8' title="bbox 518 735 2115 811">
    <p class='ocr_par' dir='ltr' id='par_1_8' title="bbox 518 735 2115 811">
     <span class='ocr_line' id='line_1_9' title="bbox 518 735 2115 811; baseline 0.008 -24"><span class='ocrx_word' id='word_1_62' title='bbox 518 735 659 789; x_wconf 88' lang='lat' dir='ltr'><strong>rium</strong></span> <span class='ocrx_word' id='word_1_63' title='bbox 698 750 912 806; x_wconf 87' lang='lat' dir='ltr'><strong>quoque</strong></span> <span class='ocrx_word' id='word_1_64' title='bbox 949 738 1127 792; x_wconf 84' lang='lat' dir='ltr'><strong>cibum</strong></span> <span class='ocrx_word' id='word_1_65' title='bbox 1157 738 1546 808; x_wconf 74' lang='lat' dir='ltr'><strong>despiciebant,</strong></span> <span class='ocrx_word' id='word_1_66' title='bbox 1573 741 1843 811; x_wconf 86' lang='lat' dir='ltr'><strong>quomodo</strong></span> <span class='ocrx_word' id='word_1_67' title='bbox 1870 740 1989 797; x_wconf 65' lang='lat' dir='ltr'><strong>haec</strong></span> <span class='ocrx_word' id='word_1_68' title='bbox 2022 757 2115 799; x_wconf 86' lang='lat' dir='ltr'><strong>ac-</strong></span> 
     </span>
    </p>
   </div>
   <div class='ocr_carea' id='block_1_9' title="bbox 517 828 2117 905">
    <p class='ocr_par' dir='ltr' id='par_1_9' title="bbox 517 828 2117 905">
     <span class='ocr_line' id='line_1_10' title="bbox 517 828 2117 905; baseline 0.006 -26"><span class='ocrx_word' id='word_1_69' title='bbox 517 835 703 881; x_wconf 92' lang='lat' dir='ltr'><strong>curate</strong></span> <span class='ocrx_word' id='word_1_70' title='bbox 722 828 1066 883; x_wconf 78' lang='lat' dir='ltr'><strong>servassent?</strong></span> <span class='ocrx_word' id='word_1_71' title='bbox 1082 831 1218 896; x_wconf 82' lang='lat' dir='ltr'><strong>Quia</strong></span> <span class='ocrx_word' id='word_1_72' title='bbox 1252 830 1410 900; x_wconf 77' lang='lat' dir='ltr'><strong>igitur</strong></span> <span class='ocrx_word' id='word_1_73' title='bbox 1437 832 1752 903; x_wconf 85' lang='lat' dir='ltr'><strong>plerumque</strong></span> <span class='ocrx_word' id='word_1_74' title='bbox 1774 833 2117 905; x_wconf 80' lang='lat' dir='ltr'><strong>contingebat</strong></span> 
     </span>
    </p>
   </div>
   <div class='ocr_carea' id='block_1_10' title="bbox 518 916 2112 989">
    <p class='ocr_par' dir='ltr' id='par_1_10' title="bbox 518 916 2112 989">
     <span class='ocr_line' id='line_1_11' title="bbox 518 916 2112 989; baseline 0.006 -21"><span class='ocrx_word' id='word_1_75' title='bbox 518 925 578 969; x_wconf 83' lang='grc' dir='ltr'><strong>ιιι</strong></span> <span class='ocrx_word' id='word_1_76' title='bbox 614 916 666 970; x_wconf 90' lang='lat' dir='ltr'><strong>in</strong></span> <span class='ocrx_word' id='word_1_77' title='bbox 699 929 968 986; x_wconf 90' lang='lat' dir='ltr'><strong>promptu,</strong></span> <span class='ocrx_word' id='word_1_78' title='bbox 994 929 1054 974; x_wconf 85' lang='lat' dir='ltr'><strong>et</strong></span> <span class='ocrx_word' id='word_1_79' title='bbox 1076 921 1229 989; x_wconf 88' lang='lat' dir='ltr'><strong>quasi</strong></span> <span class='ocrx_word' id='word_1_80' title='bbox 1259 922 1480 976; x_wconf 77' lang='lat' dir='ltr'><strong>fortuito</strong></span> <span class='ocrx_word' id='word_1_81' title='bbox 1514 922 1565 976; x_wconf 86' lang='lat' dir='ltr'><strong>id</strong></span> <span class='ocrx_word' id='word_1_82' title='bbox 1612 922 1869 989; x_wconf 85' lang='lat' dir='ltr'><strong>iacerent,</strong></span> <span class='ocrx_word' id='word_1_83' title='bbox 1899 934 1959 978; x_wconf 93' lang='lat' dir='ltr'><strong>ut</strong></span> <span class='ocrx_word' id='word_1_84' title='bbox 1990 940 2112 980; x_wconf 87' lang='lat' dir='ltr'><strong>cum</strong></span> 
     </span>
    </p>
   </div>
   <div class='ocr_carea' id='block_1_11' title="bbox 515 1007 2112 1083">
    <p class='ocr_par' dir='ltr' id='par_1_11' title="bbox 515 1007 2112 1083">
     <span class='ocr_line' id='line_1_12' title="bbox 515 1007 2112 1083; baseline 0.007 -23"><span class='ocrx_word' id='word_1_85' title='bbox 515 1008 571 1060; x_wconf 88' lang='lat' dir='ltr'><strong>in</strong></span> <span class='ocrx_word' id='word_1_86' title='bbox 615 1007 829 1063; x_wconf 88' lang='lat' dir='ltr'><strong>deserto</strong></span> <span class='ocrx_word' id='word_1_87' title='bbox 868 1011 1248 1079; x_wconf 81' lang='lat' dir='ltr'><strong>comedebaut,</strong></span> <span class='ocrx_word' id='word_1_88' title='bbox 1281 1023 1483 1069; x_wconf 87' lang='lat' dir='ltr'><strong>etcum</strong></span> <span class='ocrx_word' id='word_1_89' title='bbox 1510 1014 1689 1083; x_wconf 87' lang='lat' dir='ltr'><strong>spicas</strong></span> <span class='ocrx_word' id='word_1_90' title='bbox 1728 1014 2016 1082; x_wconf 83' lang='lat' dir='ltr'><strong>vellebant,</strong></span> <span class='ocrx_word' id='word_1_91' title='bbox 2058 1015 2112 1071; x_wconf 84' lang='lat' dir='ltr'><strong>id</strong></span> 
     </span>
    </p>
   </div>
   <div class='ocr_carea' id='block_1_12' title="bbox 514 1099 2111 1179">
    <p class='ocr_par' dir='ltr' id='par_1_12' title="bbox 514 1099 2111 1179">
     <span class='ocr_line' id='line_1_13' title="bbox 514 1099 2111 1179; baseline 0.007 -27"><span class='ocrx_word' id='word_1_92' title='bbox 514 1099 665 1166; x_wconf 80' lang='lat' dir='ltr'><strong>qttasi</strong></span> <span class='ocrx_word' id='word_1_93' title='bbox 692 1100 896 1157; x_wconf 85' lang='lat' dir='ltr'><strong>crimen</strong></span> <span class='ocrx_word' id='word_1_94' title='bbox 925 1102 1224 1171; x_wconf 87' lang='lat' dir='ltr'><strong>proferunt,</strong></span> <span class='ocrx_word' id='word_1_95' title='bbox 1263 1107 1352 1176; x_wconf 81' lang='lat' dir='ltr'><strong>qui</strong></span> <span class='ocrx_word' id='word_1_96' title='bbox 1384 1106 1586 1175; x_wconf 77' lang='lat' dir='ltr'><strong>majora</strong></span> <span class='ocrx_word' id='word_1_97' title='bbox 1626 1122 1841 1177; x_wconf 77' lang='lat' dir='ltr'><strong>semper</strong></span> <span class='ocrx_word' id='word_1_98' title='bbox 1877 1108 2111 1179; x_wconf 83' lang='lat' dir='ltr'><strong>uegi:ge-</strong></span> 
     </span>
    </p>
   </div>
   <div class='ocr_carea' id='block_1_13' title="bbox 514 1191 2112 1272">
    <p class='ocr_par' dir='ltr' id='par_1_13' title="bbox 514 1191 2112 1272">
     <span class='ocr_line' id='line_1_14' title="bbox 514 1191 2112 1272; baseline 0.006 -26"><span class='ocrx_word' id='word_1_99' title='bbox 514 1191 666 1255; x_wconf 74' lang='lat' dir='ltr'><strong>baut.</strong></span> <span class='ocrx_word' id='word_1_100' title='bbox 709 1203 765 1249; x_wconf 88' lang='lat' dir='ltr'><strong>et</strong></span> <span class='ocrx_word' id='word_1_101' title='bbox 809 1195 1079 1262; x_wconf 79' lang='lat' dir='ltr'><strong>superflua</strong></span> <span class='ocrx_word' id='word_1_102' title='bbox 1119 1198 1408 1254; x_wconf 83' lang='lat' dir='ltr'><strong>admodum</strong></span> <span class='ocrx_word' id='word_1_103' title='bbox 1448 1200 1729 1259; x_wconf 71' lang='lat' dir='ltr'><strong>curabant.</strong></span> <span class='ocrx_word' id='word_1_104' title='bbox 1768 1200 1906 1270; x_wconf 82' lang='lat' dir='ltr'><strong>Quid</strong></span> <span class='ocrx_word' id='word_1_105' title='bbox 1950 1202 2112 1272; x_wconf 87' lang='lat' dir='ltr'><strong>igitur</strong></span> 
     </span>
    </p>
   </div>
   <div class='ocr_carea' id='block_1_14' title="bbox 511 1286 2107 1365">
    <p class='ocr_par' dir='ltr' id='par_1_14' title="bbox 511 1286 2107 1365">
     <span class='ocr_line' id='line_1_15' title="bbox 511 1286 2107 1365; baseline 0.006 -24"><span class='ocrx_word' id='word_1_106' title='bbox 511 1286 795 1343; x_wconf 72' lang='lat' dir='ltr'><strong>Christus?</strong></span> <span class='ocrx_word' id='word_1_107' title='bbox 836 1289 952 1344; x_wconf 81' lang='lat' dir='ltr'><strong>Non</strong></span> <span class='ocrx_word' id='word_1_108' title='bbox 999 1292 1128 1347; x_wconf 90' lang='lat' dir='ltr'><strong>illud</strong></span> <span class='ocrx_word' id='word_1_109' title='bbox 1175 1294 1427 1355; x_wconf 86' lang='lat' dir='ltr'><strong>attendit.</strong></span> <span class='ocrx_word' id='word_1_110' title='bbox 1462 1309 1641 1365; x_wconf 88' lang='lat' dir='ltr'><strong>neque</strong></span> <span class='ocrx_word' id='word_1_111' title='bbox 1680 1295 2107 1352; x_wconf 82' lang='lat' dir='ltr'><strong>criminationem</strong></span> 
     </span>
    </p>
   </div>
   <div class='ocr_carea' id='block_1_15' title="bbox 510 1377 2106 1452">
    <p class='ocr_par' dir='ltr' id='par_1_15' title="bbox 510 1377 2106 1452">
     <span class='ocr_line' id='line_1_16' title="bbox 510 1377 2106 1452; baseline 0.007 -21"><span class='ocrx_word' id='word_1_112' title='bbox 510 1377 738 1447; x_wconf 87' lang='lat' dir='ltr'><strong>depulit,</strong></span> <span class='ocrx_word' id='word_1_113' title='bbox 768 1381 861 1436; x_wconf 86' lang='lat' dir='ltr'><strong>sed</strong></span> <span class='ocrx_word' id='word_1_114' title='bbox 886 1381 1068 1438; x_wconf 78' lang='lat' dir='ltr'><strong>statim</strong></span> <span class='ocrx_word' id='word_1_115' title='bbox 1094 1384 1470 1440; x_wconf 85' lang='lat' dir='ltr'><strong>recriminatus</strong></span> <span class='ocrx_word' id='word_1_116' title='bbox 1499 1396 1603 1452; x_wconf 89' lang='lat' dir='ltr'><strong>est,</strong></span> <span class='ocrx_word' id='word_1_117' title='bbox 1637 1394 1695 1441; x_wconf 92' lang='lat' dir='ltr'><strong>nt</strong></span> <span class='ocrx_word' id='word_1_118' title='bbox 1730 1386 2006 1442; x_wconf 77' lang='lat' dir='ltr'><strong>audaciam</strong></span> <span class='ocrx_word' id='word_1_119' title='bbox 2037 1388 2106 1442; x_wconf 85' lang='lat' dir='ltr'><strong>il-</strong></span> 
     </span>
    </p>
   </div>
   <div class='ocr_carea' id='block_1_16' title="bbox 511 1470 2107 1549">
    <p class='ocr_par' dir='ltr' id='par_1_16' title="bbox 511 1470 2107 1549">
     <span class='ocr_line' id='line_1_17' title="bbox 511 1470 2107 1549; baseline 0.006 -25"><span class='ocrx_word' id='word_1_120' title='bbox 511 1470 687 1525; x_wconf 80' lang='lat' dir='ltr'><strong>lorum</strong></span> <span class='ocrx_word' id='word_1_121' title='bbox 727 1473 1068 1542; x_wconf 87' lang='lat' dir='ltr'><strong>reprimeret,</strong></span> <span class='ocrx_word' id='word_1_122' title='bbox 1108 1476 1544 1546; x_wconf 79' lang='lat' dir='ltr'><strong>osteiidoretque,</strong></span> <span class='ocrx_word' id='word_1_123' title='bbox 1572 1492 1694 1531; x_wconf 87' lang='lat' dir='ltr'><strong>eum</strong></span> <span class='ocrx_word' id='word_1_124' title='bbox 1721 1477 1814 1549; x_wconf 89' lang='lat' dir='ltr'><strong>qui</strong></span> <span class='ocrx_word' id='word_1_125' title='bbox 1853 1478 1906 1532; x_wconf 90' lang='lat' dir='ltr'><strong>in</strong></span> <span class='ocrx_word' id='word_1_126' title='bbox 1932 1478 2107 1549; x_wconf 81' lang='lat' dir='ltr'><strong>majo—</strong></span> 
     </span>
    </p>
   </div>
   <div class='ocr_carea' id='block_1_17' title="bbox 506 1560 2107 1638">
    <p class='ocr_par' dir='ltr' id='par_1_17' title="bbox 506 1560 2107 1638">
     <span class='ocr_line' id='line_1_18' title="bbox 506 1560 2107 1638; baseline 0.005 -23"><span class='ocrx_word' id='word_1_127' title='bbox 506 1560 662 1616; x_wconf 81' lang='lat' dir='ltr'><strong>ribus</strong></span> <span class='ocrx_word' id='word_1_128' title='bbox 690 1572 896 1631; x_wconf 81' lang='lat' dir='ltr'><strong>peccat,</strong></span> <span class='ocrx_word' id='word_1_129' title='bbox 937 1565 1146 1620; x_wconf 88' lang='lat' dir='ltr'><strong>minora</strong></span> <span class='ocrx_word' id='word_1_130' title='bbox 1179 1566 1230 1620; x_wconf 92' lang='lat' dir='ltr'><strong>in</strong></span> <span class='ocrx_word' id='word_1_131' title='bbox 1258 1566 1380 1621; x_wconf 86' lang='lat' dir='ltr'><strong>aliis</strong></span> <span class='ocrx_word' id='word_1_132' title='bbox 1411 1581 1516 1621; x_wconf 90' lang='lat' dir='ltr'><strong>non</strong></span> <span class='ocrx_word' id='word_1_133' title='bbox 1560 1576 1703 1623; x_wconf 89' lang='lat' dir='ltr'><strong>tanta</strong></span> <span class='ocrx_word' id='word_1_134' title='bbox 1748 1583 1877 1624; x_wconf 89' lang='lat' dir='ltr'><strong>cura</strong></span> <span class='ocrx_word' id='word_1_135' title='bbox 1919 1570 2107 1638; x_wconf 75' lang='lat' dir='ltr'><strong>explo-</strong></span> 
     </span>
    </p>
   </div>
   <div class='ocr_carea' id='block_1_18' title="bbox 506 1652 2105 1727">
    <p class='ocr_par' dir='ltr' id='par_1_18' title="bbox 506 1652 2105 1727">
     <span class='ocr_line' id='line_1_19' title="bbox 506 1652 2105 1727; baseline 0.006 -22"><span class='ocrx_word' id='word_1_136' title='bbox 506 1667 633 1708; x_wconf 75' lang='lat' dir='ltr'><strong>rare</strong></span> <span class='ocrx_word' id='word_1_137' title='bbox 656 1652 878 1710; x_wconf 80' lang='lat' dir='ltr'><strong>debere.</strong></span> <span class='ocrx_word' id='word_1_138' title='bbox 907 1654 1017 1710; x_wconf 82' lang='lat' dir='ltr'><strong>Vos</strong></span> <span class='ocrx_word' id='word_1_139' title='bbox 1038 1657 1281 1712; x_wconf 80' lang='lat' dir='ltr'><strong>accusari</strong></span> <span class='ocrx_word' id='word_1_140' title='bbox 1310 1658 1609 1727; x_wconf 79' lang='lat' dir='ltr'><strong>oportebat,</strong></span> <span class='ocrx_word' id='word_1_141' title='bbox 1637 1665 1693 1714; x_wconf 88' lang='lat' dir='ltr'><strong>et</strong></span> <span class='ocrx_word' id='word_1_142' title='bbox 1716 1660 2002 1715; x_wconf 80' lang='lat' dir='ltr'><strong>accusatis.</strong></span> <span class='ocrx_word' id='word_1_143' title='bbox 2026 1659 2105 1715; x_wconf 82' lang='lat' dir='ltr'><strong>Tu</strong></span> 
     </span>
    </p>
   </div>
   <div class='ocr_carea' id='block_1_19' title="bbox 507 1746 2099 1823">
    <p class='ocr_par' dir='ltr' id='par_1_19' title="bbox 507 1746 2099 1823">
     <span class='ocr_line' id='line_1_20' title="bbox 507 1746 2099 1823; baseline 0.001 -23"><span class='ocrx_word' id='word_1_144' title='bbox 507 1759 640 1800; x_wconf 70' lang='lat' dir='ltr'><strong>vero</strong></span> <span class='ocrx_word' id='word_1_145' title='bbox 668 1747 926 1802; x_wconf 75' lang='lat' dir='ltr'><strong>observes</strong></span> <span class='ocrx_word' id='word_1_146' title='bbox 951 1746 1132 1815; x_wconf 84' lang='lat' dir='ltr'><strong>velim,</strong></span> <span class='ocrx_word' id='word_1_147' title='bbox 1169 1750 1442 1820; x_wconf 89' lang='lat' dir='ltr'><strong>quomodo</strong></span> <span class='ocrx_word' id='word_1_148' title='bbox 1468 1766 1592 1805; x_wconf 89' lang='lat' dir='ltr'><strong>cum</strong></span> <span class='ocrx_word' id='word_1_149' title='bbox 1620 1750 1822 1821; x_wconf 83' lang='lat' dir='ltr'><strong>aliquid</strong></span> <span class='ocrx_word' id='word_1_150' title='bbox 1853 1767 1920 1807; x_wconf 79' lang='lat' dir='ltr'><strong>ex</strong></span> <span class='ocrx_word' id='word_1_151' title='bbox 1950 1751 2099 1823; x_wconf 58' lang='lat' dir='ltr'><strong>lego.</strong></span> 
     </span>
    </p>
   </div>
   <div class='ocr_carea' id='block_1_20' title="bbox 503 1837 2100 1915">
    <p class='ocr_par' dir='ltr' id='par_1_20' title="bbox 503 1837 2100 1915">
     <span class='ocr_line' id='line_1_21' title="bbox 503 1837 2100 1915; baseline 0.006 -23"><span class='ocrx_word' id='word_1_152' title='bbox 503 1837 650 1893; x_wconf 73' lang='lat' dir='ltr'><strong>libus</strong></span> <span class='ocrx_word' id='word_1_153' title='bbox 689 1839 904 1896; x_wconf 87' lang='lat' dir='ltr'><strong>solvere</strong></span> <span class='ocrx_word' id='word_1_154' title='bbox 924 1842 1060 1907; x_wconf 79' lang='lat' dir='ltr'><strong>vult,</strong></span> <span class='ocrx_word' id='word_1_155' title='bbox 1092 1844 1244 1912; x_wconf 90' lang='lat' dir='ltr'><strong>quasi</strong></span> <span class='ocrx_word' id='word_1_156' title='bbox 1284 1858 1411 1899; x_wconf 80' lang='lat' dir='ltr'><strong>sese</strong></span> <span class='ocrx_word' id='word_1_157' title='bbox 1451 1845 1756 1899; x_wconf 74' lang='lat' dir='ltr'><strong>excusando</strong></span> <span class='ocrx_word' id='word_1_158' title='bbox 1804 1846 1856 1900; x_wconf 90' lang='lat' dir='ltr'><strong>id</strong></span> <span class='ocrx_word' id='word_1_159' title='bbox 1904 1848 2100 1915; x_wconf 78' lang='lat' dir='ltr'><strong>iaciat;</strong></span> 
     </span>
    </p>
   </div>
   <div class='ocr_carea' id='block_1_21' title="bbox 503 1930 2102 2008">
    <p class='ocr_par' dir='ltr' id='par_1_21' title="bbox 503 1930 2102 2008">
     <span class='ocr_line' id='line_1_22' title="bbox 503 1930 2102 2008; baseline 0.006 -24"><span class='ocrx_word' id='word_1_160' title='bbox 503 1930 649 2001; x_wconf 86' lang='lat' dir='ltr'><strong>quod</strong></span> <span class='ocrx_word' id='word_1_161' title='bbox 677 1942 729 1986; x_wconf 90' lang='lat' dir='ltr'><strong>et</strong></span> <span class='ocrx_word' id='word_1_162' title='bbox 758 1944 888 1987; x_wconf 85' lang='lat' dir='ltr'><strong>tunc</strong></span> <span class='ocrx_word' id='word_1_163' title='bbox 917 1932 1062 1988; x_wconf 89' lang='lat' dir='ltr'><strong>fecit.</strong></span> <span class='ocrx_word' id='word_1_164' title='bbox 1091 1934 1204 1988; x_wconf 86' lang='lat' dir='ltr'><strong>Non</strong></span> <span class='ocrx_word' id='word_1_165' title='bbox 1232 1937 1375 1990; x_wconf 89' lang='lat' dir='ltr'><strong>enim</strong></span> <span class='ocrx_word' id='word_1_166' title='bbox 1412 1937 1593 1991; x_wconf 83' lang='lat' dir='ltr'><strong>statim</strong></span> <span class='ocrx_word' id='word_1_167' title='bbox 1615 1936 1681 1991; x_wconf 88' lang='lat' dir='ltr'><strong>ad</strong></span> <span class='ocrx_word' id='word_1_168' title='bbox 1713 1940 2102 2008; x_wconf 82' lang='lat' dir='ltr'><strong>transgressio-</strong></span> 
     </span>
    </p>
   </div>
   <div class='ocr_carea' id='block_1_22' title="bbox 504 2024 2099 2100">
    <p class='ocr_par' dir='ltr' id='par_1_22' title="bbox 504 2024 2099 2100">
     <span class='ocr_line' id='line_1_23' title="bbox 504 2024 2099 2100; baseline 0.006 -25"><span class='ocrx_word' id='word_1_169' title='bbox 504 2037 628 2077; x_wconf 85' lang='lat' dir='ltr'><strong>nem</strong></span> <span class='ocrx_word' id='word_1_170' title='bbox 667 2024 930 2094; x_wconf 85' lang='lat' dir='ltr'><strong>procedit,</strong></span> <span class='ocrx_word' id='word_1_171' title='bbox 985 2041 1161 2096; x_wconf 90' lang='lat' dir='ltr'><strong>neqne</strong></span> <span class='ocrx_word' id='word_1_172' title='bbox 1212 2025 1376 2091; x_wconf 86' lang='lat' dir='ltr'><strong>dicit,</strong></span> <span class='ocrx_word' id='word_1_173' title='bbox 1429 2028 1485 2083; x_wconf 87' lang='lat' dir='ltr'><strong>id</strong></span> <span class='ocrx_word' id='word_1_174' title='bbox 1535 2027 1665 2082; x_wconf 84' lang='lat' dir='ltr'><strong>nihil</strong></span> <span class='ocrx_word' id='word_1_175' title='bbox 1708 2037 1821 2095; x_wconf 85' lang='lat' dir='ltr'><strong>est;</strong></span> <span class='ocrx_word' id='word_1_176' title='bbox 1862 2029 2099 2100; x_wconf 79' lang='lat' dir='ltr'><strong>alioquin</strong></span> 
     </span>
    </p>
   </div>
   <div class='ocr_carea' id='block_1_23' title="bbox 500 2113 2099 2190">
    <p class='ocr_par' dir='ltr' id='par_1_23' title="bbox 500 2113 2099 2190">
     <span class='ocr_line' id='line_1_24' title="bbox 500 2113 2099 2190; baseline 0.008 -24"><span class='ocrx_word' id='word_1_177' title='bbox 500 2126 631 2167; x_wconf 73' lang='lat' dir='ltr'><strong>Ivem</strong></span> <span class='ocrx_word' id='word_1_178' title='bbox 676 2113 794 2170; x_wconf 84' lang='lat' dir='ltr'><strong>illos</strong></span> <span class='ocrx_word' id='word_1_179' title='bbox 832 2114 1124 2173; x_wconf 86' lang='lat' dir='ltr'><strong>ferociores</strong></span> <span class='ocrx_word' id='word_1_180' title='bbox 1151 2117 1472 2175; x_wconf 76' lang='lat' dir='ltr'><strong>reddidisset</strong></span> <span class='ocrx_word' id='word_1_181' title='bbox 1505 2138 1519 2173; x_wconf 93' lang='lat'><strong>:</strong></span> <span class='ocrx_word' id='word_1_182' title='bbox 1559 2120 1656 2175; x_wconf 80' lang='lat' dir='ltr'><strong>sed</strong></span> <span class='ocrx_word' id='word_1_183' title='bbox 1697 2122 1847 2190; x_wconf 89' lang='lat' dir='ltr'><strong>prius</strong></span> <span class='ocrx_word' id='word_1_184' title='bbox 1887 2123 2099 2178; x_wconf 88' lang='lat' dir='ltr'><strong>illorum</strong></span> 
     </span>
    </p>
   </div>
   <div class='ocr_carea' id='block_1_24' title="bbox 499 2205 2097 2282">
    <p class='ocr_par' dir='ltr' id='par_1_24' title="bbox 499 2205 2097 2282">
     <span class='ocr_line' id='line_1_25' title="bbox 499 2205 2097 2282; baseline 0.008 -23"><span class='ocrx_word' id='word_1_185' title='bbox 499 2205 776 2261; x_wconf 77' lang='lat' dir='ltr'><strong>audaciam</strong></span> <span class='ocrx_word' id='word_1_186' title='bbox 808 2210 1062 2277; x_wconf 83' lang='lat' dir='ltr'><strong>retundit,</strong></span> <span class='ocrx_word' id='word_1_187' title='bbox 1112 2210 1271 2282; x_wconf 85' lang='lat' dir='ltr'><strong>longe</strong></span> <span class='ocrx_word' id='word_1_188' title='bbox 1316 2212 1492 2281; x_wconf 82' lang='lat' dir='ltr'><strong>majus</strong></span> <span class='ocrx_word' id='word_1_189' title='bbox 1527 2214 1728 2269; x_wconf 85' lang='lat' dir='ltr'><strong>crimen</strong></span> <span class='ocrx_word' id='word_1_190' title='bbox 1764 2215 1824 2269; x_wconf 87' lang='lat' dir='ltr'><strong>in</strong></span> <span class='ocrx_word' id='word_1_191' title='bbox 1864 2215 2097 2271; x_wconf 85' lang='lat' dir='ltr'><strong>medium</strong></span> 
     </span>
    </p>
   </div>
   <div class='ocr_carea' id='block_1_25' title="bbox 494 2299 2101 2381">
    <p class='ocr_par' dir='ltr' id='par_1_25' title="bbox 494 2299 2101 2381">
     <span class='ocr_line' id='line_1_26' title="bbox 494 2299 2101 2381; baseline 0.006 -25"><span class='ocrx_word' id='word_1_192' title='bbox 494 2299 797 2370; x_wconf 77' lang='lat' dir='ltr'><strong>proferens,</strong></span> <span class='ocrx_word' id='word_1_193' title='bbox 830 2312 885 2357; x_wconf 86' lang='lat' dir='ltr'><strong>et</strong></span> <span class='ocrx_word' id='word_1_194' title='bbox 910 2305 963 2358; x_wconf 89' lang='lat' dir='ltr'><strong>in</strong></span> <span class='ocrx_word' id='word_1_195' title='bbox 995 2304 1231 2374; x_wconf 84' lang='lat' dir='ltr'><strong>ipsorum</strong></span> <span class='ocrx_word' id='word_1_196' title='bbox 1256 2315 1417 2375; x_wconf 88' lang='lat' dir='ltr'><strong>caput</strong></span> <span class='ocrx_word' id='word_1_197' title='bbox 1436 2317 1776 2377; x_wconf 79' lang='lat' dir='ltr'><strong>retorquens.</strong></span> <span class='ocrx_word' id='word_1_198' title='bbox 1806 2308 1991 2381; x_wconf 82' lang='lat' dir='ltr'><strong>Neque</strong></span> <span class='ocrx_word' id='word_1_199' title='bbox 2018 2310 2101 2365; x_wconf 84' lang='lat' dir='ltr'><strong>di-</strong></span> 
     </span>
    </p>
   </div>
   <div class='ocr_carea' id='block_1_26' title="bbox 496 2395 2095 2470">
    <p class='ocr_par' dir='ltr' id='par_1_26' title="bbox 496 2395 2095 2470">
     <span class='ocr_line' id='line_1_27' title="bbox 496 2395 2095 2470; baseline 0.007 -22"><span class='ocrx_word' id='word_1_200' title='bbox 496 2395 592 2460; x_wconf 89' lang='lat' dir='ltr'><strong>cit,</strong></span> <span class='ocrx_word' id='word_1_201' title='bbox 625 2404 776 2451; x_wconf 90' lang='lat' dir='ltr'><strong>recte</strong></span> <span class='ocrx_word' id='word_1_202' title='bbox 802 2396 924 2452; x_wconf 90' lang='lat' dir='ltr'><strong>illos</strong></span> <span class='ocrx_word' id='word_1_203' title='bbox 945 2396 1122 2452; x_wconf 84' lang='lat' dir='ltr'><strong>facere</strong></span> <span class='ocrx_word' id='word_1_204' title='bbox 1148 2398 1276 2453; x_wconf 88' lang='lat' dir='ltr'><strong>dum</strong></span> <span class='ocrx_word' id='word_1_205' title='bbox 1302 2400 1789 2470; x_wconf 80' lang='lat' dir='ltr'><strong>transgrediuntur,</strong></span> <span class='ocrx_word' id='word_1_206' title='bbox 1816 2417 1884 2457; x_wconf 89' lang='lat' dir='ltr'><strong>ne</strong></span> <span class='ocrx_word' id='word_1_207' title='bbox 1910 2418 2095 2459; x_wconf 82' lang='lat' dir='ltr'><strong>ansam</strong></span> 
     </span>
    </p>
   </div>
   <div class='ocr_carea' id='block_1_27' title="bbox 499 2483 2099 2561">
    <p class='ocr_par' dir='ltr' id='par_1_27' title="bbox 499 2483 2099 2561">
     <span class='ocr_line' id='line_1_28' title="bbox 499 2483 2099 2561; baseline 0.008 -23"><span class='ocrx_word' id='word_1_208' title='bbox 499 2483 605 2539; x_wconf 89' lang='lat' dir='ltr'><strong>illis</strong></span> <span class='ocrx_word' id='word_1_209' title='bbox 635 2487 909 2555; x_wconf 71' lang='lat' dir='ltr'><strong>pricbeat;</strong></span> <span class='ocrx_word' id='word_1_210' title='bbox 940 2502 1116 2558; x_wconf 88' lang='lat' dir='ltr'><strong>neque</strong></span> <span class='ocrx_word' id='word_1_211' title='bbox 1161 2488 1284 2544; x_wconf 91' lang='lat' dir='ltr'><strong>ideo</strong></span> <span class='ocrx_word' id='word_1_212' title='bbox 1327 2489 1596 2561; x_wconf 75' lang='lat' dir='ltr'><strong>obiurgat,</strong></span> <span class='ocrx_word' id='word_1_213' title='bbox 1634 2507 1713 2547; x_wconf 82' lang='lat' dir='ltr'><strong>ne</strong></span> <span class='ocrx_word' id='word_1_214' title='bbox 1740 2493 1983 2550; x_wconf 87' lang='lat' dir='ltr'><strong>videatur</strong></span> <span class='ocrx_word' id='word_1_215' title='bbox 2022 2496 2099 2551; x_wconf 82' lang='lat' dir='ltr'><strong>le-</strong></span> 
     </span>
    </p>
   </div>
   <div class='ocr_carea' id='block_1_28' title="bbox 492 2579 2095 2652">
    <p class='ocr_par' dir='ltr' id='par_1_28' title="bbox 492 2579 2095 2652">
     <span class='ocr_line' id='line_1_29' title="bbox 492 2579 2095 2652; baseline 0.009 -21"><span class='ocrx_word' id='word_1_216' title='bbox 492 2591 618 2647; x_wconf 90' lang='lat' dir='ltr'><strong>gem</strong></span> <span class='ocrx_word' id='word_1_217' title='bbox 654 2579 902 2645; x_wconf 80' lang='lat' dir='ltr'><strong>ﬁrmare;</strong></span> <span class='ocrx_word' id='word_1_218' title='bbox 946 2597 1120 2652; x_wconf 87' lang='lat' dir='ltr'><strong>neque</strong></span> <span class='ocrx_word' id='word_1_219' title='bbox 1149 2597 1340 2639; x_wconf 85' lang='lat' dir='ltr'><strong>rursus</strong></span> <span class='ocrx_word' id='word_1_220' title='bbox 1366 2585 1609 2641; x_wconf 86' lang='lat' dir='ltr'><strong>seniores</strong></span> <span class='ocrx_word' id='word_1_221' title='bbox 1648 2598 1866 2643; x_wconf 84' lang='lat' dir='ltr'><strong>accusat</strong></span> <span class='ocrx_word' id='word_1_222' title='bbox 1894 2597 1953 2644; x_wconf 92' lang='lat' dir='ltr'><strong>ut</strong></span> <span class='ocrx_word' id='word_1_223' title='bbox 1990 2590 2095 2644; x_wconf 87' lang='lat' dir='ltr'><strong>ini-</strong></span> 
     </span>
    </p>
   </div>
   <div class='ocr_carea' id='block_1_29' title="bbox 494 2672 2091 2747">
    <p class='ocr_par' dir='ltr' id='par_1_29' title="bbox 494 2672 2091 2747">
     <span class='ocr_line' id='line_1_30' title="bbox 494 2672 2091 2747; baseline 0.011 -25"><span class='ocrx_word' id='word_1_224' title='bbox 494 2683 654 2739; x_wconf 87' lang='lat' dir='ltr'><strong>quos,</strong></span> <span class='ocrx_word' id='word_1_225' title='bbox 703 2680 762 2726; x_wconf 90' lang='lat' dir='ltr'><strong>ut</strong></span> <span class='ocrx_word' id='word_1_226' title='bbox 806 2672 1100 2742; x_wconf 82' lang='lat' dir='ltr'><strong>scelestos;</strong></span> <span class='ocrx_word' id='word_1_227' title='bbox 1147 2676 1382 2747; x_wconf 82' lang='lat' dir='ltr'><strong>alioquin</strong></span> <span class='ocrx_word' id='word_1_228' title='bbox 1412 2678 1556 2733; x_wconf 91' lang='lat' dir='ltr'><strong>enim</strong></span> <span class='ocrx_word' id='word_1_229' title='bbox 1587 2687 1649 2734; x_wconf 89' lang='lat' dir='ltr'><strong>nt</strong></span> <span class='ocrx_word' id='word_1_230' title='bbox 1676 2682 2091 2739; x_wconf 80' lang='lat' dir='ltr'><strong>conviciatorem</strong></span> 
     </span>
    </p>
   </div>
   <div class='ocr_carea' id='block_1_30' title="bbox 491 2760 2092 2841">
    <p class='ocr_par' dir='ltr' id='par_1_30' title="bbox 491 2760 2092 2841">
     <span class='ocr_line' id='line_1_31' title="bbox 491 2760 2092 2841; baseline 0.01 -25"><span class='ocrx_word' id='word_1_231' title='bbox 491 2760 648 2816; x_wconf 86' lang='lat' dir='ltr'><strong>illum</strong></span> <span class='ocrx_word' id='word_1_232' title='bbox 673 2775 1053 2822; x_wconf 82' lang='lat' dir='ltr'><strong>aversarentur</strong></span> <span class='ocrx_word' id='word_1_233' title='bbox 1083 2785 1098 2822; x_wconf 90' lang='lat'><strong>:</strong></span> <span class='ocrx_word' id='word_1_234' title='bbox 1128 2784 1315 2824; x_wconf 86' lang='lat' dir='ltr'><strong>verum</strong></span> <span class='ocrx_word' id='word_1_235' title='bbox 1347 2770 1526 2825; x_wconf 87' lang='lat' dir='ltr'><strong>missis</strong></span> <span class='ocrx_word' id='word_1_236' title='bbox 1553 2771 1658 2828; x_wconf 87' lang='lat' dir='ltr'><strong>illis</strong></span> <span class='ocrx_word' id='word_1_237' title='bbox 1682 2774 1956 2841; x_wconf 87' lang='lat' dir='ltr'><strong>omnibus,</strong></span> <span class='ocrx_word' id='word_1_238' title='bbox 1989 2776 2092 2832; x_wconf 88' lang='lat' dir='ltr'><strong>alia</strong></span> 
     </span>
    </p>
   </div>
   <div class='ocr_carea' id='block_1_31' title="bbox 496 2853 2089 2938">
    <p class='ocr_par' dir='ltr' id='par_1_31' title="bbox 496 2853 2089 2938">
     <span class='ocr_line' id='line_1_32' title="bbox 496 2853 2089 2938; baseline 0.011 -31"><span class='ocrx_word' id='word_1_239' title='bbox 496 2853 581 2908; x_wconf 90' lang='lat' dir='ltr'><strong>via</strong></span> <span class='ocrx_word' id='word_1_240' title='bbox 606 2857 882 2926; x_wconf 81' lang='lat' dir='ltr'><strong>procedit;</strong></span> <span class='ocrx_word' id='word_1_241' title='bbox 905 2873 968 2914; x_wconf 88' lang='lat' dir='ltr'><strong>ac</strong></span> <span class='ocrx_word' id='word_1_242' title='bbox 984 2859 1194 2916; x_wconf 85' lang='lat' dir='ltr'><strong>videtur</strong></span> <span class='ocrx_word' id='word_1_243' title='bbox 1215 2862 1429 2932; x_wconf 83' lang='lat' dir='ltr'><strong>quidem</strong></span> <span class='ocrx_word' id='word_1_244' title='bbox 1450 2864 1770 2922; x_wconf 84' lang='lat' dir='ltr'><strong>accedentes</strong></span> <span class='ocrx_word' id='word_1_245' title='bbox 1791 2866 2089 2938; x_wconf 86' lang='lat' dir='ltr'><strong>increpare,</strong></span> 
     </span>
    </p>
   </div>
   <div class='ocr_carea' id='block_1_32' title="bbox 493 2947 2089 3029">
    <p class='ocr_par' dir='ltr' id='par_1_32' title="bbox 493 2947 2089 3029">
     <span class='ocr_line' id='line_1_33' title="bbox 493 2947 2089 3029; baseline 0.009 -27"><span class='ocrx_word' id='word_1_246' title='bbox 493 2947 593 3002; x_wconf 86' lang='lat' dir='ltr'><strong>sed</strong></span> <span class='ocrx_word' id='word_1_247' title='bbox 637 2950 943 3022; x_wconf 78' lang='lat' dir='ltr'><strong>perstringit</strong></span> <span class='ocrx_word' id='word_1_248' title='bbox 984 2967 1081 3008; x_wconf 87' lang='lat' dir='ltr'><strong>eos</strong></span> <span class='ocrx_word' id='word_1_249' title='bbox 1108 2955 1198 3025; x_wconf 88' lang='lat' dir='ltr'><strong>qui</strong></span> <span class='ocrx_word' id='word_1_250' title='bbox 1242 2954 1546 3024; x_wconf 82' lang='lat' dir='ltr'><strong>hujnsmodi</strong></span> <span class='ocrx_word' id='word_1_251' title='bbox 1592 2957 1736 3028; x_wconf 79' lang='lat' dir='ltr'><strong>leges</strong></span> <span class='ocrx_word' id='word_1_252' title='bbox 1765 2972 2089 3029; x_wconf 85' lang='lat' dir='ltr'><strong>posuerant;</strong></span> 
     </span>
    </p>
   </div>
   <div class='ocr_carea' id='block_1_33' title="bbox 496 3039 2092 3112">
    <p class='ocr_par' dir='ltr' id='par_1_33' title="bbox 496 3039 2092 3112">
     <span class='ocr_line' id='line_1_34' title="bbox 496 3039 2092 3112; baseline 0.009 -17"><span class='ocrx_word' id='word_1_253' title='bbox 496 3039 738 3096; x_wconf 87' lang='lat' dir='ltr'><strong>seniores</strong></span> <span class='ocrx_word' id='word_1_254' title='bbox 764 3057 1025 3112; x_wconf 84' lang='lat' dir='ltr'><strong>nusquam</strong></span> <span class='ocrx_word' id='word_1_255' title='bbox 1046 3060 1376 3112; x_wconf 88' lang='lat' dir='ltr'><strong>memorans,</strong></span> <span class='ocrx_word' id='word_1_256' title='bbox 1398 3049 1492 3104; x_wconf 85' lang='lat' dir='ltr'><strong>sed</strong></span> <span class='ocrx_word' id='word_1_257' title='bbox 1515 3048 1568 3103; x_wconf 89' lang='lat' dir='ltr'><strong>in</strong></span> <span class='ocrx_word' id='word_1_258' title='bbox 1595 3053 1939 3107; x_wconf 87' lang='lat' dir='ltr'><strong>accusatione</strong></span> <span class='ocrx_word' id='word_1_259' title='bbox 1962 3068 2092 3108; x_wconf 67' lang='lat' dir='ltr'><strong>com</strong></span> 
     </span>
    </p>
   </div>
   <div class='ocr_carea' id='block_1_34' title="bbox 498 3131 2088 3210">
    <p class='ocr_par' dir='ltr' id='par_1_34' title="bbox 498 3131 2088 3210">
     <span class='ocr_line' id='line_1_35' title="bbox 498 3131 2088 3210; baseline 0.011 -26"><span class='ocrx_word' id='word_1_260' title='bbox 498 3140 587 3190; x_wconf 82' lang='lat' dir='ltr'><strong>tra.</strong></span> <span class='ocrx_word' id='word_1_261' title='bbox 618 3131 719 3187; x_wconf 86' lang='lat' dir='ltr'><strong>hos</strong></span> <span class='ocrx_word' id='word_1_262' title='bbox 756 3134 1016 3200; x_wconf 85' lang='lat' dir='ltr'><strong>instituta,</strong></span> <span class='ocrx_word' id='word_1_263' title='bbox 1050 3137 1171 3192; x_wconf 90' lang='lat' dir='ltr'><strong>illos</strong></span> <span class='ocrx_word' id='word_1_264' title='bbox 1212 3154 1428 3209; x_wconf 79' lang='lat' dir='ltr'><strong>quoque</strong></span> <span class='ocrx_word' id='word_1_265' title='bbox 1462 3141 1738 3210; x_wconf 86' lang='lat' dir='ltr'><strong>dejiciens,</strong></span> <span class='ocrx_word' id='word_1_266' title='bbox 1765 3143 2088 3201; x_wconf 80' lang='lat' dir='ltr'><strong>ostendens-</strong></span> 
     </span>
    </p>
   </div>
   <div class='ocr_carea' id='block_1_35' title="bbox 493 3224 2091 3304">
    <p class='ocr_par' dir='ltr' id='par_1_35' title="bbox 493 3224 2091 3304">
     <span class='ocr_line' id='line_1_36' title="bbox 493 3224 2091 3304; baseline 0.011 -27"><span class='ocrx_word' id='word_1_267' title='bbox 493 3238 620 3292; x_wconf 86' lang='lat' dir='ltr'><strong>que,</strong></span> <span class='ocrx_word' id='word_1_268' title='bbox 651 3224 853 3294; x_wconf 79' lang='lat' dir='ltr'><strong>duplex</strong></span> <span class='ocrx_word' id='word_1_269' title='bbox 891 3241 1011 3283; x_wconf 87' lang='lat' dir='ltr'><strong>essc</strong></span> <span class='ocrx_word' id='word_1_270' title='bbox 1057 3240 1354 3299; x_wconf 84' lang='lat' dir='ltr'><strong>peccatum,</strong></span> <span class='ocrx_word' id='word_1_271' title='bbox 1385 3233 1529 3304; x_wconf 89' lang='lat' dir='ltr'><strong>quod</strong></span> <span class='ocrx_word' id='word_1_272' title='bbox 1558 3243 1614 3288; x_wconf 90' lang='lat' dir='ltr'><strong>et</strong></span> <span class='ocrx_word' id='word_1_273' title='bbox 1642 3234 1752 3291; x_wconf 88' lang='lat' dir='ltr'><strong>Deo</strong></span> <span class='ocrx_word' id='word_1_274' title='bbox 1778 3251 1889 3292; x_wconf 87' lang='lat' dir='ltr'><strong>non</strong></span> <span class='ocrx_word' id='word_1_275' title='bbox 1932 3236 2091 3294; x_wconf 82' lang='lat' dir='ltr'><strong>obse-</strong></span> 
     </span>
    </p>
   </div>
   <div class='ocr_carea' id='block_1_36' title="bbox 490 3323 2091 3397">
    <p class='ocr_par' dir='ltr' id='par_1_36' title="bbox 490 3323 2091 3397">
     <span class='ocr_line' id='line_1_37' title="bbox 490 3323 2091 3397; baseline 0.011 -27"><span class='ocrx_word' id='word_1_276' title='bbox 490 3327 810 3384; x_wconf 84' lang='lat' dir='ltr'><strong>querentur,</strong></span> <span class='ocrx_word' id='word_1_277' title='bbox 843 3329 902 3375; x_wconf 89' lang='lat' dir='ltr'><strong>et</strong></span> <span class='ocrx_word' id='word_1_278' title='bbox 940 3323 1082 3391; x_wconf 90' lang='lat' dir='ltr'><strong>quod</strong></span> <span class='ocrx_word' id='word_1_279' title='bbox 1110 3335 1331 3394; x_wconf 88' lang='lat' dir='ltr'><strong>propter</strong></span> <span class='ocrx_word' id='word_1_280' title='bbox 1355 3325 1604 3383; x_wconf 77' lang='lat' dir='ltr'><strong>homines</strong></span> <span class='ocrx_word' id='word_1_281' title='bbox 1633 3328 1686 3384; x_wconf 89' lang='lat' dir='ltr'><strong>id</strong></span> <span class='ocrx_word' id='word_1_282' title='bbox 1719 3329 1981 3397; x_wconf 84' lang='lat' dir='ltr'><strong>iacerent;</strong></span> <span class='ocrx_word' id='word_1_283' title='bbox 2024 3346 2091 3387; x_wconf 87' lang='lat' dir='ltr'><strong>ac</strong></span> 
     </span>
    </p>
   </div>
   <div class='ocr_carea' id='block_1_37' title="bbox 490 3406 2087 3490">
    <p class='ocr_par' dir='ltr' id='par_1_37' title="bbox 490 3406 2087 3490">
     <span class='ocr_line' id='line_1_38' title="bbox 490 3406 2087 3490; baseline 0.018 -30"><span class='ocrx_word' id='word_1_284' title='bbox 490 3406 539 3461; x_wconf 88' lang='lat' dir='ltr'><strong>si</strong></span> <span class='ocrx_word' id='word_1_285' title='bbox 562 3408 812 3466; x_wconf 85' lang='lat' dir='ltr'><strong>diceret:</strong></span> <span class='ocrx_word' id='word_1_286' title='bbox 844 3411 954 3467; x_wconf 81' lang='lat' dir='ltr'><strong>Hoc</strong></span> <span class='ocrx_word' id='word_1_287' title='bbox 1029 3412 1178 3468; x_wconf 86' lang='lat' dir='ltr'><strong>enim</strong></span> <span class='ocrx_word' id='word_1_288' title='bbox 1216 3414 1396 3485; x_wconf 89' lang='lat' dir='ltr'><strong>ipsum</strong></span> <span class='ocrx_word' id='word_1_289' title='bbox 1434 3431 1533 3472; x_wconf 87' lang='lat' dir='ltr'><strong>vos</strong></span> <span class='ocrx_word' id='word_1_290' title='bbox 1562 3461 1576 3484; x_wconf 89' lang='lat'><strong>,</strong></span> <span class='ocrx_word' id='word_1_291' title='bbox 1616 3417 1723 3471; x_wconf 87' lang='lat' dir='ltr'><strong>hoc</strong></span> <span class='ocrx_word' id='word_1_292' title='bbox 1793 3421 2087 3490; x_wconf 78' lang='lat' dir='ltr'><strong>perdidit&#39;;</strong></span> 
     </span>
    </p>
   </div>
   <div class='ocr_carea' id='block_1_38' title="bbox 484 3500 2086 3583">
    <p class='ocr_par' dir='ltr' id='par_1_38' title="bbox 484 3500 2086 3583">
     <span class='ocr_line' id='line_1_39' title="bbox 484 3500 2086 3583; baseline 0.01 -30"><span class='ocrx_word' id='word_1_293' title='bbox 484 3500 635 3569; x_wconf 86' lang='lat' dir='ltr'><strong>quod</strong></span> <span class='ocrx_word' id='word_1_294' title='bbox 668 3502 724 3556; x_wconf 85' lang='lat' dir='ltr'><strong>in</strong></span> <span class='ocrx_word' id='word_1_295' title='bbox 751 3504 899 3558; x_wconf 88' lang='lat' dir='ltr'><strong>omni</strong></span> <span class='ocrx_word' id='word_1_296' title='bbox 931 3521 990 3560; x_wconf 90' lang='lat' dir='ltr'><strong>re</strong></span> <span class='ocrx_word' id='word_1_297' title='bbox 1014 3508 1318 3563; x_wconf 81' lang='lat' dir='ltr'><strong>senioribus</strong></span> <span class='ocrx_word' id='word_1_298' title='bbox 1346 3525 1553 3566; x_wconf 86' lang='lat' dir='ltr'><strong>morem</strong></span> <span class='ocrx_word' id='word_1_299' title='bbox 1579 3512 1812 3583; x_wconf 76' lang='lat' dir='ltr'><strong>geratis;</strong></span> <span class='ocrx_word' id='word_1_300' title='bbox 1856 3513 1949 3570; x_wconf 81' lang='lat' dir='ltr'><strong>sed</strong></span> <span class='ocrx_word' id='word_1_301' title='bbox 1978 3530 2086 3570; x_wconf 82' lang='lat' dir='ltr'><strong>non</strong></span> 
     </span>
    </p>
   </div>
   <div class='ocr_carea' id='block_1_39' title="bbox 493 3588 2088 3677">
    <p class='ocr_par' dir='ltr' id='par_1_39' title="bbox 493 3588 2088 3677">
     <span class='ocr_line' id='line_1_40' title="bbox 493 3588 2088 3677; baseline 0.011 -34"><span class='ocrx_word' id='word_1_302' title='bbox 493 3588 596 3645; x_wconf 88' lang='lat' dir='ltr'><strong>hoc</strong></span> <span class='ocrx_word' id='word_1_303' title='bbox 622 3589 772 3657; x_wconf 86' lang='lat' dir='ltr'><strong>dicit,</strong></span> <span class='ocrx_word' id='word_1_304' title='bbox 802 3592 933 3648; x_wconf 90' lang='lat' dir='ltr'><strong>illud</strong></span> <span class='ocrx_word' id='word_1_305' title='bbox 959 3604 1136 3650; x_wconf 88' lang='lat' dir='ltr'><strong>autem</strong></span> <span class='ocrx_word' id='word_1_306' title='bbox 1161 3598 1331 3667; x_wconf 89' lang='lat' dir='ltr'><strong>ipsum</strong></span> <span class='ocrx_word' id='word_1_307' title='bbox 1355 3601 1678 3667; x_wconf 84' lang='lat' dir='ltr'><strong>subindicat,</strong></span> <span class='ocrx_word' id='word_1_308' title='bbox 1700 3604 1827 3659; x_wconf 88' lang='lat' dir='ltr'><strong>dum</strong></span> <span class='ocrx_word' id='word_1_309' title='bbox 1853 3609 1932 3661; x_wconf 83' lang='lat' dir='ltr'><strong>sic</strong></span> <span class='ocrx_word' id='word_1_310' title='bbox 1958 3607 2088 3677; x_wconf 90' lang='lat' dir='ltr'><strong>ipsis</strong></span> 
     </span>
    </p>
   </div>
   <div class='ocr_carea' id='block_1_40' title="bbox 490 3682 2088 3766">
    <p class='ocr_par' dir='ltr' id='par_1_40' title="bbox 490 3682 2088 3766">
     <span class='ocr_line' id='line_1_41' title="bbox 490 3682 2088 3766; baseline 0.011 -31"><span class='ocrx_word' id='word_1_311' title='bbox 490 3682 800 3752; x_wconf 83' lang='lat' dir='ltr'><strong>respondet.</strong></span> <span class='ocrx_word' id='word_1_312' title='bbox 833 3686 887 3740; x_wconf 74' lang='grc' dir='ltr'><strong>ὅ.</strong></span> <span class='ocrx_word' id='word_1_313' title='bbox 922 3686 1095 3754; x_wconf 80' lang='lat' dir='ltr'><strong>Quare</strong></span> <span class='ocrx_word' id='word_1_314' title='bbox 1116 3692 1268 3744; x_wconf 86' lang='lat' dir='ltr'><strong>etiam</strong></span> <span class='ocrx_word' id='word_1_315' title='bbox 1296 3709 1384 3747; x_wconf 86' lang='lat' dir='ltr'><strong>vos</strong></span> <span class='ocrx_word' id='word_1_316' title='bbox 1423 3695 1838 3766; x_wconf 83' lang='lat' dir='ltr'><strong>transgredimini</strong></span> <span class='ocrx_word' id='word_1_317' title='bbox 1867 3699 2088 3752; x_wconf 87' lang='lat' dir='ltr'><strong>manda-</strong></span> 
     </span>
    </p>
   </div>
   <div class='ocr_carea' id='block_1_41' title="bbox 490 3771 2084 3859">
    <p class='ocr_par' dir='ltr' id='par_1_41' title="bbox 490 3771 2084 3859">
     <span class='ocr_line' id='line_1_42' title="bbox 490 3771 2084 3859; baseline 0.013 -36"><span class='ocrx_word' id='word_1_318' title='bbox 490 3780 596 3824; x_wconf 86' lang='lat' dir='ltr'><strong>tum</strong></span> <span class='ocrx_word' id='word_1_319' title='bbox 625 3771 720 3827; x_wconf 88' lang='lat' dir='ltr'><strong>Dei</strong></span> <span class='ocrx_word' id='word_1_320' title='bbox 748 3786 955 3845; x_wconf 83' lang='lat' dir='ltr'><strong>propter</strong></span> <span class='ocrx_word' id='word_1_321' title='bbox 980 3780 1307 3836; x_wconf 89' lang='lat' dir='ltr'><strong>traditionem</strong></span> <span class='ocrx_word' id='word_1_322' title='bbox 1333 3793 1550 3837; x_wconf 82' lang='lat' dir='ltr'><strong>uestram</strong></span> <span class='ocrx_word' id='word_1_323' title='bbox 1568 3785 1594 3838; x_wconf 71' lang='grc' dir='ltr'><strong>ἰ)</strong></span> <span class='ocrx_word' id='word_1_324' title='bbox 1624 3784 1763 3841; x_wconf 85' lang='lat' dir='ltr'><strong>Deus</strong></span> <span class='ocrx_word' id='word_1_325' title='bbox 1787 3791 1923 3842; x_wconf 88' lang='lat' dir='ltr'><strong>enim</strong></span> <span class='ocrx_word' id='word_1_326' title='bbox 1947 3806 2084 3859; x_wconf 74' lang='lat' dir='ltr'><strong>prae-</strong></span> 
     </span>
    </p>
   </div>
   <div class='ocr_carea' id='block_1_42' title="bbox 487 3864 2084 3946">
    <p class='ocr_par' dir='ltr' id='par_1_42' title="bbox 487 3864 2084 3946">
     <span class='ocr_line' id='line_1_43' title="bbox 487 3864 2084 3946; baseline 0.013 -30"><span class='ocrx_word' id='word_1_327' title='bbox 487 3865 672 3933; x_wconf 84' lang='lat' dir='ltr'><strong>cepit:</strong></span> <span class='ocrx_word' id='word_1_328' title='bbox 698 3866 752 3920; x_wconf 67' lang='lat'><strong>4.</strong></span> <span class='ocrx_word' id='word_1_329' title='bbox 797 3864 1013 3924; x_wconf 88' lang='lat' dir='ltr'><strong>Ilonora</strong></span> <span class='ocrx_word' id='word_1_330' title='bbox 1055 3882 1253 3941; x_wconf 82' lang='lat' dir='ltr'><strong>patrem</strong></span> <span class='ocrx_word' id='word_1_331' title='bbox 1296 3883 1342 3928; x_wconf 85' lang='lat' dir='ltr'><strong>et</strong></span> <span class='ocrx_word' id='word_1_332' title='bbox 1386 3885 1635 3942; x_wconf 85' lang='lat' dir='ltr'><strong>matrem;</strong></span> <span class='ocrx_word' id='word_1_333' title='bbox 1671 3887 1738 3944; x_wconf 86' lang='lat' dir='ltr'><strong>et,</strong></span> <span class='ocrx_word' id='word_1_334' title='bbox 1791 3879 1893 3946; x_wconf 82' lang='lat' dir='ltr'><strong>Qui</strong></span> <span class='ocrx_word' id='word_1_335' title='bbox 1927 3881 2084 3935; x_wconf 78' lang='lat' dir='ltr'><strong>male-</strong></span> 
     </span>
    </p>
   </div>
   <div class='ocr_carea' id='block_1_43' title="bbox 486 3954 2081 4041">
    <p class='ocr_par' dir='ltr' id='par_1_43' title="bbox 486 3954 2081 4041">
     <span class='ocr_line' id='line_1_44' title="bbox 486 3954 2081 4041; baseline 0.013 -34"><span class='ocrx_word' id='word_1_336' title='bbox 486 3954 671 4009; x_wconf 72' lang='lat' dir='ltr'><strong>dixerit</strong></span> <span class='ocrx_word' id='word_1_337' title='bbox 697 3960 834 4027; x_wconf 84' lang='lat' dir='ltr'><strong>patri</strong></span> <span class='ocrx_word' id='word_1_338' title='bbox 864 3961 942 4013; x_wconf 80' lang='lat' dir='ltr'><strong>vel</strong></span> <span class='ocrx_word' id='word_1_339' title='bbox 970 3964 1144 4029; x_wconf 87' lang='lat' dir='ltr'><strong>matri,</strong></span> <span class='ocrx_word' id='word_1_340' title='bbox 1176 3973 1336 4020; x_wconf 85' lang='lat' dir='ltr'><strong>morte</strong></span> <span class='ocrx_word' id='word_1_341' title='bbox 1367 3969 1615 4022; x_wconf 84' lang='lat' dir='ltr'><strong>moriatur</strong></span> <span class='ocrx_word' id='word_1_342' title='bbox 1641 3967 1842 4041; x_wconf 71' lang='lat' dir='ltr'><strong>(Exod.</strong></span> <span class='ocrx_word' id='word_1_343' title='bbox 1868 3970 1959 4027; x_wconf 76' lang='grc'><strong>20.</strong></span> <span class='ocrx_word' id='word_1_344' title='bbox 1991 3973 2081 4028; x_wconf 77' lang='grc'><strong>12.</strong></span> 
     </span>
    </p>
   </div>
   <div class='ocr_carea' id='block_1_44' title="bbox 482 4044 2084 4131">
    <p class='ocr_par' dir='ltr' id='par_1_44' title="bbox 482 4044 2084 4131">
     <span class='ocr_line' id='line_1_45' title="bbox 482 4044 2084 4131; baseline 0.013 -34"><span class='ocrx_word' id='word_1_345' title='bbox 482 4054 537 4098; x_wconf 83' lang='lat' dir='ltr'><strong>et</strong></span> <span class='ocrx_word' id='word_1_346' title='bbox 561 4044 654 4101; x_wconf 75' lang='lat' dir='ltr'><strong>‘ll.</strong></span> <span class='ocrx_word' id='word_1_347' title='bbox 680 4048 794 4118; x_wconf 75' lang='lat' dir='ltr'><strong>l7).</strong></span> <span class='ocrx_word' id='word_1_348' title='bbox 827 4050 883 4105; x_wconf 84' lang='lat'><strong>5.</strong></span> <span class='ocrx_word' id='word_1_349' title='bbox 923 4049 1025 4107; x_wconf 83' lang='lat' dir='ltr'><strong>Vos</strong></span> <span class='ocrx_word' id='word_1_350' title='bbox 1061 4064 1229 4108; x_wconf 86' lang='lat' dir='ltr'><strong>autem</strong></span> <span class='ocrx_word' id='word_1_351' title='bbox 1266 4057 1434 4113; x_wconf 76' lang='lat' dir='ltr'><strong>dicitis</strong></span> <span class='ocrx_word' id='word_1_352' title='bbox 1476 4074 1495 4112; x_wconf 93' lang='lat'><strong><em>:</em></strong></span> <span class='ocrx_word' id='word_1_353' title='bbox 1537 4059 1853 4131; x_wconf 80' lang='lat' dir='ltr'><strong>Quicumque</strong></span> <span class='ocrx_word' id='word_1_354' title='bbox 1896 4063 2084 4118; x_wconf 70' lang='lat' dir='ltr'><strong>dixerit</strong></span> 
     </span>
    </p>
   </div>
   <div class='ocr_carea' id='block_1_45' title="bbox 487 4142 2081 4225">
    <p class='ocr_par' dir='ltr' id='par_1_45' title="bbox 487 4142 2081 4225">
     <span class='ocr_line' id='line_1_46' title="bbox 487 4142 2081 4225; baseline 0.011 -32"><span class='ocrx_word' id='word_1_355' title='bbox 487 4143 621 4208; x_wconf 81' lang='lat' dir='ltr'><strong>patri</strong></span> <span class='ocrx_word' id='word_1_356' title='bbox 646 4142 731 4197; x_wconf 78' lang='lat' dir='ltr'><strong>uel</strong></span> <span class='ocrx_word' id='word_1_357' title='bbox 754 4147 925 4214; x_wconf 86' lang='lat' dir='ltr'><strong>matri,</strong></span> <span class='ocrx_word' id='word_1_358' title='bbox 955 4147 1146 4202; x_wconf 76' lang='lat' dir='ltr'><strong>Munus</strong></span> <span class='ocrx_word' id='word_1_359' title='bbox 1169 4154 1518 4222; x_wconf 84' lang='lat' dir='ltr'><strong>quodcumque</strong></span> <span class='ocrx_word' id='word_1_360' title='bbox 1545 4165 1617 4207; x_wconf 75' lang='lat' dir='ltr'><strong>est</strong></span> <span class='ocrx_word' id='word_1_361' title='bbox 1644 4171 1707 4209; x_wconf 74' lang='lat' dir='ltr'><strong>ea:</strong></span> <span class='ocrx_word' id='word_1_362' title='bbox 1732 4173 1813 4210; x_wconf 85' lang='lat' dir='ltr'><strong>me</strong></span> <span class='ocrx_word' id='word_1_363' title='bbox 1840 4157 1928 4210; x_wconf 86' lang='lat' dir='ltr'><strong>tibi</strong></span> <span class='ocrx_word' id='word_1_364' title='bbox 1959 4174 2081 4225; x_wconf 85' lang='lat' dir='ltr'><strong>pro-</strong></span> 
     </span>
    </p>
   </div>
   <div class='ocr_carea' id='block_1_46' title="bbox 485 4233 2077 4315">
    <p class='ocr_par' dir='ltr' id='par_1_46' title="bbox 485 4233 2077 4315">
     <span class='ocr_line' id='line_1_47' title="bbox 485 4233 2077 4315; baseline 0.011 -29"><span class='ocrx_word' id='word_1_365' title='bbox 485 4233 637 4302; x_wconf 80' lang='lat' dir='ltr'><strong>derit,</strong></span> <span class='ocrx_word' id='word_1_366' title='bbox 682 4239 736 4292; x_wconf 84' lang='lat'><strong>6.</strong></span> <span class='ocrx_word' id='word_1_367' title='bbox 776 4250 822 4291; x_wconf 86' lang='lat' dir='ltr'><strong>et</strong></span> <span class='ocrx_word' id='word_1_368' title='bbox 865 4256 967 4294; x_wconf 85' lang='lat' dir='ltr'><strong>non</strong></span> <span class='ocrx_word' id='word_1_369' title='bbox 1006 4242 1275 4296; x_wconf 82' lang='lat' dir='ltr'><strong>honorabit</strong></span> <span class='ocrx_word' id='word_1_370' title='bbox 1323 4254 1516 4315; x_wconf 84' lang='lat' dir='ltr'><strong>patrem</strong></span> <span class='ocrx_word' id='word_1_371' title='bbox 1559 4264 1706 4301; x_wconf 84' lang='lat' dir='ltr'><strong>suum</strong></span> <span class='ocrx_word' id='word_1_372' title='bbox 1743 4247 1824 4302; x_wconf 78' lang='lat' dir='ltr'><strong>vel</strong></span> <span class='ocrx_word' id='word_1_373' title='bbox 1865 4262 2077 4304; x_wconf 84' lang='lat' dir='ltr'><strong>matrem</strong></span> 
     </span>
    </p>
   </div>
   <div class='ocr_carea' id='block_1_47' title="bbox 479 4333 2083 4414">
    <p class='ocr_par' dir='ltr' id='par_1_47' title="bbox 479 4333 2083 4414">
     <span class='ocr_line' id='line_1_48' title="bbox 479 4333 2083 4414; baseline 0.011 -32"><span class='ocrx_word' id='word_1_374' title='bbox 479 4336 668 4396; x_wconf 75' lang='lat' dir='ltr'><strong>suam;</strong></span> <span class='ocrx_word' id='word_1_375' title='bbox 696 4341 745 4386; x_wconf 78' lang='lat' dir='ltr'><strong>st</strong></span> <span class='ocrx_word' id='word_1_376' title='bbox 780 4333 985 4387; x_wconf 81' lang='lat' dir='ltr'><strong>irritant</strong></span> <span class='ocrx_word' id='word_1_377' title='bbox 1022 4336 1214 4406; x_wconf 72' lang='lat' dir='ltr'><strong>fecistis</strong></span> <span class='ocrx_word' id='word_1_378' title='bbox 1251 4337 1550 4394; x_wconf 87' lang='lat' dir='ltr'><strong>mandatum</strong></span> <span class='ocrx_word' id='word_1_379' title='bbox 1589 4340 1686 4395; x_wconf 78' lang='lat' dir='ltr'><strong>Dei</strong></span> <span class='ocrx_word' id='word_1_380' title='bbox 1726 4353 1932 4414; x_wconf 81' lang='lat' dir='ltr'><strong>propter</strong></span> <span class='ocrx_word' id='word_1_381' title='bbox 1978 4356 2083 4399; x_wconf 89' lang='lat' dir='ltr'><strong>tra-</strong></span> 
     </span>
    </p>
   </div>
   <div class='ocr_carea' id='block_1_48' title="bbox 480 4423 1001 4483">
    <p class='ocr_par' dir='ltr' id='par_1_48' title="bbox 480 4423 1001 4483">
     <span class='ocr_line' id='line_1_49' title="bbox 480 4423 1001 4483; baseline 0.015 -8"><span class='ocrx_word' id='word_1_382' title='bbox 480 4423 724 4479; x_wconf 81' lang='lat' dir='ltr'><strong>ditionem</strong></span> <span class='ocrx_word' id='word_1_383' title='bbox 765 4438 1001 4483; x_wconf 84' lang='lat' dir='ltr'><strong>vestram.</strong></span> 
     </span>
    </p>
   </div>
   <div class='ocr_carea' id='block_1_49' title="bbox 548 4516 2078 4596">
    <p class='ocr_par' dir='ltr' id='par_1_49' title="bbox 548 4516 2078 4596">
     <span class='ocr_line' id='line_1_50' title="bbox 548 4516 2078 4596; baseline 0.01 -26"><span class='ocrx_word' id='word_1_384' title='bbox 548 4516 608 4571; x_wconf 77' lang='grc'><strong>-2,</strong></span> <span class='ocrx_word' id='word_1_385' title='bbox 652 4516 1001 4575; x_wconf 79' lang='lat' dir='ltr'><strong>Traditionem</strong></span> <span class='ocrx_word' id='word_1_386' title='bbox 1024 4522 1297 4577; x_wconf 66' lang='lat' dir='ltr'><strong>Iudaicam</strong></span> <span class='ocrx_word' id='word_1_387' title='bbox 1324 4524 1582 4596; x_wconf 81' lang='lat' dir='ltr'><strong>redarguit</strong></span> <span class='ocrx_word' id='word_1_388' title='bbox 1604 4526 1857 4583; x_wconf 76' lang='lat' dir='ltr'><strong>Christus.</strong></span> <span class='ocrx_word' id='word_1_389' title='bbox 1875 4529 2078 4585; x_wconf 87' lang='lat' dir='ltr'><strong>—Non</strong></span> 
     </span>
    </p>
   </div>
   <div class='ocr_carea' id='block_1_50' title="bbox 480 4608 2078 4691">
    <p class='ocr_par' dir='ltr' id='par_1_50' title="bbox 480 4608 2078 4691">
     <span class='ocr_line' id='line_1_51' title="bbox 480 4608 2078 4691; baseline 0.009 -28"><span class='ocrx_word' id='word_1_390' title='bbox 480 4608 633 4678; x_wconf 87' lang='lat' dir='ltr'><strong>dicit,</strong></span> <span class='ocrx_word' id='word_1_391' title='bbox 673 4612 958 4668; x_wconf 89' lang='lat' dir='ltr'><strong>Seniorum</strong></span> <span class='ocrx_word' id='word_1_392' title='bbox 989 4616 1350 4682; x_wconf 88' lang='lat' dir='ltr'><strong>traditionem,</strong></span> <span class='ocrx_word' id='word_1_393' title='bbox 1398 4619 1514 4685; x_wconf 89' lang='lat' dir='ltr'><strong>sed,</strong></span> <span class='ocrx_word' id='word_1_394' title='bbox 1571 4618 1823 4689; x_wconf 75' lang='lat' dir='ltr'><strong>Vestram,</strong></span> <span class='ocrx_word' id='word_1_395' title='bbox 1868 4632 1940 4691; x_wconf 88' lang='lat' dir='ltr'><strong>et,</strong></span> <span class='ocrx_word' id='word_1_396' title='bbox 1977 4622 2078 4678; x_wconf 80' lang='lat' dir='ltr'><strong>Vos</strong></span> 
     </span>
    </p>
   </div>
   <div class='ocr_carea' id='block_1_51' title="bbox 480 4702 2078 4775">
    <p class='ocr_par' dir='ltr' id='par_1_51' title="bbox 480 4702 2078 4775">
     <span class='ocr_line' id='line_1_52' title="bbox 480 4702 2078 4775; baseline 0.011 -21"><span class='ocrx_word' id='word_1_397' title='bbox 480 4702 688 4768; x_wconf 77' lang='lat' dir='ltr'><strong>dicitis;</strong></span> <span class='ocrx_word' id='word_1_398' title='bbox 717 4719 823 4759; x_wconf 92' lang='lat' dir='ltr'><strong>non</strong></span> <span class='ocrx_word' id='word_1_399' title='bbox 849 4705 1005 4774; x_wconf 83' lang='lat' dir='ltr'><strong>dixit,</strong></span> <span class='ocrx_word' id='word_1_400' title='bbox 1027 4706 1305 4775; x_wconf 88' lang='lat' dir='ltr'><strong>Seniorcs,</strong></span> <span class='ocrx_word' id='word_1_401' title='bbox 1329 4722 1383 4764; x_wconf 89' lang='lat' dir='ltr'><strong>ut</strong></span> <span class='ocrx_word' id='word_1_402' title='bbox 1410 4711 1587 4768; x_wconf 89' lang='lat' dir='ltr'><strong>minus</strong></span> <span class='ocrx_word' id='word_1_403' title='bbox 1617 4713 1873 4770; x_wconf 89' lang='lat' dir='ltr'><strong>molestus</strong></span> <span class='ocrx_word' id='word_1_404' title='bbox 1898 4731 2078 4771; x_wconf 87' lang='lat' dir='ltr'><strong>sermo</strong></span> 
     </span>
    </p>
   </div>
   <div class='ocr_carea' id='block_1_52' title="bbox 480 4796 2076 4877">
    <p class='ocr_par' dir='ltr' id='par_1_52' title="bbox 480 4796 2076 4877">
     <span class='ocr_line' id='line_1_53' title="bbox 480 4796 2076 4877; baseline 0.011 -29"><span class='ocrx_word' id='word_1_405' title='bbox 480 4796 776 4854; x_wconf 80' lang='lat' dir='ltr'><strong>videretur.</strong></span> <span class='ocrx_word' id='word_1_406' title='bbox 807 4799 940 4866; x_wconf 84' lang='lat' dir='ltr'><strong>Quia</strong></span> <span class='ocrx_word' id='word_1_407' title='bbox 982 4802 1123 4856; x_wconf 89' lang='lat' dir='ltr'><strong>enim</strong></span> <span class='ocrx_word' id='word_1_408' title='bbox 1172 4802 1467 4874; x_wconf 84' lang='lat' dir='ltr'><strong>discipulos</strong></span> <span class='ocrx_word' id='word_1_409' title='bbox 1508 4815 1928 4877; x_wconf 75' lang='lat' dir='ltr'><strong>transgressores</strong></span> <span class='ocrx_word' id='word_1_410' title='bbox 1955 4824 2076 4865; x_wconf 86' lang='lat' dir='ltr'><strong>esse</strong></span> 
     </span>
    </p>
   </div>
   <div class='ocr_carea' id='block_1_53' title="bbox 480 4888 2074 4968">
    <p class='ocr_par' dir='ltr' id='par_1_53' title="bbox 480 4888 2074 4968">
     <span class='ocr_line' id='line_1_54' title="bbox 480 4888 2074 4968; baseline 0.009 -25"><span class='ocrx_word' id='word_1_411' title='bbox 480 4888 613 4960; x_wconf 86' lang='lat' dir='ltr'><strong>legis</strong></span> <span class='ocrx_word' id='word_1_412' title='bbox 639 4893 1014 4950; x_wconf 90' lang='lat' dir='ltr'><strong>demonstrare</strong></span> <span class='ocrx_word' id='word_1_413' title='bbox 1045 4895 1315 4962; x_wconf 89' lang='lat' dir='ltr'><strong>volebant,</strong></span> <span class='ocrx_word' id='word_1_414' title='bbox 1345 4898 1537 4968; x_wconf 90' lang='lat' dir='ltr'><strong>probat</strong></span> <span class='ocrx_word' id='word_1_415' title='bbox 1566 4900 1712 4968; x_wconf 89' lang='lat' dir='ltr'><strong>ipsos</strong></span> <span class='ocrx_word' id='word_1_416' title='bbox 1737 4916 1865 4957; x_wconf 82' lang='lat' dir='ltr'><strong>vere</strong></span> <span class='ocrx_word' id='word_1_417' title='bbox 1893 4911 2074 4957; x_wconf 79' lang='lat' dir='ltr'><strong>trans-</strong></span> 
     </span>
    </p>
   </div>
   <div class='ocr_carea' id='block_1_54' title="bbox 479 4981 2069 5056">
    <p class='ocr_par' dir='ltr' id='par_1_54' title="bbox 479 4981 2069 5056">
     <span class='ocr_line' id='line_1_55' title="bbox 479 4981 2069 5056; baseline 0.011 -22"><span class='ocrx_word' id='word_1_418' title='bbox 479 4981 633 5051; x_wconf 80' lang='lat' dir='ltr'><strong>gredi</strong></span> <span class='ocrx_word' id='word_1_419' title='bbox 662 4983 854 5052; x_wconf 87' lang='lat' dir='ltr'><strong>legem,</strong></span> <span class='ocrx_word' id='word_1_420' title='bbox 885 4984 1178 5056; x_wconf 87' lang='lat' dir='ltr'><strong>discipulos</strong></span> <span class='ocrx_word' id='word_1_421' title='bbox 1221 4999 1399 5044; x_wconf 85' lang='lat' dir='ltr'><strong>autem</strong></span> <span class='ocrx_word' id='word_1_422' title='bbox 1442 4991 1667 5047; x_wconf 89' lang='lat' dir='ltr'><strong>crimine</strong></span> <span class='ocrx_word' id='word_1_423' title='bbox 1694 4986 1891 5048; x_wconf 79' lang='lat' dir='ltr'><strong>liberos</strong></span> <span class='ocrx_word' id='word_1_424' title='bbox 1928 5010 2069 5050; x_wconf 90' lang='lat' dir='ltr'><strong>esse.</strong></span> 
     </span>
    </p>
   </div>
   <div class='ocr_carea' id='block_1_55' title="bbox 478 5073 2074 5157">
    <p class='ocr_par' dir='ltr' id='par_1_55' title="bbox 478 5073 2074 5157">
     <span class='ocr_line' id='line_1_56' title="bbox 478 5073 2074 5157; baseline 0.01 -28"><span class='ocrx_word' id='word_1_425' title='bbox 478 5073 663 5146; x_wconf 84' lang='lat' dir='ltr'><strong>Neque</strong></span> <span class='ocrx_word' id='word_1_426' title='bbox 688 5077 775 5130; x_wconf 80' lang='lat' dir='ltr'><strong>lex</strong></span> <span class='ocrx_word' id='word_1_427' title='bbox 794 5086 877 5132; x_wconf 92' lang='lat' dir='ltr'><strong>est</strong></span> <span class='ocrx_word' id='word_1_428' title='bbox 897 5077 948 5132; x_wconf 90' lang='lat' dir='ltr'><strong>id</strong></span> <span class='ocrx_word' id='word_1_429' title='bbox 974 5080 1116 5150; x_wconf 85' lang='lat' dir='ltr'><strong>quod</strong></span> <span class='ocrx_word' id='word_1_430' title='bbox 1143 5082 1211 5135; x_wconf 89' lang='lat' dir='ltr'><strong>ab</strong></span> <span class='ocrx_word' id='word_1_431' title='bbox 1236 5083 1542 5139; x_wconf 87' lang='lat' dir='ltr'><strong>hominibus</strong></span> <span class='ocrx_word' id='word_1_432' title='bbox 1563 5088 1900 5157; x_wconf 63' lang='lat' dir='ltr'><strong>praccipitur:</strong></span> <span class='ocrx_word' id='word_1_433' title='bbox 1925 5088 2074 5144; x_wconf 91' lang='lat' dir='ltr'><strong>idco-</strong></span> 
     </span>
    </p>
   </div>
   <div class='ocr_carea' id='block_1_56' title="bbox 476 5167 2070 5247">
    <p class='ocr_par' dir='ltr' id='par_1_56' title="bbox 476 5167 2070 5247">
     <span class='ocr_line' id='line_1_57' title="bbox 476 5167 2070 5247; baseline 0.008 -27"><span class='ocrx_word' id='word_1_434' title='bbox 476 5181 584 5237; x_wconf 87' lang='lat' dir='ltr'><strong>que</strong></span> <span class='ocrx_word' id='word_1_435' title='bbox 617 5167 956 5224; x_wconf 87' lang='lat' dir='ltr'><strong>traditionem</strong></span> <span class='ocrx_word' id='word_1_436' title='bbox 985 5181 1159 5234; x_wconf 82' lang='lat' dir='ltr'><strong>vocat,</strong></span> <span class='ocrx_word' id='word_1_437' title='bbox 1190 5190 1310 5243; x_wconf 69' lang='lat' dir='ltr'><strong>qua:</strong></span> <span class='ocrx_word' id='word_1_438' title='bbox 1337 5184 1458 5231; x_wconf 82' lang='lat' dir='ltr'><strong>erat</strong></span> <span class='ocrx_word' id='word_1_439' title='bbox 1486 5177 1942 5247; x_wconf 89' lang='lat' dir='ltr'><strong>iniquissimorum</strong></span> <span class='ocrx_word' id='word_1_440' title='bbox 1970 5181 2070 5234; x_wconf 86' lang='lat' dir='ltr'><strong>ho-</strong></span> 
     </span>
    </p>
   </div>
   <div class='ocr_carea' id='block_1_57' title="bbox 474 5257 2071 5332">
    <p class='ocr_par' dir='ltr' id='par_1_57' title="bbox 474 5257 2071 5332">
     <span class='ocr_line' id='line_1_58' title="bbox 474 5257 2071 5332; baseline 0.01 -21"><span class='ocrx_word' id='word_1_441' title='bbox 474 5259 701 5312; x_wconf 85' lang='lat' dir='ltr'><strong>minum.</strong></span> <span class='ocrx_word' id='word_1_442' title='bbox 734 5257 929 5314; x_wconf 79' lang='lat' dir='ltr'><strong>Verum</strong></span> <span class='ocrx_word' id='word_1_443' title='bbox 958 5263 1080 5331; x_wconf 84' lang='lat' dir='ltr'><strong>quia</strong></span> <span class='ocrx_word' id='word_1_444' title='bbox 1106 5264 1280 5332; x_wconf 74' lang='lat' dir='ltr'><strong>iussio</strong></span> <span class='ocrx_word' id='word_1_445' title='bbox 1326 5266 1537 5321; x_wconf 83' lang='lat' dir='ltr'><strong>lavandi</strong></span> <span class='ocrx_word' id='word_1_446' title='bbox 1578 5284 1767 5325; x_wconf 85' lang='lat' dir='ltr'><strong>manus</strong></span> <span class='ocrx_word' id='word_1_447' title='bbox 1808 5286 1915 5325; x_wconf 90' lang='lat' dir='ltr'><strong>non</strong></span> <span class='ocrx_word' id='word_1_448' title='bbox 1954 5282 2071 5327; x_wconf 85' lang='lat' dir='ltr'><strong>erat</strong></span> 
     </span>
    </p>
   </div>
   <div class='ocr_carea' id='block_1_58' title="bbox 474 5350 2064 5433">
    <p class='ocr_par' dir='ltr' id='par_1_58' title="bbox 474 5350 2064 5433">
     <span class='ocr_line' id='line_1_59' title="bbox 474 5350 2064 5433; baseline 0.01 -29"><span class='ocrx_word' id='word_1_449' title='bbox 474 5350 577 5423; x_wconf 78' lang='lat' dir='ltr'><strong>legi</strong></span> <span class='ocrx_word' id='word_1_450' title='bbox 601 5354 870 5409; x_wconf 85' lang='lat' dir='ltr'><strong>contraria</strong></span> <span class='ocrx_word' id='word_1_451' title='bbox 903 5373 919 5409; x_wconf 88' lang='lat'><strong>:</strong></span> <span class='ocrx_word' id='word_1_452' title='bbox 946 5356 1106 5410; x_wconf 84' lang='lat' dir='ltr'><strong>aliam</strong></span> <span class='ocrx_word' id='word_1_453' title='bbox 1135 5358 1474 5414; x_wconf 71' lang='lat' dir='ltr'><strong>traditionem</strong></span> <span class='ocrx_word' id='word_1_454' title='bbox 1499 5360 1550 5414; x_wconf 90' lang='lat' dir='ltr'><strong>in</strong></span> <span class='ocrx_word' id='word_1_455' title='bbox 1581 5362 1812 5417; x_wconf 89' lang='lat' dir='ltr'><strong>medium</strong></span> <span class='ocrx_word' id='word_1_456' title='bbox 1844 5364 2064 5433; x_wconf 78' lang='lat' dir='ltr'><strong>profert,</strong></span> 
     </span>
    </p>
   </div>
   <div class='ocr_carea' id='block_1_59' title="bbox 472 5444 2068 5526">
    <p class='ocr_par' dir='ltr' id='par_1_59' title="bbox 472 5444 2068 5526">
     <span class='ocr_line' id='line_1_60' title="bbox 472 5444 2068 5526; baseline 0.009 -30"><span class='ocrx_word' id='word_1_457' title='bbox 472 5457 595 5512; x_wconf 69' lang='lat' dir='ltr'><strong>qua:</strong></span> <span class='ocrx_word' id='word_1_458' title='bbox 624 5444 725 5513; x_wconf 77' lang='lat' dir='ltr'><strong>legi</strong></span> <span class='ocrx_word' id='word_1_459' title='bbox 765 5448 1032 5500; x_wconf 86' lang='lat' dir='ltr'><strong>contraria</strong></span> <span class='ocrx_word' id='word_1_460' title='bbox 1059 5457 1223 5503; x_wconf 83' lang='lat' dir='ltr'><strong>esset.</strong></span> <span class='ocrx_word' id='word_1_461' title='bbox 1251 5447 1403 5517; x_wconf 89' lang='lat' dir='ltr'><strong>Quod</strong></span> <span class='ocrx_word' id='word_1_462' title='bbox 1436 5466 1566 5506; x_wconf 79' lang='lat' dir='ltr'><strong>vero</strong></span> <span class='ocrx_word' id='word_1_463' title='bbox 1593 5453 1741 5520; x_wconf 89' lang='lat' dir='ltr'><strong>dicit,</strong></span> <span class='ocrx_word' id='word_1_464' title='bbox 1774 5453 1877 5510; x_wconf 89' lang='lat' dir='ltr'><strong>hoc</strong></span> <span class='ocrx_word' id='word_1_465' title='bbox 1906 5458 2068 5526; x_wconf 72' lang='lat' dir='ltr'><strong>signi-</strong></span> 
     </span>
    </p>
   </div>
   <div class='ocr_carea' id='block_1_60' title="bbox 474 5532 2065 5618">
    <p class='ocr_par' dir='ltr' id='par_1_60' title="bbox 474 5532 2065 5618">
     <span class='ocr_line' id='line_1_61' title="bbox 474 5532 2065 5618; baseline 0.011 -32"><span class='ocrx_word' id='word_1_466' title='bbox 474 5532 620 5589; x_wconf 75' lang='lat' dir='ltr'><strong>iicat.</strong></span> <span class='ocrx_word' id='word_1_467' title='bbox 671 5536 979 5593; x_wconf 88' lang='lat' dir='ltr'><strong>Docuerunt</strong></span> <span class='ocrx_word' id='word_1_468' title='bbox 1015 5539 1245 5608; x_wconf 81' lang='lat' dir='ltr'><strong>juvenes</strong></span> <span class='ocrx_word' id='word_1_469' title='bbox 1294 5551 1347 5594; x_wconf 92' lang='lat' dir='ltr'><strong>ut</strong></span> <span class='ocrx_word' id='word_1_470' title='bbox 1398 5543 1614 5611; x_wconf 82' lang='lat' dir='ltr'><strong>pietatis</strong></span> <span class='ocrx_word' id='word_1_471' title='bbox 1658 5541 1837 5614; x_wconf 75' lang='lat' dir='ltr'><strong>specie</strong></span> <span class='ocrx_word' id='word_1_472' title='bbox 1883 5560 2065 5618; x_wconf 81' lang='lat' dir='ltr'><strong>patres</strong></span> 
     </span>
    </p>
   </div>
   <div class='ocr_carea' id='block_1_61' title="bbox 476 5675 2066 5759">
    <p class='ocr_par' dir='ltr' id='par_1_61' title="bbox 476 5675 2066 5759">
     <span class='ocr_line' id='line_1_62' title="bbox 476 5675 2066 5759; baseline 0.019 -34"><span class='ocrx_word' id='word_1_473' title='bbox 476 5675 1003 5759; x_wconf 35' lang='lat' dir='ltr'><strong>litigantiucarent.</strong></span> <span class='ocrx_word' id='word_1_474' title='bbox 1018 5691 1196 5759; x_wconf 77' lang='lat' dir='ltr'><strong>Quare</strong></span> <span class='ocrx_word' id='word_1_475' title='bbox 1216 5691 1372 5759; x_wconf 71' lang='lat' dir='ltr'><strong>igitur</strong></span> <span class='ocrx_word' id='word_1_476' title='bbox 1390 5694 1461 5747; x_wconf 87' lang='lat' dir='ltr'><strong>sic</strong></span> <span class='ocrx_word' id='word_1_477' title='bbox 1482 5696 1873 5752; x_wconf 75' lang='lat' dir='ltr'><strong>manducarunt?</strong></span> <span class='ocrx_word' id='word_1_478' title='bbox 1891 5716 1986 5754; x_wconf 85' lang='lat' dir='ltr'><strong>non</strong></span> <span class='ocrx_word' id='word_1_479' title='bbox 2004 5702 2066 5756; x_wconf 75' lang='lat' dir='ltr'><strong>de</strong></span> 
     </span>
    </p>
   </div>
   <div class='ocr_carea' id='block_1_62' title="bbox 478 5739 1039 5807">
    <p class='ocr_par' dir='ltr' id='par_1_62' title="bbox 478 5739 1039 5807">
     <span class='ocr_line' id='line_1_63' title="bbox 478 5739 1039 5807; baseline 0.029 -21"><span class='ocrx_word' id='word_1_480' title='bbox 478 5739 726 5807; x_wconf 74' lang='lat' dir='ltr'><strong>industria</strong></span> <span class='ocrx_word' id='word_1_481' title='bbox 739 5743 800 5807; x_wconf 90' lang='lat' dir='ltr'><strong>_id</strong></span> <span class='ocrx_word' id='word_1_482' title='bbox 825 5749 1039 5807; x_wconf 81' lang='lat' dir='ltr'><strong>agebant.</strong></span> 
     </span>
    </p>
   </div>
   <div class='ocr_carea' id='block_1_63' title="bbox 545 5802 1534 5881">
    <p class='ocr_par' dir='ltr' id='par_1_63' title="bbox 545 5802 1534 5881">
     <span class='ocr_line' id='line_1_64' title="bbox 545 5802 1534 5881; baseline 0.018 -31"><span class='ocrx_word' id='word_1_483' title='bbox 545 5802 561 5832; x_wconf 78' lang='grc' dir='ltr'>ί</span> <span class='ocrx_word' id='word_1_484' title='bbox 587 5802 702 5864; x_wconf 78' lang='lat' dir='ltr'><strong>Alii,</strong></span> <span class='ocrx_word' id='word_1_485' title='bbox 728 5804 816 5855; x_wconf 71' lang='lat' dir='ltr'><strong>hoc</strong></span> <span class='ocrx_word' id='word_1_486' title='bbox 836 5802 965 5858; x_wconf 63' lang='lat' dir='ltr'><strong>enim</strong></span> <span class='ocrx_word' id='word_1_487' title='bbox 989 5802 1070 5864; x_wconf 74' lang='lat' dir='ltr'><strong>vos</strong></span> <span class='ocrx_word' id='word_1_488' title='bbox 1087 5821 1136 5865; x_wconf 85' lang='lat' dir='ltr'><strong>et</strong></span> <span class='ocrx_word' id='word_1_489' title='bbox 1160 5811 1273 5866; x_wconf 73' lang='lat' dir='ltr'><strong>illo:</strong></span> <span class='ocrx_word' id='word_1_490' title='bbox 1294 5814 1534 5881; x_wconf 80' lang='lat' dir='ltr'><strong>perdidit.</strong></span> 
     </span>
    </p>
   </div>
   <div class='ocr_carea' id='block_1_64' title="bbox 2224 661 3841 768">
    <p class='ocr_par' dir='ltr' id='par_1_64' title="bbox 2224 661 3841 768">
     <span class='ocr_line' id='line_1_65' title="bbox 2224 661 3841 768; baseline 0.028 -59"><span class='ocrx_word' id='word_1_491' title='bbox 2224 667 2314 768; x_wconf 67' lang='lat' dir='ltr'><strong>aut</strong></span> <span class='ocrx_word' id='word_1_492' title='bbox 2361 661 2602 730; x_wconf 90' lang='lat' dir='ltr'><strong>vitulum,</strong></span> <span class='ocrx_word' id='word_1_493' title='bbox 2652 678 2745 724; x_wconf 87' lang='lat' dir='ltr'><strong>aut</strong></span> <span class='ocrx_word' id='word_1_494' title='bbox 2788 671 2929 727; x_wconf 88' lang='lat' dir='ltr'><strong>aliud</strong></span> <span class='ocrx_word' id='word_1_495' title='bbox 2959 677 3085 746; x_wconf 89' lang='lat' dir='ltr'><strong>quid</strong></span> <span class='ocrx_word' id='word_1_496' title='bbox 3130 681 3352 741; x_wconf 89' lang='lat' dir='ltr'><strong>simile:</strong></span> <span class='ocrx_word' id='word_1_497' title='bbox 3396 661 3841 768; x_wconf 60' lang='lat' dir='ltr'><strong>respondebant,</strong></span> 
     </span>
    </p>
   </div>
   <div class='ocr_carea' id='block_1_65' title="bbox 2226 751 3825 861">
    <p class='ocr_par' dir='ltr' id='par_1_65' title="bbox 2226 751 3825 861">
     <span class='ocr_line' id='line_1_66' title="bbox 2226 751 3825 861; baseline 0.028 -56"><span class='ocrx_word' id='word_1_498' title='bbox 2226 751 2281 806; x_wconf 94' lang='lat' dir='ltr'><strong>ld</strong></span> <span class='ocrx_word' id='word_1_499' title='bbox 2309 757 2449 825; x_wconf 88' lang='lat' dir='ltr'><strong>quod</strong></span> <span class='ocrx_word' id='word_1_500' title='bbox 2482 774 2512 813; x_wconf 86' lang='lat' dir='ltr'><strong>a</strong></span> <span class='ocrx_word' id='word_1_501' title='bbox 2544 776 2632 815; x_wconf 86' lang='lat' dir='ltr'><strong>me</strong></span> <span class='ocrx_word' id='word_1_502' title='bbox 2669 764 2749 820; x_wconf 86' lang='lat' dir='ltr'><strong>vis</strong></span> <span class='ocrx_word' id='word_1_503' title='bbox 2787 771 3054 839; x_wconf 89' lang='lat' dir='ltr'><strong>accipere,</strong></span> <span class='ocrx_word' id='word_1_504' title='bbox 3093 774 3294 834; x_wconf 90' lang='lat' dir='ltr'><strong>donum</strong></span> <span class='ocrx_word' id='word_1_505' title='bbox 3333 792 3416 837; x_wconf 91' lang='lat' dir='ltr'><strong>est</strong></span> <span class='ocrx_word' id='word_1_506' title='bbox 3445 751 3556 842; x_wconf 63' lang='lat' dir='ltr'><strong>Dim</strong></span> <span class='ocrx_word' id='word_1_507' title='bbox 3580 751 3825 861; x_wconf 62' lang='lat' dir='ltr'><strong>promis:</strong></span> 
     </span>
    </p>
   </div>
   <div class='ocr_carea' id='block_1_66' title="bbox 2222 857 3823 943">
    <p class='ocr_par' dir='ltr' id='par_1_66' title="bbox 2222 857 3823 943">
     <span class='ocr_line' id='line_1_67' title="bbox 2222 857 3823 943; baseline 0.027 -46"><span class='ocrx_word' id='word_1_508' title='bbox 2222 858 2363 911; x_wconf 85' lang='lat' dir='ltr'><strong>sum,</strong></span> <span class='ocrx_word' id='word_1_509' title='bbox 2394 865 2496 943; x_wconf 83' lang='lat' dir='ltr'><strong>nec</strong></span> <span class='ocrx_word' id='word_1_510' title='bbox 2522 862 2672 921; x_wconf 89' lang='lat' dir='ltr'><strong>potes</strong></span> <span class='ocrx_word' id='word_1_511' title='bbox 2702 857 2832 914; x_wconf 91' lang='lat' dir='ltr'><strong>illud</strong></span> <span class='ocrx_word' id='word_1_512' title='bbox 2862 864 3126 934; x_wconf 86' lang='lat' dir='ltr'><strong>accipere,</strong></span> <span class='ocrx_word' id='word_1_513' title='bbox 3156 884 3220 925; x_wconf 86' lang='lat' dir='ltr'><strong>ac</strong></span> <span class='ocrx_word' id='word_1_514' title='bbox 3246 872 3441 943; x_wconf 79' lang='lat' dir='ltr'><strong>duplex</strong></span> <span class='ocrx_word' id='word_1_515' title='bbox 3468 857 3599 935; x_wconf 74' lang='lat' dir='ltr'><strong>hinc</strong></span> <span class='ocrx_word' id='word_1_516' title='bbox 3613 885 3823 941; x_wconf 86' lang='lat' dir='ltr'><strong>malum</strong></span> 
     </span>
    </p>
   </div>
   <div class='ocr_carea' id='block_1_67' title="bbox 2221 941 3823 1044">
    <p class='ocr_par' dir='ltr' id='par_1_67' title="bbox 2221 941 3823 1044">
     <span class='ocr_line' id='line_1_68' title="bbox 2221 941 3823 1044; baseline 0.027 -52"><span class='ocrx_word' id='word_1_517' title='bbox 2221 941 2547 1044; x_wconf 67' lang='lat' dir='ltr'><strong>emergcbat.</strong></span> <span class='ocrx_word' id='word_1_518' title='bbox 2577 945 2762 1019; x_wconf 89' lang='lat' dir='ltr'><strong>Neque</strong></span> <span class='ocrx_word' id='word_1_519' title='bbox 2786 956 2927 1009; x_wconf 89' lang='lat' dir='ltr'><strong>enim</strong></span> <span class='ocrx_word' id='word_1_520' title='bbox 2963 957 3072 1013; x_wconf 88' lang='lat' dir='ltr'><strong>Deo</strong></span> <span class='ocrx_word' id='word_1_521' title='bbox 3114 941 3431 1031; x_wconf 69' lang='lat' dir='ltr'><strong>offerebant,</strong></span> <span class='ocrx_word' id='word_1_522' title='bbox 3472 986 3536 1026; x_wconf 84' lang='lat' dir='ltr'><strong>ac</strong></span> <span class='ocrx_word' id='word_1_523' title='bbox 3562 986 3823 1044; x_wconf 83' lang='lat' dir='ltr'><strong>parentes</strong></span> 
     </span>
    </p>
   </div>
   <div class='ocr_carea' id='block_1_68' title="bbox 2218 1030 3823 1140">
    <p class='ocr_par' dir='ltr' id='par_1_68' title="bbox 2218 1030 3823 1140">
     <span class='ocr_line' id='line_1_69' title="bbox 2218 1030 3823 1140; baseline 0.027 -57"><span class='ocrx_word' id='word_1_524' title='bbox 2218 1030 2508 1140; x_wconf 57' lang='lat' dir='ltr'><strong>gblationis</strong></span> <span class='ocrx_word' id='word_1_525' title='bbox 2552 1043 2771 1097; x_wconf 85' lang='lat' dir='ltr'><strong>nomine</strong></span> <span class='ocrx_word' id='word_1_526' title='bbox 2815 1046 3244 1122; x_wconf 85' lang='lat' dir='ltr'><strong>defraudabant,</strong></span> <span class='ocrx_word' id='word_1_527' title='bbox 3294 1068 3349 1115; x_wconf 88' lang='lat' dir='ltr'><strong>et</strong></span> <span class='ocrx_word' id='word_1_528' title='bbox 3400 1030 3823 1140; x_wconf 49' lang='lat' dir='ltr'><strong>ipsos-propter</strong></span> 
     </span>
    </p>
   </div>
   <div class='ocr_carea' id='block_1_69' title="bbox 2219 1122 3820 1228">
    <p class='ocr_par' dir='ltr' id='par_1_69' title="bbox 2219 1122 3820 1228">
     <span class='ocr_line' id='line_1_70' title="bbox 2219 1122 3820 1228; baseline 0.024 -51"><span class='ocrx_word' id='word_1_529' title='bbox 2219 1122 2387 1181; x_wconf 86' lang='lat' dir='ltr'><strong>Deum</strong></span> <span class='ocrx_word' id='word_1_530' title='bbox 2434 1129 2626 1199; x_wconf 87' lang='lat' dir='ltr'><strong>injuria</strong></span> <span class='ocrx_word' id='word_1_531' title='bbox 2655 1134 2992 1207; x_wconf 87' lang='lat' dir='ltr'><strong>afliciebant;</strong></span> <span class='ocrx_word' id='word_1_532' title='bbox 3039 1144 3313 1220; x_wconf 89' lang='lat' dir='ltr'><strong>Deumque</strong></span> <span class='ocrx_word' id='word_1_533' title='bbox 3352 1122 3573 1224; x_wconf 70' lang='lat' dir='ltr'><strong>propter</strong></span> <span class='ocrx_word' id='word_1_534' title='bbox 3592 1122 3820 1228; x_wconf 39' lang='lat' dir='ltr'><strong>mattea;</strong></span> 
     </span>
    </p>
   </div>
   <div class='ocr_carea' id='block_1_70' title="bbox 2219 1220 3819 1321">
    <p class='ocr_par' dir='ltr' id='par_1_70' title="bbox 2219 1220 3819 1321">
     <span class='ocr_line' id='line_1_71' title="bbox 2219 1220 3819 1321; baseline 0.024 -48"><span class='ocrx_word' id='word_1_535' title='bbox 2219 1228 2319 1274; x_wconf 81' lang='lat' dir='ltr'><strong>tes.</strong></span> <span class='ocrx_word' id='word_1_536' title='bbox 2357 1220 2554 1279; x_wconf 79' lang='lat' dir='ltr'><strong>Verum</strong></span> <span class='ocrx_word' id='word_1_537' title='bbox 2582 1242 2688 1282; x_wconf 90' lang='lat' dir='ltr'><strong>non</strong></span> <span class='ocrx_word' id='word_1_538' title='bbox 2720 1229 2821 1286; x_wconf 91' lang='lat' dir='ltr'><strong>hoc</strong></span> <span class='ocrx_word' id='word_1_539' title='bbox 2848 1237 3027 1290; x_wconf 87' lang='lat' dir='ltr'><strong>statim</strong></span> <span class='ocrx_word' id='word_1_540' title='bbox 3051 1237 3201 1307; x_wconf 89' lang='lat' dir='ltr'><strong>dicit,</strong></span> <span class='ocrx_word' id='word_1_541' title='bbox 3229 1244 3325 1301; x_wconf 89' lang='lat' dir='ltr'><strong>sed</strong></span> <span class='ocrx_word' id='word_1_542' title='bbox 3354 1220 3500 1317; x_wconf 83' lang='lat' dir='ltr'><strong>prius</strong></span> <span class='ocrx_word' id='word_1_543' title='bbox 3528 1220 3696 1321; x_wconf 76' lang='lat' dir='ltr'><strong>legem</strong></span> <span class='ocrx_word' id='word_1_544' title='bbox 3719 1273 3819 1309; x_wconf 80' lang='lat' dir='ltr'><strong>re—</strong></span> 
     </span>
    </p>
   </div>
   <div class='ocr_carea' id='block_1_71' title="bbox 2215 1310 3815 1417">
    <p class='ocr_par' dir='ltr' id='par_1_71' title="bbox 2215 1310 3815 1417">
     <span class='ocr_line' id='line_1_72' title="bbox 2215 1310 3815 1417; baseline 0.023 -53"><span class='ocrx_word' id='word_1_545' title='bbox 2215 1310 2365 1377; x_wconf 88' lang='lat' dir='ltr'><strong>citat,</strong></span> <span class='ocrx_word' id='word_1_546' title='bbox 2397 1330 2501 1384; x_wconf 88' lang='lat' dir='ltr'><strong>qua</strong></span> <span class='ocrx_word' id='word_1_547' title='bbox 2527 1318 2764 1377; x_wconf 83' lang='lat' dir='ltr'><strong>declarat</strong></span> <span class='ocrx_word' id='word_1_548' title='bbox 2805 1324 2965 1392; x_wconf 81' lang='lat' dir='ltr'><strong>Deus,</strong></span> <span class='ocrx_word' id='word_1_549' title='bbox 3010 1329 3296 1389; x_wconf 88' lang='lat' dir='ltr'><strong>admodum</strong></span> <span class='ocrx_word' id='word_1_550' title='bbox 3338 1310 3474 1396; x_wconf 70' lang='lat' dir='ltr'><strong>velle</strong></span> <span class='ocrx_word' id='word_1_551' title='bbox 3512 1310 3669 1399; x_wconf 50' lang='lat' dir='ltr'><strong>seuut</strong></span> <span class='ocrx_word' id='word_1_552' title='bbox 3711 1363 3815 1417; x_wconf 80' lang='lat' dir='ltr'><strong>pa-</strong></span> 
     </span>
    </p>
   </div>
   <div class='ocr_carea' id='block_1_72' title="bbox 2213 1407 3815 1500">
    <p class='ocr_par' dir='ltr' id='par_1_72' title="bbox 2213 1407 3815 1500">
     <span class='ocr_line' id='line_1_73' title="bbox 2213 1407 3815 1500; baseline 0.024 -44"><span class='ocrx_word' id='word_1_553' title='bbox 2213 1413 2396 1458; x_wconf 87' lang='lat' dir='ltr'><strong>rentes</strong></span> <span class='ocrx_word' id='word_1_554' title='bbox 2439 1407 2774 1467; x_wconf 78' lang='lat' dir='ltr'><strong>ltouurentur</strong></span> <span class='ocrx_word' id='word_1_555' title='bbox 2810 1433 2823 1469; x_wconf 91' lang='lat'>:</span> <span class='ocrx_word' id='word_1_556' title='bbox 2857 1433 2979 1475; x_wconf 85' lang='lat' dir='ltr'><strong>nam</strong></span> <span class='ocrx_word' id='word_1_557' title='bbox 3023 1423 3099 1478; x_wconf 87' lang='lat' dir='ltr'><strong>ait</strong></span> <span class='ocrx_word' id='word_1_558' title='bbox 3131 1443 3146 1479; x_wconf 92' lang='lat'><strong>:</strong></span> <span class='ocrx_word' id='word_1_559' title='bbox 3182 1425 3395 1483; x_wconf 85' lang='lat' dir='ltr'><strong>Honora</strong></span> <span class='ocrx_word' id='word_1_560' title='bbox 3425 1442 3620 1500; x_wconf 85' lang='lat' dir='ltr'><strong>patrem</strong></span> <span class='ocrx_word' id='word_1_561' title='bbox 3663 1407 3815 1494; x_wconf 72' lang='lat' dir='ltr'><strong>tuum</strong></span> 
     </span>
    </p>
   </div>
   <div class='ocr_carea' id='block_1_73' title="bbox 2212 1506 3813 1591">
    <p class='ocr_par' dir='ltr' id='par_1_73' title="bbox 2212 1506 3813 1591">
     <span class='ocr_line' id='line_1_74' title="bbox 2212 1506 3813 1591; baseline 0.025 -42"><span class='ocrx_word' id='word_1_562' title='bbox 2212 1506 2261 1549; x_wconf 86' lang='lat' dir='ltr'><strong>et</strong></span> <span class='ocrx_word' id='word_1_563' title='bbox 2286 1509 2517 1563; x_wconf 78' lang='lat' dir='ltr'><strong>matrem,</strong></span> <span class='ocrx_word' id='word_1_564' title='bbox 2547 1515 2604 1557; x_wconf 82' lang='lat' dir='ltr'><strong>ut</strong></span> <span class='ocrx_word' id='word_1_565' title='bbox 2621 1506 2690 1561; x_wconf 80' lang='lat' dir='ltr'><strong>sis</strong></span> <span class='ocrx_word' id='word_1_566' title='bbox 2710 1507 2964 1582; x_wconf 66' lang='lat' dir='ltr'><strong>longincus</strong></span> <span class='ocrx_word' id='word_1_567' title='bbox 2981 1514 3034 1568; x_wconf 88' lang='lat' dir='ltr'><strong>in</strong></span> <span class='ocrx_word' id='word_1_568' title='bbox 3054 1524 3223 1584; x_wconf 85' lang='lat' dir='ltr'><strong>terra;</strong></span> <span class='ocrx_word' id='word_1_569' title='bbox 3242 1521 3393 1591; x_wconf 89' lang='lat' dir='ltr'><strong>item,</strong></span> <span class='ocrx_word' id='word_1_570' title='bbox 3409 1523 3511 1590; x_wconf 84' lang='lat' dir='ltr'><strong>Qui</strong></span> <span class='ocrx_word' id='word_1_571' title='bbox 3529 1531 3813 1588; x_wconf 72' lang='lat' dir='ltr'><strong>maledixe—</strong></span> 
     </span>
    </p>
   </div>
   <div class='ocr_carea' id='block_1_74' title="bbox 2208 1589 3813 1679">
    <p class='ocr_par' dir='ltr' id='par_1_74' title="bbox 2208 1589 3813 1679">
     <span class='ocr_line' id='line_1_75' title="bbox 2208 1589 3813 1679; baseline 0.022 -38"><span class='ocrx_word' id='word_1_572' title='bbox 2208 1589 2278 1643; x_wconf 80' lang='lat' dir='ltr'><strong>rit</strong></span> <span class='ocrx_word' id='word_1_573' title='bbox 2297 1594 2429 1659; x_wconf 85' lang='lat' dir='ltr'><strong>patri</strong></span> <span class='ocrx_word' id='word_1_574' title='bbox 2447 1597 2522 1649; x_wconf 83' lang='lat' dir='ltr'><strong>vel</strong></span> <span class='ocrx_word' id='word_1_575' title='bbox 2533 1599 2702 1665; x_wconf 86' lang='lat' dir='ltr'><strong>matri,</strong></span> <span class='ocrx_word' id='word_1_576' title='bbox 2721 1612 2882 1657; x_wconf 86' lang='lat' dir='ltr'><strong>morte</strong></span> <span class='ocrx_word' id='word_1_577' title='bbox 2895 1608 3159 1664; x_wconf 80' lang='lat' dir='ltr'><strong>moriatur.</strong></span> <span class='ocrx_word' id='word_1_578' title='bbox 3179 1609 3428 1671; x_wconf 80' lang='lat' dir='ltr'><strong>Christus</strong></span> <span class='ocrx_word' id='word_1_579' title='bbox 3441 1631 3618 1675; x_wconf 88' lang='lat' dir='ltr'><strong>autem</strong></span> <span class='ocrx_word' id='word_1_580' title='bbox 3639 1625 3813 1679; x_wconf 76' lang='lat' dir='ltr'><strong>misso</strong></span> 
     </span>
    </p>
   </div>
   <div class='ocr_carea' id='block_1_75' title="bbox 2214 1686 3807 1786">
    <p class='ocr_par' dir='ltr' id='par_1_75' title="bbox 2214 1686 3807 1786">
     <span class='ocr_line' id='line_1_76' title="bbox 2214 1686 3807 1786; baseline 0.023 -50"><span class='ocrx_word' id='word_1_581' title='bbox 2214 1686 2436 1752; x_wconf 70' lang='lat' dir='ltr'><strong>prmmio</strong></span> <span class='ocrx_word' id='word_1_582' title='bbox 2460 1704 2568 1758; x_wconf 90' lang='lat' dir='ltr'><strong>quo</strong></span> <span class='ocrx_word' id='word_1_583' title='bbox 2586 1690 2855 1749; x_wconf 90' lang='lat' dir='ltr'><strong>donantur</strong></span> <span class='ocrx_word' id='word_1_584' title='bbox 2882 1696 2916 1752; x_wconf 93' lang='lat' dir='ltr'><strong>ii</strong></span> <span class='ocrx_word' id='word_1_585' title='bbox 2943 1700 3032 1769; x_wconf 89' lang='lat' dir='ltr'><strong>qui</strong></span> <span class='ocrx_word' id='word_1_586' title='bbox 3063 1716 3311 1772; x_wconf 86' lang='lat' dir='ltr'><strong>parentes</strong></span> <span class='ocrx_word' id='word_1_587' title='bbox 3342 1706 3627 1779; x_wconf 89' lang='lat' dir='ltr'><strong>honorant,</strong></span> <span class='ocrx_word' id='word_1_588' title='bbox 3657 1719 3807 1786; x_wconf 81' lang='lat' dir='ltr'><strong>quod</strong></span> 
     </span>
    </p>
   </div>
   <div class='ocr_carea' id='block_1_76' title="bbox 2211 1778 3811 1875">
    <p class='ocr_par' dir='ltr' id='par_1_76' title="bbox 2211 1778 3811 1875">
     <span class='ocr_line' id='line_1_77' title="bbox 2211 1778 3811 1875; baseline 0.023 -47"><span class='ocrx_word' id='word_1_589' title='bbox 2211 1778 2501 1833; x_wconf 84' lang='lat' dir='ltr'><strong>terribilius</strong></span> <span class='ocrx_word' id='word_1_590' title='bbox 2547 1790 2633 1836; x_wconf 86' lang='lat' dir='ltr'><strong>est</strong></span> <span class='ocrx_word' id='word_1_591' title='bbox 2682 1786 2904 1854; x_wconf 80' lang='lat' dir='ltr'><strong>profert,</strong></span> <span class='ocrx_word' id='word_1_592' title='bbox 2950 1806 3144 1864; x_wconf 87' lang='lat' dir='ltr'><strong>nempe</strong></span> <span class='ocrx_word' id='word_1_593' title='bbox 3180 1799 3500 1868; x_wconf 90' lang='lat' dir='ltr'><strong>supplicium</strong></span> <span class='ocrx_word' id='word_1_594' title='bbox 3553 1778 3811 1875; x_wconf 50' lang='lat' dir='ltr'><strong>pare-rites</strong></span> 
     </span>
    </p>
   </div>
   <div class='ocr_carea' id='block_1_77' title="bbox 2211 1865 3806 1970">
    <p class='ocr_par' dir='ltr' id='par_1_77' title="bbox 2211 1865 3806 1970">
     <span class='ocr_line' id='line_1_78' title="bbox 2211 1865 3806 1970; baseline 0.023 -52"><span class='ocrx_word' id='word_1_595' title='bbox 2211 1865 2652 1928; x_wconf 85' lang='lat' dir='ltr'><strong>inhonorantibns</strong></span> <span class='ocrx_word' id='word_1_596' title='bbox 2693 1875 3049 1949; x_wconf 78' lang='lat' dir='ltr'><strong>inferendum,</strong></span> <span class='ocrx_word' id='word_1_597' title='bbox 3090 1894 3201 1940; x_wconf 89' lang='lat' dir='ltr'><strong>tum</strong></span> <span class='ocrx_word' id='word_1_598' title='bbox 3333 1891 3479 1963; x_wconf 79' lang='lat' dir='ltr'><strong>ipsos</strong></span> <span class='ocrx_word' id='word_1_599' title='bbox 3508 1865 3806 1970; x_wconf 77' lang='lat' dir='ltr'><strong>deterreat,</strong></span> 
     </span>
    </p>
   </div>
   <div class='ocr_carea' id='block_1_78' title="bbox 2209 1963 3810 2048">
    <p class='ocr_par' dir='ltr' id='par_1_78' title="bbox 2209 1963 3810 2048">
     <span class='ocr_line' id='line_1_79' title="bbox 2209 1963 3810 2048; baseline 0.024 -38"><span class='ocrx_word' id='word_1_600' title='bbox 2209 1966 2320 2012; x_wconf 93' lang='lat' dir='ltr'><strong>tum</strong></span> <span class='ocrx_word' id='word_1_601' title='bbox 2349 1970 2403 2013; x_wconf 84' lang='lat' dir='ltr'><strong>ut</strong></span> <span class='ocrx_word' id='word_1_602' title='bbox 2430 1963 2721 2029; x_wconf 87' lang='lat' dir='ltr'><strong>prudentes</strong></span> <span class='ocrx_word' id='word_1_603' title='bbox 2742 1970 2994 2038; x_wconf 81' lang='lat' dir='ltr'><strong>attrahat,</strong></span> <span class='ocrx_word' id='word_1_604' title='bbox 3027 1975 3254 2048; x_wconf 83' lang='lat' dir='ltr'><strong>hincque</strong></span> <span class='ocrx_word' id='word_1_605' title='bbox 3277 1984 3513 2039; x_wconf 89' lang='lat' dir='ltr'><strong>ostendit</strong></span> <span class='ocrx_word' id='word_1_606' title='bbox 3538 1989 3657 2044; x_wconf 90' lang='lat' dir='ltr'><strong>illos</strong></span> <span class='ocrx_word' id='word_1_607' title='bbox 3679 1963 3810 2048; x_wconf 81' lang='lat' dir='ltr'><strong>esse</strong></span> 
     </span>
    </p>
   </div>
   <div class='ocr_carea' id='block_1_79' title="bbox 2208 2052 3804 2153">
    <p class='ocr_par' dir='ltr' id='par_1_79' title="bbox 2208 2052 3804 2153">
     <span class='ocr_line' id='line_1_80' title="bbox 2208 2052 3804 2153; baseline 0.024 -52"><span class='ocrx_word' id='word_1_608' title='bbox 2208 2063 2382 2105; x_wconf 88' lang='lat' dir='ltr'><strong>morte</strong></span> <span class='ocrx_word' id='word_1_609' title='bbox 2410 2052 2619 2123; x_wconf 85' lang='lat' dir='ltr'><strong>dignos.</strong></span> <span class='ocrx_word' id='word_1_610' title='bbox 2648 2056 2780 2113; x_wconf 88' lang='lat' dir='ltr'><strong>Nam</strong></span> <span class='ocrx_word' id='word_1_611' title='bbox 2811 2062 2854 2115; x_wconf 92' lang='lat' dir='ltr'><strong>si</strong></span> <span class='ocrx_word' id='word_1_612' title='bbox 2884 2064 2927 2117; x_wconf 91' lang='lat' dir='ltr'><strong>is</strong></span> <span class='ocrx_word' id='word_1_613' title='bbox 2958 2105 2974 2130; x_wconf 96' lang='lat'><strong>,</strong></span> <span class='ocrx_word' id='word_1_614' title='bbox 3007 2068 3095 2136; x_wconf 87' lang='lat' dir='ltr'><strong>qui</strong></span> <span class='ocrx_word' id='word_1_615' title='bbox 3120 2071 3300 2127; x_wconf 83' lang='lat' dir='ltr'><strong>verbis</strong></span> <span class='ocrx_word' id='word_1_616' title='bbox 3328 2074 3627 2146; x_wconf 84' lang='lat' dir='ltr'><strong>inhonorat,</strong></span> <span class='ocrx_word' id='word_1_617' title='bbox 3679 2083 3804 2153; x_wconf 85' lang='lat' dir='ltr'><strong>ple-</strong></span> 
     </span>
    </p>
   </div>
   <div class='ocr_carea' id='block_1_80' title="bbox 2205 2143 3807 2234">
    <p class='ocr_par' dir='ltr' id='par_1_80' title="bbox 2205 2143 3807 2234">
     <span class='ocr_line' id='line_1_81' title="bbox 2205 2143 3807 2234; baseline 0.024 -38"><span class='ocrx_word' id='word_1_618' title='bbox 2205 2143 2385 2208; x_wconf 91' lang='lat' dir='ltr'><strong>ctitur,</strong></span> <span class='ocrx_word' id='word_1_619' title='bbox 2409 2148 2577 2202; x_wconf 91' lang='lat' dir='ltr'><strong>multo</strong></span> <span class='ocrx_word' id='word_1_620' title='bbox 2598 2152 2767 2222; x_wconf 84' lang='lat' dir='ltr'><strong>magis</strong></span> <span class='ocrx_word' id='word_1_621' title='bbox 2793 2170 2887 2210; x_wconf 90' lang='lat' dir='ltr'><strong>vos</strong></span> <span class='ocrx_word' id='word_1_622' title='bbox 2904 2159 2993 2228; x_wconf 91' lang='lat' dir='ltr'><strong>qui</strong></span> <span class='ocrx_word' id='word_1_623' title='bbox 3017 2176 3180 2230; x_wconf 74' lang='lat' dir='ltr'><strong>opere</strong></span> <span class='ocrx_word' id='word_1_624' title='bbox 3206 2163 3255 2217; x_wconf 88' lang='lat' dir='ltr'><strong>id</strong></span> <span class='ocrx_word' id='word_1_625' title='bbox 3284 2165 3490 2224; x_wconf 89' lang='lat' dir='ltr'><strong>facitis:</strong></span> <span class='ocrx_word' id='word_1_626' title='bbox 3516 2143 3807 2234; x_wconf 26' lang='lat' dir='ltr'><strong>nec&#39;m-odo</strong></span> 
     </span>
    </p>
   </div>
   <div class='ocr_carea' id='block_1_81' title="bbox 2206 2234 3809 2324">
    <p class='ocr_par' dir='ltr' id='par_1_81' title="bbox 2206 2234 3809 2324">
     <span class='ocr_line' id='line_1_82' title="bbox 2206 2234 3809 2324; baseline 0.024 -37"><span class='ocrx_word' id='word_1_627' title='bbox 2206 2234 2560 2306; x_wconf 84' lang='lat' dir='ltr'><strong>inltonoratis,</strong></span> <span class='ocrx_word' id='word_1_628' title='bbox 2602 2244 2694 2299; x_wconf 86' lang='lat' dir='ltr'><strong>sed</strong></span> <span class='ocrx_word' id='word_1_629' title='bbox 2728 2245 2888 2302; x_wconf 81' lang='lat' dir='ltr'><strong>ctiam</strong></span> <span class='ocrx_word' id='word_1_630' title='bbox 2917 2249 3049 2306; x_wconf 86' lang='lat' dir='ltr'><strong>alios</strong></span> <span class='ocrx_word' id='word_1_631' title='bbox 3104 2252 3161 2308; x_wconf 88' lang='lat' dir='ltr'><strong>id</strong></span> <span class='ocrx_word' id='word_1_632' title='bbox 3203 2253 3383 2313; x_wconf 86' lang='lat' dir='ltr'><strong>facere</strong></span> <span class='ocrx_word' id='word_1_633' title='bbox 3421 2259 3646 2319; x_wconf 79' lang='lat' dir='ltr'><strong>docetis.</strong></span> <span class='ocrx_word' id='word_1_634' title='bbox 3693 2267 3809 2324; x_wconf 88' lang='lat' dir='ltr'><strong>Vos</strong></span> 
     </span>
    </p>
   </div>
   <div class='ocr_carea' id='block_1_82' title="bbox 2202 2330 3803 2429">
    <p class='ocr_par' dir='ltr' id='par_1_82' title="bbox 2202 2330 3803 2429">
     <span class='ocr_line' id='line_1_83' title="bbox 2202 2330 3803 2429; baseline 0.024 -50"><span class='ocrx_word' id='word_1_635' title='bbox 2202 2342 2331 2399; x_wconf 87' lang='lat' dir='ltr'><strong>ergo</strong></span> <span class='ocrx_word' id='word_1_636' title='bbox 2356 2330 2446 2400; x_wconf 90' lang='lat' dir='ltr'><strong>qui</strong></span> <span class='ocrx_word' id='word_1_637' title='bbox 2479 2348 2576 2387; x_wconf 90' lang='lat' dir='ltr'><strong>nec</strong></span> <span class='ocrx_word' id='word_1_638' title='bbox 2613 2334 2665 2389; x_wconf 88' lang='lat' dir='ltr'><strong>in</strong></span> <span class='ocrx_word' id='word_1_639' title='bbox 2713 2337 2850 2394; x_wconf 84' lang='lat' dir='ltr'><strong>vivis</strong></span> <span class='ocrx_word' id='word_1_640' title='bbox 2890 2356 3010 2396; x_wconf 87' lang='lat' dir='ltr'><strong>esse</strong></span> <span class='ocrx_word' id='word_1_641' title='bbox 3049 2343 3339 2417; x_wconf 88' lang='lat' dir='ltr'><strong>deberetis,</strong></span> <span class='ocrx_word' id='word_1_642' title='bbox 3370 2366 3469 2408; x_wconf 89' lang='lat' dir='ltr'><strong>cur</strong></span> <span class='ocrx_word' id='word_1_643' title='bbox 3507 2355 3803 2429; x_wconf 89' lang='lat' dir='ltr'><strong>discipulos</strong></span> 
     </span>
    </p>
   </div>
   <div class='ocr_carea' id='block_1_83' title="bbox 2203 2420 3801 2514">
    <p class='ocr_par' dir='ltr' id='par_1_83' title="bbox 2203 2420 3801 2514">
     <span class='ocr_line' id='line_1_84' title="bbox 2203 2420 3801 2514; baseline 0.021 -42"><span class='ocrx_word' id='word_1_644' title='bbox 2203 2420 2500 2479; x_wconf 79' lang='lat' dir='ltr'><strong>incnsatis?</strong></span> <span class='ocrx_word' id='word_1_645' title='bbox 2526 2425 2665 2492; x_wconf 85' lang='lat' dir='ltr'><strong>Quid</strong></span> <span class='ocrx_word' id='word_1_646' title='bbox 2694 2430 2886 2486; x_wconf 89' lang='lat' dir='ltr'><strong>mirum</strong></span> <span class='ocrx_word' id='word_1_647' title='bbox 2916 2445 3091 2489; x_wconf 90' lang='lat' dir='ltr'><strong>autem</strong></span> <span class='ocrx_word' id='word_1_648' title='bbox 3122 2440 3167 2493; x_wconf 93' lang='lat' dir='ltr'><strong>si</strong></span> <span class='ocrx_word' id='word_1_649' title='bbox 3199 2439 3250 2493; x_wconf 93' lang='lat' dir='ltr'><strong>in</strong></span> <span class='ocrx_word' id='word_1_650' title='bbox 3280 2457 3385 2509; x_wconf 91' lang='lat' dir='ltr'><strong>me,</strong></span> <span class='ocrx_word' id='word_1_651' title='bbox 3418 2460 3575 2514; x_wconf 90' lang='lat' dir='ltr'><strong>quem</strong></span> <span class='ocrx_word' id='word_1_652' title='bbox 3606 2420 3801 2506; x_wconf 73' lang='lat' dir='ltr'><strong>hacte-</strong></span> 
     </span>
    </p>
   </div>
   <div class='ocr_carea' id='block_1_84' title="bbox 2202 2515 3806 2608">
    <p class='ocr_par' dir='ltr' id='par_1_84' title="bbox 2202 2515 3806 2608">
     <span class='ocr_line' id='line_1_85' title="bbox 2202 2515 3806 2608; baseline 0.022 -42"><span class='ocrx_word' id='word_1_653' title='bbox 2202 2528 2303 2568; x_wconf 80' lang='lat' dir='ltr'><strong>nus</strong></span> <span class='ocrx_word' id='word_1_654' title='bbox 2340 2515 2645 2587; x_wconf 81' lang='lat' dir='ltr'><strong>ignorastis,</strong></span> <span class='ocrx_word' id='word_1_655' title='bbox 2695 2531 2802 2578; x_wconf 90' lang='lat' dir='ltr'><strong>tam</strong></span> <span class='ocrx_word' id='word_1_656' title='bbox 2844 2531 3219 2586; x_wconf 84' lang='lat' dir='ltr'><strong>contumeliosi</strong></span> <span class='ocrx_word' id='word_1_657' title='bbox 3258 2536 3412 2603; x_wconf 90' lang='lat' dir='ltr'><strong>estis,</strong></span> <span class='ocrx_word' id='word_1_658' title='bbox 3458 2541 3673 2608; x_wconf 88' lang='lat' dir='ltr'><strong>quando</strong></span> <span class='ocrx_word' id='word_1_659' title='bbox 3717 2543 3806 2600; x_wconf 92' lang='lat' dir='ltr'><strong>id-</strong></span> 
     </span>
    </p>
   </div>
   <div class='ocr_carea' id='block_1_85' title="bbox 2202 2604 3803 2695">
    <p class='ocr_par' dir='ltr' id='par_1_85' title="bbox 2202 2604 3803 2695">
     <span class='ocr_line' id='line_1_86' title="bbox 2202 2604 3803 2695; baseline 0.021 -37"><span class='ocrx_word' id='word_1_660' title='bbox 2202 2604 2374 2675; x_wconf 88' lang='lat' dir='ltr'><strong>ipsum</strong></span> <span class='ocrx_word' id='word_1_661' title='bbox 2422 2623 2548 2679; x_wconf 80' lang='lat' dir='ltr'><strong>erga</strong></span> <span class='ocrx_word' id='word_1_662' title='bbox 2601 2624 2806 2681; x_wconf 90' lang='lat' dir='ltr'><strong>patrem</strong></span> <span class='ocrx_word' id='word_1_663' title='bbox 2852 2614 3063 2675; x_wconf 77' lang='lat' dir='ltr'><strong>facitis?</strong></span> <span class='ocrx_word' id='word_1_664' title='bbox 3119 2622 3327 2695; x_wconf 89' lang='lat' dir='ltr'><strong>Ubique</strong></span> <span class='ocrx_word' id='word_1_665' title='bbox 3369 2604 3515 2684; x_wconf 85' lang='lat' dir='ltr'><strong>enim</strong></span> <span class='ocrx_word' id='word_1_666' title='bbox 3566 2630 3701 2689; x_wconf 89' lang='lat' dir='ltr'><strong>dicit</strong></span> <span class='ocrx_word' id='word_1_667' title='bbox 3744 2646 3803 2692; x_wconf 84' lang='lat' dir='ltr'><strong>et</strong></span> 
     </span>
    </p>
   </div>
   <div class='ocr_carea' id='block_1_86' title="bbox 2200 2701 3798 2785">
    <p class='ocr_par' dir='ltr' id='par_1_86' title="bbox 2200 2701 3798 2785">
     <span class='ocr_line' id='line_1_87' title="bbox 2200 2701 3798 2785; baseline 0.021 -34"><span class='ocrx_word' id='word_1_668' title='bbox 2200 2701 2433 2755; x_wconf 89' lang='lat' dir='ltr'><strong>ostendit</strong></span> <span class='ocrx_word' id='word_1_669' title='bbox 2461 2701 2585 2759; x_wconf 89' lang='lat' dir='ltr'><strong>hinc</strong></span> <span class='ocrx_word' id='word_1_670' title='bbox 2612 2716 2784 2763; x_wconf 87' lang='lat' dir='ltr'><strong>ortam</strong></span> <span class='ocrx_word' id='word_1_671' title='bbox 2805 2714 3166 2782; x_wconf 84' lang='lat' dir='ltr'><strong>arrogantiam</strong></span> <span class='ocrx_word' id='word_1_672' title='bbox 3196 2717 3340 2773; x_wconf 88' lang='lat' dir='ltr'><strong>illam</strong></span> <span class='ocrx_word' id='word_1_673' title='bbox 3366 2736 3507 2778; x_wconf 89' lang='lat' dir='ltr'><strong>esse.</strong></span> <span class='ocrx_word' id='word_1_674' title='bbox 3538 2724 3798 2785; x_wconf 90' lang='lat' dir='ltr'><strong>Nonnulli</strong></span> 
     </span>
    </p>
   </div>
   <div class='ocr_carea' id='block_1_87' title="bbox 2200 2794 3802 2888">
    <p class='ocr_par' dir='ltr' id='par_1_87' title="bbox 2200 2794 3802 2888">
     <span class='ocr_line' id='line_1_88' title="bbox 2200 2794 3802 2888; baseline 0.019 -41"><span class='ocrx_word' id='word_1_675' title='bbox 2200 2794 2358 2850; x_wconf 89' lang='lat' dir='ltr'><strong>aliter</strong></span> <span class='ocrx_word' id='word_1_676' title='bbox 2387 2795 2808 2868; x_wconf 86' lang='lat' dir='ltr'><strong>interpretantur</strong></span> <span class='ocrx_word' id='word_1_677' title='bbox 2835 2803 2988 2867; x_wconf 85' lang='lat' dir='ltr'><strong>illud.</strong></span> <span class='ocrx_word' id='word_1_678' title='bbox 3015 2804 3225 2862; x_wconf 86' lang='lat' dir='ltr'><strong>Donum</strong></span> <span class='ocrx_word' id='word_1_679' title='bbox 3253 2814 3600 2888; x_wconf 83' lang='lat' dir='ltr'><strong>quodcumque</strong></span> <span class='ocrx_word' id='word_1_680' title='bbox 3624 2837 3687 2874; x_wconf 78' lang='lat' dir='ltr'><strong>ea:</strong></span> <span class='ocrx_word' id='word_1_681' title='bbox 3716 2840 3802 2877; x_wconf 86' lang='lat' dir='ltr'><strong>me</strong></span> 
     </span>
    </p>
   </div>
   <div class='ocr_carea' id='block_1_88' title="bbox 2199 2885 3798 2978">
    <p class='ocr_par' dir='ltr' id='par_1_88' title="bbox 2199 2885 3798 2978">
     <span class='ocr_line' id='line_1_89' title="bbox 2199 2885 3798 2978; baseline 0.019 -40"><span class='ocrx_word' id='word_1_682' title='bbox 2199 2885 2289 2939; x_wconf 85' lang='lat' dir='ltr'><strong>tibi</strong></span> <span class='ocrx_word' id='word_1_683' title='bbox 2315 2888 2538 2958; x_wconf 78' lang='lat' dir='ltr'><strong>proderit</strong></span> <span class='ocrx_word' id='word_1_684' title='bbox 2566 2891 2677 2964; x_wconf 85' lang='lat' dir='ltr'><strong>(a);</strong></span> <span class='ocrx_word' id='word_1_685' title='bbox 2711 2893 2763 2947; x_wconf 91' lang='lat' dir='ltr'><strong>id</strong></span> <span class='ocrx_word' id='word_1_686' title='bbox 2793 2904 2895 2963; x_wconf 89' lang='lat' dir='ltr'><strong>est,</strong></span> <span class='ocrx_word' id='word_1_687' title='bbox 2921 2895 3039 2952; x_wconf 87' lang='lat' dir='ltr'><strong>Non</strong></span> <span class='ocrx_word' id='word_1_688' title='bbox 3077 2896 3250 2955; x_wconf 85' lang='lat' dir='ltr'><strong>debeo</strong></span> <span class='ocrx_word' id='word_1_689' title='bbox 3272 2900 3365 2958; x_wconf 90' lang='lat' dir='ltr'><strong>tibi</strong></span> <span class='ocrx_word' id='word_1_690' title='bbox 3388 2885 3666 2978; x_wconf 82' lang='lat' dir='ltr'><strong>honorem,</strong></span> <span class='ocrx_word' id='word_1_691' title='bbox 3695 2912 3798 2968; x_wconf 88' lang='lat' dir='ltr'><strong>sed</strong></span> 
     </span>
    </p>
   </div>
   <div class='ocr_carea' id='block_1_89' title="bbox 2197 2981 3798 3062">
    <p class='ocr_par' dir='ltr' id='par_1_89' title="bbox 2197 2981 3798 3062">
     <span class='ocr_line' id='line_1_90' title="bbox 2197 2981 3798 3062; baseline 0.018 -29"><span class='ocrx_word' id='word_1_692' title='bbox 2197 2981 2242 3034; x_wconf 89' lang='lat' dir='ltr'><strong>si</strong></span> <span class='ocrx_word' id='word_1_693' title='bbox 2272 2991 2323 3034; x_wconf 91' lang='lat' dir='ltr'><strong>te</strong></span> <span class='ocrx_word' id='word_1_694' title='bbox 2352 2981 2631 3051; x_wconf 88' lang='lat' dir='ltr'><strong>honorem,</strong></span> <span class='ocrx_word' id='word_1_695' title='bbox 2661 2985 2711 3041; x_wconf 94' lang='lat' dir='ltr'><strong>id</strong></span> <span class='ocrx_word' id='word_1_696' title='bbox 2738 2990 2906 3057; x_wconf 79' lang='lat' dir='ltr'><strong>gratis</strong></span> <span class='ocrx_word' id='word_1_697' title='bbox 2932 2989 3090 3047; x_wconf 86' lang='lat' dir='ltr'><strong>facio.</strong></span> <span class='ocrx_word' id='word_1_698' title='bbox 3112 2994 3227 3061; x_wconf 12' lang='lat' dir='ltr'><strong>{Sed</strong></span> <span class='ocrx_word' id='word_1_699' title='bbox 3247 2994 3493 3056; x_wconf 86' lang='lat' dir='ltr'><strong>Christus</strong></span> <span class='ocrx_word' id='word_1_700' title='bbox 3517 3017 3622 3057; x_wconf 91' lang='lat' dir='ltr'><strong>non</strong></span> <span class='ocrx_word' id='word_1_701' title='bbox 3651 3003 3798 3062; x_wconf 89' lang='lat' dir='ltr'><strong>hanc</strong></span> 
     </span>
    </p>
   </div>
   <div class='ocr_carea' id='block_1_90' title="bbox 2195 3074 3801 3154">
    <p class='ocr_par' dir='ltr' id='par_1_90' title="bbox 2195 3074 3801 3154">
     <span class='ocr_line' id='line_1_91' title="bbox 2195 3074 3801 3154; baseline 0.017 -28"><span class='ocrx_word' id='word_1_702' title='bbox 2195 3074 2575 3130; x_wconf 85' lang='lat' dir='ltr'><strong>contumeliam</strong></span> <span class='ocrx_word' id='word_1_703' title='bbox 2641 3083 2977 3137; x_wconf 85' lang='lat' dir='ltr'><strong>memoravit.</strong></span> <span class='ocrx_word' id='word_1_704' title='bbox 3033 3083 3243 3143; x_wconf 85' lang='lat' dir='ltr'><strong>Marcus</strong></span> <span class='ocrx_word' id='word_1_705' title='bbox 3299 3105 3430 3146; x_wconf 89' lang='lat' dir='ltr'><strong>vero</strong></span> <span class='ocrx_word' id='word_1_706' title='bbox 3483 3094 3679 3150; x_wconf 88' lang='lat' dir='ltr'><strong>clarius</strong></span> <span class='ocrx_word' id='word_1_707' title='bbox 3736 3098 3801 3154; x_wconf 80' lang='lat' dir='ltr'><strong>id</strong></span> 
     </span>
    </p>
   </div>
   <div class='ocr_carea' id='block_1_91' title="bbox 2193 3167 3797 3254">
    <p class='ocr_par' dir='ltr' id='par_1_91' title="bbox 2193 3167 3797 3254">
     <span class='ocr_line' id='line_1_92' title="bbox 2193 3167 3797 3254; baseline 0.015 -33"><span class='ocrx_word' id='word_1_708' title='bbox 2193 3167 2449 3237; x_wconf 77' lang='lat' dir='ltr'><strong>exprimit</strong></span> <span class='ocrx_word' id='word_1_709' title='bbox 2493 3168 2576 3225; x_wconf 90' lang='lat' dir='ltr'><strong>bis</strong></span> <span class='ocrx_word' id='word_1_710' title='bbox 2615 3172 2794 3229; x_wconf 88' lang='lat' dir='ltr'><strong>verbis</strong></span> <span class='ocrx_word' id='word_1_711' title='bbox 2836 3191 2849 3229; x_wconf 88' lang='lat'><strong>:</strong></span> <span class='ocrx_word' id='word_1_712' title='bbox 2881 3175 3082 3232; x_wconf 82' lang='lat' dir='ltr'><strong>Corban</strong></span> <span class='ocrx_word' id='word_1_713' title='bbox 3108 3180 3458 3254; x_wconf 84' lang='lat' dir='ltr'><strong>quodcumque</strong></span> <span class='ocrx_word' id='word_1_714' title='bbox 3496 3202 3560 3241; x_wconf 73' lang='lat' dir='ltr'><strong>ex</strong></span> <span class='ocrx_word' id='word_1_715' title='bbox 3592 3204 3673 3243; x_wconf 86' lang='lat' dir='ltr'><strong>me</strong></span> <span class='ocrx_word' id='word_1_716' title='bbox 3700 3190 3797 3245; x_wconf 80' lang='lat' dir='ltr'><strong>tibi</strong></span> 
     </span>
    </p>
   </div>
   <div class='ocr_carea' id='block_1_92' title="bbox 2195 3262 3794 3340">
    <p class='ocr_par' dir='ltr' id='par_1_92' title="bbox 2195 3262 3794 3340">
     <span class='ocr_line' id='line_1_93' title="bbox 2195 3262 3794 3340; baseline 0.017 -27"><span class='ocrx_word' id='word_1_717' title='bbox 2195 3262 2419 3331; x_wconf 81' lang='lat' dir='ltr'><strong>proderit</strong></span> <span class='ocrx_word' id='word_1_718' title='bbox 2447 3262 2636 3335; x_wconf 75' lang='lat' dir='ltr'><strong>(Marc.</strong></span> <span class='ocrx_word' id='word_1_719' title='bbox 2672 3265 2726 3319; x_wconf 89' lang='lat'><strong>7.</strong></span> <span class='ocrx_word' id='word_1_720' title='bbox 2767 3266 2855 3338; x_wconf 84' lang='grc' dir='ltr'><strong>Η)</strong></span> <span class='ocrx_word' id='word_1_721' title='bbox 2885 3285 2900 3323; x_wconf 90' lang='lat'><strong>:</strong></span> <span class='ocrx_word' id='word_1_722' title='bbox 2931 3269 2984 3323; x_wconf 88' lang='lat' dir='ltr'><strong>id</strong></span> <span class='ocrx_word' id='word_1_723' title='bbox 3014 3271 3154 3340; x_wconf 91' lang='lat' dir='ltr'><strong>quod</strong></span> <span class='ocrx_word' id='word_1_724' title='bbox 3191 3289 3297 3328; x_wconf 88' lang='lat' dir='ltr'><strong>non</strong></span> <span class='ocrx_word' id='word_1_725' title='bbox 3337 3285 3419 3331; x_wconf 85' lang='lat' dir='ltr'><strong>est</strong></span> <span class='ocrx_word' id='word_1_726' title='bbox 3462 3294 3658 3337; x_wconf 88' lang='lat' dir='ltr'><strong>munus</strong></span> <span class='ocrx_word' id='word_1_727' title='bbox 3696 3294 3794 3340; x_wconf 76' lang='lat' dir='ltr'><strong>alit</strong></span> 
     </span>
    </p>
   </div>
   <div class='ocr_carea' id='block_1_93' title="bbox 2194 3354 3792 3440">
    <p class='ocr_par' dir='ltr' id='par_1_93' title="bbox 2194 3354 3792 3440">
     <span class='ocr_line' id='line_1_94' title="bbox 2194 3354 3792 3440; baseline 0.014 -32"><span class='ocrx_word' id='word_1_728' title='bbox 2194 3354 2419 3423; x_wconf 88' lang='lat' dir='ltr'><strong>donum,</strong></span> <span class='ocrx_word' id='word_1_729' title='bbox 2448 3356 2544 3411; x_wconf 90' lang='lat' dir='ltr'><strong>sed</strong></span> <span class='ocrx_word' id='word_1_730' title='bbox 2574 3357 2775 3413; x_wconf 88' lang='lat' dir='ltr'><strong>oblatio</strong></span> <span class='ocrx_word' id='word_1_731' title='bbox 2805 3362 3022 3433; x_wconf 82' lang='lat' dir='ltr'><strong>proprie</strong></span> <span class='ocrx_word' id='word_1_732' title='bbox 3059 3363 3276 3420; x_wconf 89' lang='lat' dir='ltr'><strong>dicitur.</strong></span> <span class='ocrx_word' id='word_1_733' title='bbox 3311 3367 3447 3424; x_wconf 87' lang='lat' dir='ltr'><strong>Cum</strong></span> <span class='ocrx_word' id='word_1_734' title='bbox 3492 3371 3648 3440; x_wconf 78' lang='lat' dir='ltr'><strong>igitur</strong></span> <span class='ocrx_word' id='word_1_735' title='bbox 3685 3374 3792 3432; x_wconf 73' lang='lat' dir='ltr'><strong>de~</strong></span> 
     </span>
    </p>
   </div>
   <div class='ocr_carea' id='block_1_94' title="bbox 2196 3452 3796 3531">
    <p class='ocr_par' dir='ltr' id='par_1_94' title="bbox 2196 3452 3796 3531">
     <span class='ocr_line' id='line_1_95' title="bbox 2196 3452 3796 3531; baseline 0.013 -29"><span class='ocrx_word' id='word_1_736' title='bbox 2196 3459 2569 3517; x_wconf 87' lang='lat' dir='ltr'><strong>monstrasset,</strong></span> <span class='ocrx_word' id='word_1_737' title='bbox 2601 3467 2706 3506; x_wconf 90' lang='lat' dir='ltr'><strong>non</strong></span> <span class='ocrx_word' id='word_1_738' title='bbox 2742 3452 2866 3523; x_wconf 89' lang='lat' dir='ltr'><strong>jure</strong></span> <span class='ocrx_word' id='word_1_739' title='bbox 2902 3454 3042 3523; x_wconf 89' lang='lat' dir='ltr'><strong>illos,</strong></span> <span class='ocrx_word' id='word_1_740' title='bbox 3089 3459 3177 3529; x_wconf 90' lang='lat' dir='ltr'><strong>qui</strong></span> <span class='ocrx_word' id='word_1_741' title='bbox 3223 3460 3394 3531; x_wconf 85' lang='lat' dir='ltr'><strong>legem</strong></span> <span class='ocrx_word' id='word_1_742' title='bbox 3437 3463 3531 3519; x_wconf 90' lang='lat' dir='ltr'><strong>Dei</strong></span> <span class='ocrx_word' id='word_1_743' title='bbox 3569 3468 3796 3522; x_wconf 83' lang='lat' dir='ltr'><strong>concul-</strong></span> 
     </span>
    </p>
   </div>
   <div class='ocr_carea' id='block_1_95' title="bbox 2193 3543 3794 3628">
    <p class='ocr_par' dir='ltr' id='par_1_95' title="bbox 2193 3543 3794 3628">
     <span class='ocr_line' id='line_1_96' title="bbox 2193 3543 3794 3628; baseline 0.012 -32"><span class='ocrx_word' id='word_1_744' title='bbox 2193 3553 2336 3607; x_wconf 84' lang='lat' dir='ltr'><strong>cent,</strong></span> <span class='ocrx_word' id='word_1_745' title='bbox 2369 3543 2505 3598; x_wconf 84' lang='lat' dir='ltr'><strong>alios</strong></span> <span class='ocrx_word' id='word_1_746' title='bbox 2546 3547 2963 3615; x_wconf 84' lang='lat' dir='ltr'><strong>reprehendere,</strong></span> <span class='ocrx_word' id='word_1_747' title='bbox 3006 3551 3096 3619; x_wconf 90' lang='lat' dir='ltr'><strong>qui</strong></span> <span class='ocrx_word' id='word_1_748' title='bbox 3139 3554 3411 3609; x_wconf 90' lang='lat' dir='ltr'><strong>seniorum</strong></span> <span class='ocrx_word' id='word_1_749' title='bbox 3461 3570 3794 3628; x_wconf 58' lang='lat' dir='ltr'><strong>praeceptum</strong></span> 
     </span>
    </p>
   </div>
   <div class='ocr_carea' id='block_1_96' title="bbox 2195 3637 3781 3721">
    <p class='ocr_par' dir='ltr' id='par_1_96' title="bbox 2195 3637 3781 3721">
     <span class='ocr_line' id='line_1_97' title="bbox 2195 3637 3781 3721; baseline 0.013 -34"><span class='ocrx_word' id='word_1_750' title='bbox 2195 3637 2513 3706; x_wconf 86' lang='lat' dir='ltr'><strong>transgressi</strong></span> <span class='ocrx_word' id='word_1_751' title='bbox 2540 3650 2741 3706; x_wconf 88' lang='lat' dir='ltr'><strong>essent,</strong></span> <span class='ocrx_word' id='word_1_752' title='bbox 2774 3639 3001 3710; x_wconf 90' lang='lat' dir='ltr'><strong>idipsum</strong></span> <span class='ocrx_word' id='word_1_753' title='bbox 3027 3645 3259 3700; x_wconf 90' lang='lat' dir='ltr'><strong>ostendit</strong></span> <span class='ocrx_word' id='word_1_754' title='bbox 3298 3656 3354 3702; x_wconf 90' lang='lat' dir='ltr'><strong>et</strong></span> <span class='ocrx_word' id='word_1_755' title='bbox 3386 3664 3452 3703; x_wconf 83' lang='lat' dir='ltr'><strong>ex</strong></span> <span class='ocrx_word' id='word_1_756' title='bbox 3493 3651 3781 3721; x_wconf 87' lang='lat' dir='ltr'><strong>propheta.</strong></span> 
     </span>
    </p>
   </div>
   <div class='ocr_carea' id='block_1_97' title="bbox 2191 3728 3791 3813">
    <p class='ocr_par' dir='ltr' id='par_1_97' title="bbox 2191 3728 3791 3813">
     <span class='ocr_line' id='line_1_98' title="bbox 2191 3728 3791 3813; baseline 0.013 -33"><span class='ocrx_word' id='word_1_757' title='bbox 2191 3728 2331 3796; x_wconf 85' lang='lat' dir='ltr'><strong>Quia</strong></span> <span class='ocrx_word' id='word_1_758' title='bbox 2346 3728 2491 3784; x_wconf 83' lang='lat' dir='ltr'><strong>enim</strong></span> <span class='ocrx_word' id='word_1_759' title='bbox 2516 3731 2635 3786; x_wconf 88' lang='lat' dir='ltr'><strong>illos</strong></span> <span class='ocrx_word' id='word_1_760' title='bbox 2663 3731 3010 3790; x_wconf 83' lang='lat' dir='ltr'><strong>vehementer</strong></span> <span class='ocrx_word' id='word_1_761' title='bbox 3030 3737 3395 3809; x_wconf 73' lang='lat' dir='ltr'><strong>redargueret,</strong></span> <span class='ocrx_word' id='word_1_762' title='bbox 3419 3742 3640 3797; x_wconf 88' lang='lat' dir='ltr'><strong>ulterius</strong></span> <span class='ocrx_word' id='word_1_763' title='bbox 3661 3759 3791 3813; x_wconf 79' lang='lat' dir='ltr'><strong>pro-</strong></span> 
     </span>
    </p>
   </div>
   <div class='ocr_carea' id='block_1_98' title="bbox 2190 3820 3785 3900">
    <p class='ocr_par' dir='ltr' id='par_1_98' title="bbox 2190 3820 3785 3900">
     <span class='ocr_line' id='line_1_99' title="bbox 2190 3820 3785 3900; baseline 0.009 -23"><span class='ocrx_word' id='word_1_764' title='bbox 2190 3820 2329 3877; x_wconf 86' lang='lat' dir='ltr'><strong>cedit</strong></span> <span class='ocrx_word' id='word_1_765' title='bbox 2359 3822 2535 3890; x_wconf 88' lang='lat' dir='ltr'><strong>:quod</strong></span> <span class='ocrx_word' id='word_1_766' title='bbox 2563 3824 2726 3877; x_wconf 88' lang='lat' dir='ltr'><strong>etiam</strong></span> <span class='ocrx_word' id='word_1_767' title='bbox 2753 3824 2949 3896; x_wconf 90' lang='lat' dir='ltr'><strong>ubique</strong></span> <span class='ocrx_word' id='word_1_768' title='bbox 2966 3826 3109 3892; x_wconf 76' lang='lat' dir='ltr'><strong>facit.</strong></span> <span class='ocrx_word' id='word_1_769' title='bbox 3139 3829 3439 3900; x_wconf 87' lang='lat' dir='ltr'><strong>Scripturas</strong></span> <span class='ocrx_word' id='word_1_770' title='bbox 3466 3833 3521 3888; x_wconf 90' lang='lat' dir='ltr'><strong>in</strong></span> <span class='ocrx_word' id='word_1_771' title='bbox 3548 3834 3785 3892; x_wconf 84' lang='lat' dir='ltr'><strong>medium</strong></span> 
     </span>
    </p>
   </div>
   <div class='ocr_carea' id='block_1_99' title="bbox 2190 3910 3785 3984">
    <p class='ocr_par' dir='ltr' id='par_1_99' title="bbox 2190 3910 3785 3984">
     <span class='ocr_line' id='line_1_100' title="bbox 2190 3910 3785 3984; baseline 0.013 -19"><span class='ocrx_word' id='word_1_772' title='bbox 2190 3910 2498 3976; x_wconf 86' lang='lat' dir='ltr'><strong>adducens,</strong></span> <span class='ocrx_word' id='word_1_773' title='bbox 2532 3923 2588 3968; x_wconf 93' lang='lat' dir='ltr'><strong>ut</strong></span> <span class='ocrx_word' id='word_1_774' title='bbox 2618 3914 2742 3970; x_wconf 89' lang='lat' dir='ltr'><strong>hinc</strong></span> <span class='ocrx_word' id='word_1_775' title='bbox 2779 3931 2840 3972; x_wconf 89' lang='lat' dir='ltr'><strong>se</strong></span> <span class='ocrx_word' id='word_1_776' title='bbox 2879 3920 3130 3974; x_wconf 85' lang='lat' dir='ltr'><strong>ostendat</strong></span> <span class='ocrx_word' id='word_1_777' title='bbox 3168 3922 3277 3976; x_wconf 91' lang='lat' dir='ltr'><strong>Deo</strong></span> <span class='ocrx_word' id='word_1_778' title='bbox 3312 3938 3606 3979; x_wconf 90' lang='lat' dir='ltr'><strong>consonum</strong></span> <span class='ocrx_word' id='word_1_779' title='bbox 3638 3943 3785 3984; x_wconf 90' lang='lat' dir='ltr'><strong>esse.</strong></span> 
     </span>
    </p>
   </div>
   <div class='ocr_carea' id='block_1_100' title="bbox 2189 4002 3789 4081">
    <p class='ocr_par' dir='ltr' id='par_1_100' title="bbox 2189 4002 3789 4081">
     <span class='ocr_line' id='line_1_101' title="bbox 2189 4002 3789 4081; baseline 0.012 -26"><span class='ocrx_word' id='word_1_780' title='bbox 2189 4002 2324 4069; x_wconf 87' lang='lat' dir='ltr'><strong>Quid</strong></span> <span class='ocrx_word' id='word_1_781' title='bbox 2374 4004 2532 4074; x_wconf 83' lang='lat' dir='ltr'><strong>igitur</strong></span> <span class='ocrx_word' id='word_1_782' title='bbox 2574 4006 2650 4059; x_wconf 86' lang='lat' dir='ltr'><strong>ait</strong></span> <span class='ocrx_word' id='word_1_783' title='bbox 2693 4007 2991 4077; x_wconf 80' lang='lat' dir='ltr'><strong>propheta?</strong></span> <span class='ocrx_word' id='word_1_784' title='bbox 3021 4010 3074 4066; x_wconf 89' lang='lat'><strong>8.</strong></span> <span class='ocrx_word' id='word_1_785' title='bbox 3109 4009 3346 4081; x_wconf 85' lang='lat' dir='ltr'><strong>Populus</strong></span> <span class='ocrx_word' id='word_1_786' title='bbox 3381 4014 3463 4068; x_wconf 85' lang='lat' dir='ltr'><strong>hic</strong></span> <span class='ocrx_word' id='word_1_787' title='bbox 3508 4016 3655 4071; x_wconf 81' lang='lat' dir='ltr'><strong>labiis</strong></span> <span class='ocrx_word' id='word_1_788' title='bbox 3702 4036 3789 4075; x_wconf 83' lang='lat' dir='ltr'><strong>me</strong></span> 
     </span>
    </p>
   </div>
   <div class='ocr_carea' id='block_1_101' title="bbox 2189 4094 3786 4181">
    <p class='ocr_par' dir='ltr' id='par_1_101' title="bbox 2189 4094 3786 4181">
     <span class='ocr_line' id='line_1_102' title="bbox 2189 4094 3786 4181; baseline 0.011 -35"><span class='ocrx_word' id='word_1_789' title='bbox 2189 4094 2425 4161; x_wconf 88' lang='lat' dir='ltr'><strong>honorat,</strong></span> <span class='ocrx_word' id='word_1_790' title='bbox 2453 4113 2542 4150; x_wconf 90' lang='lat' dir='ltr'><strong>cor</strong></span> <span class='ocrx_word' id='word_1_791' title='bbox 2560 4107 2727 4151; x_wconf 81' lang='lat' dir='ltr'><strong>autem</strong></span> <span class='ocrx_word' id='word_1_792' title='bbox 2751 4115 2926 4153; x_wconf 80' lang='lat' dir='ltr'><strong>eorum</strong></span> <span class='ocrx_word' id='word_1_793' title='bbox 2946 4101 3095 4173; x_wconf 82' lang='lat' dir='ltr'><strong>longe</strong></span> <span class='ocrx_word' id='word_1_794' title='bbox 3113 4112 3187 4158; x_wconf 80' lang='lat' dir='ltr'><strong>est</strong></span> <span class='ocrx_word' id='word_1_795' title='bbox 3211 4121 3243 4157; x_wconf 93' lang='lat' dir='ltr'><strong>a</strong></span> <span class='ocrx_word' id='word_1_796' title='bbox 3268 4122 3347 4159; x_wconf 88' lang='lat' dir='ltr'><strong>me</strong></span> <span class='ocrx_word' id='word_1_797' title='bbox 3371 4104 3520 4176; x_wconf 85' lang='lat' dir='ltr'><strong>(Isai.</strong></span> <span class='ocrx_word' id='word_1_798' title='bbox 3549 4107 3640 4163; x_wconf 76' lang='lat'><strong>29.</strong></span> <span class='ocrx_word' id='word_1_799' title='bbox 3666 4109 3786 4181; x_wconf 70' lang='lat' dir='ltr'><strong>l5).</strong></span> 
     </span>
    </p>
   </div>
   <div class='ocr_carea' id='block_1_102' title="bbox 2189 4186 3782 4268">
    <p class='ocr_par' dir='ltr' id='par_1_102' title="bbox 2189 4186 3782 4268">
     <span class='ocr_line' id='line_1_103' title="bbox 2189 4186 3782 4268; baseline 0.008 -26"><span class='ocrx_word' id='word_1_800' title='bbox 2189 4186 2243 4243; x_wconf 89' lang='lat'><strong>9.</strong></span> <span class='ocrx_word' id='word_1_801' title='bbox 2276 4187 2496 4243; x_wconf 84' lang='lat' dir='ltr'><strong>Frustra</strong></span> <span class='ocrx_word' id='word_1_802' title='bbox 2519 4200 2685 4245; x_wconf 87' lang='lat' dir='ltr'><strong>autem</strong></span> <span class='ocrx_word' id='word_1_803' title='bbox 2711 4194 2883 4247; x_wconf 87' lang='lat' dir='ltr'><strong>colunt</strong></span> <span class='ocrx_word' id='word_1_804' title='bbox 2915 4210 3015 4258; x_wconf 88' lang='lat' dir='ltr'><strong>me,</strong></span> <span class='ocrx_word' id='word_1_805' title='bbox 3051 4196 3286 4252; x_wconf 82' lang='lat' dir='ltr'><strong>docentes</strong></span> <span class='ocrx_word' id='word_1_806' title='bbox 3314 4199 3592 4268; x_wconf 86' lang='lat' dir='ltr'><strong>doctrinas,</strong></span> <span class='ocrx_word' id='word_1_807' title='bbox 3630 4217 3782 4255; x_wconf 88' lang='lat' dir='ltr'><strong>man-</strong></span> 
     </span>
    </p>
   </div>
   <div class='ocr_carea' id='block_1_103' title="bbox 2190 4281 3782 4360">
    <p class='ocr_par' dir='ltr' id='par_1_103' title="bbox 2190 4281 3782 4360">
     <span class='ocr_line' id='line_1_104' title="bbox 2190 4281 3782 4360; baseline 0.01 -26"><span class='ocrx_word' id='word_1_808' title='bbox 2190 4281 2314 4335; x_wconf 86' lang='lat' dir='ltr'><strong>data</strong></span> <span class='ocrx_word' id='word_1_809' title='bbox 2360 4282 2639 4338; x_wconf 81' lang='lat' dir='ltr'><strong>hominum.</strong></span> <span class='ocrx_word' id='word_1_810' title='bbox 2702 4285 2889 4341; x_wconf 83' lang='lat' dir='ltr'><strong>Viden’</strong></span> <span class='ocrx_word' id='word_1_811' title='bbox 2933 4289 3265 4360; x_wconf 87' lang='lat' dir='ltr'><strong>prophetiam</strong></span> <span class='ocrx_word' id='word_1_812' title='bbox 3316 4301 3567 4348; x_wconf 86' lang='lat' dir='ltr'><strong>accurate</strong></span> <span class='ocrx_word' id='word_1_813' title='bbox 3622 4293 3782 4350; x_wconf 90' lang='lat' dir='ltr'><strong>dictis</strong></span> 
     </span>
    </p>
   </div>
   <div class='ocr_carea' id='block_1_104' title="bbox 2185 4377 3780 4457">
    <p class='ocr_par' dir='ltr' id='par_1_104' title="bbox 2185 4377 3780 4457">
     <span class='ocr_line' id='line_1_105' title="bbox 2185 4377 3780 4457; baseline 0.009 -29"><span class='ocrx_word' id='word_1_814' title='bbox 2185 4388 2502 4441; x_wconf 84' lang='lat' dir='ltr'><strong>consonam,</strong></span> <span class='ocrx_word' id='word_1_815' title='bbox 2536 4394 2653 4447; x_wconf 82' lang='lat' dir='ltr'><strong>qmc</strong></span> <span class='ocrx_word' id='word_1_816' title='bbox 2686 4377 2798 4448; x_wconf 86' lang='lat' dir='ltr'><strong>jam</strong></span> <span class='ocrx_word' id='word_1_817' title='bbox 2837 4380 2966 4434; x_wconf 90' lang='lat' dir='ltr'><strong>olim</strong></span> <span class='ocrx_word' id='word_1_818' title='bbox 2996 4398 3183 4436; x_wconf 89' lang='lat' dir='ltr'><strong>cortun</strong></span> <span class='ocrx_word' id='word_1_819' title='bbox 3223 4384 3604 4454; x_wconf 82' lang='lat' dir='ltr'><strong>malignitatem</strong></span> <span class='ocrx_word' id='word_1_820' title='bbox 3639 4405 3780 4457; x_wconf 75' lang='lat' dir='ltr'><strong>pra:-</strong></span> 
     </span>
    </p>
   </div>
   <div class='ocr_carea' id='block_1_105' title="bbox 2186 4469 3782 4548">
    <p class='ocr_par' dir='ltr' id='par_1_105' title="bbox 2186 4469 3782 4548">
     <span class='ocr_line' id='line_1_106' title="bbox 2186 4469 3782 4548; baseline 0.009 -26"><span class='ocrx_word' id='word_1_821' title='bbox 2186 4469 2436 4527; x_wconf 75' lang='lat' dir='ltr'><strong>nuntiati</strong></span> <span class='ocrx_word' id='word_1_822' title='bbox 2457 4471 2610 4538; x_wconf 87' lang='lat' dir='ltr'><strong>Quod</strong></span> <span class='ocrx_word' id='word_1_823' title='bbox 2640 4471 2887 4527; x_wconf 90' lang='lat' dir='ltr'><strong>Christus</strong></span> <span class='ocrx_word' id='word_1_824' title='bbox 2913 4490 3054 4530; x_wconf 90' lang='lat' dir='ltr'><strong>nunc</strong></span> <span class='ocrx_word' id='word_1_825' title='bbox 3076 4478 3380 4533; x_wconf 63' lang='lat' dir='ltr'><strong>accusando</strong></span> <span class='ocrx_word' id='word_1_826' title='bbox 3406 4480 3630 4548; x_wconf 88' lang='lat' dir='ltr'><strong>profert,</strong></span> <span class='ocrx_word' id='word_1_827' title='bbox 3676 4480 3782 4538; x_wconf 87' lang='lat' dir='ltr'><strong>hoc</strong></span> 
     </span>
    </p>
   </div>
   <div class='ocr_carea' id='block_1_106' title="bbox 2179 4561 3779 4644">
    <p class='ocr_par' dir='ltr' id='par_1_106' title="bbox 2179 4561 3779 4644">
     <span class='ocr_line' id='line_1_107' title="bbox 2179 4561 3779 4644; baseline 0.009 -28"><span class='ocrx_word' id='word_1_828' title='bbox 2179 4561 2293 4632; x_wconf 85' lang='lat' dir='ltr'><strong>jam</strong></span> <span class='ocrx_word' id='word_1_829' title='bbox 2323 4564 2451 4618; x_wconf 92' lang='lat' dir='ltr'><strong>olim</strong></span> <span class='ocrx_word' id='word_1_830' title='bbox 2481 4564 2614 4619; x_wconf 83' lang='lat' dir='ltr'><strong>dixit</strong></span> <span class='ocrx_word' id='word_1_831' title='bbox 2656 4564 2839 4634; x_wconf 87' lang='lat' dir='ltr'><strong>Isaias,</strong></span> <span class='ocrx_word' id='word_1_832' title='bbox 2882 4569 3027 4638; x_wconf 90' lang='lat' dir='ltr'><strong>quod</strong></span> <span class='ocrx_word' id='word_1_833' title='bbox 3057 4571 3305 4627; x_wconf 86' lang='lat' dir='ltr'><strong>mandata</strong></span> <span class='ocrx_word' id='word_1_834' title='bbox 3335 4573 3431 4628; x_wconf 91' lang='lat' dir='ltr'><strong>Dei</strong></span> <span class='ocrx_word' id='word_1_835' title='bbox 3462 4586 3719 4644; x_wconf 88' lang='lat' dir='ltr'><strong>spernant</strong></span> <span class='ocrx_word' id='word_1_836' title='bbox 3759 4595 3779 4632; x_wconf 87' lang='lat'><strong>:</strong></span> 
     </span>
    </p>
   </div>
   <div class='ocr_carea' id='block_1_107' title="bbox 2182 4655 3778 4740">
    <p class='ocr_par' dir='ltr' id='par_1_107' title="bbox 2182 4655 3778 4740">
     <span class='ocr_line' id='line_1_108' title="bbox 2182 4655 3778 4740; baseline 0.004 -25"><span class='ocrx_word' id='word_1_837' title='bbox 2182 4655 2404 4715; x_wconf 80' lang='lat' dir='ltr'><strong>Frustra</strong></span> <span class='ocrx_word' id='word_1_838' title='bbox 2428 4659 2570 4713; x_wconf 90' lang='lat' dir='ltr'><strong>enim</strong></span> <span class='ocrx_word' id='word_1_839' title='bbox 2611 4659 2785 4714; x_wconf 84' lang='lat' dir='ltr'><strong>colunt</strong></span> <span class='ocrx_word' id='word_1_840' title='bbox 2815 4678 2913 4729; x_wconf 90' lang='lat' dir='ltr'><strong>me,</strong></span> <span class='ocrx_word' id='word_1_841' title='bbox 2961 4662 3165 4733; x_wconf 91' lang='lat' dir='ltr'><strong>inquit;</strong></span> <span class='ocrx_word' id='word_1_842' title='bbox 3207 4663 3275 4719; x_wconf 91' lang='lat' dir='ltr'><strong>de</strong></span> <span class='ocrx_word' id='word_1_843' title='bbox 3314 4667 3425 4723; x_wconf 82' lang='lat' dir='ltr'><strong>suis</strong></span> <span class='ocrx_word' id='word_1_844' title='bbox 3463 4683 3594 4723; x_wconf 91' lang='lat' dir='ltr'><strong>vero</strong></span> <span class='ocrx_word' id='word_1_845' title='bbox 3632 4685 3778 4740; x_wconf 73' lang='lat' dir='ltr'><strong>prm-</strong></span> 
     </span>
    </p>
   </div>
   <div class='ocr_carea' id='block_1_108' title="bbox 2181 4751 3777 4827">
    <p class='ocr_par' dir='ltr' id='par_1_108' title="bbox 2181 4751 3777 4827">
     <span class='ocr_line' id='line_1_109' title="bbox 2181 4751 3777 4827; baseline 0.006 -24"><span class='ocrx_word' id='word_1_846' title='bbox 2181 4751 2351 4818; x_wconf 89' lang='lat' dir='ltr'><strong>ceptis</strong></span> <span class='ocrx_word' id='word_1_847' title='bbox 2394 4764 2640 4821; x_wconf 86' lang='lat' dir='ltr'><strong>magnam</strong></span> <span class='ocrx_word' id='word_1_848' title='bbox 2690 4767 2874 4807; x_wconf 89' lang='lat' dir='ltr'><strong>curam</strong></span> <span class='ocrx_word' id='word_1_849' title='bbox 2924 4752 3175 4823; x_wconf 88' lang='lat' dir='ltr'><strong>habeant,</strong></span> <span class='ocrx_word' id='word_1_850' title='bbox 3220 4754 3470 4813; x_wconf 85' lang='lat' dir='ltr'><strong>Docenles</strong></span> <span class='ocrx_word' id='word_1_851' title='bbox 3511 4761 3777 4827; x_wconf 84' lang='lat' dir='ltr'><strong>mandata,</strong></span> 
     </span>
    </p>
   </div>
   <div class='ocr_carea' id='block_1_109' title="bbox 2182 4842 3775 4922">
    <p class='ocr_par' dir='ltr' id='par_1_109' title="bbox 2182 4842 3775 4922">
     <span class='ocr_line' id='line_1_110' title="bbox 2182 4842 3775 4922; baseline 0.009 -28"><span class='ocrx_word' id='word_1_852' title='bbox 2182 4842 2439 4897; x_wconf 86' lang='lat' dir='ltr'><strong>doctrinas</strong></span> <span class='ocrx_word' id='word_1_853' title='bbox 2465 4844 2747 4898; x_wconf 78' lang='lat' dir='ltr'><strong>hominum.</strong></span> <span class='ocrx_word' id='word_1_854' title='bbox 2778 4845 2908 4901; x_wconf 83' lang='lat' dir='ltr'><strong>Jure</strong></span> <span class='ocrx_word' id='word_1_855' title='bbox 2951 4862 3081 4919; x_wconf 81' lang='lat' dir='ltr'><strong>ergo</strong></span> <span class='ocrx_word' id='word_1_856' title='bbox 3112 4849 3209 4905; x_wconf 86' lang='lat' dir='ltr'><strong>bas</strong></span> <span class='ocrx_word' id='word_1_857' title='bbox 3238 4850 3486 4922; x_wconf 85' lang='lat' dir='ltr'><strong>discipuli</strong></span> <span class='ocrx_word' id='word_1_858' title='bbox 3518 4869 3622 4907; x_wconf 91' lang='lat' dir='ltr'><strong>non</strong></span> <span class='ocrx_word' id='word_1_859' title='bbox 3654 4870 3775 4908; x_wconf 87' lang='lat' dir='ltr'><strong>ser-</strong></span> 
     </span>
    </p>
   </div>
   <div class='ocr_carea' id='block_1_110' title="bbox 2185 4934 3773 5012">
    <p class='ocr_par' dir='ltr' id='par_1_110' title="bbox 2185 4934 3773 5012">
     <span class='ocr_line' id='line_1_111' title="bbox 2185 4934 3773 5012; baseline 0.008 -25"><span class='ocrx_word' id='word_1_860' title='bbox 2185 4943 2332 4989; x_wconf 86' lang='lat' dir='ltr'><strong>vant.</strong></span> <span class='ocrx_word' id='word_1_861' title='bbox 2366 4934 2653 5006; x_wconf 86' lang='lat' dir='ltr'><strong>Postquam</strong></span> <span class='ocrx_word' id='word_1_862' title='bbox 2685 4937 2846 5005; x_wconf 85' lang='lat' dir='ltr'><strong>igitur</strong></span> <span class='ocrx_word' id='word_1_863' title='bbox 2883 4938 3097 4994; x_wconf 83' lang='lat' dir='ltr'><strong>letalem</strong></span> <span class='ocrx_word' id='word_1_864' title='bbox 3127 4940 3264 4995; x_wconf 89' lang='lat' dir='ltr'><strong>hanc</strong></span> <span class='ocrx_word' id='word_1_865' title='bbox 3303 4943 3510 5012; x_wconf 87' lang='lat' dir='ltr'><strong>plagam</strong></span> <span class='ocrx_word' id='word_1_866' title='bbox 3542 4944 3648 4998; x_wconf 91' lang='lat' dir='ltr'><strong>illis</strong></span> <span class='ocrx_word' id='word_1_867' title='bbox 3688 4945 3773 4999; x_wconf 84' lang='lat' dir='ltr'><strong>in-</strong></span> 
     </span>
    </p>
   </div>
   <div class='ocr_carea' id='block_1_111' title="bbox 2180 5027 3776 5107">
    <p class='ocr_par' dir='ltr' id='par_1_111' title="bbox 2180 5027 3776 5107">
     <span class='ocr_line' id='line_1_112' title="bbox 2180 5027 3776 5107; baseline 0.006 -25"><span class='ocrx_word' id='word_1_868' title='bbox 2180 5027 2335 5093; x_wconf 75' lang='lat' dir='ltr'><strong>ﬂixit,</strong></span> <span class='ocrx_word' id='word_1_869' title='bbox 2363 5036 2526 5100; x_wconf 90' lang='lat' dir='ltr'><strong>atque</strong></span> <span class='ocrx_word' id='word_1_870' title='bbox 2579 5044 2647 5085; x_wconf 82' lang='lat' dir='ltr'><strong>ex</strong></span> <span class='ocrx_word' id='word_1_871' title='bbox 2700 5030 2888 5099; x_wconf 85' lang='lat' dir='ltr'><strong>factis,</strong></span> <span class='ocrx_word' id='word_1_872' title='bbox 2948 5042 3004 5088; x_wconf 84' lang='lat' dir='ltr'><strong>et</strong></span> <span class='ocrx_word' id='word_1_873' title='bbox 3056 5048 3125 5088; x_wconf 81' lang='lat' dir='ltr'><strong>ex</strong></span> <span class='ocrx_word' id='word_1_874' title='bbox 3148 5036 3360 5104; x_wconf 89' lang='lat' dir='ltr'><strong>propria</strong></span> <span class='ocrx_word' id='word_1_875' title='bbox 3388 5037 3622 5107; x_wconf 88' lang='lat' dir='ltr'><strong>ipsorum</strong></span> <span class='ocrx_word' id='word_1_876' title='bbox 3650 5053 3776 5092; x_wconf 85' lang='lat' dir='ltr'><strong>sen-</strong></span> 
     </span>
    </p>
   </div>
   <div class='ocr_carea' id='block_1_112' title="bbox 2180 5119 3769 5201">
    <p class='ocr_par' dir='ltr' id='par_1_112' title="bbox 2180 5119 3769 5201">
     <span class='ocr_line' id='line_1_113' title="bbox 2180 5119 3769 5201; baseline 0.008 -28"><span class='ocrx_word' id='word_1_877' title='bbox 2180 5119 2367 5185; x_wconf 88' lang='lat' dir='ltr'><strong>tentia,</strong></span> <span class='ocrx_word' id='word_1_878' title='bbox 2394 5134 2567 5189; x_wconf 76' lang='lat' dir='ltr'><strong>exque</strong></span> <span class='ocrx_word' id='word_1_879' title='bbox 2600 5120 2855 5189; x_wconf 81' lang='lat' dir='ltr'><strong>propheta</strong></span> <span class='ocrx_word' id='word_1_880' title='bbox 2880 5125 3273 5179; x_wconf 85' lang='lat' dir='ltr'><strong>accusationem</strong></span> <span class='ocrx_word' id='word_1_881' title='bbox 3305 5129 3473 5192; x_wconf 82' lang='lat' dir='ltr'><strong>auxit,</strong></span> <span class='ocrx_word' id='word_1_882' title='bbox 3503 5130 3607 5184; x_wconf 91' lang='lat' dir='ltr'><strong>illis</strong></span> <span class='ocrx_word' id='word_1_883' title='bbox 3646 5131 3769 5201; x_wconf 89' lang='lat' dir='ltr'><strong>qui-</strong></span> 
     </span>
    </p>
   </div>
   <div class='ocr_carea' id='block_1_113' title="bbox 2176 5211 3768 5289">
    <p class='ocr_par' dir='ltr' id='par_1_113' title="bbox 2176 5211 3768 5289">
     <span class='ocr_line' id='line_1_114' title="bbox 2176 5211 3768 5289; baseline 0.006 -23"><span class='ocrx_word' id='word_1_884' title='bbox 2176 5211 2299 5266; x_wconf 88' lang='lat' dir='ltr'><strong>dem</strong></span> <span class='ocrx_word' id='word_1_885' title='bbox 2344 5212 2477 5266; x_wconf 87' lang='lat' dir='ltr'><strong>niltil</strong></span> <span class='ocrx_word' id='word_1_886' title='bbox 2523 5212 2655 5266; x_wconf 84' lang='lat' dir='ltr'><strong>ultra</strong></span> <span class='ocrx_word' id='word_1_887' title='bbox 2698 5213 2949 5282; x_wconf 86' lang='lat' dir='ltr'><strong>loquitur.</strong></span> <span class='ocrx_word' id='word_1_888' title='bbox 2983 5225 3166 5284; x_wconf 83' lang='lat' dir='ltr'><strong>utpote</strong></span> <span class='ocrx_word' id='word_1_889' title='bbox 3206 5219 3296 5289; x_wconf 90' lang='lat' dir='ltr'><strong>qui</strong></span> <span class='ocrx_word' id='word_1_890' title='bbox 3339 5221 3614 5277; x_wconf 86' lang='lat' dir='ltr'><strong>emendari</strong></span> <span class='ocrx_word' id='word_1_891' title='bbox 3660 5239 3768 5279; x_wconf 84' lang='lat' dir='ltr'><strong>non</strong></span> 
     </span>
    </p>
   </div>
   <div class='ocr_carea' id='block_1_114' title="bbox 2176 5313 3768 5379">
    <p class='ocr_par' dir='ltr' id='par_1_114' title="bbox 2176 5313 3768 5379">
     <span class='ocr_line' id='line_1_115' title="bbox 2176 5313 3768 5379; baseline 0.007 -18"><span class='ocrx_word' id='word_1_892' title='bbox 2176 5314 2445 5375; x_wconf 87' lang='lat' dir='ltr'><strong>poterant,</strong></span> <span class='ocrx_word' id='word_1_893' title='bbox 2495 5321 2798 5361; x_wconf 86' lang='lat' dir='ltr'><strong>sermonem</strong></span> <span class='ocrx_word' id='word_1_894' title='bbox 2846 5324 2975 5361; x_wconf 85' lang='lat' dir='ltr'><strong>vero</strong></span> <span class='ocrx_word' id='word_1_895' title='bbox 3021 5313 3287 5366; x_wconf 90' lang='lat' dir='ltr'><strong>convertit</strong></span> <span class='ocrx_word' id='word_1_896' title='bbox 3330 5313 3397 5367; x_wconf 89' lang='lat' dir='ltr'><strong>ad</strong></span> <span class='ocrx_word' id='word_1_897' title='bbox 3448 5315 3660 5379; x_wconf 88' lang='lat' dir='ltr'><strong>turbas,</strong></span> <span class='ocrx_word' id='word_1_898' title='bbox 3709 5325 3768 5372; x_wconf 89' lang='lat' dir='ltr'><strong>ut</strong></span> 
     </span>
    </p>
   </div>
   <div class='ocr_carea' id='block_1_115' title="bbox 2174 5398 3764 5480">
    <p class='ocr_par' dir='ltr' id='par_1_115' title="bbox 2174 5398 3764 5480">
     <span class='ocr_line' id='line_1_116' title="bbox 2174 5398 3764 5480; baseline 0.01 -28"><span class='ocrx_word' id='word_1_899' title='bbox 2174 5398 2367 5470; x_wconf 86' lang='lat' dir='ltr'><strong>dogma</strong></span> <span class='ocrx_word' id='word_1_900' title='bbox 2396 5398 2612 5453; x_wconf 90' lang='lat' dir='ltr'><strong>inducat</strong></span> <span class='ocrx_word' id='word_1_901' title='bbox 2641 5400 2890 5464; x_wconf 84' lang='lat' dir='ltr'><strong>sublime,</strong></span> <span class='ocrx_word' id='word_1_902' title='bbox 2928 5418 3199 5472; x_wconf 83' lang='lat' dir='ltr'><strong>magnum,</strong></span> <span class='ocrx_word' id='word_1_903' title='bbox 3229 5417 3282 5460; x_wconf 90' lang='lat' dir='ltr'><strong>et</strong></span> <span class='ocrx_word' id='word_1_904' title='bbox 3312 5407 3477 5463; x_wconf 88' lang='lat' dir='ltr'><strong>multa</strong></span> <span class='ocrx_word' id='word_1_905' title='bbox 3517 5409 3764 5480; x_wconf 80' lang='lat' dir='ltr'><strong>philoso-</strong></span> 
     </span>
    </p>
   </div>
   <div class='ocr_carea' id='block_1_116' title="bbox 2233 5581 3763 5648">
    <p class='ocr_par' dir='ltr' id='par_1_116' title="bbox 2233 5581 3763 5648">
     <span class='ocr_line' id='line_1_117' title="bbox 2233 5581 3763 5648; baseline 0.01 -17"><span class='ocrx_word' id='word_1_906' title='bbox 2233 5581 2493 5644; x_wconf 68' lang='lat' dir='ltr'><strong>(aM-10mm</strong></span> <span class='ocrx_word' id='word_1_907' title='bbox 2516 5581 2599 5648; x_wconf 64' lang='lat' dir='ltr'><strong>qui</strong></span> <span class='ocrx_word' id='word_1_908' title='bbox 2618 5582 2690 5632; x_wconf 90' lang='lat' dir='ltr'><strong>sic</strong></span> <span class='ocrx_word' id='word_1_909' title='bbox 2710 5583 3158 5648; x_wconf 81' lang='lat' dir='ltr'><strong>interpretabantur</strong></span> <span class='ocrx_word' id='word_1_910' title='bbox 3168 5603 3311 5641; x_wconf 90' lang='lat' dir='ltr'><strong>mens</strong></span> <span class='ocrx_word' id='word_1_911' title='bbox 3330 5591 3436 5642; x_wconf 70' lang='lat' dir='ltr'><strong>haec</strong></span> <span class='ocrx_word' id='word_1_912' title='bbox 3445 5593 3636 5644; x_wconf 87' lang='lat' dir='ltr'><strong>videtur</strong></span> <span class='ocrx_word' id='word_1_913' title='bbox 3655 5596 3763 5648; x_wconf 77' lang='lat' dir='ltr'><strong>fuis—</strong></span> 
     </span>
    </p>
   </div>
   <div class='ocr_carea' id='block_1_117' title="bbox 2168 5643 3765 5717">
    <p class='ocr_par' dir='ltr' id='par_1_117' title="bbox 2168 5643 3765 5717">
     <span class='ocr_line' id='line_1_118' title="bbox 2168 5643 3765 5717; baseline 0.008 -23"><span class='ocrx_word' id='word_1_914' title='bbox 2168 5643 2264 5717; x_wconf 58' lang='lat' dir='ltr'><strong>se;</strong></span> <span class='ocrx_word' id='word_1_915' title='bbox 2501 5643 2683 5717; x_wconf 57' lang='lat' dir='ltr'><strong>offero,</strong></span> <span class='ocrx_word' id='word_1_916' title='bbox 2700 5643 3097 5717; x_wconf 30' lang='lat' dir='ltr'><strong>miodjetiamtibi</strong></span> <span class='ocrx_word' id='word_1_917' title='bbox 3117 5651 3296 5713; x_wconf 83' lang='lat' dir='ltr'><strong>prosit,</strong></span> <span class='ocrx_word' id='word_1_918' title='bbox 3320 5652 3503 5717; x_wconf 82' lang='lat' dir='ltr'><strong>siquid</strong></span> <span class='ocrx_word' id='word_1_919' title='bbox 3527 5643 3637 5706; x_wconf 81' lang='lat' dir='ltr'><strong>vero</strong></span> <span class='ocrx_word' id='word_1_920' title='bbox 3675 5643 3765 5706; x_wconf 77' lang='lat' dir='ltr'><strong>tibi</strong></span> 
     </span>
    </p>
   </div>
   <div class='ocr_carea' id='block_1_118' title="bbox 2168 5703 3761 5781">
    <p class='ocr_par' dir='ltr' id='par_1_118' title="bbox 2168 5703 3761 5781">
     <span class='ocr_line' id='line_1_119' title="bbox 2168 5703 3761 5781; baseline 0.001 0"><span class='ocrx_word' id='word_1_921' title='bbox 2629 5703 2868 5781; x_wconf 47' lang='lat' dir='ltr'><strong>idem“</strong></span> <span class='ocrx_word' id='word_1_922' title='bbox 2910 5709 3069 5781; x_wconf 53' lang='lat' dir='ltr'><strong>fusio.</strong></span> <span class='ocrx_word' id='word_1_923' title='bbox 3106 5703 3217 5781; x_wconf 61' lang='grc' dir='ltr'><strong>ἀίω</strong></span> <span class='ocrx_word' id='word_1_924' title='bbox 3250 5703 3413 5765; x_wconf 54' lang='lat' dir='ltr'><strong>diuiti</strong></span> 
     </span>
    </p>
   </div>
   <div class='ocr_carea' id='block_1_119' title="bbox 2174 5767 3755 5844">
    <p class='ocr_par' dir='ltr' id='par_1_119' title="bbox 2174 5767 3755 5844">
     <span class='ocr_line' id='line_1_120' title="bbox 2174 5767 3755 5844; baseline 0.01 -28"><span class='ocrx_word' id='word_1_925' title='bbox 2284 5767 2457 5830; x_wconf 68' lang='lat' dir='ltr'><strong>oﬂ‘erre</strong></span> <span class='ocrx_word' id='word_1_926' title='bbox 2468 5779 2488 5829; x_wconf 86' lang='lat'><strong>;</strong></span> <span class='ocrx_word' id='word_1_927' title='bbox 2510 5767 2554 5818; x_wconf 82' lang='lat' dir='ltr'><strong>si</strong></span> <span class='ocrx_word' id='word_1_928' title='bbox 2576 5767 2695 5830; x_wconf 84' lang='lat' dir='ltr'><strong>quid</strong></span> <span class='ocrx_word' id='word_1_929' title='bbox 2716 5767 2768 5819; x_wconf 81' lang='lat' dir='ltr'><strong>in</strong></span> <span class='ocrx_word' id='word_1_930' title='bbox 2791 5776 2837 5820; x_wconf 88' lang='lat' dir='ltr'><strong>te</strong></span> <span class='ocrx_word' id='word_1_931' title='bbox 2860 5767 3125 5835; x_wconf 63' lang='lat' dir='ltr'><strong>confertam</strong></span> <span class='ocrx_word' id='word_1_932' title='bbox 3143 5772 3195 5824; x_wconf 83' lang='lat' dir='ltr'><strong>id</strong></span> <span class='ocrx_word' id='word_1_933' title='bbox 3216 5788 3282 5825; x_wconf 70' lang='lat' dir='ltr'><strong>ex</strong></span> <span class='ocrx_word' id='word_1_934' title='bbox 3300 5790 3407 5828; x_wconf 85' lang='lat' dir='ltr'><strong>mea</strong></span> <span class='ocrx_word' id='word_1_935' title='bbox 3420 5767 3596 5844; x_wconf 73' lang='lat' dir='ltr'><strong>petulci</strong></span> <span class='ocrx_word' id='word_1_936' title='bbox 3614 5767 3755 5830; x_wconf 55' lang='lat' dir='ltr'><strong>liber?</strong></span> 
     </span>
    </p>
   </div>
   <div class='ocr_carea' id='block_1_120' title="bbox 2163 5837 2282 5884">
    <p class='ocr_par' dir='ltr' id='par_1_120' title="bbox 2163 5837 2282 5884">
     <span class='ocr_line' id='line_1_121' title="bbox 2163 5837 2282 5884; baseline -0.059 0"><span class='ocrx_word' id='word_1_937' title='bbox 2163 5837 2282 5884; x_wconf 70' lang='grc'><strong>1010.</strong></span> 
     </span>
    </p>
   </div>
  </div>
