4102 6422
258 376 360 438 315

259 496 378 567 phia
408 492 662 562 plenum:
694 487 1018 550 sumptaque
1044 488 1108 528 ex
1136 470 1228 525 illo
1256 464 1559 523 occasione,
1588 450 1762 522 majus
1790 447 1854 502 il-

264 543 378 567 ι’---
410 543 525 562 ιν-νη
651 543 661 549 ν
824 543 839 550 -
935 543 943 546 _

264 588 355 645 lttd
392 580 690 642 contexuit,
738 586 794 630 et
839 574 1081 627 ciborum
1124 557 1550 618 observationem
1597 543 1853 601 eliminat.

261 679 367 736 Sed
396 676 520 730 vide
546 667 784 742 quando.
806 665 941 719 Cum
968 661 1238 728 leprosum
1263 645 1558 706 mandavit,
1589 654 1710 695 cum
1736 634 1858 688 sab-

262 776 443 828 batum
473 764 669 828 solvit;
702 756 914 829 quando
956 762 1111 806 terra:
1156 744 1423 811 marisque
1452 748 1629 805 regem
1668 745 1726 785 se
1764 726 1858 780 de.

541 820 754 927 quando
779 850 926 918 leges
955 842 1121 902 dedit,
1146 834 1361 907 quando
1393 831 1607 901 peccata
1633 820 1852 881 dimisit,

259 951 481 1023 quando
508 954 750 1002 mortuos
790 936 1058 1000 excitavit,
1091 928 1303 1000 quando
1342 928 1654 993 argumenta
1694 912 1859 967 multa

263 1040 565 1099 divinitatis
606 1050 718 1092 sua:
763 1032 893 1104 ipsis
935 1023 1181 1098 praihuit,
1229 1029 1353 1073 tunc
1396 1014 1463 1069 de
1506 1010 1642 1065 cibis
1685 1003 1860 1074 loqui-

160 1136 165 1140 ’
264 1149 377 1193 tur.

342 1231 397 1284 5.
444 1220 766 1294 Abrogandte
818 1208 1214 1269 circumcisionis
1266 1199 1551 1273 difﬁcultas.
1587 1224 1658 1235 -—
1697 1190 1862 1244 Totus

268 1322 417 1375 enim
453 1315 759 1371 .ludaisnius
798 1308 900 1362 hac
928 1305 979 1359 in
1009 1317 1070 1357 re
1095 1296 1399 1353 continetur
1428 1309 1440 1343 :
1472 1291 1516 1345 si
1557 1288 1657 1341 hoc
1684 1284 1864 1338 abstu-

268 1414 439 1477 leris,
488 1418 657 1463 totum
717 1397 999 1457 abstulisti.
1070 1393 1202 1449 Nam
1265 1386 1387 1444 inde
1439 1382 1862 1440 commonstrat,

270 1508 437 1562 etiam
484 1496 946 1557 circumcisionem
990 1484 1235 1556 abrogari
1282 1487 1571 1552 oportere:
1605 1471 1699 1527 sed
1738 1467 1867 1523 illud

274 1616 385 1654 non
444 1594 709 1665 prazcipue
775 1582 1013 1645 induxit,
1065 1575 1316 1649 quoniam
1381 1569 1482 1624 hoc
1546 1570 1866 1634 przeceptutn

276 1690 403 1743 aliis
452 1694 568 1739 erat
617 1676 919 1747 antiquius,
967 1679 1024 1725 et
1070 1668 1274 1735 majore
1318 1656 1702 1717 observabatur
1743 1649 1869 1704 reli-

278 1782 469 1845 gione;
500 1773 593 1828 sed
639 1786 733 1841 per
752 1764 1044 1833 discipulos
1077 1757 1203 1813 illud
1230 1754 1430 1809 statuit.
1462 1750 1536 1804 Ita
1566 1759 1754 1815 magna
1785 1756 1872 1796 res

279 1878 436 1934 erat,
468 1878 524 1922 ut
571 1836 690 1920 cuin
730 1858 975 1927 discipuli
1027 1862 1146 1924 post
1185 1858 1390 1904 tantum
1423 1854 1633 1911 tempus
1675 1836 1875 1891 vellent

281 1966 431 2018 illam
483 1962 773 2029 abrogare,
832 1954 1002 2021 primo
1049 1948 1191 2002 illam
1246 1938 1621 2001 adhibuerint,
1681 1929 1875 1986 deinde

284 2056 615 2120 alirogarint.
672 2049 803 2103 Vide
857 2052 1031 2099 autem
1085 2035 1353 2111 quomodo
1407 2033 1577 2100 legem
1639 2024 1873 2079 inducat.

286 2151 378 2206 10.
420 2147 548 2203 Cum
604 2143 892 2195 udvocasset
938 2134 1068 2187 enim
1115 2129 1321 2190 turbas,
1365 2123 1567 2190 inquit,
1601 2118 1729 2172 dixit
1764 2114 1873 2178 eis,

286 2205 475 2296 sua.
500 2245 544 2290 et
572 2232 853 2300 intelligite.
885 2225 1070 2295 Neque
1101 2222 1242 2275 enim
1270 2213 1582 2283 simpliciter
1623 2208 1751 2276 ipsis
1778 2205 1877 2259 hoc

287 2329 601 2392 annuntiat,
653 2322 746 2377 sed
792 2319 941 2391 prius
970 2316 1172 2368 honore
1212 2320 1371 2378 atque
1413 2299 1669 2370 obsequio
1704 2305 1880 2351 atten-

290 2427 490 2479 tionem
535 2414 772 2475 sermoni
810 2426 911 2467 suo
951 2405 1200 2463 conciliat
1245 2401 1370 2471 (hoc
1394 2396 1535 2451 enim
1563 2387 1881 2461 signiﬁcavit

290 2514 616 2584 evangelista
647 2525 767 2563 cum
798 2505 967 2568 dixit,
1000 2499 1129 2555 Cum
1154 2496 1444 2549 advocasset
1470 2484 1710 2554 deinde),
1753 2495 1881 2535 nec-

292 2624 400 2663 non
428 2620 493 2660 ex
526 2599 781 2671 temporis
805 2590 1221 2663 Opportunitate.
1270 2584 1556 2649 Postquam
1594 2575 1734 2628 enim
1763 2572 1882 2624 illos

290 2701 659 2759 confutaverat
697 2702 751 2747 et
796 2691 1027 2747 vicerat,
1066 2690 1342 2752 postquam
1371 2690 1435 2728 ex
1467 2668 1723 2741 prOpheta
1758 2662 1884 2733 ,red-

288 2798 576 2863 arguerat,
622 2795 747 2839 tunc
796 2780 964 2849 legem
1014 2776 1156 2829 ferre
1221 2766 1440 2837 incipit,
1506 2777 1626 2815 cum
1680 2754 1884 2810 facilius

290 2891 543 2957 poterant
582 2879 721 2934 dicta
772 2873 1056 2940 excipere;
1116 2879 1215 2919 nec
1261 2861 1421 2916 modo
1470 2856 1729 2917 advocat,
1789 2848 1883 2904 sed

289 2978 609 3035 attentiores
654 2970 847 3026 reddit.
890 2962 1192 3034 lntelligite,
1235 2955 1439 3026 inquit;
1484 2952 1586 3004 hoc
1623 2956 1737 3010 est,
1782 2943 1885 2996 Co-

289 3076 460 3145 gitate
478 3113 493 3134 ,
516 3068 752 3123 animum
782 3061 972 3130 erigite
990 3097 1007 3124 ,
1030 3051 1324 3109 attentione
1358 3047 1515 3115 digna
1539 3050 1621 3095 est
1644 3040 1726 3093 lex
1764 3051 1885 3091 mox

290 3161 601 3220 scribenda.
648 3156 780 3210 Nam
812 3154 854 3206 si
896 3149 972 3204 illi
1012 3157 1252 3213 tempore
1288 3153 1393 3192 non
1427 3140 1785 3189 consentaneo
1811 3126 1888 3181 lc~

292 3269 418 3327 gem
469 3250 747 3305 solverunt
804 3250 1019 3311 propter
1063 3232 1402 3289 traditionem
1453 3238 1637 3287 suam,
1686 3230 1741 3274 et
1792 3231 1888 3271 vos

293 3310 524 3400 audistis
559 3340 679 3395 illos
716 3354 731 3390 :
776 3310 943 3389 multo
972 3328 1139 3398 magis
1182 3339 1267 3379 me
1307 3320 1488 3377 audire
1514 3322 1760 3385 oportet,
1797 3310 1884 3380 qui

296 3449 545 3507 tempore
591 3438 890 3499 Opportuno
937 3422 1003 3475 ad
1043 3419 1300 3488 majorem
1352 3426 1447 3466 vos
1493 3402 1885 3480 philosophiam

299 3493 523 3586 indtico.
578 3493 687 3578 Nec
725 3520 897 3580 dixit,
946 3512 1088 3569 Nihil
1133 3517 1216 3565 est
1262 3507 1502 3561 ciborum
1547 3493 1887 3558 observatio,

297 3620 420 3683 vel,
448 3617 657 3688 Moyses
682 3610 733 3665 id
761 3608 902 3663 male
928 3601 1215 3675 praecepit,
1244 3596 1327 3650 vcl
1362 3608 1481 3649 sese
1506 3588 1658 3643 vobis
1696 3596 1891 3640 attem-

298 3710 544 3786 peravit;
588 3703 683 3759 sed
722 3700 869 3771 quasi
911 3689 1249 3749 admonendo
1291 3698 1345 3741 et
1380 3678 1739 3743 consulendo,
1781 3685 1831 3729 et
1860 3690 1891 3728 a

1248 3780 1313 3786 .-
1462 3774 1495 3786 ι.
1536 3773 1568 3786 .-
1655 3771 1705 3786 ..
1780 3765 1890 3786 ..-η

300 3765 487 3860 Iterum
532 3804 717 3851 natura
742 3765 1109 3845 testimonium
1151 3780 1418 3849 accipiens
1445 3773 1617 3829 dicit:
1650 3771 1739 3824 11.
1770 3765 1891 3819 Νοη

298 3910 417 3965 qua
445 3893 636 3945 intrant
672 3886 725 3938 in
761 3901 843 3945 os,
876 3878 1202 3949 coinquinant
1243 3871 1532 3931 hominem,
1562 3864 1651 3918 sed
1685 3876 1798 3930 quat
1834 3874 1895 3912 ex

303 4001 395 4041 ore
422 3982 698 4054 procedunt
725 3994 746 4032 :
776 3973 1067 4029 secundum
1104 3970 1273 4037 ipsam
1319 3972 1599 4022 naturam,
1639 3965 1693 4011 et
1722 3954 1893 4023 legem

302 4077 513 4148 profert
560 4083 613 4126 ct
656 4067 977 4125 sententiam
1003 4061 1153 4117 dicit.
1202 4058 1326 4113 [late
1356 4054 1429 4108 illi
1470 4049 1748 4104 audientes
1788 4059 1894 4098 non

302 4165 779 4225 contradixerunt.
826 4173 998 4227 neque
1046 4154 1335 4216 dixerunt,
1363 4144 1499 4213 Quid
1543 4151 1599 4195 tu
1626 4138 1737 4194 ais?
1774 4150 1896 4191 eum

303 4265 451 4320 Dens
494 4261 562 4316 de
604 4258 846 4313 ciborum
887 4247 1260 4306 observatione
1300 4244 1580 4297 innumera
1627 4244 1899 4303 praecepe-

305 4358 411 4419 rit,
444 4363 499 4407 tu
532 4345 835 4419 hujusmodi
868 4345 1012 4412 leges
1043 4335 1244 4393 tradis?
1271 4332 1365 4389 sed
1401 4330 1523 4401 quia
1551 4325 1897 4382 vehementer

307 4451 435 4504 illos
459 4416 820 4514 represserat,
849 4453 953 4490 non
998 4428 1322 4488 confutando
1360 4425 1565 4486 Solum,
1597 4418 1689 4475 sed
1721 4416 1897 4470 dolum

308 4544 553 4612 ipsorum
611 4537 664 4590 in
722 4532 955 4587 medium
1001 4523 1309 4588 afferendo,
1367 4535 1431 4574 ac
1485 4530 1602 4586 qua:
1639 4513 1775 4566 clam
1829 4507 1899 4561 illi

311 4642 657 4697 struxerant,
722 4640 1021 4695 arcanaque
1083 4619 1276 4677 mentis
1326 4598 1511 4670 eorum
1574 4603 1901 4666 revelando,

313 4745 440 4785 cum
480 4724 696 4783 silentio
736 4727 1093 4776 recesserunt.
1136 4713 1217 4767 Tu
1258 4724 1387 4762 vero
1425 4703 1553 4759 mihi
1589 4696 1862 4771 perpende
1886 4735 1902 4759 ,

316 4818 587 4892 quomodo
639 4830 739 4870 nec
787 4809 1067 4867 manifeste
1117 4819 1214 4858 nec
1276 4799 1449 4870 palam
1488 4794 1558 4849 de
1590 4791 1723 4845 cibis
1765 4786 1908 4842 edis-

315 4883 486 4971 semt.
516 4909 746 4978 Ideoque
775 4920 880 4959 non
906 4901 1072 4966 dixit,
1112 4896 1256 4955 Cibi,
1286 4891 1380 4949 sed
1403 4933 1419 4957 ,
1454 4888 1563 4953 Ea,
1604 4883 1906 4953 quaingre-

320 5007 563 5068 diuntur,
596 5017 699 5055 non
743 4995 1070 5064 coinquinant
1114 4988 1400 5046 hominem;
1442 4979 1582 5051 quod
1613 4978 1772 5032 etiam
1816 4986 1911 5040 po-

322 5103 503 5152 terant
553 5093 620 5147 de
656 5090 819 5146 illotis
876 5085 1120 5139 manibus
1159 5076 1439 5147 saepicari.
1499 5071 1620 5141 ipse
1680 5076 1911 5133 namque

320 5189 393 5244 de
448 5186 585 5241 cibis
619 5180 975 5251 loquebatur;
1017 5181 1332 5245 poteratque
1371 5178 1546 5220 tamen
1587 5157 1805 5226 intelligi
1846 5155 1914 5209 de

320 5277 488 5334 illotis
518 5272 783 5330 manibus.
824 5269 993 5324 Tanta
1036 5266 1180 5320 enim
1212 5270 1328 5316 erat
1372 5257 1612 5312 ciborum
1656 5251 1915 5305 observa-

324 5369 436 5434 tio,
479 5376 537 5421 ut
577 5367 739 5420 etiam
780 5370 900 5430 post
937 5351 1386 5412 resurrectionem
1430 5347 1620 5400 Petrus
1656 5341 1861 5395 diceret
1897 5349 1913 5387 :

331 5459 492 5524 Non,
542 5455 790 5521 Domine,
829 5452 947 5523 quia
1004 5461 1280 5518 numquam
1325 5451 1624 5502 commune,
1678 5442 1766 5486 aut
1818 5430 1917 5484 im-

330 5522 577 5606 mundum
620 5548 742 5619 quid
782 5522 977 5600 comedi
1030 5540 1168 5609 (Act.
1215 5536 1303 5591 to.
1346 5532 1460 5603 it).
1508 5525 1728 5584 Etiamsi
1776 5522 1917 5577 enim

332 5646 563 5701 aliorum
599 5655 761 5696 causa
805 5638 920 5692 haec
947 5634 1184 5698 diceret,
1217 5638 1274 5684 ut
1312 5625 1411 5682 sibi
1460 5620 1719 5677 adversus
1760 5630 1920 5671 accu-

336 5746 545 5793 satores
580 5731 950 5791 defensionem
998 5731 1240 5796 pararet,
1290 5713 1705 5781 ostenderetque
1748 5723 1808 5763 se
1833 5720 1923 5761 re-

340 5830 541 5888 stitisse
558 5869 575 5896 ,
604 5839 774 5897 neque
795 5822 873 5880 sic
908 5819 961 5876 id
986 5818 1086 5874 sibi
1114 5823 1432 5873 concessum
1458 5805 1625 5863 fuisse
1642 5842 1660 5874 ,
1689 5810 1923 5859 attamen

1305 346 1368 404 IN
1398 329 1817 400 MAT'l‘IiIEUM
1856 326 2086 386 IIOMIL.
2127 326 2213 383 LI.
2254 327 2325 381 al.
2369 323 2475 382 ιη.

3443 309 3554 368 5η

1961 442 2192 497 ostendit
2213 456 2454 509 magnam
2486 439 2641 508 hujus
2672 438 2746 492 rei
2772 450 2955 490 curam
2986 442 3041 488 et
3071 431 3397 501 opinionem.
3428 428 3554 482 Ideo

1958 534 2202 590 Christus
2223 535 2274 587 in
2299 533 2559 603 principio
2595 547 2701 586 non
2734 531 2805 585 ita
2834 538 3018 598 aperte
3043 526 3111 580 de
3136 525 3270 579 cibis
3298 522 3551 591 loquutus

1958 635 2069 692 est,
2098 624 2191 679 sed
2230 624 2392 687 dixit,
2425 622 2551 687 Quae
2590 637 2679 692 per
2702 638 2757 675 os
2791 619 3144 690 ingrediuntur
3181 632 3201 670 :
3237 628 3299 668 ac
3328 625 3513 667 rursus
3535 650 3553 677 ,

1961 734 2082 773 cum
2124 717 2455 772 manifestius
2485 715 2583 769 hac
2617 713 2685 769 de
2730 729 2787 768 re
2833 721 3014 782 postea
3057 710 3311 777 loquutus
3339 703 3555 758 videre-

1966 823 2051 867 tur
2074 854 2089 877 ,
2121 828 2150 866 a
2184 811 2290 865 ﬁne
2319 811 2404 864 illa
2430 808 2766 863 obumbravit
2792 805 2978 861 dicens
3005 822 3019 857 :
3051 801 3221 857 “lotis
3245 808 3413 853 autent
3448 812 3559 848 ma-

1963 904 2110 958 nibus
2152 901 2461 956 manducare
2503 917 2604 955 non
2647 899 2936 968 coinquinat
2980 894 3274 949 hominem:
3321 899 3377 943 ut
3436 888 3561 942 hinc

1966 998 2237 1052 videretur
2266 996 2473 1049 initium
2514 994 2743 1055 ducere,
2787 991 3105 1059 interimque
3145 987 3233 1042 illa
3263 985 3331 1040 de
3365 998 3424 1037 re
3451 981 3563 1036 dis-

1888 1138 1892 1144 .
1968 1091 2221 1145 seruisse.
2260 1088 2469 1144 Idcirco
2495 1102 2601 1141 non
2644 1085 2807 1151 dixit,
2838 1082 3088 1137 Ciborum
3111 1093 3237 1134 esus
3271 1092 3376 1131 non
3405 1077 3561 1129 coin-

1967 1184 2151 1253 quinat
2171 1181 2473 1244 hominem;
2506 1178 2600 1233 sed
2627 1178 2775 1249 quasi
2811 1176 2880 1231 de
2913 1175 3017 1228 alia
3056 1188 3115 1227 re
3155 1171 3435 1240 disputans
3455 1209 3471 1234 ,
3503 1175 3563 1219 ut

1973 1275 2105 1329 nihil
2147 1281 2365 1344 possent
2406 1272 2479 1326 illi
2508 1271 2763 1341 objicere.
2806 1268 2931 1322 Haec
2969 1281 3089 1321 cum
3129 1264 3445 1325 audissent,
3477 1258 3561 1311 in-

1971 1371 2115 1439 quit,
2143 1366 2487 1423 seandalizati
2519 1373 2676 1429 sunt,
2712 1361 2963 1417 Pharisaei
2991 1373 3207 1427 nempe,
3241 1371 3345 1410 non
3370 1354 3560 1408 turbau

1974 1460 2062 1517 12.
2106 1459 2413 1514 Accedentes
2458 1457 2630 1519 enim,
2684 1454 2876 1524 inquit,
2912 1451 3151 1521 discipuli
3195 1450 3302 1517 ejus
3330 1447 3565 1500 dixerunt

1975 1554 2018 1606 ei
2045 1569 2065 1605 :
2096 1550 2211 1605 Scis
2251 1550 2371 1619 quia
2416 1546 2670 1601 Pharisari
2688 1588 2701 1607 ,
2733 1545 2908 1598 audito
2943 1544 3037 1597 hoc
3082 1541 3231 1595 verbo
3253 1580 3268 1606 ,
3307 1536 3566 1592 scandali-

1975 1646 2075 1699 sati
2104 1644 2264 1697 sunt?
2297 1644 2360 1696 Et
2388 1652 2564 1695 tamen
2595 1639 2724 1694 nihil
2743 1638 2998 1691 adversus
3026 1650 3119 1689 eos
3148 1632 3346 1687 dictum
3376 1629 3566 1682 fuerat.

1977 1736 2113 1805 Quid
2147 1736 2303 1805 igitur
2339 1731 2616 1787 Christus?
2653 1731 2765 1785 Non
2799 1728 2956 1783 solvit
3002 1724 3312 1779 scandalum
3341 1735 3526 1776 eorum
3550 1759 3567 1781 ,

1979 1828 2073 1883 sed
2102 1828 2430 1896 increpavit,
2475 1827 2661 1881 dicens
2692 1842 2708 1879 '.
2738 1824 2827 1879 15.
2862 1821 3038 1875 Omnis
3090 1816 3375 1889 plantatio,
3416 1829 3570 1883 quam

1980 1937 2081 1973 non
2109 1919 2353 1988 plantavit
2395 1917 2547 1971 Pater
2588 1932 2728 1969 meus
2762 1914 3009 1977 cwlestis,
3057 1909 3415 1965 eradicabitur.
3458 1904 3571 1959 No-

1981 2021 2131 2067 verat
2176 2013 2319 2065 enim
2360 2010 2697 2080 quandonam
2752 2006 3000 2060 scandala
3042 1999 3470 2062 contemnenda,
3519 2003 3573 2051 ct

1980 2106 2193 2177 quando
2244 2119 2349 2159 non
2402 2101 2741 2172 despicienda
2789 2109 2960 2155 erant.
3003 2097 3142 2152 Aiibi
3194 2096 3388 2165 quippe
3433 2092 3506 2146 ait
3556 2108 3570 2143 ε

1985 2199 2069 2253 Ne
2094 2197 2492 2252 scandaiizemus
2517 2211 2630 2257 eos,
2674 2193 2814 2246 mitte
2856 2192 3063 2243 hamum
3088 2188 3141 2241 in
3178 2203 3321 2239 mare
3359 2183 3572 2253 (Matth.

1988 2293 2076 2347 17.
2105 2291 2237 2362 26);
2275 2290 2360 2343 hic
2401 2303 2528 2343 vero
2556 2286 2685 2342 dicit
2717 2303 2729 2337 :
2766 2285 2851 2339 Μ.
2896 2282 3061 2338 Sinite
3088 2280 3203 2333 illos
3223 2319 3237 2343 ,
3265 2278 3385 2331 eieci
3421 2285 3536 2328 sunt
3556 2314 3572 2333 ,

1986 2394 2032 2437 et
2075 2384 2226 2437 duces
2274 2396 2541 2435 carcerum.
2606 2376 2779 2432 Caecus
2828 2385 2993 2428 autem
3054 2373 3099 2425 si
3144 2386 3275 2423 caeco
3336 2366 3575 2419 ducatum

1988 2486 2219 2545 privaret,
2246 2474 2394 2528 ambo
2428 2474 2482 2526 in
2510 2475 2705 2542 foveam
2734 2466 2931 2521 cadent.
2965 2464 3093 2519 Haec
3120 2472 3299 2517 autem
3328 2458 3576 2514 dicebant

1987 2568 2269 2637 discipuli,
2318 2580 2421 2619 non
2452 2573 2558 2617 tam
2587 2560 2728 2632 quod
2770 2558 2837 2613 de
2867 2556 2971 2611 illis
2995 2554 3270 2615 dolerent,
3300 2550 3393 2606 sed
3434 2546 3579 2619 quod

1991 2676 2044 2719 et
2072 2665 2171 2735 ipsi
2218 2664 2546 2732 aliquantum
2596 2657 2955 2711 turbarentur.
2988 2649 3125 2718 Quia
3152 2663 3279 2702 vero
3325 2661 3433 2699 non
3476 2659 3576 2696 au-

1991 2758 2189 2813 debant
2238 2754 2365 2810 illud
2409 2768 2472 2807 ex
2506 2748 2718 2821 propria
2752 2758 2978 2817 persona
3023 2742 3235 2803 dicere,
3282 2738 3334 2791 in
3383 2750 3570 2789 narra-

1994 2854 2136 2907 tione
2169 2849 2239 2904 de
2290 2848 2407 2901 aliis
2442 2844 2679 2900 instituta
2732 2839 2781 2894 id
2832 2837 3074 2893 ediscere
3118 2832 3389 2887 volebant.
3446 2828 3579 2882 Nam

1991 2945 2133 3017 quod
2162 2957 2250 2999 res
2283 2942 2354 2995 ita
2389 2954 2449 2995 se
2473 2937 2700 2997 habeat,
2728 2932 2849 2986 audi
2886 2925 3154 3000 quomodo
3180 2935 3362 2995 postea
3394 2922 3582 2974 Petrus

1995 3012 2211 3095 fervens
2239 3037 2358 3099 ille,
2388 3034 2476 3104 qui
2520 3044 2735 3099 semper
2763 3025 2910 3095 prior
2936 3019 3178 3084 accedit,
3204 3017 3348 3071 dicat
3380 3032 3392 3067 :
3429 3012 3583 3066 Edis-

1992 3146 2095 3187 sere
2124 3129 2264 3183 ποθὴ
2306 3124 2599 3196 parabotam
2620 3122 2751 3173 hanc
2782 3114 2992 3185 (Matth.
3027 3112 3113 3167 15.
3143 3108 3269 3180 i5);
3311 3106 3471 3159 animi
3498 3104 3579 3158 sui

1994 3220 2445 3293 perturbationem
2503 3212 2814 3270 declarans,
2861 3220 2962 3260 nee
3009 3202 3215 3256 audens
3260 3199 3429 3269 palam
3496 3195 3581 3248 di-

1993 3330 2149 3379 cere,
2202 3311 2303 3364 hoc
2351 3307 2451 3362 sibi
2509 3299 2827 3357 od‘endiculo
2892 3311 3046 3356 esse,
3099 3291 3194 3347 sed
3242 3304 3467 3358 rogans,
3524 3301 3583 3338 sc

1995 3410 2356 3466 commotum,
2449 3391 2887 3463 interpretatione
2973 3383 3180 3449 sedari;
3261 3389 3583 3451 quapropter

1996 3497 2157 3553 etiam
2217 3495 2519 3559 inerepatus
2572 3484 2689 3540 fuit.
2756 3480 2891 3548 Quid
2942 3478 3101 3548 igitur
3162 3474 3236 3528 ait
3298 3470 3584 3528 Christus?

1999 3587 2177 3645 Omnis
2221 3581 2507 3655 plantatio,
2563 3592 2715 3648 quam
2768 3590 2869 3626 non
2931 3567 3173 3641 piantarit
3226 3565 3384 3620 Pater
3445 3578 3586 3615 meus

1998 3681 2246 3743 (celestis,
2297 3672 2653 3729 eradicabitur.
2710 3668 2819 3720 lloc
2850 3664 2916 3719 de
2966 3664 3080 3731 lege
3113 3660 3311 3713 dictum
3361 3656 3590 3709 afferunt

2003 3778 2035 3832 ii
2065 3775 2152 3845 qui
2204 3771 2619 3826 Manichaeorum
2671 3761 2859 3815 inorbo
2899 3756 3143 3813 laborant
3170 3752 3280 3824 (a);
3326 3749 3418 3805 sed
3468 3763 3586 3817 quin

2002 3870 2149 3940 prius
2172 3867 2314 3921 dicta
2359 3869 2517 3925 sunt,
2551 3873 2645 3911 ora
2676 3856 2888 3908 illorum
2920 3849 3223 3904 obstruunt.
3273 3842 3409 3897 Nam
3450 3842 3491 3893 si
3520 3840 3589 3893 de

2004 3934 2117 4030 lege
2154 3957 2406 4017 dixisset,
2439 3946 2709 4020 quomodo
2739 3959 2896 4011 supra
2929 3941 3102 4010 legem
3122 3934 3485 3995 defendisset,
3526 3946 3592 3985 ac

2001 4026 2102 4125 pro
2146 4067 2205 4107 ea
2248 4052 2533 4119 pugnasset
2563 4038 2829 4094 dicendo:
2856 4035 2960 4090 Cur
3004 4026 3414 4102 transgredimini
3440 4041 3589 4078 man-

2003 4149 2179 4201 datum
2222 4141 2311 4194 Dei
2351 4153 2440 4209 per
2469 4132 2791 4187 traditionem
2818 4124 3075 4182 vestram?
3120 4118 3387 4192 quomodo
3411 4126 3592 4171 autem

2006 4239 2319 4312 prophetam
2354 4208 2419 4286 in
2466 4227 2699 4283 medium
2747 4220 2949 4276 inducit
2991 4217 3261 4271 (licentem
3311 4229 3324 4264 :
3361 4208 3594 4279 Populus

2006 4304 2285 4389 hie—labiis
2336 4341 2416 4379 me
2472 4324 2726 4383 honorat,
2776 4326 2882 4371 etc.
2945 4310 3051 4367 Sed
3103 4308 3171 4363 de
3220 4307 3321 4360 illis
3367 4304 3497 4374 ipsis
3539 4310 3596 4356 et

2006 4429 2074 4483 de
2105 4418 2478 4480 traditionibus
2507 4428 2692 4469 eorum
2727 4408 2842 4463 haec
2883 4404 3133 4474 loquitur.
3179 4399 3309 4451 Nam
3357 4397 3402 4451 si
3455 4394 3597 4447 Deus

2007 4518 2174 4581 dixit,
2248 4511 2460 4566 Honora
2519 4513 2714 4575 putrem
2778 4508 2956 4561 tuum,
3022 4503 3069 4548 et
3128 4499 3337 4544 matrem
3400 4496 3537 4539 tuum
3576 4499 3597 4537 :

2010 4578 2283 4682 quomodo
2300 4605 2350 4659 id
2380 4600 2523 4673 quod
2545 4614 2573 4650 a
2600 4598 2710 4651 Deo
2736 4592 2933 4647 dictum
2963 4596 3064 4651 est,
3094 4601 3198 4639 non
3231 4589 3313 4638 est
3343 4578 3602 4650 plantatio
3676 4642 3681 4647 δ

2014 4704 2150 4761 Dei?

2085 4796 2137 4850 4.
2172 4792 2225 4847 ld
2267 4790 2430 4844 etiam
2482 4781 2625 4854 quod
2672 4777 2913 4847 sequitur
2951 4772 3173 4843 prohat,
3205 4767 3271 4822 de
3301 4764 3406 4819 illis
3431 4771 3486 4818 et
3534 4761 3603 4815 de

2018 4881 2392 4941 traditionilms
2444 4874 2658 4929 illorum
2716 4868 2831 4923 hmc
2876 4866 3015 4919 dicta
3047 4861 3210 4915 fuisse
3265 4878 3277 4913 :
3326 4870 3447 4910 nam
3474 4853 3605 4908 sub-
3644 4876 3657 4884 η

2013 4980 2191 5051 junxit
2220 4992 2233 5027 :
2262 4972 2394 5030 Circi
2423 4978 2537 5025 sunt
2578 4967 2730 5019 duces
2767 4973 3031 5015 ocrearum.
3067 4955 3121 5009 Si
3147 4952 3215 5008 de
3260 4952 3378 5020 lege
3428 4948 3479 5003 id
3524 4947 3607 5001 lo-

2020 5081 2216 5142 quutus
2247 5067 2466 5130 fuisset,
2496 5061 2741 5115 dietnrus
2770 5062 2921 5117 erat,
2967 5051 3080 5105 Dux
3108 5058 3187 5103 est
3236 5061 3408 5101 Circus
3438 5057 3610 5097 careo-

2020 5180 2173 5229 rum;
2222 5173 2405 5216 verum
2451 5169 2553 5210 non
2605 5153 2675 5205 ita
2727 5148 2893 5211 dixit,
2941 5143 3070 5206 sed,
3125 5140 3291 5194 Duces
3340 5146 3454 5192 sunt
3492 5134 3611 5188 ειυτί

2021 5269 2303 5315 arvorum,
2350 5249 2520 5317 legem
2562 5244 2630 5299 ab
2659 5239 2999 5296 accusatione
3028 5232 3336 5293 vindicans,
3370 5230 3422 5283 in
3469 5227 3615 5280 illos-

2024 5364 2125 5419 que
2167 5353 2333 5400 totum
2363 5338 2677 5396 refundens.
2725 5330 2927 5388 Deinde
2966 5337 3023 5381 ut
3052 5325 3259 5381 turbam
3307 5320 3374 5374 ab
3404 5319 3505 5373 illis
3530 5317 3615 5368 di-

2024 5439 2246 5495 velleret
2269 5477 2285 5500 ,
2322 5448 2387 5485 ne
2429 5431 2484 5485 in
2514 5423 2822 5481 barathrum
2857 5421 2923 5473 ah
2953 5417 3083 5491 ipsis
3110 5414 3465 5484 dejiceretur,
3493 5407 3567 5460 ait
3598 5420 3615 5459 :

2029 5532 2089 5588 Si
2119 5543 2284 5583 caecus
2312 5538 2500 5578 ciccum
2543 5519 2728 5582 ducat,
2773 5511 2997 5568 amboin
3041 5508 3233 5578 {oceani
3275 5498 3475 5554 cadent.
3505 5496 3619 5551 Ma-

2030 5635 2188 5695 gnum
2217 5616 2429 5690 quidem
2456 5611 2657 5668 malum
2687 5606 2900 5662 caecitas
2925 5608 3009 5657 est
3056 5617 3069 5653 :
3113 5595 3205 5652 sed
3231 5606 3352 5650 esse
3382 5602 3583 5646 caecum
3602 5626 3621 5657 ,

2101 5798 2175 5857 (al
2210 5789 2454 5843 itanichre'i
2480 5787 2646 5849 legem
2670 5792 2765 5831 non
2790 5790 2817 5825 a
2836 5773 2946 5824 Deo
2971 5774 3108 5820 Patre
3133 5777 3245 5816 esse
3262 5762 3510 5814 dicebant.
