4102 6450
528 318 633 384 ills

528 462 630 502 nec
659 446 855 501 habere
877 444 1101 511 ducem,
1131 452 1195 498 et
1218 458 1276 496 se
1299 442 1492 497 ducem
1521 440 1791 511 praebere.
1824 435 1875 490 id
1919 434 2118 504 duplex

530 538 833 609 triplexque
877 537 1084 591 crimen
1138 543 1242 588 est.
1288 533 1423 588 Nam
1474 531 1521 586 si
1566 529 1923 600 periculosum
1970 539 2120 580 casco

529 640 613 686 est
638 673 653 696 ,
688 647 794 684 nun
842 628 1040 683 habere
1069 627 1292 691 ducem,
1328 625 1496 679 multo
1538 621 1892 694 periculosius
1932 618 2036 673 erit
2072 619 2117 671 si

528 738 588 777 se
632 720 787 775 alteri
830 720 1019 775 ducem
1050 719 1308 788 przeheat.
1338 715 1475 784 Quid
1521 715 1682 785 igitur
1726 710 1952 767 Petrus?
2000 709 2117 765 Non

529 813 836 878 dixit,Cur
886 811 1006 865 haec
1050 808 1273 865 dixisti?
1319 808 1413 864 sed
1459 807 1613 878 quasi
1659 804 1740 860 rei
1790 803 2118 859 obscuritate

530 916 749 972 pressus
772 901 1086 971 interrogat.
1119 900 1230 955 Nec
1261 899 1392 955 dicit
1421 911 1437 949 :
1462 899 1572 953 Cur
1594 907 1777 951 contra
1822 896 1995 965 legem
2035 895 2116 949 lo-

526 1003 722 1065 quutus
751 994 851 1049 es!
880 994 1101 1048 timebat
1128 993 1271 1046 enim
1312 1006 1380 1047 ne
1408 989 1799 1045 scandalizatus
1843 988 2007 1043 fuisse
2032 986 2110 1040 vi-

525 1087 775 1152 deretur;
806 1085 901 1140 sed
947 1086 1097 1155 quasi
1126 1084 1351 1138 obscura
1381 1096 1467 1137 res
1496 1088 1644 1136 esset
1681 1080 1936 1149 loquitur.
1962 1077 2115 1144 Quod

525 1194 659 1234 vero
697 1194 805 1234 non
836 1177 1180 1233 obscuritatis
1204 1190 1402 1240 causa,
1447 1174 1545 1228 sed
1593 1173 1739 1242 quod
1789 1170 2118 1227 scandaliza-

524 1281 703 1336 retur,
752 1272 869 1325 haec
892 1271 1122 1331 dixerit,
1158 1269 1332 1339 palam
1376 1277 1457 1322 est
1488 1285 1502 1320 :
1535 1266 1664 1319 nihil
1708 1265 1851 1320 enim
1895 1264 1964 1319 ibi
2014 1263 2116 1316 oh—

522 1362 795 1418 scuritatis
847 1363 1036 1418 inerat.
1089 1361 1350 1428 Quocirca
1402 1357 1646 1413 Christus
1693 1357 1935 1424 increpat
1992 1354 2114 1409 illos

522 1456 756 1509 dicens:
801 1453 891 1509 16.
948 1453 1129 1507 Adhuc
1166 1468 1256 1507 vos
1302 1451 1452 1504 etiam
1496 1450 1608 1503 sine
1650 1447 1906 1503 intellectu
1950 1446 2115 1502 estis!

523 1549 655 1603 Nam
688 1549 858 1604 turba:
878 1546 1098 1601 forsitan
1120 1546 1261 1600 dicta
1287 1560 1393 1599 non
1420 1543 1833 1599 intellexerunt:
1863 1541 1960 1611 ipsi
1984 1556 2114 1596 vero

523 1640 867 1696 scandalizati
905 1638 1135 1694 fuerant.
1183 1638 1360 1706 Quare
1403 1636 1584 1702 initio,
1629 1635 1780 1705 quasi
1819 1634 1887 1688 de
1929 1632 2115 1687 Phari-

524 1735 646 1786 smis
694 1734 1118 1801 interrogantes,
1177 1728 1419 1783 ediscere
1464 1725 1745 1791 volebant;
1792 1724 1877 1779 ubi
1931 1730 2112 1778 autem

523 1826 811 1879 audierunt
846 1838 967 1878 eum
993 1822 1227 1893 graviter
1246 1818 1667 1875 comminantem
1708 1832 1773 1872 ac
1798 1817 2067 1871 dicentem
2090 1856 2108 1882 ,

527 1916 709 1970 Omnis
746 1915 1033 1985 plantatio,
1081 1926 1235 1983 worn
1294 1927 1396 1965 non
1448 1909 1694 1980 plantavit
1757 1906 1919 1962 Pater
1968 1923 2111 1962 naeus

521 2008 764 2075 celestis,
805 2005 1172 2071 eradicabitur,
1200 2012 1289 2067 et,
1321 2001 1455 2057 (ἰαί
1476 2009 1594 2056 sunt
1630 2000 1787 2055 «limes
1825 2015 2106 2065 cocorum,

521 2101 755 2168 repressi
797 2111 940 2155 sunt.
991 2098 1096 2153 Sed
1156 2098 1344 2151 Petrus
1386 2109 1599 2163 semper
1642 2092 1872 2159 ardens,
1919 2106 1987 2147 ne
2031 2091 2112 2146 sic

518 2194 732 2264 quidem
764 2200 945 2246 tacere
988 2189 1192 2259 potuit,
1233 2185 1333 2241 sed
1358 2185 1484 2241 dicit
1516 2202 1530 2238 :
1562 2184 1650 2240 l5.
1699 2181 1941 2238 Edissere
1964 2182 2110 2237 nobis

518 2284 818 2357 parabotant
864 2284 1016 2336 hanc.
1048 2280 1187 2349 Quid
1233 2292 1364 2349 ergo
1410 2274 1696 2333 Christus?
1730 2274 2109 2332 Vehementius

516 2374 805 2446 respondet
856 2391 870 2425 :
918 2373 1100 2427 Adhuc
1148 2371 1300 2424 etiam
1351 2385 1440 2424 vos
1493 2368 1603 2422 sine
1652 2367 1910 2421 intellectu
1949 2366 2109 2422 estis?

517 2473 606 2528 17.
639 2470 893 2525 Nondum
925 2467 1228 2537 intelligitis.
1258 2463 1385 2519 Huic
1427 2462 1562 2517 dixit
1591 2463 1904 2530 increpans,
1950 2468 2008 2516 ut
2040 2459 2109 2515 il-

517 2563 690 2619 lorum
729 2559 1129 2632 praijudicatam
1173 2555 1479 2626 opinionem
1513 2553 1767 2623 ejiceret,
1797 2566 1897 2607 nec
1946 2552 2108 2608 linem

516 2654 726 2712 dicendi
770 2656 923 2715 fecit,
952 2651 1047 2707 sed
1077 2651 1195 2707 haec
1233 2648 1431 2720 adjecit
1458 2664 1472 2700 :
1503 2646 1668 2702 Omne
1709 2646 1845 2718 quod
1872 2648 2026 2701 intrat
2053 2646 2109 2700 in

516 2764 609 2813 es,
675 2748 730 2800 in
782 2754 1004 2799 ventrem
1059 2740 1232 2808 vadit,
1289 2749 1338 2796 et
1395 2740 1451 2794 in
1517 2755 1768 2794 secessum
1829 2739 2108 2802 emittitur;

519 2839 607 2896 l8.
636 2853 750 2910 qua:
783 2846 951 2891 autem
990 2834 1267 2907 procedunt
1312 2848 1378 2887 at:
1425 2848 1547 2891 ore.
1598 2830 1662 2885 de
1708 2828 1859 2884 corde
1884 2838 2106 2895 caueant,

516 2931 674 2990 stilla
697 2928 1026 2999 coinquinant
1052 2926 1328 2980 hominem.
1371 2922 1456 2978 l9.
1488 2921 1569 2977 De
1589 2922 1741 2976 corde
1764 2921 1900 2975 enim
1922 2929 2109 2976 exeunt

515 3024 842 3096 cogitationes
888 3020 1043 3075 «tota
1063 3061 1078 3085 ,
1120 3018 1427 3079 homicidia,
1470 3016 1723 3070 adulteria
1744 3057 1758 3081 ,
1809 3014 2107 3086 fornicatio-

514 3134 639 3184 nes,
695 3118 868 3188 furta,
910 3114 1279 3184 blasphemis,
1328 3111 1462 3179 falsa
1508 3110 1817 3166 testimonia.
1874 3107 1968 3164 20.
2036 3106 2107 3163 Et

515 3210 622 3265 lucc
649 3217 766 3262 sunt
805 3222 921 3278 qua
957 3205 1285 3274 coinquinant
1324 3203 1596 3257 hminem.
1625 3200 1751 3256 Non
1780 3200 1900 3255 lotis
1936 3209 2107 3254 autem

513 3303 744 3358 manibus
772 3300 1114 3364 manducare,
1150 3314 1252 3352 non
1285 3297 1578 3367 coinquinat
1613 3295 1884 3349 hominem.
1918 3292 2105 3348 Viden’

513 3412 675 3467 quam
705 3394 1058 3449 vehementer
1084 3392 1203 3446 illos
1230 3388 1508 3458 increpet?
1548 3386 1752 3442 Deinde
1773 3402 1802 3439 a
1828 3384 2105 3441 communi

515 3496 703 3543 natura
752 3485 1182 3545 sermocinetur,
1227 3490 1287 3535 ut
1340 3481 1459 3535 illos
1509 3478 1576 3533 ad
1624 3479 1817 3534 bonam
1868 3485 2104 3532 mentem

513 3580 693 3635 ducat.
737 3577 872 3633 Cum
901 3577 1045 3633 enim
1090 3575 1251 3641 dicit,
1285 3574 1351 3627 In
1388 3583 1610 3627 uentrem
1650 3571 1822 3635 vadit,
1851 3581 1896 3624 et
1930 3571 1986 3624 in
2025 3586 2107 3624 se-

514 3687 710 3726 cessum
750 3670 1021 3733 emittitur,
1062 3666 1251 3725 adhuc.
1285 3665 1579 3722 secundum
1627 3663 1907 3719 Judaicum
1952 3662 2105 3732 abje-

514 3774 659 3818 ctum
685 3777 904 3818 sensum
931 3760 1185 3831 loquitur.
1215 3758 1351 3813 Dicit
1372 3757 1550 3822 enim,
1583 3755 1679 3811 illa
1703 3770 1811 3811 non
1840 3769 2063 3811 manere
2084 3793 2101 3821 .

513 3858 608 3913 sed
652 3853 856 3929 egredi.
889 3853 1223 3925 Quamquam
1252 3852 1462 3907 etiamsi
1506 3858 1816 3918 manerent,
1846 3864 1957 3905 non
2000 3849 2104 3905 im-

513 3947 771 4005 mundum
815 3945 1124 4002 redderent.
1173 3943 1280 4000 Sed
1308 3942 1544 3999 nondum
1591 3950 1840 4013 poterant
1866 3941 1983 3997 hac
2008 3956 2104 3996 au-

512 4042 651 4095 dire.
683 4039 809 4095 Ideo
833 4038 1108 4109 legislator
1148 4044 1301 4092 tanto
1329 4034 1550 4090 dimittit
1592 4042 1869 4104 tempore,
1901 4041 2105 4104 quanto

513 4132 659 4192 intus
698 4139 915 4185 maneat
956 4146 971 4186 :
1013 4144 1134 4183 cum
1182 4137 1360 4183 autem
1414 4142 1690 4198 egressum
1758 4125 1945 4190 fuerit,
1995 4142 2101 4181 non

511 4225 675 4281 ultra.
704 4218 945 4291 Vespere
981 4222 1141 4292 igitur
1167 4220 1332 4274 lavari
1350 4219 1538 4289 jubet,
1561 4232 1626 4273 ac
1660 4217 1919 4273 mundum
1944 4232 2099 4284 esse,

510 4314 828 4386 dlgestionis
855 4321 911 4368 et
936 4312 1267 4379 espulsionis
1288 4319 1499 4380 tempus
1520 4319 1771 4364 accurate
1793 4307 2099 4364 dimetiens.

511 4407 644 4477 Quae
681 4416 859 4463 autem
888 4405 1067 4460 cordis
1121 4412 1281 4469 sunt,
1323 4402 1527 4472 inquit,
1576 4401 1720 4456 intus
1768 4410 2020 4465 manent,
2048 4410 2105 4456 et

510 4514 632 4554 cum
675 4498 1049 4570 egrediuntur,
1076 4496 1462 4566 coinquinant,
1501 4509 1602 4550 nec
1632 4494 1792 4550 modo
1821 4509 1944 4548 cum
1988 4510 2102 4548 ma-

512 4602 674 4657 nent.
725 4591 778 4647 id
816 4591 1034 4646 faciunt.
1085 4590 1264 4645 Primo
1309 4587 1461 4660 petiit
1506 4586 1671 4641 malas
1713 4585 2097 4656 cogitationes,

509 4684 655 4755 quod
675 4681 982 4739 Jndteorum
1008 4689 1121 4736 erat
1175 4697 1188 4732 :
1240 4695 1337 4734 nec
1365 4677 1540 4733 adhuc
1583 4693 1614 4730 a
1663 4685 1889 4743 natura,
1930 4675 2024 4731 scd
2068 4690 2100 4731 a

510 4785 669 4845 partu
694 4775 896 4831 ventris
919 4781 977 4830 et
1003 4771 1182 4828 cordis
1219 4769 1525 4840 redarguit,
1552 4778 1608 4824 et
1632 4784 1699 4824 ex
1720 4783 1791 4824 eo
1828 4767 1970 4838 quod
1997 4768 2100 4823 alia

510 4867 797 4923 maneant,
833 4860 941 4916 alia
969 4876 1077 4916 non
1104 4861 1255 4915 item.
1297 4862 1417 4915 Aiia
1445 4862 1615 4929 easint,
1633 4863 1701 4917 de
1734 4862 1870 4919 foris
1896 4863 2100 4934 ingres-

508 4965 613 5014 sa,
659 4949 809 5006 foras
853 4968 1048 5010 rursus
1088 4964 1338 5011 exeunt:
1371 4955 1478 5010 alia
1519 4970 1672 5020 vero,
1715 4956 1862 5012 intus
1895 4955 2097 5025 genita,

512 5056 643 5097 cum
698 5052 935 5108 exeunt,
986 5045 1392 5117 coinquinant,
1444 5055 1501 5102 et
1553 5053 1689 5101 tunc
1727 5045 1939 5118 niagis,
1972 5062 2099 5102 cum

508 5134 880 5203 egrediuntur.
926 5131 1170 5187 Nondum
1201 5133 1345 5188 enim
1391 5141 1677 5202 poterant,
1710 5140 1766 5185 ut
1812 5131 1954 5195 dixi,
1984 5130 2102 5187 haec

502 5238 629 5282 eum
669 5224 984 5294 congruenti
1016 5223 1351 5293 philosophis
1393 5224 1601 5279 audire.
1634 5222 1841 5278 Marcus
1866 5221 2016 5292 (Cap.
2043 5224 2094 5277 7.

507 5318 599 5387 19)
623 5326 802 5372 autem
827 5315 986 5380 dicit,
1020 5316 1193 5385 ipsum
1222 5317 1287 5369 ad
1316 5315 1618 5386 purgandos
1642 5315 1793 5370 cibos
1809 5313 2102 5370 htccdixis-

504 5428 601 5478 se;
633 5426 739 5466 non
790 5421 968 5466 tamen
1028 5410 1079 5465 id
1131 5410 1426 5479 expressit,
1454 5409 1594 5480 quod
1642 5407 1766 5464 talia
1813 5406 2097 5461 comedere

506 5517 615 5554 non
647 5501 961 5571 coinquinet
1004 5498 1279 5554 hominem
1330 5515 1344 5552 :
1397 5515 1503 5553 non
1533 5498 1678 5554 enim
1707 5497 2001 5552 voluissent
2029 5495 2095 5549 il-

511 5591 623 5646 lum
649 5604 758 5648 tam
784 5594 932 5648 clare
970 5595 1274 5663 loquentem
1315 5592 1521 5646 audire.
1556 5589 1679 5645 Ideo
1705 5589 1821 5644 hanc
1846 5587 2049 5644 addidit
2078 5607 2093 5644 :

513 5680 638 5734 Non
676 5682 791 5735 lotis
833 5684 1063 5737 manibus
1112 5681 1417 5736 manducare
1438 5720 1454 5747 ,
1482 5698 1585 5734 non
1612 5681 1903 5747 coinquinat
1929 5680 2095 5733 Itami-

516 5786 654 5827 nem.
684 5770 957 5829 Discamus
984 5786 1114 5844 ergo
1132 5787 1379 5844 quaenam
1407 5770 1753 5843 coinquinant
1776 5771 2045 5830 hominem
2076 5790 2092 5828 :

1240 323 1294 382 S.
1334 322 1613 382 JOANNlS
1636 315 2125 377 *cnnvsosmm
2164 314 2480 373 ARClliEP.
2517 316 3055 380 CONS'I‘ANTINOP.

3712 329 3818 388 5m

2225 432 2491 491 dseunus
2517 436 2669 503 lucc,
2693 448 2751 494 et
2776 439 3060 509 fugiamus.
3084 439 3217 495 Nam
3246 441 3299 497 in
3325 442 3547 499 ecclesia
3573 444 3824 503 videmus

2225 524 2370 582 hunc
2408 542 2615 586 norem
2662 530 2803 600 apud
2849 534 3044 587 multos
3066 533 3277 604 vigere,
3310 535 3400 606 qui
3452 536 3668 591 mundis
3719 553 3819 594 ve-

2224 617 2398 673 stibus
2442 618 2645 676 intrare
2689 620 2933 688 student,
2993 624 3229 694 itemque
3276 626 3399 681 lotis
3438 628 3714 695 manibus;
3762 641 3820 687 ut

2225 724 2354 763 vero
2389 709 2624 766 animam
2667 727 2857 782 puram
2887 713 2998 769 Deo
3023 715 3250 782 sistant,
3294 717 3427 773 nihil
3452 729 3662 774 curant.
3692 720 3821 777 Haec

2228 815 2390 869 porro
2409 802 2564 869 diro,
2598 820 2705 859 non
2754 807 2898 875 quod
2950 806 3262 876 prohibeam
3292 826 3482 866 manus
3521 812 3605 867 vel
3635 828 3696 868 os
3738 815 3818 868 la-

2223 906 2349 947 vare
2369 933 2385 959 ,
2416 893 2511 949 scd
2540 896 2682 964 quod
2710 898 2867 951 velim
2890 899 2959 952 ita
2991 898 3153 954 lavari
3182 908 3241 954 ut
3268 916 3362 970 par
3386 912 3469 956 est
3489 943 3507 969 ,
3540 917 3648 958 non
3678 918 3819 974 aqua

2222 981 2431 1047 solum,
2471 983 2568 1038 sed
2611 986 2913 1042 virtutibus.
2946 988 3081 1044 Nam
3108 992 3299 1047 Sordes
3337 993 3451 1048 oris
3478 1003 3605 1050 sunt
3646 996 3819 1051 malc-

2222 1071 2394 1139 dicta,
2454 1073 2820 1146 blasphemia,
2887 1082 3225 1145 convicium,
3287 1085 3451 1139 verba
3526 1086 3818 1143 iracundia:

2223 1163 2399 1231 plena,
2426 1167 2512 1221 vel
2536 1167 2787 1224 obscaena
2808 1211 2823 1235 ,
2851 1170 3074 1229 ridicula
3094 1214 3113 1240 ,
3143 1175 3409 1233 scurrilia.
3440 1176 3498 1233 Si
3540 1192 3669 1249 ergo
3719 1179 3814 1233 tibi

2218 1256 2469 1311 conscius
2506 1257 2583 1313 sis
2612 1258 2742 1313 nihil
2770 1259 2877 1316 tale
2898 1260 3100 1319 dixisse
3143 1273 3227 1332 te,
3254 1279 3431 1337 neque
3457 1266 3541 1323 his
3567 1268 3817 1324 sordibus

2223 1347 2521 1415 inquinari.
2550 1365 2673 1407 cum
2717 1351 2907 1411 fiducia
2953 1356 3184 1423 accede;
3215 1357 3297 1413 sin
3347 1359 3539 1417 millies
3569 1360 3668 1418 has
3713 1366 3816 1418 ad-

2222 1440 2411 1495 misisti
2456 1445 2727 1511 maculas,
2755 1462 2854 1501 cur
2904 1447 3099 1505 frustra
3150 1451 3382 1521 linguam
3430 1455 3638 1523 abluis,
3683 1457 3815 1517 dum

2222 1533 2551 1600 perniciosas
2573 1547 2628 1591 ct
2658 1539 2845 1595 noxias
2864 1542 3052 1597 sordes
3082 1542 3137 1596 in
3163 1543 3249 1597 illa
3273 1546 3618 1604 circumfers?

2289 1624 2344 1678 5.
2379 1625 2494 1692 Qua
2523 1629 2719 1683 ratione
2740 1631 2993 1685 orandum
3015 1634 3101 1686 sit.
3117 1663 3190 1676 -—
3206 1635 3339 1691 Nam
3373 1637 3459 1693 dic
3485 1639 3614 1695 mihi
3638 1682 3653 1703 ,
3676 1642 3719 1696 si
3750 1642 3812 1697 ﬁ-

2220 1729 2364 1769 mum
2407 1728 2462 1772 et
2508 1719 2673 1774 llllllm
2713 1737 2825 1791 prae
2868 1725 3114 1781 manibus
3162 1726 3417 1797 haberes,
3466 1746 3534 1786 an
3583 1734 3813 1790 auderes

2217 1811 2416 1864 orare?
2446 1809 2810 1884 Nequaquam.
2841 1815 3093 1873 Attamen
3120 1819 3256 1875 nihil
3284 1820 3411 1877 hinc
3435 1823 3613 1881 damni
3638 1844 3652 1889 ;
3680 1827 3813 1885 illud

2215 1911 2394 1957 autem
2422 1905 2780 1972 perniciosum
2805 1917 2904 1963 est.
2938 1909 3047 1965 Cur
3074 1926 3202 1981 ergo
3230 1913 3282 1967 in
3321 1914 3482 1970 rebus
3508 1916 3814 1976 indilleren-

2218 1994 2361 2049 tibus
2397 1999 2534 2065 pius,
2568 1997 2621 2053 in
2646 1998 2931 2069 prohibitis
2952 2002 3021 2057 ita
3046 2004 3322 2075 negligens
3348 2008 3456 2062 es?
3482 2008 3619 2077 Quid
3644 2014 3813 2083 ergo?

2217 2087 2460 2158 inquies;
2493 2106 2598 2145 non
2641 2094 2852 2162 precari
2893 2098 3149 2166 oportet?
3175 2097 3404 2168 Oportet
3443 2104 3679 2172 quidem,
3714 2107 3813 2163 sed

2216 2198 2321 2236 non
2354 2184 2605 2240 sordibus
2650 2187 2999 2257 maculatum,
3038 2207 3143 2247 non
3170 2201 3317 2248 tanto
3344 2209 3500 2252 omne
3533 2207 3811 2253 onustum.

2214 2274 2351 2342 Quid
2380 2274 2425 2331 si
2444 2290 2573 2331 casu
2598 2277 2781 2348 lapsus
2802 2279 2995 2336 fuero?
3021 2281 3193 2353 Purga
3221 2284 3468 2354 teipsum.
3489 2287 3770 2357 Quomodo
3788 2292 3815 2345 3

2214 2365 2382 2437 Lege,
2409 2382 2584 2437 gemo,
2613 2371 3008 2443 eleemosynam
3037 2389 3216 2444 eroga,
3246 2392 3410 2447 purga
3438 2387 3491 2435 te
3514 2381 3653 2452 apud
3682 2398 3812 2440 eum

2213 2473 2372 2526 quem
2400 2461 2720 2516 contumelia
2751 2463 3000 2531 aa‘ccisti,
3027 2466 3310 2522 reconcilia
3351 2478 3403 2525 te
3431 2469 3530 2536 illi,
3562 2471 3813 2544 absterge

2216 2548 2472 2619 linguam,
2503 2567 2570 2607 ne
2597 2553 2812 2623 gravius
2840 2554 3004 2611 Deum
3032 2557 3227 2614 irrites.
3258 2558 3392 2614 Nam
3419 2564 3464 2616 si
3493 2566 3614 2633 quis
3632 2566 3814 2621 sordi-

2213 2639 2354 2695 datis
2381 2649 2620 2698 stercore
2657 2645 2903 2701 manibus
2935 2647 3111 2716 pedes
3130 2658 3249 2706 tuos
3271 2653 3579 2723 Supplicans
3621 2665 3810 2728 tange-

2213 2741 2315 2799 ret,
2335 2748 2439 2789 non
2468 2734 2630 2790 modo
2656 2736 2800 2793 illum
2824 2753 2929 2793 non
2952 2739 3188 2808 audires,
3207 2742 3301 2798 sed
3334 2745 3469 2813 pede
3490 2746 3807 2817 impeteres:

2212 2825 2482 2893 quomodo
2504 2826 2670 2884 audes
2697 2830 2777 2885 sic
2805 2830 2974 2886 Deum
3002 2832 3201 2889 adire?’
3217 2834 3347 2895 Nam
3377 2837 3550 2909 lingua
3580 2854 3774 2911 precan
3793 2871 3810 2882 -

2213 2917 2344 2972 tium
2379 2927 2463 2974 est
2490 2935 2702 2985 manus,
2731 2937 2795 2978 ac
2830 2939 2929 2994 per
2952 2939 3072 2980 eam
3115 2926 3205 2982 Dei
3236 2943 3411 2999 genua
3454 2932 3812 3002 apprehendi-

2212 3026 2355 3065 mns.
2375 3009 2455 3067 Ne
2494 3012 2673 3083 itaque
2700 3014 2845 3069 illam
2873 3017 3252 3087 commacules,
3277 3035 3345 3075 ne
3374 3021 3467 3077 tibi
3500 3023 3636 3078 dicat
3663 3023 3760 3079 ille
3788 3044 3805 3080 :

2213 3103 2276 3159 Si
2297 3104 2751 3174 ntnltiplt'caveritis
2772 3106 3197 3178 deprecationem,
3230 3127 3329 3165 non
3353 3115 3620 3167 exaudiam
3646 3114 3808 3187 (lani.

2213 3194 2398 3267 1.15).
2424 3196 2556 3251 Nam
2582 3196 2651 3252 In
2676 3215 2830 3252 innuit
2854 3200 3042 3270 lingua
3065 3202 3167 3255 vita
3195 3212 3242 3256 et
3256 3219 3391 3259 mors
3411 3216 3482 3258 est
3503 3204 3682 3277 (Prov.
3716 3209 3831 3271 18-

2211 3286 2272 3342 21
2304 3286 2359 3360 );
2391 3299 2445 3343 et
2470 3288 2556 3343 Ea:
2580 3292 2895 3345 sermonibus
2917 3292 3017 3345 tuis
3035 3294 3419 3363 justiﬁeaberis,
3442 3307 3590 3366 atque
3607 3315 3671 3353 ea;
3693 3316 3808 3355 ειν-

2211 3377 2441 3433 inanibus
2484 3379 2584 3435 tuis
2621 3380 3031 3435 condemnaberis
3065 3381 3297 3453 (Matth.
3343 3384 3431 3441 12.
3473 3387 3541 3443 ‘57
3565 3387 3606 3459 ).
3638 3388 3808 3461 Magis

2213 3469 2371 3537 igitur
2396 3486 2557 3541 quam
2596 3472 2851 3543 pupillam
2886 3473 3026 3528 oculi
3059 3474 3294 3547 linguam
3328 3486 3471 3532 utam
3510 3481 3808 3537 custodias.

2212 3563 2412 3634 Regius
2436 3563 2651 3635 quidam
2690 3581 2859 3637 equus
2887 3576 2973 3623 est
3017 3567 3218 3639 lingua.
3248 3569 3303 3626 Si
3334 3586 3462 3641 ergo
3488 3572 3562 3627 illi
3595 3572 3808 3630 frentuu

2212 3658 2522 3722 immiseris,
2547 3670 2604 3715 et
2626 3661 2890 3719 concinne
2920 3662 2999 3717 ire
3026 3662 3272 3719 docueris
3290 3706 3307 3731 ,
3327 3680 3421 3719 rex
3451 3664 3503 3720 in
3532 3666 3622 3720 illa
3649 3668 3811 3724 sede-

2212 3750 2291 3805 i-it
2315 3758 2371 3804 et
2394 3749 2667 3820 quiescet;
2699 3751 2785 3807 sin
2815 3751 3078 3809 infrenem
3109 3753 3225 3810 fieri
3257 3765 3311 3812 et
3324 3756 3515 3825 jactari
3549 3759 3810 3828 permise-

2211 3841 2308 3905 ris,
2349 3840 2545 3898 diaboli
2587 3852 2644 3898 et
2680 3842 2987 3900 daemonum
3032 3845 3338 3904 vehiculum
3382 3849 3505 3905 crit.
3549 3849 3632 3905 Tu
3675 3865 3807 3905 vero

2210 3935 2426 4007 quando
2447 3952 2569 3992 cum
2598 3953 2765 3996 uxore
2783 3939 3138 4009 concubuisti,
3166 3940 3310 4012 quod
3336 3957 3465 3998 sane
3491 3943 3647 4013 culpa
3674 3943 3807 4000 libe-

2211 4045 2327 4084 rum
2353 4038 2456 4097 est,
2487 4031 2693 4100 precari
2719 4046 2826 4087 non
2851 4031 3055 4098 audes;
3079 4043 3200 4101 post
3222 4032 3524 4089 convicium
3548 4042 3725 4090 autem
3749 4047 3807 4091 et

2208 4123 2585 4178 ctuttumeliam
2608 4164 2629 4187 .
2657 4138 2778 4193 qua:
2796 4123 3093 4194 gehennam
3118 4132 3417 4191 merentur,
3437 4136 3721 4196 antequam
3751 4137 3808 4187 te

2212 4216 2378 4285 probe
2402 4218 2732 4288 purgaveris,
2754 4217 2999 4275 extendis
3022 4232 3213 4273 mantis
3228 4218 3254 4272 ‘l
3276 4226 3332 4274 et
3356 4220 3807 4292 quomodo,qua:-

2209 4322 2291 4371 so,
2316 4323 2429 4363 non
2474 4306 2843 4376 perhorrescis
2859 4309 2884 4361 'l
2906 4308 3026 4364 Non
3050 4308 3246 4364 audisti
3273 4309 3494 4366 Paulum
3514 4310 3798 4375 dicentem,

2211 4400 2526 4456 Honorabile
2539 4402 2854 4473 conjuginm,
2882 4411 2931 4455 et
2959 4410 3099 4456 torus
3118 4402 3474 4458 inmaculatus
3500 4402 3802 4473 (Heln-.15.

2208 4496 2244 4549 4
2267 4495 2332 4565 )?
2364 4494 2420 4550 Si
2446 4503 2624 4550 autem
2651 4508 2720 4551 ex
2741 4493 3085 4548 immaculato
3118 4504 3237 4549 toro
3255 4509 3481 4565 surgens
3505 4511 3608 4549 non
3636 4495 3808 4553 audes

2208 4587 2277 4644 ad
2321 4588 2620 4644 cntionem
2663 4586 2946 4654 accedere,
2974 4602 3098 4642 cum
3143 4601 3209 4642 ex
3239 4598 3354 4642 toro
3396 4587 3664 4643 diabolico
3705 4590 3806 4654 sis,

2207 4697 2305 4737 cur
2371 4681 2630 4737 horribile
2698 4680 2827 4736 illud
2893 4662 3237 4752 terribileque
3299 4695 3496 4736 nomen
3555 4682 3810 4739 invocare

2208 4774 2412 4830 audes?
2454 4772 2658 4829 Diaboli
2686 4772 2885 4843 quippe
2912 4772 3083 4828 lectus
3117 4781 3202 4828 est
3241 4771 3295 4827 in
3338 4772 3595 4827 conviciis
3619 4781 3676 4829 et
3701 4787 3808 4844 0p-

2209 4866 2438 4938 probriis
2462 4865 2629 4921 lavari
2654 4864 2751 4936 (a).
2781 4866 2861 4921 Ac
2890 4865 3036 4920 velut
3057 4864 3386 4934 perniciosus
3409 4862 3625 4936 quidam
3652 4863 3808 4919 adul-

2206 4967 2294 5013 ter
2334 4955 2610 5013 iracundia
2664 4971 2767 5013 nos
2810 4970 2934 5012 cum
2986 4970 3178 5028 magna
3223 4955 3494 5028 voluptate
3556 4955 3762 5011 invadit
3788 4998 3805 5023 ,

2206 5051 2508 5121 pernicillsa
2550 5051 2605 5106 in
2654 5049 2811 5107 nobis
2853 5049 3061 5120 jaciens
3115 5049 3358 5117 semina,
3404 5056 3462 5104 et
3512 5046 3807 5105 diabolicas

2204 5143 2431 5213 gignens
2458 5141 2786 5204 inimicitias,
2809 5156 2872 5197 ac
2894 5150 3082 5196 contra
3108 5139 3433 5195 connubium
3450 5139 3627 5195 omnia
3650 5139 3802 5194 facit.

2206 5236 2339 5291 Nam
2364 5235 2672 5305 coniugium
2720 5233 2771 5288 id
2814 5232 2943 5289 facit
2987 5242 3046 5287 ut
3091 5233 3198 5288 duo
3225 5233 3332 5287 sint
3371 5246 3498 5287 caro
3537 5245 3674 5296 una;
3721 5230 3800 5283 ira

2203 5344 2335 5386 vero
2358 5329 2564 5400 eosqui
2603 5327 2772 5399 juncti
2813 5335 2938 5382 sunt
2963 5325 3018 5379 in
3054 5335 3236 5395 partes
3268 5323 3493 5386 dividit,
3521 5323 3802 5392 ipsamque

2205 5420 2440 5476 animam
2482 5420 2680 5476 scindit
2723 5426 2780 5474 et
2834 5417 3054 5472 lacerat.
3098 5414 3167 5472 Ut
3204 5416 3385 5485 itaque
3427 5430 3550 5469 cum
3607 5412 3800 5469 fiducia

2205 5511 2374 5567 Deum
2411 5510 2593 5574 adeas,
2637 5511 2769 5565 iram
2801 5516 2857 5564 te
2891 5507 3231 5563 inradentem
3261 5521 3329 5561 ne
3374 5505 3624 5560 admittas
3645 5544 3661 5569 ,
3702 5504 3798 5561 scd

2202 5602 2356 5674 quasi
2382 5599 2626 5657 rabidum
2650 5614 2838 5655 canem
2868 5597 3098 5672 depelle.
3130 5595 3262 5652 Illud
3290 5596 3431 5651 enim
3455 5594 3648 5651 Paulus
3678 5591 3799 5664 jus-

3701 5687 3775 5718 νδ

2216 5784 2228 5795 _
2272 5724 2483 5795 (n)_Non_
2505 5725 2649 5795 video
2670 5726 2846 5779 horum
2871 5730 3257 5779 consonantiam.
3282 5753 3340 5762 --
3368 5725 3502 5777 Vidit
3523 5727 3685 5790 Fisld,
3704 5736 3798 5776 cu-

2195 5785 2291 5854 ,ἰωή
2315 5785 2388 5854 of.
2406 5785 2580 5841 Λάκαι.
2609 5789 2744 5839 Eorr.
