4102 6440
403 311 505 369 517

403 427 602 500 σχύνῃς
627 427 728 500 την
771 428 1050 498 γλῶτταν·
1109 431 1231 484 ἐπεὶ
1264 433 1383 496 πῶς
1421 435 1561 507 ὑπὲρ
1593 437 1687 490 σοῦ
1720 437 2064 508 δεηθήσεται,

393 514 524 566 ὅταν
549 515 650 584 τὴν
702 518 908 570 οἰκείαν
957 519 1265 589 παρρησίαν
1298 521 1570 594 ἀπολέσῃς
1599 525 1735 579 ἀλλὰ
1790 525 2070 595 κόσμησον

394 601 566 672 αὐτὴν
611 604 898 674 ἐπιεικείᾳ,
952 608 1451 680 ταπεινοφωσύνῃ·
1500 612 1727 681 ποίησον
1760 611 1918 676 ἀξίαν
1974 612 2068 665 τοῦ

396 689 885 760 παρακαλουμένου
909 693 1044 745 Θεοῦ
1065 711 1078 723 ο
1115 695 1360 764 εὐλογίας
1397 699 1567 770 αὐτὴν
1588 699 1888 771 ἔμπλησον,
1915 701 2070 769 ἐλεη-

400 773 640 844 μοσύνης
665 777 884 849 πολλῆς.
917 780 1075 833 Ἐστι
1096 781 1206 854 γάρ
1233 785 1328 836 καὶ
1359 785 1448 839 διὰ
1480 786 1743 858 ῥημάτων
1769 787 2069 857 ἐλεημοσύ-

396 877 496 930 νην
523 866 717 917 ποιεῖν.
751 865 1032 933 Κρεῖττον
1063 868 1172 939 γάρ
1196 872 1399 939 λόγος,
1422 871 1462 941 ἢ
1495 873 1669 939 δόσις
1693 889 1708 904 ο
1740 874 1854 938 καὶ,
1900 875 2065 928 Ἀπο-

395 947 630 1015 κρίθητι
669 949 748 1015 τῷ
797 951 1011 1020 πτωχῷ
1042 955 1112 1008 ἐν
1157 959 1445 1025 πραΰτητι
1493 960 1783 1027 εἰρηνικά.
1832 961 1943 1014 Καὶ
1975 961 2066 1014 τὸν

393 1034 553 1088 ἄλλον
579 1036 637 1089 δὲ
663 1037 877 1091 ἅπαντα
894 1041 1086 1110 χρόνον
1115 1046 1180 1113 τῇ
1220 1045 1469 1117 διηγήσει
1514 1047 1622 1100 τῶν
1661 1047 1820 1102 θείων
1855 1048 2067 1102 καλλώο

393 1120 518 1186 πιζε
541 1124 739 1192 νόμων.
772 1126 948 1180 Πᾶσα
979 1129 1089 1199 γάρ
1110 1132 1149 1198 ἠ
1179 1130 1464 1202 διήγησις
1492 1148 1610 1188 σου
1628 1135 1786 1188 ἔστω
1805 1136 1876 1189 ἐν
1904 1137 2067 1203 νόμῳ

404 1207 720 1276 Ὑψίστου.
749 1211 940 1278 Οὐτως
971 1217 1199 1280 ἑαυτοὺς
1224 1222 1601 1292 κοσμήσαντες
1633 1222 2065 1294 προσερχώμεθα

389 1294 470 1365 τῷ
500 1295 740 1362 Βασιλεῖ,
783 1303 876 1354 καὶ
906 1303 1194 1374 πίπτωμεν
1239 1307 1331 1360 ἐπὶ
1360 1309 1584 1376 γόνατα,
1635 1310 1710 1380 μὴ
1739 1310 1819 1380 τῷ
1850 1311 2062 1382 σώματι

393 1385 573 1453 μόνον,
606 1387 740 1440 ἀλλά
769 1390 861 1444 καὶ
881 1394 946 1463 τῇ
977 1391 1201 1464 διανοίᾳ.
1247 1395 1619 1468 Ἐννοήσωμεν
1639 1399 1743 1450 τίνι
1770 1400 2061 1469 πρόσιμεν,

387 1472 485 1558 καὶ
499 1473 639 1546 ὑπὲρ
659 1477 838 1542 τίνων,
871 1481 963 1533 καὶ
981 1480 1032 1532 τί
1054 1482 1361 1552 βουλόμενοι
1387 1485 1600 1540 ἀνύσαι.
1633 1485 1752 1557 Θεῷ
1771 1488 2062 1558 πρόσιμεν,

386 1557 448 1611 ὃν
479 1564 548 1614 τά
585 1563 836 1634 Σεραφῖμ
878 1567 1051 1621 ἰδόντα
1076 1571 1174 1633 τὰς
1201 1570 1354 1640 ὄψεις
1395 1573 1736 1643 ἀπέστρεψεν
1763 1575 1829 1640 ⁹⁹,
1861 1575 1922 1628 οὐ
1944 1557 2059 1643 ἀφέ-

390 1661 557 1715 ροντα
583 1649 683 1719 τὴν
713 1649 1036 1723 λαμπηδόνα
1061 1673 1076 1686 ·
1129 1656 1188 1708 ὃν
1217 1659 1248 1728 ή
1294 1661 1364 1729 γῆ
1399 1658 1672 1727 βλέπουσα
1695 1661 1906 1731 τρέμει.
1940 1658 2058 1729 Θεῷ

389 1735 682 1804 πρόσιμεν,
733 1738 812 1808 τῷ
856 1740 969 1808 φῶς
1001 1742 1236 1797 οἰκοῦντι
1289 1747 1599 1816 ἀπρόσιτον.
1639 1749 1746 1801 Καὶ
1796 1747 2061 1818 πρόσιμεν

389 1821 533 1893 ὑπὲρ
560 1825 784 1898 γεέννης
803 1829 1141 1903 ἀπαλλαγῆς,
1177 1833 1318 1904 ὑπὲρ
1346 1835 1758 1906 ἁμαρτημάτων
1791 1835 2058 1905 ἀφέσεως,

389 1908 531 1982 ὑπὲρ
547 1911 642 1964 τοῦ
671 1912 896 1984 λυθῆναι
924 1915 1023 1981 τὰς
1048 1919 1354 1992 ἀφορήτους
1375 1924 1506 1993 ήμίν
1527 1922 1796 1992 τιμωρίας
1823 1922 2056 1988 ἐκείνας,

388 1997 528 2068 ὑπὲρ
567 1999 661 2053 τοῦ
705 2001 814 2055 τῶν
848 2004 1094 2074 οὐρανῶν
1134 2007 1318 2078 τυχεῖν
1359 2011 1456 2063 καὶ
1494 2010 1647 2063 τῶνι
1699 2009 1922 2078 ἀγαθῶν
1951 2009 2060 2065 τῶν

387 2085 526 2138 ἐκεῖ.

459 2179 536 2238 ς’.
563 2176 968 2248 Προσπέσωμεν
999 2180 1178 2235 τοίνυν
1207 2182 1303 2236 καὶ
1341 2181 1418 2252 τῷ
1452 2182 1666 2254 σώματι
1714 2185 1809 2237 καὶ
1842 2185 1908 2254 τῇ
1944 2183 2061 2236 δια-

385 2263 521 2334 νοίᾳ,
552 2265 639 2318 ῖνα
667 2266 828 2330 αὐτὸς
847 2269 996 2338 ἡμᾶς
1022 2271 1042 2302 ³
1059 2271 1338 2346 ἀναστήσῃ
1374 2275 1660 2343 κειμένους
1685 2291 1698 2304 ·
1727 2273 1864 2342 μετὰ
1889 2274 2062 2326 ἐπιει-

385 2350 540 2414 κείας
567 2351 938 2423 διαλεχθῶμεν
967 2357 1060 2408 καὶ
1091 2358 1398 2429 πραότητος
1439 2359 1678 2429 ἁπάσης.
1717 2360 1828 2412 Καὶ
1849 2359 1936 2422 τίς
1971 2357 2064 2411 οὐ·

385 2453 492 2500 τως
519 2439 722 2505 ἄθλιος,
759 2443 915 2512 φησὶ,
950 2445 1045 2496 καὶ
1073 2445 1450 2516 ταλαίπωρος,
1491 2447 1566 2509 ὡς
1591 2448 1650 2499 ἐν
1681 2447 1814 2517 εὐχῇ
1863 2447 1939 2518 μὴ
1965 2462 2063 2515 γε·

384 2526 573 2580 νέσθαι
618 2530 910 2602 ἐπιεικής;
959 2532 1017 2584 Ὀ
1065 2533 1206 2602 μετά
1245 2535 1387 2605 ἀρᾶς
1420 2535 1732 2605 εὐχόμενος,
1764 2536 1858 2588 καὶ
1885 2532 2062 2604 θυμοῦ

384 2615 614 2687 πληρῶν
647 2617 860 2684 ἐαυτὸν,
903 2620 998 2673 καὶ
1041 2621 1149 2674 τῶν
1193 2621 1404 2694 ἐχθρῶν
1455 2623 1760 2676 καταϐοῶν.
1800 2622 1864 2675 Ei
1902 2622 2012 2694 γὰρ
2038 2620 2063 2654 ³

385 2702 566 2772 βούλει
597 2709 944 2778 κατηγορεῖν,
984 2709 1182 2762 σαυτοῦ
1229 2710 1544 2782 κατηγόρει.
1581 2710 1732 2782 [5‘28]
1783 2711 1844 2764 Εί
1881 2710 2061 2780 βούλει

384 2795 485 2866 τὴν
515 2795 764 2864 γλῶτταν
795 2799 995 2869 ἀκονᾷν
1026 2801 1119 2854 καὶ
1145 2800 1354 2871 θήγειν,
1378 2801 1519 2856 κατά
1538 2803 1646 2856 τῶν
1677 2803 1786 2856 σῶν
1805 2804 2060 2876 ἁμαρτη-

386 2882 596 2952 μάτων.
644 2886 754 2940 Καὶ
785 2885 860 2957 μὴ
905 2887 956 2940 τί
1005 2887 1192 2959 ἐτερός
1227 2905 1286 2942 σε
1337 2890 1632 2959 είργάσατο
1670 2890 1838 2944 κακὸν
1871 2890 2056 2962 εἴπης,

383 2969 521 3024 ἀλλά
563 2971 619 3025 τί
649 2974 712 3025 σύ
747 2974 944 3027 σαυτδν
997 2976 1239 3045 εἰργάσω
1261 2993 1275 3008 ·
1327 2977 1486 3032 τοῦτο
1519 2979 1627 3050 γὰρ
1675 2979 1915 3049 μάλιστά
1944 2982 2060 3033 ἐστι

383 3061 576 3114 κακόν.
622 3061 756 3114 Οὐδὲ
787 3061 894 3133 γάρ
925 3063 1112 3135 ἕτερός
1139 3065 1198 3118 σέ
1227 3081 1309 3129 τις
1341 3067 1597 3137 ἀδικῆσαι
1635 3068 1923 3139 δυνήσεται
1948 3110 1962 3133 ,
1991 3067 2060 3122 ἀν

387 3145 465 3218 μὴ
502 3147 566 3200 σὺ
602 3148 798 3201 σαυτὸν
846 3149 1062 3221 ἀδικῇς.
1110 3151 1270 3204 Ὥστε
1311 3154 1358 3205 εί
1401 3153 1541 3206 κατά
1574 3155 1680 3206 τῶν
1731 3154 2062 3208 ἀδικούντων

383 3233 636 3302 γενέσθαι
657 3235 854 3304 βούλει,
889 3237 1028 3291 κατὰ
1062 3239 1259 3293 σαυτοῦ
1297 3241 1560 3312 πρόσελθε
1609 3242 1856 3312 πρῶτον·
1885 3241 2062 3307 οὐδεὶς

383 3323 414 3375 6
441 3322 664 3376 κωλύων
686 3340 699 3354 ·
724 3323 800 3388 ὡς
836 3323 903 3379 ἂν
942 3326 1084 3380 κατὰ
1116 3328 1307 3398 ἑτέρου
1353 3329 1677 3401 προσέλθῃς,
1707 3328 1931 3400 μείζονα
1953 3329 2064 3384 ἀδι-

385 3411 572 3483 κηθεὶς
597 3414 862 3486 ἀπῆλθες.
891 3417 1026 3470 Τίνα
1052 3416 1109 3469 δὲ
1129 3418 1267 3482 ὅλως
1305 3419 1401 3472 καὶ
1429 3419 1645 3472 ἀδικίαν
1674 3420 1818 3490 ἔχεις
1843 3421 2063 3490 είπεῖνῖ

385 3501 510 3556 Ὀτι
541 3503 569 3554 6
597 3500 746 3555 δεῖνα
781 3501 993 3573 ὕϐρισε,
1022 3504 1116 3558 καὶ
1165 3505 1380 3576 ἥρπασε
1403 3547 1418 3573 ,
1457 3506 1551 3560 καὶ
1583 3507 1851 3571 κινδύνοις
1906 3524 2064 3580 περι-

385 3589 614 3654 έϐαλεν;
650 3589 809 3643 Ἀλλά
831 3591 988 3644 τοῦτο
1015 3592 1115 3645 οὐκ
1147 3593 1295 3646 ἐστιν
1326 3593 1637 3663 ἠδικῆσθαι,
1685 3596 1802 3649 ἀλλ’
1843 3596 1938 3650 ἐὰν
1964 3598 2063 3668 νή-

386 3694 597 3746 φωμεν,
628 3678 720 3731 καὶ
757 3678 1084 3749 ὠφελεῖσθαι
1113 3681 1182 3734 τὰ
1208 3681 1460 3751 μέγιστα.
1506 3684 1564 3737 ’0
1595 3685 1700 3752 γάρ
1732 3686 2065 3756 ἠδικημένος

383 3765 415 3817 6
445 3765 514 3818 τὰ
537 3760 758 3820 τοιαῦτα
787 3766 808 3798 ⁸
840 3769 1075 3838 ποιήσας
1101 3772 1248 3823 ἐστὶν
1270 3812 1284 3831 ,
1327 3772 1425 3842 οὐχ
1455 3774 1484 3825 6
1530 3771 1734 3826 παθών.
1771 3775 1880 3826 Καὶ
1907 3773 2066 3826 τοῦτο

388 3853 626 3924 μάλιστά
678 3857 796 3908 ἐστι
848 3855 914 3909 τὸ
963 3857 1181 3911 πάντων
1210 3859 1383 3912 αἴτιον
1437 3859 1547 3912 τῶν
1581 3859 1789 3925 κακῶν,
1823 3861 1903 3913 ὃτι
1941 3859 2064 3913 οὐδέ

383 3941 544 4013 ἴσμεν
571 3945 654 4008 τίς
705 3945 838 3998 ποτέ
883 3948 1032 4000 ἐστιν
1065 3948 1094 3999 6
1122 3948 1496 4019 ἀδικούμενος,
1550 3953 1644 4003 καὶ
1669 3951 1754 4013 τίς
1781 3951 1810 4002 6
1837 3948 2061 4002 ἀδικῶν.

395 4029 486 4095 Ὠς
517 4032 567 4086 εί
593 4031 751 4086 τοῦτο
775 4033 996 4106 ᾔδειμεν
1025 4035 1225 4100 καλῶς,
1251 4040 1352 4090 οὐκ
1384 4038 1448 4090 ἀν
1471 4037 1698 4100 ἑαυτούς
1728 4055 1858 4091 ποτε
1879 4037 2065 4108 ἠδική-

386 4137 582 4191 σαμεν,
600 4120 701 4174 οὐκ
728 4121 794 4176 ἂν
822 4122 941 4175 καθ’
966 4124 1154 4194 ἑτέρου
1180 4123 1488 4195 ηὐξάμεθα,
1523 4126 1788 4194 μαθόντες
1816 4126 1898 4178 ὅτι
1929 4125 2062 4194 παρ’

385 4209 575 4279 ἐτέρου
598 4209 860 4264 ἀδύνατον
883 4211 1075 4265 παθεῖν
1097 4213 1300 4275 κακῶς.
1330 4214 1466 4265 Οὐδὲ
1485 4213 1594 4282 γὰρ
1612 4213 1672 4266 τδ
1695 4212 2060 4285 ἁρπάζεσθαι,

385 4295 524 4349 ἀλλά
539 4296 600 4349 τὸ
629 4297 894 4368 ἁρπάζειν
923 4297 1114 4353 κακόν.
1143 4299 1304 4352 Ὥστε
1327 4302 1375 4353 εί
1399 4301 1498 4370 μὲν
1525 4301 1802 4371 ἥρπασας,
1822 4302 2063 4372 κατηγό-

390 4400 476 4454 ρει
508 4383 734 4462 σαυτοῦς
760 4386 807 4437 εί
835 4385 892 4438 δὲ
923 4385 1204 4458 ήρπάγης,
1227 4387 1323 4441 καὶ
1343 4387 1504 4457 εὔχου
1533 4389 1675 4461 ὑπὲρ
1705 4389 1799 4443 τοῦ
1824 4391 2066 4462 ήρπακό-

386 4484 499 4533 τος,
533 4470 617 4523 ὅτι
644 4486 703 4522 σε
735 4469 804 4524 τά
839 4469 1074 4542 μέγιστα
1106 4471 1333 4543 ὤνησεν.
1371 4475 1436 4527 Εἰ
1463 4475 1571 4547 γάρ
1607 4477 1700 4529 καὶ
1735 4476 1810 4547 μὴ
1839 4476 2062 4550 τοιαύτη

1304 317 1588 378 1οᾹΝΝ15
1625 319 2114 379 CllllYSOSTOMl
2151 323 2468 381 ARCHIEP.
2511 322 3049 381 (IONSTANTINOP.

3727 323 3841 379 διε

2168 442 2201 513 ή
2229 441 2422 512 γνώμη
2461 439 2558 494 τοῦ
2595 441 2976 510 πεποιηκότος,
3010 436 3148 493 ἀλλά
3176 436 3241 491 σὺ
3268 437 3336 491 τά
3377 438 3610 510 μέγιστα
3626 437 3846 508 ὠφελή-

2169 529 2292 600 θης,
2325 529 2393 582 ἂν
2418 528 2684 596 γενναίως
2709 527 2958 600 ἐνέγκῃς.
3005 526 3243 580 Ἐκεῖνον
3279 524 3378 596 μὲν
3404 525 3513 597 γάρ
3545 528 3638 580 καὶ
3667 526 3717 578 οἱ
3747 524 3846 578 ἀνι

2169 615 2375 686 θρωποι
2404 617 2494 669 καὶ
2521 617 2570 669 οί
2594 616 2725 669 θεῖοι
2747 614 3091 678 ταλανίζουσι
3115 612 3268 682 νόμοι
3288 627 3302 640 ·
3357 612 3416 665 σέ
3449 612 3506 666 δὲ
3528 613 3616 666 τὸν
3645 612 3842 682 ἠδικη-

2171 703 2331 771 μένον
2360 705 2452 771 καὶ
2480 701 2800 771 στεφανοῦσι
2831 701 2924 754 καὶ
2951 699 3441 770 ἀνακηρύττουσιν.
3477 699 3614 753 Οὐδέ
3651 698 3763 768 γάρ
3794 698 3846 750 εἰ

2169 791 2454 862 πυρέττων
2480 808 2564 854 τις
2588 792 2805 862 ἥρπασε
2830 789 2982 859 παρά
3003 805 3148 851 τινος
3170 788 3392 855 ἀγγεῖον
3417 785 3560 858 ὕδωρ
3582 785 3724 858 ἔχον,
3747 784 3849 838 καὶ

2167 882 2466 954 ἑνεφορήθη
2513 883 2612 951 τῆς
2640 879 2910 950 βλαϐερᾶς
2950 877 3267 948 ἐπιθυμίας,
3298 877 3386 930 τὸν
3421 875 3739 945 ἁρπαγέντα
3764 873 3848 926 εῖ-
3929 931 3936 937 _

2169 988 2365 1041 ποιμεν
2421 969 2487 1022 ἂν
2538 967 2849 1038 ἠδικῆσθαι,
2889 965 3024 1019 ἀλλά
3078 967 3170 1019 τὸν
3218 965 3576 1036 ἁρπάσαντα·
3614 963 3704 1015 τὸν
3730 960 3848 1030 γάρ

2167 1059 2400 1130 πυρετὸν
2439 1056 2666 1129 ηὔξησε,
2716 1056 2810 1108 καὶ
2855 1054 2955 1125 τὴν
2985 1055 3140 1108 νόσον
3173 1052 3563 1124 χαλεπωτέραν
3594 1049 3841 1119 ἐποίησε.

2167 1148 2338 1202 Τοῦτο
2365 1146 2542 1200 τοίνυν
2571 1145 2664 1197 καὶ
2687 1144 2779 1196 ἐπὶ
2801 1142 2895 1196 τοῦ
2930 1142 3339 1212 φιλοχρημάτου
3381 1139 3476 1192 καὶ¹
3501 1134 3844 1207 φιλαργύρου

2165 1233 2382 1304 λογίζου
2400 1234 2454 1295 ,⁸.
2485 1232 2598 1287 Καὶ
2625 1231 2734 1302 γάρ
2759 1225 2912 1294 οὗτος
2942 1230 3228 1301 πυρέττων
3249 1226 3428 1297 πολλῷ
3461 1224 3845 1296 χαλεπώτερον

2165 1326 2398 1390 ἐκείνου,
2419 1323 2510 1377 διὰ
2531 1323 2631 1392 τῆς
2649 1320 2909 1392 ἁρπαγῆς
2948 1318 3154 1388 ταύτης
3181 1317 3279 1388 τὴν
3323 1315 3501 1385 φλόγα
3537 1313 3712 1382 ἀνῆψε
3744 1311 3847 1382 τὴν

2165 1413 2383 1468 ἐαυτοῦ.
2419 1411 2529 1465 Καὶ
2557 1409 2710 1478 ξίφος
2740 1409 2798 1462 δὲ
2823 1409 2876 1461 εί
2904 1425 2991 1470 τις
3035 1405 3359 1477 μαινόμενος
3407 1402 3660 1474 ἁρπάσας
3709 1399 3845 1469 παρ’

2164 1499 2386 1556 ὁτουοῦν
2414 1499 2603 1552 ἑαυτὸν
2633 1496 2993 1568 διεχειρίσατο
3019 1497 3059 1560 ⁸,
3099 1494 3183 1555 τίς
3220 1491 3287 1564 ἦν
3312 1495 3340 1545 6
3373 1489 3699 1561 ἠδικημένος
3733 1486 3847 1540 πά-

2164 1591 2248 1643 λιν
2274 1605 2288 1652 ;
2311 1590 2340 1641 6
2367 1585 2660 1658 ἁρπαγεὶς,
2685 1585 2718 1655 ἦ
2748 1584 2777 1635 6
2799 1583 3054 1654 ἀρπάσας
3077 1599 3092 1648 ;
3130 1579 3367 1650 Εὔδηλον
3396 1581 3479 1632 ὅτι
3511 1580 3540 1631 6
3563 1575 3843 1648 ἀρπάσας.

2164 1677 2374 1732 Οὐκοῦν
2418 1676 2512 1728 καὶ
2566 1674 2659 1726 ἐπὶ
2702 1673 2800 1741 τῆς
2831 1669 3276 1740 τῶνχρημάτων
3309 1665 3566 1738 ἁρπαγῆς
3617 1661 3679 1716 τὸ
3710 1659 3845 1715 αὐτὸ

2162 1765 2321 1819 τοῦτο
2346 1760 2737 1834 ψηφιζὼμεθα.
2772 1761 2947 1828 Ὅπερ
2974 1758 3084 1828 γάρ
3114 1755 3428 1826 μαινομένῳ
3473 1751 3645 1821 ξίφος,
3679 1749 3845 1803 τοῦτο

2163 1854 2258 1907 καὶ
2301 1849 2623 1922 φιλαργύρῳ
2672 1846 2932 1910 πλοῦτος·
2976 1843 3180 1915 μᾶλλον
3223 1842 3281 1897 δὲ
3315 1842 3409 1895 καὶ
3435 1839 3840 1911 χαλεπώτερον.

2171 1942 2234 1995 Ὀ
2267 1941 2365 2012 μὲν
2397 1939 2507 2009 γὰρ
2539 1937 2883 2007 μαινόμενος,
2907 1933 2967 1986 τὸ
3002 1932 3156 2001 ξίφος
3173 1928 3354 1984 λαϐὼν
3381 1929 3476 1982 καλ⁸
3519 1927 3745 1997 ὼθήσας
3773 1925 3843 1978 δι’

2161 2026 2380 2092 ἐαυτοῦ,
2412 2027 2511 2097 τῆς
2539 2042 2598 2078 τε
2634 2022 2833 2092 μανίας
2869 2020 3184 2090 ἀπηλλάγη,
3221 2018 3316 2072 καὶ⁵
3345 2015 3532 2070 οὐκέτι
3579 2012 3843 2083 δευτέραν

2160 2116 2429 2189 λαμϐάνει
2469 2114 2714 2183 πληγήν·
2748 2111 2777 2164 6
2807 2109 2866 2163 δὲ
2912 2107 3249 2178 φιλάργυρος
3281 2103 3452 2174 μυρία
3480 2098 3844 2189 χαλεπώτερα

2161 2187 2372 2260 ἐκείνου
2395 2199 2686 2274 τραύματα
2715 2196 2837 2250 καθ’
2863 2194 3100 2265 ἑκάστην
3120 2193 3335 2263 δέχεται
3361 2190 3461 2260 τὴν
3479 2187 3716 2260 ἡμέραν,
3738 2187 3844 2274 οὐκ

2162 2272 2521 2346 ἀπαλλάττων
2551 2287 2652 2356 τῆς
2698 2284 2891 2356 μανίας
2927 2281 3141 2344 ἑαυτὸν,
3187 2279 3301 2335 ἀλλ’
3333 2277 3616 2331 ἐπιτείνων
3650 2272 3842 2344 μειζό-

2162 2396 2269 2442 νως
2287 2393 2301 2408 ·
2331 2376 2427 2430 καὶ
2455 2377 2673 2446 ὅσῳπερ
2712 2373 2778 2426 ἀν
2806 2371 2948 2444 λάϐῃ
2977 2369 3199 2424 πλείονα
3241 2365 3551 2439 τραύματα,
3597 2361 3844 2432 τοσούτῳ

2167 2465 2369 2538 μᾶλλον
2398 2462 2654 2517 ὑπόθεσιν
2677 2459 2894 2531 ἑτέραις
2927 2460 2946 2489 "
2982 2457 3212 2527 παρέχει
3251 2455 3489 2524 πληγαῖς
3532 2449 3845 2538 χαλεπωτέ-

2164 2536 2310 2624 ραις.
2344 2551 2508 2605 Ταῦτ’
2553 2545 2646 2603 οὖν
2691 2546 3019 2609 ἐννοοῦντες,
3065 2543 3328 2614 φύγωμεν
3360 2541 3512 2595 τουτὶ
3557 2539 3618 2593 τὸ
3661 2536 3841 2608 ξίφος,

2163 2642 2424 2712 φύγωμεν
2473 2638 2570 2710 τὴν
2624 2636 2841 2708 μανίαν,
2874 2634 2980 2688 κᾶν
3011 2634 3034 2665 ⁸
3063 2631 3163 2702 ὀψέ
3211 2647 3341 2684 ποτε
3372 2629 3838 2700 σωφρονήσωμεν.

2163 2730 2272 2784 Καὶ
2303 2727 2412 2800 γὰρ
2437 2727 2533 2780 καὶ
2555 2725 2761 2795 ταύτην
2789 2723 2888 2795 τήν
2921 2721 3120 2793 ἀρετὴν
3147 2717 3504 2790 σωφροσύνην
3527 2717 3607 2768 δεῖ
3628 2714 3841 2776 καλεῖν,

2161 2817 2260 2887 οὐχ
2289 2811 2453 2888 ἧττον
2476 2813 2689 2883 ἐκείνης
2722 2813 2822 2882 τῆς
2864 2809 3016 2882 παρὰ
3049 2809 3185 2862 πᾶσι
3231 2805 3646 2876 νενομισμένης.
3691 2801 3845 2856 Ἐκεῖ

2166 2903 2267 2974 μὲν
2303 2903 2412 2973 γὰρ
2443 2901 2580 2972 πρὸς
2609 2900 2739 2969 μίαν
2773 2896 3070 2968 ἐπιθυμίας
3095 2893 3387 2965 τυραννίδα
3433 2894 3468 2963 ή
3497 2889 3644 2960 πάλη
3686 2888 3841 2957 τίνι-

2162 3009 2251 3043 ται
2269 3006 2280 3018 ·
2313 2989 2550 3042 ἐνταῦθα
2577 2987 2633 3041 δέ
2658 2985 2868 3039 πολλῶν
2894 2985 2990 3038 καὶ
3023 2981 3381 3036 παντοδαπῶν
3412 2977 3722 3048 ἐπιθυμιῶν
3745 2992 3842 3030 πε-

2163 3077 2466 3151 ριγίνεσθαι
2503 3075 2600 3128 δεῖ.
2653 3073 2820 3127 Οὐδὲν
2861 3071 3013 3144 [529]
3058 3071 3197 3141 γάρ,
3241 3067 3393 3122 οὐδὲν
3440 3065 3842 3136 ἀφρονέστερον

2159 3164 2254 3219 τοῦ
2282 3164 2585 3236 χρημάτων
2606 3162 2816 3216 δούλου.
2847 3161 3006 3214 Δοκεῖ
3039 3160 3282 3230 κρατεῖν,
3310 3154 3711 3226 κρατούμενοςο
3752 3152 3841 3205 δο-

2161 3258 2248 3308 κεῖ
2267 3254 2456 3324 κύριος
2487 3249 2647 3314 εἶναι,
2665 3249 2851 3313 δοῦλος
2873 3248 2948 3303 ὥν
2969 3265 2982 3278 ·
3010 3248 3101 3301 καὶ
3119 3244 3294 3316 δεσμά
3316 3241 3611 3315 περιτιθεὶς
3633 3238 3839 3311 ἐαυτῷ,

2161 3341 2344 3413 χαίρει
2365 3357 2378 3369 ⁸
2408 3336 2790 3410 χαλεπώτερον
2823 3334 2884 3387 τδ
2907 3333 3094 3405 θηρίον
3118 3330 3488 3402 ἐργαζόμενος
3506 3367 3521 3392 ,
3553 3325 3844 3413 εὐφραίνε-

2161 3412 2250 3484 ται
2271 3445 2283 3458 ’
2324 3429 2420 3482 καὶ
2451 3423 2803 3498 αἰχμάλωτος
2853 3422 3158 3492 γινόμενος,
3193 3417 3490 3487 ἀγάλλεται
3520 3414 3614 3468 καὶ
3660 3412 3839 3483 πηδᾷ*

2161 3515 2260 3572 καὶ
2297 3514 2439 3586 ὁρῶν
2470 3513 2609 3566 κύνα
2656 3508 2934 3564 λυττῶντα
2988 3508 3083 3561 καὶ⁵
3135 3505 3499 3577 ἐφαλλόμενον
3550 3498 3720 3555 αὐτοῦ
3772 3501 3840 3569 τῇ

2160 3604 2332 3676 ψυχῇ,
2363 3602 2524 3673 δῆσαι
2561 3601 2680 3654 δέον
2709 3599 2804 3653 καὶ⁸
2835 3597 2980 3669 λιμῷ
3005 3593 3189 3666 τῆξαι,
3226 3597 3255 3649 6
3283 3593 3339 3647 δὲ
3367 3593 3460 3647 καὶ
3481 3592 3579 3624 ⁸⁸⁸⁵
3607 3589 3842 3658 ἄφθονον

2164 3692 2318 3762 αὐτῷ
2346 3691 2578 3762 παρέχει
2603 3688 2832 3759 τροφὴν,
2866 3687 2955 3740 ῖνα
2987 3683 3249 3756 μειζόνως
3278 3681 3579 3752 ἐφάλληται
3613 3680 3707 3731 καὶ
3742 3695 3842 3747 φο-

2164 3778 2469 3851 ϐερώτερος
2497 3777 2536 3808 “
2656 3775 2700 3828 Τ
2702 3773 2842 3828 αῦτα
2866 3769 2959 3827 οῦν
2989 3773 3203 3827 ἃπαντα
3226 3768 3554 3830 ἐννοοῦντες,
3586 3764 3842 3834 λύσωμεν

2163 3869 2232 3922 τά
2266 3865 2463 3935 δεσμά,
2493 3863 2771 3934 ἀνέλωμεν
2798 3861 2860 3914 τὸ
2888 3859 3098 3931 θηρίον,
3138 3858 3501 3925 ἀπελάσωμεν
3534 3853 3633 3920 τὴν
3661 3851 3840 3918 νόσον,

2164 3954 2483 4025 ἐκϐάλωμεν
2524 3952 2624 4024 τὴν
2665 3951 2860 4022 μανίαν
2899 3948 3104 4018 ταύτην
3127 3987 3143 4012 ,
3193 3945 3280 3999 ἴνα
3306 3944 3548 4014 γαλήνης
3595 3937 3840 3994 ἀπολαύ-

2166 4060 2349 4116 σωμεν
2373 4040 2468 4096 καὶ
2493 4039 2704 4109 ὑγιείας
2729 4039 2995 4112 καθαρᾶς,
3026 4036 3122 4089 καὶ
3143 4033 3282 4106 μετά
3301 4030 3504 4100 πολλῆς
3525 4031 3625 4100 τῆς
3647 4025 3844 4098 ἡδονῆς

2165 4134 2246 4194 είς
2269 4132 2360 4186 τὸν
2387 4129 2560 4184 εῦδιον
2588 4127 3066 4189 καταπλεύσαντες
3087 4124 3301 4195 λιμένα,
3330 4121 3440 4175 τῶν
3466 4118 3698 4174 αἰωνίων
3721 4121 3843 4170 ἑπι-

2165 4221 2420 4292 τύχωμεν
2448 4216 2669 4287 ἀγαθῶν
2689 4234 2704 4251 ο
2738 4210 2813 4270 ὧν
2842 4215 3053 4284 γένοιτο
3100 4213 3312 4275 πάντας
3350 4210 3499 4281 ἡμᾶς
3529 4207 3839 4276 ἐπιτυχεῖν,

2167 4311 2350 4380 χάριτι
2374 4308 2466 4360 καὶ
2495 4304 2877 4379 φιλανθρωπίᾳ
2909 4303 3003 4355 τοῦ
3039 4301 3244 4370 Κυρίου
3274 4298 3432 4369 ἡμῶν
3486 4292 3661 4366 Ἰησοῦ
3703 4294 3842 4362 Χρι-

2169 4395 2327 4460 στοῦ,
2347 4389 2391 4463 ᾧ
2411 4396 2445 4467 ή
2468 4394 2593 4461 δόξα
2625 4394 2720 4447 καὶ
2746 4392 2808 4446 τὸ
2831 4392 3051 4463 κράτος,
3083 4389 3178 4442 νῦν
3207 4389 3302 4442 καὶ
3352 4386 3440 4440 ἀεὶ
3470 4385 3564 4438 καὶ
3596 4384 3677 4446 είς
3714 4382 3842 4444 τοὺς

2166 4482 2369 4544 αἰῶνας
2394 4482 2504 4535 τῶν
2543 4480 2776 4535 αἰώνων.
2828 4480 3022 4550 Ἀμήν.

459 4579 505 4612 ⁹’
539 4577 891 4701 ἀπέστρεψαν
927 4579 992 4633 G.
1025 4579 1089 4635 II.
1125 4581 1568 4664 6néctpe¢av_ﬂ.
1649 4584 1665 4615 ¹
1693 4585 1797 4665 καὶ
1846 4583 1978 4708 τῶὶἓ
2011 4585 2062 4640 Si

489 4647 557 4702 K.
631 4649 651 4680 ³
677 4666 711 4708 γ
755 4649 808 4708 9]
847 4651 946 4708 μὲν
981 4649 1113 4704 ΕόιΙ.
1194 4653 1215 4683 ’⁵
1242 4653 1311 4706 τὰ
1340 4653 1599 4708 τοιαυταΙ
1621 4671 1791 4708 ταυτα
1834 4656 1891 4708 L.
1981 4695 1995 4708 .

2164 4587 2214 4642 [λ.
2273 4587 2492 4643 favente
2533 4586 2631 4642 Ge.
2682 4584 2866 4641 caueri
2919 4584 3015 4637 καὶ
3072 4581 3227 4706 ὑπὲρ1
3263 4580 3393 4637 τῶν.
3487 4580 3508 4611 ³
3539 4577 3838 4658 inﬁgam.

2164 4660 2209 4708 τὶ
2241 4659 2351 4708 τῶν
2381 4656 2805 4708 φιλογοηιιάτων
2829 4653 3040 4708 λογίζου
3073 4651 3138 4706 Κ.
3237 4648 3670 4708 ,ἐπὶγρημάτων
3697 4658 3748 4698 Α.
3776 4641 3836 4696 L.

387 4645 557 4727 91K.
631 4645 808 4727 ‘_7&9]
847 4649 1120 4727 μεν-βίω.
1165 4645 1312 4727 ’⁸.τᾶ
1340 4653 1601 4727 τοιαῦτα]
1621 4655 1791 4727 ταῦτα
1834 4656 1891 4709 L.

2064 4658 2085 4689 ⁸
2114 4659 2209 4711 ἐπὶ
2241 4659 2351 4711 τῶν
2381 4656 2805 4728 φιλοχρημάτων
2829 4653 3054 4728 λογίζου
3073 4651 3138 4728 Κ.

3266 4641 3670 4731 hum???“
3694 4641 3836 4731 11':-

391 4717 922 4798 f6_ta.xe:9i0a_itb
960 4719 1006 4772 Μ
1018 4760 1030 4773 .
1079 4722 1137 4798 Ατ-
1157 4722 1367 4798 ἐτέρους
1399 4740 1460 4776 π.
1497 4717 1709 4798 πλῆγῆς
1743 4725 2060 4798 χφὶ,επωτέρ

2164 4730 2219 4784 G.
2251 4717 2409 4798 etwsié
2437 4717 2703 4798 edaba'iqr
2727 4734 2855 4798 ant};
2878 4717 3098 4798 B_eh._ln
3135 4723 3234 4776 hac
3265 4717 3498 4798 Ιεριίὀιιε
3526 4717 3841 4798 ἐτέρας)ξο

389 4783 598 4858 ἑτέροις
617 4783 823 4857 habet
843 4789 986 4844 Flor.
1004 4807 1059 4860 p.
1077 4783 1376 4862 219(T’Om.
1401 4811 1493 4848 xu.
1520 4811 1572 4864 p.
1593 4783 1889 4866 351)."Mox
1917 4783 2062 4850 ἐννόί

389 4859 575 4914 caeteri
596 4858 873 4930 νήφωμεν.
932 4864 1027 4895 ⁹·¹⁰
1051 4866 1144 4917 καὶ
1162 4879 1273 4920 om.
1301 4865 1366 4921 (ἓ.
1391 4864 1456 4918 Κ.
1475 4865 1545 4920 Μ.
1564 4882 1618 4930 p.
1646 4883 1702 4930 ι).
1730 4867 1828 4930 τὴν
1846 4867 2050 4930 τροφὴν

2164 4783 2271 4862 ire;
2301 4797 2434 4852 Edd.
2497 4798 2520 4830 α
2539 4795 2665 4868 xaw‘!
2696 4797 2790 4849 καὶ
2811 4795 2877 4850 n.
2904 4795 2968 4848 ι..
2993 4793 3064 4848 ιι.
3088 4788 3550 4915 σωφρονήσιιῧιεν]
3575 4783 3668 4840 Sic
3687 4785 3754 4838 ιι.
3777 4783 3839 4836 L.

2164 4868 2229 4922 H.
2289 4871 2329 4900 “
2348 4869 2438 4924 Sic
2454 4867 2599 4922 Flor.
2618 4883 2675 4930 ι).
2703 4866 2803 4921 178
2824 4865 3001 4930 (Τοιιι.
3027 4881 3122 4919 xu.
3147 4879 3203 4930 ι).
3227 4862 3379 4930 509).
3449 4861 3570 4930 ulgo
3587 4852 3839 4926 φοϐερός.

387 4857 575 4914 caeteri
596 4858 873 4930 νήφωμεν.
932 4857 1027 4895 ἠδ
1051 4866 1144 4917 καὶ
1162 4857 1273 4920 oin.
1301 4865 1366 4921 (ἓ.
1391 4864 1456 4918 Κ.
1475 4857 1545 4920 Μ’.
1564 4882 1618 4936 p.
1646 4857 1714 4935 μ’
1730 4867 1828 4937 τὴν
1846 4867 2050 4938 τροφὴν

2164 4868 2229 4922 H.
2252 4857 2265 4862 ⁷
2289 4871 2329 4900 ⁸⁸
2348 4869 2438 4924 Sic
2454 4867 2599 4922 Flor.
2618 4857 2675 4937 ρ.
2703 4866 2803 4921 178
2824 4865 3001 4937 (Τοιιι.
3027 4881 3122 4919 xu.
3147 4857 3379 4933 p.509).

3587 4852 3839 4926 φοϐερός.

2005 5041 2253 5094 OMIAIA
2289 5038 2420 5095 NB'.

388 5100 499 5158 Kal
523 5099 788 5166 ἐξελθὼν
817 5101 1045 5156 ἐκεῖθεν
1089 5106 1122 5156 ὀ
1157 5104 1416 5170 Ἰησοῦς,
1451 5104 1835 5174 ἀνεχόῳησεν
1877 5108 1964 5173 εἰς
1990 5108 2063 5161 τὰ

453 5180 606 5250 μέρη
649 5181 834 5250 Τύρου
858 5182 956 5236 καὶ
990 5181 1267 5248 Σιδῶνος.
1290 5184 1396 5237 Καὶ
1431 5183 1559 5238 ἰδοὺ
1580 5184 1735 5254 γυνὴ
1757 5187 2064 5242 Χαναναία

457 5259 577 5315 ἀπὸ
594 5258 714 5313 τῶν
732 5261 910 5327 ὁρίων
930 5261 1176 5316 ἐκείνων
1196 5261 1550 5329 ἐξελθοῦσα,
1567 5263 1823 5334 ἔκραξεν
1837 5267 1878 5297 ¹²
1903 5265 2063 5333 αὐτῷ

456 5339 754 5408 λέγουσα·
795 5356 814 5390 ι
836 5339 1132 5407 Ἐλέησόν
1144 5357 1242 5409 με,
1283 5341 1478 5410 Κύριε,
1513 5343 1606 5397 υἱὲ
1637 5345 1850 5399 Δαυΐδ·
1885 5347 1924 5415 ή
1959 5352 2062 5405 θυ-

458 5417 645 5489 τὰτηρ
658 5435 781 5487 μου
805 5417 1002 5485 κακῶς
1020 5417 1438 5490 δαιμονίζεται.
1472 5441 1489 5474 ι

455 5541 525 5598 α’.
567 5545 626 5598 Ὀ
651 5544 708 5599 δὲ
738 5547 966 5619 Μάρκος
983 5547 1168 5618 φησὶν,
1189 5548 1387 5602 ὅτιούκ
1405 5549 1642 5622 ἠδυνήθη
1662 5548 1866 5618 λαθεῖν,
1889 5552 2060 5608 ἐλθὼν

387 5629 467 5693 τίς
497 5632 594 5702 τὴν
627 5635 821 5688 οἰκίαν.
855 5636 920 5688 Τί
968 5635 1027 5688 δὲ
1056 5635 1194 5700 ὅλως
1225 5637 1390 5708 ἀπῄει
1428 5639 1508 5702 είς
1554 5637 1624 5690 τὰ
1658 5639 1799 5711 μέρη
1847 5641 2056 5706 ταῦτα;

391 5716 520 5770 Ὅτε
555 5719 654 5790 τῆς
690 5721 796 5774 τῶν
845 5722 1153 5793 βρωμάτων
1202 5726 1639 5796 παρατηρήσεως
1677 5727 1956 5798 ἀπήλλαξε
1990 5729 2057 5792 ¹³,

385 5802 508 5858 τότε
537 5808 632 5860 καὶ
658 5810 771 5872 τοῖς
809 5810 987 5861 ἔθνεσι
1028 5810 1198 5882 θύραν
1231 5812 1438 5880 ἀνοίγει
1475 5812 1660 5867 λοιπὸν
1691 5815 1796 5886 ὀδῴ
1827 5818 2057 5888 προϐαί-

2169 5128 2276 5164 νων
2295 5128 2308 5141 ·
2339 5109 2529 5181 ὥσπερ
2554 5104 2647 5163 οῦν
2671 5111 2766 5165 καὶ
2791 5108 3020 5179 Πέτρος,
3046 5107 3312 5177 πρότερον
3340 5103 3528 5158 τοῦτον
3557 5099 3835 5168 ὲπιταγεὶς

2168 5187 2464 5253 λῦσαι’τὸν
2491 5199 2676 5269 νόμον,
2707 5200 2987 5268 πέμπεται
3024 5195 3162 5266 πρὸς
3192 5196 3285 5248 τὸν
3320 5193 3638 5264 Κορνήλιον.
3671 5190 3732 5244 Εἰ
3781 5190 3838 5242 δὲ

2168 5286 2317 5355 λέγοι
2364 5304 2477 5351 τις,
2514 5287 2638 5349 Πῶς
2689 5282 2783 5339 οὖν
2835 5286 2949 5348 τοῖς
2991 5283 3260 5354 μαθηταῖς
3306 5280 3500 5347 λέγων,
3550 5280 3656 5343 Είς
3697 5275 3839 5331 ὀδόν

2166 5373 2359 5429 ἐθνῶν
2368 5375 2454 5444 μὴ
2479 5375 2800 5441 ἀπέλθητε,
2817 5375 3021 5442 ταύτην
3041 5371 3327 5444 προσίεται
3345 5368 3406 5400 ¹⁸·
3420 5368 3483 5433 ¹⁸;
3503 5366 3717 5438 πρῶτον
3740 5364 3838 5434 μὲν

2167 5465 2346 5519 ἐκεῖνο
2365 5464 2430 5518 ἂν
2449 5462 2718 5532 εἴποιμεν,
2741 5463 2823 5516 ὅτι
2852 5462 2950 5532 οὐχ
2970 5463 3108 5532 ὅπερ
3138 5458 3369 5522 ἐπέταξε
3403 5458 3517 5520 τοῖς
3545 5454 3836 5526 μαθηταῖς,

2165 5553 2342 5624 τούτῳ
2391 5553 2485 5607 καὶ
2511 5552 2674 5617 αὐτὸς
2707 5551 3008 5615 ὑπεύθυνος
3036 5546 3106 5622 ἦν
3139 5563 3154 5579 ⁸
3189 5547 3443 5617 δεύτερον
3481 5544 3538 5598 δὲ
3559 5583 3574 5608 ,
3607 5544 3689 5596 ὅτι
3715 5541 3837 5594 οιπέ

2167 5643 2242 5707 ὡς
2271 5640 2522 5714 κηρύξων
2559 5641 2830 5712 ἀπῆλθενο
2880 5641 3018 5711 ὅπερ
3045 5637 3138 5694 οὖν
3166 5639 3262 5692 καὶ
3299 5639 3328 5692 6
3351 5636 3577 5708 Μάρκος
3601 5629 3836 5687 αἰνιττό-

2169 5747 2330 5800 μενος
2354 5729 2563 5798 ἔλεγεν,
2593 5731 2674 5782 ὅτι
2707 5729 2803 5783 καὶ
2826 5728 3065 5800 ἔκρυψεν
3098 5727 3315 5792 ἐαυτὸν,
3359 5725 3456 5780 καὶ
3493 5723 3594 5776 οὐκ
3627 5718 3813 5775 ἔλαθεν

2168 5817 2376 5888 Ὥσπερ
2407 5816 2514 5887 γὰρ
2531 5816 2591 5868 τὸ
2621 5815 2695 5886 μὴ
2723 5816 2953 5888 δραμεῖν
2977 5816 3063 5871 ἐπ’
3093 5814 3289 5878 αὐτοὺς
3318 5811 3569 5888 πρώτους
3589 5806 3688 5879 τῆς
3707 5802 3831 5862 ἀκύ-

456 5914 502 5948 “
529 5917 870 5991 ἐκραύγασεν
904 5915 1041 5973 Edd.
1121 5921 1164 5953 ¹³
1205 5923 1399 5990 αὐτοὺς
1432 5924 1709 5995 ἀπήλλαξε
1744 5927 1806 5983 L.
1887 5930 1929 5962 ¹⁴⁵
1959 5930 2002 5962 ι’
2041 5947 2062 5982 τ

2169 5945 2286 5982 εται
2323 5929 2449 5985 Sav.
2490 5927 2676 5986 invitis
2709 5928 2872 5986 codd.
