4102 6416
317 314 418 370 517

314 430 421 483 sit:
450 427 695 483 Leucates
723 435 926 481 sanctas
951 441 1134 481 manus
1165 425 1351 497 absque
1380 426 1461 479 ira
1482 433 1531 479 et
1549 425 1911 495 disceptatione

314 520 407 590 (1.
439 516 574 572 Tim.
618 514 677 572 '2.
711 517 804 589 8).
835 517 913 572 Ne
961 518 1196 587 linguam
1252 532 1386 587 ergo
1429 516 1682 586 deturpes
1720 533 1733 569 :
1787 529 1909 575 nam

314 611 589 680 quomodo
612 624 715 679 pro
742 620 797 664 te
819 608 1122 680 precabitur
1141 650 1157 673 ,
1183 622 1304 663 cum
1337 607 1584 663 ﬁduciam
1627 604 1911 661 amiseris?

313 703 409 758 sed
439 717 571 756 orna
594 703 738 756 illam
766 701 1045 764 modestia,
1067 700 1400 757 humilitate:
1430 698 1519 754 fac
1534 699 1747 769 dignam
1776 698 1907 762 Deo,

312 795 407 864 qui
447 800 544 863 per
589 791 733 848 illam
776 800 1037 863 rogatur;
1069 792 1215 846 iliam
1254 791 1403 861 reple
1444 790 1815 846 benedictione
1855 797 1913 843 et

313 887 680 955 eleemosyna.
735 883 868 938 Nam
916 883 1098 937 verbis
1146 884 1307 937 etiam
1353 891 1528 951 potest
1569 881 1909 948 eleemosyna

314 980 526 1049 erogari
550 995 563 1031 :
598 978 783 1031 Melior
806 986 881 1031 est
907 976 1049 1031 enim
1072 992 1257 1041 sermo,
1286 992 1438 1045 quam
1458 974 1647 1027 donum
1670 979 1749 1036 ;et
1769 987 1784 1024 :
1804 969 1907 1025 Re—

310 1071 509 1141 sponde
538 1070 748 1138 pauperi
771 1069 988 1139 paciﬁca
1016 1068 1073 1120 in
1095 1066 1480 1121 mansuetudine
1497 1064 1686 1136 (Ereti.
1708 1064 1794 1118 l8.
1816 1063 1905 1118 16.

310 1170 360 1215 et
384 1162 437 1215 4.
453 1153 535 1231 Β).
558 1160 748 1214 Totum
773 1173 900 1213 vero
925 1159 1184 1229 reliquum
1207 1167 1417 1227 tempus
1433 1158 1733 1212 divinarum
1756 1167 1909 1209 enar-

311 1251 526 1306 ratione
552 1251 725 1320 legum
762 1265 985 1306 exorna.
1014 1251 1193 1304 Omnis
1219 1250 1475 1304 enarratio
1496 1258 1581 1301 tua
1621 1249 1684 1301 sit
1710 1248 1765 1300 in
1804 1247 1910 1316 lege

313 1343 562 1397 Altissimi
584 1342 760 1413 (Ibid.
785 1343 839 1398 9.
870 1342 941 1396 25
961 1340 1003 1413 ).
1036 1341 1109 1396 lta
1166 1356 1265 1396 nos
1295 1340 1580 1395 adorantes
1608 1339 1675 1393 ad
1708 1338 1906 1408 Regem

311 1434 636 1489 accedamus
658 1474 673 1498 ,
703 1441 759 1487 et
802 1433 867 1487 ad
912 1446 1087 1503 genua
1109 1432 1224 1501 ejus
1251 1432 1590 1503 procidamus
1608 1472 1623 1495 ,
1654 1446 1760 1485 non
1790 1446 1911 1485 cor-

312 1540 448 1595 pore
496 1533 741 1589 tantum,
786 1524 880 1579 sed
928 1525 1088 1578 etiam
1142 1533 1342 1580 mente.
1391 1523 1703 1593 Cogitemus
1748 1538 1907 1592 quem

308 1618 588 1679 adeamus,
636 1626 690 1672 et
734 1631 830 1686 pro
877 1617 1089 1686 quibus,
1128 1627 1182 1670 et
1218 1615 1342 1685 quid
1388 1617 1629 1670 volentes
1670 1612 1904 1668 el'llcere.

312 1706 481 1763 Deum
516 1708 744 1773 adimus,
770 1722 927 1777 quem
954 1707 1233 1776 Seraphin
1266 1706 1526 1771 videntes,
1550 1706 1726 1760 vultus
1752 1720 1907 1760 aver«

309 1811 454 1865 tunl,
485 1816 590 1855 non
624 1800 856 1854 ferentes
887 1799 1147 1870 fulgorem
1177 1811 1373 1867 ;qnem
1398 1799 1583 1853 videns
1611 1808 1751 1854 terra
1780 1813 1909 1852 cono

316 1895 601 1949 tremiscit.
631 1894 795 1948 Deum
822 1891 1057 1955 adimus,
1091 1892 1178 1961 qui
1217 1893 1387 1946 lucem
1429 1884 1632 1946 habitat
1668 1891 1908 1945 inacces-

310 1987 544 2042 sibilem.
575 1986 820 2051 Adimus,
862 1993 921 2039 ut
949 2001 977 2038 a
1004 1984 1248 2055 gebenna
1281 1984 1589 2051 liberemur,
1618 1992 1676 2037 ut
1718 1983 1911 2038 remis-

308 2082 522 2135 sionem
545 2088 885 2149 peccatorum
908 2079 1272 2148 impetremus,
1294 2087 1348 2132 ut
1376 2078 1442 2131 ab
1466 2078 1559 2132 illo
1586 2074 1908 2132 intolerabili

306 2170 575 2240 Supplicia
602 2170 909 2234 liberemur,
938 2177 997 2223 ut
1035 2168 1225 2223 cadum
1271 2176 1326 2223 et
1377 2167 1449 2222 ibi
1492 2168 1719 2237 reposita
1766 2166 1907 2222 bona

308 2276 721 2330 consequamur.

382 2353 437 2406 6.
470 2352 808 2421 Mansuetudo
834 2352 887 2405 in
907 2353 1135 2407 oratione
1154 2352 1456 2407 adhibenda.
1489 2346 1655 2407 Nemo
1684 2352 1905 2419 (ceditur,

310 2444 412 2498 nisi
446 2460 477 2497 a
519 2444 706 2515 seipso.
747 2441 933 2497 Contra
966 2459 1049 2497 eos
1078 2444 1165 2514 qui
1187 2444 1403 2498 aliorum
1430 2445 1559 2498 bona
1586 2444 1811 2519 rapiunt.
1839 2473 1912 2486 -—

310 2534 661 2589 Procidamus
686 2534 845 2605 igitur
866 2543 921 2589 et
954 2549 1185 2605 corpore
1213 2543 1267 2590 et
1292 2544 1491 2601 mente,
1522 2544 1581 2590 ut
1609 2535 1699 2590 ille
1720 2534 1908 2604 jacen-

312 2636 397 2681 tes
438 2626 609 2698 erigat
656 2643 670 2680 :
724 2636 846 2682 eum
892 2627 1152 2682 modestia
1201 2628 1455 2697 omnique
1502 2629 1911 2684 mansuetudine

317 2718 493 2787 ipsum
520 2717 875 2787 alloquamur.
908 2709 977 2773 Et
999 2719 1118 2789 quis
1144 2727 1245 2785 est,
1282 2718 1511 2789 inquies,
1547 2720 1617 2775 ita
1649 2722 1813 2775 miser
1857 2730 1912 2775 et

318 2808 527 2874 infelix,
554 2817 613 2865 ut
636 2811 691 2864 in
719 2810 959 2866 oratione
987 2826 1092 2865 non
1121 2812 1191 2866 sit
1214 2812 1564 2869 moderatus?
1585 2813 1679 2868 llle
1706 2814 1799 2885 qui
1826 2814 1909 2869 vel

310 2901 582 2972 precando
610 2903 889 2959 maledicta
933 2904 1157 2975 profert,
1195 2904 1480 2975 furoreque
1511 2907 1698 2976 plenus
1726 2916 1829 2973 est,
1858 2915 1912 2961 ct

310 3004 501 3048 contra
546 2994 792 3050 inimicos
834 2996 1112 3051 acdamat.
1153 2996 1208 3051 Si
1241 2997 1317 3052 vis
1359 3012 1648 3061 accusare,
1679 2998 1909 3068 tcipsum

312 3095 531 3141 accuSa.
568 3087 624 3142 Si
668 3088 749 3142 vis
792 3078 1025 3159 linguam
1069 3104 1280 3152 acuere,
1318 3098 1503 3144 contra
1554 3101 1767 3160 peccata
1824 3100 1910 3145 tua

311 3192 467 3234 acue.
486 3180 597 3236 Nec
623 3180 771 3237 dicas
798 3182 923 3253 quid
954 3182 1088 3237 alius
1112 3182 1207 3237 tibi
1234 3183 1359 3239 mali
1387 3183 1642 3247 intulerit,
1666 3183 1759 3239 sed
1785 3182 1912 3253 quid

312 3279 373 3324 tu
412 3272 506 3326 tibi
538 3272 663 3325 mali
693 3272 921 3327 feceris:
953 3272 1079 3328 illud
1125 3274 1269 3329 enim
1298 3274 1529 3328 maxime
1569 3273 1764 3328 malum
1807 3283 1909 3329 est.

314 3360 501 3433 Neque
530 3364 671 3417 enim
699 3365 817 3434 quis
849 3376 899 3419 te
929 3364 1123 3420 lzede're
1166 3366 1398 3436 poterit,
1436 3365 1537 3421 nisi
1583 3366 1773 3436 teipse
1818 3368 1911 3422 ke-

316 3454 417 3509 das
444 3454 542 3527 (a).
576 3455 761 3527 Itaque
804 3458 847 3512 si
880 3458 958 3513 vis
1004 3467 1189 3512 contra
1232 3459 1484 3515 laedentes
1525 3468 1575 3515 te
1614 3460 1909 3531 insurgere,

325 3548 552 3615 tcipsum
582 3548 808 3615 primum
843 3548 1085 3617 impetus.
1119 3549 1287 3604 Nemo
1323 3550 1374 3605 id
1404 3552 1663 3621 impedit;
1714 3568 1837 3606 nam
1867 3554 1911 3608 si

320 3637 482 3690 alium
510 3637 857 3709 aggrediaris,
891 3641 1057 3711 magis
1080 3641 1235 3695 laesus
1256 3642 1446 3697 abibis.
1476 3644 1645 3710 Quam
1672 3658 1801 3699 vero
1818 3645 1912 3699 tibi

321 3728 525 3783 illatam
569 3729 816 3799 iniuriam
857 3731 1097 3800 proferre
1132 3734 1329 3802 potes?
1358 3731 1451 3801 Ille
1490 3728 1620 3789 mihi
1665 3735 1913 3805 injuriam

318 3820 524 3887 intulit,
564 3822 702 3876 bona
730 3824 928 3892 rapuit,
960 3839 1046 3880 me
1076 3824 1127 3879 in
1156 3825 1389 3895 pericula
1420 3826 1639 3897 injecit?
1667 3814 1773 3895 Sed
1814 3828 1915 3885 hoc

323 3925 433 3963 non
462 3921 542 3964 est
585 3911 726 3979 lmdi,
759 3913 874 3979 sed,
906 3914 951 3968 si
996 3915 1181 3986 vigiles
1205 3916 1405 3984 simus,
1440 3918 1554 3974 haec
1582 3919 1736 3975 nobis
1773 3921 1915 3975 mulo

320 4012 436 4058 tum
480 4005 736 4075 prodesse
772 4015 1044 4076 poterunt.
1080 4007 1211 4063 Nam
1251 4010 1413 4065 laesus
1440 4019 1521 4065 est
1560 4012 1648 4067 ille
1685 4014 1774 4082 qui
1802 4013 1917 4067 hrcc

323 4097 463 4151 mala
496 4099 691 4165 intulit,
721 4116 828 4155 non
858 4102 946 4172 qui
973 4110 1163 4171 passus
1188 4112 1288 4159 est.
1324 4104 1389 4159 Et
1418 4104 1523 4161 hoc
1549 4107 1777 4171 maxime
1806 4123 1918 4162 ma-

321 4187 498 4243 lorum
514 4192 749 4245 omnium
768 4208 926 4247 causa
948 4202 1048 4259 est,
1066 4195 1208 4265 quod
1238 4197 1536 4252 nesciamus
1556 4198 1673 4267 quis
1697 4198 1913 4265 lmdens,

322 4279 449 4350 quis
492 4278 649 4336 laesus
678 4283 768 4336 sit.
814 4280 870 4337 Si
900 4282 1029 4338 illud
1072 4285 1238 4354 probe
1282 4288 1581 4354 sciremus,
1626 4274 1916 4362 numquam

326 4380 429 4426 nos
479 4372 891 4441 ulcisceremur,
938 4390 1043 4430 non
1088 4391 1429 4447 precaremur
1473 4389 1658 4437 contra
1707 4382 1869 4436 alium
1897 4417 1916 4451 ,

392 4543 465 4605 (α)
503 4542 556 4593 ln
595 4544 719 4594 bene
741 4544 1115 4608 pulcherrimam
1139 4552 1432 4601 sententiam
1468 4527 1737 4603 orationem
1771 4557 1923 4608 edidit

730 4602 893 4674 exsul,
917 4609 1009 4660 hoc
1027 4610 1187 4669 titulo,
1212 4615 1347 4672 Quod
1369 4627 1507 4665 nemo
1546 4602 1743 4668 deditur
1775 4602 1923 4670 ἦ

324 4670 501 4729 seipse,
526 4681 675 4732 quam
689 4670 843 4719 babes
859 4684 1005 4745 supra
1028 4680 1173 4722 Τοιηο
1196 4670 1245 4735 5,
1270 4674 1364 4724 col.
1390 4676 1625 4727 459-460.

1314 305 1384 366 ΙΝ
1419 302 1827 364 ΜᾹΤἸΊΙιΕυΜ
1866 302 2099 362 11011ιί..
2140 306 2250 363 Lll.
2293 310 2367 364 al.
2408 308 2543 366 Llll.

3510 318 3617 375 518

2019 424 2169 493 gnari
2203 440 2310 480 non
2356 439 2513 494 posse
2542 440 2643 481 nos
2668 426 2809 481 malo
2828 426 2978 483 affici
3004 429 3075 484 ab
3101 429 3226 484 alio.
3262 431 3443 502 Neruae
3468 437 3620 493 enim

2018 516 2257 586 rapinam
2287 518 2418 586 pati,
2450 517 2542 572 sed
2565 516 2761 582 facere,
2790 519 3012 574 malum.
3036 520 3095 575 Si
3120 524 3362 591 rapuisti,
3386 527 3613 595 tcipsum

2017 616 2306 673 accusato;
2334 608 2417 663 sin
2446 622 2580 664 vero
2606 618 2694 663 tua
2734 609 2870 664 alius
2907 612 3101 679 rapuit,
3127 627 3347 681 precare
3387 631 3488 686 pro
3520 630 3614 670 ra-

2019 708 2189 769 ptore,
2222 699 2347 769 quia
2394 699 2489 753 tibi
2533 699 2766 755 maxime
2805 700 3025 770 proluit.
3059 701 3279 758 Etiamsi
3310 706 3453 761 enim
3502 724 3611 762 non

2018 792 2137 846 talis
2161 792 2231 845 sit
2255 806 2408 846 mens
2434 791 2599 857 illius,
2630 800 2777 847 certe
2806 803 2860 846 tu
2879 808 3125 863 magnam
3154 795 3433 852 utilitatem
3463 810 3615 855 acce-

2015 883 2139 951 pisti
2165 922 2180 947 ,
2215 883 2261 936 si
2291 882 2500 937 fortiter
2544 883 2751 937 tuleris.
2782 882 2933 937 Illum
2962 886 3103 939 enim
3133 895 3190 941 et
3213 886 3406 943 divina:
3432 900 3486 943 et
3511 892 3613 944 bu-

2014 988 2188 1027 manu:
2205 973 2349 1042 leges
2380 973 2636 1027 miserum
2667 973 2990 1042 praedicant;
3016 985 3067 1029 te
3092 991 3222 1031 vero
3246 977 3430 1032 laesum
3459 995 3615 1034 coro-

2015 1072 2145 1117 nant
2168 1070 2225 1117 et
2251 1062 2546 1125 celebrant.
2588 1062 2772 1133 Neque
2792 1065 2939 1118 enim
2968 1065 3015 1119 si
3044 1066 3165 1134 quis
3187 1064 3497 1125 febricitans
3519 1082 3614 1124 vas

2014 1165 2149 1226 aqua
2176 1159 2395 1227 plenum
2424 1160 2663 1226 rapuerit
2688 1157 2757 1211 ab
2782 1158 2907 1225 alio,
2943 1166 2997 1212 et
3022 1161 3242 1214 tuisiam
3274 1162 3487 1218 bibendi
3514 1174 3613 1219 ’eu-

2015 1251 2293 1320 piditatem
2319 1250 2649 1322 expleverit,
2678 1252 2922 1308 dicemus
2964 1252 3149 1309 laesum
3187 1248 3335 1310 i‘llum
3382 1258 3542 1312 fuisse
3577 1264 3610 1312 ‘a

2014 1355 2120 1410 quo
2157 1350 2367 1410 raptum
2410 1356 2507 1396 vas
2534 1351 2637 1408 est,
2677 1343 2773 1397 sed
2816 1344 2994 1414 potius
3039 1345 3331 1413 rapientem
3363 1365 3378 1401 :
3419 1347 3612 1402 febrim

2014 1433 2157 1487 enim
2204 1434 2377 1500 auxit,
2404 1433 2760 1503 morbumque
2789 1437 3049 1490 acriorem
3075 1436 3273 1491 elfeeit.
3300 1437 3409 1492 Hoc
3438 1438 3612 1507 ipsum

2013 1522 2081 1579 de
2106 1524 2450 1593 pecuniarum
2478 1534 2531 1579 et
2554 1540 2714 1595 opum
2740 1535 2954 1581 amante
2971 1537 3181 1596 reputa.
3204 1527 3339 1583 Nam
3379 1529 3465 1587 hic
3496 1530 3614 1599 plus

2012 1631 2171 1685 quam
2214 1617 2304 1672 ille
2328 1618 2463 1671 alius
2492 1616 2818 1682 febricitans,
2846 1630 2942 1687 per
2981 1619 3119 1674 hanc
3154 1623 3397 1690 rapinam
3416 1662 3431 1685 ,
3461 1637 3615 1677 suam

2012 1708 2249 1762 intendit
2280 1707 2570 1762 ﬂammam.
2616 1709 2683 1763 Et
2708 1709 2751 1763 si
2782 1710 2901 1779 quis
2940 1709 3127 1765 furens
3150 1712 3373 1782 abrepto
3415 1727 3445 1767 a
3475 1729 3612 1783 quo-

2013 1800 2153 1868 piam
2183 1799 2359 1868 gladio
2394 1815 2454 1855 se
2495 1800 2828 1866 confuderit,
2859 1802 2978 1872 quis
3009 1802 3167 1857 Iesus
3206 1805 3322 1859 est?
3350 1805 3393 1858 is
3435 1820 3467 1859 a
3507 1820 3616 1875 quo

2012 1892 2267 1959 abreptus
2291 1890 2532 1960 gladius,
2563 1906 2630 1945 an
2659 1892 2749 1961 qni
2789 1892 3009 1961 rapuit?
3036 1894 3132 1947 llic
3170 1895 3373 1964 utique.
3405 1894 3483 1949 De
3516 1911 3610 1965 pe-

2013 1982 2289 2037 cuniarum
2318 1982 2476 2050 igitur
2502 1983 2685 2051 rapina
2716 1983 2944 2053 idipsum
2974 1984 3291 2055 cogitemus.
3310 1985 3442 2040 Nam
3469 1986 3613 2056 quod

2015 2070 2209 2127 furenti
2240 2062 2445 2143 gladius
2486 2080 2598 2139 est,
2628 2073 2681 2127 id
2710 2084 2875 2128 avaro
2900 2074 3102 2129 divitiae
3145 2085 3308 2142 sunt;
3350 2076 3459 2131 imo
3494 2094 3614 2146 per-

2014 2164 2347 2219 niciosiores.
2374 2164 2508 2219 Nam
2537 2165 2627 2235 qui
2658 2164 2822 2231 furit,
2852 2174 2907 2219 et
2935 2181 3056 2221 sese
3103 2166 3283 2235 gladio
3336 2168 3574 2224 confodit
3594 2210 3613 2234 ,

2010 2259 2121 2331 jam
2154 2275 2184 2314 a
2213 2260 2389 2315 furore
2426 2260 2684 2315 liberatus
2726 2268 2809 2314 est
2832 2301 2848 2325 ,
2878 2273 3054 2329 neque
3095 2260 3389 2315 secundum
3420 2262 3615 2330 accipit

2016 2354 2214 2408 vulnus
2242 2362 2475 2407 :‘avarus
2509 2366 2638 2405 vero
2675 2352 2952 2406 innumera
2998 2349 3236 2420 quotidie
3275 2358 3331 2405 et
3366 2352 3614 2421 graviora

2014 2445 2210 2514 accipit
2233 2444 2475 2507 vulnera,
2512 2448 2621 2496 non
2651 2456 2772 2497 sese
2791 2441 2860 2496 ab
2889 2440 2991 2496 hac
3015 2441 3219 2496 insania
3248 2441 3614 2507 educens,sed

2014 2538 2186 2609 magis
2211 2551 2412 2607 augens
2439 2536 2490 2590 in
2516 2536 2634 2590 dies
2661 2551 2675 2591 :
2707 2535 2761 2591 et
2786 2542 2984 2605 quanto
3012 2534 3162 2604 plura
3192 2535 3461 2603 acceperit
3492 2536 3614 2591 vul-

2014 2643 2144 2685 nera
2170 2665 2187 2696 ,
2222 2637 2370 2682 tanto
2396 2626 2565 2697 magis
2601 2627 2935 2682 occasionem
2966 2626 3174 2696 prtcbet
3198 2626 3368 2697 plagis
3392 2625 3613 2697 misri-

2016 2719 2136 2774 bus.
2165 2718 2293 2773 ilaec
2324 2728 2459 2789 ergo
2485 2718 2779 2788 cogitantes
2799 2760 2813 2781 ,
2846 2716 3111 2788 fugiamus
3157 2718 3299 2773 lumc
3338 2718 3575 2787 gladium
3596 2760 3613 2782 ,

2015 2808 2156 2865 banc
2193 2809 2475 2875 insaniam,
2499 2816 2555 2864 et
2587 2824 2710 2864 sero
2735 2808 2951 2864 tandem
2984 2808 3283 2879 vigiiemus.
3312 2808 3447 2865 Nam
3477 2809 3616 2866 hanc

2014 2910 2164 2957 certe
2190 2902 2439 2956 virtutem
2476 2900 2856 2957 continentiam
2884 2910 3031 2956 recte
3055 2915 3309 2955 vocemus
3331 2942 3346 2962 .
3377 2917 3483 2957 non
3509 2902 3615 2956 mi-

2015 3010 2120 3049 nus
2158 3008 2317 3065 quam
2363 2994 2506 3048 illam
2555 3010 2675 3064 quae
2719 2994 2797 3049 sic
2845 2994 3044 3063 passim
3077 3003 3317 3049 vocatur.
3363 2995 3435 3049 Ibi
3467 2996 3613 3051 enim

2015 3094 2201 3142 centra
2243 3101 2401 3140 unam
2444 3084 2891 3153 concupiscentia:
2936 3084 3272 3155 tyrannidem
3306 3094 3612 3155 pugnatur.

2015 3174 2103 3231 hic
2127 3189 2255 3231 vero
2269 3176 2464 3230 multas
2482 3189 2546 3229 ac
2569 3175 2808 3230 diversas
2832 3175 3152 3243 cupiditates
3176 3190 3432 3244 superare
3455 3190 3615 3247 opor-

2013 3277 2111 3325 tet.
2136 3268 2305 3323 Nemo
2329 3268 2494 3332 enim,
2519 3280 2679 3323 nemo
2702 3266 2917 3322 stultior
2946 3280 3013 3321 eo
3042 3267 3129 3336 qui
3156 3267 3463 3322 divitiarum
3496 3280 3614 3323 scr-

2016 3376 2114 3415 vus
2141 3368 2243 3415 est.
2282 3360 2553 3429 Imperare
2592 3357 2695 3413 sibi
2741 3356 2991 3423 videtur,
3037 3357 3166 3429 dum
3205 3356 3451 3415 subditus
3484 3368 3612 3422 est;

2016 3453 2282 3510 dominari
2310 3452 2523 3507 videtur
2546 3492 2561 3519 ,
2593 3465 2715 3506 cum
2762 3451 2833 3506 sit
2877 3465 3101 3516 servus;
3133 3449 3260 3506 dum
3288 3464 3348 3504 se
3388 3449 3615 3506 vinculis

2017 3545 2363 3615 constringit,
2411 3543 2640 3615 gaudet;
2669 3558 2790 3598 cum
2832 3542 3096 3598 acriorem
3146 3540 3314 3599 feram
3352 3540 3612 3605 reddidit,

2019 3639 2269 3701 laetatur;
2299 3649 2421 3689 cum
2451 3634 2697 3703 captivus
2722 3632 2954 3699 ducitur,
2986 3631 3251 3695 exsultat;
3274 3647 3338 3693 ac
3366 3631 3495 3695 dum
3542 3633 3616 3686 vi.

2018 3728 2109 3783 det
2157 3741 2344 3782 canem
2393 3725 2639 3779 rabidum
2686 3725 2739 3778 in
2785 3724 3017 3780 animam
3061 3738 3211 3781 suam
3255 3723 3609 3784 insilientem.

2019 3836 2142 3877 cum
2170 3827 2445 3890 oporteret
2466 3819 2614 3873 illum
2639 3818 2804 3887 ligare
2819 3826 2872 3872 et
2893 3815 3033 3872 fame
3055 3817 3316 3883 cruciare,
3344 3816 3443 3885 ipsi
3471 3816 3618 3884 large

2019 3913 2197 3970 cibum
2221 3909 2546 3979 suppeditat,
2577 3916 2635 3962 ut
2661 3907 3031 3963 vehementius
3073 3905 3273 3963 insiliat
3311 3914 3363 3967 et
3388 3904 3618 3963 ferocior

2008 4007 2111 4060 ‘sit.
2138 4004 2263 4059 llaec
2292 4003 2472 4071 itaque
2511 3999 2690 4055 omnia
2720 3998 3039 4069 cegitantes,
3068 3996 3280 4061 vincula
3320 3997 3616 4063 solvamus,

2020 4095 2190 4152 feram
2221 4091 2549 4155 occidamus,
2571 4088 2817 4145 morbum
2848 4087 3113 4157 pellamus
3136 4128 3151 4151 ,
3188 4087 3429 4151 furorem
3474 4086 3617 4143 hunc

2023 4187 2321 4258 ejiciamus,
2354 4192 2414 4238 ut
2457 4182 2835 4252 tranquillitate
2872 4189 2928 4243 et
2969 4194 3100 4249 pura
3140 4178 3446 4245 valetudine
3472 4179 3615 4233 frua-

2025 4295 2165 4346 mur,
2192 4286 2400 4334 etcum
2442 4274 2608 4329 multa
2649 4272 2920 4342 voluptate
2958 4269 3027 4333 ad
3065 4269 3404 4339 tranquillum
3432 4268 3619 4339 appel-

2026 4372 2198 4427 lentes
2226 4376 2459 4440 portum,
2478 4375 2677 4422 acterna
2702 4364 2837 4419 bona
2864 4363 3255 4432 adipiscamur:
3277 4376 3397 4432 quae
3416 4361 3620 4427 utinam

2024 4476 2214 4518 omnes
2238 4473 2610 4530 assequamur,
2636 4456 2806 4526 gratia
2836 4463 2888 4513 et
2922 4453 3246 4522 benignitate
3278 4452 3485 4519 Domini
3527 4468 3619 4508 no-

2027 4554 2261 4610 striJesu
2283 4550 2498 4615 Christi,
2523 4549 2607 4615 cui
2638 4547 2802 4617 gloria
2828 4554 2884 4600 et
2909 4543 3213 4615 itnperium,
3229 4558 3370 4607 nunc
3394 4551 3447 4598 et
3476 4557 3617 4607 sem—

2030 4663 2144 4719 per,
2167 4655 2221 4700 et
2242 4645 2295 4698 in
2319 4641 2511 4697 saecula
2536 4638 2873 4695 seculorum.
2897 4638 3087 4692 Amen.

1552 4876 1897 4942 HOMILIA
1943 4882 2074 4943 Lll.
2131 4878 2218 4940 al.
2259 4873 2420 4941 Llll.

322 5015 457 5070 Car.
483 5018 570 5073 15.
592 5033 645 5071 v.
666 5012 758 5073 21.
783 5016 848 5073 Et
873 5035 1100 5091 egressus
1133 5023 1250 5075 inde
1268 5022 1441 5090 Iesus,
1464 5027 1663 5079 secessit
1683 5028 1735 5084 in
1759 5036 1926 5099 partes

398 5106 526 5176 Tyri
552 5119 596 5162 et
618 5110 845 5165 Sidonis.
872 5112 963 5166 ‘22.
988 5112 1057 5166 Et
1082 5132 1191 5168 ecce
1210 5117 1391 5170 mulier
1411 5116 1701 5173 (.‘hananara
1725 5137 1926 5191 egressa

402 5215 465 5252 ea:
493 5199 676 5267 ﬁnibus
710 5204 836 5268 suis,
878 5197 1112 5259 clamauit
1151 5208 1321 5261 dicens
1360 5211 1406 5261 ei
1449 5224 1467 5262 :
1511 5209 1749 5269 Miserere
1788 5213 1920 5276 mei,

402 5286 615 5343 Domine
636 5291 713 5357 ﬁli
735 5290 936 5357 David;
958 5295 1065 5361 ﬁlia
1086 5313 1196 5361 mea
1218 5298 1347 5350 male
1367 5314 1397 5350 a
1419 5299 1668 5352 dwmonio
1690 5311 1920 5356 vexatur.

403 5380 454 5433 1.
483 5379 587 5433 Cur
606 5381 837 5438 Christus
872 5396 1042 5455 gentes
1076 5387 1221 5442 adiit.
1248 5417 1318 5427 ——
1351 5389 1561 5443 Marcus
1604 5401 1782 5445 autem
1826 5392 1920 5457 ait,

328 5484 503 5540 ipsum
535 5472 701 5530 latere
730 5491 836 5531 non
867 5479 1138 5547 potuisse;
1170 5496 1291 5535 cum
1328 5481 1380 5534 in
1427 5480 1644 5535 domum
1690 5483 1923 5537 venisset

326 5560 533 5632 (Marc.
563 5565 618 5621 7.
657 5567 783 5637 24).
821 5566 929 5623 Cur
957 5580 1133 5625 autem
1174 5572 1227 5626 in
1264 5580 1445 5643 partes
1488 5573 1604 5627 illas
1648 5574 1922 5644 prolectus

332 5661 449 5713 est“:
481 5657 708 5727 Quando
737 5659 981 5715 liberavit
1008 5676 1104 5715 eos
1130 5662 1198 5717 ab
1226 5664 1598 5719 observatione
1636 5666 1875 5718 ciborum
1897 5703 1913 5727 ,

333 5757 462 5805 tunc
485 5747 674 5806 eadem
701 5749 787 5804 via
815 5764 1145 5822 progressus,
1177 5752 1425 5822 gentibus
1453 5769 1664 5825 quoque
1702 5753 1917 5824 ianuam

660 5854 933 5914 Ρηιιοι.
981 5854 1099 5914 Gn.
1154 5853 1366 5917 LVIII.

2018 5016 2191 5089 aperit
2217 5033 2229 5068 :
2255 5007 2707 5083 quemadmodum
2736 5016 2792 5059 et
2830 5002 3041 5062 Petrus,
3089 5014 3211 5063 cum
3238 4994 3610 5089 prirnumth-

2022 5087 2182 5166 δέων
2232 5105 2373 5159 hanc
2416 5102 2587 5171 legem
2632 5097 2863 5159 solvere,
2916 5092 3142 5151 mittitur
3188 5087 3256 5143 ad
3299 5087 3608 5142 Cornelium

2023 5201 2166 5270 (Act.
2200 5198 2311 5265 l0).
2345 5194 2401 5250 Si
2437 5193 2557 5263 quis
2587 5203 2719 5245 vero
2765 5186 2982 5250 dixerit,
3009 5182 3118 5237 Cur
3162 5195 3291 5250 ergo
3332 5178 3421 5249 qui
3452 5176 3615 5270 disci-

2024 5266 2170 5361 pulis
2194 5288 2345 5351 dicit,
2367 5285 2432 5337 In
2454 5284 2586 5345 viain
2606 5280 2829 5352 gentium
2848 5293 2910 5331 ne
2936 5270 3393 5341 abieritis(Mattlt.
3419 5268 3505 5324 10.
3528 5266 3585 5361 ii)
3618 5303 3630 5320 .

2026 5356 2168 5436 banc
2207 5381 2323 5449 ipse
2369 5376 2511 5428 viam
2537 5370 2686 5427 adit?
2715 5369 2889 5440 primo
2913 5364 3130 5442 quidem
3160 5362 3289 5417 illud
3317 5356 3609 5449 responde—
3705 5362 3711 5368 '

2024 5447 2239 5533 bimus,
2276 5481 2385 5521 non
2432 5464 2745 5519 adstrictum
2794 5459 2941 5515 illum
2982 5456 3050 5511 iis
3096 5451 3372 5509 servandis
3422 5447 3621 5503 fuisse.

2026 5578 2145 5632 quae
2170 5559 2452 5631 discipulis
2478 5554 2765 5628 pratcepit;
2794 5548 3054 5613 secundo,
3081 5547 3227 5602 illum
3252 5557 3358 5596 non
3383 5548 3443 5594 ut
3470 5553 3615 5632 prm-

2025 5629 2327 5712 dicaturum
2356 5652 2449 5709 illo
2474 5650 2698 5711 abiisse;
2721 5644 2866 5716 quod
2892 5629 3617 5696 subindicansMarcusdice-

2027 5750 2136 5815 bat,
2157 5748 2279 5819 quia
2297 5743 2585 5801 occultavit
2612 5739 2845 5808 seipsum
2865 5744 2917 5790 et
2941 5747 3046 5787 non
3065 5731 3234 5785 lati-re
3252 5725 3442 5797 potuit.
3460 5719 3614 5776 Sicut

3222 5904 3233 5914 ,
3268 5846 3306 5905 Is

3634 4724 3665 4733 -ρ
