4102 6438
549 302 653 358 519

543 414 688 469 enim
716 428 895 471 rerum
922 412 1301 481 consequentia
1329 413 1665 481 postulabat,
1706 423 1762 467 ut
1804 428 1870 469 ne
1908 413 1975 468 ad
2018 415 2135 470 illos

544 504 749 574 primos
768 512 1074 560 accnrreret
1101 519 1116 557 :
1142 504 1220 557 sic
1239 502 1556 558 accedentes
1577 504 1838 573 repellere
1863 504 2134 574 indignum

542 605 661 652 erat
689 596 833 652 illius
860 594 1203 666 benignitate.
1229 594 1360 649 Nam
1383 596 1426 649 si
1456 594 1721 666 fugientes
1744 596 1950 666 insequi
1975 612 2135 667 opor-

542 688 689 743 tebat
707 730 724 754 ,
768 688 938 743 multo
966 687 1135 756 magis
1161 687 1501 756 insequentes
1544 686 1725 756 fugere
1754 702 1861 741 non
1888 687 2129 744 decebat.

543 780 675 836 Vide
702 780 864 851 igitur
886 778 1156 849 quomodo
1178 779 1323 834 omni
1351 779 1613 835 beneﬁcio
1636 780 1793 849 digna
1821 781 1891 834 sit
1915 781 2127 836 mulier.

537 871 721 942 Neque
749 870 892 925 enim
921 884 1048 925 ausa
1078 878 1161 925 est
1189 869 1372 926 venire
1405 870 1793 942 Jerosolymam
1812 911 1827 935 ,
1858 871 2050 927 timens
2073 880 2129 928 et

535 976 596 1017 se
626 976 689 1017 re
728 960 819 1016 illa
861 960 1130 1031 indignam
1165 969 1440 1031 reputans.
1478 960 1591 1015 Nisi
1615 959 1758 1015 enim
1788 959 1889 1016 hoc
1909 960 2125 1018 detenta

537 1062 683 1107 metu
709 1050 928 1118 fuisset,
969 1060 1192 1107 ventura
1220 1050 1314 1106 illo
1334 1059 1481 1118 erat,
1513 1058 1571 1105 ut
1595 1064 1660 1105 ex
1688 1050 1941 1121 praesenti
1966 1050 2125 1106 vehe-

535 1142 731 1198 mentia
754 1142 943 1213 liquet,
966 1149 1024 1199 et
1040 1156 1109 1197 ex
1129 1156 1197 1196 eo
1221 1140 1363 1211 quod
1389 1140 1523 1195 ﬁnes
1546 1154 1674 1195 suos
1697 1155 1912 1211 egressa
1941 1141 2119 1197 fuerit.

530 1231 756 1298 Quidam
772 1246 901 1287 vero
917 1230 1033 1287 haec
1047 1231 1333 1301 allegorice
1348 1230 1676 1301 explicantes
1688 1230 1892 1299 dicunt,
1905 1232 2120 1302 quando

516 1342 595 1381 ex
622 1325 809 1383 ludam
836 1340 1085 1397 egressus
1111 1334 1194 1381 est
1217 1323 1477 1390 Christus,
1512 1332 1638 1379 tunc
1675 1323 1744 1380 ad
1783 1324 1932 1380 illum
1961 1339 2118 1380 acce-

527 1418 658 1474 dere
682 1432 866 1475 ausam
892 1432 1013 1474 esse
1041 1416 1375 1483 Ecclesiam,
1410 1430 1530 1486 qua:
1567 1423 1622 1470 et
1664 1415 1777 1485 ipsa
1815 1431 1882 1470 ex
1925 1415 2118 1471 ﬁnibus

526 1508 641 1564 suis
664 1521 877 1579 egressa
903 1517 1013 1573 est;
1044 1507 1120 1561 ait
1138 1508 1279 1562 enim
1311 1522 1324 1559 :
1351 1504 1655 1560 Ubliuiscere
1679 1506 1926 1576 populum
1951 1516 2111 1571 tuum,

526 1612 575 1656 et
601 1602 996 1672 domumpatris
1023 1601 1096 1654 tui
1116 1598 1141 1668 (
1160 1598 1306 1654 Psal.
1335 1600 1427 1655 ﬂ.
1458 1601 1519 1655 it
1540 1596 1582 1672 ).
1620 1598 1752 1654 Nam
1780 1598 2023 1655 Christus
2048 1615 2113 1655 ex

529 1691 728 1746 ﬁnibus
738 1690 849 1746 suis
868 1691 1123 1756 excessit,
1149 1698 1202 1744 et
1226 1690 1422 1745 mulier
1435 1705 1645 1760 quoque
1664 1706 1730 1746 ex
1753 1688 1947 1745 ﬁnibus
1966 1691 2075 1745 suis
2096 1708 2110 1745 :

524 1791 578 1836 et
604 1781 684 1838 sic
714 1790 1000 1851 potuerunt
1024 1796 1125 1836 una
1153 1781 1404 1851 colloqui.
1430 1780 1562 1834 Ecce
1590 1780 1762 1847 enim,
1794 1781 1900 1844 ait,
1932 1780 2113 1833 mulier

520 1873 816 1929 Chanamea
848 1889 1050 1945 egressa
1086 1889 1148 1927 ea:
1185 1872 1370 1942 ﬁnibus
1408 1873 1531 1926 suis.
1564 1874 1793 1928 Accusat
1833 1872 2108 1926 mulierem

523 1967 878 2038 evangelista,
906 1976 964 2021 ut
987 1964 1235 2021 ostendat
1265 1964 1576 2019 miraculum
1596 2004 1612 2028 ,
1643 1964 1916 2034 ipsamque
1940 1963 2109 2032 magis

523 2056 794 2126 praedicet.
823 2056 1035 2111 Etenim
1064 2070 1183 2110 cum
1222 2054 1373 2109 audis
1399 2053 1782 2119 Chananamm,
1824 2054 2107 2108 recordare

519 2151 757 2219 gentium
786 2148 1321 2217 illaruminiquarum
1340 2187 1355 2210 ,
1394 2163 1513 2216 qua:
1539 2147 1698 2201 etiam
1734 2146 1878 2215 leges
1904 2155 2107 2201 natura:

517 2258 549 2303 a
585 2241 946 2298 fundamentis
971 2249 1293 2296 everterant.
1336 2240 1552 2295 illorum
1591 2254 1720 2296 vero
1758 2241 2103 2307 recordatus,

517 2334 688 2405 cogita
709 2334 815 2388 vim
837 2333 1034 2388 Christi
1060 2333 1341 2388 adventus.
1370 2332 1469 2398 Qui
1495 2332 1637 2387 enim
1665 2332 1822 2402 ejecti
1844 2342 1974 2408 sunt
1991 2374 2005 2398 ,
2037 2349 2105 2389 ne

516 2425 730 2481 Iudaeos
754 2433 1157 2496 perverterent,
1191 2424 1246 2478 bi
1274 2424 1409 2479 adeo
1441 2423 1638 2479 iudicis
1668 2424 1951 2479 meliores'
1984 2423 2098 2480 fue-

515 2527 731 2588 runt,ut
747 2518 905 2573 etiam
916 2532 991 2571 ex
1018 2516 1340 2571 ﬁnibus-suis
1359 2515 1559 2586 egressi
1582 2514 1849 2572 Christum
1873 2515 2100 2583 adirent,

515 2609 642 2665 dum
671 2607 1020 2664 Judaei-illum
1048 2607 1116 2661 ad
1141 2622 1200 2662 se
1228 2608 1529 2662 venientem
1558 2606 1900 2675 repellerent.
1927 2607 2101 2663 Acre-

515 2702 647 2759 dens
682 2714 812 2772 ergo
850 2699 983 2755 nihil
1023 2699 1165 2753 aliud
1210 2698 1372 2765 dixit,
1418 2698 1552 2761 nisi,
1601 2698 1841 2752 Miserere
1877 2699 2008 2764 mei,
2047 2707 2104 2754 et

514 2794 748 2850 clamore
775 2809 873 2849 suo
899 2807 1149 2863 magnum
1180 2791 1443 2846 theatrum
1471 2800 1748 2847 convocat.
1789 2790 1918 2846 Erat
1956 2791 2099 2847 enim

514 2885 816 2943 miserabile
845 2886 1202 2956 spectaculum
1226 2926 1240 2949 ,
1282 2884 1562 2940 mulierem
1592 2898 1817 2940 cernere
1855 2899 1975 2940 cum
2015 2884 2097 2939 af-

514 2981 652 3037 Fectu
685 2989 833 3036 tanto
846 2980 1176 3036 clamantem
1194 3020 1209 3045 ,
1237 2986 1293 3033 et
1314 2978 1592 3033 mulierem
1621 2986 1845 3033 matrem
1875 2992 1971 3047 pro
1993 2977 2100 3033 ﬁlia

510 3075 897 3145 supplicantem
937 3073 1146 3136 videre,
1182 3087 1285 3143 pro
1323 3073 1467 3139 ﬁlia,
1518 3074 1765 3151 inquam,
1812 3082 1916 3127 tam
1959 3073 2099 3129 male

509 3167 718 3223 aliecta.
747 3165 931 3237 Neque
959 3168 1099 3220 enim
1127 3176 1257 3220 ausa
1283 3165 1380 3219 fuit
1409 3165 1464 3219 in
1489 3163 1720 3235 Magistri
1751 3176 2095 3236 conspectum

507 3259 889 3315 dzumoniacam
928 3258 1193 3314 adducere
1223 3275 1236 3313 :
1267 3258 1361 3314 sed
1404 3258 1494 3313 illa
1531 3257 1674 3314 domi
1716 3259 1897 3315 relicta
1920 3300 1934 3326 ,
1982 3259 2096 3328 ipsa

505 3367 564 3406 se
592 3352 883 3421 supplicem
904 3350 1070 3414 sistit,
1093 3349 1445 3420 morbumque
1466 3357 1666 3403 tantum
1688 3357 2092 3413 commemorat,

507 3444 638 3497 nihil
663 3443 893 3513 amplius
920 3442 1205 3511 adjiciens;
1251 3455 1423 3510 neque
1463 3440 1723 3495 medicum
1762 3440 1979 3494 domum
2012 3448 2096 3494 at-

508 3534 702 3600 trahit,
745 3533 882 3587 sicut
918 3533 1129 3603 regulus
1167 3531 1288 3595 ille,
1326 3531 1414 3601 qui
1439 3529 1657 3585 dicebat
1688 3547 1701 3583 :
1745 3528 1870 3584 Veni
1910 3540 1957 3585 et
1995 3531 2095 3583 im-

508 3641 638 3694 pone
664 3640 874 3679 manum
905 3631 1073 3690 luant,
1116 3632 1163 3677 et
1190 3622 1434 3677 descende
1460 3631 1727 3692 antequam
1756 3622 2002 3675 moriatur
2027 3622 2094 3689 ﬁ-

506 3719 604 3772 lius
630 3732 769 3773 meus
798 3715 988 3789 (Joan.
1018 3716 1072 3771 ι.
1097 3713 1204 3785 49)
1234 3732 1248 3768 :
1271 3712 1364 3768 sed
1389 3712 1689 3768 calamitate
1707 3727 1800 3767 sna
1827 3712 2091 3781 exposita,

503 3820 558 3867 et
583 3809 754 3867 morbi
782 3807 1179 3880 magnitudine,
1215 3804 1633 3861 misericordiam
1666 3803 1873 3858 Domini
1902 3816 2095 3873 magno

503 3902 739 3957 clamore
782 3900 1031 3970 implorat
1074 3916 1087 3952 :
1138 3913 1238 3955 nec
1266 3897 1427 3963 dicit,
1467 3896 1722 3952 Miserere
1763 3895 1885 3950 ﬁliae
1923 3908 2091 3958 meae,

502 3995 639 4059 sed,
669 3993 912 4049 liserere
933 3993 1052 4048 mei.
1086 3990 1177 4047 llla
1205 3992 1402 4062 quippe
1430 3990 1603 4046 morbi
1631 4004 1847 4046 sensum
1890 3989 2092 4044 nullum

505 4083 697 4150 habet;
728 4098 828 4153 ego
853 4096 982 4139 vero
1011 4082 1202 4137 millies
1227 4082 1542 4144 discrucior,
1583 4081 1635 4135 in
1676 4096 1892 4137 sensum
1933 4080 2093 4151 aegri-

440 4232 449 4241 ,
506 4175 704 4232 tudinis
727 4176 907 4241 venio,
944 4183 1001 4231 et
1029 4176 1151 4231 viso
1186 4176 1376 4231 morbo
1412 4175 1638 4229 insanio.
1678 4174 1767 4230 25.
1801 4174 1902 4230 Ille
1927 4185 2093 4229 autem

505 4284 608 4321 non
632 4267 894 4338 respondit
922 4267 968 4321 ei
996 4266 1219 4322 verbum.
1245 4265 1413 4333 Quam
1446 4280 1639 4320 novum
1664 4263 1772 4321 hoc
1796 4276 1853 4321 et
1881 4266 2091 4321 inaudi-

506 4359 649 4415 tum!
680 4358 897 4416 Iudaeos
925 4368 979 4415 et
1016 4357 1253 4429 ingratos
1291 4356 1525 4419 inducit,
1564 4365 1620 4412 et
1657 4356 2100 4427 blasphemantes

507 4458 691 4520 rogat,
736 4459 792 4506 et
842 4458 1110 4505 tentantes
1150 4463 1256 4502 non
1300 4447 1521 4503 dimittit
1562 4464 1576 4501 :
1617 4446 1754 4502 hanc
1798 4462 1928 4504 vero
1973 4462 2095 4518 quae

503 4541 572 4596 ad
601 4541 773 4612 ipsum
801 4540 1066 4606 accurrit,
1097 4553 1216 4609 qua:
1251 4547 1403 4608 rogat
1431 4546 1483 4593 et
1509 4538 1804 4609 supplicat,
1836 4553 1955 4608 qua:
1993 4552 2093 4593 nec

505 4634 560 4688 in
590 4632 705 4703 lege
735 4647 834 4687 nec
865 4632 917 4686 in
948 4629 1221 4701 prophetis
1248 4631 1502 4696 educata,
1546 4635 1748 4683 tantam
1774 4637 1951 4683 tamen
1983 4629 2091 4698 pie-

504 4734 668 4780 tatem
696 4724 934 4790 exhibet,
964 4738 1030 4778 ne
1055 4721 1405 4792 responsione
1428 4718 1639 4790 quidem
1671 4718 1933 4789 dignatur.
1962 4719 2091 4786 Quis

502 4832 611 4872 non
641 4815 876 4871 oﬂ'ensus
903 4815 1125 4881 fuisset,
1150 4813 1303 4868 famae
1332 4812 1496 4883 ipsius
1525 4827 1638 4867 rem
1675 4813 1746 4866 ita
1770 4812 2091 4867 contrariam

506 4905 732 4961 videns?
761 4906 1054 4961 Audierant
1093 4904 1270 4973 enim,
1312 4903 1484 4973 ipsum
1529 4901 1675 4957 vicos
1714 4903 2093 4957 circumeundo

505 4997 724 5051 morbos
743 5010 931 5051 curare
954 5014 967 5050 :
991 4996 1130 5051 hanc
1156 5010 1286 5051 vero
1305 4992 1646 5049 accedentem
1664 4992 1902 5063 depellit.
1921 4994 2090 5059 Quem

504 5106 611 5144 non
651 5088 888 5158 ﬂexisset
926 5088 1143 5143 morbus
1183 5088 1301 5143 talis
1341 5098 1501 5158 atque
1540 5086 1885 5156 supplicatio,
1931 5102 2090 5156 quam

504 5178 780 5233 emittebat
803 5193 898 5249 pro
918 5178 1025 5232 tilia
1044 5186 1151 5232 tam
1173 5177 1313 5233 male
1332 5176 1558 5234 affecta?
1578 5176 1759 5248 Neque
1778 5180 1920 5234 enim
1941 5180 2092 5249 quasi

507 5271 666 5339 digna
696 5268 976 5333 beneﬁcio,
997 5280 1051 5325 et
1079 5270 1229 5338 quasi
1260 5269 1497 5324 debitum
1532 5270 1810 5339 postulans
1835 5271 2085 5336 accessit,

510 5362 604 5417 sed
638 5360 1063 5417 misericordiam
1092 5361 1324 5431 petebat,
1350 5370 1405 5415 et
1424 5362 1781 5419 calamitatem
1810 5378 1960 5418 suam
1987 5372 2095 5419 tra-

515 5452 633 5521 gice
674 5454 961 5520 narrabat,
1003 5468 1176 5523 neque
1216 5462 1391 5508 tamen
1431 5457 1781 5524 responsione
1823 5438 2090 5527 dignatur.

515 5540 662 5598 Multi
702 5543 928 5601 fortasse
964 5559 1033 5601 ex
1062 5542 1399 5600 audientibus
1435 5545 1625 5602 offensi
1662 5556 1829 5602 sunt:
1860 5548 1947 5604 illa
1987 5564 2093 5604 non

579 5691 595 5721 ¹
618 5690 733 5743 Mss.
756 5693 956 5757 plurimi
971 5696 1172 5757 habent,
1196 5693 1524 5766 sapientiores,
1547 5708 1655 5760 pro,
1677 5694 1921 5752 meliores.

1295 299 1350 353 S.
1391 298 1665 355 JOANNIS
1688 300 2159 357 CHRYSOSTOMI
2199 304 2517 365 ARCHIEP.
2558 311 3085 375 CONSTANTINOP.

3720 333 3826 387 5‘20

2247 417 2392 474 item.
2428 421 2632 495 Ecquid
2669 427 2819 497 dico,
2850 446 2915 486 ex
2945 433 3318 494 audientibus?
3345 414 3633 510 Nam'puto
3663 443 3817 502 disci-

2241 511 2392 603 pulos
2416 513 2560 603 ipsos
2573 516 2641 571 de
2661 519 2961 575 calamitate
2980 522 3219 579 mulieris
3244 526 3464 583 affectos
3488 531 3829 603 turbatosque

2238 598 2420 656 fuisse.
2450 602 2633 674 Neque
2660 614 2868 675 tamen,
2901 611 3099 666 turbati
3126 613 3284 682 licet,
3312 615 3494 674 dicere
3520 621 3634 675 ausi
3662 598 3785 678 sunt
3809 639 3823 677 :

2237 689 2385 783 lianc
2425 692 2503 747 illi
2541 697 2775 753 concede
2800 701 3028 768 gratiam
3067 719 3084 758 :
3122 705 3217 761 sed
3256 706 3557 765 Accedentes
3588 712 3831 783 dscipuli

2232 781 2478 873 rogabant
2499 799 2613 837 eum
2639 786 2861 843 dicentes
2881 805 2901 844 :
2927 788 3139 848 Dimitte
3166 794 3331 863 illam,
3358 799 3478 867 quia
3503 799 3691 855 clamat
3714 781 3831 873 post

2231 884 2341 923 nos.
2370 870 2480 927 Nos
2508 875 2654 930 enim
2680 890 2803 932 cum
2833 878 3079 936 volumus
3101 882 3298 954 aliquid
3326 889 3589 955 suadere,
3613 870 3828 948 contra-
3887 888 3892 896 λ

2229 959 2311 1013 ria
2349 974 2495 1030 saepe
2529 962 2759 1022 dicimus
2787 982 2804 1021 :
2833 966 3080 1026 Christus
3108 987 3236 1028 vero
3264 976 3338 1030 ait
3366 994 3379 1029 :
3408 977 3497 1033 2t.
3545 979 3666 1033 Non
3710 996 3824 1035 sunt

2230 1048 2412 1104 missus
2441 1051 2539 1105 nisi
2564 1055 2633 1107 ad
2661 1070 2775 1110 oves
2797 1072 2911 1126 qua!
2933 1060 3188 1128 perierunt
3216 1066 3393 1120 domus
3420 1066 3607 1123 Israel.

2295 1139 2351 1193 2.
2379 1142 2515 1208 Quid
2545 1145 2705 1214 igitur
2730 1149 2963 1205 mulier?
3000 1166 3067 1208 an
3106 1168 3227 1209 cum
3270 1159 3384 1213 haec
3419 1159 3691 1227 audisset,
3732 1172 3814 1217 ta-

2225 1230 2373 1285 cuit?
2392 1248 2458 1287 an
2481 1233 2764 1291 discessit?
2786 1253 2854 1294 an
2874 1240 3107 1298 studium
3127 1253 3183 1299 et
3204 1247 3437 1301 animum
3462 1253 3811 1320 compressit?

2220 1320 2469 1389 Minime;
2513 1324 2622 1379 imo
2660 1330 2831 1397 magis
2867 1329 3116 1387 instabat.
3154 1333 3351 1391 Verum
3390 1337 3529 1393 haud
3570 1340 3640 1395 ita
3677 1357 3808 1409 nos;

2218 1412 2315 1468 sed
2343 1429 2464 1469 cum
2492 1417 2756 1485 postulata
2783 1436 2889 1476 non
2913 1425 3270 1494 assequimur,
3298 1428 3604 1486 desistimus
3622 1472 3638 1498 ,
3684 1449 3807 1491 cum

2219 1506 2390 1576 magis
2427 1507 2625 1564 instare
2661 1524 2758 1579 par
2792 1522 2953 1568 esset.
2993 1514 3157 1586 Atqui
3198 1533 3357 1587 quem
3387 1530 3494 1575 nun
3524 1522 3805 1593 dejecisset

2216 1594 2417 1651 dictum
2456 1597 2797 1669 bujusmodi?
2827 1601 3003 1672 Ipsum
3032 1607 3299 1662 silentium
3328 1620 3534 1679 poterat
3570 1612 3713 1668 illam
3752 1615 3803 1671 in

2215 1688 2643 1759 desperationem
2673 1695 2970 1765 conjicere;
3010 1698 3489 1773 multoque'magis
3526 1708 3803 1775 responsio

2217 1780 2357 1835 talis.
2376 1780 2511 1835 Nam
2529 1797 2650 1838 cum
2670 1796 2922 1854 patronos
2942 1802 3067 1843 suos
3092 1803 3277 1845 secum
3299 1793 3563 1860 repulsam
3591 1798 3699 1866 pati
3722 1798 3799 1851 vi-

2212 1869 2719 1945 deret,audiretquc,
2735 1892 2847 1932 rem
2866 1877 2981 1932 ﬁeri
2998 1894 3101 1932 non
3123 1879 3360 1949 posse,in
3376 1881 3799 1953 desperationem

2211 1966 2558 2034 assequendae
2585 1968 2661 2022 rei
2691 1969 2882 2038 conjici
2926 1978 3151 2040 poterat.
3185 1974 3432 2028 Attamen
3472 1989 3578 2029 non
3622 1978 3799 2032 animo

2210 2053 2405 2110 defecit
2428 2057 2651 2123 mulier;
2686 2058 2780 2113 sed
2822 2060 2909 2114 ubi
2940 2060 3091 2126 vidit,
3128 2062 3258 2115 nihil
3280 2072 3532 2132 patronos
3561 2064 3795 2133 efficere,

2209 2158 2309 2200 ceu
2326 2146 2651 2215 impudentia
2673 2147 2956 2205 laudabili‘
2981 2165 3073 2205 usa
3094 2152 3369 2207 est.Antea
3387 2154 3438 2207 in
3452 2165 3795 2225 conspectum

2208 2235 2391 2291 venire
2418 2251 2524 2291 non
2554 2237 2783 2294 audebat
2823 2257 2835 2292 :
2863 2237 3081 2307 Clamat,
3108 2242 3371 2311 inquiunt,
3396 2252 3507 2313 post
3526 2260 3618 2299 nos
3634 2260 3656 2309 ,'
3675 2259 3793 2301 cum

2208 2336 2386 2382 autem
2402 2328 2693 2384 verisimile
2721 2329 3008 2396 videretur,
3032 2330 3203 2401 ipsam
3223 2333 3385 2387 animi
3408 2333 3619 2388 dubiam
3650 2346 3793 2390 retro

2207 2430 2503 2484 cessuram,
2529 2428 2652 2475 tunc
2666 2418 2755 2473 illa
2778 2421 2995 2491 propius
3021 2424 3266 2491 accessit,
3292 2433 3344 2477 et
3370 2422 3598 2479 adorans
3618 2425 3750 2480 dixit
3776 2444 3791 2481 :

2205 2508 2296 2564 25.
2327 2508 2564 2576 Domine,
2595 2512 2782 2581 adjuva
2810 2529 2905 2567 me.
2926 2514 3063 2581 Quid
3091 2513 3193 2569 hoc
3221 2523 3325 2583 est,
3349 2529 3385 2570 ο
3410 2516 3637 2571 mulier?
3666 2534 3789 2572 num

2206 2600 2464 2670 majorem
2491 2600 2675 2668 habes,
2700 2617 2858 2672 quam
2883 2605 3130 2673 apostoli,
3159 2604 3442 2660 ﬁduciam?
3466 2622 3591 2661 num
3625 2608 3791 2677 majo~

2204 2706 2318 2747 rem
2347 2691 2746 2750 fortitudinem?
2771 2694 3039 2751 Fiduciam
3058 2706 3113 2753 et
3135 2696 3495 2755 fortitudinem
3532 2700 3752 2757 minime
3772 2738 3788 2765 ,

2204 2783 2311 2839 imo
2327 2783 2530 2854 pudore
2545 2784 2840 2853 suffundor;
2859 2789 2952 2843 sed
2969 2789 3396 2845 inverecundiam
3408 2806 3507 2861 pro
3521 2794 3787 2862 supplica-

2205 2873 2349 2929 tione
2373 2874 2604 2931 adhibeo
2633 2892 2647 2928 :
2682 2877 3011 2933 reverebitur
3034 2874 3278 2935 ﬁduciam
3303 2896 3498 2937 meam.
3527 2882 3633 2938 Sed
3663 2883 3788 2953 quid
3861 2948 3866 2952 η

2203 2965 2342 3022 hoc?
2369 2982 2477 3023 non
2502 2968 2696 3024 audisti
2731 2970 2996 3027 dicentem
3017 3013 3030 3037 ,
3064 2971 3186 3027 Non
3221 2990 3334 3028 sum
3372 2974 3553 3029 missus
3592 2976 3692 3031 nisi
3719 2975 3786 3029 ad

2201 3074 2313 3112 oves
2339 3074 2452 3129 quae
2477 3059 2730 3129 perierunt
2760 3060 2937 3114 domus
2964 3060 3170 3117 Israel?
3194 3064 3386 3118 Audivi
3409 3104 3425 3130 ,
3458 3065 3626 3134 inquit
3645 3106 3661 3131 ,
3693 3064 3786 3119 sed

2202 3151 2314 3221 ipse
2343 3152 2597 3208 Dominus
2625 3162 2728 3209 est.
2761 3153 2886 3210 Ideo
2913 3169 3021 3211 non
3047 3155 3291 3211 dicebat?
3318 3157 3421 3211 Ora
3450 3167 3503 3211 et
3527 3172 3782 3226 precare;

2200 3242 2317 3309 sed,
2348 3242 2547 3313 Adjuva
2572 3261 2668 3299 me.
2699 3245 2837 3312 Quid
2862 3261 2990 3317 ergo
3015 3243 3292 3302 Christus?
3322 3247 3399 3303 Ne
3425 3249 3540 3303 istis
3566 3249 3782 3318 quidem

2199 3341 2511 3399 contentus,
2542 3334 2923 3391 dubitationem
2954 3336 3129 3404 auxit,
3160 3336 3343 3393 dicens
3373 3356 3385 3392 :
3414 3338 3504 3393 26.
3549 3337 3673 3393 Non
3708 3350 3782 3395 est

2201 3424 2386 3477 bonum
2410 3440 2607 3479 sumere
2630 3441 2809 3493 panem
2834 3427 3088 3495 ﬁliorum,
3130 3437 3177 3481 et
3204 3429 3394 3481 mittere
3417 3428 3644 3483 canibus.
3678 3429 3783 3484 Re-

2199 3528 2399 3585 Sponso
2435 3517 2604 3585 magis
2647 3532 2805 3587 quam
2844 3518 3054 3573 silentio
3094 3519 3343 3573 maestitia
3383 3519 3524 3573 illam
3568 3519 3783 3574 alfeeit?

2197 3606 2315 3661 iam
2359 3622 2465 3663 non
2504 3608 2571 3662 ad
2608 3609 2771 3663 alium
2817 3624 3031 3665 causam
3072 3610 3355 3677 transfert,
3405 3626 3577 3680 neque
3614 3612 3778 3677 dicit,

2200 3697 2324 3753 Non
2348 3715 2458 3753 sum
2477 3700 2656 3754 missus
2680 3715 2699 3756 :
2720 3700 2815 3755 sed
2835 3709 3033 3771 quanto
3055 3701 3220 3770 magis
3239 3702 3324 3754 illa
3349 3701 3575 3771 petendo
3594 3701 3778 3769 instat,

2200 3800 2347 3845 tanto
2388 3790 2645 3860 majorem
2686 3792 2776 3847 ille
2816 3791 2908 3847 dat
2946 3792 3235 3862 repulsam.
3276 3792 3459 3863 Neque
3494 3792 3605 3862 jam
3653 3808 3780 3848 oves

2198 3890 2352 3937 vocat
2372 3881 2605 3951 Judzeos,
2630 3883 2724 3939 sed
2745 3884 2901 3950 ﬁlios,
2926 3885 3091 3954 ipsam
3114 3899 3239 3940 vero
3258 3899 3464 3940 canem.
3494 3885 3629 3952 Quid
3651 3900 3780 3955 ergo

2198 3974 2424 4029 mulier?
2458 3974 2537 4029 Ex
2577 3975 2702 4044 ipsis
2744 3976 2925 4030 verbis
2959 3975 3326 4031 defensionem
3368 3977 3467 4031 sibi
3510 3985 3683 4047 parat.
3723 3977 3779 4033 Si

2196 4067 2347 4121 canis
2381 4080 2537 4133 sum,
2582 4066 2787 4138 inquit,
2830 4084 2935 4123 non
2975 4083 3094 4122 sum
3139 4069 3333 4124 aliena.
3375 4068 3503 4123 .lure
3536 4068 3779 4124 Christus

2197 4157 2404 4213 dicebat
2425 4198 2440 4222 ,
2471 4157 2537 4211 In
2553 4158 2811 4229 judicium
2838 4175 2929 4229 ego
2956 4159 3069 4214 veni
3107 4159 3125 4228 (
3143 4158 3301 4213 Joan.
3340 4158 3393 4215 9.
3432 4159 3557 4230 39).
3588 4159 3782 4214 Mulier

2199 4248 2286 4303 illa
2313 4248 2735 4319 philosophatur,
2764 4251 3216 4319 perseverantiam
3255 4261 3309 4306 et
3347 4250 3775 4320 ﬁdem-magnam

2197 4339 2445 4406 exhibet,
2474 4339 2578 4395 etsi
2596 4341 2934 4395 contumeliis
2962 4339 3149 4395 ail‘ecta
3179 4357 3195 4396 :
3225 4340 3394 4397 Judaei
3426 4356 3551 4396 vero
3576 4355 3705 4396 cura
3722 4348 3775 4395 et

2198 4430 2402 4487 honore
2431 4431 2579 4498 culti,
2611 4432 2933 4487 contrariam
2960 4434 3130 4487 vicem
3157 4432 3474 4502 rependunt.
3503 4430 3661 4498 Novi,
3694 4432 3777 4486 in-

2196 4524 2312 4593 quit
2336 4524 2445 4588 illa,
2465 4523 2641 4579 cibum
2673 4523 2795 4578 ﬁliis
2820 4537 2939 4579 esse
2972 4524 3367 4589 necessarium;
3400 4538 3571 4594 neque
3600 4532 3780 4578 tamen

2193 4630 2318 4685 ego,
2345 4616 2444 4672 etsi
2470 4616 2636 4681 canis,
2668 4616 2856 4685 repelli
2881 4615 3072 4671 debeo.
3103 4615 3235 4670 Nam
3264 4616 3311 4671 si
3337 4615 3488 4671 nefas
3511 4626 3596 4671 est
3619 4614 3778 4686 quid—

2196 4723 2355 4779 quam
2385 4708 2662 4778 accipere,
2695 4707 2777 4761 vel
2804 4720 2834 4760 a
2865 4705 3015 4760 micis
3040 4705 3448 4771 abstinendum;
3487 4706 3571 4760 sin
3600 4705 3778 4760 tantil-

2197 4800 2303 4855 lam
2340 4809 2547 4871 partem
2594 4798 2791 4852 habere
2830 4796 2985 4861 licet,
3026 4810 3129 4851 nec
3165 4810 3265 4866 ego
3304 4795 3609 4865 prohibeor,
3658 4795 3777 4849 licet

2197 4892 2346 4946 canis
2375 4891 2510 4955 sim;
2543 4889 2637 4945 sed
2664 4888 2783 4943 ideo
2806 4888 3036 4943 maxime
3062 4887 3115 4942 in
3142 4897 3350 4957 partem
3375 4887 3612 4942 vocanda
3638 4899 3775 4941 smn.

2198 4982 2274 5037 Ea
2312 4982 2381 5036 de
2417 4994 2575 5035 causa
2617 4979 2860 5034 Christus
2895 4978 3207 5044 differebat,
3250 4977 3392 5049 quod
3433 4978 3595 5033 sciret
3635 4978 3777 5031 illam

2198 5072 2313 5127 haec
2341 5071 2602 5125 dicturam
2632 5083 2773 5134 esse,
2803 5068 2924 5123 ideo
2948 5068 3143 5122 donum
3174 5067 3419 5137 negabat,
3452 5075 3508 5120 ut
3529 5066 3646 5136 ejus
3668 5064 3779 5135 phi~

2198 5163 2495 5234 losophiam
2527 5162 2819 5217 exhiberet.
2850 5161 2959 5216 Nisi
2990 5162 3133 5215 enim
3158 5161 3379 5216 daturus
3405 5160 3594 5215 fuisset
3615 5199 3633 5227 ,
3676 5174 3778 5213 non

2198 5264 2383 5326 postea
2411 5254 2666 5319 dedisset,
2688 5269 2861 5324 neque
2886 5254 3030 5307 illam
3052 5252 3243 5307 iterum
3271 5253 3615 5323 repressisset
3643 5269 3657 5305 :
3689 5250 3780 5307 sed

2196 5344 2340 5417 quod
2366 5360 2489 5416 erga
2519 5345 2883 5400 centurionem
2910 5341 3074 5409 fecit,
3103 5342 3288 5398 dicens
3315 5359 3328 5394 :
3357 5340 3467 5412 Ego
3496 5341 3709 5402 ueniam,
3737 5348 3779 5392 et

2196 5442 2382 5494 curabo
2409 5454 2525 5492 eum
2554 5435 2781 5506 (Matth.
2811 5435 2864 5490 8.
2894 5433 2995 5507 7);
3028 5442 3086 5488 ut
3121 5436 3237 5504 ejus
3269 5432 3519 5503 pietatem
3544 5431 3775 5486 discere-

2194 5545 2319 5585 mus
2338 5569 2353 5596 ,
2385 5538 2438 5585 et
2465 5528 2770 5583 audiremus
2800 5526 2947 5582 illum
2975 5526 3285 5582 dicentem:
3315 5522 3434 5581 Non
3460 5523 3773 5593 sumdignus

2263 5704 2280 5736 ί
2306 5704 2360 5754 lu
2398 5717 2497 5755 uno
2512 5701 2689 5756 Codice
2708 5699 2850 5753 deest
2879 5718 2988 5767 vox,
3010 5700 3262 5755 laudabili.
