4102 6426
389 420 610 481 ἔδωκεν,
637 412 746 468 οὐδ’
769 413 838 468 ἂν
860 413 1218 484 ἐπεστόμισεν
1237 411 1410 482 αὐτὴν
1432 411 1594 466 πάλιν
1619 425 1634 441 ⁸
1670 411 1785 466 ἀλλ’
1814 411 1950 483 ὅπερ
1971 411 2066 464 ἐπὶ

388 507 484 562 τοῦ
513 503 915 574 ἑκατοντάρχου
966 504 1110 558 ποιεῖ
1129 542 1146 566 ,
1194 500 1369 568 λέγων
1402 517 1416 530 ο
1466 500 1615 569 Ἐγὼ
1649 499 1845 557 ἐλθὼν
1895 501 2068 569 θερα.

391 594 596 648 πεύσω
624 591 830 656 αὑτὸν,
864 590 951 644 ἴνα
985 589 1243 660 μάθωμεν
1272 589 1484 644 ἐκείνου
1510 588 1610 660 τὴν
1631 587 1942 655 εὐλάϐειαν,
1971 588 2067 645 καὶ

390 681 716 752 ἀκούσωμεν
765 676 932 732 αὐτοῦ
985 677 1234 746 λέγοντος
1261 693 1274 707 ·
1304 678 1428 731 Οὐκ
1477 677 1596 746 εἰμί
1627 676 1799 742 ἀεὶος
1827 676 1930 729 ἵνα
1950 691 2066 740 μου

391 769 514 826 ὑπὸ
543 768 658 837 τὴν
685 766 910 837 στέγην
946 764 1255 832 εἰσέλθῃςο
1308 763 1404 819 καὶ
1430 764 1568 835 ὅπερ
1621 763 1716 816 ἐπὶ
1739 763 1841 832 τῆς
1871 763 2068 834 αίμορ·

394 855 626 927 ροούσης
650 856 811 920 ποιεί,
839 852 1013 921 λέγων
1029 869 1042 881 ·
1075 851 1215 921 ἐγὼ
1234 851 1367 906 οῖδα
1381 851 1638 920 δύναμιν
1651 850 1722 916 ἐξ
1737 849 1883 919 ἐμοῦ
1899 849 2070 915 ἐξελ-

393 942 646 1006 θοῦσαν,
673 941 758 994 ἵνα
794 937 1095 1009 κατάδηλον
1124 939 1295 1009 αὐτῆς
1337 939 1438 1010 τὴν
1473 938 1656 992 πίστιν
1685 938 1886 1008 ποιήσῃ
1912 953 1927 968 ο
1974 937 2069 992 καὶ

392 1030 528 1101 ὅπερ
567 1029 660 1082 ἐπὶ
689 1028 790 1096 τῆς
821 1027 1229 1099 Σαμαρείτιδος,
1257 1027 1345 1081 ’ίνα
1369 1025 1519 1100 δείξῃ
1546 1025 1664 1091 πῶς
1698 1025 1742 1058 ³⁷
1775 1025 1898 1080 οὐδέ
1915 1024 2071 1093 ἐλεγ-

393 1117 597 1188 χομένη
628 1115 920 1182 ἀφίσταται
940 1133 953 1146 ’
995 1114 1138 1168 οὕτω
1167 1114 1233 1185 δὴ
1265 1114 1360 1168 καὶ
1386 1112 1639 1168 ἐνταῦθα.
1665 1113 1741 1168 οὐ
1768 1113 1878 1185 γὰρ
1911 1112 2068 1166 ἐϐού-

394 1207 517 1259 λετο
563 1204 832 1276 κρυϐῆναι
879 1202 1151 1274 τοσαύτην
1197 1202 1455 1272 γυναικὸς
1507 1201 1730 1273 ἀρετήν.
1765 1202 1928 1256 Ὥστε
1970 1202 2070 1274 οὐχ

395 1291 710 1366 ὑϐρίζοντος
731 1287 800 1364 ἦν
821 1290 966 1364 άπερ
992 1291 1199 1360 ἔλεγεν,
1227 1289 1365 1345 ἀλλά
1395 1288 1822 1361 ἐκκαλουμένου,
1853 1289 1951 1344 καὶ
1978 1289 2070 1343 τὸν

395 1381 819 1452 ἐναποκείμενον
852 1379 1124 1452 θησαυρὸν
1170 1377 1623 1442 ἐκκαλύπτοντος.

463 1467 537 1520 Σὺ
561 1466 618 1519 δέ
647 1484 738 1536 μοι
772 1465 910 1536 μετά
941 1467 1038 1537 τῆς
1069 1465 1306 1528 πίστεως
1326 1465 1428 1536 δρα
1445 1464 1542 1518 καὶ
1572 1461 1674 1534 τὴν
1701 1479 2071 1534 ταπεινοφρο-

398 1553 567 1625 σύνην
585 1554 650 1608 ⁸³.
684 1553 856 1616 Αὐτὸς
876 1552 976 1624 μέν
1003 1551 1114 1622 γάρ
1138 1551 1306 1606 τέκνα
1343 1551 1571 1606 ἐκάλεσε
1590 1551 1718 1614 τοὺς
1758 1550 2068 1614 Ἰουδαίουςο

399 1639 538 1711 αὕτη
557 1639 616 1693 δέ
634 1639 735 1693 οὐκ
757 1637 1002 1710 ἠρκέσθη
1028 1638 1202 1708 τούτῳ
1229 1637 1296 1703 ³⁹,
1323 1636 1461 1692 ἀλλά
1485 1637 1579 1690 καὶ
1605 1635 1828 1708 κυρίους
1852 1635 2071 1704 ώνόμα-

397 1743 497 1780 σεο
525 1726 782 1782 τοσοῦτον
825 1726 1067 1798 ἀπέσχεν
1103 1726 1338 1798 ἀλγῆσαι
1365 1727 1478 1788 τοῖς
1515 1724 1720 1795 ἐτέρων
1749 1723 2068 1793 ἐγκωμίοις.

404 1814 511 1870 Kal
532 1814 644 1884 γὰρ
665 1816 738 1868 τὰ
781 1813 1056 1882 κυνάρια,
1093 1813 1278 1885 φησὶν,
1317 1812 1506 1867 ἐσθίει
1543 1811 1664 1867 ἀπὸ
1704 1809 1826 1865 τῶν
1849 1811 2073 1880 ψιχίων

402 1899 522 1954 τῶν
534 1900 876 1954 πιπτόντων
890 1899 1009 1954 ἀπὸ
1022 1898 1134 1968 τῆς
1155 1897 1445 1967 τραπέζης
1467 1897 1588 1952 τῶν
1606 1897 1830 1966 κυρίων
1847 1896 2070 1952 αὐτῶν.

402 1983 558 2051 Εἶδες
579 1987 836 2056 γυναικὸς
871 1986 1107 2048 σύνεσιν,
1131 1985 1251 2050 πῶς
1286 1985 1406 2039 οὐδέ
1445 1986 1718 2041 ἀντειπεῖν
1748 1985 2067 2057 ἐτόλμησεν,

396 2075 526 2130 οὐδέ
562 2074 764 2145 ἐδήχθη
797 2076 911 2138 τοῖς
940 2073 1142 2145 ἐτέρων
1186 2072 1448 2138 ἐπαίνοις,
1475 2073 1596 2127 οὐδὲ
1623 2072 1975 2144 ἠγανάκτησε
2001 2075 2070 2145 τῇ

401 2147 597 2232 ὕϐρεις
628 2158 782 2224 Εῐδες
814 2161 1092 2224 εὐτονίανς
1117 2159 1288 2224 Αὐτὸς
1313 2158 1658 2229 ἐλεγεν,οὐκ
1688 2160 1821 2214 ἔστι
1856 2161 2072 2214 καλόνο

403 2246 542 2321 αὕτη
574 2247 632 2302 δὲ
663 2247 841 2318 ἔλεγε,
889 2247 1024 2314 Ναί,
1053 2249 1232 2316 Κύριε
1265 2265 1279 2280 ·
1309 2247 1472 2311 αὐτὸς
1501 2247 1667 2301 τέκνα
1696 2246 1901 2313 ἐκάλει,
1935 2246 2073 2318 αὕτη

401 2334 460 2389 δέ
495 2334 721 2407 κυρίους
760 2351 775 2366 ·
817 2333 982 2400 αὐτὸς
1027 2335 1287 2405 κυνάριον
1322 2333 1604 2405 ὠνόμασεν
1628 2373 1644 2398 ,
1692 2333 1834 2405 αὐτη
1887 2333 1946 2388 δέ
1980 2334 2078 2388 καὶ

396 2421 466 2476 τὸ
491 2422 652 2494 ἐργον
695 2421 792 2476 τοῦ
832 2420 1094 2494 κυναρίου
1138 2421 1502 2493 προσέθηκεν.
1543 2419 1696 2486 Εἶδες
1743 2421 1948 2493 ταύτης
1977 2422 2077 2493 τὴν

401 2508 938 2580 ταπεινοφροσύνηνς
997 2511 1262 2562 ’Ἄκουσον
1322 2509 1589 2563 Ἰουδαίων
1648 2509 2075 2581 μεγαληγορίαν.

404 2596 648 2668 Σπέρμα
701 2597 950 2667 Ἁϐραάμ
976 2598 1186 2668 ἐσμεν,
1227 2598 1327 2652 καί
1359 2598 1565 2654 οὐδενί
1595 2598 2080 2668 δεδουλεύκαμεν

405 2684 678 2740 πώποτεο
729 2685 847 2749 καὶ,
879 2686 981 2740 Ἐκ
1014 2684 1121 2740 τοῦ
1157 2683 1308 2739 θεοῦ
1347 2685 1768 2757 γεγεννήμεθα.
1802 2687 1945 2742 Ἀλλ’
1980 2688 2080 2759 οὐχ

405 2770 546 2844 αὕτη
563 2789 576 2802 ·
596 2771 733 2828 ἀλλά
754 2774 1008 2844 κυνάριον
1024 2773 1221 2844 ἑαυτὴν
1243 2773 1416 2839 καλεῖ,
1441 2775 1536 2828 καὶ
1562 2775 1787 2846 κυρίους
1816 2775 2076 2839 ἐκτίνους’

403 2859 495 2914 διά
511 2859 577 2931 δὴ
601 2859 760 2914 τοῦτο
777 2861 969 2930 γέγονε
993 2860 1202 2914 τέκνον.
1234 2862 1299 2915 Τί
1322 2857 1414 2916 οὖν
1441 2863 1470 2916 ὁ
1491 2862 1755 2934 Χριστόςς
1785 2858 1853 2916 Ὦ
1879 2864 2078 2934 γύναι,

401 2947 633 3016 μεγάλη
667 2964 784 3002 σου
821 2950 860 3018 ὴ
897 2949 1122 3014 πίστις.
1142 2946 1242 3002 Διά
1277 2948 1384 3020 γὰρ
1408 2947 1567 3002 τοῦτο
1604 2949 1962 3016 ἀνεϐάλλετο,
1993 2950 2083 3006 ἵνα

402 3034 564 3088 τοῦτο
589 3035 870 3108 ἀναϐοήσῃ
913 3036 976 3090 τὸ
1023 3037 1195 3108 ῥῆμα,
1225 3036 1312 3091 ’ίνα
1344 3037 1668 3112 στεφανώσῃ
1693 3038 1792 3108 τὴν
1821 3042 2078 3107 γυναῖκα.

405 3122 725 3192 Γενηθήτω
765 3139 865 3178 σοι
907 3124 989 3192 ὡς
1015 3123 1230 3190 θέλεις.
1259 3127 1324 3179 Ὃ
1346 3124 1404 3182 δέ
1437 3126 1607 3195 λέγει,
1640 3125 1879 3181 τοιοῦτόν
1908 3127 2078 3181 ἐστιν·

417 3210 484 3264 Ἦ
519 3211 618 3282 μὲν
653 3211 836 3276 πίστις
860 3228 956 3266 σου
996 3213 1090 3267 καὶ
1117 3213 1339 3284 μείζονα
1357 3213 1562 3269 τούτων
1589 3214 1786 3269 ἀνύσαι
1813 3214 2038 3270 δύναται
2063 3231 2079 3248 ο

405 3297 545 3370 πλὴν
570 3297 855 3371 γενηθήτω
881 3317 962 3354 σοι
993 3299 1070 3364 ώς
1100 3299 1295 3365 θέλεις.
1329 3301 1478 3374 Αὕτη
1513 3302 1782 3374 συγγενὴς
1807 3303 1991 3374 ἐκείνῃ
2013 3305 2082 3376 τῇ

405 3386 556 3457 φωνῇ
585 3388 652 3457 τῇ
680 3385 916 3458 λεγούσῃ
937 3404 950 3418 ·
982 3386 1302 3456 Γενηθήτω
1328 3389 1360 3440 ό
1385 3389 1664 3457 οίφανὸς,
1696 3389 1794 3442 καί
1823 3389 2081 3458 ἐγένετο.

405 3471 519 3526 Kal
547 3472 680 3542 ἰάθη
712 3471 752 3539 ἠ
795 3472 1060 3543 θυγάτηρ
1103 3474 1295 3544 αὐτῆς
1333 3474 1452 3528 ἀπὸ
1484 3473 1593 3542 τῆς
1623 3474 1779 3542 ὥρας
1824 3475 2082 3542 ἐκείνης.

407 3555 559 3624 Εἶδες
581 3559 701 3623 πῶς
720 3561 782 3614 οὐ
810 3560 1006 3631 μικρὸν
1021 3561 1115 3615 καὶ
1129 3560 1267 3632 αὐτη
1289 3563 1606 3632 εἰσήνεγκεν
1627 3563 1703 3626 εἰς
1721 3563 1818 3633 τὴν
1846 3563 2087 3634 ἰατρείαν

407 3649 503 3704 τοῦ
530 3651 851 3722 θυγατρίου;
876 3652 973 3706 Διά
991 3651 1150 3706 τοῦτο
1172 3652 1281 3725 7&9
1305 3652 1426 3707 οὐδέ
1453 3651 1605 3707 εἶπεν
1629 3655 1658 3708 ὁ
1687 3651 1940 3725 Χριστὸς,
1986 3652 2087 3709 Ἰα-

408 3737 558 3808 θήτω
584 3756 677 3792 σου
719 3739 780 3792 τὸ
812 3739 1106 3810 θυγάτριον
1125 3754 1139 3769 ·
1170 3739 1326 3804 ἀλλά,
1363 3739 1606 3810 Μεγάλη
1635 3757 1754 3796 σου
1785 3741 1825 3809 ἡ
1859 3741 2085 3807 πίστις,

408 3827 712 3896 γενηθήτω
737 3841 839 3883 σοι
876 3829 957 3895 ὡς
1011 3826 1232 3896 θέλεις·
1284 3829 1372 3882 ἵνα
1409 3829 1608 3900 μάθῃς,
1637 3829 1720 3883 δτι
1768 3828 1867 3900 οὐχ
1900 3828 2087 3893 ἁπλῶς

407 3913 530 3967 οὐδέ
557 3914 845 3979 κολακείας
881 3911 950 3988 ἦν
986 3915 1058 3969 τά
1092 3917 1333 3988 ῥήματα,
1356 3916 1491 3971 ἀλλὰ
1524 3916 1694 3988 πολλὴ
1723 3917 1824 3988 τῆς
1851 3917 2088 3980 πίστεως

409 3994 724 4072 ἠδύναμις.
773 4003 886 4069 Τὴν
917 4001 1049 4071 γοῦν
1096 4005 1300 4075 ἀκριϐῆ
1346 4003 1582 4074 βάσανον
1613 4005 1786 4076 αὐτῆς
1827 4006 1920 4060 καὶ
1946 4006 2085 4061 ἀπό-

412 4087 578 4153 δειξιν
600 4093 666 4160 τῇ
691 4089 798 4144 τῶν
818 4091 1161 4162 πραγμάτων
1186 4092 1488 4163 ἐπέτρεψεν
1507 4093 1752 4149 ἐκϐάσει.
1791 4093 1936 4165 ’ἰάθη
1956 4093 2088 4164 γοῦν

413 4177 476 4257 τὲ
505 4177 798 4257 θυγάτριον
829 4179 1003 4257 αὐτῆς
1025 4179 1248 4257 εὐθέως.

379 4263 382 4265 ‘
449 4245 464 4257 ’
483 4245 555 4316 γ’.
582 4245 654 4301 Σὺ
676 4245 732 4302 δέ
771 4266 862 4319 μοι
894 4245 1109 4313 σκόπει,
1144 4249 1258 4313 πῶς
1281 4246 1390 4302 τῶν
1413 4249 1726 4304 ἀποστόλων
1745 4249 2090 4322 ἡττηθέντων

413 4336 504 4388 καὶ
552 4335 654 4390 οὐκ
677 4336 1014 4400 ἀνυσάντων,
1065 4335 1206 4406 αὐτη
1243 4336 1430 4406 ῆνυσε.
1458 4336 1725 4390 Τοσοῦτόν
1760 4338 1877 4391 ἐστι
1923 4354 2092 4405 προσ-

412 4422 597 4493 εδρεία
620 4423 805 4494 εὐχῆς.
844 4424 955 4477 Kal
996 4424 1106 4494 7&9
1135 4423 1277 4494 ὑπὲρ
1316 4424 1418 4477 τῶν
1456 4425 1740 4497 ἡμετέρων
1773 4425 1906 4496 παρ’
1931 4426 2092 4496 ἡμῶν

415 4509 663 4580 βούλεται
715 4509 915 4581 μᾶλλον
963 4511 1070 4566 τῶν
1126 4511 1442 4566 ὑπευθύνων
1488 4512 1771 4580 ἀξιοῦσθαι
1795 4552 1813 4580 ,
1863 4513 1899 4586 ἢ
1957 4514 2089 4586 παρ’

414 4597 616 4667 ἐτέρων
647 4597 790 4669 ὑπὲρ
839 4597 1017 4668 ἡμῶν.
1069 4598 1266 4653 Καίτοι
1314 4599 1537 4670 μείζονα
1596 4601 1914 4674 παρρησίαν
1946 4598 2092 4671 εἶχον

413 4686 610 4739 ἐκεῖνοι
629 4701 643 4716 ο
671 4684 808 4740 ἀλλά
833 4685 1036 4758 πολλὴν
1060 4686 1356 4759 καρτερίαν
1386 4687 1696 4753 ἐπεδείξατο
1723 4688 1886 4758 αὔτη.
1915 4690 2016 4742 Διά
2035 4689 2093 4744 δέ

412 4771 509 4825 τοῦ
540 4771 727 4837 τέλους
759 4774 855 4828 καὶ
901 4775 1040 4845 πρὸς
1087 4775 1213 4840 τοὺς
1248 4774 1400 4848 [5551
1444 4776 1691 4847 μαθητὰς
1715 4777 2094 4848 ἀπελογήσατο

414 4859 516 4928 τῆς
561 4859 832 4932 ἀναϐολῆς
883 4861 1066 4927 ἕνεκα,
1114 4863 1209 4918 xal
1257 4862 1478 4930 ἔδειξεν,
1525 4865 1607 4917 ὅτι
1643 4863 1866 4928 δικαίως
1912 4865 2094 4920 αὐτῶν

413 4947 764 5011 ἀξιωσάντων
795 4951 896 5004 οὐκ
928 4951 1208 5006 ἐπένευσε.
1244 4952 1352 5008 Kal
1369 4951 1631 5023 μεταϐὰς
1653 4952 1882 5008 ἐκεῖθεν
1910 4957 1944 5008 ό
1986 4956 2094 5020 Ἰη-

415 5035 587 5100 σοῦς,
620 5031 771 5106 ἦλθε
794 5039 954 5106 παρὰ
980 5037 1096 5108 τὴν
1119 5039 1442 5095 θάλασσαν
1458 5039 1566 5110 τῆς
1597 5043 1929 5108 Γαλιλαίας
1945 5059 1959 5072 ·
1991 5041 2095 5096 καί

415 5121 640 5188 ἀναϐὰς
682 5124 770 5186 εἰς
794 5121 859 5176 τό
902 5124 1058 5192 ὄρος,
1101 5124 1358 5194 ἐκάθητο
1384 5127 1528 5182 ἐκεῖ.
1576 5128 1687 5182 Kal
1739 5126 2096 5198 προσῆλθον

415 5207 576 5274 αὐτῷ
624 5210 796 5279 ὄχλοι
845 5211 1064 5266 πολλοὶ
1106 5212 1362 5281 ἔχοντες
1394 5214 1524 5284 μεθ’
1554 5215 1784 5269 ἑαυτῶν
1833 5216 2091 5284 χωλοὺς,

318 5376 320 5378 γ
417 5293 702 5362 τυφλοὺς,
757 5294 1048 5361 κυλλοὺς,
1095 5298 1367 5364 κωφούς·
1416 5298 1516 5353 καί
1567 5299 1827 5368 ἔρριψαν
1867 5301 2093 5370 αὐτοὺς

417 5382 575 5452 παρὰ
625 5383 767 5450 τοὺς
793 5383 984 5451 πόδας
1010 5385 1226 5439 αὐτοῦ·
1286 5387 1384 5441 καί
1410 5386 1816 5455 ἐθεράπευσεν
1847 5389 2088 5455 αὐτοὺς,

417 5469 571 5524 ὥστε
600 5472 744 5540 τοὺς
768 5471 995 5542 ὄχλους
1014 5473 1133 5513 ’θ-δδ
1153 5475 1836 5543 θαυμάσαι,βλέποντας
1859 5479 2098 5547 κωφοὺς

1188 300 1248 359 S.
1285 299 1569 358 JOANNIS
1605 297 2099 356 CIIRYSOSTOII
2135 292 2464 355 ARCHIEP.
2503 284 3061 354 CONSTANTINOP.

3755 277 3862 340 52!

2171 408 2538 474 λαλοῦντας,
2557 404 2828 470 κυλλοὺς
2851 403 3061 473 ὑγιεῖς,
3093 399 3331 470 χωλοὺς
3353 401 3860 468 περιπατοῦντας,

2169 495 2270 548 καί
2315 493 2586 563 τυφλοὺς
2633 491 3017 558 ﬂuam-tac-
3060 488 3160 542 καί
3208 485 3492 550 ἐδόξαζον
3543 489 3653 540 τὸν
3711 489 3862 540 Θεὸν

2183 579 2456 650 Ἰσραήλ.
2483 579 2623 635 Ποτέ
2649 577 2751 650 μέν
2777 576 2942 641 αὐτὸς
2961 575 3228 647 περίεισι,
3249 574 3382 628 ποτέ
3405 574 3462 628 δέ
3497 575 3734 644 κάθηται
3761 591 3863 628 πει·-

2171 667 2408 741 ριμένων
2437 666 2564 728 τοὺς
2587 665 2920 738 κάμνοντας,
2949 662 3043 718 καὶ
3063 661 3269 733 χωλοὺς
3292 662 3374 725 εἰς
3397 654 3458 715 τὸ
3475 655 3604 731 ’ὅρος
3638 661 3856 729 ἀνάγει.

2169 756 2280 811 Kal
2309 755 2496 811 οὐκέτι
2533 755 2796 810 ἀπτονται
2828 753 2952 806 οὐδὲ
2984 751 3080 806 τοῦ
3135 748 3355 823 ίματίου
3400 750 3588 815 αὐτοῦ,
3616 750 3735 805 ἀλλ’
3769 751 3865 804 ἐπὶ

2169 844 2230 898 τὸ
2265 844 2600 916 ὑψηλότερον
2630 841 3004 905 ἀναϐαίνουσι,
3035 842 3352 912 ῥιπτόμενοι
3380 839 3516 910 πρὸς
3537 839 3666 902 τοὺς
3692 838 3865 903 πόδας

2167 928 2368 984 αὐτοῦ’
2403 930 2496 984 καὶ
2523 928 2719 1000 διπλῆν
2745 927 2846 1000 τὴν
2876 927 3060 982 πίστιν
3087 927 3186 998 τὴν
3221 925 3432 979 ἑαυτῶν
3454 925 3866 990 ἐπεδείκνυντο,

2168 1016 2266 1071 καὶ
2284 1014 2363 1086 τῷ
2398 1014 2726 1086 χωλεύοντες
2750 1015 2832 1078 εἰς
2859 1013 2920 1067 τὸ
2945 1013 3070 1084 ὅρος
3096 1011 3432 1076 ἀναϐαίνειν,
3467 1011 3564 1064 καὶ
3583 1007 3662 1080 τῷ
3698 1011 3865 1081 μηδει

2168 1103 2260 1168 νὸς
2287 1103 2504 1157 δέεσθαι
2558 1102 2769 1173 ἐτέρου,
2822 1100 2966 1155 ἀλλά
2986 1099 3082 1154 τοῦ
3109 1101 3335 1171 ῥιφῆναι
3367 1097 3508 1170 πρὸς
3535 1101 3664 1162 τοὺς
3693 1099 3866 1162 πόδας

2173 1186 2355 1257 μόνον.
2389 1188 2502 1242 Kal
2527 1182 2595 1257 ἦν
2625 1186 2762 1240 πολύ
2791 1185 2851 1238 τὸ
2883 1185 3070 1256 θαῦμα
3120 1184 3216 1238 καὶ
3251 1182 3574 1254 παράδοξον,
3599 1183 3730 1245 τοὺς
3764 1198 3866 1250 φε-

2175 1273 2437 1346 ρομένους
2469 1272 2908 1346 περιπατοῦντας
2941 1271 3091 1337 ἰδεῖν,
3117 1270 3247 1334 τούς
3273 1270 3485 1341 πηρούς
3509 1269 3569 1322 οὐ
3603 1268 3795 1340 χρείαν
3816 1266 3866 1300 ⁸⁵

2169 1359 2396 1432 ἔχοντας
2423 1359 2933 1432 χειραγωγούντων.
2958 1359 3068 1412 Kal
3099 1359 3207 1429 7&9
3235 1357 3297 1412 τὸ
3331 1357 3534 1428 πλῆθος
3560 1357 3670 1410 τῶν
3698 1356 3866 1429 059a-

2169 1447 2490 1520 πευομένων
2522 1448 2617 1501 καὶ
2645 1446 2706 1500 τὺ
2735 1445 2958 1499 εῦκολον
2985 1445 3084 1516 τῆς
3117 1443 3362 1516 ἰατρείας
3381 1443 3578 1506 αὐτοὺς
3599 1442 3866 1512 ἐξέπλητο

2169 1552 2285 1592 τεν.
2321 1531 2474 1598 Εἶδες
2500 1533 2618 1597 πῶς
2645 1533 2742 1606 τὴν
2769 1533 2868 1604 μέν
2897 1535 3133 1601 γυναῖκα
3168 1531 3306 1602 μετά
3359 1529 3628 1601 τοσαύτης
3662 1530 3868 1602 μελλή-

2176 1639 2315 1686 σεως
2333 1621 2692 1693 ἐθεράπευσε,
2714 1619 2938 1683 τούτους
2960 1619 3017 1674 δέ
3035 1619 3266 1685 εὐθέως;
3287 1619 3388 1672 οὐκ
3413 1617 3602 1688 ἐπειδὴ
3621 1617 3867 1687 βελτίους

2177 1710 2393 1782 ἐκείνης
2418 1705 2586 1772 οὗτοι,
2611 1708 2728 1762 ἀλλ’
2761 1706 2950 1778 ἐπειδὴ
2978 1707 3276 1777 πιστοτέρα
3303 1704 3489 1776 ἐκείνη
3521 1703 3748 1758 τούτων.
3766 1705 3867 1758 Διά

2175 1796 2337 1852 τοῦτο
2351 1798 2437 1851 ἐπ’
2459 1796 2673 1868 ἐκείνης
2701 1795 2802 1867 μὲν
2816 1794 3178 1850 ἀναϐάλλεται
3201 1793 3296 1847 καὶ
3326 1793 3535 1863 μέλλει,
3557 1791 3621 1845 τὸ
3650 1790 3868 1846 εὐτονον

2179 1883 2354 1956 αὐτῆς
2391 1883 2832 1952 ἐνδεικνύμενοςο
2893 1880 3106 1944 τούτοις
3141 1879 3200 1934 δέ
3244 1878 3450 1944 εὐθέως
3501 1877 3738 1949 παρέχει
3766 1877 3868 1948 τὴν

2179 1970 2750 2044 δωρεάν,ἐμφράττων
2769 1967 2877 2022 τῶν
2905 1968 3155 2022 ἀπίστων
3188 1965 3458 2021 Ἰουδαίων
3491 1965 3560 2020 τά
3595 1965 3868 2035 στόματα,

2180 2058 2275 2113 καὶ
2295 2058 2477 2112 πᾶσαν
2509 2056 2689 2111 αὐτῶν
2719 2055 3002 2109 ἐκκόπτων
3036 2053 3356 2122 ἀπολογίαν.
3383 2054 3536 2124 Ὀσῳ
3553 2052 3664 2124 γάρ
3694 2052 3759 2105 ἀν
3783 2067 3868 2114 τις

2183 2145 2408 2218 μείζονα
2422 2143 2797 2217 εὐεργετῆται,
2811 2141 3054 2212 τοσούτῳ
3072 2141 3271 2214 μᾶλλόν
3288 2143 3438 2194 ἐστιν
3461 2139 3762 2201 ὑπεύθυνος
3777 2155 3868 2192 κο-

2179 2231 2334 2288 λάσει
2349 2231 2704 2302 ἀγνωμονῶν,
2719 2232 2814 2284 καὶ
2829 2231 2963 2302 μηδὲ
2975 2233 3041 2302 τῇ
3057 2231 3188 2301 τιμῇ
3206 2229 3495 2300 γενόμενος
3509 2226 3753 2298 βελτίων.
3768 2224 3870 2278 Διά

2179 2320 2245 2393 δὴ
2263 2320 2422 2376 τοῦτο
2441 2320 2534 2374 καὶ
2562 2319 2614 2372 οί
2645 2317 3003 2381 πλουτοῦντες
3035 2317 3144 2371 τῶν
3168 2314 3684 2388 πενομένωνμᾶλλον
3705 2312 3851 2367 κολά-

2181 2407 2367 2474 ζονται
2383 2408 2545 2462 κακοὶ
2559 2407 2734 2470 ὄντες,
2751 2407 2834 2460 ὅτι
2859 2405 2995 2476 μηδὲ
3018 2407 3075 2458 ἐν
3097 2404 3321 2477 εὐθηνίᾳ
3332 2405 3619 2474 γεγόνασιν
3644 2403 3868 2473 ἣμεροι.

2253 2496 2346 2569 Μὴ
2380 2496 2491 2568 γάρ
2531 2513 2623 2568 μοι
2675 2495 2822 2564 λέγε,
2854 2496 2938 2549 ὃτι
2990 2495 3201 2550 ἔδωκαν
3233 2493 3624 2566 ἐλεημοσύνην.
3669 2493 3734 2546 Εἰ
3757 2493 3871 2564 γάρ

2187 2584 2264 2658 μὴ
2286 2587 2406 2640 κατ’
2429 2585 2591 2652 ἀξίαν
2620 2583 2832 2638 ἔδωκαν
2861 2585 2964 2655 τῆς
2991 2582 3202 2651 οὐσίας,
3237 2583 3346 2638 οὐδ’
3382 2582 3526 2637 οὔτω
3553 2581 3870 2652 διαφεύξον-

2181 2689 2296 2728 ται.
2353 2671 2428 2726 Οὐ
2461 2671 2572 2742 γὰρ
2610 2669 2690 2742 τῷ
2741 2670 2928 2742 μέτρῳ
2959 2670 3070 2724 τῶν
3117 2669 3410 2740 διδομένων
3441 2671 3475 2740 ἡ
3525 2667 3870 2740 ἐλεημοσύνη

2185 2757 2430 2830 κρίνεται
2453 2799 2469 2824 ,
2519 2756 2656 2813 ἀλλὰ
2686 2760 2755 2829 τῇ
2795 2757 3047 2828 δαψιλείᾳ
3094 2757 3193 2828 τῆς
3240 2756 3487 2829 γνώμης.
3538 2756 3602 2810 El
3632 2755 3687 2808 δέ
3719 2746 3886 2808 οὖτοι

2184 2843 2340 2918 δίκην
2361 2844 2585 2912 διδόασι,
2617 2845 2798 2917 πολλῷ
2837 2845 3037 2917 μᾶλλον
3058 2845 3109 2897 οἱ
3137 2843 3269 2915 περί
3306 2844 3374 2898 τά
3407 2861 3473 2896 πε
3485 2844 3638 2914 ριττά
3672 2844 3873 2913 ἐπτοη·

2189 2932 2344 3004 μένοι
2381 2932 2448 2997 ⁸⁷,
2475 2934 2526 2986 οἱ
2575 2932 2858 3006 τριώροςια
2905 2935 2998 2988 καὶ
3027 2931 3387 3004 τετραώροφα
3433 2929 3874 3002 οἰκοδομοῦντες,

2187 3019 2296 3074 τῶν
2321 3021 2381 3076 δέ
2417 3020 2727 3076 πεινώντων
2760 3019 3250 3092 καταφρονοῦντες,
3279 3020 3330 3071 οἰ
3369 3017 3735 3090 φιλαργυρίας
3769 3017 3876 3088 μὲν

2187 3106 2630 3179 ἐπιμελούμενοι,
2659 3106 3030 3179 ἐλεημοσύνης
3060 3107 3116 3160 δὲ
3141 3105 3492 3178 ἀμελοῦντες.
3540 3105 3680 3158 Ἀλλ’
3714 3106 3875 3157 ἐπει-
3905 3145 3908 3148 .

2187 3191 2254 3266 δὴ
2284 3194 2329 3226 ⁸⁸
2350 3194 2480 3268 περὶ
2513 3194 2881 3266 ἐλεημοσύνης
2904 3195 3060 3264 λόγος
3082 3193 3329 3260 ἐνέπεσε,
3352 3193 3484 3262 φέρε
3504 3193 3570 3263 δὴ
3599 3192 3690 3247 τὸν
3711 3191 3878 3262 λόγον

2189 3284 2416 3350 ἐκεῖνον,
2447 3283 2508 3336 δν
2540 3283 2649 3356 πρὸ
2662 3285 2830 3356 τριῶν
2845 3285 3070 3356 ἡμερῶν
3093 3285 3223 3356 περὶ
3253 3281 3666 3354 φιλανθρωπίας
3690 3281 3877 3339 ποιού-

2193 3387 2354 3441 μενος
2406 3371 2693 3426 ἀτέλεστον
2729 3372 2910 3436 είασα,
2936 3370 3294 3441 ἀναλάϐωμεν
3327 3371 3588 3442 σήμερον.
3637 3368 3876 3438 Μέμνη-

2192 3457 2310 3525 σθε,
2331 3459 2421 3513 ὅτε
2452 3457 2644 3529 πρώην
2694 3460 2822 3529 περί
2855 3458 3221 3530 ὑποδημάτων
3267 3461 3590 3528 περιεργίας
3642 3455 3878 3524 διελεγό-

2195 3561 2323 3616 μην,
2361 3545 2454 3599 καὶ
2482 3549 2581 3617 τῆς
2616 3547 3008 3617 ματαιοπονίας
3035 3546 3271 3616 ἐκείνης,
3321 3546 3416 3597 καὶ
3467 3544 3565 3615 τῆς
3597 3543 3705 3597 τῶν
3734 3543 3879 3596 νέων

2194 3632 2472 3702 βλακείας,
2495 3636 2616 3688 τότε
2647 3635 2756 3688 ἀπὸ
2777 3633 3150 3706 ἐλεημοσύνης
3181 3634 3314 3706 ἡμῖν
3340 3634 3418 3696 εἰς
3445 3634 3628 3686 ἐκεῖνα
3665 3632 3694 3684 ό
3714 3630 3879 3698 λόγος

2192 3723 2419 3788 ἐξέπεσε
2444 3723 2513 3778 τά
2544 3725 2887 3796 ἐγκλήματα.
2917 3725 3052 3778 Τίνα
3079 3720 3176 3778 οῦν
3204 3721 3272 3796 ῆν
3295 3722 3365 3776 τά
3391 3723 3510 3778 τότε
3539 3721 3877 3792 κινούμενα;

2193 3810 2318 3872 Ὅτι
2350 3813 2516 3884 τέχνη
2545 3813 2630 3878 τίς
2659 3815 2806 3867 ἐστιν
2833 3816 2865 3884 ἡ
2889 3811 3253 3884 ἐλεημοσύνη,
3284 3814 3344 3866 ἐν
3375 3811 3590 3883 οὐρανῷ
3620 3811 3683 3866 τὺ
3714 3813 3880 3883 ἔργα·

2197 3900 2419 3970 στήριον
2462 3899 2682 3972 ἔχουσα,
2733 3902 2830 3954 καὶ
2885 3899 3207 3955 διδάσκαλον
3237 3901 3338 3953 οὐκ
3388 3898 3696 3970 ἄνθρωπον,
3737 3898 3878 3952 ἀλλά

2193 3987 2345 4042 Θεόν.
2394 3983 2530 4043 Εῐτα
2584 3986 2897 4058 ζητοῦντες,
2944 3988 2996 4040 τί
3038 3989 3224 4058 τέχνη,
3277 3989 3372 4042 καὶ
3403 3986 3455 4040 τί
3485 3986 3546 4040 οὐ
3573 3985 3762 4057 τέχνη,
3793 3987 3878 4052 εἰς

2197 4075 2593 4145 ματαιοπονίας
2623 4075 2718 4130 καὶ
2750 4075 3112 4146 κακοτεχνίας
3319 4075 3670 4145 ἐνεπέσομεν,
3702 4075 3761 4126 ἐν
3784 4069 3878 4140 αἷς

2195 4163 2290 4217 καὶ
2319 4166 2418 4235 τῆς
2439 4162 2636 4236 τέχνης
2673 4163 2878 4233 ταύτης
2904 4162 3391 4234 ἐμνημονεύσαμεν
3413 4164 3512 4233 τῆς
3543 4161 3654 4215 τῶν
3675 4159 3878 4232 ὑποδη-

2198 4251 2404 4322 μάτων.
2431 4247 2578 4323 *Αρα
2605 4252 2975 4321 ἀνεπολήσατε
3007 4251 3090 4318 "';
3127 4251 3264 4322 Φέρε
3288 4246 3383 4304 οὖν
3410 4250 3505 4303 καὶ
3536 4251 3778 4320 τήμερον
3806 4250 3878 4303 τά

2195 4338 2319 4392 τότε
2370 4339 2636 4411 εἰρημένα
2683 4338 3066 4408 ἀναλάϐωμεν,
3112 4338 3207 4391 καὶ
3241 4337 3506 4408 δείξωμεν
3557 4335 3678 4400 πῶς
3708 4337 3880 4410 τέχνη

2197 4427 2294 4479 καὶ
2316 4427 2558 4498 ἀμείνων
2581 4427 2769 4480 πασῶν
2793 4424 2998 4496 τεχνῶν
3025 4427 3060 4496 ἡ
3081 4424 3441 4496 ἐλεημοσύνη.
3468 4425 3532 4478 Εἰ
3554 4423 3663 4495 7&9
3681 4423 3879 4496 τέχνης

2199 4513 2326 4567 ἰδιον
2345 4513 2407 4568 τὺ
2431 4514 2566 4584 πρός
2582 4531 2635 4567 τι
2663 4514 2932 4585 χρήσιμον
2961 4513 3236 4584 τελευτᾷν,
3259 4511 3628 4582 ἐλεημοσύνης
3651 4511 3706 4566 δέ
3727 4513 3880 4566 οὐδὲν

2195 4601 2632 4672 χρησιμώτερον,
2653 4600 2875 4673 εὔδηλον
2903 4601 2986 4654 ὅτι
3011 4601 3106 4654 καὶ
3127 4601 3291 4671 τέχνη
3309 4599 3406 4654 καὶ
3423 4600 3630 4669 τεχνῶν
3646 4600 3880 4655 ἁπασῶν

2195 4687 2340 4759 αῦτη
2374 4689 2636 4759 ἀμείνων.
2661 4689 2739 4744 Οὐ
2769 4688 2878 4760 7&9
2904 4688 3231 4759 ὑποδήματα
3253 4688 3383 4758 ἡμῖν
3421 4687 3740 4759 ἐργάζεται,
3755 4687 3882 4740 οὐδὲ

2199 4772 2394 4842 ἰμάτια
2427 4772 2666 4840 ὑφαίνει,
2687 4771 2808 4825 οὐδέ
2835 4771 3013 4834 οἰκίας
3040 4772 3313 4843 οἰκοδομεῖ
3334 4771 3433 4833 τάς
3451 4771 3683 4842 πηλίνας
3704 4785 3718 4798 ⁸
3741 4767 3882 4823 ἀλλά

2197 4856 2348 4931 ζωὴν
2400 4858 2619 4912 αἰώνιον
2666 4855 2940 4930 προξενεῖ,
2997 4859 3096 4912 καὶ
3141 4858 3250 4912 τῶν
3276 4857 3372 4914 τοῦ
3412 4859 3644 4913 θανάτου
3676 4855 3882 4928 χειρῶν

2197 4943 2520 5015 ἐξαρπάζει,
2547 4945 2642 4998 καὶ
2674 4948 2733 5000 ἐν
2763 4945 3004 5017 ἑκατέρᾳ
3019 4947 3088 5017 τῇ
3114 4944 3228 5016 ζωῇ
3249 4945 3537 5018 λαμπροὺς
3563 4943 3877 5012 ἀποφαίνει,

2201 5034 2296 5087 καὶ
2321 5033 2595 5103 οἰκοδομεῖ
2625 5033 2726 5096 τάς
2757 5033 2925 5103 μονὰς
2954 5033 3054 5096 τὰς
3083 5035 3142 5086 ἐν
3175 5034 3450 5104 οὐρανοῖς,
3486 5032 3581 5087 καὶ
3608 5030 3709 5094 τάς
3741 5047 3880 5100 σκη-

2201 5121 2300 5185 νάς
2321 5121 2536 5184 ἐκείνας
2564 5120 2662 5185 τὰς
2689 5121 2965 5184 αἰωνίους.
2990 5119 3138 5190 Αὕτη
3159 5121 3256 5183 τὰς
3281 5119 3572 5190 λαμπάδας
3597 5116 3752 5188 ἡμῶν
3775 5117 3879 5170 οὐκ

2201 5210 2398 5281 ἀφίησι
2423 5209 2737 5282 σϐεσθῆναι,
2769 5208 2892 5262 οὐδέ
2925 5207 3147 5279 ῥυπαρά
3177 5207 3399 5279 ἔχοντας
3424 5207 3613 5276 ίμάτια
3643 5204 3877 5274 φανῆναι

2203 5300 2262 5352 ἐν
2292 5297 2369 5370 τῷ
2399 5298 2584 5370 γάμῳ,
2606 5297 2743 5351 ἀλλά
2763 5295 2975 5360 πλύνει,
2994 5297 3089 5350 καὶ
3122 5295 3300 5365 χίονος
3325 5291 3685 5364 καθαρώτερα
3718 5291 3880 5362 ἐργά-
3957 5338 3960 5340 γ

2203 5385 2376 5451 ζεται.
2417 5387 2561 5442 Ἐὰν
2579 5386 2686 5457 γάρ
2703 5380 2857 5441 ὦσιν
2874 5387 2932 5438 al
2960 5383 3238 5454 ἁμαρτίαι
3251 5379 3419 5451 ὑμῶν
3439 5380 3518 5448 ὡς
3541 5377 3877 5449 φοινικοῦν,

2203 5475 2285 5542 ὡς
2315 5475 2490 5546 χιόνα
2510 5472 2806 5529 λευκανῶ.
2856 5473 2968 5526 Οὐκ
3011 5473 3236 5542 ἀφίησιν
3265 5471 3412 5540 ἡμᾶς
3457 5468 3717 5539 ἐμπεσεῖν
3747 5466 3876 5518 ἔνθα

484 5559 539 5635 ³⁷.
559 5560 698 5632 πῶςι
727 5562 810 5615 ὅτι
827 5560 897 5635 Ge
912 5561 981 5635 Η.
1057 5561 1265 5635 ³⁸μετά
1292 5563 1392 5635 τῆς
1412 5565 1912 5635 ταπεινοφροσύνης
1935 5567 2039 5635 δρα
2061 5586 2079 5621 ι

2186 5564 2282 5634 τὴν
2313 5563 2494 5616 πίστιν
2513 5561 2575 5616 G.
2617 5571 2672 5616 el
2690 5561 2771 5635 sic
2793 5561 3058 5616 edebatur
3078 5566 3206 5615 ante
3223 5556 3455 5635 Montef.
3479 5556 3572 5626 qui
3607 5555 3874 5635 εῇῃςετξιιιι

419 5621 713 5707 lectiqneiﬁ
736 5648 768 5707 ε
801 5633 962 5688 codd.
998 5621 1257 5707 resiluit.
1323 5621 1456 5707 fw"
1488 5635 1580 5707 τον
1609 5621 1763 5707 ὄχλον
1812 5635 1852 5688 11
2012 5621 2069 5692 in
2097 5653 2214 5707 sqq.
2238 5621 2439 5707 'magne
2458 5641 2554 5707 est
2588 5633 2845 5707 v_a_riela§_,
2876 5647 3041 5707 quam
3074 5646 3157 5707 εξ.
3171 5629 3358 5707 agpqt.
3388 5621 3561 5707 petas.
3596 5695 3608 5707 ε
3637 5625 3683 5656 ⁸⁸
3705 5623 3876 5707 Vulg?

420 5699 627 5766 πηρούς
654 5701 968 5775 βλέποντας
994 5704 1088 5758 καὶ
1117 5706 1178 5758 οὐ
1213 5702 1472 5775 χρείαν...
1507 5699 1685 5760 νοτιὶα
1718 5706 2015 5773 βλέπιντας
2045 5728 2079 5763 κ

2186 5699 2369 5760 ὲὺεεεὲ
2393 5703 2590 5775 jubem
2617 5701 2683 5775 Κ.
2717 5701 2867 5775 [ις-Μ.
2886 5699 3037 5754 Arm.

3114 5700 3157 5730 "
3191 5695 3466 5752 Edebaiur
3481 5699 3530 5749 οἰ
3554 5695 3622 5748 τά
3649 5695 3874 5762 περιττά

420 5766 770 5846 κεκτημένοι.
797 5791 814 5824 ι
851 5766 1006 5846 Unjls
1033 5776 1083 5827 οἰ
1116 5766 1340 5846 πεῤῖτά
1365 5775 1598 5846 περιττὰ
1625 5766 1974 5846 ἐπτοημένοι,
1997 5766 2075 5834 Vno

2186 5776 2300 5846 uale.
2324 5792 2372 5846 )_
2393 5766 2603 5846 Mongeﬁ
2630 5773 2678 5846 Iis
2703 5772 2874 5846 eoqex
2903 5779 2986 5824 est
3013 5768 3145 5846 mihi
3172 5766 3232 5822 L.
3260 5781 3493 5846 qugcum
3519 5766 3720 5846 {iiserle
3739 5777 3872 5843 cog-

421 5835 888 5921 segnit'lngerpres
918 5843 1069 5900 Arm.
1105 5835 1245 5915 Ergo
1270 5843 1324 5896 in
1349 5835 1497 5901 lexin
1520 5861 1723 5900 novare
1750 5835 1859 5902 nTm
1886 5835 2079 5903 dubita

427 5918 532 5957 των
553 5913 904 5963 τεγνωνὲστι.
941 5915 1036 5963 καὶ
1074 5916 1201 5963 ἄνευ
1223 5914 1394 5963 αὐτῆς
1419 5917 1594 5963 πάντα
1624 5919 1833 5963 ΟῖἸΞτΔι
1869 5920 1960 5963 ναὶ
1995 5922 2079 5963 ἀπε

2228 5845 2271 5876 ⁸⁸
2293 5835 2578 5896 ΗΘΙΚΟΝΖ
2609 5841 2744 5963 Περὶ
2782 5840 3174 5910 ἐλεημοσύνης,
3215 5835 3308 5890 xal
3335 5837 3418 5889 ὅτι

2186 5915 2268 5963 λε.
2300 5913 2397 5963 τῆς
2427 5913 2674 5963 καθαρᾶς
2717 5911 2841 5963 ,έγω
2865 5909 3193 5963 πλεονεξίας.
3224 5907 3289 5962 G.
3348 5906 3395 5939 δ’

427 5911 532 5957 των
553 5911 904 5981 τεχνῶνὲστι,
941 5915 1036 5967 καὶ
1074 5911 1204 5970 άνεῦ
1223 5914 1394 5985 αὐτῆς
1419 5917 1594 5974 πάντα
1624 5919 1833 5986 οἴχεται
1869 5920 1960 5974 καὶ
1995 5915 2269 5983 ἀπόλωλε,
2300 5913 2397 5984 τῆς
2427 5913 2674 5984 καθαρᾶς
2691 5911 2755 5964 λέ

2782 5840 3174 5910 ἐλεημοσύνης,
3215 5836 3308 5890 xal
3335 5837 3418 5889 ὅτι
3454 5836 3654 5904 μείζων
3686 5836 3874 5886 πασῶν

2761 5928 2841 5980 γω
2865 5909 3193 5976 πλεονεξίας.
3224 5907 3289 5962 G.
3348 5906 3395 5939 ”
3426 5904 3775 5959 ἀνεποδίσατε
3800 5900 3866 5954 Η.
