4102 6432
212 396 407 467 ‘sat

312 542 363 586 ut
388 533 540 585 intres
568 529 663 584 sub
691 537 875 582 tectum
912 541 1114 591 meum;
1150 524 1399 595 quodque
1441 524 1493 578 iu
1533 523 1733 578 ﬂuxum
1775 536 1902 575 san-

310 624 483 695 guinis
506 622 743 693 patiente
765 620 887 675 fecit
904 660 917 682 ,
942 618 1053 690 Ego
1073 660 1086 683 ,
1117 618 1315 687 inquit,
1344 614 1459 670 noui
1484 616 1715 670 virtutem
1740 629 1804 667 ea:
1829 630 1908 667 me

310 732 560 787 egressam
589 712 753 784 (Luc.
785 711 835 767 8.
868 712 998 781 46),
1038 718 1105 764 ιιι·
1126 708 1270 765 illius
1299 707 1458 763 ﬁdem
1487 708 1818 769 declararet;
1851 714 1903 760 et

309 807 450 876 quod
479 806 531 859 in
558 804 891 861 Samaritana
914 844 927 868 ,
962 810 1019 857 ut
1054 800 1365 857 ostenderet
1390 815 1508 855 eam
1530 840 1544 865 ,
1587 815 1654 854 ne
1692 798 1904 867 quidem

309 899 634 952 confutatam
661 896 920 950 absistere
940 893 1135 965 (Joan.
1168 894 1237 962 4)
1264 911 1277 947 :
1301 891 1379 948 sic
1402 901 1456 948 et
1480 892 1582 949 hoc
1608 892 1728 947 loco
1757 891 1913 947 facit.

308 989 427 1045 Non
456 989 601 1043 enim
628 995 830 1041 tantam
854 986 1065 1041 volebat
1090 984 1329 1039 mulieris
1349 984 1598 1039 virtutem
1626 983 1812 1038 latere.
1835 983 1907 1037 At

307 1081 454 1135 enim
488 1094 594 1134 non
623 1078 996 1148 exprobrantis
1022 1085 1178 1131 erant
1201 1090 1410 1147 eaque:
1435 1075 1666 1142 dicebat,
1693 1075 1785 1131 sed
1811 1073 1906 1130 ad-

309 1172 582 1238 uocantis,
623 1179 679 1226 et
706 1169 973 1224 occultum
1005 1168 1315 1225 thesaurum
1342 1167 1654 1224 revelantis.

382 1260 688 1318 ϐἡιιιιαηωω
714 1258 840 1329 ﬁdes
873 1267 922 1312 et
958 1257 1417 1313 humilitau—Tu
1451 1271 1580 1313 vero
1625 1256 1755 1312 mihi
1797 1272 1902 1313 una

308 1368 436 1408 cum
467 1351 572 1407 ﬁde
595 1351 945 1405 humilitatem
971 1364 1185 1419 quoque
1207 1348 1447 1405 mulieris
1467 1348 1762 1420 perpende.
1788 1347 1905 1418 Ipse

310 1456 543 1513 namque
573 1441 710 1497 ﬁlios
738 1437 948 1496 vocavit
981 1440 1195 1495 inda-os
1214 1456 1240 1506 ;_
1261 1439 1377 1495 luet:
1401 1454 1527 1495 vero
1554 1439 1605 1493 id
1630 1453 1735 1494 non
1773 1439 1905 1494 satis

310 1533 559 1599 habens,
589 1531 836 1587 dominos
874 1531 1160 1601 appellavit
1201 1546 1216 1583 :
1253 1537 1460 1585 tantum
1500 1530 1701 1595 abfuit,
1742 1539 1801 1585 ut
1837 1530 1905 1585 de

308 1624 485 1679 aliena
510 1622 665 1678 laude
688 1621 930 1678 doleret:
956 1621 1046 1679 2.7.
1078 1621 1278 1676 Etenim
1297 1621 1496 1687 catelli,
1522 1620 1726 1691 inquit,
1751 1621 1905 1674 edunt

309 1716 375 1769 de
416 1716 558 1769 micis
602 1730 717 1784 qua
755 1716 942 1768 cadunt
990 1716 1053 1768 de
1094 1730 1266 1769 mensa
1304 1713 1626 1767 dominorum
1673 1729 1902 1768 suorum.

313 1808 505 1863 Viden'
532 1807 869 1878 prudentiam
897 1806 1175 1861 mulieris?
1203 1806 1475 1876 quomodo
1505 1820 1603 1861 nec
1628 1804 1911 1862 oontradi-.

308 1914 437 1955 aere
462 1898 655 1952 audeat
674 1937 691 1965 ,
719 1912 819 1953 nec
840 1897 1067 1953 aliorum
1099 1896 1241 1951 laudi
1266 1897 1539 1963 invideat,
1582 1911 1683 1953 nec
1705 1904 1897 1953 contu-

309 1987 528 2042 inetiam
557 2002 701 2060 aegre
725 1987 898 2042 ferat?
920 1987 1095 2043 viden’
1123 1987 1611 2056 perseverantiam?
1641 1986 1735 2042 Ille
1753 1987 1901 2051 dicit,

310 2076 436 2131 Non
464 2087 535 2131 est
564 2078 785 2141 bonum;
819 2066 908 2132 illa
931 2077 1241 2147 respondet,
1273 2075 1462 2144 Etiam,
1490 2077 1708 2132 Domine
1735 2091 1756 2132 :
1791 2078 1905 2149 ipse

308 2167 451 2222 ﬁlios
482 2177 668 2233 vocat;
702 2168 818 2223 base
841 2167 1089 2223 dominos
1117 2185 1131 2222 :
1158 2168 1273 2237 ipse
1299 2181 1489 2224 canem
1517 2169 1784 2239 appellat;
1815 2170 1904 2225 illa

308 2275 505 2315 canum
550 2276 757 2316 morem
809 2260 1031 2316 addidit.
1086 2261 1273 2317 Vidisti
1319 2262 1463 2318 illius
1509 2262 1905 2319 humilitatem?

309 2353 449 2407 Audi
486 2352 791 2408 Iudaeorum
824 2353 1159 2425 jactantiam.
1202 2354 1389 2410 Semen
1432 2355 1652 2410 Abrahae
1691 2373 1903 2424 sumus,

308 2447 580 2516 inquiunt,
619 2457 667 2502 et
703 2448 835 2503 nulli
874 2463 1114 2520 umquam
1142 2450 1469 2516 seruiuimus,
1506 2458 1659 2519 atque
1693 2465 1757 2505 ea:
1796 2448 1907 2505 Deo

310 2544 417 2597 uati
437 2559 609 2598 sumus
630 2541 809 2616 (Joan.
832 2543 887 2599 8.
909 2543 1026 2615 '55).
1048 2542 1156 2599 Sed
1185 2558 1290 2598 non
1313 2543 1386 2597 ita
1410 2544 1637 2611 mulier;
1658 2544 1905 2599 catellum

310 2649 371 2689 se
402 2642 588 2700 Vocat,
620 2633 847 2704 illosque
885 2635 1133 2690 dominos
1157 2653 1172 2691 :
1200 2635 1427 2706 ideoque
1454 2634 1561 2690 ﬁlia
1588 2634 1774 2692 effecta
1800 2646 1904 2691 est.

310 2726 449 2791 Quid
470 2740 600 2796 ergo
616 2726 901 2781 Christus?
922 2725 1013 2782 28.
1038 2724 1087 2781 0
1110 2727 1327 2782 mulier!
1350 2743 1535 2798 magna
1553 2737 1627 2782 est
1645 2727 1775 2796 ﬁdes
1796 2737 1903 2782 tua.

313 2816 440 2872 Ideo
480 2832 708 2889 namque
752 2819 1060 2887 diti'erebat,
1091 2829 1148 2875 ut
1179 2822 1231 2875 in
1264 2821 1403 2875 hanc
1430 2835 1616 2877 vocem
1656 2836 1909 2893 erumpe-

312 2922 432 2976 ret,
466 2919 524 2965 ut
544 2913 825 2969 mulierem
853 2924 1155 2969 coronaret.
1182 2913 1304 2969 Fiat
1330 2916 1417 2970 tibi
1444 2918 1572 2970 sicut
1595 2917 1689 2971 vis.
1718 2916 1775 2972 Id
1800 2924 1903 2981 est,

313 3001 449 3062 ﬁdes
475 3011 564 3055 tua
597 3004 680 3056 his
710 3002 910 3072 majora
950 3012 1127 3073 potest
1164 3004 1455 3074 perﬁcere;
1494 3016 1747 3062 cmterum
1785 3003 1908 3061 Fiat

313 3095 402 3149 tibi
427 3097 555 3150 sicut
582 3095 676 3150 vis.
710 3094 835 3151 Ilaec
864 3112 964 3150 vox
992 3096 1167 3153 al'llnis
1192 3107 1276 3153 est
1304 3098 1377 3153 illi
1398 3138 1414 3165 ,
1457 3097 1577 3152 Fiat
1615 3099 1797 3154 caelum
1815 3140 1830 3164 ,
1859 3109 1907 3153 et

312 3190 507 3256 ﬂuctum
533 3196 607 3242 est
634 3187 834 3241 caelum.
865 3188 932 3242 Et
955 3199 1137 3244 sanata
1166 3199 1236 3244 est
1274 3190 1383 3258 ﬁlia
1409 3192 1517 3261 ejus
1543 3191 1607 3245 ab
1634 3189 1728 3245 illa
1756 3191 1904 3245 hora.

312 3276 505 3334 Viden‘
527 3292 632 3332 non
660 3291 844 3348 parum
872 3278 1017 3333 illam
1041 3279 1283 3335 intulisse
1306 3278 1372 3335 ad
1399 3281 1730 3335 curationem
1754 3279 1907 3335 ﬁliae?

311 3366 440 3424 Ideo
458 3369 604 3423 enim
624 3382 731 3423 non
752 3368 880 3424 dicit
897 3368 1143 3425 Christus
1162 3412 1177 3436 ,
1206 3371 1437 3427 Sanetur
1459 3370 1565 3425 ﬁlia
1598 3380 1686 3426 tua
1708 3373 1760 3435 ις
1787 3370 1915 3439 sed,

314 3461 512 3533 Magna
537 3471 611 3517 est
638 3462 766 3530 ﬁdes
790 3471 879 3516 tua
896 3504 913 3529 ,
945 3464 1036 3531 ﬁat
1063 3462 1151 3517 tibi
1175 3472 1230 3517 ut
1250 3464 1322 3517 vis
1343 3478 1361 3517 :
1379 3472 1443 3519 ut
1467 3463 1662 3529 discas,
1692 3478 1797 3519 non
1824 3478 1911 3519 as-

312 3556 631 3611 sentationis
658 3555 819 3610 verba
847 3554 1013 3610 fuisse
1032 3596 1047 3621 ,
1079 3554 1175 3611 sed
1201 3556 1452 3612 eximiam
1483 3554 1604 3612 lidci
1633 3558 1907 3612 virtutem.

314 3644 625 3715 Berumque
650 3646 864 3701 eventui
893 3655 1194 3701 accuratam
1223 3648 1300 3702 rei
1327 3646 1697 3717 probationem
1727 3656 1783 3703 et
1810 3648 1909 3703 de-

314 3738 758 3797 monstrationem
795 3735 1050 3799 Christus
1072 3738 1314 3815 reliquit.
1338 3738 1535 3797 Sauata
1561 3747 1672 3806 est,
1704 3738 1917 3810 inquit,

313 3831 499 3893 statim
526 3829 634 3887 ﬁlia
654 3828 794 3899 ejus.

392 3924 442 3978 3.
479 3923 761 3976 Assiduitas
787 3923 1029 3992 precandi
1057 3934 1247 3992 quanta
1284 3941 1385 3980 res.
1408 3925 1561 3980 —-—Tu
1590 3940 1717 3981 vero
1740 3925 1914 3980 anim-

318 4014 559 4079 adverte,
592 4014 884 4084 quomodo,
913 4015 1172 4085 apostolis
1212 4017 1478 4085 superatis
1516 4016 1753 4086 nihilque
1786 4032 1915 4085 ope-

318 4107 489 4171 ratis,
520 4106 615 4160 illa
666 4114 836 4161 totum
884 4107 1127 4178 perfecit.
1171 4106 1339 4167 Tanta
1392 4124 1478 4163 res
1506 4118 1588 4164 est
1631 4109 1916 4165 assiduitas

318 4199 669 4271 precationis.
695 4199 828 4259 Nam
869 4215 989 4261 cum
1032 4199 1100 4256 de
1129 4202 1292 4257 rebus
1334 4202 1533 4257 nostris
1563 4203 1772 4272 agitur,
1804 4218 1917 4257 ma.

321 4292 441 4347 vult
483 4308 514 4346 a
564 4293 720 4348 nobis
752 4294 929 4363 potius
959 4292 1136 4365 rogari
1160 4336 1176 4359 ,
1204 4310 1365 4369 quam
1404 4295 1472 4349 ab
1491 4295 1609 4351 aliis
1639 4311 1735 4365 pro
1762 4296 1933 4352 nobis.

322 4385 722 4456 precantibus:
766 4400 1090 4455 quamquam
1143 4386 1217 4441 illi
1271 4387 1478 4457 majore
1522 4396 1677 4442 erant
1726 4388 1918 4445 ﬁducia

324 4478 579 4533 instructi
608 4494 623 4541 ;
654 4477 752 4533 sed
783 4477 900 4533 Iure
925 4479 1148 4535 multam
1169 4480 1624 4548 perseverantiam
1653 4478 1915 4538 exhibuit.

324 4570 437 4626 Per
464 4570 669 4627 exitum
704 4579 886 4624 autem
916 4568 995 4625 rei
1016 4569 1303 4639 discipulis
1323 4570 1477 4641 quasi
1504 4586 1627 4627 sese
1650 4571 1916 4642 purgavit,

325 4659 474 4730 quod
511 4657 843 4729 distulisset,
871 4668 927 4716 et
956 4661 1079 4731 jure
1107 4676 1166 4717 se
1195 4662 1301 4717 illis
1334 4664 1649 4733 rogantibus
1678 4678 1787 4719 non
1827 4680 1923 4719 an-

327 4752 516 4807 nuisse
550 4752 791 4808 ostendit
821 4753 948 4808 :29.
982 4752 1188 4813 Etcum
1216 4756 1477 4810 transisset
1500 4757 1621 4812 inde
1639 4756 1810 4825 Iesus,
1839 4774 1924 4813 oe-

331 4841 413 4899 nit
445 4857 592 4895 secus
622 4856 768 4893 mare
815 4839 1076 4894 Galila'az.
1128 4838 1197 4892 Et
1243 4844 1529 4893 ascendens
1578 4840 1631 4891 in
1668 4847 1917 4904 montem,

333 4932 543 4985 sedebat
573 4931 667 4985 ibi.
698 4931 786 4985 50.
818 4929 893 4983 Et
922 4938 1252 4984 accesserunt
1283 4929 1352 4982 ad
1377 4944 1496 4983 eum
1532 4928 1700 4981 turbte
1738 4926 1921 4981 multa:

333 5024 584 5077 habentes
634 5036 808 5075 secum
864 5022 1111 5087 claudos,
1158 5034 1355 5085 cwcos,
1410 5018 1645 5080 debiles,
1690 5027 1863 5071 mutos
1898 5032 1919 5072 :

331 5124 386 5171 et
419 5114 751 5182 projeceruut
793 5128 877 5165 eos
928 5122 1049 5165 ante
1092 5111 1245 5180 pedes
1280 5111 1392 5182 ejus
1424 5127 1443 5165 :
1477 5121 1525 5164 et
1572 5109 1777 5165 curavit
1808 5123 1917 5175 eos,

330 5206 419 5260 ita
463 5213 523 5258 ut
564 5194 731 5257 turba}
777 5205 1134 5267 mirarentur,
1175 5203 1299 5255 dum
1341 5200 1568 5255 viderent
1617 5208 1787 5252 mutos
1835 5198 1918 5251 lo-

332 5304 575 5365 quentes,
622 5294 817 5349 debiles
844 5310 1022 5359 sanos,
1056 5302 1106 5347 et
1154 5309 1318 5348 cereos
1356 5292 1586 5346 uidentes
1612 5331 1627 5356 ,
1669 5300 1718 5344 et
1758 5288 1920 5360 glori-

336 5386 637 5455 ﬁcauerunt
674 5385 839 5439 Deum
886 5383 1083 5439 Israel.
1136 5384 1445 5454 Aliquando
1488 5384 1606 5453 ipse
1644 5382 1918 5448 circumit,

338 5476 635 5546 aliquando
685 5475 839 5531 sedet
878 5490 1053 5545 aegros
1105 5484 1449 5545 exspectans,
1498 5481 1555 5527 et
1591 5472 1813 5528 claudos
1853 5471 1921 5526 ad

339 5575 580 5622 montem
631 5566 868 5621 adducit.
937 5563 1125 5636 Neque
1174 5581 1321 5620 nunc
1363 5563 1746 5621 vestimentum
1801 5571 1922 5618 tan-

338 5667 513 5731 gunt,
578 5660 678 5715 sed
731 5659 799 5713 ad
851 5658 1092 5714 subliora
1157 5656 1407 5723 adducti,
1450 5656 1811 5728 projiciuntur
1854 5653 1922 5710 ad

404 5841 423 5874 ι
453 5837 664 5904 Quidam
684 5837 887 5902 habent,
916 5835 1020 5900 tibi,
1048 5850 1156 5902 pro,
1180 5840 1285 5893 tua.

1354 405 1419 461 IN
1460 402 1865 461 hiA'I'TiIJiUlI
1907 401 2135 473 IIOMIL.
2178 405 2285 463 LII.
2327 410 2396 463 al.
2442 409 2573 466 LIII.

3498 419 3604 473 5'22

2016 521 2179 590 pedes
2207 522 2346 594 ejus,
2372 526 2749 599 duplicemque
2781 528 2938 583 ﬁdem
2980 545 3130 585 suam
3177 544 3508 599 monStrant,
3548 548 3603 589 et

2012 616 2153 686 quod
2181 616 2355 672 claudi
2386 619 2438 673 in
2468 629 2701 677 montem
2734 623 3046 691 ascendant,
3079 634 3132 680 et
3157 625 3300 695 quod
3329 628 3477 683 nullo
3497 630 3604 683 alio

2011 716 2225 777 egeant,
2256 708 2360 764 nisi
2389 718 2590 766 tantum
2637 720 2695 766 ut
2742 714 3089 783 projiciantur
3113 724 3237 771 ante
3271 717 3435 786 pedes
3460 717 3599 786 ejus.

2012 800 2246 871 Eratque
2289 819 2374 859 res
2404 805 2539 859 mira
2565 819 2629 860 ac
2654 807 2917 875 stupenda
2944 849 2959 873 ,
2987 808 3110 862 illos
3138 808 3228 878 qui
3256 809 3605 878 gestabantur

1972 922 1975 925 -
2009 892 2345 948 ambulantes
2374 895 2525 950 nullo
2537 897 2758 965 juvante
2783 897 2984 962 videre,
3017 912 3189 953 cmcos
3216 898 3480 964 videntes,
3504 915 3604 955 nec

2009 985 2146 1041 duce
2173 1000 2309 1056 opus
2333 986 2614 1044 habentes.
2636 989 2770 1043 Nam
2799 998 2854 1044 et
2882 991 3166 1047 nmltitudo
3190 1005 3377 1048 eorum
3393 992 3484 1062 qui
3511 1006 3601 1046 cu-

2010 1075 2113 1130 rati
2142 1075 2377 1143 I'uerant,
2405 1085 2460 1132 et
2485 1079 2777 1135 curationis
2803 1078 3028 1135 facilitas
3050 1082 3103 1136 in
3124 1091 3396 1151 stuporem
3413 1096 3602 1137 omnes

2008 1167 2261 1238 conjecit.
2299 1168 2483 1225 Viden’
2505 1172 2778 1241 quomodo
2798 1186 2921 1227 cum
2942 1182 3086 1229 tanta
3113 1175 3451 1231 cunctatione
3481 1190 3601 1229 mu-

2013 1258 2160 1313 lieris
2186 1259 2349 1314 ﬁliam
2373 1263 2664 1326 sanaverit,
2697 1262 2795 1317 hos
2816 1277 2945 1319 vero
2972 1264 3192 1319 statim?
3218 1265 3330 1320 Non
3357 1264 3499 1336 quod
3526 1265 3601 1320 illi

2010 1349 2265 1406 meliores
2283 1360 2490 1420 essent,
2519 1352 2615 1407 sed
2645 1352 2785 1423 quod
2810 1354 2897 1408 illa
2928 1355 2982 1409 in
3008 1354 3110 1411 ﬁde
3133 1355 3445 1412 ferventior.
3476 1356 3602 1411 Ideo

2006 1440 2149 1496 circa
2174 1442 2318 1499 illam
2334 1449 2635 1509 cunctatur,
2655 1452 2711 1498 ut
2731 1448 3181 1515 perseverantiam
3206 1447 3325 1518 ejus
3340 1447 3598 1513 declaret;

2009 1530 2093 1587 his
2120 1534 2301 1588 statim
2327 1533 2531 1593 donum
2545 1537 2769 1606 praebet,
2794 1548 2847 1593 ut
2876 1539 3273 1596 incredulorum
3296 1540 3601 1596 Judseorum

2007 1637 2102 1679 ora
2164 1625 2443 1693 obstruat,
2504 1643 2825 1699 omnemque
2891 1631 2997 1687 illis
3061 1632 3427 1702 purgationem
3482 1630 3602 1685 adi-

2009 1725 2140 1773 mat.
2166 1717 2378 1786 Quamo
2414 1720 2557 1776 enim
2601 1720 2805 1791 majora
2852 1723 2971 1792 quis
3009 1723 3266 1781 beneﬁcia
3294 1722 3600 1792 acceperit,

2008 1816 2160 1864 tanto
2185 1809 2376 1879 majori
2405 1811 2671 1881 supplicio
2696 1811 2940 1867 addictus
2964 1822 3045 1868 est
3069 1823 3130 1867 ut
3150 1814 3407 1884 ingratus,
3435 1812 3481 1869 si
3508 1826 3603 1867 ne-

2009 1912 2114 1969 que
2138 1913 2208 1955 ex
2231 1893 2427 1956 collato
2452 1902 2657 1957 honore
2683 1902 2878 1959 melior
2895 1904 2965 1960 sit
2994 1903 3237 1959 eﬁ'ectus.
3262 1904 3494 1975 Ideoque
3512 1901 3601 1959 dl-

2008 1992 2145 2045 vites
2171 1992 2342 2062 magis
2379 2004 2540 2062 quam
2589 2007 2853 2064 pauperes
2895 1996 3189 2065 puniuntur
3214 2032 3230 2063 ,
3278 1998 3325 2051 si
3372 1994 3601 2065 improbi

2007 2084 2163 2150 sint,
2179 2083 2322 2154 quod
2360 2098 2429 2140 ne
2473 2084 2526 2141 in
2570 2099 2752 2141 rerum
2792 2087 2943 2157 copia
2967 2088 3184 2158 quidem
3210 2088 3604 2146 mansuetiores

2009 2173 2229 2230 fuerim.
3216 2246 3219 2249 _

2082 2264 2424 2338 Eleemosyna
2466 2284 2584 2323 vera
2608 2285 2740 2340 quis.
2777 2299 2850 2311 -—-
2869 2270 2948 2326 Ne
2969 2271 3098 2327 mihi
3116 2271 3285 2340 dicas,
3318 2272 3439 2329 illos
3458 2271 3603 2329 elee-

2011 2372 2289 2429 mosyuam
2318 2359 2550 2415 dedisse.
2584 2360 2715 2415 Nam
2742 2362 2841 2416 nisi
2873 2363 3167 2418 secundum
3197 2363 3477 2419 facultates
3500 2363 3600 2419 deo

2011 2447 2231 2515 derint,
2264 2464 2437 2519 neque
2468 2449 2538 2505 ita
2569 2450 2842 2523 cﬂugient.
2873 2452 2990 2507 Non
3026 2453 3170 2508 enim
3199 2468 3271 2508 ex
3296 2453 3423 2509 doni
3450 2468 3603 2510 men-

2008 2554 2132 2595 sura
2156 2541 2499 2613 eleemosyna
2524 2543 2839 2611 :estimatur,
2858 2545 2952 2600 sed
2979 2559 3047 2600 ex
3065 2545 3229 2599 animi
3258 2545 3598 2602 liberalitate.

2010 2631 2064 2690 Si
2095 2644 2272 2689 autem
2304 2634 2355 2689 hi
2401 2650 2587 2705 poenas
2626 2635 2777 2704 dent,
2804 2638 2973 2693 nmlto
3002 2639 3172 2710 magis
3213 2638 3305 2710 qui
3335 2638 3617 2709 superﬂuis

2010 2731 2226 2791 inhiant
2254 2728 2292 2794 ί,
2314 2726 2401 2799 qui
2430 2728 2585 2783 trium
2609 2740 2904 2800 quatuorve
2924 2731 3279 2787 tabulatorum
3299 2732 3443 2788 mdes
3468 2747 3604 2787 con-

2009 2829 2242 2890 struunt,
2264 2820 2641 2894 famelicosque
2670 2825 2992 2896 despiciunt,
3012 2826 3101 2895 qui
3119 2826 3357 2881 avaritiae
3388 2825 3614 2881 student

2010 2921 2065 2966 et
2107 2912 2504 2987 eleemosynam
2547 2918 2835 2988 negligant.
2873 2917 2977 2973 Sed
3025 2920 3148 2989 quia
3199 2918 3249 2972 in
3297 2932 3603 2975 sermonem

2012 3000 2077 3056 de
2100 3003 2443 3075 eleemosyna
2473 3006 2761 3063 incidimus
2794 3026 2808 3063 :
2842 3023 2941 3078 age
2989 3010 3304 3065 concionem
3348 3010 3490 3066 illaut
3536 3008 3603 3066 de

2013 3093 2365 3161 humanitate,
2394 3110 2553 3165 quam
2582 3106 2707 3152 ante
2734 3098 2968 3154 triduum
2995 3099 3363 3170 imperfectam
3387 3100 3607 3171 reliqui-

2012 3199 2153 3250 mus,
2176 3184 2334 3239 hodie
2358 3200 2717 3241 resumamus.
2749 3187 3068 3244 Meministis
3099 3205 3187 3246 me
3222 3204 3395 3261 nuper
3423 3191 3492 3246 de
3519 3191 3606 3246 ni-

2011 3277 2117 3331 mia
2136 3276 2437 3335 calceorum
2464 3279 2775 3336 curiositate
2798 3279 3119 3337 disseruisse
3145 3323 3162 3349 ,
3192 3282 3261 3338 de
3300 3283 3618 3353 huiusmodi;

2012 3382 2207 3438 nempe
2230 3367 2486 3434 vanitate,
2505 3380 2558 3424 et
2585 3368 2652 3425 de
2675 3370 2930 3439 juvenum
2958 3371 3202 3438 mollitie;
3229 3381 3355 3429 tunc
3375 3373 3444 3429 ab
3466 3373 3608 3430 elee-

2014 3474 2238 3531 mosyna
2267 3460 2403 3525 orsi,
2432 3460 2485 3514 in
2517 3461 2645 3516 illud
2694 3461 2998 3517 incidimus.
3032 3463 3109 3519 De
3133 3464 3451 3535 quibusnam
3478 3480 3608 3536 ergo

2015 3562 2143 3607 tunc
2192 3566 2500 3608 sermonem
2548 3553 2876 3611 habuimus?
2923 3555 3163 3612 Diximus
3209 3558 3605 3629 eleemosynam

2016 3657 2138 3700 esse
2166 3654 2361 3710 artem,
2386 3660 2505 3716 qua:
2533 3645 2802 3702 ofﬁcinam
2845 3647 3038 3703 habeat
3075 3649 3125 3702 in
3152 3650 3305 3716 caelo,
3335 3659 3391 3705 et
3418 3650 3611 3706 docto-

2016 3752 2130 3793 rem
2163 3752 2271 3793 non
2321 3736 2593 3794 hominem
2624 3781 2640 3806 ,
2673 3739 2767 3795 scd
2814 3740 2998 3795 Deum.
3032 3740 3234 3797 Deinde
3262 3751 3607 3810 qumrentes,

2018 3828 2148 3899 quid
2175 3843 2263 3883 ars
2293 3828 2397 3884 dici
2427 3839 2628 3900 posset,
2658 3831 2785 3900 quid
2814 3845 2973 3886 secus
2995 3872 3012 3897 ,
3042 3830 3096 3885 in
3134 3845 3297 3888 vanas
3334 3832 3629 3903 malasque-

2018 3930 2165 3974 artes
2191 3919 2509 3987 incidimus,
2538 3919 2591 3975 in
2621 3922 2815 3991 quibus
2859 3922 2927 3979 de
2956 3923 3260 3979 calceorum
3303 3933 3419 3980 arte
3446 3925 3613 3981 verba

2018 4009 2266 4065 fecimus.
2319 4009 2456 4066 Num
2488 4011 2540 4065 in
2588 4020 2841 4070 mentem.
2868 4014 3133 4070 revocatis
3152 4014 3178 4068 ‘t
3199 4016 3313 4086 Age
3341 4030 3470 4086 ergo
3495 4031 3614 4086 quae

2016 4111 2148 4158 tunc
2163 4102 2970 4173 diximus,hodie-resumamos,
2995 4107 3449 4179 ostendamusque
3473 4109 3617 4165 elec-

2016 4209 2302 4267 mosynam
2334 4205 2505 4252 artem
2553 4211 2674 4253 esse
2713 4206 2770 4252 et
2808 4197 3048 4252 omnium
3090 4199 3286 4253 artium
3335 4199 3613 4269 Optimam.
3666 4247 3679 4259 ,

2022 4289 2160 4345 Nam
2181 4286 2226 4344 si
2253 4289 2387 4345 artis
2424 4298 2508 4345 est
2547 4290 2823 4360 preprium
2866 4289 2919 4345 in
2949 4290 3150 4362 aliquid
3182 4292 3313 4347 utile
3342 4291 3637 4359 desinere,.

2022 4380 2364 4451 eleemosyna
2391 4394 2519 4435 vero
2544 4380 2674 4435 nihil
2689 4388 2783 4436 est
2810 4380 3015 4444 utilius,
3037 4382 3348 4450 liquet-eam
3369 4390 3423 4437 et
3445 4393 3640 4437 artem-

2024 4485 2147 4527 esse
2176 4480 2230 4526 et
2258 4471 2496 4526 omnium
2532 4472 2729 4527 artium
2776 4472 3295 4540 prazslantissimam.
3323 4467 3439 4527 Non
3470 4474 3637 4528 enim

2024 4563 2116 4619 illa
2154 4562 2310 4617 nobis
2351 4562 2561 4618 calceos
2590 4573 2782 4633 parat,
2817 4580 2922 4618 non
2963 4564 3281 4620 vestimenta
3323 4564 3477 4629 texit,
3509 4578 3621 4621 non

2026 4653 2199 4709 luteas
2227 4652 2416 4709 domos
2435 4654 2736 4719 construit;
2767 4655 2861 4710 sed
2894 4656 3055 4709 vitam
3088 4655 3467 4724 sempiternam
3488 4669 3618 4709 con.

2027 4747 2217 4814 ciliat,
2250 4755 2409 4817 atque
2452 4763 2517 4801 ex
2570 4747 2760 4805 mortis
2814 4748 3061 4802 manibus
3111 4763 3213 4801 nos
3260 4747 3452 4817 eripit,
3487 4746 3621 4803 etin

2028 4846 2254 4908 utraque
2280 4838 2389 4893 vita
2415 4837 2724 4909 splendidos
2747 4836 2939 4901 reddit,
2960 4838 3265 4893 mansiones
3287 4838 3441 4892 nobis
3467 4837 3633 4892 czrle—

2029 4937 2141 4983 stes
2166 4928 2467 4985 exmdiﬁcat
2508 4938 2563 4985 et
2593 4929 2683 4984 illa
2713 4938 2916 4983 arterna
2966 4928 3328 4983 tabernacula.
3362 4929 3488 4989 Hice
3517 4943 3645 4983 non~

2033 5019 2170 5074 sinit
2198 5019 2475 5090 lampades
2524 5027 2741 5074 nostras
2782 5020 3048 5087 exsﬁngui
3072 5061 3086 5084 ,
3119 5033 3221 5074 nec
3246 5034 3369 5074 cum
3395 5018 3638 5075 sordidis

2032 5110 2274 5166 vestibus
2318 5110 2520 5180 nuptiis
2547 5110 2845 5175 interesse;
2879 5109 2973 5165 sed
3025 5110 3162 5165 lavat
3204 5119 3261 5165 et
3288 5109 3410 5165 nive
3438 5108 3629 5164 candi-

2032 5200 2213 5257 diores
2240 5200 2436 5258 reddit.
2467 5201 2530 5257 Si
2556 5202 2689 5257 enim
2721 5202 2908 5271 fuerint
2935 5210 3143 5269 peccata
3168 5209 3334 5255 vestra
3362 5200 3509 5271 quasi
3529 5216 3630 5271 pu-

2034 5293 2253 5358 niceum,
2273 5292 2418 5362 quasi
2445 5292 2608 5347 niuem
2628 5290 2873 5346 dealbabo
2902 5291 2921 5363 (
2955 5289 3084 5345 lsai.
3112 5291 3165 5345 1.
3188 5291 3259 5345 18
3286 5290 3325 5358 ).
3354 5289 3471 5345 Non
3502 5288 3632 5344 sinit

2037 5397 2135 5438 nos
2164 5383 2259 5439 illo
2284 5382 2555 5448 incidere,
2584 5397 2692 5453 quo
2734 5382 2884 5439 dives
2912 5381 3003 5437 ille
3029 5422 3046 5451 ,
3075 5396 3250 5451 neque
3293 5380 3480 5434 audire
3522 5389 3630 5434 tre-

2036 5474 2260 5530 mendas
2285 5489 2488 5542 voces;
2518 5474 2615 5531 sed
2641 5472 2861 5530 deducit
2892 5474 2947 5530 in
2977 5473 3157 5530 sinum
3187 5471 3419 5527 Abrahae
3446 5469 3467 5540 (
3496 5469 3626 5525 Luc.

2039 5572 2107 5626 16
2135 5570 2179 5640 ).
2206 5570 2366 5625 Certe
2391 5578 2537 5625 artes
2572 5569 2862 5624 saeculares
2901 5567 3127 5636 singulae
3154 5579 3309 5621 suum
3339 5562 3540 5619 habent
3565 5561 3630 5617 li-

2040 5675 2163 5717 nem
2192 5679 2205 5716 :
2234 5661 2575 5732 agricultura:
2602 5670 2685 5716 est
2717 5659 2941 5727 nutrire,
2965 5650 3210 5715 textoris:
3231 5655 3383 5725 artis,
3405 5653 3631 5721 vestire;

2105 5846 2124 5882 ⁸
2149 5847 2266 5905 Alii.
2289 5842 2371 5899 oui
2394 5839 2637 5899 suoerflua
2659 5841 2879 5891 retinent.
2921 5882 2924 5886 Α
