4102 6420
500 409 605 467 8ἳῖ

502 526 611 580 imo
637 535 704 576 ne
733 518 950 592 quidem
989 515 1094 570 hoc
1121 505 1300 567 facere
1331 516 1508 579 potest
1553 524 1566 560 :

505 612 705 670 sufficit
731 609 800 664 ad
838 623 934 663 sua
966 604 1122 660 nobis
1145 597 1566 670 suppeditanda.

1611 516 1787 574 neque
1811 499 1955 556 enim
1981 497 2096 552 sola

473 699 478 743 ἶ
575 705 629 757 4.
660 702 807 756 Artes
833 695 1047 769 singuch
1089 694 1205 748 aliis
1248 690 1442 744 artibus
1483 702 1610 758 opus
1641 683 1839 738 habent.
1869 681 2102 734 Elecmo-

510 810 654 865 syme
675 789 1044 863 pmrogatiw.
1069 815 1142 826 —
1167 783 1223 839 Si
1246 783 1325 836 vis
1344 788 1544 841 autem,
1563 774 1939 847 agriculturam
1955 771 2101 865 prius

507 861 873 954 exploremus.
915 877 1030 933 Nisi
1080 874 1226 930 enim
1254 873 1346 927 illa
1383 868 1661 926 ferrariam
1696 873 1866 919 artem
1902 861 2101 954 sociam

509 953 725 1040 habeat,
752 987 872 1043 quae
898 970 1130 1039 ligonem
1151 1007 1168 1034 ,
1209 975 1507 1028 vomerem,
1548 959 1738 1014 falcem
1765 964 1821 1012 et
1862 953 2098 1010 securim

506 1067 723 1136 aliaque
750 1063 916 1120 multa
941 1059 1266 1132 suppeditet,
1293 1059 1529 1123 itemque
1555 1049 1822 1111 fabrilem,
1841 1061 1961 1118 quae
1984 1059 2105 1100 ara-

509 1171 676 1224 trum,
697 1157 884 1228 iugum
908 1163 964 1209 et
1003 1153 1304 1224 plaustrum
1334 1151 1608 1202 eonstruat
1635 1141 1704 1197 ad
1729 1140 1904 1210 spicas
1929 1147 2105 1192 teren-

509 1253 644 1317 das;
675 1258 732 1305 et
755 1247 1073 1310 eoriariam,
1101 1257 1222 1312 qua:
1263 1237 1564 1308 corrigias;
1597 1228 2066 1288 architectonicam
2087 1268 2102 1291 ,

509 1359 630 1414 qua:
658 1339 935 1398 arantibus
957 1335 1130 1391 bobus
1148 1331 1436 1395 stabulum,
1463 1325 1711 1396 agricolis
1729 1336 1910 1378 casam
1942 1319 2104 1420 fabri-

513 1445 637 1500 cet;
668 1442 726 1489 et
763 1429 1045 1502 lignariam
1068 1467 1084 1493 ,
1109 1439 1232 1496 qum
1273 1422 1413 1492 ligna
1435 1427 1617 1482 secet;
1648 1429 1711 1470 ac
1737 1422 1994 1483 prteterea
2022 1425 2104 1479 pt-

519 1526 768 1593 storiatn,
797 1538 916 1594 quae
960 1533 1153 1591 panem
1175 1512 1591 1579 subministretz
1624 1516 1767 1562 stare
1792 1505 1973 1574 nequit
1993 1517 2108 1594 om-

517 1619 669 1676 nino.
699 1592 790 1672 Sic
815 1592 977 1670 etiam
1005 1626 1094 1668 ars
1115 1604 1363 1670 textorio,
1391 1601 1436 1656 si
1457 1599 1584 1671 quid
1612 1598 1788 1662 faciat,
1807 1595 2000 1650 multas
2015 1592 2111 1646 ad-

519 1717 678 1766 vocat
703 1715 870 1772 artes,
898 1718 1020 1771 qua:
1059 1714 1220 1770 opem
1248 1697 1456 1760 ferant;
1484 1707 1602 1762 qua:
1628 1690 1672 1744 si
1700 1703 1805 1742 non
1831 1683 2105 1748 accedant,

523 1807 632 1856 stat
655 1799 744 1854 illa
773 1795 995 1852 inutilis.
1042 1789 1134 1846 Sic
1175 1785 1399 1856 singula:
1429 1791 1573 1838 artes
1597 1779 1809 1836 eazteris
1845 1782 2024 1846 egent.
2051 1772 2110 1828 Si

524 1905 657 1948 vero
696 1883 1121 1944 misericordiam
1152 1891 1410 1935 exercere
1438 1874 1702 1938 velimus,
1745 1883 1850 1927 una
1893 1878 2111 1938 egemus

521 1985 819 2041 voluntate.
842 1979 897 2036 Si
923 1976 1125 2034 dixeris
1154 1970 1394 2042 pecuniis
1421 1981 1545 2023 esse
1582 1978 1739 2033 Opus,
1766 1961 1988 2023 aedibus,
2019 1972 2112 2014 ve-

528 2076 720 2139 stibus,
742 2071 940 2128 calceis
963 2109 976 2133 ,
1011 2067 1130 2136 lege
1156 2064 1244 2118 illa
1273 2058 1470 2116 Christi
1504 2055 1688 2119 verba,
1717 2067 1838 2122 quae
1862 2050 1930 2106 de
1955 2049 2110 2104 vidua

521 2167 658 2222 dixit
685 2163 855 2236 (Luc.
878 2160 970 2214 21.
999 2158 1034 2212 3
1059 2157 1077 2226 )
1102 2197 1117 2221 ,
1154 2163 1208 2209 et
1253 2153 1392 2205 hanc
1437 2144 1852 2203 sollicitudinem
1881 2141 2110 2236 depone.

525 2259 584 2314 Si
609 2229 895 2311 admodum
929 2263 1133 2321 pauper
1177 2247 1285 2310 sis,
1317 2251 1372 2298 et
1399 2238 1661 2297 mendicis
1688 2237 1819 2306 ipsis
1849 2234 2037 2321 vilior,
2069 2229 2112 2286 si

543 2349 652 2403 dua
676 2347 888 2402 minuta
915 2319 1191 2408 inieceris,
1230 2339 1405 2384 totum
1436 2322 1747 2395 perfecisti;
1791 2321 1836 2374 si
1865 2319 1960 2373 des
2005 2331 2112 2408 tua-

547 2451 668 2494 zam
697 2449 863 2504 quam
885 2407 1069 2488 solum
1101 2426 1299 2488 habes,
1337 2420 1406 2476 ad
1434 2417 1571 2474 artis
1598 2414 1759 2473 ﬁnem
1795 2407 2108 2482 pervenisti.

523 2524 677 2578 lianc
715 2521 893 2586 itaque
919 2515 1260 2584 disciplinain
1289 2553 1303 2576 ,
1335 2509 1473 2564 hanc
1517 2517 1686 2562 artem
1714 2504 2040 2575 accipiamus
2066 2509 2122 2558 et

528 2611 865 2682 impleamus.
898 2605 1196 2676 Optabilius
1220 2602 1414 2672 quippe
1434 2607 1519 2656 est
1545 2599 1690 2652 illam
1721 2597 1938 2660 habere,
1960 2608 2120 2664 quam

529 2717 709 2772 regem
753 2714 874 2754 esse
895 2739 912 2765 ,
943 2706 995 2753 et
1039 2695 1340 2750 diademate
1378 2689 1579 2747 ornari.
1606 2688 1788 2758 Neque
1814 2688 1956 2747 enim
1985 2686 2123 2745 hanc

530 2795 705 2852 solum
739 2788 1145 2861 praerogativam
1177 2785 1360 2849 habet,
1387 2781 1528 2853 quod
1556 2781 1769 2836 caeteris
1797 2793 1904 2833 non
1935 2787 2122 2846 egeat,

531 2885 627 2944 sed
650 2883 792 2955 quod
818 2881 982 2936 etiam
1010 2877 1174 2932 multa
1203 2884 1257 2931 et
1279 2875 1424 2930 varia
1448 2871 1658 2942 negotia
1687 2869 1950 2940 perficiat.
1980 2867 2112 2922 Nam

531 2978 684 3035 tech
704 2973 969 3032 construit
1013 2972 1065 3026 in
1095 2968 1243 3029 caelis
1272 2981 1486 3035 semper
1513 2971 1793 3022 manentes
1821 3001 1835 3028 ,
1861 2961 2126 3030 docetque

531 3067 768 3125 cultores
813 3078 942 3125 suos
967 3060 1237 3132 quomodo
1264 3067 1518 3113 aeternam
1552 3065 1780 3111 mortem
1828 3053 2079 3122 effugiant
2106 3092 2122 3118 ,

531 3161 920 3227 thesaurosque
944 3155 1037 3209 tibi
1078 3153 1190 3220 dat,
1217 3151 1305 3222 qui
1338 3163 1628 3220 numquam
1663 3147 2022 3210 insumuntur,
2072 3155 2127 3200 et

532 3251 715 3308 damni
740 3256 993 3319 expertes
1021 3253 1145 3301 sunt
1170 3286 1186 3310 ,
1225 3258 1326 3299 nec
1369 3242 1568 3308 l'nrum,
1599 3255 1696 3295 nec
1719 3239 2000 3301 vermium,
2029 3253 2128 3293 nec

532 3345 818 3407 tinearum,
833 3353 934 3394 nec
961 3335 1216 3406 temporis
1245 3333 1418 3388 labem
1448 3332 1719 3386 timentes.
1745 3330 1900 3398 Atqui
1924 3328 1967 3381 si
1986 3328 2127 3382 circa

533 3432 790 3489 frumenti
820 3427 1116 3485 custodiam
1147 3425 1306 3480 talem
1355 3423 1448 3476 tibi
1493 3421 1614 3491 quis
1663 3431 1834 3475 artem
1878 3419 2126 3483 doceret,

537 3525 666 3601 quid
696 3539 808 3587 non
832 3522 991 3577 dares
1017 3528 1075 3577 ut
1114 3531 1300 3596 pos‘St‘s
1329 3514 1508 3569 multis
1529 3512 1682 3567 annis
1717 3510 2041 3566 frumentum
2064 3511 2131 3564 il-

540 3619 728 3672 la'sum
757 3611 1017 3673 servare?
1057 3610 1196 3668 Ecce
1219 3607 1355 3660 hanc
1383 3605 1476 3660 tibi
1505 3618 1610 3661 non
1633 3602 1884 3658 frumenti
1905 3611 2128 3666 tantunt,

539 3706 636 3764 sed
653 3705 890 3764 omnium
919 3699 1217 3758 custodiam
1237 3692 1558 3766 suppeditat,
1577 3694 1840 3762 docetque
1865 3693 2132 3761 quomodo

519 3813 592 3868 et
623 3801 784 3864 bona,
817 3804 872 3852 et
898 3794 1073 3852 anima
1101 3802 1155 3846 et
1184 3803 1381 3859 corpus
1416 3787 1582 3846 illaesa
1613 3801 1828 3855 semper
1859 3792 2129 3840 maneant.

545 3895 609 3948 l-lt
633 3908 730 3950 cur
769 3889 899 3948 artis
930 3886 1153 3955 huiusce
1183 3898 1348 3952 Opera
1391 3881 1689 3941 minutatim
1718 3878 2135 3950 persequamur?

545 3985 634 4039 Illa
663 3982 861 4052 quippe
909 3988 961 4032 te
987 3976 1145 4031 docet
1188 3989 1294 4044 quo
1322 3982 1474 4042 pacto
1507 3971 1617 4025 Deo
1645 3970 1836 4026 similis
1865 3985 1985 4025 esse
2013 3984 2136 4038 pos-

540 4078 636 4141 sis,
662 4071 802 4143 quod
823 4076 982 4139 caput
1003 4075 1086 4128 est
1102 4065 1340 4121 omnium
1378 4063 1661 4117 bonorum.
1688 4061 1875 4116 Viden’
1900 4075 2005 4130 quo
2036 4074 2133 4128 pa-

542 4159 630 4221 cto
661 4176 765 4221 non
791 4174 952 4214 unum
984 4156 1102 4226 eius
1130 4170 1263 4224 opus
1294 4155 1398 4218 sit,
1437 4152 1530 4207 sed
1571 4151 1839 4221 plurima?
1875 4151 2002 4207 Sine
2031 4151 2137 4205 ulla

545 4254 766 4318 alterius
795 4252 925 4306 artis
963 4263 1066 4319 ope
1092 4247 1280 4302 domos
1320 4245 1627 4309 construit,
1657 4253 1833 4302 vestes
1876 4245 2134 4310 contexit,

557 4348 840 4405 thesauros
865 4348 1087 4412 apparat
1115 4346 1278 4402 lutea,
1305 4337 1491 4390 mortis
1520 4336 1752 4390 victores
1781 4335 1995 4403 reddit,
2025 4335 2139 4390 dia-

550 4440 673 4495 bolo
695 4437 942 4506 imperat,
973 4432 1082 4487 Deo
1105 4429 1308 4485 similes
1332 4428 1510 4482 efficit.
1530 4427 1665 4496 Quid
1685 4441 1813 4498 ergo
1835 4428 2013 4482 utilius
2041 4428 2140 4482 hac

558 4529 721 4594 arte?
748 4527 882 4588 Alite
911 4537 1142 4593 namque
1171 4529 1314 4575 artes
1338 4562 1352 4585 ,
1377 4527 1569 4589 praeter
1588 4534 1648 4574 ea
1671 4535 1788 4588 qute
1809 4518 1949 4574 dicta
1975 4527 2134 4585 sunt,

549 4639 671 4678 cum
717 4615 968 4691 praesenti
1011 4615 1114 4668 vita
1167 4619 1520 4687 pra'lereunt,
1553 4626 1672 4665 cum
1701 4610 1935 4665 artifices
1965 4626 2138 4680 azgro-
2167 4626 2169 4628 ·

554 4722 690 4782 tant,
710 4701 815 4774 illa:
844 4713 1078 4772 cessant,
1104 4719 1266 4774 opera
1298 4718 1510 4773 quoque
1548 4718 1732 4757 eorum
1779 4718 1886 4757 non
1932 4717 2145 4772 perma-

556 4814 711 4870 nent,
742 4803 924 4858 labore
954 4809 1008 4858 et
1040 4809 1282 4867 tempore
1319 4796 1488 4850 multo
1520 4805 1698 4865 egent,
1731 4797 1958 4866 aliisque
1982 4797 2143 4852 innu-

561 4899 758 4958 meris:
792 4896 909 4954 hate
937 4908 1066 4948 vero
1089 4901 1210 4960 post
1256 4889 1445 4945 mundi
1487 4889 1648 4944 linem
1679 4891 1916 4944 maxime
1956 4889 2142 4960 fulget,

559 4999 678 5060 post
703 4995 930 5042 mortem
956 4984 1187 5039 maxime
1208 4980 1471 5051 Splendet,
1489 4988 1545 5039 et
1573 4995 1734 5050 opera
1763 4994 1856 5034 sua
1877 4981 2143 5048 ostendit,

558 5093 730 5150 neque
778 5087 1020 5145 tempore
1049 5075 1131 5128 vel
1162 5073 1346 5130 labore
1385 5073 1557 5142 eget‘,
1587 5086 1760 5142 neque
1783 5073 1884 5127 alia
1925 5088 1984 5127 re
2012 5089 2146 5143 qua-

565 5176 704 5244 piam
732 5187 750 5237 ;
777 5169 870 5224 sed
896 5210 912 5234 ,
951 5177 1003 5222 te
1041 5181 1254 5236 quoque
1297 5172 1589 5236 a‘grotante
1617 5173 1672 5218 et
1698 5165 1848 5221 senio
1868 5165 2112 5221 confecto
2130 5208 2146 5234 ,

557 5274 833 5338 operatur,
854 5276 916 5322 ac
932 5270 1105 5325 tecum
1129 5261 1180 5314 in
1203 5257 1432 5318 futuram
1451 5256 1610 5312 vitam
1631 5257 1842 5325 transit,
1861 5273 2149 5329 numquam

563 5371 614 5416 te
659 5354 956 5424 relinquit;
999 5361 1052 5406 te
1099 5350 1354 5420 sepltistis
1383 5357 1440 5404 et
1475 5349 1780 5404 rhetoribus
1817 5350 2150 5418 superiorem

561 5448 756 5509 reddit.
791 5445 922 5500 Nam
948 5443 1039 5512 qui
1071 5442 1122 5498 in
1151 5441 1254 5499 illis
1273 5441 1478 5496 artibus
1503 5438 1734 5508 ﬂorent,
1758 5439 1940 5499 multis
1960 5441 2152 5496 invidis

567 5537 763 5606 objecti
790 5521 920 5590 sunt
950 5552 963 5587 :
997 5533 1084 5602 qui
1117 5540 1292 5586 autem
1329 5533 1381 5596 in
1412 5530 1514 5585 hac
1541 5531 1814 5599 conspicui
1838 5541 1984 5599 sunt,
2016 5533 2156 5586 utul-

567 5635 739 5684 torum
772 5625 1016 5695 precibus
1043 5622 1319 5692 iuvantur.
1337 5619 1414 5674 illi
1441 5620 1654 5690 quidem
1683 5619 1956 5677 hominum
1987 5623 2155 5679 tribu-

634 5796 648 5825 ⁸
685 5801 833 5854 Unus,
856 5805 1002 5855 neque
1029 5795 1191 5844 labore
1216 5797 1334 5853 eget.

1237 397 1294 452 S.
1325 391 1604 452 JOANNIS
1639 381 2117 446 CHRYSOSTOMI
2158 381 2474 439 ARClllEP.
2503 382 3038 442 CONSTANTINOP.

3685 383 3796 440 εειι

2207 497 2421 554 nalibus
2441 498 2674 564 adstant,
2707 498 3006 568 iniuriaque
3026 496 3247 552 allectos
3276 495 3590 566 defendunt,
3609 509 3667 555 et
3694 513 3790 554 sa:-

2207 601 2276 656 pe
2323 587 2573 657 iniuriam
2620 587 2976 644 inferentibus
3014 591 3420 657 patrocinentur
3461 605 3476 642 :
3519 588 3636 643 hare
3666 603 3794 644 vere

2207 688 2332 735 ante
2358 681 2586 735 tribunal
2607 678 2805 735 Christi
2829 695 2890 735 se
2911 679 3073 744 sistit,
3095 693 3195 735 nec
3213 679 3386 734 solum
3412 681 3797 749 patrocinatur,
3869 732 3878 738 .

2208 768 2305 824 sed
2335 769 2434 839 ipsi
2458 784 2670 840 quoque
2693 767 2866 824 Iudici
2891 769 3119 836 suadet,
3155 779 3212 823 ut
3243 770 3605 837 patrocinetur
3626 771 3700 833 ei,
3731 771 3801 824 de

2209 874 2316 928 quo
2337 860 2596 928 judicium
2627 861 2938 926 instituitur,
2971 869 3028 914 et
3056 875 3151 930 pro
3179 860 3274 914 illo
3295 862 3612 916 sententiam
3640 861 3799 927 ferat;

2209 950 2421 1005 etiamsi
2449 952 2645 1006 millies
2675 952 2996 1020 peccaverit,
3019 961 3244 1006 coronat
3270 960 3324 1007 et
3345 953 3599 1022 praedicat
3622 953 3800 1008 illum.

2209 1040 2345 1096 Nam
2384 1043 2461 1096 ait
2503 1059 2519 1095 :
2571 1043 2703 1097 Date
2731 1044 3101 1114 eleemosynam
3125 1085 3142 1110 ,
3171 1054 3219 1098 et
3244 1046 3414 1098 omnia
3442 1047 3634 1100 munda
3657 1056 3805 1101 enim

2213 1134 2232 1203 (
2258 1132 2383 1187 Luc.
2421 1136 2506 1188 ll.
2532 1135 2592 1189 41
2618 1134 2662 1207 ).
2689 1135 2893 1205 Ecquid
2921 1135 3094 1189 futura
3124 1135 3290 1190 dico?
3315 1135 3372 1191 Si
3406 1137 3551 1192 enim
3582 1137 3634 1190 in
3667 1152 3807 1205 prte-

2212 1224 2350 1279 senti
2374 1223 2483 1277 vita
2510 1223 2756 1278 homines
2784 1225 3182 1279 sciscitaremur
3201 1225 3328 1294 quid
3358 1226 3682 1290 mallent,au
3713 1241 3804 1280 so-

2216 1312 2425 1381 phistas
2466 1322 2523 1368 et
2564 1315 2812 1369 rhetores
2835 1329 2958 1369 esse
2996 1315 3192 1370 multos
3212 1355 3228 1379 ,
3256 1331 3326 1368 an
3350 1316 3729 1372 misericordes
3751 1327 3809 1372 et

2212 1403 2471 1473 benignos
2500 1423 2513 1460 :
2545 1402 2648 1458 hoc
2669 1403 2915 1458 ultimum
2933 1406 3110 1473 potius
3135 1405 3393 1476 eligerent
3418 1422 3434 1470 ;
3465 1415 3519 1460 et
3541 1406 3666 1476 iure
3688 1408 3812 1476 qui-

2212 1495 2356 1551 dem.
2385 1495 2518 1550 Nam
2554 1497 2600 1552 si
2646 1495 2892 1551 facundia
2941 1497 3179 1560 tollatur,
3228 1497 3365 1551 nihil
3399 1497 3526 1552 mali
3568 1499 3809 1553 invitam

2213 1597 2457 1643 nostram
2479 1589 2883 1659 importabitur;
2907 1599 3192 1659 antequam
3217 1590 3360 1645 enim
3384 1591 3472 1644 illa
3497 1591 3808 1656 exsisteret,

2214 1679 2386 1734 multo
2416 1689 2658 1750 tempore
2687 1681 2926 1736 constitit
2954 1699 2968 1735 :
2999 1682 3044 1735 si
3071 1697 3203 1736 vero
3237 1682 3660 1738 misericordiam
3687 1699 3810 1739 sus-

2219 1770 2423 1838 tuleris,
2454 1771 2634 1826 omnia
2679 1771 2946 1850 peribunt.
2971 1771 3041 1826 Et
3064 1772 3512 1842 quemadmodum
3539 1789 3637 1844 per
3657 1789 3816 1831 mare

2217 1861 2467 1932 navigare
2493 1877 2598 1917 non
2636 1863 2832 1934 possis,
2866 1865 2911 1917 si
2941 1871 3125 1932 portus
3154 1871 3210 1918 et
3234 1863 3493 1919 stationes
3511 1865 3803 1920 obstruas:
3901 1856 3904 1859 ’

2217 1954 2297 2010 sic
2320 1969 2428 2009 non
2457 1963 2633 2025 potest
2671 1955 2787 2010 haec
2813 1956 2921 2009 vita
2952 1963 3221 2021 constare,
3259 1955 3306 2010 si
3350 1955 3775 2011 misericordiam
3796 1998 3813 2022 ,

2217 2045 2427 2101 veniam
2456 2054 2512 2114 et
2535 2045 2920 2101 humanitatem
2947 2045 3248 2100 sustuleris.

2289 2136 2344 2198 5.
2384 2135 2724 2204 Quapropter
2750 2150 2857 2190 non
2890 2135 3124 2190 humano
3165 2135 3337 2190 solum
3365 2136 3648 2192 ratiocinio
3691 2135 3813 2193 haec

2221 2228 2365 2283 Deus
2390 2227 2652 2296 permisit,
2683 2227 2777 2283 sed
2803 2237 2858 2283 et
2880 2228 3075 2283 multas
3097 2241 3281 2282 eorum
3313 2236 3492 2297 partes
3528 2238 3734 2284 natura;
3763 2230 3818 2283 vi

2222 2320 2433 2375 iusevit.
2461 2317 2557 2376 Sic
2588 2328 2766 2388 patres
2790 2327 2846 2374 et
2864 2328 3065 2374 matres
3085 2333 3209 2389 erga
3230 2319 3428 2374 liberos
3453 2320 3822 2375 misericordia

2224 2420 2540 2476 moventur;
2571 2411 2650 2465 sic
2671 2410 2763 2465 filii
2781 2425 2903 2479 erga
2928 2417 3174 2480 parentes
3200 2426 3214 2464 :
3242 2425 3416 2481 neque
3437 2411 3488 2465 in
3517 2410 3826 2466 hominibus

2227 2512 2452 2565 tantum,
2472 2500 2565 2555 sed
2585 2502 2638 2560 in
2657 2501 2826 2556 brutis
2846 2517 2858 2552 :
2879 2500 3177 2570 eodemque
3193 2509 3316 2554 sunt
3331 2499 3502 2555 affecti
3526 2499 3686 2554 modo
3706 2499 3823 2554 fra-

2229 2603 2356 2659 tres,
2388 2592 2673 2663 propinqui
2695 2602 2747 2647 et
2791 2592 2981 2647 affines
2999 2633 3014 2658 ,
3043 2600 3100 2646 et
3127 2590 3372 2645 homines
3396 2591 3486 2645 alii
3513 2607 3636 2661 erga
3661 2592 3823 2646 alios.
3898 2587 3904 2592 ’

2229 2685 2275 2741 Α
2304 2696 2490 2738 natura
2512 2683 2710 2753 quippe
2739 2683 2895 2752 proni
2923 2683 2990 2736 ad
3017 2682 3440 2740 misericordiam
3467 2697 3673 2740 sumus.
3697 2683 3828 2738 Ideo

2229 2774 2369 2830 circa
2404 2774 2595 2843 iniuria
2629 2773 2849 2828 affectos
2888 2773 3260 2843 indignamur,
3294 2773 3437 2829 circa
3474 2774 3832 2844 interemptos

2235 2865 2511 2931 dolemus,
2561 2865 2606 2921 si
2637 2865 2881 2936 lugentes
2920 2865 3199 2922 videamus
3221 2906 3241 2930 ,
3277 2865 3650 2934 lacrymatnur.
3690 2866 3830 2932 Quia

2231 2958 2373 3013 enim
2421 2959 2531 3013 vult
2575 2959 2757 3022 Dens,
2803 2967 2861 3013 ut
2887 2957 2942 3012 id
2981 2957 3342 3024 observetur,
3397 2967 3639 3014 naturam
3666 2960 3833 3029 iussit

2233 3049 2398 3106 multa
2429 3047 2528 3108 hac
2554 3047 2606 3102 in
2637 3063 2696 3102 re
2721 3063 2787 3104 ex
2819 3063 2878 3103 se
2902 3049 3167 3112 conferre,
3198 3048 3490 3104 ostendens
3515 3049 3568 3103 id
3587 3050 3684 3104 sibi
3713 3065 3836 3104 ma-

2232 3139 2375 3194 xime
2401 3139 2452 3193 in
2478 3139 2676 3208 optatis
2705 3152 2847 3194 esse.
2874 3138 3002 3192 Haec
3029 3139 3207 3208 itaque
3226 3139 3406 3192 animo
3431 3149 3702 3195 versantes
3725 3181 3741 3206 ,
3773 3149 3834 3195 et

2233 3244 2332 3284 nos
2361 3239 2414 3283 et
2453 3229 2594 3284 filios
2633 3237 2687 3282 et
2724 3228 3054 3300 propinquos
3084 3228 3152 3283 ad
3178 3228 3541 3300 eleemosynze
3587 3230 3833 3286 scholam

2232 3318 2529 3385 ducamus;
2558 3319 2661 3374 hoc
2682 3328 2806 3374 ante
2833 3320 3010 3374 omnia
3037 3319 3210 3375 discat
3229 3319 3421 3387 homo;
3451 3337 3572 3376 nam
3599 3322 3725 3378 illud
3748 3332 3837 3379 est

2237 3410 2504 3464 hominem
2528 3424 2650 3465 esse
2671 3425 2686 3475 ;
2719 3409 2911 3481 Magna
2933 3410 3120 3480 quippe
3144 3426 3224 3464 res
3249 3419 3321 3467 est
3341 3411 3512 3477 (tanta,
3543 3421 3590 3468 et
3611 3413 3837 3483 pretiosa

2235 3517 2313 3555 res
2342 3510 2415 3554 est
2444 3501 2518 3553 vir
2538 3501 2858 3574 misericors(
2883 3501 3038 3557 Prov.
3067 3501 3160 3558 20.
3191 3502 3263 3574 6)
3287 3520 3302 3568 ;
3334 3503 3380 3558 si
3407 3503 3456 3558 id
3487 3519 3592 3559 non
3614 3504 3836 3573 habeat,

2237 3605 2266 3644 a
2294 3599 2482 3646 natura
2506 3592 2737 3646 hominis
2757 3592 2974 3647 decidit.
3002 3593 3112 3647 lioc
3132 3594 3402 3663 sapientes
3419 3593 3602 3652 efficit.
3627 3597 3836 3667 Ecquid

2239 3682 2470 3750 tuiraris,
2501 3683 2547 3737 si
2577 3683 2680 3738 hoc
2701 3693 2784 3738 est
2807 3683 3074 3740 hominem
3103 3685 3258 3740 esse?
3279 3684 3393 3742 Hoc
3417 3695 3500 3741 est
3523 3687 3661 3742 Deus
3689 3704 3837 3753 esse;

2240 3790 2361 3829 nam
2384 3776 2457 3830 ait
2481 3793 2493 3830 :
2516 3774 2694 3830 Estote
2715 3776 3081 3842 misericordes,
3106 3777 3235 3830 sicut
3255 3786 3302 3830 et
3321 3777 3477 3833 Pater
3495 3788 3653 3833 vester
3678 3779 3838 3852 (Luc.

2240 3868 2293 3922 6.
2327 3867 2455 3938 56).
2487 3868 2764 3924 Discamus
2801 3868 2960 3938 igitur
2988 3869 3364 3926 misericordes
3403 3885 3551 3938 esse,
3585 3881 3696 3928 tum
3719 3889 3842 3930 om-

2243 3963 2389 4015 nium
2416 3974 2577 4015 causa
2598 4000 2612 4024 ,
2644 3971 2754 4014 tum
2787 3961 3021 4015 maxime
3051 3961 3191 4030 quod
3221 3971 3276 4017 et
3306 3962 3404 4032 ipsi
3435 3964 3599 4018 multa
3625 3965 3844 4020 miscri-

2241 4053 2422 4108 cordia
2447 4067 2718 4123 egeamus.
2749 4051 2933 4121 Neque
2963 4067 3061 4106 nos
3086 4053 3262 4107 vivere
3291 4064 3538 4122 putemus
3563 4070 3670 4125 qtto
3697 4064 3842 4111 tem-

2243 4159 2372 4214 pore
2396 4143 2772 4199 misericordes
2793 4158 2898 4197 non
2931 4157 3145 4210 sumus;
3177 4143 3244 4199 de
3266 4143 3605 4217 eleemosyna
3624 4147 3840 4217 loquor,

2243 4253 2361 4308 qntc
2383 4237 2450 4292 ab
2479 4236 2702 4290 avaritia
2728 4247 2781 4290 et
2806 4237 2989 4305 rapina
3023 4251 3152 4305 pura
3177 4238 3264 4291 sit.
3297 4236 3352 4293 Si
3381 4238 3522 4292 enim
3562 4241 3650 4309 qui
3684 4241 3845 4297 bonis

2244 4328 2356 4382 suis
2377 4337 2682 4392 contentus,
2707 4327 2838 4381 nihil
2858 4327 2973 4380 aliis
2995 4327 3237 4396 largitur,
3261 4343 3368 4383 non
3393 4339 3475 4384 est
3499 4330 3835 4386 misericors:

2246 4419 2336 4492 qui
2363 4421 2534 4476 aliena
2566 4421 2725 4490 rapit,
2755 4419 3023 4489 quomodo
3050 4421 3356 4475 misericors
3381 4421 3481 4484 sit,
3513 4423 3720 4478 etiamsi
3751 4423 3836 4476 in-

2247 4529 2470 4568 numera
2517 4512 2738 4581 eroget?
2777 4511 2910 4566 Nam
2960 4512 3004 4566 si
3045 4511 3090 4566 is
3131 4514 3221 4583 qui
3261 4512 3374 4567 suis
3401 4522 3604 4568 tantum
3641 4513 3835 4570 fruitur

2247 4605 2422 4670 bonis,
2446 4613 2500 4658 et
2525 4603 2654 4659 nihil
2677 4603 2914 4673 largitur,
2935 4603 3314 4658 immisericors
3339 4614 3421 4660 est
3445 4622 3459 4659 :
3479 4605 3646 4660 multo
3668 4621 3844 4676 magts

2250 4694 2295 4748 is
2325 4694 2414 4764 qui
2445 4695 2618 4748 aliena
2649 4693 2864 4768 abripit.
2899 4694 2954 4749 Si
2988 4695 3020 4748 ii
3051 4696 3140 4764 qtti
3167 4693 3296 4749 nihil
3314 4695 3495 4750 damni
3523 4696 3838 4757 intulerunt,

2253 4781 2554 4856 plectuut‘itr
2574 4824 2590 4850 ,
2618 4785 2740 4855 quia
2775 4785 2946 4855 largiti
2973 4800 3078 4839 non
3107 4795 3232 4840 sunt
3261 4803 3276 4840 :
3306 4787 3473 4841 multo
3497 4789 3663 4858 magis
3691 4787 3728 4842 ii
3747 4789 3842 4858 qui

2251 4877 2424 4932 aliena
2446 4883 2756 4945 rapuerunt.
2777 4876 2854 4931 Ne
2875 4877 3032 4948 igitur
3048 4877 3268 4946 dixeris,
3291 4878 3444 4934 Alius
3469 4879 3664 4950 iniuste
3685 4881 3848 4938 ltesus

2254 4977 2357 5034 est,
2385 4978 2438 5023 et
2467 4968 2602 5022 alius
2625 4969 3021 5039 eleemosynam
3043 4969 3252 5038 accipit.
3278 4968 3332 5024 In
3359 4969 3461 5024 hoc
3477 4971 3620 5026 enim
3643 4972 3846 5029 malum

2254 5058 2522 5115 versatur.
2558 5058 2663 5113 Par
2691 5059 2889 5130 quippe
2927 5067 3045 5113 erat
3083 5059 3328 5114 eumdem
3356 5060 3527 5129 ipsum
3555 5062 3644 5132 qui
3685 5062 3850 5119 lzesns

2256 5158 2359 5216 est,
2388 5150 2784 5220 eleemosynam
2807 5151 3050 5219 accipere
3083 5166 3096 5202 :
3130 5165 3270 5204 nunc
3293 5164 3422 5205 vero
3455 5152 3590 5208 alios
3618 5153 3853 5208 vulneri-

2256 5244 2359 5301 bus
2377 5243 2566 5310 afficis,
2588 5251 2643 5298 et
2660 5243 2884 5298 aliormn
2905 5243 3121 5299 \ulnera
3147 5259 3321 5310 curas,
3342 5260 3475 5314 quos
3503 5261 3609 5300 non
3631 5248 3854 5302 vulnere

2259 5333 2502 5400 affecisti,
2525 5348 2646 5389 cum
2673 5341 2947 5404 oporteret
2971 5333 3088 5388 illos
3115 5333 3259 5402 ipsos
3285 5350 3504 5394 curare;
3537 5335 3646 5390 imo
3674 5337 3855 5407 potius

2259 5441 2370 5482 non
2402 5427 2740 5481 vulnerasse.
2765 5425 3030 5496 Benignus
3051 5426 3190 5480 enim
3214 5425 3301 5479 ille
3324 5434 3426 5492 est,
3459 5441 3564 5480 non
3587 5428 3675 5497 qui
3697 5427 3858 5483 etedit

2262 5526 2318 5571 et
2339 5525 2522 5586 postea
2548 5523 2720 5583 curat,
2736 5515 2832 5571 sed
2856 5517 2943 5587 qui
2969 5516 3035 5570 ab
3061 5517 3180 5570 aliis
3206 5517 3511 5572 vulneratos
3536 5526 3707 5572 curat.
3725 5518 3855 5575 Tuis

2263 5621 2390 5678 ergo
2417 5607 2573 5660 malis
2599 5605 2881 5672 medearis,
2915 5622 3022 5662 non
3049 5607 3237 5662 alienis
3262 5623 3278 5673 ;
3314 5608 3421 5662 imo
3449 5623 3576 5663 vero
3604 5624 3706 5664 nec
3727 5625 3848 5679 per-

2265 5697 2437 5750 cutias
2461 5737 2475 5761 ,
2509 5712 2608 5750 nec
2649 5695 2868 5764 deiicias
2898 5698 2915 5764 (
2942 5697 3042 5750 hoc
3076 5697 3219 5750 enim
3249 5697 3478 5751 ludentis
3510 5699 3727 5768 esset),
3759 5699 3852 5754 seti

2268 5789 2504 5859 deiectos
2535 5790 2700 5859 erige.
2732 5789 2911 5860 Neque
2943 5790 3082 5849 cnim
3112 5801 3262 5860 potes
3284 5790 3470 5846 eadem
3500 5791 3855 5860 eleetnosyute
