4102 6418
380 487 632 527 mensura
649 471 847 528 malum
871 487 935 529 ex
960 473 1184 530 avaritia
1201 473 1404 535 illatum
1417 488 1628 532 curare.
1645 474 1776 530 Nam
1795 477 1843 530 si
1857 475 1990 530 obo-

379 564 488 617 lum
507 563 768 633 rapueris,
777 578 881 618 non
893 564 1024 618 satis
1036 574 1118 618 est
1132 565 1346 620 obolom
1359 565 1410 618 in
1425 562 1823 635 cieemosynam
1835 565 1988 624 dare.

379 666 433 708 ut
452 658 652 723 rapinae
672 655 826 709 ulcus
843 669 1022 719 nes;
1045 655 1138 710 sed
1162 657 1361 712 talento
1381 672 1516 726 opus
1530 667 1632 712 est.
1655 658 1778 714 Ideo
1793 658 1878 712 tur
1892 658 1985 713 de-

377 744 677 814 prehensus
689 744 1042 814 quadruplum
1067 747 1350 802 restituere
1371 747 1581 817 cogitur
1603 736 1892 818 (Exod.22.
1905 749 1926 802 1
1939 749 1977 815 ).

377 836 797 905 Itaptorautem
832 847 914 892 est
958 837 1075 892 iure
1119 839 1290 908 pejor.
1318 839 1374 895 Si
1398 855 1536 895 vero
1576 841 1721 894 illum
1752 841 1986 910 quadru-

376 927 524 996 plum
555 926 689 982 dare
718 936 936 996 Oportet
968 925 1048 998 (α)
1067 969 1082 992 ,
1123 938 1391 997 raptorem
1424 930 1708 999 dccuplum
1739 941 1793 986 et
1816 932 1984 986 multo

379 1020 502 1088 plus
517 1020 808 1074 restituere
828 1035 925 1090 par
941 1031 1024 1075 est
1042 1036 1057 1085 ;
1080 1030 1242 1090 atque
1261 1024 1500 1091 optabile
1518 1032 1601 1077 est
1625 1023 1706 1077 vel
1728 1025 1806 1077 sic
1829 1039 1985 1093 posse

382 1111 553 1165 Deum
580 1110 649 1164 ob
677 1109 986 1179 iniustitiam
1016 1113 1228 1180 placare
1260 1129 1273 1164 :
1307 1123 1431 1168 tunc
1455 1113 1598 1168 enim
1623 1129 1728 1168 non
1751 1114 1984 1169 ciccum-

376 1218 528 1272 synte
556 1203 782 1257 fructum
813 1203 1055 1272 recipiet.
1097 1202 1222 1258 ideo
1247 1204 1534 1260 Zaccbzeus
1583 1204 1747 1260 dicit:
1771 1205 1982 1275 Siquid

375 1295 603 1364 aliquem
637 1295 965 1364 defraudaoi,
1000 1297 1214 1350 reddam
1239 1298 1580 1366 quadruplum
1601 1338 1618 1364 ,
1645 1307 1694 1351 et
1714 1298 1982 1352 dimidium

373 1383 628 1438 bonorum
647 1401 873 1440 meorum
893 1385 1024 1440 dabo
1050 1387 1354 1457 pauperibus
1379 1386 1544 1456 (Luc.
1590 1388 1677 1442 l9.
1705 1387 1798 1458 8).
1825 1389 1979 1455 Quod

373 1475 425 1530 si
453 1477 506 1530 in
527 1476 647 1546 lege
664 1476 1018 1546 quadruplum
1051 1477 1278 1534 reddere
1297 1479 1598 1547 oportebat,
1621 1479 1792 1534 multo
1811 1481 1979 1550 magis

380 1567 438 1624 in
463 1567 662 1636 gratia.
691 1567 745 1623 Si
777 1568 945 1622 iurem
977 1577 1184 1624 tantum
1217 1569 1501 1625 restituere
1535 1579 1782 1640 oportet,
1811 1571 1979 1626 multo

366 1661 544 1734 magis
570 1669 859 1729 raptorem.
889 1659 1020 1714 Nam
1056 1671 1250 1730 praeter
1275 1660 1526 1715 damnum
1546 1701 1562 1728 ,
1591 1663 1978 1719 contumeliosa

373 1759 522 1804 certe
535 1764 622 1812 res
636 1758 739 1810 est.
759 1749 938 1820 Itaque
953 1751 1160 1805 etiamsi
1179 1751 1485 1820 centuplum
1509 1751 1820 1818 reddideris,
1843 1768 1979 1808 non-

374 1841 502 1893 dum
528 1848 697 1895 totum
718 1840 933 1896 dedisti.
958 1841 1145 1896 Viden'
1175 1858 1262 1898 me
1301 1857 1408 1898 nou
1427 1842 1624 1898 frustra
1653 1843 1852 1900 dixisse
1875 1887 1891 1911 ,
1920 1847 1976 1901 Si

373 1932 591 1986 obolum
611 1934 855 2002 rapuisti,
885 1933 1049 1988 redde
1071 1934 1330 1989 talentum
1348 1935 1370 1988 ἲ
1390 1936 1468 1990 sic
1487 1935 1649 1989 etiam
1670 1935 1762 1990 vix
1781 1936 1975 1992 vulnus

381 2029 531 2074 tuum
557 2021 794 2078 curabis.
825 2022 976 2089 Quod
1001 2024 1046 2077 si
1073 2023 1159 2078 vel
1188 2024 1291 2078 hoc
1317 2023 1543 2088 faciens,
1570 2025 1664 2080 vix
1688 2040 1846 2080 cures
1876 2043 1891 2079 :
1924 2027 1972 2081 si

381 2110 626 2166 ordinem
654 2113 914 2180 invertas,
929 2105 934 2107 ’
949 2113 1288 2184 integrasque
1317 2115 1687 2184 possessiones
1708 2117 1971 2186 rapueris,

440 2245 518 2308 (α)
549 2251 640 2295 Fur
662 2245 1012 2308 deprehensus
1026 2248 1356 2311 quadruplum
1393 2249 1660 2299 restituere
1683 2251 1971 2314 cogebatur.

1420 361 1487 417 IN
1522 361 1928 420 MAT‘THJEUM
1967 364 2197 426 IIOMIL.
2237 366 2370 424 LIII.
2411 371 2485 428 aI.
2525 371 2657 428 LIV.

3585 400 3694 456 526

2101 494 2267 574 pauca
2297 497 2425 538 vero
2452 490 2756 556 erogaveris
2777 532 2790 555 ,
2830 507 3004 564 neque
3031 497 3142 553 illis
3170 507 3306 569 quos
3347 503 3530 562 hesioti
3550 549 3565 574 ,
3593 513 3689 566 sed

2093 571 2248 636 aliis,
2291 582 2454 643 quam
2503 578 2870 638 defensionem
2921 587 3112 643 habe?
3170 592 3194 644 ?
3232 607 3394 663 quam
3441 571 3688 658 Veniam?

2094 677 2254 761 quam
2272 679 2425 761 spem
2453 669 2684 724 salutis?
2713 673 2803 729 Vis
2833 676 2971 732 scire
2997 693 3254 748 quantum
3277 687 3473 742 malum
3497 690 3685 761 facias,

2091 753 2217 809 dum
2241 758 2317 812 sic
2335 759 2429 814 das
2449 761 2876 835 elemosynam?
2895 769 3030 824 Audi
3049 772 3376 843 Scripturam
3394 753 3683 840 dicentem;

2092 845 2350 942 SicutAqui
2373 852 2539 920 ﬁlium
2567 871 2737 909 coram
2762 869 2905 929 patre
2931 879 3028 916 suo
3052 864 3312 933 interﬁcit,
3331 872 3402 924 sic
3427 874 3514 939 qui
3534 874 3684 942 offert

2088 939 2395 1034 sacriﬁcium
2417 959 2482 997 ea:
2503 947 2726 1011 pecuniis
2746 966 3021 1021 pauperum
3037 953 3060 1025 (
3077 953 3243 1011 Eccli.
3267 958 3356 1015 54.
3378 961 3449 1015 24
3469 963 3514 1034 ).
3537 939 3687 1020 lianc

2094 1029 2273 1100 itaque
2301 1036 2771 1094 co‘mminationem
2803 1042 2854 1095 in
2885 1056 3066 1099 mente
3092 1029 3480 1114 inscribeutes.
3502 1054 3680 1112 disce-

2086 1118 2271 1177 damus
2302 1142 2314 1177 :
2344 1123 2481 1181 hanc
2510 1128 2562 1181 in
2593 1130 2757 1185 muris
2783 1173 2798 1194 ,
2847 1134 2898 1187 in
2925 1137 3170 1192 manibus
3189 1177 3204 1201 ,
3234 1139 3288 1194 in
3312 1143 3638 1199 conscientia
3662 1189 3682 1211 ,

2085 1220 2138 1266 et
2166 1213 2360 1284 ubique
2398 1217 2696 1275 scribamus
2725 1238 2741 1276 :
2772 1232 2828 1278 ut
2875 1225 2961 1280 hic
3002 1227 3194 1283 saltem
3223 1241 3397 1286 metus
3421 1234 3473 1288 in
3503 1246 3681 1290 mente

2086 1313 2269 1359 nostra
2320 1307 2510 1374 vigens
2549 1325 2742 1366 manus
2781 1324 2993 1372 nostras
3030 1333 3061 1373 a
3085 1322 3408 1388 quotidianis
3443 1327 3686 1382 ciuilibus

2083 1393 2362 1450 cohibeat.
2388 1397 2548 1452 Cmde
2573 1401 2776 1470 quippe
2796 1402 3036 1457 deterior
3052 1414 3139 1458 est
3167 1407 3354 1474 rapina
3381 1423 3504 1476 qua
3531 1424 3665 1478 pau-

2091 1483 2244 1538 latim
2279 1500 2570 1555 pauperem
2600 1491 2896 1546 cousumit.
2946 1493 3018 1548 Ut
3060 1494 3222 1564 igitur
3245 1495 3314 1550 ab
3346 1497 3448 1552 hoc
3480 1498 3663 1566 inqui-

2089 1584 2345 1632 namento
2372 1578 2386 1609 ¹
2414 1579 2533 1646 puri
2566 1579 2760 1646 simus,
2797 1583 2912 1639 haec
2938 1585 3258 1640 meditemur
3292 1597 3345 1641 ct
3383 1602 3505 1642 cum
3540 1592 3662 1646 aliis

2087 1665 2497 1736 eolloquamur.
2527 1670 2604 1724 Ita
2639 1673 2785 1725 enim
2812 1673 2880 1729 ad
2910 1675 3342 1733 misericordiam
3375 1681 3661 1748 proniores

2085 1754 2314 1820 erimus,
2342 1772 2651 1828 puramque
2674 1761 3046 1830 adipiscamur
3075 1767 3403 1834 mercedem,
3429 1779 3661 1826 aeterna-

2083 1860 2192 1915 que
2221 1847 2363 1902 bona
2389 1864 2810 1920 consequemur,
2846 1857 3022 1925 gratia
3065 1867 3122 1911 et
3148 1859 3527 1917 misericordia
3553 1864 3660 1918 Do-

2082 1936 2217 1990 mini
2258 1939 2435 1993 nostri
2471 1939 2602 1995 Jesu
2655 1941 2883 2009 Christi,
2925 1946 3014 2000 cui
3056 1947 3226 2018 gloria
3265 1960 3322 2005 et
3362 1951 3655 2021 imperium

2081 2042 2208 2082 cum
2244 2030 2402 2085 Patre
2431 2041 2488 2086 et
2520 2031 2726 2101 Spiritu
2754 2047 2965 2104 sancto,
2997 2056 3144 2097 nunc
3164 2051 3227 2098 ~et
3253 2057 3492 2114 semper,
3513 2053 3571 2100 et
3599 2046 3656 2102 in

2079 2116 2276 2169 saecula
2305 2118 2652 2175 saeculorum.
2680 2121 2882 2179 Amen.

2140 2274 2161 2308 ³
2184 2273 2300 2337 Alli,
2321 2275 2383 2327 ab
2403 2275 2494 2327 hoc
2516 2278 2701 2330 morbo.

1579 2522 2134 2588 HOMILIAJJII.
2180 2527 2265 2588 al.
2313 2527 2473 2586 LIV.

370 2669 499 2724 (In.
528 2669 614 2725 1‘5.
643 2685 696 2724 ν.
725 2670 814 2727 32.
839 2669 1180 2724 Jssus-ttutem
1202 2711 1218 2734 ,
1241 2671 1525 2725 conuocatis
1554 2672 1818 2740 discipulis
1840 2672 1970 2739 suis,

441 2761 572 2815 dixit
594 2781 619 2815 .·
645 2761 890 2817 Misereor
927 2779 1078 2830 super
1103 2760 1300 2814 turbam
1313 2749 1344 2828 ζ
1376 2763 1496 2831 quia
1521 2780 1631 2816 ecce
1661 2764 1774 2830 ibin
1803 2763 1972 2816 triduo

440 2853 689 2907 sustinent
731 2869 835 2918 me,
879 2864 972 2906 nec
1010 2851 1192 2905 habent
1236 2853 1372 2921 quod
1418 2853 1724 2908 manducent
1752 2869 1771 2909 :
1797 2863 1844 2908 et
1892 2853 1946 2907 di

441 2945 640 2999 mittere
663 2962 750 2999 eos
767 2947 975 3016 jejunos
1003 2945 1142 3010 nolo,
1175 2961 1238 2997 ne
1259 2944 1496 3012 deﬁciant
1522 2947 1572 2999 in
1597 2947 1697 3000 via.

445 3037 498 3089 I.
523 3035 784 3104 Superius
805 3052 930 3090 cum
976 3035 1279 3103 bujusmodi
1309 3037 1520 3106 signum
1545 3037 1782 3092 facturus
1804 3048 1966 3104 esset,

372 3129 544 3197 primo
565 3128 773 3182 ctu-avit
796 3144 889 3184 eos
913 3130 1002 3198 qui
1023 3129 1267 3198 corporis
1289 3129 1604 3200 aegritudine
1624 3131 1964 3187 laborarent:

370 3218 599 3288 idipsum
643 3219 731 3274 hic
777 3218 945 3274 facit:
987 3229 1108 3289 post
1145 3235 1408 3276 ett-corum
1457 3231 1618 3291 atque
1657 3222 1966 3278 claudoruiu

369 3311 701 3365 curationem
733 3311 784 3364 in
813 3311 1041 3380 idipsum
1073 3327 1256 3367 rursus
1283 3313 1489 3368 incidit.
1516 3314 1623 3368 Cur
1642 3325 1820 3369 autem
1841 3323 1969 3372 tunc

369 3400 623 3455 dixerunt
646 3399 894 3470 discipuli
917 3443 932 3466 ,
962 3401 1173 3458 Dimitte
1201 3405 1374 3458 turbas
1409 3405 1429 3471 (
1461 3404 1649 3458 Mat-th.
1682 3407 1769 3462 14.
1805 3407 1874 3462 15
1901 3406 1922 3479 )
1949 3425 1962 3463 :

368 3503 511 3550 nime
539 3505 664 3544 vero
691 3506 798 3544 non
822 3490 1090 3558 dixerunt,
1121 3493 1289 3548 tribas
1317 3504 1492 3548 tamen
1519 3495 1707 3550 diebus
1725 3499 1966 3552 exactis?

367 3579 498 3634 Sive
522 3581 649 3650 quia
673 3581 784 3648 jam
831 3581 907 3635 illi
937 3581 1282 3650 perfectiores
1309 3593 1494 3648 erant,
1521 3584 1636 3638 sive
1661 3585 1801 3653 quod
1847 3587 1966 3642 illos

365 3669 612 3725 viderent
638 3685 745 3730 non
768 3680 915 3726 tanto
945 3670 1100 3726 fatuis
1125 3687 1287 3727 sensu
1315 3672 1453 3727 afﬁci
1480 3691 1492 3726 :
1520 3689 1639 3728 nam
1662 3675 1714 3728 in
1739 3675 1824 3740 iis,
1848 3692 1966 3746 qua:

367 3757 505 3816 facta
525 3771 699 3825 erant,
717 3762 828 3816 Deo
853 3762 1076 3831 gloriam
1099 3761 1417 3819 referebant.
1438 3763 1542 3818 Sed
1565 3765 1684 3821 vide
1699 3767 1966 3836 quomodo

365 3851 528 3906 etiam
554 3867 695 3906 nunc
715 3867 820 3906 non
854 3853 1173 3920 simpliciter
1196 3853 1264 3908 ad
1308 3856 1622 3910 miraculum
1645 3857 1963 3926 patrandum

367 3944 530 4011 venit,
563 3945 657 3999 sed
679 3946 806 4000 illos
830 3945 894 4000 ad
923 3946 975 4000 id
1007 3955 1212 4002 evocat.
1235 3945 1365 4000 Nam
1391 3947 1558 4002 turbae
1583 3949 1818 4018 quidem,
1845 3966 1964 4019 qua:

365 4033 433 4090 ad
463 4036 773 4090 morborum
799 4051 982 4090 curam
1009 4045 1302 4104 venerant,
1335 4053 1499 4106 panes
1525 4027 1706 4108 petere
1734 4055 1839 4094 non
1868 4056 1962 4094 au-

367 4127 566 4181 debant
598 4145 612 4180 :
645 4127 763 4196 ipse
806 4143 976 4194 vero,
1019 4143 1140 4182 cum
1170 4128 1433 4198 benignus
1460 4130 1530 4182 sit
1563 4137 1621 4182 et
1664 4129 1918 4198 providus
1943 4172 1959 4196 ,

367 4233 474 4270 non
495 4218 800 4286 petentibus
817 4218 984 4284 dedit,
1006 4219 1186 4288 aitque
1204 4219 1480 4289 discipulis
1509 4236 1522 4271 :
1547 4218 1795 4274 Misereor
1809 4236 1963 4289 super

366 4309 585 4374 turbam,
607 4320 654 4364 et
659 4312 866 4381 jejunos
885 4311 1136 4364 dimittere
1149 4312 1265 4366 illos
1283 4311 1422 4366 nolo.
1446 4310 1522 4365 Ne
1532 4311 1774 4367 dicerent
1792 4312 1959 4380 enim,

367 4399 514 4470 ipsos
558 4416 680 4456 cum
725 4403 919 4457 viatico
947 4402 1160 4457 venisse
1184 4442 1200 4467 ,
1247 4403 1364 4456 ait:
1392 4401 1514 4455 lam
1563 4401 1729 4456 triduo
1765 4419 1961 4457 mecum

366 4500 515 4556 sunt;
544 4493 615 4547 ita
655 4494 862 4549 etiamsi
890 4495 1080 4548 viatica
1117 4493 1431 4550 habuissent
1453 4493 1604 4563 ,jam
1647 4503 1960 4563 consumpta

366 4590 569 4636 essent.
599 4581 802 4638 Idcirco
825 4585 969 4638 enim
1005 4584 1097 4638 ille
1140 4599 1244 4638 non
1277 4583 1450 4653 primo
1475 4583 1558 4638 vel
1598 4583 1836 4638 secundo
1872 4585 1961 4640 die

366 4674 470 4728 hoc
497 4672 640 4740 fecit,
667 4675 764 4730 sed
793 4689 912 4730 cum
938 4675 1046 4744 jam
1075 4675 1252 4729 omnia
1272 4673 1580 4741 deﬁcerent,
1609 4684 1667 4728 ut
1696 4677 1747 4728 iu
1771 4690 1958 4730 neces-

363 4762 521 4818 sitate
542 4765 698 4834 positi
727 4780 847 4819 cum
869 4765 1056 4834 majori
1077 4765 1254 4820 studio
1275 4764 1472 4820 factum
1493 4765 1817 4836 exciperent.
1835 4765 1960 4822 Ideo

365 4853 462 4915 ait.
496 4853 579 4907 Ne
607 4855 846 4924 deﬁciant
889 4856 942 4909 in
985 4856 1101 4918 ria;
1148 4855 1438 4910 ostendens
1487 4853 1630 4924 ipsos
1677 4863 1732 4910 ct
1773 4857 1958 4926 procul

365 4946 570 5016 positos
597 4961 756 5014 esse,
803 4957 858 5002 et
898 4947 1077 5001 omnia
1126 4947 1547 5016 consumpsisse.
1595 4946 1703 5002 Sed
1751 4947 1797 5002 si
1847 4964 1953 5002 non

368 5040 447 5094 vis
472 5039 685 5110 jejunus
705 5040 1010 5106 dimittere,
1040 5054 1137 5095 cur
1164 5040 1374 5110 signum
1405 5054 1513 5094 non
1555 5039 1724 5094 facis?
1756 5039 1826 5096 Ut
1854 5040 1956 5095 hac

365 5131 786 5202 interrogatione
830 5140 885 5186 et
923 5132 1281 5202 responsione
1326 5141 1583 5202 sequente
1639 5133 1957 5189 attention-es

363 5223 616 5279 redderet
655 5223 948 5293 discipulos
970 5263 986 5290 ,
1019 5233 1074 5278 et
1101 5224 1178 5278 illi
1203 5223 1361 5278 tidem
1401 5239 1554 5278 suam
1585 5224 1954 5292 ostenderent,

363 5312 746 5384 dicerentque,
771 5314 942 5369 Panes
968 5313 1149 5368 facito.
1172 5315 1277 5370 Sed
1305 5315 1380 5369 illi
1413 5330 1482 5370 ne
1507 5315 1584 5369 sic
1622 5315 1835 5383 quidem
1876 5317 1958 5370 in-

364 5408 738 5478 terrogationis
765 5422 980 5463 causam
1010 5409 1386 5464 intellexerunt
1413 5426 1426 5462 :
1452 5409 1590 5464 unde
1617 5418 1797 5480 postea
1819 5410 1958 5466 dixit

364 5499 470 5554 illis
491 5539 508 5565 ,
553 5507 614 5554 ut
652 5498 863 5554 Marcus
885 5501 960 5556 ait
988 5519 1004 5554 :
1036 5501 1216 5554 Adhuc
1252 5501 1325 5554 ita
1357 5509 1474 5554 sunt
1515 5511 1760 5556 occazcata
1801 5504 1958 5557 corda

363 5599 530 5644 uestra
552 5605 572 5644 :
601 5591 773 5645 oculos
813 5590 1044 5646 habentes
1076 5609 1178 5645 non
1218 5592 1417 5658 videtis,
1455 5601 1500 5647 et
1524 5610 1672 5647 aures
1719 5593 1955 5650 habentes

364 5698 466 5735 non
505 5681 697 5735 auditis
723 5681 744 5753 (
770 5680 937 5736 Marc.
968 5680 1145 5738 8.17.
1175 5681 1308 5753 18).
1351 5681 1484 5737 Nam
1515 5683 1615 5738 nisi
1644 5683 1744 5738 hoc
1772 5693 1913 5739 esset
1933 5725 1952 5754 ,

362 5785 470 5846 qua
511 5769 581 5827 de
609 5785 766 5827 causa
815 5770 930 5828 haec
967 5772 1240 5844 discipulis
1264 5772 1501 5844 diceret,
1543 5773 1954 5847 ostenderetque

2077 2669 2263 2739 dignas
2293 2686 2413 2726 esse
2444 2671 2626 2726 turbas
2649 2672 2931 2740 beneﬁcio,
2955 2675 3282 2748 adderetque
3310 2679 3482 2749 ipsum
3503 2683 3667 2738 mise-

2079 2760 2309 2816 ricordia
2360 2770 2565 2818 motum
2592 2762 2800 2821 fuisse?
2827 2766 3108 2822 Matthams
3155 2787 3284 2826 vero
3325 2774 3456 2828 dicit
3497 2775 3667 2844 ipsum

2077 2861 2259 2918 postea
2289 2851 2594 2921 increpasse
2619 2869 2714 2910 eos
2746 2855 2830 2911 his
2863 2859 3038 2913 verbis
3071 2877 3083 2913 :
3121 2860 3340 2917 Modica
3363 2865 3504 2932 ﬁdei,
3536 2883 3668 2920 non-

2075 2941 2194 2994 dum
2214 2941 2515 3013 intelligitis,
2547 2961 2639 2998 nec
2666 2947 2964 3002 meministis
2983 2950 3206 3020 quinque
3230 2969 3418 3022 panum
3440 2965 3485 3008 et
3510 2957 3665 3025 quin-

2072 3048 2167 3101 que
2194 3034 2427 3098 millium,
2449 3046 2495 3090 et
2514 3047 2632 3105 quot
2669 3039 2914 3106 cophinos
2929 3043 3243 3110 suntpseritis
3257 3045 3282 3097 ?
3296 3062 3454 3115 neque
3476 3056 3664 3117 Septem

2071 3139 2262 3190 panum
2305 3135 2351 3178 et
2376 3137 2593 3196 quatuor
2631 3130 2846 3183 millium
2869 3171 2882 3194 ,
2909 3142 2955 3185 et
2981 3143 3100 3202 quot
3129 3145 3327 3204 spartes
3352 3139 3666 3208 surnpseritis

2071 3211 2091 3281 (
2117 3211 2306 3271 Matth.
2339 3216 2427 3271 16.
2456 3216 2514 3270 8.
2546 3217 2622 3287 9)
2648 3218 2670 3270 ?
2709 3219 2784 3272 ita
2815 3222 3160 3290 evangelista:
3189 3226 3485 3282 concordes
3526 3227 3666 3284 inter

2071 3318 2130 3358 se
2159 3315 2306 3360 sunt.
2339 3307 2476 3373 Quid
2499 3324 2626 3378 ergo
2671 3309 2961 3380 discipuli?
2989 3313 3174 3369 Adhuc
3205 3314 3351 3371 lmmi
3397 3331 3619 3389 serpunt
3645 3339 3662 3377 :

2069 3403 2125 3448 et
2153 3397 2394 3464 quamvis
2433 3397 2595 3452 millia
2637 3399 2819 3454 fecerit
2843 3443 2860 3467 ,
2890 3411 2946 3456 ut
2973 3404 3164 3472 prioris
3198 3407 3435 3465 miraculi
3464 3426 3665 3465 memn-

2071 3485 2203 3551 riam
2227 3496 2542 3554 servarent,
2569 3498 2625 3544 et
2651 3505 2747 3559 per
2774 3491 3244 3561 interregatiouem
3271 3513 3336 3552 ac
3361 3503 3664 3568 responsio-

2087 3595 2234 3643 nem,
2257 3591 2312 3635 et
2329 3583 2476 3651 quod
2493 3583 2615 3638 illos
2636 3583 2920 3638 ministros
2944 3583 3156 3648 iecerit,
3171 3590 3380 3655 etquod
3393 3587 3658 3655 cophinos

2083 3671 2164 3724 eis
2174 3671 2520 3728 distribuerit
2536 3675 2575 3740 ¹;
2597 3675 2690 3730 sed
2711 3676 2892 3730 adhuc
2907 3674 3333 3746 imperiectiores
3345 3685 3519 3732 erant.
3536 3675 3659 3732 Ideo

2069 3754 2252 3810 dicunt
2278 3757 2325 3810 ei
2357 3775 2372 3812 :
2400 3759 2490 3814 355.
2524 3757 2673 3812 Unde
2701 3760 2842 3814 nobis
2867 3761 2919 3814 in
2945 3765 3217 3818 solitudine
3255 3776 3329 3820 tot
3356 3784 3518 3836 panes
3537 3769 3563 3822 1’
3591 3770 3662 3825 Et

2068 3857 2220 3901 antea
2247 3856 2300 3902 et
2325 3865 2466 3903 nunc
2495 3850 2837 3906 solitudinem
2866 3867 3185 3922 memorant,
3210 3867 3265 3912 et
3286 3861 3532 3915 exanimi
3555 3861 3660 3916 im-

2069 3938 2357 3992 becillitate
2389 3940 2456 3992 ita
2486 3940 2786 4010 loquentes,
2813 3943 3023 4012 signum
3051 3945 3119 4000 ab
3163 3949 3309 4002 omni
3360 3952 3663 4021 suspicione

2068 4027 2380 4082 liberabant.
2415 4028 2492 4084 Ne
2520 4031 2640 4100 quis
2667 4032 2810 4086 enim
2838 4033 3075 4104 diceret,
3110 4048 3169 4091 ut
3186 4038 3297 4108 jam
3327 4053 3483 4096 antea
3513 4043 3661 4108 dixi,

2067 4119 2238 4187 ipsum
2265 4135 2327 4174 ex
2357 4121 2531 4176 vicino
2565 4125 2795 4192 quodam
2832 4125 2949 4180 vico
2975 4143 3138 4196 panes
3165 4140 3462 4187 mutuatum
3503 4151 3622 4191 esse
3641 4177 3661 4205 ,

2065 4208 2213 4264 locus
2241 4210 2361 4280 quis
2388 4211 2457 4266 sit
2495 4210 2838 4284 declaratur,
2884 4225 2942 4272 ut
2982 4219 3295 4276 miraculum
3329 4223 3660 4281 crederetur.

2067 4298 2270 4356 Idcirco
2295 4311 2349 4356 et
2370 4303 2599 4372 primum
2627 4315 2682 4361 et
2701 4306 2804 4362 hoc
2831 4323 3043 4380 quoque
3065 4311 3276 4380 signum
3305 4313 3356 4368 in
3377 4315 3662 4373 solitudine

2063 4387 2188 4444 iacit
2210 4431 2226 4455 ,
2279 4406 2311 4446 a
2341 4391 2530 4449 viculis
2574 4395 2732 4466 longe
2766 4397 3014 4452 distante.
3053 4400 3158 4454 Sed
3201 4400 3392 4456 borum
3423 4404 3554 4458 nihil
3584 4406 3663 4459 iu-

2066 4481 2365 4552 telligentes
2390 4485 2636 4556 discipuli
2660 4487 2911 4544 dicebant
2935 4507 2948 4544 :
2976 4490 3123 4546 Unde
3144 4494 3286 4548 nobis
3315 4495 3367 4548 in
3390 4496 3663 4554 solitudine

2065 4580 2134 4626 tot
2162 4574 2357 4643 panes?
2384 4575 2513 4630 Nam
2534 4579 2788 4648 putabant
2814 4580 2960 4634 illum
2984 4581 3106 4636 ideo
3132 4582 3246 4639 haec
3266 4584 3484 4652 dixisse,
3509 4590 3662 4656 quasi

2066 4674 2431 4732 praecepturus
2456 4675 2600 4721 esset
2617 4677 2677 4721 ut
2709 4668 2826 4722 illos
2847 4669 3118 4734 cibarent;
3143 4672 3236 4728 sed
3267 4675 3555 4730 admodum
3589 4677 3660 4732 iu-

2063 4756 2340 4826 sipienter.
2391 4759 2622 4829 Ideoque
2670 4761 2774 4816 illis
2816 4778 2988 4832 nuper
3017 4763 3264 4831 dixerat,
3303 4765 3435 4820 Date
3463 4783 3550 4824 uos
3590 4773 3660 4823 eis

2062 4847 2412 4921 manducare(
2445 4849 2632 4907 Matth.
2659 4851 2748 4907 14.
2775 4851 2918 4923 16),
2944 4863 3002 4907 ut
3031 4853 3134 4908 illis
3155 4855 3491 4912 occasionem
3508 4859 3660 4916 daret

2062 4955 2122 4997 se
2149 4942 2248 4996 hac
2281 4943 2349 4998 de
2374 4957 2537 4999 causa
2567 4944 2836 5014 precandi.
2867 4943 3019 5000 Nunc
3045 4961 3174 5001 vero
3203 4964 3308 5003 non
3338 4948 3499 5017 dicit,
3528 4949 3660 5007 Dutt’

2061 5031 2164 5086 illis
2189 5033 2498 5088 manducare
2519 5075 2535 5101 ,
2567 5034 2661 5088 sed
2703 5034 2874 5103 quid?
2900 5035 3146 5091 Misereor
3171 5056 3322 5109 super
3348 5043 3582 5109 turbam,
3611 5059 3659 5098 es

2061 5122 2312 5178 dimittere
2331 5141 2412 5178 eos
2424 5125 2631 5194 jeiunos
2654 5125 2770 5180 nolo
2789 5141 2809 5179 :
2838 5127 3056 5197 propius
3077 5144 3301 5186 movens
3327 5132 3658 5203 incitatisque

2061 5214 2202 5274 illos.
2233 5223 2291 5269 ut
2320 5214 2531 5270 videant
2555 5215 2684 5270 illud
2711 5217 2778 5272 ab
2803 5234 2864 5273 se
2890 5219 3179 5288 petendum
3206 5237 3346 5279 esse.
3374 5223 3507 5279 Nam
3544 5226 3657 5294 ipsa

2061 5306 2219 5362 verba
2247 5307 2611 5372 declarabant,
2642 5324 2802 5378 posse
2833 5311 3006 5381 ipsum
3030 5327 3135 5368 nou
3163 5313 3435 5370 dimittere
3460 5331 3554 5370 eos
3575 5317 3632 5385 je

2058 5397 2254 5469 junos,
2287 5407 2343 5455 et
2373 5401 2666 5470 potentiam
2711 5402 2880 5471 ipsius
2909 5404 3284 5460 ostendebant.
3325 5405 3457 5461 Illud
3481 5408 3655 5474 enim,

2063 5490 2240 5557 Nolo,
2291 5491 2343 5546 id
2387 5489 2672 5562 signiﬁcat.
2726 5493 2859 5562 Quia
2889 5510 3019 5550 vero
3064 5507 3119 5551 et
3163 5496 3555 5552 multitudinem
3602 5509 3656 5567 et

2059 5583 2235 5638 locum
2278 5592 2333 5640 ct
2373 5584 2715 5640 solitudinem
2762 5596 3166 5655 memoraruut,
3215 5589 3382 5659 (nam
3421 5589 3654 5658 dicunt,

2063 5673 2213 5732 Unde
2256 5676 2398 5731 nobis
2439 5677 2491 5732 in
2516 5677 2789 5733 solitudine
2827 5686 2899 5732 tot
2937 5694 3131 5748 panes,
3172 5688 3226 5735 ut
3263 5670 3474 5738 satietur
3502 5687 3654 5735 tanta

2139 5791 2157 5823 ³
2178 5788 2275 5840 Cl'r.
2301 5787 2477 5840 Adnot.
2505 5789 2668 5841 Fleld.
2695 5788 2755 5840 ad
2779 5801 2892 5852 pag.
2916 5789 3024 5840 538.
