4102 6430
492 374 595 437 527

493 489 639 545 turba
656 487 683 543 Ρ
704 487 725 559 )
749 499 924 558 neque
944 493 1122 542 tamen
1141 483 1342 542 Christi
1354 483 1516 540 verba
1537 482 1936 543 intellexerunt,
1954 486 2082 533 tunc

491 596 649 636 suum
676 580 793 650 ipse
830 592 965 650 opus
994 577 1232 649 peragit,
1271 584 1328 631 et
1365 576 1441 629 ait
1465 574 1606 629 illis:
1640 574 1727 629 54.
1762 571 1897 639 Quot
1924 586 2081 642 panes

490 674 686 728 habetis
702 673 729 728 2
755 671 850 726 Illi
873 687 988 726 vero
1011 669 1205 736 dicunt,
1231 668 1456 738 Septem,
1488 676 1535 721 et
1563 665 1830 738 pisciculos
1866 679 2075 733 paucos.

490 765 600 821 Nec
623 765 734 834 jam
763 762 967 825 dicunt,
996 761 1102 817 Sed
1125 760 1231 814 hac
1258 760 1379 831 quid
1402 768 1519 812 sunt
1548 759 1679 811 inter
1704 765 1868 809 tantos
1895 753 2071 826 (Joan.

489 858 544 913 6.
577 854 693 929 9)?
742 861 799 909 ut
843 864 998 908 antea
1039 850 1308 908 dicebant.
1353 850 1443 905 Sic
1493 849 1699 905 etiamsi
1747 862 1853 900 non
1908 854 2077 899 totum

486 947 1046 1019 comprehenderent,
1073 946 1414 1001 sublimiores
1441 952 1618 998 tamen
1656 938 1906 1010 paulatim
1947 953 2075 993 eva-

487 1042 705 1099 debant.
742 1040 874 1095 Nam
918 1049 974 1094 et
1020 1039 1135 1108 ipse
1164 1036 1246 1091 his
1292 1036 1504 1090 illorum
1541 1041 1776 1088 mentem
1815 1029 2028 1100 erigens
2056 1070 2073 1095 ,

487 1132 679 1189 eodem
707 1146 812 1201 quo
842 1130 989 1200 prius
1012 1128 1173 1184 modo
1201 1126 1595 1196 interrogabat,
1629 1133 1687 1178 ut
1716 1122 1796 1177 vel
1822 1138 1886 1177 es
1915 1120 2075 1175 modo

490 1224 852 1295 interrogandi
879 1223 989 1293 jam
1033 1230 1180 1291 gesta
1208 1221 1258 1273 in
1294 1217 1605 1274 memoriam
1646 1221 1944 1269 revocaret.
1990 1211 2068 1265 Tu

484 1332 614 1373 vero
659 1326 718 1372 ut
761 1314 851 1370 hic
876 1314 1052 1369 vidisti
1080 1312 1291 1366 illorum
1321 1307 1798 1379 imperfectionem,
1826 1305 1902 1357 sic
1927 1303 2074 1357 disce

483 1414 696 1470 illorum
718 1407 1136 1480 philosophiam
1154 1413 1411 1469 mentem,
1430 1413 1484 1458 et
1497 1399 1835 1456 veracitatem
1854 1397 2071 1461 mirare,

483 1500 756 1574 quomodo
778 1512 971 1568 nempe
991 1495 1286 1551 scribentes
1309 1534 1327 1561 ,
1356 1492 1720 1562 stupiditatem
1758 1503 1931 1551 suam,
1971 1486 2071 1540 etsi

484 1607 753 1663 magnam,
784 1605 888 1645 non
918 1587 1208 1643 occultent.
1236 1585 1420 1655 Neque
1444 1582 1586 1637 enim
1614 1579 1897 1636 mediocris
1915 1577 2068 1646 culpa

484 1694 621 1747 erat,
655 1697 824 1752 nuper
852 1680 975 1735 facti
1002 1676 1239 1732 miraculi
1264 1683 1371 1730 tam
1398 1673 1504 1729 cito
1533 1669 1811 1735 oblivisci;
1842 1668 2071 1738 ideoque

485 1776 848 1847 increpantur.

552 1864 607 1918 2.
650 1863 730 1918 Ad
788 1863 902 1916 hac
947 1860 1111 1914 ali-am
1150 1870 1361 1928 quoque
1409 1852 1757 1924 philosophia:
1805 1848 2066 1904 rationem

479 1958 681 2027 cogites
721 1955 881 2010 velim
928 1971 943 2007 :
981 1951 1251 2022 quomodo
1289 1955 1527 2003 ventrem
1555 1959 1737 2015 parum
1775 1943 2065 2004 curabant,

478 2045 747 2118 quomodo
776 2042 1203 2107 instituebantur,
1236 2055 1305 2094 ne
1334 2052 1532 2092 mensae
1557 2034 1780 2089 multum
1804 2034 2068 2088 rationem

478 2139 755 2194 baberent.
780 2136 911 2191 Nam
942 2135 993 2190 in
1018 2132 1302 2189 solitudine
1326 2145 1445 2185 cum
1464 2137 1663 2192 essent,
1691 2135 1810 2198 post
1831 2124 2064 2181 triduum

474 2241 677 2300 septem
737 2244 902 2299 panes
955 2226 1239 2281 habebant.
1280 2223 1486 2279 Cretera
1536 2236 1663 2276 vero
1715 2220 1959 2276 Christus
2009 2225 2068 2272 ut

473 2323 620 2391 prius
646 2321 876 2391 disponit
908 2336 921 2373 :
951 2319 1263 2375 recumbere
1284 2315 1435 2385 jubet
1460 2316 1509 2368 in
1537 2322 1698 2378 terra,
1730 2322 1783 2367 et
1807 2312 1859 2365 in
1889 2311 2065 2364 mani-

473 2416 572 2468 bus
598 2413 976 2482 discipulorum
1003 2425 1168 2479 panes
1193 2406 1525 2476 multiplicat.
1556 2406 1646 2460 55.
1690 2404 1855 2458 Jussit
1893 2403 2062 2464 enim,

469 2508 564 2573 ait,
589 2515 641 2558 ut
667 2505 826 2558 turbte
845 2502 1208 2557 discumberent
1238 2516 1390 2571 super
1418 2508 1622 2552 terram.
1658 2496 1747 2550 56.
1778 2495 1844 2549 Et
1869 2493 2060 2561 accipi-

468 2614 558 2652 ens
584 2597 801 2667 quinque
829 2610 983 2665 panes
1012 2602 1055 2646 et
1087 2592 1269 2660 pisces,
1302 2590 1491 2661 gratias
1517 2604 1670 2657 agens
1696 2586 1868 2656 fregit,
1889 2594 1933 2637 et
1963 2588 2058 2637 da-

469 2690 551 2742 bat
574 2685 835 2755 discipulis
857 2684 1124 2754 :discipuli
1149 2699 1264 2736 vero
1289 2682 1464 2734 turbat.
1492 2680 1637 2733 Finis
1658 2692 1786 2733 vero
1814 2675 2059 2730 miraculi

466 2779 633 2849 priori
661 2777 850 2833 similis
869 2792 971 2831 non
997 2776 1112 2831 fuit.
1140 2776 1226 2831 57.
1257 2772 1845 2827 Manducaveruntenim
1864 2786 2057 2833 omnes,

466 2870 655 2940 inquit,
697 2880 743 2923 et
779 2869 994 2923 saturati
1032 2876 1168 2931 sunt,
1209 2875 1255 2921 et
1296 2866 1515 2919 tulerunt
1554 2864 1688 2934 quod
1714 2871 1973 2931 supererat
1997 2863 2060 2915 de

466 2962 767 3032 fragmentis
791 2972 980 3029 septem
1004 2969 1203 3030 sportas
1231 2959 1423 3027 plenas.
1458 2958 1545 3014 58.
1582 2958 1681 3023 Qui
1715 2966 1882 3010 autem
1921 2971 2057 3008 com-

464 3052 672 3106 ederent
693 3060 836 3106 erant
864 3059 1080 3121 quatuor
1098 3050 1235 3103 mille
1262 3049 1374 3112 viri,
1403 3058 1584 3118 printer
1608 3047 1840 3101 mulieres
1861 3056 1906 3099 et
1931 3062 2054 3115 par-

464 3142 629 3196 vulos.
659 3141 767 3197 Sed
796 3156 894 3196 cur
921 3149 1046 3195 tunc
1071 3155 1192 3196 cum
1217 3139 1497 3210 quinquies
1524 3137 1669 3193 mille
1693 3147 1893 3203 essent,
1923 3135 2055 3190 duo-

462 3232 641 3288 decim
674 3231 886 3301 eophini
917 3229 1313 3301 superfuerunt,
1361 3228 1446 3284 hic
1473 3242 1621 3293 vero,
1653 3237 1880 3298 quatuor
1909 3226 2054 3282 mille

460 3338 582 3378 cum
630 3322 760 3391 sint,
799 3330 1005 3392 septem
1046 3330 1245 3393 sporta:
1272 3329 1559 3393 supersunt
1582 3320 1811 3392 (Matth.
1841 3320 1929 3375 14.
1958 3318 2048 3372 20.

459 3416 525 3470 2t
552 3414 617 3487 )?
643 3430 741 3471 cur
775 3430 915 3486 ergo
946 3413 1180 3469 minores
1204 3423 1357 3469 erant
1387 3412 1649 3482 reliquiae,
1688 3427 1811 3467 eum
1838 3426 1943 3466 non
1976 3419 2054 3465 tot

460 3516 643 3563 essent
664 3507 752 3577 qui
775 3504 1158 3561 comederent?
1184 3504 1275 3559 Vel
1295 3504 1577 3559 dicendum
1599 3511 1700 3569 est,
1721 3512 1940 3572 sportas
1963 3515 2054 3556 co-

461 3597 649 3666 phinis
672 3596 901 3666 majores
925 3595 1120 3663 fuisse;
1150 3594 1232 3651 vel
1256 3611 1322 3651 ne
1348 3595 1545 3665 paritas
1571 3596 1780 3650 numeri
1814 3594 1864 3649 in
1892 3594 2051 3648 mira-

448 3687 582 3744 culo
622 3687 941 3743 oblivionem
994 3696 1238 3759 pareret,
1286 3703 1351 3743 ex
1397 3686 1694 3742 diﬂ‘erentia
1735 3687 2049 3742 memoriam

461 3777 679 3833 illorum
719 3779 999 3843 excitasse,
1052 3788 1108 3833 ut
1131 3795 1194 3834 ex
1228 3778 1485 3834 varietate
1524 3785 1583 3833 et
1621 3777 1779 3848 huius
1809 3786 1862 3833 et
1909 3776 2050 3831 illius

461 3869 891 3941 recordarentur.
924 3869 1153 3940 Ideoque
1190 3879 1313 3925 tunc
1336 3868 1597 3939 cophinos
1632 3868 2047 3939 fragmentorum

459 3960 738 4032 discipulis
788 3978 1011 4017 numero
1052 3976 1207 4032 pares
1250 3961 1406 4029 facit,
1455 3976 1597 4017 nunc
1640 3977 1770 4016 vero
1822 3960 2049 4031 panibus

460 4060 691 4120 sportas,
731 4060 786 4106 et
826 4052 877 4105 in
910 4051 1011 4106 hoc
1040 4068 1250 4123 quoque
1276 4068 1426 4108 suam
1457 4053 1777 4108 inell'abilem
1810 4060 2046 4121 potesta-

462 4150 567 4195 tem
596 4140 847 4206 ostendit,
884 4152 937 4197 et
963 4142 1269 4198 facilitatem
1309 4144 1626 4212 imperandi,
1652 4159 1770 4198 cum
1798 4142 1965 4212 possit
1996 4150 2050 4196 et

461 4233 564 4289 hoc
593 4243 648 4290 et
680 4234 770 4289 illo
796 4234 953 4288 modo
977 4234 1230 4289 miracula
1253 4235 1433 4290 edere.
1458 4234 1637 4304 Neque
1661 4234 1802 4288 enim
1826 4232 2049 4288 modicae

461 4326 738 4395 potestatis
765 4336 877 4381 erat
902 4341 1179 4380 numerum
1204 4342 1359 4395 posse
1381 4340 1701 4381 conservare
1723 4325 1773 4378 in
1799 4331 2044 4393 utroque,

458 4435 580 4473 cum
605 4428 729 4474 tunc
752 4420 1034 4490 quinquies
1062 4420 1229 4487 mille,
1259 4434 1399 4474 nunc
1423 4427 1651 4489 quatuor
1673 4418 1816 4472 mille
1844 4425 2040 4481 essent,

460 4524 559 4565 nec
584 4510 757 4581 plura,
804 4527 903 4567 nec
946 4515 1195 4580 pauciora
1244 4510 1537 4582 fragmenta
1590 4511 1837 4581 relinqui,
1884 4525 2043 4580 quam

436 4610 584 4677 (tunc
621 4601 859 4673 cophini,
906 4618 1046 4657 nunc
1092 4613 1289 4670 sporta:
1330 4603 1747 4672 caperent,etsi
1793 4617 2047 4657 numerus

455 4693 799 4749 convivarum
846 4709 954 4748 non
1001 4708 1095 4764 par
1115 4703 1277 4749 esset.
1308 4693 1456 4749 Finis
1493 4694 1575 4750 hic
1603 4704 1657 4750 et
1682 4695 1733 4749 in
1764 4694 1943 4764 priore
1966 4693 2044 4748 si-

456 4784 599 4836 milis
615 4784 728 4837 luit.
748 4783 881 4839 Nam
910 4795 1052 4850 tunc,
1078 4783 1314 4839 dimissis
1343 4785 1530 4848 turbis,
1561 4785 1770 4855 navigio
1798 4784 2042 4851 recessit,

454 4883 510 4929 et
538 4874 625 4927 hic
652 4874 799 4939 item,
833 4884 891 4930 ut
913 4875 1147 4931 Joannes
1180 4876 1327 4947 (Cap.
1351 4876 1403 4931 6.
1436 4877 1527 4944 l7)
1566 4876 1711 4931 dicit.
1737 4876 1869 4944 Quia
1899 4877 2042 4931 enim

456 4965 663 5031 nullum
685 4966 893 5036 signum
935 4967 1071 5023 adeo
1113 4967 1319 5023 turbam
1358 4968 1643 5023 inducebat
1678 4968 1745 5023 ad
1782 4968 1929 5023 illum
1957 4984 2045 5023 se-

453 5058 745 5128 quendum,
766 5066 827 5113 ut
853 5074 1048 5130 panum
1078 5060 1393 5117 miraculum
1416 5104 1432 5129 ,
1466 5071 1523 5117 et
1560 5060 1662 5116 hoc
1700 5061 1862 5117 modo
1892 5062 2042 5131 sequi

454 5150 603 5207 illum
627 5150 764 5219 ,sed
807 5151 968 5206 etiam
1010 5166 1194 5222 regem
1234 5152 1409 5209 facere
1437 5154 1723 5218 volebant,
1752 5163 2041 5209 ntomnem

453 5241 751 5314 tyrannidis
790 5241 1146 5311 suspicionem
1181 5242 1417 5311 devitet,
1451 5254 1571 5314 post
1606 5244 1909 5315 hujusmodi
1938 5245 2042 5299 mi-

452 5334 692 5390 raculum
736 5333 974 5389 recedit:
1005 5349 1105 5390 nec
1143 5336 1388 5405 pedibus,
1438 5353 1505 5393 ne
1548 5337 1621 5392 illi
1666 5347 2038 5408 sequerentur,

451 5426 545 5481 sed
575 5425 808 5497 navigio.
839 5424 929 5482 59.
959 5423 1029 5480 Et
1072 5426 1281 5482 dimissa
1313 5428 1480 5495 turba,
1515 5430 1703 5499 inquit,
1736 5430 1963 5484 ascendit
1990 5430 2042 5483 in

452 5518 759 5582 naviculam,
790 5526 838 5573 et
883 5518 1016 5572 venit
1058 5519 1112 5572 in
1154 5520 1283 5587 ﬁnes
1313 5519 1577 5590 Magdala.
1622 5519 1771 5589 (Cap.
1803 5519 1944 5589 XVI)
1987 5521 2036 5574 l.

452 5607 515 5660 Et
541 5610 835 5667 accedentes
858 5607 1108 5665 Pharistei
1134 5619 1181 5664 et
1219 5610 1494 5666 Sadductei
1534 5613 1777 5682 rogabant
1810 5630 1941 5677 eum,
1986 5623 2041 5666 ut

450 5698 650 5767 signum
687 5700 752 5752 de
786 5699 913 5753 caelo
933 5701 1213 5755 ostenderet
1244 5704 1334 5755 eis.
1380 5704 1434 5755 2.
1468 5703 1566 5755 Ille
1585 5712 1753 5756 autem
1777 5704 1905 5758 dixit
1928 5706 2038 5759 eis:

456 5785 670 5857 Vespere
701 5790 842 5858 {aClO
866 5789 1063 5863 ἀίσὶιὶις,
1098 5795 1460 5851 Serenumcrit
1485 5813 1502 5849 .'
1528 5797 1861 5851 rubicundum
1901 5800 2032 5853 enim

1377 368 1429 424 S.
1463 364 1742 424 JOANNIS
1775 362 2247 423 CHRYSOSTOMI
2286 363 2602 424 Αιιειιιιερ.
2642 368 3173 427 CONSTANTINOP.

3667 372 3783 429 με

2186 478 2496 545 εειαηηοω
2524 482 2576 537 5.
2605 492 2652 536 et
2696 498 2863 546 omne.
2896 483 3065 538 Hodie
3108 493 3375 553 tmpestas
3427 484 3569 539 erit:
3597 488 3783 540 rutilus

2183 569 2313 623 enim
2338 571 2478 625 triste
2502 573 2698 626 cteltun.
2727 574 2781 629 4.
2811 573 3017 629 Faciem
3036 575 3149 629 caeli
3176 576 3334 629 nostis
3361 575 3665 645 diiudicare,
3696 580 3779 632 si-

2182 675 2283 729 gna
2320 677 2435 714 vero
2482 673 2762 732 temporum
2806 682 2907 719 non
2950 667 3199 736 potestis?
3243 666 3512 722 Generatio
3537 684 3694 737 prava
3727 681 3783 724 et

2179 751 2412 807 adultera
2437 756 2638 825 signum
2676 759 2875 826 quaerit,
2917 768 2964 812 et
2988 760 3188 830 signum
3216 777 3315 814 non
3341 762 3543 814 dabitur
3575 763 3642 825 ei,
3676 763 3780 815 nisi

2177 842 2377 913 signum
2404 843 2555 899 Iona:
2581 850 2859 918 praphette.
2888 848 2959 903 Et
2985 850 3332 920 derelinquens
3359 867 3443 906 eos
3470 852 3612 906 abiit.
3635 851 3782 906 Mar-

2177 950 2273 990 cus
2299 947 2475 991 autcm
2504 939 2657 1007 dicit,
2685 941 2819 996 Cum
2834 943 3187 998 accessissent
3211 954 3265 998 et
3286 946 3778 1013 qumrerentﬁnge.

2178 1027 2377 1081 ntuisse
2398 1030 2606 1097 spiritu,
2630 1046 2693 1085 ac
2725 1031 2924 1087 dixisse
2956 1051 2969 1088 :
3005 1033 3141 1098 Quid
3163 1036 3417 1105 generatio
3446 1036 3543 1088 ista
3568 1036 3780 1105 signum

2176 1121 2353 1187 quaerit
2380 1120 2570 1184 (Marc.
2599 1123 2651 1178 8.
2690 1124 2820 1195 ηρ
2850 1125 2962 1179 Etsi
3012 1127 3129 1181 talis
3159 1127 3510 1197 interrogatio
3553 1127 3688 1179 iram
3717 1136 3780 1179 et

2177 1209 2595 1280 indignationem
2627 1215 2796 1282 possit
2833 1217 3085 1279 excitare,
3114 1225 3349 1271 attamen
3391 1217 3651 1286 benignus
3680 1216 3779 1271 ille

2178 1299 2435 1356 Dominus
2462 1319 2567 1357 non
2597 1303 2866 1372 irascitur,
2899 1306 2993 1362 sed
3024 1306 3308 1361 miseratur
3350 1307 3471 1363 illos
3498 1316 3774 1376 tamquam

2176 1391 2454 1447 incumbili
2500 1394 2691 1449 morbo
2712 1395 3036 1461 laborantes,
3072 1397 3164 1467 qui
3194 1406 3313 1467 post
3343 1406 3540 1451 tantam
3572 1406 3774 1467 poten-

2176 1480 2263 1535 tia:
2291 1496 2405 1535 sua:
2447 1482 2982 1552 demonstrationem,
3023 1495 3283 1541 tentatum
3312 1488 3548 1543 veniant.
3583 1486 3774 1558 Neque

2172 1572 2316 1626 enim
2338 1574 2665 1630 accedebant
2691 1584 2747 1630 ut
2762 1578 3064 1644 crederent,
3087 1579 3181 1634 sed
3207 1589 3265 1633 ut
3285 1579 3770 1648 reprehenderent.

2172 1665 2306 1720 Nam
2336 1667 2403 1730 si,
2428 1676 2486 1722 ut
2524 1668 2829 1737 crederent,
2860 1672 3233 1738 accessissent,
3262 1673 3496 1729 dedisset
3533 1674 3716 1745 utique
3749 1692 3769 1730 :

2171 1758 2261 1825 qui
2300 1758 2443 1813 enim
2486 1760 2695 1815 mulieri
2738 1760 2891 1827 dixit,
2925 1761 3047 1816 Non
3073 1773 3148 1817 est
3192 1764 3377 1817 bonum
3415 1764 3641 1837 (Matth.
3670 1767 3767 1822 15.

2170 1846 2286 1917 26),
2316 1856 2370 1902 et
2414 1857 2596 1917 postea
2640 1850 2849 1921 signum
2893 1852 3058 1917 dedit,
3096 1855 3262 1908 multo
3306 1855 3473 1924 magis
3503 1855 3588 1911 his
3612 1871 3763 1926 pra»

2171 1937 2393 1993 buisset.
2418 1938 2616 1994 Verum
2644 1942 2765 2010 quia
2789 1957 2895 1997 non
2921 1944 3233 2013 quaerebant
3258 1953 3317 1999 ut
3339 1947 3639 2011 crederent,
3666 1947 3767 2017 hy-

2172 2030 2399 2098 pocritas
2445 2030 2564 2085 illos
2602 2032 2728 2087 alibi
2777 2045 2951 2100 vocat,
2982 2036 3104 2105 quia
3130 2036 3271 2090 aliud
3301 2037 3570 2103 dicebant,
3614 2039 3765 2093 aliud

2168 2122 2492 2177 sentiebant.
2538 2122 2593 2179 Si
2621 2124 2762 2178 enim
2793 2124 3168 2187 credidissent.
3211 2142 3316 2181 non
3348 2128 3561 2196 petituri
3583 2139 3763 2183 erant.

2168 2212 2399 2267 Aliunde
2426 2213 2586 2267 etiam
2612 2215 2785 2284 palam
2806 2224 2889 2271 est
2918 2217 3060 2286 ipsos
3088 2233 3197 2273 non
3226 2219 3536 2274 credidisse.
3576 2218 3761 2275 Incre-

2167 2303 2273 2371 pati
2299 2304 2495 2373 quippe
2521 2314 2575 2359 et
2596 2306 2875 2371 confutati,
2904 2324 3009 2361 non
3037 2318 3367 2374 manserunt,
3397 2326 3570 2380 neque
3603 2311 3761 2366 dixe-

2166 2406 2328 2453 runt:
2370 2398 2682 2467 lgnoramus
2728 2408 2782 2454 et
2819 2399 3063 2456 ediscere
3106 2402 3418 2471 qua-rimus.
3446 2402 3599 2470 Quod
3627 2418 3763 2459 vero

2163 2487 2371 2556 signum
2398 2487 2467 2541 de
2492 2488 2624 2542 uelo
2655 2488 2947 2557 petebant?
2989 2489 3059 2545 Ut
3096 2490 3263 2545 solem
3292 2491 3527 2559 sisteret,
3559 2493 3640 2547 vel
3668 2493 3759 2546 lu-

2164 2594 2285 2632 nam
2319 2578 2573 2644 frenaret,
2624 2589 2717 2635 aut
2764 2580 2985 2635 fulmina
3017 2583 3273 2649 mitteret,
3300 2592 3390 2636 aut
3415 2598 3596 2638 aerem
3631 2599 3758 2638 mu-

2163 2680 2321 2739 taret,
2367 2682 2459 2726 aut
2493 2673 2619 2743 quid
2670 2674 2860 2729 simile.
2905 2675 3041 2741 Quid
3085 2677 3243 2746 igitur
3264 2677 3340 2731 ait
3368 2677 3517 2746 ipse?
3546 2675 3758 2730 Faciem

2159 2765 2272 2818 cteli
2299 2764 2582 2835 dijudicare
2603 2767 2760 2830 scitis,
2792 2767 2939 2837 signa
2960 2783 3078 2821 vero
3096 2778 3375 2838 temporum
3398 2784 3499 2822 non
3520 2770 3759 2838 potestis?

2162 2855 2380 2910 Vidistis
2411 2858 2876 2913 mansuetudinem
2902 2868 2959 2913 et
2984 2858 3443 2914 moderationem?
3466 2860 3580 2914 Non
3607 2862 3754 2915 enim

2158 2956 2216 3002 ut
2244 2948 2391 3017 prius
2432 2948 2645 3018 negavit
2683 2960 2737 3003 et
2762 2949 2915 3015 dixit,
2947 2949 3067 3004 Non
3096 2950 3299 3004 dabitur
3326 2952 3372 3005 ei
3398 2951 3624 3019 (Matth.
3659 2952 3751 3006 l2.

2158 3037 2289 3109 59),
2322 3038 2416 3094 sed
2442 3053 2663 3093 causam
2690 3055 2787 3094 cur
2827 3054 2931 3095 non
2972 3040 3065 3096 det
3104 3039 3279 3106 aliert,
3310 3040 3516 3096 etiamsi
3542 3041 3615 3095 illi
3642 3058 3752 3096 non

2158 3142 2217 3189 ut
2238 3133 2508 3191 discerent
2533 3136 2941 3207 interrogarent.
2967 3136 3222 3205 Quaenam
3253 3136 3412 3209 igitur
3428 3153 3585 3193 causa
3609 3140 3753 3193 erat?

2156 3224 2228 3282 Ut
2254 3226 2308 3281 in
2328 3227 2483 3293 calo,
2511 3227 2702 3298 inquit,
2729 3228 2873 3283 aliud
2900 3229 3109 3299 signum
3131 3239 3213 3284 est
3236 3231 3585 3299 tempestatis,
3606 3230 3752 3285 aliud

2156 3318 2575 3390 tranquillitatis,
2625 3334 2727 3376 nec
2752 3320 2874 3391 quis
2897 3330 3187 3391 compecto
3217 3324 3546 3391 temriestatis
3568 3322 3747 3392 signo,

2156 3410 2591 3482 tranquillitatem
2635 3421 2929 3482 exspectat,
2963 3428 3135 3484 neque
3165 3414 3219 3468 in
3248 3414 3627 3484 tranquillitate
3656 3430 3750 3471 se-

2152 3516 2281 3557 rena
2304 3510 2673 3570 tempestatem
2707 3519 2721 3554 :
2750 3502 2827 3557 sic
2850 3502 2920 3557 de
2959 3516 3048 3558 me
3075 3518 3287 3574 quoque
3313 3504 3745 3559 existimandum.

2153 3593 2309 3649 Aliud
2336 3595 2479 3650 enim
2524 3602 2609 3647 est
2639 3604 2846 3664 tempus
2876 3593 3036 3663 hujus
3059 3594 3340 3662 adventus,
3369 3595 3513 3650 aliud
3561 3598 3745 3651 futuri.

2153 3687 2305 3742 Nunc
2331 3702 2467 3757 opus
2495 3696 2579 3741 est
2620 3687 2785 3756 signis
2813 3688 2937 3756 illis,
2966 3703 3085 3759 qua:
3113 3688 3166 3743 in
3198 3698 3339 3743 terra
3369 3688 3593 3755 dantur;
3624 3706 3750 3760 qua:

2154 3782 2207 3836 in
2237 3781 2370 3836 caelo
2396 3788 2598 3847 autem,
2623 3782 2674 3835 in
2704 3780 2833 3835 illud
2878 3788 3087 3851 tempus
3115 3791 3483 3837 reservantur.
3511 3782 3661 3837 Nunc
3690 3794 3751 3839 ut

2154 3871 2394 3927 medicus
2414 3871 2555 3937 veni,
2586 3878 2709 3925 tunc
2736 3880 2792 3925 ut
2829 3870 2993 3940 judex
3018 3871 3217 3937 adero;
3252 3888 3394 3927 nunc
3426 3882 3485 3927 ut
3508 3888 3748 3944 quaeram

2153 3977 2248 4018 eos
2274 3962 2365 4033 qui
2404 3970 2741 4026 erraverunt,
2790 3970 2916 4015 tunc
2945 3971 3004 4016 ut
3040 3963 3277 4018 rationes
3301 3972 3561 4034 repetam.
3594 3964 3750 4020 Ideo-

2150 4068 2261 4123 que
2275 4054 2447 4109 latens
2476 4052 2628 4115 veni;
2659 4062 2784 4107 tunc
2809 4053 3018 4122 publice
3044 4064 3099 4109 et
3123 4054 3297 4123 palam
3338 4056 3498 4111 caelos
3522 4058 3747 4112 convol-

2152 4161 2292 4213 vam,
2314 4145 2483 4200 solem
2513 4143 2855 4208 abscondam,
2881 4145 3059 4199 lunam
3081 4160 3189 4199 non
3215 4145 3387 4201 sinam
3415 4148 3542 4202 dare
3567 4147 3745 4203 lucem

2151 4252 2319 4291 suam.
2349 4236 2499 4290 Tune
2522 4238 2743 4289 virtutes
2769 4236 3022 4290 caelorum
3058 4234 3432 4303 movebuntur,
3458 4237 3748 4294 adventus-

2150 4341 2253 4396 que
2292 4339 2443 4379 meus
2472 4324 2662 4380 similis
2690 4324 2793 4379 erit
2831 4323 3022 4393 fulguri
3060 4323 3341 4380 confestim
3369 4326 3611 4383 omnibus
3642 4345 3743 4399 ap-

2150 4418 2376 4490 parenti.
2400 4418 2505 4474 Sed
2524 4433 2629 4473 non
2646 4428 2728 4473 est
2747 4417 2856 4486 jam
2880 4426 3091 4487 tempus
3115 4417 3417 4488 huiusmodi
3444 4420 3739 4489 signorum.

2147 4514 2279 4569 Nam
2307 4512 2427 4567 veni
2457 4512 2748 4565 morituros
2778 4519 2833 4565 et
2862 4509 3164 4579 turpissima
3197 4525 3474 4580 passurus.
3496 4512 3612 4565 Non
3642 4528 3742 4567 an-

2146 4606 2303 4662 distis
2347 4604 2663 4675 prophetam
2712 4602 2979 4657 dicentem
3025 4621 3040 4658 :
3086 4602 3209 4656 Non
3250 4604 3534 4670 contendet,
3584 4620 3746 4673 neque

2146 4697 2406 4761 clamabit,
2434 4710 2593 4765 neque
2632 4693 2865 4748 audietur
2892 4693 3018 4764 foris
3043 4709 3141 4746 vox
3168 4694 3277 4764 ejus
3300 4693 3318 4763 (
3346 4692 3473 4748 Isai.
3507 4694 3598 4748 42‘.
3626 4695 3662 4747 2
3683 4695 3749 4766 )?

2146 4798 2201 4843 et
2225 4787 2385 4842 alium
2410 4799 2595 4842 rursus
2628 4801 2642 4838 :
2673 4782 2951 4839 Descendet
2977 4784 3105 4838 sicut
3131 4782 3304 4853 pluvia
3322 4785 3378 4838 in
3392 4784 3549 4840 vellus
3569 4783 3740 4855 (Psal.

2145 4880 2236 4934 π.
2267 4878 2351 4949 6)?

2218 4974 2272 5028 5.
2295 4972 2447 5042 Quod
2474 4973 2519 5027 si
2545 4985 2609 5027 ea
2639 4972 2788 5042 signa
2815 4970 2995 5027 dicant
3021 4985 3143 5040 qua:
3164 4972 3264 5026 sub
3299 4970 3579 5026 Pharaone
3606 4968 3748 5027 facta

2145 5074 2292 5133 sunt,
2319 5078 2450 5119 sane
2492 5062 2584 5118 illo
2630 5072 2870 5131 tempore
2908 5062 2976 5117 ab
3000 5060 3153 5117 hoste
3189 5062 3321 5131 eripi
3349 5061 3647 5132 oportebat,
3678 5079 3746 5118 ac

2143 5155 2263 5228 iure
2284 5154 2372 5210 illa
2401 5153 2599 5209 ﬁebant
2626 5152 2774 5223 signa
2808 5169 2821 5205 :
2857 5152 2930 5207 illi
2956 5159 3155 5217 autem,
3182 5153 3271 5223 qui
3301 5153 3368 5207 ad
3406 5153 3609 5208 amicos
3639 5154 3740 5208 ad-

2148 5249 2309 5315 venit,
2344 5263 2449 5303 non
2479 5261 2615 5317 Opus
2642 5255 2725 5301 est
2753 5246 2919 5315 signis
2944 5245 3069 5301 illis.
3105 5245 3387 5313 Quomodo
3420 5255 3599 5301 autem
3626 5262 3736 5300 ma-

2145 5355 2248 5411 gna
2267 5341 2355 5395 illa
2375 5340 2535 5407 dabo,
2562 5354 2681 5393 cum
2704 5353 2865 5409 parva
2885 5353 2987 5393 non
3012 5337 3334 5393 credantur?
3356 5337 3519 5391 Parva
3539 5339 3738 5395 scilicet
3788 5402 3791 5403 ν

2145 5442 2402 5504 quantum
2446 5432 2513 5485 ad
2555 5429 2989 5495 ostentationem,
3041 5445 3162 5483 nam
3208 5429 3312 5484 illis
3347 5430 3543 5483 virtute
3570 5430 3740 5483 multo

2146 5523 2350 5591 tnajora
2396 5530 2538 5576 sunt.
2584 5520 2723 5589 Quid
2766 5521 2908 5575 enim
2957 5536 3055 5590 par
3101 5520 3259 5574 luerit
3286 5528 3624 5589 peccatorum
3655 5535 3738 5573 rc-

2144 5614 2427 5671 missioni?
2470 5613 2595 5683 quid
2640 5622 2745 5666 tam
2793 5613 3035 5667 mirabile
3081 5611 3240 5666 fuerit
3286 5626 3443 5680 quam
3470 5620 3739 5664 mortuum

2144 5706 2435 5771 suscitare,
2485 5706 2760 5760 daemonas
2806 5705 3041 5775 pellere,
3088 5717 3284 5771 corpus
3326 5702 3655 5764 reformare,
3682 5710 3736 5755 et

2146 5799 2322 5855 omnia
2373 5797 2711 5853 restaurare?
2753 5796 2831 5851 Tu
2872 5812 2999 5851 vero
3046 5810 3140 5849 cor
3185 5808 3367 5849 eorum
3408 5801 3729 5846 oreiecatum
