4102 6418
302 502 588 572 διαϐλέψαι
613 499 749 572 πρὸς
777 500 837 554 τὺ
877 502 1008 572 παρ’
1043 498 1206 553 αὐτοῦ
1237 496 1409 552 ταῦτα
1448 497 1688 568 αἰτῆσαι.
1737 495 1849 550 Καὶ
1874 494 1986 565 γὰρ

301 585 608 649 δεικνύντος
632 580 782 655 ἦντά
821 585 1062 654 ῥήματα,
1099 583 1179 636 ’ότι
1225 582 1446 635 δύναται
1472 579 1549 651 μὴ
1581 579 1846 634 ἀπολῦσαι
1884 578 1985 630 αὐ-

301 674 429 735 τοὺς
448 670 687 742 νήστεις,
712 669 806 723 καὶ
834 667 1190 739 ἐμφαίνοντος
1223 665 1322 737 τὴν
1351 664 1620 728 ἐξουσίαν.
1649 663 1722 715 Τὸ
1749 664 1878 734 γὰρ,
1903 664 1986 716 Οὐ

301 754 475 815 θέλω,
516 751 677 805 τοῦτό
715 752 862 805 ἐστιν
903 749 1336 820 ἐνδεικνυμένου.
1380 746 1598 817 Ἐπειδὴ
1639 746 1694 800 δέ
1727 746 1821 799 τοῦ
1851 745 1988 815 πλή-

302 837 428 899 θους
456 834 874 907 ἐμνημόνευσαν
905 833 1113 895 λοιπὸν,
1135 836 1229 886 καί
1259 829 1353 884 τοῦ
1384 830 1572 894 τόπου,
1606 829 1701 882 καὶ
1729 830 1830 899 τῆς
1857 830 1986 900 ἐρη-

304 919 467 990 μίας⁶
526 917 750 990 (Πόθεν
809 918 940 989 γὰρ,
994 915 1182 986 φησὶν,
1239 913 1386 982 ἡμῖν
1438 915 1508 967 ὲν
1553 913 1768 982 ἐρημίᾳ
1822 911 1987 980 ἄρτοι

300 1005 602 1069 τοσοῦτοι,
662 1002 819 1057 ὥστε
874 1001 1163 1072 χορτάσαι
1218 999 1410 1068 ὄχλον
1460 999 1758 1052 τοσοῦτον
1785 997 1823 1068 ;)
1894 997 1988 1051 καὶ

299 1087 422 1141 οὐδὲ
463 1087 607 1141 οῦτω
654 1087 890 1157 συνῆκαν
932 1084 992 1138 τὺ
1033 1083 1243 1152 λεχθὲν,
1295 1081 1478 1136 λοιπὸν
1530 1082 1693 1144 αὐτὸς
1742 1081 1809 1134 τὰ
1856 1083 1985 1152 παρ’

299 1168 494 1226 ἐαυτοῦ
545 1167 810 1236 εἰσφέρει,
859 1166 954 1219 καί
998 1182 1163 1236 φησιν
1205 1167 1422 1227 αὐτοῖς’
1481 1165 1722 1227 Πόσους
1768 1163 1987 1231 ἄρτους

299 1253 505 1323 ὄχετε;
554 1254 620 1306 Ol
663 1251 730 1304 δὲ
771 1250 1082 1320 λέγουσιν,
1135 1247 1337 1313 Ἑπτὰ,
1373 1247 1472 1300 καί
1503 1249 1680 1317 ὀλίγα
1729 1246 1982 1315 ἰχθύδια.

299 1342 412 1395 Καὶ
431 1339 616 1392 οὐκέτι
644 1337 914 1406 λέγουσιν,
959 1335 1134 1390 Ἀλλὰ
1155 1334 1344 1389 ταῦτα
1370 1335 1429 1387 τί
1457 1334 1630 1388 ἐστιν
1649 1335 1736 1399 εἰς
1771 1334 1988 1388 τοσούο

299 1440 480 1490 τους;
511 1423 704 1492 ὥσπερ
742 1419 1054 1490 ἔμπροσθεν
1098 1415 1275 1473 εἶπον.
1321 1417 1509 1481 Οὐτως
1553 1419 1602 1470 εἰ
1642 1419 1738 1472 καὶ
1783 1419 1856 1489 μὴ
1890 1419 1984 1472 τοῦ

298 1509 505 1572 παντὸς
559 1506 1032 1577 ἐπελαμϐάνοντο,
1096 1505 1212 1559 ἀλλ’
1266 1505 1418 1574 ὅμως
1471 1501 1794 1574 ὑψηλότεροι
1844 1503 1986 1558 κατά

300 1591 500 1663 μικρὸν
536 1591 794 1658 ἐγίνοντο.
824 1588 933 1641 Καὶ
953 1588 1062 1658 γὰρ
1091 1588 1186 1640 καὶ⁵
1217 1587 1380 1651 αὐτὸς
1401 1587 1491 1642 διά
1517 1588 1722 1642 τούτων
1754 1588 1986 1658 ἐγείρων

297 1674 478 1727 αὐτῶν
509 1674 609 1744 τὴν
644 1673 903 1737 διάνοιαν,
945 1672 1146 1742 ὁμοίως
1176 1672 1378 1742 ἐρωτᾷ,
1417 1671 1608 1744 ῶσπερ
1645 1674 1739 1727 καί
1787 1673 1985 1740 πρότε-

300 1775 417 1828 ρον,
439 1759 528 1812 ’ίνα
553 1758 648 1811 καὶ
676 1756 755 1828 τῷ
781 1757 964 1828 τρόπῳ
994 1756 1091 1826 τῆς
1121 1756 1444 1826 ἐρωτήσεως
1473 1756 1759 1828 ἀναμνήσῃ
1788 1757 1984 1822 αὐτοὺς

297 1842 407 1894 τῶν
453 1842 554 1912 ήδη
593 1841 998 1912 γεγενημένων.
1050 1841 1122 1893 Σὺ
1176 1839 1234 1893 δέ
1283 1838 1472 1912 ὥσπερ
1508 1835 1647 1904 εἰδες
1698 1841 1875 1895 αὐτῶν
1923 1842 1982 1896 τὸ

297 1925 487 1988 ἀτελὲς
517 1927 581 1978 ἐκ
601 1924 826 1988 τούτων,
862 1923 1004 1977 οὕτω
1033 1923 1318 1994 κατάμαθε
1346 1924 1439 1976 καὶ
1477 1923 1538 1976 τὸ
1571 1923 1856 1993 φιλόσοφον
1885 1926 1980 1994 τῆς

281 2008 546 2081 γνώμης.
595 2011 688 2062 καὶ
730 2007 1009 2078 θαύμασον
1055 2007 1116 2060 τὸ
1150 2007 1467 2078 φιλάληθες,
1520 2007 1638 2070 πῶς
1669 2009 1821 2060 αὐτοὶ
1846 2010 1984 2078 γρά-

299 2110 513 2162 φοντες,
567 2091 636 2145 τὰ
684 2091 896 2145 ἑαυτῶν
943 2090 1004 2144 οὐ
1061 2090 1400 2161 κρύπτουσιν
1445 2089 1827 2160 ἐλαττώματα,
1889 2091 1984 2144 καὶ

298 2175 473 2229 ταῦτα
519 2175 729 2245 μεγάλα
772 2175 924 2229 ὄντα.
970 2172 1103 2226 Οὐδὲ
1148 2172 1256 2244 γὰρ
1291 2171 1352 2224 τὸ
1397 2171 1558 2241 τυχὸν
1591 2166 1660 2240 ἦν
1709 2171 1982 2242 ἔγκλημα,

299 2263 527 2333 ἔναγχος
551 2260 646 2314 τοῦ
683 2259 910 2329 σημείου
941 2257 1130 2310 τούτου
1167 2257 1462 2326 γενομένου
1561 2255 1734 2320 οὕτως
1777 2257 1980 2322 εὐθέως

300 2345 687 2402 ἐπιλαθέσθαν
723 2343 812 2398 διὰ
844 2342 1000 2396 τοῦτο
1033 2342 1126 2396 καὶ
1159 2339 1541 2408 ἐπιτιμῶνται.

373 2501 438 2571 β’.
498 2497 652 2553 Μετὰ
673 2497 732 2550 δὲ
754 2494 960 2549 τούτων
991 2494 1085 2546 καὶ
1109 2491 1206 2562 τὴν
1251 2489 1418 2560 ἀλλην
1449 2490 1767 2559 φιλοσοφίαν
1794 2491 1982 2559 ἐννόη-

303 2603 394 2638 σον
413 2601 426 2614 ·
465 2583 582 2646 πῶς
609 2577 750 2652 ἦσαν
773 2577 1011 2648 γαστρὸς
1041 2576 1321 2646 κρείττους
1340 2593 1354 2606 ·
1387 2573 1504 2637 πῶς
1533 2573 1878 2629 ἐπαιδεύοντο
1908 2576 1982 2647 μή

301 2667 468 2720 πολὺν
501 2664 769 2718 ποιεῖσθαι
796 2659 1075 2731 τραπέζης
1100 2658 1277 2726 λόγον.
1320 2657 1408 2710 Ἐν
1431 2659 1637 2729 ἐρημίᾳ
1672 2658 1781 2728 γὰρ
1809 2658 1980 2723 ὄντες,

300 2753 394 2804 καὶ
428 2752 575 2818 τρεῖς
597 2747 808 2817 ἡμέρας
835 2746 953 2797 ἐκεῖ
978 2743 1360 2811 διατρίϐοντες,
1404 2741 1543 2794 ἐτττά
1575 2742 1772 2810 ἄρτους
1811 2736 1976 2811 εἶχον.

301 2834 380 2885 Ta
412 2832 510 2902 μὲν
541 2826 634 2883 οῦν
664 2828 799 2882 ἄλλα
819 2826 1019 2896 ὁμοίως
1066 2827 1177 2887 τοῖς
1203 2825 1491 2894 προτέροις
1519 2825 1664 2876 ποιεῖ
1685 2842 1699 2855 ·
1745 2825 1841 2876 καὶ
1873 2825 1981 2894 γὰρ

301 2906 616 2970 κατακλίνει
655 2911 851 2974 αὐτοὺς
895 2910 986 2960 ἐπὶ
1029 2908 1126 2976 τὴν
1165 2907 1292 2976 γῆν,
1336 2907 1430 2959 καὶ
1458 2908 1514 2958 ἐν
1537 2909 1655 2968 ταῖς
1685 2907 1840 2976 χερσὶ
1875 2907 1982 2960 τῶν

304 2997 559 3069 μαθητῶν
585 2998 730 3049 ποιεῖ
763 2990 1028 3062 πηγάζειν
1068 2991 1196 3053 τοὺς
1236 2990 1453 3060 ἄρτους.
1500 2987 1814 3042 Ἐκέλευσε
1851 2990 1979 3059 γὰρ,

301 3082 454 3150 φησί,
515 3079 658 3143 τοὺς
717 3076 942 3144 ὄχλους
1004 3071 1336 3127 ἀναπεσεῖν
1375 3071 1474 3123 ἐπὶ
1524 3070 1640 3137 τὴν
1683 3071 1820 3140 γῆν.
1873 3072 1979 3126 Kal

298 3163 504 3222 ,λαϐὼν
547 3161 689 3226 τοὺς
734 3160 883 3213 ἑπτὰ
914 3157 1130 3226 ἄρτους
1165 3155 1260 3208 καί
1292 3153 1432 3219 τοὺς
1481 3155 1708 3222 ἰχθύας,
1741 3155 1982 3223 εὐχαρι-

300 3247 541 3314 στήσας
582 3247 827 3308 ἔκλεισε,
879 3241 977 3295 καί
1018 3237 1220 3292 ἐδίδου
1260 3235 1384 3302 τοῖς
1431 3236 1757 3306 μαθηταῖςο
1816 3241 1870 3290 οἱ
1917 3236 1985 3291 δέ

297 3330 556 3402 μαθηταί
592 3327 673 3394 τῷ
701 3330 880 3396 ὄχλῳ.
924 3324 998 3378 Τδ
1030 3323 1088 3378 δέ
1125 3322 1278 3385 τέλος
1311 3320 1497 3374 οὐκέτι
1545 3321 1748 3390 ὅμοιον.
1795 3323 1983 3402 Ἔφα..

302 3401 412 3483 γον
447 3415 558 3487 γὰρ
577 3413 819 3477 πάντες,
852 3408 1006 3478 φησί,
1034 3406 1132 3461 καὶ
1160 3404 1654 3474 ἐχορτάσθησαν*
1695 3403 1792 3457 κ(ιί
1833 3401 1987 3477 ἦραν

300 3504 368 3558 τὸ
401 3497 772 3569 περισσεῦον
797 3492 917 3547 τῶν
943 3491 1307 3559 κλασμάτων
1328 3487 1477 3542 ἑπτὰ
1504 3487 1804 3555 σπυρίδας
1829 3489 1985 3556 πλή-

297 3601 447 3655 ρεις.
488 3584 554 3635 Ol
587 3579 656 3632 δὲ
702 3577 1012 3638 ἐσθίοντες
1061 3569 1224 3655 ἦσαν
1273 3569 1985 3655 τετρακισχίλΔιοιλᾶνδρι-Σς

303 3651 485 3738 χωρίς
526 3656 831 3732 γυναικῶν
864 3656 962 3710 καί
1002 3654 1276 3711 παιδίων.
1330 3651 1490 3738 ᾏλλά
1525 3651 1666 3738 διατι
1705 3652 1823 3738 ,ἀτε
1886 3654 1985 3723 μὲν

303 3734 757 3817 πεντακισχιλίων
805 3742 993 3804 δντων,
1045 3738 1250 3793 δώδεκα
1299 3735 1511 3805 κόφινοι
1560 3734 1982 3805 ἐπερίσσευσαν,

301 3831 541 3888 ἐνταῦθα
600 3829 658 3882 δὲ
723 3821 1210 3895 τετρακισχιλίων,
1273 3820 1414 3874 ἐπτά
1478 3820 1774 3890 σπυρίδες;
1841 3821 1986 3883 τίνος

301 3912 397 3972 οῦν
423 3917 608 3968 ἐνεκεν
642 3910 739 3964 καὶ
765 3906 908 3961 διατί
933 3906 1192 3960 ἐλάττονα
1218 3899 1287 3974 ἦν
1325 3905 1393 3958 τά
1429 3904 1676 3972 λείψανα,
1706 3905 1886 3956 καίτοι
1923 3904 1984 3958 οὐ

303 3996 577 4054 τοσούτων
605 3994 773 4047 ὄντων
797 3989 906 4042 τῶν
935 3987 1315 4056 ἐστιωμένων;
1352 3987 1421 4039 ’Ἡ
1454 3987 1632 4040 τοίνυν
1657 3985 1816 4040 τοῦτο
1840 3987 1986 4041 ἔστιν

299 4083 500 4144 εἰπεῖν,
534 4079 618 4132 ὅτι
652 4076 709 4130 αἰ
741 4073 997 4142 σπυρίδες
1021 4070 1128 4124 τῶν
1149 4069 1384 4139 κοφίνων
1416 4069 1633 4140 μείζους
1661 4067 1802 4140 ἦσαν
1825 4087 1840 4100 ο
1871 4070 1904 4140 ἢ
1936 4071 1985 4123 εἰ

289 4165 386 4235 ’μὴ
413 4161 592 4220 τοῦτο,
625 4159 714 4211 ἵνα
753 4156 826 4227 μὴ
855 4154 1072 4221 πάλινή
1109 4153 1292 4223 ἰσότης
1329 4152 1425 4205 τοῦ
1449 4153 1677 4222 σημείου
1713 4153 1792 4214 εἰς
1815 4151 1985 4222 λήθην

300 4246 504 4306 αὐτοὺς
544 4240 781 4311 ἐμϐάλῃ,
815 4241 884 4308 τῇ
917 4237 1149 4306 διαφορᾷ
1191 4235 1291 4304 τὴν
1328 4235 1550 4304 μνήμην
1578 4235 1758 4287 αὐτῶν
1790 4235 1985 4304 διεγεί-

306 4345 430 4401 ρει,
470 4327 559 4379 ἵνα
609 4326 674 4377 ἐκ
710 4320 806 4374 τοῦ
857 4317 1316 4401 παρηλλαγμένον
1352 4316 1742 4401 ἀναμνησθῶσι
1793 4316 1984 4369 κάκει-

302 4399 396 4463 νου
440 4407 534 4462 καὶ
581 4405 794 4459 τούτου.
839 4401 938 4455 Διά
973 4400 1036 4469 δὴ
1068 4399 1225 4452 τοῦτο
1257 4399 1378 4452 τότε
1418 4399 1516 4468 μὲν
1563 4401 1677 4462 τοῖς
1713 4399 1986 4469 μαθηταῖς

309 4490 634 4560 ἰσαρίθμους
671 4487 818 4538 ποιεῖ
846 4483 972 4545 τοὺς
998 4483 1251 4551 κοφίνους
1295 4479 1404 4533 τῶν
1442 4479 1729 4549 λειψάνων,
1777 4479 1894 4532 νυνί
1926 4478 1985 4532 δέ

302 4576 417 4636 τοῖς
439 4572 625 4643 ἄρτοις
645 4568 744 4631 τὰς
773 4565 1055 4635 σπυρίδας,
1099 4564 1200 4616 κάν
1229 4561 1404 4631 τούτῳ
1436 4562 1534 4632 τὴν
1573 4561 1780 4628 ἄφατον
1824 4561 1986 4615 δύνα-

309 4673 404 4726 μιν
441 4650 863 4720 ἐνδεικνύμενος,
905 4647 999 4699 καὶ
1034 4645 1133 4715 τὴν
1163 4643 1414 4726 εὐκολίαν
1454 4643 1557 4726 ,τῆς
1600 4644 1869 4726 ἐξουσίας,
1901 4646 1986 4698 ὅτι

305 4724 457 4807 αὐτῷ
485 4732 707 4790 δυνατὸν
741 4730 834 4784 καὶ
863 4728 1004 4782 οὓτω
1037 4728 1130 4780 καί
1165 4725 1366 4798 ἐτέρως
1408 4725 1476 4807 τά
1513 4724 1736 4778 τοιαῦτα
1770 4725 1984 4797 θαυμα-

305 4805 579 4890 τουργεῖν.
608 4814 744 4870 Οὐδὲ
764 4813 874 4884 γὰρ
905 4813 1106 4882 μικρᾶς
1126 4811 1410 4880 δυνάμεως
1432 4805 1521 4880 ἦν,
1551 4809 1612 4862 τδ
1637 4809 1728 4862 τὸν
1753 4811 1984 4881 ἀριθμὸν

308 4901 465 4975 [550]
494 4897 824 4968 διατηρῆσαι
847 4895 941 4947 καὶ
970 4893 1090 4945 τότε
1121 4892 1217 4946 καὶ
1255 4892 1384 4975 νῦν,
1405 4892 1525 4944 τότε
1565 4891 1664 4975 μέν
1697 4909 1987 4975 πεντακισ-

308 4974 496 5056 χιλίων
516 4981 719 5045 ὅντων,
758 4979 874 5030 νυνὶ
909 4976 966 5028 δὲ
1015 4974 1494 5047 τετρακισχιλίων·
1545 4974 1642 5029 καὶ
1689 4974 1828 5045 μήτε
1865 4974 1986 5028 τότε

306 5055 420 5122 τῶν
450 5065 707 5134 κοφίνων,
753 5061 891 5132 μήτε
938 5058 1032 5111 νῦν
1068 5057 1178 5111 τῶν
1218 5055 1491 5126 σπυρίδων
1549 5057 1686 5127 μήτε
1729 5056 1987 5112 ἐλάττονα

312 5152 454 5224 μήτε
523 5146 745 5200 πλείονα
821 5141 1074 5224 γενέσθαι
1120 5139 1361 5224 ,ἀφεῖναι
1418 5137 1787 5224 τάᾼλείψανα,
1816 5139 1986 5224 υκαι-

306 5221 460 5302 τοιγε
502 5231 594 5284 τοῦ
653 5226 895 5298 πλήθους
951 5223 1059 5276 τῶν
1110 5221 1453 5292 ἑστιωμένων
1504 5222 1762 5294 διαφόρου
1812 5221 1984 5285 ὄντος.

307 5313 537 5371 Καὶ-τὺ
606 5311 760 5372 τέλος
811 5308 869 5360 δὲ
911 5307 1096 5378 ὅμοιον
1149 5305 1226 5376 τῷ
1275 5307 1544 5376 προτέρῳ.
1601 5307 1712 5360 Καὶ
1743 5307 1854 5378 γὰρ
1893 5307 1988 5360 καὶ

305 5399 434 5453 τότε
508 5396 635 5459 τοὺς
723 5392 912 5462 δχλους
991 5390 1151 5458 ἀφεὶς
1236 5388 1588 5460 ἀνεχώρησεν
1673 5392 1730 5444 ἐν
1815 5391 1987 5461 πλοίῳ

309 5483 408 5536 καὶ
452 5478 586 5533 νῦνε
630 5475 724 5534 καὶ
769 5477 798 5528 ὁ
829 5473 1080 5540 Ἰωάννης
1127 5471 1183 5524 δέ
1227 5471 1386 5524 τοῦτό
1429 5489 1612 5542 φησιν.
1631 5472 1849 5544 Ἐπειδὴ
1879 5473 1989 5543 γὰρ

307 5561 463 5616 οὐδὲν
495 5559 640 5616 οὕτω
664 5557 887 5627 σημεῖον
911 5552 1224 5607 ἀκολουθεῖν
1256 5553 1403 5624 αὐτῷ
1444 5553 1880 5624 παρεσκεύαζεν,
1911 5555 1988 5619 ὡς

305 5645 370 5697 τὸ
415 5642 524 5695 τῶν
576 5640 756 5710 ἀρτων
790 5637 997 5707 θαῦμα,
1035 5635 1128 5689 καί
1171 5635 1232 5687 οὐ
1283 5635 1441 5705 μόνον
1481 5634 1814 5700 ἀκολουθεῖν,
1851 5636 1988 5702 ἀλλά

309 5728 404 5780 καὶ
451 5723 678 5793 βασιλέα
707 5723 884 5773 ποιεῖν
928 5718 1234 5782 ἐϐούλοντο,
1258 5717 1569 5785 τυραννίδος
1609 5717 1825 5786 φεύγων
1856 5719 1988 5772 ὐπο-

306 5811 439 5880 ψίαν
489 5805 744 5874 ἀποπηδᾷ
795 5803 934 5873 μετὰ
986 5802 1084 5872 τὴν
1135 5799 1576 5871 θαυματουργίαν
1625 5803 1859 5873 ταύτην·
1893 5803 1988 5856 καὶ

307 5893 430 5952 οὐδὲ
465 5889 604 5959 πεζῇ
653 5891 890 5952 ἄπεισιν,
926 5891 1013 5942 ἵνα
1055 5888 1130 5956 μὴ
1165 5884 1622 5955 ἀκολουθήσωσιν,
1658 5887 1772 5940 ἀλλ’
1802 5888 1882 5952 είς
1926 5887 1986 5940 τὸ

315 5981 495 6038 πλοῖον
545 5973 735 6039 ἐμϐὰς.
785 5973 889 6028 Καὶ
941 5973 1279 6034 ἀπολύσας,
1326 5967 1499 6036 φησί,
1553 5970 1692 6037 τοὺς
1740 5973 1981 6042 ὄχλους,

1482 379 1549 435 ΙΝ
1590 375 2010 435 MATTIUEUM
2049 375 2285 433 HOMIL.
2327 378 2548 439 Llll.al.
2588 384 2718 439 LIV.

3655 385 3759 440 εει

2085 494 2270 565 ἀνέϐη
2313 501 2402 564 είς
2440 500 2508 554 τὸ
2562 503 2812 568 πλοῖον,
2861 503 2962 558 καί
3003 497 3190 574 ἦλθεν
3233 505 3320 571 εις
3356 503 3428 562 τὰ
3465 504 3593 575 ὅρια
3635 513 3763 564 Μα-

2086 579 2297 647 γδαλά.
2327 583 2438 636 Kal
2483 587 2923 653 προσελθόντες
2953 589 3008 640 οἱ
3039 586 3348 655 Φαρισαῖοι
3377 587 3476 640 καί
3499 589 3764 644 Σαδδου-

2080 662 2242 715 -ιιιαῖοι
2273 664 2514 732 ἠρώτων
2541 667 2727 721 αὐτὸν
2764 669 3016 738 σημεῖον
3057 669 3126 723 ἐκ
3154 668 3262 723 τοῦ
3286 669 3544 738 οὐρανοῦ
3569 670 3762 737 δεῖξαι

2053 797 2055 801 ,
2085 746 2310 812 αὐτοῖς.
2329 749 2390 800 '0
2423 747 2491 801 δέ
2519 765 2740 819 φησιν’
2782 753 2987 821 Ὀψίας
3024 753 3352 823 γενομένης
3387 755 3614 824 λέγετε,
3645 759 3762 811 Εὐ-

2085 829 2184 884 δία
2207 848 2221 863 ο
2260 832 2538 902 πυρράζει
2572 836 2682 903 γὰρ
2731 839 2764 890 ὁ
2792 839 3076 904 οὐρανός-ο
3125 837 3223 891 καί
3265 837 3436 905 πρωῒ,
3491 835 3762 907 Σήμερον

2086 915 2342 984 χειμών·
2402 916 2678 983 πυρράζει
2723 919 2832 987 γὰρ
2879 918 3222 988 στυγνάζων
3269 922 3303 974 ὀ
3353 922 3626 989 οὐρανός.
3684 921 3760 976 Τὸ

2079 997 2197 1066 μὲν
2225 999 2550 1065 πρόσωπον
2582 999 2687 1053 τοῦ
2711 1001 2969 1068 οὐρανοῦ
3000 1003 3324 1071 γινώσκετε
3351 991 3668 1071 διακρῖναι,
3688 1005 3762 1059 τὰ

2085 1079 2154 1133 δὲ
2185 1081 2407 1150 σημεῖα
2449 1080 2566 1135 τῶν
2621 1083 2842 1152 καιρῶν
2865 1087 2937 1137 οὐ
2963 1084 3265 1148 δύνασθε;
3302 1085 3492 1139 Γενεὰ
3526 1085 3761 1154 πονηρὰ

2086 1164 2184 1217 καί
2222 1164 2504 1233 μοιχαλὶς
2535 1165 2787 1233 σημεῖον
2812 1163 3086 1232 ἐπιζητεῖ,
3127 1168 3225 1220 καί
3263 1167 3517 1236 σημεῖον
3559 1169 3632 1222 οὐ
3661 1167 3775 1236 δοο,

2086 1247 2335 1316 θήσεται
2359 1249 2534 1316 αὐτῇ,
2555 1252 2607 1303 εἰ
2630 1249 2716 1318 μὴ
2733 1249 2800 1304 τὸ
2826 1250 3078 1318 σημεῖον
3109 1249 3278 1304 Ἰωνᾶ
3297 1250 3402 1304 τοῦ
3423 1250 3756 1320 προφήτου.

2089 1332 2197 1384 Καὶ
2222 1333 2567 1386 καταλιπὼν
2596 1333 2818 1399 αὐτοὺς
2846 1333 3139 1401 ἀπῆλθεν.
3156 1332 3214 1386 '0
3233 1331 3292 1385 δὲ
3314 1333 3538 1404 Μάρκος
3568 1335 3755 1406 φησὶν,

2084 1415 2165 1467 ὅτι
2195 1416 2598 1486 προσελθόντων
2631 1417 2810 1470 αὐτῶν
2855 1417 2949 1469 καί
2979 1415 3374 1486 συζητούντων,
3415 1417 3759 1472 Ἆναστενά-

2086 1498 2198 1563 ξας
2229 1497 2310 1563 τῷ
2348 1499 2640 1567 πνεύματι
2677 1499 2896 1562 αὑτοῦ,
2936 1497 3100 1567 λέγει
3124 1513 3143 1530 ⁸
3187 1499 3248 1552 Τί
3284 1499 3324 1565 ἡ
3371 1500 3546 1566 γενεὰ
3605 1498 3758 1566 αὕτη

2085 1582 2344 1650 σημεῖον
2385 1581 2682 1648 ἐπιζητεῒ;
2725 1582 2982 1650 Καίτοιγε
3024 1582 3198 1653 ὀργῆς
3230 1582 3357 1646 ἀξία
3411 1585 3446 1655 ή
3491 1583 3759 1655 ἐρώτησις

2087 1666 2182 1718 καὶ
2229 1665 2656 1734 ἀγανακτήσεως
2675 1680 2692 1693 °
2722 1664 2836 1717 ἀλλ’
2865 1664 3014 1734 ὅμως
3045 1665 3074 1717 δ
3101 1663 3483 1735 φιλάνθρωπος
3519 1667 3614 1718 καὶ
3659 1682 3760 1735 κη-

2083 1746 2263 1816 δεμὼν
2293 1747 2395 1800 οὐκ
2423 1745 2722 1818 ὀργίζεται,
2750 1747 2866 1799 ἀλλ’
2896 1746 3036 1798 ἐλεεῖ
3075 1744 3173 1799 καὶ
3210 1745 3482 1809 ταλανίζει
3527 1747 3623 1801 ἅτε
3664 1749 3761 1802 ἀν-

2085 1829 2208 1882 ίατα
2239 1829 2550 1892 νοσοῦντας,
2585 1829 2680 1881 καὶ
2730 1828 2870 1898 μετά
2921 1827 3188 1898 τοσαύτην
3227 1828 3500 1893 ἀπόδειξιν
3533 1829 3632 1899 τῆς
3661 1831 3760 1882 αὐ-

2080 1912 2174 1966 τοῦ
2213 1911 2494 1982 δυνάμεως
2526 1911 2882 1982 πειράζοντας
2936 1911 3116 1965 αὐτόν.
3177 1911 3311 1963 Οὐδέ
3339 1913 3448 1982 γὰρ
3481 1911 3620 1964 ὥστε
3666 1927 3756 1963 πι-

2084 1994 2305 2048 στεῦσαι
2355 1993 2602 2064 ἐζήτουν,
2649 1993 2764 2047 ἀλλ’
2800 1993 2942 2046 ὥστε
2994 1991 3366 2047 ἐπιλαϐέσθαι.
3422 1995 3486 2047 Εἰ
3528 1993 3637 2064 γὰρ
3681 1993 3759 2058 ὡς

2085 2079 2466 2141 πιστεύσοντες
2517 2078 2840 2148 προσῆλθον,
2872 2078 3071 2130 ἔδωκεν
3101 2078 3262 2132 ἀν.’0
3297 2077 3404 2148 γάρ
3437 2081 3502 2147 τῇ
3538 2080 3759 2146 γυναικὶ

2085 2162 2274 2225 εἰπὼν,
2309 2164 2432 2216 Οὐκ
2462 2162 2592 2215 ἐστι
2620 2162 2828 2228 καλὸν,
2864 2163 2957 2214 καὶ
3006 2162 3146 2231 μετά
3193 2161 3365 2216 ταῦτα
3403 2163 3549 2226 δούς,
3577 2160 3759 2231 πολλῷ

2089 2247 2286 2317 μᾶλλον
2317 2245 2382 2299 ἂν
2423 2244 2630 2308 τούτοις
2659 2244 3108 2314 παρέσχεν.“Αλλ’
3142 2245 3329 2316 ἐπειδὴ
3361 2247 3420 2299 οὐ
3467 2244 3757 2298 πιστεῦσαι

2086 2333 2344 2402 ἐζήτουν,
2386 2330 2474 2383 διὰ
2521 2329 2681 2382 τοῦτο
2730 2329 2824 2382 καὶ
2859 2329 3156 2400 ὑποκριτὰς
3200 2330 3427 2401 ἑτέρωθι
3465 2329 3636 2393 καλεῖ,
3674 2331 3756 2382 ὅτι

2085 2416 2248 2485 ἔτερα
2283 2415 2379 2484 μὲν
2407 2413 2610 2482 ἔλεγον,
2638 2413 2799 2482 ἕτερα
2829 2413 2884 2464 δὲ
2914 2414 3190 2484 ἐφρόνουν.
3216 2416 3278 2466 El
3308 2413 3416 2482 γὰρ
3449 2413 3756 2474 ἐπίστευον,

2084 2500 2191 2552 οὐδ’
2226 2498 2292 2552 ἂν
2324 2498 2554 2568 ᾔτησαν.
2592 2498 2702 2550 Καὶ
2733 2497 2996 2568 ἑτέρωθεν
3049 2497 3106 2550 δέ
3153 2498 3308 2567 δῆλον
3329 2539 3345 2564 ,
3389 2498 3471 2550 ὅτι
3505 2498 3605 2550 οὐκ
3636 2496 3758 2548 ἐπί-

2088 2600 2302 2636 στευον’
2333 2585 2412 2636 ὅτι
2442 2580 2856 2651 ἐπιτιμηθέντες
2885 2581 2976 2633 καὶ
3001 2581 3364 2650 ἐλεγχθέντες,
3401 2581 3461 2633 οὐ
3491 2579 3758 2650 παρέμει-

2087 2685 2206 2730 ναν,
2237 2665 2357 2718 οὐδὲ
2404 2661 2574 2727 εἷπον,
2611 2664 2692 2716 ὅτι
2728 2663 3052 2732 Ἀγνοοῦμεν
3095 2664 3190 2716 καί
3241 2663 3431 2732 μαθεῖν
3467 2661 3753 2732 ζητοῦμεν.

2088 2751 2153 2802 Τί
2179 2750 2235 2801 δὲ
2266 2751 2488 2818 σημεῖον
2515 2748 2578 2798 ἐκ
2607 2745 2700 2799 τοῦ
2734 2746 2962 2816 οὐρανοῦ
2989 2746 3151 2816 ᾔτουν
3176 2764 3190 2812 ;
3231 2749 3300 2800 Ἢ
3331 2746 3422 2798 τὸν
3451 2745 3601 2816 ἥλιον
3631 2747 3760 2814 στῆ-

2089 2848 2178 2883 σαι
2203 2869 2217 2891 ,
2252 2832 2286 2901 ἢ
2329 2830 2428 2899 τὴν
2476 2829 2706 2899 σελήνην
2737 2828 3052 2898 χαλινῶσαι,
3087 2829 3120 2900 ἢ
3152 2828 3452 2898 κεραυνοὺς
3495 2845 3758 2896 κατενεγ-

2087 2920 2223 2982 κεῖν,
2259 2917 2290 2987 ἥ
2322 2917 2413 2968 τὸν
2439 2916 2576 2986 ἀέρα
2607 2915 2946 2984 μεταϐαλεῖν,
2971 2915 3004 2984 ἢ
3036 2913 3163 2966 ἀλλο
3193 2931 3245 2966 τι
3279 2911 3541 2965 τοιοῦτον.
3571 2913 3636 2964 Τί
3664 2927 3758 2966 ουν

2089 3000 2225 3070 πρὸς
2260 2998 2436 3052 ταῦτα
2477 2998 2673 3064 αὐτός;
2728 2996 2798 3050 Τὸ
2833 2997 2950 3065 μὲν
2983 2997 3306 3064 πρόσωπον
3346 2994 3454 3049 τοῦ
3498 2995 3760 3062 οὐρανοῦ

2087 3083 2412 3150 γινώσκετε
2449 3080 2795 3147 διακρίνειν,
2824 3078 2896 3131 τὰ
2938 3079 3007 3132 δὲ
3051 3077 3270 3148 σημεῖα
3303 3077 3422 3131 τῶν
3445 3076 3662 3144 καιρῶν
3687 3077 3760 3130 οὐ

2086 3167 2388 3228 δύνασθε;
2426 3166 2620 3235 Ὁρᾶτε
2665 3163 2762 3233 τὴν
2815 3163 3094 3232 πραότητα
3137 3161 3231 3214 καὶ
3276 3160 3377 3230 τὴν
3418 3160 3764 3225 ὲπιείκειαν;

2088 3250 2222 3304 Οὐδέ
2273 3248 2382 3319 γὰρ
2428 3247 2503 3310 ὡς
2551 3246 2818 3317 πρότερον
2857 3247 3131 3317 ἠρνήσατο
3163 3244 3321 3314 μόνον
3347 3245 3440 3296 καὶ
3467 3239 3639 3308 εἴπεν,
3673 3242 3761 3299 Οὐ

2087 3333 2409 3399 δοθήσεται
2443 3329 2616 3399 αὐτῇ,
2648 3328 2784 3383 ἀλλά
2829 3329 2924 3382 καὶ
2953 3329 3052 3400 τὴν
3087 3329 3264 3381 αἰτίαν
3292 3327 3458 3396 λέγει,
3503 3327 3570 3380 δι’
3598 3327 3665 3399 ήν
3696 3326 3761 3380 οὐ

2086 3419 2294 3479 δίδωσι,
2321 3417 2560 3484 καίτοιγε
2586 3415 2687 3485 οὐχ
2709 3413 2850 3484 ὑπὲρ
2876 3413 2970 3468 τοῦ
2999 3413 3186 3484 μαθεῖν
3207 3410 3534 3482 ἐρωτώντων
3556 3411 3760 3465 αὐτῶν.

2089 3503 2185 3564 Τίς
2226 3497 2320 3556 οὖν
2349 3502 2382 3571 ἡ
2412 3501 2598 3565 αἰτίας
2632 3499 2842 3568 Ὥσπερ
2872 3497 2964 3551 ἐπὶ
2991 3497 3085 3550 τοῦ
3120 3495 3371 3566 οὐρανοῦ,
3408 3495 3593 3566 φησὶν,
3632 3495 3762 3548 ἄλλο

2090 3585 2197 3656 μὲν
2234 3585 2460 3656 σημεῖον
2500 3583 2592 3637 τοῦ
2627 3582 2914 3652 χειμῶνος,
2948 3581 3074 3636 ἄλλο
3097 3580 3153 3634 δὲ
3178 3583 3277 3651 τῆς
3305 3579 3506 3642 εὐδίας,
3540 3579 3635 3632 καὶ
3661 3579 3762 3632 οὐκ

2086 3654 2153 3722 ἀν
2182 3654 2266 3730 τις
2285 3654 2348 3719 τὸ
2373 3669 2597 3736 σημεῖον
2632 3666 2753 3718 ἰδὼν
2783 3663 2875 3717 τοῦ
2899 3663 3167 3734 χειμῶνος
3188 3663 3430 3732 γαλήνην
3454 3661 3757 3731 ζητήσειεν,

2086 3749 2206 3803 οὐδὲ
2250 3751 2310 3803 ἐν
2354 3749 2565 3819 γαλήνῃ
2608 3748 2786 3818 εὐδινῇ
2835 3747 3115 3817 χειμῶνα·
3166 3745 3309 3799 οὕτω
3362 3745 3458 3798 καὶ
3503 3743 3594 3796 ἐπ’
3623 3743 3760 3813 ἐμοῦ

2087 3831 2398 3900 λογίζεσθαι
2433 3834 2559 3902 χρή.
2584 3831 2776 3892 Ἀλλος
2803 3829 2916 3899 γὰρ
2936 3825 3089 3890 οὗτος
3116 3828 3217 3897 τῆς
3249 3827 3549 3897 παρουσίας
3575 3827 3605 3877 ὁ
3639 3841 3761 3879 και..

2090 3915 2201 3985 ρδς,
2231 3913 2390 3976 ἄλλος
2417 3914 2474 3966 δὲ
2516 3914 2545 3965 ὁ
2581 3912 2810 3982 μέλλων.
2849 3912 2998 3983 [5411
3030 3911 3144 3964 Νῦν
3196 3911 3353 3981 χρεία
3398 3909 3603 3961 τούτων
3649 3907 3760 3961 τῶν

2088 3997 2330 4068 σημείων
2358 3996 2469 4050 τῶν
2496 3997 2552 4050 ἐν
2583 3997 2649 4066 τῇ
2677 3996 2781 4066 γῇ·
2814 3994 2883 4047 τὰ
2909 3995 2963 4048 δέ
2992 3997 3050 4047 ἐν
3077 3995 3156 4064 τῷ
3192 3993 3405 4064 οὐρανῷ
3433 3992 3625 4061 ἐκείνῳ
3666 4008 3760 4044 τε·

2085 4080 2375 4150 ταμίευται
2401 4078 2480 4148 τῷ
2511 4078 2710 4148 καιρῷ.
2742 4076 2855 4129 Νῦν
2883 4077 2960 4139 ὡς
2995 4077 3178 4148 ἰατρὸς
3220 4073 3404 4147 ἦλθον,
3433 4074 3554 4128 τότε
3583 4075 3658 4137 ώς
3680 4074 3761 4127 δι-

2087 4163 2296 4232 καστὴς
2327 4162 2640 4232 παρέσομαι
2661 4177 2674 4191 ’
2705 4160 2800 4214 νῦν
2818 4159 2957 4213 ὥστε
2984 4160 3216 4231 ζητῆσαι
3237 4159 3296 4212 τὸ
3321 4157 3757 4227 πεπλανημένον,

2085 4249 2206 4301 τότε
2250 4245 2391 4300 ὥστε
2415 4247 2718 4314 ἀπαιτῆσαι
2749 4242 2997 4306 εὐθύνας.
3026 4244 3122 4297 Διὰ
3151 4241 3311 4296 τοῦτο
3352 4240 3534 4294 λαθὼν
3558 4236 3722 4311 ἦλθον
3741 4254 3756 4270 ο

2085 4332 2221 4385 τότε
2257 4332 2315 4384 δὲ
2365 4330 2501 4401 μετὰ
2549 4329 2748 4399 πολλῆς
2799 4329 2898 4398 τῆς
2947 4326 3369 4398 δημοσιεύσεως,
3403 4325 3493 4379 τὸν
3535 4323 3760 4392 οὐρανδν

2088 4416 2332 4479 ἑλίττων,
2367 4414 2456 4467 τὸν
2487 4414 2635 4484 ἣλιον
2673 4411 3062 4481 ἀποκρύπτων,
3091 4409 3187 4480 τὴν
3213 4409 3440 4478 σελήνην
3460 4406 3560 4460 οὐκ
3578 4406 3762 4475 ἀφιεὶς

2085 4501 2267 4555 δοῦναι
2295 4499 2354 4552 τὸ
2385 4497 2516 4567 φῶς.
2553 4497 2686 4550 Τότε
2721 4496 2814 4548 καὶ
2857 4496 2914 4549 αἰ
2947 4494 3205 4564 δυνάμεις
3229 4491 3339 4545 τῶν
3367 4491 3611 4562 οὐρανῶν
3660 4507 3759 4542 σα-

2085 4587 2458 4655 λευθήσονται,
2496 4582 2589 4634 καὶ
2645 4577 2928 4650 ἀστραπήν
2979 4573 3192 4648 ἀθρόως
3240 4577 3375 4630 πᾶσι
3427 4572 3762 4644 φαινομένην

2091 4672 2391 4742 μιμήσεται
2433 4667 2534 4736 τῆς
2577 4663 2880 4735 παρουσίας
2918 4679 3017 4732 μου
3068 4663 3102 4732 ἡ
3146 4660 3456 4742 ἐπιφάνεια.
3476 4656 3616 4742 Ἀλλ’
3640 4656 3762 4742 οὐχὶ

2087 4737 2183 4806 νῦν
2221 4737 2428 4804 τούτων
2457 4749 2485 4800 ὁ
2513 4746 2704 4817 καιρὸς
2735 4747 2844 4798 τῶν
2873 4744 3114 4814 σημείων
3137 4737 3350 4813 θ’ἦλθον
3397 4739 3507 4809 γὰρ
3555 4739 3762 4793 ἀποθα-

2086 4841 2219 4899 νεῖν,
2251 4834 2348 4890 καὶ
2389 4832 2458 4886 τὰ
2498 4832 2703 4902 ἐσχατα
2737 4829 2951 4883 παθεῖν.
2993 4827 3106 4881 Οὐκ
3135 4825 3404 4895 ἠκούσατε
3426 4823 3521 4876 τοῦ
3549 4822 3762 4893 προφή-

2085 4936 2180 4972 του
2224 4917 2474 4986 λέγοντος
2496 4932 2511 4947 ·
2574 4915 2697 4968 Οὐκ
2745 4911 2932 4979 ἐρίσει
2957 4949 2973 4975 ,
3023 4907 3168 4963 οὐδὲ
3214 4905 3575 4976 κραυγάσει,
3620 4903 3763 4959 οὐδὲ

2086 5000 2532 5066 ἀκουσθήσεται
2562 4998 2679 5062 ἔξω
2703 4997 2742 5062 ἡ
2765 4993 2936 5064 φωνὴ
2966 4990 3192 5055 αὐτοῦ;
3223 4990 3319 5044 καὶ
3346 4991 3536 5062 ἐτέρου
3566 4987 3760 5043 πάλιν·

2087 5083 2498 5150 Καταϐήσεται
2527 5081 2607 5146 ὠς
2635 5079 2808 5145 ὑετὸς
2835 5077 2936 5131 ἐπὶ
2963 5077 3195 5140 πόκον;
3478 5101 3482 5105 λ

2165 5229 2230 5291 γ’.
2271 5223 2334 5274 Εἰ
2364 5219 2421 5274 δέ
2452 5219 2522 5272 τά
2540 5217 2633 5271 ἐπὶ
2652 5212 2853 5287 Φαραὼ
2875 5213 3084 5282 λέγοιεν
3105 5211 3327 5281 σημεῖα,
3347 5208 3608 5279 πολεμίου
3639 5207 3760 5291 τότε

2087 5290 2468 5372 ἀπαλλαγῆναι
2501 5300 2610 5354 ἔδει
2632 5339 2647 5362 ,
2682 5299 2778 5352 καὶ
2826 5297 3052 5357 εἰκότως
3078 5295 3262 5346 ἐκεῖνα
3305 5292 3518 5361 ἐγίνετο
3550 5307 3563 5319 ·
3596 5290 3677 5359 τῷ
3703 5290 3762 5344 δέ

2087 5387 2226 5460 πρὸς
2283 5385 2470 5454 φίλους
2525 5382 2734 5436 ἐλθόντι
2780 5379 2988 5434 τούτων
3037 5379 3098 5432 οὐ
3151 5375 3463 5460 χρείαμτῶν.
3494 5373 3757 5443 σημείων.

2087 5456 2213 5534 Πῶς
2249 5469 2306 5522 δὲ
2344 5467 2439 5521 καὶ
2475 5466 2543 5520 τὰ
2581 5465 2792 5537 μεγάλα
2823 5463 2999 5524 δώσω,
3029 5461 3139 5514 τῶν
3165 5457 3376 5531 μικρῶν
3405 5456 3480 5525 μὴ
3512 5472 3761 5526 πιστευο-

2021 5558 2041 5582 ⁶
2091 5552 2298 5622 μένων;
2337 5549 2567 5620 Μικρῶν
2605 5549 2681 5612 ώς
2717 5545 2856 5620 πρὸς
2895 5542 3153 5608 ἐπίδειξιν
3191 5541 3370 5622 λέγωο
3412 5537 3537 5590 ἐπεὶΙ
3566 5539 3638 5622 ,τῇ
3678 5538 3765 5591 δυ-

2087 5621 2251 5706 νάμει
2288 5633 2469 5704 πολλῷ
2493 5632 2665 5687 ταῦτα
2693 5630 2916 5684 ἐκείνων
2951 5626 3171 5699 μείζονα
3195 5621 3282 5695 ἦν.
3322 5623 3389 5706 Τί
3415 5622 3521 5693 γὰρ
3547 5621 3613 5675 ἂν
3649 5623 3760 5675 ἴσον

2086 5719 2173 5788 εἴη
2222 5717 2318 5771 τοῦ
2371 5715 2746 5786 ἁμαρτήματα
2798 5711 2996 5774 λῦσαι,
3036 5708 3130 5763 καὶ
3183 5705 3376 5777 νεκρὸν
3419 5706 3758 5774 ἀναστῆσαι,

2088 5802 2183 5856 καὶ
2219 5802 2481 5871 δαίμονας
2528 5797 2819 5859 ἀπελάσαι,
2856 5796 2950 5848 καὶ
3002 5792 3410 5862 δημιουργῆσαι
3439 5789 3630 5858 σῶμα,
3668 5788 3759 5838 καὶ

2088 5885 2156 5938 τὰ
2187 5885 2322 5938 ἄλλα
2357 5884 2531 5936 πάντα
2561 5880 2888 5949 διορθῶσαι;
2919 5877 2989 5929 Σύ
3018 5876 3075 5928 δὲ
3099 5875 3279 5929 αὐτῶν
3313 5875 3414 5944 ὅρα
3440 5873 3537 5942 τὴν
3577 5888 3759 5923 πεπω-

2093 5969 2340 6042 ρωμένην
2370 5965 2595 6039 καρδίαν
2615 6005 2630 6033 ,
2662 5963 2777 6027 πῶς
2813 5961 3164 6026 ἀκούσαντες,
3209 5959 3290 6010 ὅτι
3326 5959 3405 6012 Οὐ
3434 5955 3760 6020 δοθήσεται
