2051 3224
195 206 348 239 considera,
361 204 405 240 qui
418 212 478 234 cum
492 204 639 237 audissent,
652 204 761 239 Signum
773 213 823 232 non
839 205 939 233 dabitur
951 205 987 232 eis

196 252 246 280 nisi
265 252 366 287 signum
380 250 455 279 Ione
469 251 611 286 propheta,
634 258 687 279 non
710 250 884 285 interrogant.
907 250 987 285 Atqui

195 300 336 335 oportebat
356 306 415 331 eos,
436 298 481 333 qui
503 298 659 334 prophetam
683 302 829 331 noverant,
844 298 988 332 omniaque

196 351 259 374 tunc
270 350 355 381 gesta,
369 348 396 373 et
408 344 465 372 haec
481 343 537 379 jam
552 344 641 374 denuo
654 343 804 376 audiebant,
820 342 948 370 sciscitari
960 346 988 370 et

194 391 311 423 discere,
332 397 381 418 cur
400 389 452 419 hoc
468 389 603 418 diceretur
616 399 624 415 :
637 388 695 422 sed,
718 387 788 423 quod
806 388 872 421 dixi,
885 395 938 415 non
953 395 986 415 ex

194 435 315 465 discendi
327 434 462 462 desiderio
473 434 525 462 hoc
538 433 687 468 proferunt.
700 432 814 468 Ideoque
826 432 925 461 relictis
935 432 987 460 illis

194 481 270 509 abiit.
281 481 310 509 5.
325 480 360 508 Et
378 488 435 508 cum
451 480 583 512 venissent,
607 479 700 513 inquit,
715 478 831 512 discipuli
850 479 904 513 ejus
918 483 987 505 trans

195 529 299 563 ﬂetum,
313 526 383 554 obliti
396 530 453 552 sunt
467 533 545 560 panes
558 524 679 559 accipere.
694 525 720 550 6.
735 524 809 551 Jcsus
826 529 909 550 autent
922 524 987 550 dixit

194 572 247 600 illis
260 579 269 598 :
287 570 374 599 Videte
388 575 410 598 et
424 576 506 598 cauete
518 579 534 596 o
546 571 667 605 fermento
682 569 868 597 Pharisworum
883 575 905 596 et
917 570 986 597 Sad-

195 618 352 645 duca'orum.
376 616 430 645 Cur
450 624 502 644 non
523 616 599 648 dixit,
621 615 718 644 Cavete
732 623 747 642 a
762 615 901 643 doctrina?
927 615 988 642 Vult

195 666 268 690 certe
280 662 345 697 ipsis
357 670 417 697 quae
427 667 500 697 gesta
511 661 615 689 fuerant
632 661 657 687 in
674 661 828 687 memoriam
846 668 985 694 revocare;

194 707 298 735 sciebat
310 707 382 736 enim
403 707 458 741 jam
471 714 531 734 esse
543 706 650 733 oblitos.
665 705 717 733 Sed
732 705 888 740 simpliciter
907 713 985 733 accu-

195 761 257 781 sare
278 760 331 781 non
355 752 494 780 videbatur
510 756 571 778 tunc
583 756 758 785 opportunum
778 758 859 778 esse:
884 758 985 783 verttnt,

194 800 337 827 occasione
349 798 445 827 abillis
459 803 577 832 accepta,
598 797 735 831 increpare
750 798 807 824 illos
822 797 986 825 tolerabilem

195 844 324 874 reddebat
345 844 549 872 accusationem.
575 842 609 870 Et
632 850 680 869 cur
702 849 753 869 non
770 847 829 869 tunc
843 842 986 877 increpavit

195 897 243 918 eos
253 896 315 920 cum
327 889 461 922 dixerunt,
479 888 552 916 Unde
566 888 636 915 nobis
651 888 677 914 in
691 888 826 915 solitudine
838 893 872 914 tot
890 897 966 922 panes
975 889 988 915 ἔ)

195 935 264 964 Nam
280 939 342 965 tunc
362 934 519 963 videbantur
534 934 591 961 lucc
613 938 761 968 opportune
780 934 830 961 dici
847 942 933 968 posse.
949 935 987 962 Nc

196 980 331 1011 videretur
342 979 376 1007 ad
387 980 490 1015 signum
506 979 654 1007 faciendum
668 987 786 1007 currere.
805 980 928 1015 Alioquin
941 989 988 1008 au-

197 1030 251 1055 tem
263 1026 369 1055 nolebat
378 1033 468 1053 coram
480 1026 564 1053 turbis
576 1026 633 1052 illos
643 1033 765 1059 arguere,
779 1027 819 1053 vel
830 1033 888 1054 sese
898 1032 987 1055 osten-

197 1076 264 1101 tare.
289 1071 365 1100 Nunc
386 1078 452 1099 vero
478 1071 654 1106 opportunior
678 1071 822 1102 accusatio.
848 1072 908 1108 quia
928 1078 988 1107 post

196 1116 294 1152 duplex
307 1116 463 1144 miraculum
480 1117 546 1144 tales
560 1120 646 1144 erant.
673 1116 774 1144 Idcirco
787 1125 846 1144 cum
859 1118 930 1145 aliud
947 1118 987 1147 le-

195 1161 278 1190 cisSet
304 1161 478 1193 miraculum,
507 1166 570 1189 tunc
597 1162 732 1196 increpat,
763 1163 988 1198 cogitationesque

197 1207 315 1242 ipsorum
330 1207 357 1234 in
371 1207 487 1235 medium
502 1207 633 1242 producit.
645 1207 710 1240 Quid
723 1215 803 1243 porro
817 1209 987 1243 cogitabant?

196 1253 224 1280 ’1.
238 1253 304 1288 Quia
318 1260 396 1288 partes
410 1261 459 1280 non
472 1254 624 1288 accepimus,
637 1253 728 1287 inquit.
742 1253 835 1282 Adhuc
848 1255 917 1281 enim
928 1262 988 1289 pur-

195 1297 346 1333 gationibus
368 1297 485 1326 Judaicis
506 1302 583 1325 erant
606 1297 711 1329 addicti,
738 1306 786 1326 nec
800 1307 852 1325 non
866 1300 987 1327 ciborum

195 1343 444 1375 observationibus;
469 1342 582 1377 ideoque
602 1350 694 1370 cortun
716 1345 833 1371 omnium
849 1352 927 1372 causa
941 1353 988 1372 ve-

196 1387 348 1417 hementius
360 1388 386 1415 in
398 1388 456 1415 illos
467 1388 609 1421 invehitur,
623 1388 715 1416 dicens
731 1397 737 1414 :
754 1388 780 1416 8.
795 1389 863 1422 Quid
873 1390 988 1424 cogitatis

195 1434 222 1462 ἰιι
235 1434 304 1463 vobis
313 1434 386 1469 ipsis,
401 1434 506 1461 modico:
520 1433 594 1468 ﬁdei,
608 1434 676 1468 quod
691 1442 768 1467 panes
782 1443 831 1460 non
851 1436 964 1469 ceperitis
975 1436 988 1462 ?

195 1480 224 1509 9.
243 1479 363 1510 Nondum
375 1480 523 1515 intelligitis,
537 1488 615 1514 neque
628 1480 812 1507 recordamini?
821 1480 987 1507 Occatcatum

194 1529 433 1558 esteat-vestrum,
452 1525 543 1552 oculos
564 1524 693 1552 habentes
708 1533 759 1552 non
783 1524 887 1558 videtis,
908 1533 988 1553 aures

195 1571 324 1601 habentes
339 1578 392 1599 non
403 1571 510 1599 auditis.
525 1570 584 1598 Non
597 1571 764 1597 recordamini
776 1572 884 1606 quinque
893 1580 987 1607 panum

195 1617 222 1644 in
233 1616 341 1653 quinque
351 1616 432 1645 millia
446 1616 584 1649 hominum,
593 1621 616 1643 et
626 1622 684 1651 quot
696 1617 816 1651 cophinos
826 1618 967 1651 sumpsisti:
975 1618 989 1645 .’

195 1662 242 1690 10.
254 1670 333 1697 neque
342 1667 436 1698 septem.
454 1670 558 1697 portum,
578 1662 605 1688 in
619 1666 726 1697 quatuor
748 1663 828 1689 millia
847 1662 985 1696 hominum,

195 1713 219 1737 et
229 1713 289 1748 quot
301 1713 399 1745 sporta:
411 1708 573 1742 suntpsistis?

230 1753 376 1788 lncrepotio
400 1753 587 1783 mansuetudini
605 1754 739 1788 coniuncta
754 1754 834 1781 utilis.
847 1770 882 1774 —
897 1755 988 1782 Viden‘

195 1798 322 1835 grandem
335 1798 561 1833 indignationem?
573 1798 664 1833 Neque
677 1806 786 1834 usquam
802 1799 863 1828 alibi
883 1800 988 1828 videtur

195 1843 257 1873 illos
269 1844 310 1872 sic
322 1844 484 1879 increpasse.
501 1843 553 1872 Cur
568 1851 631 1879 ergo
644 1845 678 1871 ita
699 1844 778 1873 facit?
793 1845 827 1873 Ut
841 1853 933 1873 rursus
948 1847 987 1873 ci-

195 1889 290 1920 horum
306 1889 498 1919 observationis
511 1890 664 1927 opinionem
674 1891 834 1919 eliminaret.
844 1892 906 1921 ideo
915 1893 986 1920 enim

195 1938 260 1965 tunc
270 1934 376 1965 dicebat
390 1939 503 1968 tantum,
518 1935 581 1966 Sine
594 1935 721 1963 intellectu
737 1937 805 1970 estis,
821 1945 872 1964 non
891 1937 986 1965 intelli-

194 1980 271 2017 w'tis;
285 1980 331 2012 hic
343 1988 408 2009 vero
425 1981 598 2009 vehementer
612 1982 774 2017 increpando
789 1983 863 2017 dicit,
878 1983 988 2015 Modica:

195 2026 265 2060 Md.
294 2026 354 2057 Nan
382 2027 453 2056 enim
481 2028 578 2063 ubique
602 2029 831 2056 mansuetudinem
859 2030 987 2062 adhibere

194 2074 311 2106 oportet.
324 2070 360 2100 Ut
373 2071 444 2103 enim
464 2071 586 2101 llduciam
602 2073 666 2108 ipsis
680 2073 813 2106 indiderat
828 2084 835 2102 :
850 2075 889 2102 sic
902 2080 930 2102 et
943 2075 986 2102 in-

195 2120 296 2155 crepat,
311 2116 362 2147 hac
382 2118 509 2147 varietate
531 2118 608 2146 saluti
624 2126 717 2147 eorum
733 2120 906 2155 prospiciens.
920 2120 987 2149 Vide

193 2166 284 2193 autem
296 2166 324 2193 et
336 2162 554 2201 increpationem.
571 2168 598 2191 et
611 2171 663 2191 una
676 2165 905 2194 mansuetudinem
918 2166 987 2194 mul-

194 2210 259 2236 tam.
274 2206 341 2238 Nam
356 2214 416 2236 sese
427 2207 483 2239 fere
496 2215 612 2244 purgans
627 2209 698 2245 quod
711 2210 769 2238 illos
779 2218 874 2245 aspere
885 2212 987 2247 arguis-

193 2256 246 2288 set.
258 2251 296 2284 ait
308 2260 316 2283 ἶ
329 2250 451 2283 Nondum
463 2253 602 2289 intelligitis
612 2255 721 2290 quinque
742 2263 819 2290 pauor
832 2256 859 2283 in
878 2257 987 2292 quinque

193 2297 285 2332 millia,
298 2301 322 2330 et
333 2302 393 2332 quot
407 2298 528 2334 cophinos
541 2300 701 2334 sumpsistis?
716 2305 739 2329 et
751 2306 844 2335 septem
865 2310 942 2339 partes
959 2302 986 2332 in

192 2347 302 2378 «altor
312 2344 404 2377 millia,
421 2349 445 2371 et
464 2350 523 2379 quot
533 2351 631 2380 lporlas
643 2347 802 2382 sumpsistisl’
816 2347 878 2376 Ideo
889 2356 985 2377 nume-

193 2394 253 2417 rum
275 2388 354 2417 affert
374 2394 427 2417 tam
450 2399 542 2419 eortun
564 2393 609 2428 qui
624 2393 804 2427 comederant,
827 2402 905 2430 quam
920 2396 985 2424 reli-

192 2434 333 2470 qttiarum;
346 2439 376 2462 ut
390 2436 442 2463 illis
456 2432 535 2465 simul
550 2438 575 2465 in
591 2439 746 2466 memoriam
759 2445 899 2469 revocaret
916 2449 985 2476 prue-

193 2479 282 2513 terita,
295 2484 322 2508 et
341 2480 374 2508 ad
393 2480 480 2509 futura
502 2482 573 2517 ipsos
591 2485 746 2511 attentiores
761 2485 894 2515 redderet.
911 2487 944 2514 Et
958 2492 986 2516 ut

192 2522 292 2558 discas,
302 2529 429 2560 quantum
439 2527 524 2561 potuit
534 2528 689 2562 increpatio,
698 2534 779 2564 utque
789 2531 984 2559 somnolentam

193 2568 312 2603 ipsorum
326 2575 443 2602 mentem
456 2574 580 2606 erexerit,
592 2574 652 2602 audi
662 2574 724 2609 quid
735 2575 805 2603 dicat
812 2578 985 2612 evangelista.

172 2625 175 2627 '
191 2613 260 2646 Nam
272 2621 332 2646 eum
344 2614 422 2647 Jesus
434 2616 498 2647 nihil
510 2618 623 2654 amplius
632 2619 753 2653 dixisset,
764 2620 810 2648 sed
822 2621 985 2657 increpassct

193 2658 253 2689 hac
274 2663 377 2692 ιιηιιιω
401 2660 535 2696 addendo,
557 2664 601 2691 il.
618 2664 751 2696 Quomodo
770 2674 821 2693 non
835 2667 984 2702 intelligitis,

192 2712 235 2735 me
254 2713 306 2737 non
331 2714 348 2737 α
372 2715 437 2742 pone
461 2716 548 2737 cauere
568 2709 662 2737 dixisse
685 2711 763 2742 vobis,
777 2712 822 2739 sed
833 2720 851 2739 o
864 2714 985 2748 fermento

194 2748 384 2782 Phor-iuverunt
404 2758 430 2784 et
450 2753 670 2785 Sadductzorum?
692 2757 783 2784 subdit
799 2759 983 2793 evangelista:

195 2794 242 2823 η.
258 2794 328 2826 Time
337 2796 525 2831 intellexerunt.
537 2800 597 2834 quia
610 2808 660 2829 non
673 2801 772 2829 dixerat
784 2804 919 2831 cavendum
933 2813 986 2833 esse

193 2841 345 2876 pfermcnto
357 2844 441 2879 panis,
455 2844 500 2877 sed
517 2853 534 2873 o
545 2845 660 2875 doctrina
673 2847 864 2878 leristcorum
873 2856 896 2880 et
914 2852 982 2880 Sad-

707 148 740 178 IN
758 144 962 177 MATTHEUM
980 143 1095 177 1101111..
1115 145 1182 177 LIII.
1200 148 1235 178 al.
1256 145 1323 178 LIV.

1775 153 1829 183 5:0

1043 206 1203 240 dumorum,-
1215 207 1319 238 connisi
1331 204 1377 237 ille
1389 205 1446 237 luce
1460 213 1512 237 nun
1527 207 1619 239 luisset
1629 206 1828 245 interpretatus.

1041 251 1107 280 Vide
1119 257 1216 287 quanta
1231 253 1298 282 bona
1310 253 1429 283 attulerit
1443 253 1598 288 increpatio.
1608 253 1676 285 Nam
1685 263 1700 282 a
1711 255 1829 284 Judaicis

1039 296 1268 327 observationibus
1283 298 1343 328 illos
1357 298 1476 332 abduxit,
1498 303 1527 326 et
1545 299 1672 327 socordes
1685 306 1774 333 antea,
1789 300 1828 328 fe-

1039 342 1253 376 eitaltantiores,
1276 347 1356 378 atque
1376 350 1391 374 a
1411 343 1471 374 lidoi
1488 343 1670 373 imbecillitate
1684 346 1826 378 reVocavit,

1038 386 1076 415 ita
1089 391 1118 415 ut
1127 394 1181 416 non
1196 388 1316 422 timeant,
1327 396 1413 424 neque
1427 389 1579 423 lormident.
1600 391 1623 419 si
1642 391 1748 425 quando
1761 400 1828 426 pau.

1039 440 1085 461 eos
1099 439 1181 468 panes
1200 434 1325 469 habeant,
1347 442 1433 470 neque
1446 435 1481 463 de
1502 435 1572 463 tame
1593 437 1709 464 cavenda
1721 437 1827 468 solliciti

1039 479 1102 511 sint,
1117 479 1163 506 sed
1179 479 1235 506 hmc
1248 481 1336 507 omnia
1348 485 1528 507 contemnant.
1545 481 1582 508 Ne
1594 482 1681 517 itaque
1697 490 1745 510 nos
1758 490 1828 510 scm-

1040 531 1086 557 per
1098 524 1226 551 assentari
1249 524 1360 552 suhditis
1372 526 1495 559 velimus,
1512 534 1560 553 nec
1573 531 1697 560 optemus
1711 532 1739 555 ut
1751 528 1768 554 ii
1781 528 1827 563 qui

1040 569 1116 596 nobis
1135 574 1253 604 praesunt
1273 570 1349 598 nobis
1372 571 1540 598 atlulentur‘.
1554 571 1618 598 Nam
1634 577 1746 607 utroque
1761 580 1828 607 opus

1040 614 1119 642 habet
1142 623 1216 645 mens
1233 616 1349 644 humana
1372 616 1498 644 remedio.
1523 617 1584 644 Ideo
1608 618 1677 645 Deus
1691 625 1733 645 res
1750 619 1828 654 hujus

1039 660 1130 690 mundi
1150 661 1188 687 sic
1209 661 1389 693 administrat,
1404 669 1433 688 ac
1446 661 1524 688 modo
1542 661 1602 694 hoc,
1619 662 1698 690 modo
1712 663 1774 690 illud
1789 662 1829 690 fa-

1038 707 1084 739 cit,
1108 714 1193 741 neque
1217 707 1285 734 bona
1313 708 1457 739 manentia,
1487 715 1572 742 neque
1598 708 1665 734 mala
1681 708 1743 735 sinit
1757 716 1827 736 esse.

1038 751 1266 785 Quemadmodum
1279 752 1349 780 enim
1361 752 1439 779 modo
1450 752 1518 785 dies,
1529 752 1607 780 modo
1619 760 1670 779 nox
1684 758 1735 785 est,
1748 752 1828 779 modo

1039 802 1128 831 aestas,
1150 798 1231 825 modo
1254 798 1410 826 hiems:sic
1435 803 1462 825 et
1486 798 1512 825 in
1528 798 1604 826 nobis
1620 798 1699 825 modo
1711 798 1827 829 ιτίειὶιίιι,

1039 843 1119 870 modo
1141 843 1282 878 voluptas;
1312 843 1391 870 tnodo
1416 844 1534 876 morbus,
1561 843 1641 871 modo
1667 843 1776 870 sanitas.
1790 843 1829 870 Ne

1038 896 1101 923 ergo
1124 889 1251 916 miremur
1266 889 1288 915 si
1301 893 1468 925 a‘grotemus,
1484 888 1589 923 quando
1597 889 1676 916 etiam
1688 896 1747 916 cum
1761 888 1828 915 bene

1039 936 1158 963 valemus
1171 934 1321 962 mirandum
1334 936 1403 962 est‘.
1415 934 1505 969 Neque
1520 935 1656 962 turbemur
1666 942 1725 961 cum
1736 934 1828 961 dolore

1039 980 1171 1015 angimur,
1197 987 1256 1006 nam
1281 979 1387 1014 quando
1408 979 1564 1014 gaudemus,
1587 979 1703 1006 maxime
1727 979 1827 1006 turbari

1040 1034 1086 1060 par
1099 1030 1148 1053 est.
1162 1026 1255 1052 Omnia
1278 1025 1375 1060 quippe
1396 1024 1543 1051 secundum
1562 1028 1684 1051 naturam
1697 1029 1723 1051 ct
1738 1032 1827 1051 rerum

1038 1071 1134 1098 seriem
1147 1070 1283 1097 eveniunt.

1074 1118 1100 1145 4.
1125 1117 1185 1145 lltec
1198 1118 1248 1143 vita
1268 1116 1337 1143 battis
1350 1120 1373 1143 et
1386 1115 1458 1141 malis
1471 1114 1605 1149 permixta.
1614 1128 1650 1135 -ι
1661 1113 1759 1149 Ecquid
1774 1115 1809 1141 mi
1819 1128 1826 1133 -

1040 1163 1107 1191 raris
1122 1163 1144 1190 si
1169 1162 1226 1189 haec
1248 1161 1293 1188 tibi
1315 1160 1478 1195 contingant,
1503 1159 1610 1194 quando
1634 1160 1713 1187 etiam
1730 1161 1828 1188 sanctis

1039 1210 1182 1244 clintigisse
1195 1208 1332 1235 vidi-mus?
1346 1207 1379 1235 Ut
1393 1211 1479 1234 autem
1494 1206 1556 1233 illud
1567 1206 1680 1237 ediscas,
1694 1213 1741 1240 age
1750 1213 1828 1240 quant

1040 1256 1119 1282 vitam
1134 1259 1211 1290 putas
1225 1254 1358 1287 voluptate
1373 1253 1476 1287 plenam
1488 1257 1514 1278 et
1526 1260 1540 1278 a
1555 1251 1667 1286 negotiis
1679 1255 1828 1283 vacantem,

1040 1301 1066 1328 in
1079 1300 1192 1328 medium
1205 1299 1376 1326 adducamus.
1392 1297 1473 1325 Visne
1484 1296 1598 1324 Ahraha:
1612 1297 1692 1323 vitam
1707 1303 1721 1323 a
1733 1295 1829 1331 princi-

1040 1348 1084 1382 pio
1104 1345 1304 1374 examinemus?
1326 1344 1394 1378 Quid
1417 1351 1481 1378 ergo
1506 1343 1551 1371 ille
1576 1342 1688 1378 primum
1713 1342 1829 1369 audivit?

1040 1393 1167 1428 Egredere
1181 1392 1212 1418 de
1228 1397 1292 1418 terra
1306 1395 1349 1418 tua
1359 1395 1382 1417 et
1397 1390 1428 1418 de
1440 1390 1587 1424 cognatione
1596 1394 1638 1416 tua
1651 1388 1726 1424 (Gen.
1736 1389 1778 1416 12.
1791 1389 1829 1424 Ι).

1039 1439 1161 1467 Vidistin‘
1175 1437 1328 1465 mandatum
1351 1436 1442 1463 dolore
1464 1435 1588 1470 plenum?
1613 1434 1666 1462 Sed
1688 1434 1749 1461 vide
1773 1442 1829 1462 rem

1041 1492 1195 1521 prosperam
1218 1483 1378 1511 succedere:
1393 1481 1425 1509 Et
1448 1482 1503 1508 veni
1520 1481 1547 1508 in
1561 1486 1652 1508 terram
1667 1489 1742 1515 quam
1757 1488 1830 1507 mon-

1039 1536 1150 1558 stravero
1165 1529 1219 1562 tibi,
1233 1534 1256 1556 et
1270 1529 1364 1564 faciam
1379 1528 1439 1555 tein
1451 1532 1549 1562 gentem
1561 1534 1689 1562 magnam.
1697 1525 1765 1560 Quid
1781 1526 1829 1560 igi-

1040 1577 1099 1604 tur?
1113 1584 1146 1603 an
1160 1575 1203 1602 tibi
1223 1575 1249 1602 in
1275 1579 1372 1602 terram
1395 1573 1476 1606 venit,
1499 1577 1526 1600 et
1547 1572 1580 1600 ad
1598 1577 1703 1607 portum
1718 1572 1829 1607 appulit,

1040 1622 1124 1651 tristia
1138 1620 1296 1650 cessarunt?
1309 1620 1495 1654 Nequaquam;
1508 1619 1561 1646 imo
1571 1619 1621 1646 alia
1630 1617 1763 1653 prioribus
1771 1625 1829 1652 gra‘

1039 1668 1113 1695 viora
1127 1667 1199 1694 illum
1211 1670 1389 1701 exceperunt;
1406 1665 1490 1692 fames
1502 1668 1529 1691 et
1542 1663 1749 1698 transmigratio,
1765 1670 1830 1689 uxo-

1039 1715 1077 1742 ris
1090 1720 1180 1749 raptus
1191 1721 1198 1741 :
1211 1718 1238 1741 et
1250 1717 1339 1748 postea
1352 1713 1419 1739 bona
1435 1712 1484 1738 alia
1501 1714 1697 1741 successerunt,
1715 1709 1830 1736 Pharao-

1041 1761 1081 1787 nis
1094 1760 1179 1795 plaga,
1198 1758 1329 1791 dimtssio,
1347 1757 1442 1789 honor,
1467 1756 1551 1784 multa
1572 1755 1616 1782 illa
1631 1754 1712 1786 dona,
1730 1754 1831 1782 reditus

1039 1807 1157 1834 domum.
1183 1805 1247 1839 Qua:
1269 1808 1414 1839 sequuntur
1434 1809 1525 1830 autem
1545 1801 1638 1829 eadem
1654 1801 1723 1828 serie
1738 1807 1831 1835 pret-c-

1039 1852 1116 1884 dunt,
1129 1850 1205 1879 bonis
1219 1855 1246 1878 et
1267 1849 1343 1876 malis
1366 1848 1506 1884 permixta.
1526 1846 1661 1882 Apostolis
1675 1853 1780 1880 quoque
1794 1847 1831 1872 si-

1040 1897 1112 1924 milia
1125 1899 1282 1923 evenernnt.
1298 1894 1359 1921 Ideo
1373 1893 1469 1922 Paulus
1482 1891 1604 1919 dicebat:
1621 1890 1671 1924 Qui
1687 1891 1831 1917 consolatur

1039 1949 1085 1969 nos
1099 1941 1126 1968 in
1144 1940 1212 1967 omni
1233 1938 1402 1970 tribulatione,
1423 1942 1450 1964 ut
1466 1936 1589 1972 possimus
1609 1941 1632 1962 et
1646 1943 1691 1962 nos
1706 1935 1831 1962 consolari

1039 1994 1090 2019 eos,
1107 1986 1186 2020 quiin
1201 1985 1267 2011 omni
1282 1983 1444 2010 tribulatione
1458 1987 1515 2010 sunt
1538 1981 1576 2017 (Ξ.
1592 1981 1651 2008 Cor.
1665 1981 1690 2008 l.
1706 1980 1745 2016 4).
1762 1980 1831 2014 Quid

1040 2032 1098 2060 htcc
1109 2030 1141 2058 ad
1156 2030 1335 2064 me,inquies,
1351 2029 1394 2063 qui
1407 2035 1512 2062 semper
1528 2028 1553 2054 in
1568 2027 1662 2054 dolore
1673 2027 1783 2053 versor?
1793 2025 1831 2053 No

1040 2078 1169 2113 ingratus,
1182 2083 1215 2103 ue
1228 2075 1417 2103 beneliciorum
1430 2074 1570 2100 immemor
1579 2076 1637 2100 esto
1648 2080 1655 2099 :
1666 2079 1751 2108 neque
1759 2071 1830 2113 enim

1039 2123 1096 2155 lieri
1110 2126 1199 2158 potest
1212 2126 1241 2149 ut
1253 2120 1314 2157 quis
1328 2127 1434 2155 semper
1447 2119 1473 2146 in
1485 2118 1577 2146 dolore
1586 2122 1725 2145 versetur:
1740 2124 1791 2143 non
1804 2116 1829 2143 id

1039 2173 1133 2197 natura
1145 2168 1214 2195 ferre
1225 2171 1330 2202 posset;
1342 2165 1388 2193 sed
1399 2165 1460 2199 quia
1471 2171 1577 2197 semper
1586 2162 1612 2189 in
1623 2161 1719 2197 gaudio
1729 2161 1829 2188 versari

1038 2214 1177 2246 vellemus,
1191 2212 1252 2240 ideo
1264 2218 1313 2239 nos
1336 2217 1441 2245 semper
1456 2209 1481 2236 in
1495 2215 1611 2236 maerore
1623 2214 1683 2234 esse
1696 2210 1828 2242 putamus.

1038 2260 1130 2294 Neque
1143 2259 1193 2285 hac
1203 2258 1238 2285 de
1252 2264 1332 2285 causa
1347 2261 1458 2287 tantum,
1482 2254 1529 2282 sed
1543 2253 1605 2289 quia
1619 2253 1749 2280 bonarum
1771 2259 1830 2287 pro-

1038 2312 1229 2342 sperarumque
1238 2311 1327 2332 rerutn
1336 2302 1425 2330 statim
1439 2300 1630 2332 obliviscimur,
1640 2299 1754 2326 tristiunt
1765 2304 1829 2324 vero

1039 2359 1145 2386 semper
1158 2349 1338 2380 recordamur,
1348 2347 1446 2375 idcirco
1456 2353 1506 2373 nos
1518 2352 1623 2379 semper
1631 2344 1657 2373 in
1670 2343 1830 2371 dolore'esse

1039 2397 1162 2425 dicimus.
1176 2395 1266 2431 Neque
1281 2395 1351 2425 enim
1367 2396 1454 2428 potest
1469 2391 1548 2418 homo
1567 2397 1674 2424 semper
1687 2389 1713 2415 in
1728 2386 1832 2415 dolori—

1039 2444 1089 2471 bus
1101 2451 1171 2471 csse.
1187 2442 1214 2469 Si
1232 2442 1317 2476 placet
1329 2444 1427 2470 autem.
1440 2445 1500 2465 eum
1513 2436 1557 2471 qui
1571 2436 1596 2463 in
1610 2435 1713 2462 deliciis
1723 2441 1829 2467 semper

1039 2491 1120 2520 vitam
1133 2488 1188 2524 agit
1201 2487 1381 2522 exploremus,
1396 2483 1539 2511 delicatum
1552 2488 1659 2514 nempe,
1676 2480 1828 2506 afﬂuentem

1038 2535 1172 2566 omnibus,
1192 2539 1294 2560 necnon
1309 2536 1498 2560 a-rumnosum,
1518 2527 1656 2558 afﬂictum,
1672 2527 1699 2552 in
1714 2531 1830 2551 moerere

1040 2584 1203 2610 versantem.
1214 2578 1281 2606 Nam
1292 2574 1534 2604 demonstrabimus
1544 2573 1629 2606 vobis,
1637 2578 1687 2601 nec
1699 2570 1772 2602 illum
1782 2569 1831 2596 do-

1040 2629 1115 2660 loris,
1130 2634 1180 2654 nec
1193 2626 1264 2652 hunc
1274 2622 1471 2658 tranquillitatis
1486 2627 1594 2656 prorsus
1607 2622 1743 2652 expertem
1758 2623 1827 2646 εμπ.

1040 2674 1139 2702 Verum
1148 2679 1181 2699 ne
1189 2669 1341 2699 turbemini.
1358 2669 1528 2703 Supponatur
1541 2666 1567 2693 in
1583 2664 1671 2693 medio
1683 2662 1829 2690 consistere

1031 2770 1039 2780 ⁴
1072 2766 1080 2782 ι
1098 2764 1161 2789 Editj
1173 2769 1200 2788 ul
1211 2764 1236 2788 in
1249 2766 1319 2787 textu
1332 2762 1430 2786 habent.
1444 2764 1508 2790 “55.,
1520 2764 1564 2785 nec
1583 2760 1691 2788 optemus
1702 2758 1727 2779 ut
1739 2754 1829 2779 subditi

1040 2795 1105 2820 nobis
1117 2795 1253 2820 ndulmtur.
1724 2817 1730 2822 .
1776 2817 1790 2822 ,.

1072 2817 1272 2854 ἶᾸΙίἰξῆᾖῆἑνῃο
1294 2823 1434 2854 dolendum,
1453 2828 1474 2846 ει
1485 2823 1637 2852 (εςνοιεηιιιε,
1649 2817 1745 2850 quando
1758 2817 1830 2843 etiam

1037 2864 1093 2884 cum
1105 2850 1163 2882 bene
1176 2850 1290 2886 paternus,
1302 2853 1433 2879 dolendum
1443 2856 1486 2878 est.
