4102 6458
445 351 550 407 ’531

451 477 664 520 servum
693 463 990 528 hominem,
1015 467 1071 514 et
1087 456 1248 512 alium
1281 469 1463 526 regem
1488 453 1743 523 juvenem
1768 465 1832 506 ac
1855 447 2032 520 pupil-

445 558 578 623 lum,
605 558 696 628 qui
717 554 1068 611 hereditatem
1082 551 1154 607 sit
1173 551 1441 620 ingentem
1459 552 1777 615 assequutus
1800 559 1814 598 :
1839 555 2034 612 propo-

446 659 603 704 natur
619 650 780 704 etiam
801 643 1162 703 mercenarius
1185 641 1275 711 qui
1300 647 1413 696 toto
1437 638 1526 694 die
1552 637 1775 700 laboret,
1793 634 2034 702 aliusque

447 740 539 809 qui
566 747 828 809 perpetuo
853 737 906 791 in
930 734 1136 791 deliciis
1161 733 1328 787 vivat.
1357 729 1450 786 Vis
1478 727 1620 784 illius
1643 726 1873 796 primum
1893 736 2032 778 mm-

444 846 598 889 rores
622 829 991 886 describamus
1015 826 1104 897 qui
1127 825 1182 880 in
1207 822 1412 880 deliciis
1446 818 1614 876 vivit?
1647 817 1833 889 Cogita
1857 829 2032 886 quan-

444 932 556 978 tum
584 929 832 992 oporteat
855 919 1002 974 illum
1033 918 1292 974 ﬁuctuare
1311 924 1369 971 et
1384 911 1595 984 agitari,
1617 925 1741 966 cum
1770 907 2029 978 majorem

439 1014 646 1084 appetit
671 1013 916 1083 gloriam,
947 1026 1105 1082 quam
1127 1008 1336 1080 assequi
1356 1007 1553 1078 possit;
1581 1017 1704 1060 cum
1725 1017 1752 1056 a
1777 999 2035 1056 domesti-

440 1105 519 1159 cis
548 1103 861 1174 despicitur,
888 1116 920 1156 a
945 1100 1242 1156 minoribus
1268 1096 1594 1154 contumelia
1623 1093 1882 1157 afﬁcitur;
1906 1106 2029 1146 cum

439 1193 590 1249 mille
617 1193 779 1248 habet
803 1201 1164 1257 accusatores,
1197 1189 1286 1260 qui
1317 1188 1434 1258 ejus
1466 1192 1712 1254 sumptus
1740 1185 2030 1238 immensos

439 1285 864 1350 calumnientur;
887 1292 943 1340 et
966 1285 1067 1338 alia
1091 1289 1352 1353 quotquot
1390 1281 1445 1335 in
1485 1277 1647 1334 tantis
1671 1276 1871 1332 divitiis
1892 1289 2029 1330 cono

441 1378 649 1449 tingere
675 1379 869 1443 solent,
899 1392 1018 1447 quae
1044 1391 1112 1430 ne
1139 1375 1246 1430 dici
1289 1373 1504 1444 quidem
1528 1377 1780 1444 possunt;
1821 1375 1880 1422 ut
1903 1375 2028 1422 sunt

435 1471 750 1532 inimicitiae.
795 1469 1138 1534 offensiones,
1169 1466 1557 1531 accusationes,
1600 1463 1815 1528 damna,
1844 1459 2028 1515 multa:

435 1546 649 1616 insidiae
677 1561 998 1627 invidorum,
1029 1560 1116 1630 qui
1147 1573 1270 1615 cum
1293 1575 1396 1613 non
1417 1557 1624 1628 possint
1649 1555 1861 1611 divitias
1884 1553 2026 1608 illius

439 1654 492 1708 in
523 1668 582 1708 se
609 1654 919 1718 transferre,
959 1653 1213 1723 juvenem
1257 1651 1490 1721 undique
1529 1648 1832 1712 traducunt,
1886 1646 2027 1700 lace.

436 1756 577 1814 rant,
608 1746 918 1802 innumeras
962 1746 1063 1816 ipsi
1110 1753 1456 1815 tempestates
1493 1743 1747 1799 excitant.
1794 1740 1885 1796 Vis
1929 1737 2024 1792 tibi

437 1838 755 1893 mercenarii
783 1837 923 1892 illius
946 1837 1245 1907 voluptates
1266 1833 1609 1890 recenseam?
1636 1833 1718 1888 Ab
1743 1832 1828 1887 his
1848 1830 2024 1887 omni-

436 1927 535 1982 bus
565 1928 700 1983 liber
727 1936 840 1983 est:
863 1928 1072 1982 etiamsi
1112 1928 1233 1997 quis
1271 1925 1418 1980 illum
1448 1924 1770 1980 contumelia
1802 1925 2018 1993 alliciat,

437 2031 543 2071 non
566 2017 734 2085 dolet,
766 2018 980 2074 nomine
1009 2032 1068 2072 se
1093 2017 1352 2085 majorem
1394 2023 1563 2084 putat,
1594 2030 1700 2069 non
1732 2031 1796 2070 ex
1824 2016 2022 2072 divitiis

435 2106 608 2172 timet,
628 2123 748 2161 cum
767 2107 1036 2178 voluptate
1059 2107 1236 2161 cibum
1259 2105 1419 2174 capit,
1443 2121 1562 2160 cum
1586 2105 1781 2176 gaudio
1799 2105 2018 2163 dormit.

431 2195 546 2251 Non
576 2197 645 2251 ita
675 2197 922 2252 iretantur
940 2197 996 2262 ii,
1015 2197 1104 2267 qui
1128 2195 1385 2250 Thasium
1415 2195 1595 2249 vinum
1625 2205 1828 2264 potant,
1856 2196 2020 2252 utille

384 2303 388 2307 ·
428 2301 550 2340 cum
577 2287 689 2342 abit
725 2288 791 2341 ad
823 2287 995 2342 fontes
1019 2295 1074 2341 et
1096 2285 1166 2341 ad
1203 2300 1461 2355 aquarum
1507 2285 1705 2340 fluenta
1737 2286 2017 2344 bibiturus.

427 2379 533 2436 Sed
563 2381 852 2450 supradicti
885 2381 1027 2435 illius
1073 2394 1181 2434 non
1214 2380 1333 2434 talis
1372 2388 1455 2434 est
1491 2378 1751 2435 conditio.
1793 2379 1946 2448 Quod
1973 2381 2017 2436 si

426 2470 542 2525 haec
566 2486 675 2526 non
707 2470 802 2526 tibi
827 2471 956 2526 satis
983 2471 1112 2537 sint,
1136 2479 1204 2525 .ut
1239 2469 1496 2540 majorem
1530 2470 1807 2524 victoriam
1832 2486 2021 2541 repor-

425 2571 556 2630 tem,
595 2577 714 2633 age,
757 2577 934 2634 regem
967 2563 1116 2618 illum
1161 2577 1283 2617 cum
1329 2577 1486 2618 servo
1524 2577 1922 2633 comparemus;
1964 2574 2019 2621 et

422 2669 571 2725 saepe
598 2653 808 2710 videbis
856 2654 997 2708 hunc
1028 2655 1078 2708 in
1109 2655 1380 2724 voluptate
1424 2655 1718 2723 ludentem,
1749 2657 2008 2712 exsilien-

426 2754 557 2814 tem,
586 2745 733 2800 illum
762 2761 892 2800 vero
915 2745 1219 2800 diademate
1240 2755 1295 2800 et
1321 2760 1554 2815 purpura
1584 2753 1854 2814 ornatum,
1881 2761 2017 2802 mm-

423 2848 653 2905 rentem,
685 2838 832 2893 mille
859 2838 1002 2894 curis
1033 2847 1301 2903 vexatum,
1336 2852 1448 2908 pra:
1487 2847 1631 2894 metu
1671 2839 2012 2895 merientem.

422 2928 604 2998 Neque
627 2929 768 2983 enim
789 2939 984 3000 potest,
1029 2945 1132 2984 non
1159 2938 1334 2999 potest
1372 2938 1517 2985 certe
1547 2932 1654 2985 vita
1684 2931 1800 2987 sine
1827 2931 2015 2988 dolore

421 3019 668 3087 reperiri,
719 3035 820 3075 nec
866 3021 1137 3091 voluptate
1181 3036 1401 3091 prorsus
1439 3036 1640 3077 vacua:
1669 3037 1840 3093 neque
1868 3026 2010 3079 enim

421 3118 608 3165 natura
635 3121 817 3166 nostra
846 3113 986 3167 ferre
1013 3125 1213 3182 posset,
1243 3123 1300 3169 ut
1327 3115 1455 3170 dixi.
1483 3115 1635 3183 Quod
1663 3117 1706 3172 si
1735 3118 1824 3172 ille
1843 3120 2012 3189 magis

417 3202 631 3270 gaudet,
663 3203 752 3259 ille
781 3205 898 3275 plus
915 3205 1076 3271 dolet,
1109 3207 1158 3260 id
1183 3207 1251 3260 ab
1279 3207 1369 3261 illo
1399 3209 1514 3278 ipso
1539 3209 1628 3279 qui
1655 3210 1707 3264 in
1732 3209 1915 3266 dolore
1931 3222 2012 3266 est

417 3295 789 3364 proficiscitur,
811 3299 931 3368 quia
953 3299 1124 3367 pusilli
1148 3308 1229 3353 est
1249 3299 1432 3363 animi,
1454 3315 1557 3354 non
1580 3311 1756 3357 autem
1778 3318 1807 3356 a
1830 3318 2007 3357 rerum

417 3395 624 3440 natura.
655 3386 711 3442 Si
743 3389 884 3442 enim
913 3388 1140 3443 velimus
1185 3389 1492 3460 frequenter
1529 3391 1784 3461 gaudere,
1816 3394 2009 3448 multas

417 3475 677 3532 habemus
703 3479 1034 3532 occasiones.
1079 3479 1211 3532 Nam
1254 3481 1301 3533 si
1344 3480 1596 3535 virtutem
1626 3482 2002 3551 suscipiamus,

415 3568 550 3623 nihil
592 3567 844 3637 deinceps
891 3570 1087 3640 poterit
1131 3570 1376 3627 dolorem
1419 3571 1616 3628 inferre
1656 3573 1831 3629 nobis.
1883 3575 2008 3632 ilzec

414 3659 558 3712 enim
579 3673 742 3732 spem.
758 3659 949 3714 bonam
973 3663 1210 3731 suggerit
1234 3662 1298 3716 iis
1313 3663 1401 3733 qui
1431 3664 1572 3718 illam
1603 3676 1875 3730 exercent,
1896 3667 2006 3722 Deo

414 3759 594 3820 gratos
622 3751 798 3808 reddit
824 3761 880 3808 et
921 3753 1230 3810 hominibus
1257 3766 1528 3826 acceptos,
1575 3757 2004 3828 ineffabilemque

413 3840 569 3897 nobis
600 3843 926 3914 voluptatem
953 3845 1113 3914 parit.
1145 3845 1276 3901 Nam
1300 3847 1344 3901 si
1371 3847 1633 3903 laboriosa
1668 3849 1718 3903 in
1747 3851 2004 3907 exercitio

411 3932 583 3987 virtus
609 3942 710 4001 est,
756 3934 850 3990 sed
894 3937 1273 3992 conscientiam
1305 3937 1471 3994 multa
1517 3939 1685 4009 replet
1715 3941 1920 4010 lzetitia,
1949 3952 2005 3999 et

411 4033 612 4079 tantam
639 4026 779 4081 intus
805 4029 1043 4083 immittit
1065 4031 1412 4100 voluptatem,
1453 4043 1705 4102 quantam
1733 4049 1801 4090 ne
1829 4036 2000 4107 expli-

407 4129 532 4172 care
555 4117 770 4186 quidem
801 4133 1103 4188 possumus.
1141 4121 1278 4189 Quid
1316 4124 1460 4178 enim
1485 4123 1694 4180 videtur
1721 4125 1814 4180 tibi
1838 4141 2003 4184 suave

412 4207 465 4263 in
490 4211 770 4279 psmsentis
791 4210 918 4266 vitae
937 4212 1130 4268 rebus?
1155 4225 1466 4282 sumptuosa
1487 4231 1692 4281 mensa,
1724 4218 1860 4273 bona
1881 4234 2004 4275 cor-

411 4303 559 4372 poris
584 4305 854 4370 vaietudo,
886 4305 1074 4377 gloria,
1117 4307 1352 4364 divitizn?
1393 4298 1592 4364 Verum
1637 4310 1684 4364 si
1733 4310 1847 4367 haec
1879 4328 2002 4382 qua)

406 4391 583 4450 dulcia
630 4393 895 4451 habentur
939 4411 1063 4451 cum
1098 4398 1292 4453 virtute
1321 4399 1734 4467 comparaveris,
1761 4401 2000 4457 omnium

405 4475 754 4542 acerbissima
785 4487 1126 4544 videbuntur.
1171 4487 1313 4544 Nihil
1342 4491 1543 4562 quippe
1571 4492 1807 4560 suavius,
1836 4509 1997 4566 quam

403 4576 750 4643 conscientia,
785 4586 838 4633 et
861 4593 986 4650 spes
1013 4579 1176 4636 bona.

472 4669 526 4725 5.
572 4668 628 4724 Si
657 4669 711 4735 id
737 4670 943 4726 discere
969 4672 1152 4738 vultis,
1181 4673 1288 4742 jam
1338 4674 1656 4732 moriturum
1699 4677 1993 4749 hominem,

401 4771 494 4816 aut
517 4776 699 4819 senem
726 4763 998 4830 adeamus,
1017 4774 1071 4820 et
1090 4765 1189 4836 ipsi
1216 4766 1269 4820 in
1295 4775 1527 4823 mentem
1548 4780 1856 4827 revocantes
1883 4773 1997 4828 lau-

399 4863 511 4908 tam
541 4868 782 4910 mensam
806 4870 910 4924 qua
933 4870 1060 4911 usus
1083 4865 1187 4926 est,
1206 4858 1427 4928 gloriam
1452 4869 1508 4914 et
1534 4859 1882 4931 benorem,et
1897 4865 1994 4922 bo-

1193 343 1252 397 S.
1291 335 1568 395 JOANNIS
1599 331 2075 392 CHRYSOSTOMI
2111 333 2430 394 ARCIIIEP.
2471 339 3007 398 CONSTANTINOP.

3631 345 3738 402 55⁸2

2145 465 2211 504 na
2237 465 2399 521 opera
2427 469 2546 522 quae
2572 454 2701 510 fecit
2739 456 2793 511 in
2843 457 2980 521 vita;
3035 458 3424 527 interrogemus
3452 460 3520 515 de
3541 462 3739 532 quibus

2141 543 2310 611 magis
2335 543 2584 612 gaudeat,
2611 555 2666 601 et
2691 547 2989 603 videbimus
3016 548 3163 604 illum
3188 549 3256 604 de
3285 551 3389 606 illis
3414 553 3740 611 erubescere

2138 639 2195 684 et
2223 632 2425 700 pudore
2452 634 2615 700 afﬁci,
2647 635 2717 692 de
2746 635 2830 692 bis
2856 652 2985 694 vero
3012 639 3304 696 exsultare.
3356 641 3447 697 Sic
3472 642 3736 700 Ezechias

2137 734 2257 775 cum
2282 723 2334 776 in
2360 723 2604 792 morbum
2627 725 2809 796 lapsus
2829 737 2930 794 est,
2957 744 3064 783 non
3084 729 3331 799 gloriam,
3355 747 3461 787 nou
3485 721 3773 804 regnum}

2139 827 2244 869 non
2273 814 2472 872 lautam
2518 832 2762 874 mensam
2801 823 3264 889 commemoravit,
3315 824 3410 880 sed
3443 824 3728 896 justitiam.
3815 843 3826 875 ’-

2139 901 2414 970 Memento,
2451 907 2641 978 inquit,
2673 907 2910 977 Domine,
2953 913 3088 981 quod
3114 913 3475 968 ambulaverint
3516 917 3572 972 in
3605 934 3734 973 con-

2134 1004 2308 1064 spectu
2333 997 2494 1050 tuoin
2519 999 2620 1052 vita
2638 1009 2774 1054 recta
2798 1000 2877 1072 (4.
2908 1002 3035 1072 Reg.
3055 1003 3146 1058 20.
3170 1005 3226 1059 ὅ.
3269 1004 3398 1060 leui.
3429 1008 3518 1062 38.
3540 1007 3620 1078 ὃ).
3647 1010 3731 1064 Vi-

2136 1083 2203 1138 de
2229 1085 2390 1142 etiam
2435 1087 2658 1144 Paulum
2705 1089 2774 1145 de
2815 1090 2901 1145 his
2945 1093 3299 1149 exsultantem
3325 1110 3390 1150 ac
3417 1097 3687 1154 dicentem
3716 1119 3731 1154 :

2133 1173 2332 1230 Bonum
2369 1189 2623 1236 certamen
2669 1184 2874 1250 certavi,
2915 1201 3118 1240 cursum
3159 1192 3522 1258 consummavi,
3573 1193 3729 1261 [idem

2133 1269 2325 1322 servavi
2371 1269 2448 1341 (2.
2493 1270 2626 1329 Tim.
2673 1274 2729 1328 4.
2776 1275 2852 1346 7).
2885 1275 2990 1330 Sed
3029 1277 3156 1345 quid
3184 1278 3327 1334 aliud
3357 1281 3608 1352 amplius,
3640 1284 3724 1338 in-

2134 1359 2308 1426 quies,
2340 1369 2548 1430 poterat
2575 1363 2662 1418 hic
2689 1364 2906 1421 dicere?
2946 1367 3040 1423 llis
3068 1369 3224 1439 longe
3255 1371 3436 1440 plura;
3468 1373 3723 1444 honores,

2133 1449 2439 1505 satellitium
2464 1468 2571 1522 quo
2603 1455 2897 1522 fruebatur,
2925 1459 3235 1514 famulatum
3281 1477 3554 1533 magnum.
3607 1467 3725 1521 An-

2132 1553 2240 1593 non
2265 1539 2418 1596 audis
2438 1541 2586 1597 illum
2612 1544 2915 1601 dicentem:
2942 1546 3088 1601 Sicut
3107 1551 3342 1620 angelum
3374 1551 3580 1610 Domini
3605 1573 3724 1610 sus-

2130 1632 2333 1702 cepistis
2355 1649 2454 1698 me,
2476 1635 2605 1689 sicut
2629 1636 2880 1690 Christum
2903 1637 3078 1693 Iesum
3095 1657 3116 1706 ;
3136 1651 3211 1707 et,
3238 1641 3301 1696 Si
3324 1646 3562 1714 possibile
3590 1648 3723 1718 [uis-

2131 1737 2223 1794 set,
2254 1729 2459 1782 auulsas
2489 1729 2659 1782 oculos
2686 1730 2948 1784 dedissetis
2988 1732 3114 1785 mihi
3153 1733 3294 1803 (Gal.
3324 1737 3377 1790 4.
3409 1738 3496 1791 14.
3525 1739 3638 1809 15),
3667 1749 3724 1795 et

2129 1819 2272 1890 quod
2301 1835 2398 1889 pro
2423 1821 2604 1877 anima.
2631 1821 2747 1892 ejus
2771 1824 2968 1878 collum
2997 1829 3378 1896 supposuerint
3407 1829 3596 1902 (Rom.
3629 1835 3720 1888 lli.

2128 1911 2347 1982 4)?Sed
2378 1911 2508 1966 nihil
2535 1911 2726 1968 horum
2754 1915 2806 1968 in
2837 1915 3069 1970 medium
3097 1917 3270 1983 affert.
3301 1933 3486 1976 verum
3510 1922 3722 1981 labores

2135 2013 2374 2070 tantum,
2417 2005 2652 2074 pericula
2677 2046 2694 2073 ,
2737 2017 2791 2061 et
2835 2021 3063 2062 coronas
3110 2009 3234 2066 inde
3280 2021 3580 2082 reportatas
3609 2031 3626 2068 :
3656 2031 3720 2071 ac

2122 2097 2246 2166 jure
2270 2095 2509 2167 quidem.
2543 2096 2670 2152 Haec
2688 2098 2832 2154 enim
2862 2099 2949 2156 hic
2974 2100 3366 2171 relinquuntur,
3397 2115 3591 2161 caetera
3619 2124 3718 2162 no-

2125 2187 2332 2244 biscum
2349 2188 2786 2258 proﬁciscuntur;
2819 2191 3031 2246 illorum
3048 2207 3178 2247 vero
3195 2194 3430 2250 rationes
3448 2195 3716 2262 dabimus,

2125 2280 2319 2338 borum
2347 2283 2652 2339 mercedem
2682 2293 3016 2356 expetemus.
3049 2287 3130 2340 An
3164 2287 3419 2358 ignoratis
3444 2292 3716 2361 quomodo

2125 2373 2178 2428 in
2204 2373 2396 2428 ultimo
2420 2373 2509 2430 die
2531 2383 2746 2444 peccata
2767 2375 2998 2430 animam
3015 2381 3422 2434 commoreant?
3443 2381 3716 2452 quomodo

2123 2479 2218 2520 cor
2239 2466 2542 2536 exagitent?
2565 2465 2716 2521 Tunc
2735 2479 2864 2537 ergo
2889 2467 3150 2522 bonorum
3181 2484 3402 2540 operum
3430 2473 3713 2541 memoria,

2123 2555 2274 2624 quasi
2311 2556 2364 2610 in
2399 2565 2714 2626 tempestate
2759 2559 3136 2629 tranquillitas,
3168 2562 3434 2618 turbatam
3478 2564 3712 2619 animam

2123 2645 2536 2703 consolatur.-Si
2566 2647 2846 2718 vigilemus
2890 2657 2945 2705 et
2987 2651 3151 2706 sobrii
3200 2653 3389 2721 simus,
3421 2670 3518 2726 per
3544 2664 3711 2711 totam

2119 2737 2282 2790 vitam
2309 2736 2464 2792 nobis
2488 2737 2792 2808 hujusmodi
2824 2741 2989 2796 timor
3027 2741 3232 2799 aderit:
3255 2746 3378 2815 quia
3421 2762 3552 2803 vero
3594 2748 3713 2804 sine

2121 2826 2228 2880 ullo
2255 2841 2416 2882 sensu
2443 2828 2689 2894 vivimus,
2713 2844 2833 2885 cum
2853 2830 2976 2886 hinc
3001 2832 3161 2902 ejecti
3191 2834 3470 2904 fuerimus,
3521 2837 3712 2907 procul

2118 2917 2281 2972 dubio
2309 2920 2547 2974 accedet.
2568 2921 2701 2976 Nam
2731 2922 2940 2978 vinctus
2969 2930 3079 2978 tum
3116 2925 3346 2982 maxime
3387 2926 3554 2995 dolet,
3583 2943 3707 2982 cum
3754 2955 3761 2962 -

2118 3009 2352 3067 educunt
2377 3026 2498 3066 eum
2525 3012 2593 3067 ad
2618 3013 2916 3082 judicium:
2939 3021 3067 3070 tunc
3093 3016 3325 3072 maxime
3353 3019 3555 3083 tremit,
3579 3033 3703 3074 cum

2115 3115 2285 3171 prope
2329 3103 2559 3158 tribunal
2587 3105 2730 3171 esti,
2771 3105 2984 3174 quando
3025 3106 3260 3164 rationes
3297 3109 3428 3165 dare
3470 3121 3702 3181 oportet.

2117 3195 2322 3252 Idcirco
2351 3197 2618 3253 terribiles
2647 3199 2881 3254 visiones
2907 3209 3127 3256 narrant
3153 3202 3306 3258 multi
3345 3202 3448 3260 hoc
3479 3206 3530 3260 in
3559 3215 3704 3261 statu

2113 3289 2340 3357 oblatas,
2368 3305 2592 3360 quarum
2613 3291 2849 3361 Speciem
2871 3308 2976 3348 non
3000 3293 3234 3350 ferentes
3257 3296 3292 3350 ii
3309 3297 3398 3366 qui
3416 3295 3703 3366 decedunt,

2114 3383 2309 3436 lectum
2337 3386 2507 3452 ipsum
2535 3398 2655 3438 cum
2685 3399 2877 3455 magno
2899 3387 3096 3456 impetu
3118 3390 3419 3445 succutiuut
3438 3389 3701 3460 jacentes,

2112 3482 2166 3528 et
2186 3489 2280 3529 eos
2306 3476 2393 3544 qui
2420 3474 2614 3529 adsunt
2639 3477 2804 3530 torvis
2826 3477 3112 3548 inspiciunt
3135 3479 3327 3548 oculis,
3351 3482 3528 3537 anima
3557 3483 3703 3539 intus

2111 3579 2232 3620 sese
2260 3565 2584 3635 exagitante,
2609 3574 2663 3621 et
2688 3581 2716 3619 a
2745 3579 2974 3634 corpore
2997 3569 3149 3625 avelli
3178 3581 3459 3640 renuente,
3487 3589 3585 3629 nec
3606 3575 3704 3630 ad-

2111 3657 2439 3712 ventantium
2470 3657 2780 3726 angelorum
2829 3669 3175 3730 conspectum
3228 3660 3450 3718 ferente.
3494 3664 3624 3719 Nam
3655 3667 3700 3720 si

2108 3762 2229 3802 cum
2248 3746 2494 3802 homines
2513 3748 2777 3804 terribiles
2793 3749 3171 3819 conspicimus,
3191 3750 3559 3821 formidamus,
3576 3769 3702 3809 cum

2108 3839 2330 3910 angelos
2351 3839 2763 3905 comminantes,
2786 3850 2842 3896 et
2858 3841 3078 3897 virtutes
3095 3843 3356 3899 immanes
3375 3844 3699 3911 videbimus,

2108 3931 2234 4002 quid
2263 3947 2368 3986 non
2393 3932 2677 4003 patiemur,
2705 3933 2882 3987 anima
2912 3947 2941 3987 a
2971 3947 3196 4005 corpore
3215 3935 3503 4003 abstracta,
3533 3947 3588 3992 et
3614 3938 3702 3992 in-

2106 4039 2316 4080 cassum
2345 4025 2678 4095 muitumque
2699 4024 2914 4095 lugente
2928 4026 2953 4078 ‘l
2975 4024 3108 4080 Nam
3139 4026 3290 4082 dives
3310 4028 3400 4084 ille
3416 4040 3700 4101 p03tquam

2105 4115 2430 4183 decesserat,
2461 4114 2690 4170 multum
2729 4115 2881 4180 luxit,
2914 4113 3010 4170 sed
3051 4115 3103 4170 id
3151 4115 3282 4172 nihil
3324 4117 3424 4188 ipsi
3477 4119 3699 4190 profuit.

2109 4207 2237 4263 Haec
2267 4207 2427 4278 igitur
2453 4206 2633 4261 omnia
2661 4206 2714 4260 in
2744 4205 2902 4262 nobis
2924 4205 3272 4277 depingentes
3299 4217 3354 4264 et
3377 4210 3555 4266 animo
3579 4227 3701 4267 vcr-

2105 4305 2307 4365 santes,
2336 4311 2402 4352 ne
2425 4296 2613 4352 eadem
2635 4306 2692 4352 et
2717 4311 2816 4353 nos
2841 4297 3122 4368 patiamur,
3145 4299 3340 4356 horum
3368 4303 3606 4359 omnium
3632 4305 3701 4360 ti-

2105 4403 2310 4443 morem
2345 4401 2642 4449 servemus.
2674 4396 2732 4442 ut
2759 4396 2815 4444 et
2837 4390 3154 4459 supplicium
3176 4392 3305 4448 illud
3327 4392 3609 4465 fugiamus,
3643 4405 3700 4454 et

2103 4490 2306 4535 aeterna
2329 4493 2733 4556 consequamur
2753 4478 2914 4546 bona,
2937 4481 3105 4551 gratia
3145 4491 3199 4537 et
3227 4484 3556 4555 benignitate
3585 4487 3698 4542 Do-

2104 4571 2234 4626 mini
2261 4569 2428 4626 nostri
2455 4569 2581 4624 Jesu
2610 4567 2826 4634 Christi,
2852 4570 3065 4639 quicum
3089 4571 3231 4627 Patri
3249 4573 3418 4644 gloria
3434 4590 3556 4632 cum
3572 4591 3700 4632 san-

2102 4671 2192 4719 cto
2219 4671 2274 4718 et
2298 4661 2513 4717 vivifico
2537 4661 2762 4731 Spiritu,
2803 4678 2945 4718 nunc
2981 4671 3037 4720 et
3080 4679 3312 4737 semper,
3342 4676 3396 4724 et
3421 4670 3472 4724 in
3499 4671 3695 4726 saecula

2101 4755 2439 4811 saeculorum.
2468 4754 2659 4809 Amen.

2165 4870 2183 4902 ι
2221 4875 2366 4928 Unus,
2385 4879 2497 4916 cum
2513 4878 2663 4930 prope
2685 4871 2755 4917 est
2762 4865 3028 4928 judicium.

399 5178 530 5235 Car.
581 5179 669 5237 i6.
719 5195 777 5236 v.
809 5181 897 5239 15.
930 5180 1181 5253 Egressus
1225 5181 1379 5240 Iesus
1423 5184 1479 5238 in
1527 5195 1698 5256 partes
1743 5186 1992 5244 Cia-sarem

475 5269 732 5342 Philippi,
761 5273 1103 5343 interrogabat
1129 5275 1406 5345 discipulos
1429 5293 1566 5344 suos,
1589 5278 1764 5334 dicens
1783 5295 1804 5334 :
1831 5279 1993 5346 Quem

474 5346 556 5416 me
584 5362 760 5418 dicunt
787 5363 1013 5418 homines
1037 5381 1144 5419 esse
1161 5363 1358 5418 Filium
1386 5367 1642 5423 hominis?

436 5511 444 5519 ,
475 5453 502 5507 ί
568 5451 680 5508 Cur
693 5467 815 5508 cum
843 5454 977 5509 urbe
1004 5453 1336 5510 conditorem
1354 5456 1470 5526 ejus
1498 5459 1832 5514 nominavit?
1860 5458 1996 5528 Quia

403 5551 489 5599 est
516 5553 572 5599 et
594 5544 719 5612 alia,
761 5560 880 5616 quae
920 5545 1188 5602 Stratonis
1219 5546 1432 5602 dicitur.
1475 5547 1592 5604 Non
1621 5550 1676 5604 in
1716 5551 1818 5606 hac
1840 5565 1991 5616 vero,

403 5633 498 5688 sed
525 5634 576 5686 in
599 5633 686 5688 illa
708 5635 1002 5707 interrogat
1025 5635 1189 5706 ipsos,
1221 5626 1404 5707 procul
1423 5652 1456 5692 a
1478 5636 1677 5694 Iudaeis
1701 5639 1992 5709 abducens,

405 5731 460 5778 ut
486 5721 554 5779 ab
581 5725 727 5780 omni
754 5727 1113 5785 sollicitudine
1141 5728 1294 5786 liberi
1317 5743 1439 5785 cum
1461 5728 1654 5787 ﬁducia
1682 5730 1861 5788 dicant
1876 5748 1995 5804 quae

2100 5187 2356 5244 sentiunt.
2386 5185 2496 5241 Cur
2520 5192 2698 5241 autem
2727 5201 2833 5241 non
2861 5187 3040 5242 statim
3067 5188 3136 5244 de
3163 5204 3281 5258 sua,
3323 5191 3421 5246 sed
3448 5190 3520 5246 de
3555 5190 3668 5245 mui

2100 5289 2278 5336 torum
2304 5278 2572 5333 sententia
2603 5277 2749 5347 ipsos
2774 5277 3159 5349 interrogavit?
3183 5281 3250 5336 Ut
3275 5282 3529 5352 opinione
3561 5280 3700 5334 alio-

2099 5385 2221 5426 rum
2249 5368 2513 5438 exposita,
2539 5367 2839 5438 deindeque
2862 5368 3192 5441 interrogati,
3236 5370 3335 5426 Vos
3357 5381 3524 5428 autem
3550 5387 3700 5442 quem

2100 5477 2181 5514 me
2221 5475 2329 5514 esse
2357 5458 2565 5512 dicitis?
2599 5459 2669 5512 ab
2709 5458 2826 5528 ipso
2853 5459 3220 5531 interrogandi
3249 5462 3412 5517 modo
3443 5464 3495 5517 in
3525 5461 3696 5518 subli-

2101 5552 2327 5608 miorem
2355 5549 2714 5606 eveherentur
2748 5552 3148 5621 cogitationem,
3197 5567 3377 5624 neque
3423 5553 3477 5609 in
3530 5552 3693 5608 vilem

2101 5641 2391 5699 multorum
2420 5641 2712 5710 cogitatum
2736 5639 3068 5698 deciderent.
3091 5642 3325 5714 Ideoque
3345 5659 3450 5699 non
3473 5644 3526 5698 in
3547 5643 3694 5714 prin-

2101 5735 2243 5807 cipio
2271 5731 2667 5805 praedicationis
2695 5746 2792 5790 eos
2821 5733 3135 5805 interrogat,
3180 5734 3274 5791 sed
3299 5735 3512 5806 quando
3531 5734 3684 5805 signa
