2051 3212
156 157 207 187 535

154 217 236 246 multa
251 216 325 247 fecit,
349 219 376 244 et
400 214 435 243 de
449 213 539 242 multis
553 212 765 248 sublimibusque
780 212 948 248 dogmatibus

154 263 290 296 disseruit,
306 263 457 297 multasque
470 260 582 296 praebuit
595 260 838 288 demonstrationes
847 263 874 286 et
883 259 950 286 divi-

152 308 245 336 nitatis
258 316 325 340 suae,
349 313 376 336 et
392 316 447 336 suae
468 315 528 335 cum
548 306 626 334 Patre
646 305 808 338 concorditc,
824 309 886 332 tunc
900 304 949 332 de-

150 361 225 381 mum
243 354 313 382 hanc
327 354 378 382 illis
394 353 496 389 profert
508 352 754 387 interrogationem.
767 351 857 385 Neque
871 350 947 383 dixit,

149 399 238 431 Quem
250 408 293 427 me
303 400 397 428 dicunt
409 407 469 428 esse
479 398 573 426 scribae
586 403 613 425 et
624 397 769 425 Pharismi?
781 397 902 431 quamvis
911 395 948 423 illi

152 447 241 481 ipsum
255 454 328 481 saepe
340 444 488 473 disserendi
503 451 583 472 causa
594 443 785 471 convenerint:
796 442 843 469 sed
848 463 855 475 ,
867 442 948 474 Quem

152 501 194 520 me
206 493 296 519 dicunt
309 492 422 519 homines
435 491 508 518 me!
522 490 613 526 populi
635 489 799 524 Opinionem,
816 496 876 523 quae
889 487 948 515 sine

152 539 309 574 acceptione
319 545 379 565 esse
386 538 465 570 solet,
478 536 628 572 requirens.
643 535 718 563 Licet
729 535 801 562 enim
813 534 856 561 illa
869 533 947 568 longe

153 584 283 619 dejectior
298 589 369 611 esset
383 591 461 618 quam
474 591 522 617 par
535 587 603 614 erat,
618 586 643 608 at
658 589 671 607 a
686 580 801 615 nequitia
816 584 872 606 crat
883 580 946 606 alie-

151 638 186 657 na
199 639 205 656 :
219 629 415 657 Pharistcorunt
430 633 517 656 autent
533 628 621 663 opinio
636 627 773 661 iniquitate
788 626 863 660 plena
878 629 944 651 crat.

152 677 187 704 Et
199 676 346 704 ostendens
365 684 443 710 quam
459 675 539 702 vellet
561 674 736 701 oeconomiam
752 673 808 699 sive
824 672 945 698 incarna-

151 724 253 751 tionem
270 724 295 750 iu
311 723 434 750 confesso
450 722 553 754 haberi,
577 721 624 753 ait,
650 720 744 746 Filium
767 718 883 749 hominis,
907 718 945 744 sic

150 770 318 796 divinitatem
333 769 479 803 appellans,
495 772 524 794 ut
538 767 599 794 alibi
622 774 693 800 sccpc
709 765 778 791 facit.
796 765 840 791 Ait
860 764 942 796 enim,

151 815 236 842 Nemo
249 815 360 842 ascendit
375 816 400 841 in
416 816 515 846 ra'lum,
528 814 576 840 nisi
592 814 676 839 Filius
690 813 807 844 hominis,
823 812 865 846 qui
875 817 909 837 est
918 811 943 837 in

149 862 213 889 «clo
230 861 318 896 (Joan.
331 862 357 888 5.
372 861 432 894 15);
447 866 473 887 et
485 867 601 891 rursum,
614 859 676 885 Cum
686 863 768 884 autent
782 858 891 883 videritis
903 856 944 882 Fi-

149 909 212 934 lium
229 907 337 934 hominis
351 907 526 933 ascendentem
540 906 581 932 ubi
595 909 647 932 erat
664 905 731 939 prius
748 904 836 939 (Joan.
849 904 874 930 6.
885 903 940 932 65).

150 954 252 981 Deinde
265 955 326 988 quia
349 953 483 984 dicebant,
508 952 551 978 Η.
579 952 627 977 Alii
642 951 768 976 Joannem
788 949 940 982 Baptistom,

148 1000 195 1026 alii
206 999 302 1029 Eliam,
315 998 360 1025 alii
370 998 518 1030 Jeremiam,
532 997 576 1023 alii
592 1005 668 1022 unum
680 1004 710 1022 ι’,ιτ
726 995 852 1030 prophetis
863 995 941 1021 :falsa

149 1046 255 1072 illorum
272 1045 398 1080 opinione
415 1045 441 1071 in
458 1044 572 1070 medium
597 1043 710 1069 adducta
727 1041 880 1075 subjumit:
896 1041 939 1067 15.

155 1091 204 1118 Vos
217 1096 300 1117 autem
313 1098 386 1125 quem
408 1099 445 1116 me
463 1098 516 1116 esse
531 1089 633 1115 dicitis?
647 1096 678 1115 ex
694 1088 808 1115 secunda
825 1088 940 1113 inlcrro-

147 1138 254 1172 gatione
277 1137 337 1164 illos
360 1144 485 1168 evocans,
503 1141 531 1162 ut
548 1135 633 1170 majus
654 1135 717 1169 quid
739 1134 772 1160 do
789 1134 833 1160 illo
849 1134 941 1167 opina-

146 1189 251 1214 rentur,
268 1182 465 1217 ostendensque
481 1182 544 1216 ipsis
566 1182 677 1215 primatu
702 1180 855 1214 opinionem
869 1187 882 1205 a
899 1179 940 1206 di-

145 1228 301 1263 gnitatesua
315 1227 404 1262 procul
416 1228 520 1253 abesse.
535 1226 595 1253 Ideo
605 1226 682 1252 aliam
693 1225 726 1251 ab
740 1225 802 1259 ipsis
814 1225 938 1259 exquirit,

145 1279 174 1301 et
186 1274 331 1301 secundam
345 1273 446 1309 profert
461 1273 706 1307 interrogationem,
729 1279 761 1298 nc
778 1279 837 1297 cum
851 1270 940 1296 multis

146 1321 290 1353 sentirent,
305 1321 349 1356 qui
364 1321 489 1355 quoniam
504 1320 579 1354 signa
594 1319 714 1346 viderant
736 1318 837 1352 majora
860 1324 939 1351 quam

145 1375 207 1402 qua:
219 1367 318 1394 homini
331 1372 485 1402 competere
499 1371 617 1401 possent,
639 1366 772 1392 hominem
784 1364 891 1399 quidem
908 1363 940 1389 il-

146 1414 200 1441 lunt
222 1421 282 1441 esse
296 1414 434 1448 putabant,
456 1413 502 1441 sed
526 1421 557 1440 ex
582 1412 693 1439 mortuis
709 1411 897 1441 resurrexisse,
914 1409 939 1435 id

144 1459 216 1494 quod
230 1459 336 1487 dicebat
351 1458 480 1486 Herodes.
497 1458 548 1486 Sed
565 1458 607 1485 illc
617 1458 690 1492 ipsos
703 1464 716 1483 a
732 1457 774 1483 tali
788 1456 940 1490 suspicione

144 1505 281 1532 abducens
295 1506 349 1532 ait:
371 1505 419 1531 Vos
430 1510 514 1531 autent
528 1513 600 1539 quem
612 1512 650 1530 me
660 1512 712 1530 esse
726 1503 830 1529 divitis?
845 1502 871 1529 ld
886 1506 937 1534 est,

143 1552 196 1585 Qui
211 1558 318 1586 semper
332 1558 436 1578 mecum
451 1550 516 1578 estis
535 1555 561 1577 ct
576 1549 703 1576 miracula
719 1548 842 1575 edentem
866 1548 940 1574 vide-

145 1599 190 1631 tis,
207 1598 250 1633 qui
266 1602 293 1625 ct
314 1598 364 1632 ipsi
380 1605 427 1632 per
442 1605 484 1624 me
506 1597 617 1624 virtutes
633 1596 730 1623 multas
746 1595 856 1622 fecistis.
870 1594 939 1627 Quid

144 1645 224 1679 igitur
239 1652 269 1670 os
279 1644 461 1679 apostolorum
476 1644 587 1671 Petrus?
601 1644 711 1677 Semper
726 1643 843 1675 fervens,
861 1642 938 1669 chori

144 1690 283 1725 apostolici
298 1690 466 1725 coryphaaus,
478 1690 600 1716 omnibus
616 1689 796 1723 interrogatis,
820 1689 875 1722 ipse
894 1695 939 1714 re-

143 1736 268 1770 stiondet.
292 1736 400 1763 Etcum
420 1736 454 1763 de
477 1736 607 1763 sententia
631 1736 718 1770 pupuli
747 1735 937 1766 sciscitaretur,

143 1790 239 1810 omnes
254 1782 465 1817 responderunt:
483 1790 542 1809 cum
559 1787 647 1809 autem
657 1782 689 1808 de
699 1789 746 1808 sua
763 1789 809 1807 eos
823 1785 937 1815 rogaret,

144 1828 240 1855 Petrus
256 1828 360 1862 prosilit
382 1833 407 1855 et
428 1828 573 1862 praevertit,
594 1828 700 1862 aitque:
714 1827 756 1853 16.
776 1826 812 1852 Tu
829 1835 853 1853 es
867 1826 940 1853 Citri-

143 1878 198 1900 sttts
210 1873 293 1900 Filius
304 1873 352 1900 Dei
362 1874 419 1900 vivi.
430 1873 497 1907 Quid
512 1881 574 1908 ergo
587 1872 726 1899 Christus?
739 1873 781 1899 I7.
798 1871 891 1897 Beatus
902 1879 937 1903 es,

145 1918 235 1946 Simon
244 1918 388 1952 Bar-Jona,
397 1919 456 1953 quia
472 1927 530 1945 caro
548 1925 571 1945 et
584 1919 686 1953 sanguis
697 1926 746 1944 non
756 1918 873 1944 reuelauit
884 1917 938 1943 tibi.

145 1964 225 1999 Atqui
242 1965 291 1991 nlsi
305 1957 400 1992 Petrus
415 1965 454 1992 sic
467 1965 552 1999 ipsunt
567 1972 630 1991 vere
644 1964 784 1991 confessus
799 1964 901 1995 fuisset,
912 1967 940 1989 ut

143 2012 178 2039 ab
194 2012 251 2046 ipso
266 2011 345 2039 Patre
367 2012 497 2047 genitum,
520 2020 573 2038 non
594 2011 686 2039 fuisset
702 2011 751 2038 hoc
770 2011 939 2039 revelationis

143 2064 222 2092 opus,
237 2058 258 2084 si
274 2065 355 2084 unum
371 2066 402 2085 ex
417 2058 507 2085 multis
521 2057 595 2084 illum
609 2065 671 2084 csse
682 2062 809 2092 putasset,
822 2064 872 2083 non
883 2060 939 2083 erat

144 2102 209 2130 illud
226 2102 390 2130 beatitudine
403 2103 522 2138 dignum.
539 2103 643 2130 Etenim
657 2103 711 2137 jam
726 2108 802 2129 antra
815 2102 939 2129 dicebant

145 2148 163 2175 ii
174 2149 219 2183 qui
238 2148 265 2175 in
279 2149 384 2183 navigio
397 2154 475 2176 erant
488 2154 544 2183 post
561 2154 759 2183 tempestatem,
780 2148 843 2174 Vere
855 2148 939 2174 Filius

145 2193 195 2221 Dei
215 2199 250 2221 est
271 2194 311 2221 hic
337 2194 443 2229 (Matth.
461 2196 504 2222 Η.
521 2196 579 2228 55),
603 2203 653 2222 uec
675 2200 763 2221 tamen
784 2195 854 2221 beati
875 2194 938 2221 dicti

144 2244 219 2273 sunt,
234 2240 284 2267 etsi
297 2248 359 2268 vere
374 2241 498 2267 dixerint.
515 2240 572 2267 Non
587 2241 656 2267 enim
674 2241 711 2267 sic
728 2240 833 2273 Filium,
849 2244 877 2265 ut
891 2240 940 2266 Pe-

146 2290 213 2318 trus,
227 2285 342 2313 confessi
355 2291 434 2318 sunt;
451 2286 496 2313 sed
513 2294 593 2313 unum
610 2294 641 2313 ex
658 2287 748 2313 multis
760 2294 823 2313 vere
842 2286 938 2312 Filium

144 2339 207 2359 esse
221 2332 359 2366 putabant,
373 2332 499 2359 eximium
516 2332 623 2367 quidem
639 2332 709 2359 inter
723 2332 832 2364 multos,
848 2338 896 2358 nec
905 2336 940 2358 ta-

146 2385 208 2405 men
223 2385 255 2404 ex
271 2377 328 2412 ipsa
344 2378 431 2404 Patris
445 2378 602 2405 substantia.

179 2422 208 2449 2.
225 2421 315 2449 Petrus
328 2432 374 2449 cur
388 2423 473 2450 beatus
496 2424 604 2450 dicatur.
628 2424 878 2451 Causubstantialitas
894 2424 940 2450 de-

145 2472 310 2494 monstratur.
327 2469 381 2495 Sub
392 2469 441 2502 fine
458 2469 533 2503 huius
548 2470 656 2501 numeri,
683 2470 796 2495 Anontwi
810 2475 831 2495 et
851 2470 940 2495 Ariani

145 2515 345 2548 redorguuntur.
356 2528 392 2534 -—
403 2514 549 2541 Nathanael
564 2522 669 2548 quoque
682 2514 795 2544 dicebat,
812 2514 901 2546 Rabbi,
915 2519 940 2540 tu

146 2567 171 2585 rs
183 2557 268 2585 Filius
282 2558 339 2590 Dei,
367 2564 393 2585 tu
410 2568 436 2586 es
453 2567 498 2586 rea:
522 2559 606 2586 Israel
621 2559 717 2593 (Joan.
734 2560 758 2586 I.
772 2559 834 2594 49).
851 2560 940 2594 Neque

145 2603 233 2630 solum
255 2611 307 2631 non
330 2604 422 2631 beatus
435 2604 546 2633 dicitur:
570 2612 661 2631 verum
677 2605 755 2631 etiam
771 2606 844 2639 quasi
858 2607 941 2632 multo

146 2650 273 2678 inferiora
292 2659 371 2685 quam
392 2652 532 2686 oportebat
550 2652 670 2684 dixisset,
695 2652 782 2678 abillo
804 2653 940 2687 redargui-

146 2703 191 2724 tur
209 2706 216 2724 :
234 2698 374 2732 subjunxit
400 2699 488 2731 enim,
514 2699 580 2732 Quia
604 2699 657 2725 dixi
689 2699 749 2730 tibi,
778 2697 835 2724 Vidi
857 2705 880 2725 te
897 2699 941 2725 sub

146 2744 209 2777 ﬁcu,
223 2745 323 2776 credis;
337 2746 435 2779 majora
447 2745 486 2771 his
499 2745 590 2771 videbis
603 2744 698 2781 (Jonn.
716 2746 741 2771 ι.
751 2745 785 2772 50
795 2745 813 2779 ).
827 2745 880 2771 Cur
892 2745 940 2779 igi-

146 2794 190 2815 tur
205 2789 298 2816 Petrus
314 2790 407 2816 beatus
418 2790 537 2816 dicitur?
551 2790 616 2822 Quia
635 2790 708 2817 illum
726 2791 830 2825 proprie
846 2790 940 2817 Filium

145 2835 287 2862 confessus
299 2839 349 2862 est.
374 2835 475 2862 Idcirco
490 2835 542 2861 illis
554 2843 695 2869 numquam
716 2835 836 2862 Christus
855 2836 943 2862 simile

145 2880 284 2917 quidpiam
295 2880 362 2908 dixit
374 2889 380 2908 :
396 2880 439 2908 hic
451 2885 539 2908 autem
552 2881 632 2909 etiam
646 2889 706 2908 eum
718 2882 761 2917 qui
777 2881 942 2910 rcvclaverat

316 2938 452 2967 ΡΑτιιοι.
478 2938 535 2967 Gn.
564 2937 671 2968 LVIII.

654 153 685 183 IN
706 153 910 183 ΜΑΤΤΙΙΛΕΠΜ
930 153 1046 182 ΙΙΟΜΙΙι.
1069 154 1134 183 LIV.
1156 155 1190 183 al.
1213 154 1267 182 LV.

1750 157 1802 185 .555

1004 211 1159 239 declaravit.
1170 211 1236 239 Nam
1251 219 1284 239 ne
1298 211 1401 247 plurimi
1417 211 1558 240 crederent
1577 220 1638 240 eum
1648 213 1709 249 quia
1722 213 1801 241 Citri-

1004 264 1074 284 suun
1089 257 1223 285 ferventer
1236 258 1361 291 amabat,
1376 259 1475 286 amoris
1497 264 1524 286 et
1542 259 1703 287 adulationis
1714 260 1796 287 verba

1004 302 1156 337 protulisse,
1171 308 1252 339 atque
1262 312 1294 331 ex
1305 304 1400 332 affectu
1413 309 1439 332 et
1447 306 1541 339 gratia,
1554 305 1580 332 iu
1592 305 1710 333 medium
1721 306 1799 334 affert.

1002 358 1064 377 eum
1078 350 1122 385 qui
1132 350 1157 378 id
1173 351 1209 378 illi
1223 351 1397 386 inspiraverat
1411 360 1418 379 :
1433 356 1461 379 ut
1477 351 1574 383 discas.
1590 352 1697 380 Petrum
1714 353 1797 380 verba

1003 396 1157 431 protulisse,
1170 396 1275 424 Patrem
1292 404 1355 424 vero
1367 397 1483 424 dictasse
1496 405 1503 423 :
1518 403 1609 424 utnon
1624 398 1690 425 ultra
1704 399 1798 426 crede—

1001 449 1046 469 res
1057 441 1199 469 humanam
1210 443 1363 477 opinionem
1379 443 1422 470 illa
1437 451 1498 471 esse
1506 451 1566 478 qua:
1580 444 1648 471 dicta
1662 449 1734 476 sunt,
1747 445 1795 472 sed

1001 487 1118 515 divinum
1139 488 1244 523 dogma.
1256 487 1309 515 Cur
1320 493 1409 517 autem
1431 497 1483 516 non
1503 489 1529 516 id
1553 490 1610 524 ipse
1625 491 1793 525 pronuntiat,

1000 540 1050 560 nec
1059 533 1134 564 dicit,
1150 534 1206 568 Ego
1218 541 1278 561 sum
1288 534 1428 562 Christus:
1444 534 1489 562 sed
1503 542 1550 570 per
1560 535 1793 571 interrogationem

1000 579 1064 606 illud
1079 585 1205 615 apparat,
1220 585 1249 607 ut
1263 580 1323 608 illos
1337 580 1446 608 inducat
1458 581 1491 609 ad
1516 582 1713 609 confitendum?
1723 582 1794 616 Quo-

998 625 1070 652 niam
1085 625 1149 653 illud
1164 630 1191 653 et
1206 625 1256 661 ipsi
1268 627 1468 661 congruentius,
1479 631 1505 654 et
1520 627 1603 662 magis
1613 628 1791 655 necessarium

998 676 1065 704 erat,
1080 672 1191 707 illosque
1203 673 1286 707 magis
1298 673 1330 700 ad
1343 673 1420 701 [idem
1431 681 1525 701 eorum
1536 681 1595 708 quae
1607 674 1676 701 dicta
1688 674 1793 702 fuerant

997 717 1158 744 attrabebat.
1181 717 1274 745 Viden‘
1303 719 1437 752 quomodo
1457 718 1553 746 Filium
1574 720 1675 747 revelat
1694 719 1792 748 Pater?

995 762 1130 798 quomodo
1142 763 1247 790 Patrem
1261 764 1365 791 Filius?
1381 764 1469 798 Neque
1488 764 1602 796 Patrem,
1619 765 1715 800 inquit,
1735 767 1792 800 quis

996 811 1065 837 nouit
1077 811 1126 838 nisi
1139 810 1231 843 Filius,
1254 816 1278 838 et
1293 812 1334 838 cui
1350 811 1455 838 voluerit
1470 811 1555 838 Filius
1571 812 1683 838 revelare
1703 813 1711 847 (
1726 811 1788 839 Luc.

996 856 1040 884 I0.
1053 856 1114 892 22).
1130 856 1189 884 Non
1208 864 1273 892 ergo
1286 865 1429 892 possumus
1451 857 1560 885 aliunde
1573 865 1735 893 cognoscere
1748 858 1792 885 Fi-

995 901 1070 933 lium,
1085 910 1164 937 quam
1183 910 1230 937 per
1244 903 1329 938 ipsum
1343 903 1460 937 Patrem,
1477 911 1564 939 neque
1576 903 1695 937 Patrem,
1711 911 1791 939 quam

995 956 1043 983 per
1063 949 1148 983 ipsum
1164 949 1270 976 Filium.
1296 950 1386 985 Itaque
1400 949 1461 977 inde
1481 954 1508 977 ct
1530 950 1640 977 honoris
1654 950 1792 985 :equalitas

994 999 1022 1022 et
1036 995 1299 1022 consubstantialitas
1310 996 1518 1024 demonstratur.
1542 996 1609 1030 Quid
1625 996 1704 1032 igitur
1714 996 1791 1024 Chri-

994 1041 1070 1068 stus?
1085 1041 1123 1067 Tu
1142 1049 1167 1068 es
1185 1041 1275 1069 Simon
1293 1042 1361 1076 [ilius
1379 1042 1466 1075 Iona;
1487 1048 1514 1069 tu
1535 1042 1662 1069 vocaberis
1678 1041 1788 1075 Cepi/tas.

993 1086 1059 1119 Quia
1069 1086 1152 1119 enim,
1164 1087 1257 1121 inquit,
1268 1087 1372 1114 Patrem
1384 1095 1470 1115 meum
1484 1088 1643 1122 prmdicasti,
1655 1095 1706 1122 ego
1716 1088 1789 1115 illum

993 1135 1102 1162 nomino
1117 1135 1199 1169 quite
1218 1135 1310 1170 genuit
1325 1144 1333 1162 :
1347 1142 1378 1162 ac
1392 1135 1414 1162 si
1432 1135 1545 1168 diceret,
1568 1134 1644 1162 Sicut
1669 1139 1696 1162 tu
1721 1135 1789 1162 titius

992 1180 1070 1214 Jona,
1086 1181 1125 1209 sic
1135 1189 1185 1216 ego
1198 1181 1285 1209 Patris
1298 1182 1350 1209 mei
1366 1181 1460 1209 Filius.
1475 1181 1541 1209 Nam
1561 1189 1788 1216 supervacaneum

993 1227 1087 1256 fuisset
1101 1228 1202 1261 dicere,
1216 1227 1256 1255 Tu
1269 1236 1294 1255 es
1313 1228 1382 1263 ﬁlius
1405 1228 1474 1255 Jona
1489 1235 1499 1255 :
1512 1228 1559 1255 sed
1572 1228 1634 1264 quia
1657 1228 1702 1255 ille
1722 1226 1790 1256 dixit.

992 1273 1088 1301 Filium
1101 1273 1157 1306 Dei,
1175 1278 1203 1301 ut
1223 1273 1386 1306 ostenderet,
1404 1274 1491 1309 ipsum
1504 1281 1564 1301 om
1583 1273 1627 1300 Dei
1642 1273 1749 1305 Filium,
1762 1277 1791 1300 ut

992 1319 1037 1347 ille
1061 1319 1131 1347 [ilius
1142 1324 1198 1347 erat
1212 1319 1278 1347 Jona
1288 1340 1295 1352 ,
1309 1319 1430 1355 ejusdem
1445 1327 1506 1347 cum
1522 1324 1597 1355 patre
1617 1319 1788 1350 substantiae,

992 1364 1053 1393 ideo
1066 1365 1130 1392 illud
1149 1365 1259 1393 addidit.
1276 1365 1320 1393 18.
1341 1365 1374 1392 Et
1399 1373 1444 1401 ego
1461 1365 1517 1392 dico
1530 1365 1584 1398 tibi,
1605 1369 1632 1391 tu
1644 1373 1670 1392 es
1685 1363 1787 1396 Petrus.

992 1416 1016 1438 et
1027 1420 1103 1447 super
1114 1411 1180 1439 hanc
1189 1416 1285 1448 petram
1298 1411 1430 1446 tzdiﬁt'abo
1441 1411 1581 1438 Ecclesium
1593 1419 1684 1443 meam,
1695 1410 1720 1437 id
1734 1416 1785 1440 est.

991 1463 1072 1492 super
1085 1457 1163 1485 fidem
1177 1457 1365 1485 ccufessionis.
1389 1456 1456 1484 Hinc
1477 1456 1596 1484 declarat
1616 1456 1713 1483 multos
1727 1463 1788 1483 esse

991 1502 1149 1536 credituros,
1164 1504 1275 1538 ejusque
1289 1510 1396 1530 sensum
1411 1502 1498 1537 erigit,
1511 1506 1538 1529 ct
1553 1506 1686 1536 pastorem
1702 1502 1787 1536 ipsum

991 1549 1137 1576 constituit.
1159 1549 1193 1576 Et
1214 1554 1295 1584 porta:
1311 1548 1388 1585 inferi
1407 1557 1458 1576 non
1480 1548 1650 1583 praevalebunt
1668 1548 1788 1576 adversus

991 1603 1056 1622 eam.
1071 1595 1100 1623 Si
1113 1602 1178 1623 vero
1201 1595 1329 1623 adversus
1344 1602 1404 1623 eam
1424 1602 1476 1622 non
1497 1594 1690 1630 praevalebunt,
1705 1594 1789 1621 multo

991 1642 1079 1669 minus
1096 1641 1238 1669 adversum
1252 1648 1296 1668 me
1309 1640 1500 1676 pmvalebunt.
1513 1639 1603 1674 Itaque
1614 1647 1648 1667 ne
1660 1639 1786 1670 turheris,

990 1693 1052 1714 cum
1066 1686 1158 1714 audies
1176 1694 1218 1713 me
1232 1686 1357 1713 traditum
1371 1690 1397 1713 et
1420 1685 1579 1713 crucifixum
1592 1692 1662 1712 esse.
1686 1685 1788 1712 Deinde

991 1734 1105 1760 alterum
1120 1732 1184 1760 dicit
1197 1732 1326 1760 honorem
1345 1741 1351 1760 :
1368 1731 1410 1759 I9.
1427 1731 1483 1767 Ego
1499 1736 1583 1758 autem
1592 1731 1658 1758 dabo
1672 1730 1716 1757 tibi
1735 1731 1789 1757 cla-

991 1786 1033 1805 ves
1045 1778 1117 1814 regni
1129 1778 1258 1805 caelorum.
1267 1777 1335 1812 Quid
1348 1778 1481 1813 significat
1495 1777 1569 1809 illud,
1584 1776 1639 1812 Ego
1648 1781 1732 1803 autent
1744 1776 1789 1803 tibi

991 1825 1078 1853 dabo!
1088 1825 1319 1860 Quemadmodum
1332 1824 1413 1852 Pater
1427 1825 1472 1851 tibi
1484 1824 1558 1852 dedit
1581 1830 1610 1851 ut
1631 1832 1674 1851 tne
1686 1831 1788 1858 enguo-

991 1879 1091 1906 sceres,
1108 1872 1146 1899 sic
1158 1877 1186 1899 et
1198 1879 1248 1907 ego
1264 1871 1310 1898 tibi
1323 1870 1403 1899 dabo.
1416 1870 1509 1906 Neque
1520 1870 1597 1902 dixit,
1613 1869 1723 1905 Rogabo
1736 1869 1788 1896 Pa-

991 1922 1071 1950 trem,
1086 1917 1189 1945 etiamsi
1204 1924 1297 1952 magna
1319 1921 1390 1944 esset
1413 1916 1552 1951 potestatis
1574 1914 1786 1946 demonstratio,

991 1970 1019 1994 et
1028 1966 1091 1993 doni
1103 1965 1256 2000 magnitudo
1267 1965 1406 1993 ineliabilis
1416 1973 1423 1997 ;
1433 1965 1491 1998 sed,
1504 1963 1560 2000 Ego
1570 1963 1634 1991 dabo
1645 1964 1698 1990 tibi.
1707 1964 1787 1997 Quid,

991 2018 1082 2046 quaso
1092 2032 1099 2044 ,
1110 2011 1179 2038 das?
1189 2010 1276 2038 Claves
1286 2011 1358 2046 regni
1369 2010 1488 2037 ca'lorum
1503 2018 1513 2037 :
1530 2014 1553 2036 et
1576 2018 1737 2045 qttmcmttque
1755 2010 1773 2037 li
1780 2026 1788 2030 -

991 2058 1088 2093 gaveris
1100 2066 1176 2093 super
1189 2061 1298 2090 terram,
1317 2062 1391 2084 erant
1402 2057 1481 2092 ligata
1493 2061 1516 2084 et
1536 2057 1562 2083 in
1573 2057 1641 2084 ralis
1657 2065 1667 2083 :
1683 2062 1705 2083 et
1720 2065 1789 2091 qutu-

992 2112 1099 2139 cumque
1110 2103 1213 2131 solveris
1225 2112 1301 2139 super
1314 2108 1418 2137 terram,
1433 2108 1505 2130 erunt
1522 2103 1606 2130 soluta
1623 2108 1646 2130 et
1667 2104 1693 2129 in
1708 2104 1788 2130 uelis.

991 2149 1131 2183 Quomodo
1155 2149 1234 2184 igitur
1253 2158 1304 2176 non
1323 2149 1382 2183 ejus
1402 2150 1463 2182 erit,
1490 2154 1517 2176 ιιι
1534 2157 1549 2176 a
1571 2149 1672 2176 dextris
1683 2153 1711 2176 et
1722 2150 1789 2177 sini-

992 2195 1055 2222 stris
1065 2195 1159 2222 sedere
1174 2195 1313 2228 concedat,
1329 2195 1374 2230 qui
1389 2195 1466 2227 dixit,
1481 2194 1536 2230 Ego
1547 2194 1590 2221 tibi
1602 2194 1686 2221 dabo?
1699 2195 1792 2221 Viden’

992 2241 1128 2277 quomodo
1142 2242 1174 2268 ad
1188 2241 1370 2269 sublimiorem
1393 2241 1427 2269 de
1455 2248 1484 2269 se
1510 2241 1665 2276 opinionem
1679 2241 1789 2268 Petrqu

992 2287 1088 2322 erigat,
1102 2292 1129 2315 et
1143 2287 1260 2321 scipsum
1273 2287 1384 2319 revelet,
1397 2294 1428 2313 ac
1442 2294 1489 2321 per
1502 2286 1581 2313 hasce
1594 2287 1659 2313 duas
1673 2286 1788 2321 promis-

992 2334 1082 2361 siones
1092 2341 1121 2361 se
1136 2333 1233 2360 Filium
1249 2333 1294 2360 Dei
1309 2340 1369 2360 esse
1378 2332 1593 2360 ostendat?Nam
1607 2339 1666 2366 qua:
1676 2332 1722 2359 uni
1734 2331 1790 2359 Deo

993 2384 1056 2406 sunt
1071 2381 1187 2414 propria,
1202 2386 1299 2413 nempe
1320 2382 1428 2413 peccata
1453 2377 1569 2411 solvere,
1592 2377 1738 2404 Ecclesiam
1762 2377 1788 2404 iu

994 2430 1068 2453 tanto
1082 2425 1210 2453 fluctuum
1234 2431 1364 2452 concursu
1387 2425 1524 2451 immotam
1549 2423 1678 2456 reddere,
1701 2423 1790 2450 homi—

994 2480 1107 2508 nemque
1123 2472 1280 2507 piscatorem
1298 2475 1354 2499 toto
1373 2471 1547 2506 impugnante
1567 2470 1634 2498 orbe
1654 2475 1729 2505 petra
1743 2471 1790 2497 lir-

994 2520 1106 2546 miorem
1122 2518 1246 2549 reddere,
1266 2517 1324 2544 tunc
1338 2525 1368 2545 se
1387 2516 1424 2544 illi
1443 2517 1566 2544 daturum
1586 2517 1727 2552 pollicetur
1741 2526 1747 2544 :
1763 2522 1791 2544 ut

995 2564 1074 2591 Pater
1086 2562 1228 2591 Jeremiam
1241 2562 1380 2597 alloquens
1392 2562 1507 2596 dicebat,
1527 2570 1556 2590 se
1576 2563 1697 2597 posuisse
1716 2563 1790 2589 illum

993 2610 1063 2636 sicut
1076 2608 1227 2636 columnam
1240 2614 1337 2635 aeream
1352 2611 1379 2634 et
1388 2607 1456 2634 sicut
1469 2614 1574 2634 murum
1591 2607 1665 2642 (Jer.
1680 2607 1705 2634 I.
1719 2607 1752 2635 I8
1764 2607 1789 2643 );

994 2654 1040 2682 sed
1053 2653 1124 2681 illum
1137 2653 1181 2680 uni
1197 2652 1280 2688 genti,
1294 2652 1365 2680 hunc
1375 2656 1464 2680 autem
1477 2652 1502 2679 in
1520 2652 1646 2680 universo
1659 2657 1789 2679 terrarum

994 2701 1073 2729 orbe.
1084 2700 1211 2727 Libenter
1223 2706 1371 2734 quaererem
1381 2700 1415 2727 ab
1426 2700 1458 2727 iis
1479 2699 1524 2735 qui
1540 2699 1710 2726 imminutam
1731 2698 1789 2726 Filii

995 2744 1158 2779 dignitatem
1171 2743 1277 2774 volunt,
1289 2751 1349 2778 quae
1358 2743 1461 2777 majora
1474 2743 1529 2770 sint
1537 2744 1619 2776 dona,
1628 2752 1660 2770 sn
1668 2751 1728 2778 qua-
1737 2743 1788 2771 Pa—

1000 2793 1051 2821 ter,
1058 2797 1092 2816 an
1101 2797 1162 2824 qua:
1168 2789 1253 2816 Filius
1261 2788 1306 2815 Pet
1312 2796 1341 2816 ro
1348 2787 1503 2816 dedit.Nam
1512 2788 1786 2817 Paterrevelstionem

1000 2835 1062 2862 Filii
1070 2834 1150 2863 Petro
1156 2835 1241 2868 dedit;
1255 2834 1340 2862 Filius
1350 2841 1414 2861 vero
1422 2839 1447 2860 et
1456 2833 1545 2861 Patris
1553 2838 1578 2861 et
1590 2834 1631 2861 sui
1644 2834 1730 2870 ipsius
1740 2841 1786 2861 co-

1000 2881 1148 2917 gnitionem
1168 2889 1215 2918 per
1223 2886 1307 2913 totum
1324 2881 1416 2909 orbem
1431 2879 1468 2907 illi
1480 2879 1660 2909 disseminare
1671 2881 1786 2908 commi<

1616 2937 1637 2970 5
