4102 6418
557 295 657 349 553$

557 411 650 474 sit,
681 425 745 462 ae
785 405 1000 460 mortali
1042 402 1245 456 homini
1284 412 1500 454 omnem
1537 398 1590 451 in
1634 396 1770 450 cmlo
1804 402 2128 463 potestatem

558 501 727 568 dedit,
759 501 886 554 dum
939 499 1118 552 claves
1161 497 1236 548 illi
1269 493 1515 555 tradidit,
1567 493 1660 561 qui
1699 489 1995 544 Ecclesiam
2039 504 2132 557 per

561 601 734 646 totum
775 592 962 645 orbem
1000 598 1266 642 ten-rarum
1295 585 1557 649 extendit,
1581 593 1636 638 et
1664 583 1809 637 caelis
1839 581 2133 636 firmiorem

562 686 887 739 riienstravit
919 702 942 738 λε
981 698 1106 736 nam
1157 681 1252 745 ait,
1287 679 1486 735 Caelum
1531 687 1581 732 et
1615 687 1760 730 terra
1791 677 2138 741 transibunt,-

563 777 716 831 verba
746 789 917 830 autent
940 792 1054 828 mea
1075 790 1180 827 non
1203 771 1504 826 transibunt
1541 770 1738 842 (Matii.
1757 772 1848 826 24.
1867 768 2137 837 55).οι10-

563 869 730 925 mlo
755 883 884 938 ergo
914 868 1095 922 minor
1123 867 1169 921 is
1194 867 1286 936 qui
1315 866 1441 918 talia
1465 864 1632 929 dedit,
1655 864 1747 933 qui
1779 863 1905 916 talia
1929 862 2054 916 fecit
2078 861 2095 894 ι
2116 861 2142 915 ?

563 962 691 1017 Haec
719 977 886 1031 porro
916 960 1061 1024 dico,
1097 975 1202 1013 non
1238 959 1384 1026 quod
1414 957 1593 1012 Patris
1630 968 1684 1011 et
1707 956 1827 1011 Filii
1856 970 2020 1026 opera
2055 955 2142 1007 di-

564 1055 743 1108 vidam
771 1073 784 1108 :
812 1053 1006 1108 Omnia
1032 1055 1167 1107 enim
1191 1069 1282 1121 per
1311 1053 1483 1120 ipsum
1507 1052 1655 1118 [acta
1672 1058 1876 1114 sunt,et
1899 1049 2141 1116 sineipso

567 1147 766 1216 factum
812 1159 888 1201 est
925 1147 1059 1199 nihil
1095 1145 1287 1215 (Joan.
1321 1148 1372 1200 1.
1403 1145 1492 1213 5);
1543 1147 1636 1197 sed
1676 1153 1736 1197 ut
1772 1143 2141 1212 imprudentem

569 1239 788 1292 iilorum
807 1239 1048 1308 linguam
1067 1238 1378 1308 reprimam,
1395 1236 1488 1306 qui
1503 1235 1628 1290 talia
1646 1233 1891 1304 proferre
1912 1233 2138 1288 audent.

624 1333 676 1385 3.
721 1329 826 1382 Cur
866 1329 1096 1382 Christus
1138 1334 1255 1379 ante
1300 1337 1586 1392 passionem
1637 1335 1691 1372 se
1745 1333 1851 1371 esse
1884 1315 2146 1371 Christum

553 1421 846 1492 pervulgari
889 1421 1121 1474 noluerit.
1153 1417 1294 1471 Petri
1337 1417 1550 1487 ﬁrmitas
1584 1420 1694 1481 post
1725 1425 1943 1463 crucem.
1973 1437 2041 1446 -
2065 1405 2146 1460 Ex

555 1514 642 1566 his
682 1512 930 1566 omnibus
966 1511 1080 1579 ejus
1125 1507 1412 1578 potentiam
1463 1501 1847 1558 animadverte.
1893 1498 2005 1570 Ego
2058 1497 2147 1550 tibi

554 1604 686 1667 dico,
719 1611 774 1655 tu
799 1619 851 1655 es
883 1601 1099 1663 Petrus;
1134 1616 1225 1670 ego
1269 1597 1530 1666 (ediﬁcabo
1580 1594 1899 1656 Ecclesium,-
1938 1607 2028 1661 ego
2058 1589 2148 1644 tibi

555 1696 685 1750 dabo
710 1696 872 1748 claves
891 1692 1151 1748 ctelorum.
1189 1691 1251 1744 Et
1275 1690 1366 1745 so.
1393 1699 1530 1754 tunc,
1557 1703 1678 1742 cum
1727 1687 1842 1739 haec
1886 1684 2144 1748 dixisset,

556 1789 792 1858 princepit
819 1788 912 1851 eis,
935 1796 988 1839 ut
1010 1784 1197 1840 nemini
1224 1783 1444 1836 dicerent
1462 1779 1596 1850 quod
1613 1781 1720 1849 ipse
1743 1785 1870 1830 esset
1890 1774 2143 1829 Christus.

557 1880 624 1940 Et
659 1896 754 1936 cur
785 1879 1075 1949 praecepit?
1108 1876 1175 1932 [lt
1202 1873 1468 1930 scandalis
1491 1871 1557 1926 de
1587 1869 1764 1925 medio
1786 1866 2008 1923 sublatis
2031 1906 2046 1931 ,
2094 1873 2150 1919 et

556 1985 716 2027 cruce
741 1983 904 2041 atque
929 1971 1067 2036 aliis,
1101 1984 1220 2039 qua:
1257 1980 1444 2038 passus
1473 1973 1575 2027 est,
1599 1959 2003 2026 consummatis,
2027 1958 2149 2012 nul-

558 2063 716 2133 loque
745 2061 959 2116 demum
986 2066 1239 2123 restante,
1263 2055 1406 2127 quod
1432 2055 1516 2110 vel
1538 2052 1841 2123 impediret,
1861 2049 1944 2105 vel
1973 2049 2150 2104 turba-

558 2164 641 2209 ret
670 2155 829 2208 tidem
870 2155 922 2207 in
952 2153 1124 2222 ipsum
1166 2166 1195 2204 a
1242 2149 1424 2205 multis
1460 2155 1760 2216 susceptam
1786 2185 1800 2208 ,
1841 2143 2049 2198 sincera
2097 2149 2152 2196 et

559 2244 846 2299 immobilis
884 2244 1026 2297 circa
1065 2241 1246 2311 ipsum
1298 2239 1480 2310 opinio
1518 2237 1570 2291 in
1610 2236 1910 2291 auditorum
1961 2232 2152 2287 animis

559 2336 975 2405 imprimeretur.
1003 2333 1247 2391 Nondum
1275 2331 1419 2386 enim
1449 2329 1616 2400 ipsius
1648 2329 1815 2381 virtus
1862 2325 2005 2380 clare
2048 2321 2152 2376 ful-

557 2438 722 2484 serat.
760 2427 989 2497 Ideoque
1020 2435 1145 2480 tunc
1178 2424 1247 2479 ab
1291 2424 1398 2479 illis
1440 2437 1558 2477 eam
1601 2418 1878 2490 pra‘dicari
1902 2414 2150 2481 volebat,

559 2537 685 2577 cum
713 2530 764 2576 et
795 2521 936 2574 clara
990 2533 1169 2574 rerum
1201 2517 1418 2580 veritas,
1463 2523 1518 2569 et
1559 2520 1829 2584 gestorum
1861 2509 1939 2562 vis
1965 2521 2154 2576 magna

562 2613 926 2683 apostolorum
957 2611 1116 2665 dictis
1136 2609 1616 2680 patrocinarentur.
1645 2602 1761 2657 Non
1787 2601 1930 2656 enim
1951 2597 2156 2668 aequale

563 2720 698 2778 erat,
736 2711 908 2780 ipsum
957 2707 1138 2762 videre
1180 2707 1232 2760 in
1273 2703 1554 2758 Palaestina
1601 2713 1740 2755 nunc
1782 2695 2034 2753 miracula
2065 2708 2156 2764 pa-

564 2811 816 2867 trantem,
839 2815 981 2856 nunc
1005 2797 1340 2855 contumeliis
1364 2795 1610 2850 affectum
1652 2801 1710 2848 et
1754 2791 1964 2862 pulsum
1988 2805 2002 2854 ;
2033 2803 2155 2843 cum

565 2893 796 2947 maxime
813 2906 945 2947 crux
972 2889 1226 2944 miracula
1250 2887 1337 2943 illa
1363 2893 1648 2955 exceptura
1670 2892 1846 2946 esset;
1879 2881 2158 2952 ipsmnque

565 2984 870 3056 perspicere
901 2982 1025 3036 dum
1055 2980 1248 3049 ubique
1277 2989 1537 3033 terrarum
1559 2975 1892 3035 adoraretur,
1923 2971 2159 3038 lidesque

568 3078 620 3131 in
651 3076 800 3130 illum
827 3076 1050 3145 vigeret,
1083 3072 1322 3142 nihilque
1362 3070 1498 3124 ultra
1531 3076 1801 3138 pateretur
1815 3078 2007 3120 eorum
2039 3076 2160 3132 quae

567 3178 692 3224 ante
722 3182 910 3239 passus
937 3165 1128 3221 fuerat.
1161 3164 1288 3218 Ideo
1314 3160 1554 3232 pra-cipit
1586 3168 1640 3214 ut
1665 3157 1866 3213 nemini
1907 3155 2087 3210 dicant
2110 3154 2155 3206 '.

569 3260 707 3315 Nam
736 3258 878 3330 quod
923 3256 1087 3312 semel
1119 3254 1326 3310 radices
1353 3254 1550 3324 posuit,
1579 3252 1623 3305 si
1655 3258 1838 3319 postea
1866 3246 2157 3310 cvellatur,

567 3351 787 3406 difficile
813 3359 986 3419 potest
1008 3349 1200 3403 iterum
1227 3346 1519 3415 plantatum
1536 3342 1676 3412 apud
1704 3340 1901 3395 multos
1931 3336 2158 3402 ﬁrmari;

571 3443 714 3514 quod
753 3457 883 3495 vero
931 3449 1211 3509 postquam
1251 3435 1418 3491 semel
1464 3434 1702 3490 deﬁxum
1743 3440 1844 3495 est,
1885 3430 2160 3484 immotum

572 3541 772 3599 manet,
801 3531 1016 3586 nemine
1045 3527 1344 3583 molestiam
1373 3524 1634 3580 inferente
1663 3521 1815 3576 facile
1845 3520 2086 3590 pullulat,
2109 3527 2164 3574 et

573 3625 746 3694 majus
769 3623 1156 3677 incrementum
1183 3615 1394 3684 accipit.
1419 3613 1548 3668 Nam
1581 3613 1625 3667 si
1656 3613 1690 3666 ii
1721 3612 1808 3682 qui
1835 3611 1981 3679 signa
2013 3608 2163 3662 vide-

575 3726 693 3771 rant
721 3714 963 3785 plurima,
998 3718 1054 3766 et
1082 3717 1161 3765 tot
1181 3707 1522 3764 inefl‘abilium
1553 3703 1924 3775 mysteriorum
1949 3700 2164 3770 partici-

573 3824 666 3880 pes
691 3815 864 3872 erant,
896 3807 977 3861 vel
1010 3803 1125 3860 solo
1153 3801 1336 3856 auditu
1368 3797 1711 3854 scandalizati
1735 3804 1894 3860 sunt;
1923 3794 2030 3848 imo
2059 3807 2164 3847 non

574 3900 672 3969 ipsi
695 3899 819 3963 soli,
859 3896 954 3952 sed
985 3905 1040 3951 et
1085 3895 1278 3950 Petrus
1308 3892 1544 3946 omnium
1571 3887 1888 3959 coryphaeus
1917 3902 1930 3938 :
1963 3887 2164 3955 cegites

574 3991 733 4044 velim
760 3988 888 4058 quid
911 3986 1113 4057 passuri
1145 3993 1298 4040 erant
1320 3982 1553 4054 plurimi,
1586 3980 1630 4035 si
1657 3977 1963 4034 didicissent
1993 3976 2164 4045 ipsum

574 4097 694 4136 esse
722 4081 914 4136 Filium
942 4079 1060 4144 Dei,
1100 4088 1153 4133 et
1181 4086 1367 4148 postea
1393 4075 1652 4129 vidissent
1672 4087 1793 4127 eum
1823 4069 2080 4138 cruciligi.
2112 4076 2166 4121 et

575 4173 744 4243 sputis
793 4171 1004 4238 foedari,
1050 4185 1170 4226 cum
1219 4168 1596 4240 mysteriorum
1639 4161 1942 4234 huiusmodi
1969 4174 2164 4214 arcana

576 4280 681 4320 non
712 4273 956 4329 nossent,
986 4261 1212 4317 necdum
1255 4260 1509 4330 Spiritum
1537 4265 1779 4312 sanctum
1805 4254 2159 4325 accepissent.

575 4354 710 4410 Nam
736 4355 780 4409 si
816 4353 1093 4423 discipulis
1121 4351 1336 4407 dicebat
1367 4368 1379 4403 :
1410 4349 1574 4402 Multa
1606 4347 1762 4400 habeo
1795 4346 1932 4400 vobis
1966 4346 2160 4408 dicere,

575 4447 661 4500 sed
695 4463 795 4500 non
817 4445 1025 4515 potestis
1047 4453 1248 4514 portare
1283 4441 1432 4495 modo
1479 4441 1498 4511 (
1517 4439 1674 4493 Joan.
1705 4439 1792 4493 16.
1826 4437 1924 4508 12)
1953 4454 1967 4490 :
1997 4436 2164 4490 multo

575 4539 744 4607 magis
771 4537 977 4607 reliqua
1005 4533 1293 4590 multitudo
1319 4532 1640 4596 decidisset,
1672 4531 1715 4587 si
1747 4538 1871 4584 ante
1908 4536 2166 4598 opportu-

575 4646 702 4684 num
735 4637 964 4697 tempus,
996 4627 1137 4697 quod
1168 4629 1218 4680 in
1245 4625 1330 4680 bis
1375 4625 1645 4696 mysteriis
1658 4613 1976 4693 supremum
2008 4628 2122 4675 erat
2145 4659 2162 4685 ,

564 4723 706 4789 .ipsis
727 4723 1019 4778 revelatum
1047 4719 1258 4775 fuisset.
1287 4718 1492 4773 idcirco
1533 4717 1648 4772 haec
1676 4715 1860 4772 dicere
1891 4712 2161 4783 prohibet.

577 4813 644 4867 Et
693 4823 748 4866 ut
791 4812 967 4867 discas
995 4819 1252 4882 quantum
1283 4811 1539 4864 intererat
1585 4807 1795 4876 plenam
1842 4813 2022 4876 postea
2068 4802 2165 4856 do-

577 4905 804 4956 ctrinam
845 4903 1110 4973 accipere,
1140 4901 1421 4957 suunnotis
1461 4900 1525 4952 iis
1551 4913 1670 4965 qua:
1699 4895 2019 4950 offendicula
2045 4909 2165 4949 esse

579 5003 841 5063 poterant,
875 4995 924 5048 id
972 4995 1038 5048 ab
1078 4994 1194 5063 ipso
1240 4991 1526 5064 corypharo
1553 4988 1753 5059 accipe.
1801 4987 1915 5057 Ipse
1937 5001 2165 5054 namque

580 5087 786 5149 Petrus,
817 5086 902 5155 qui
928 5094 1047 5154 post
1075 5095 1152 5138 tot
1181 5086 1432 5140 miracula
1467 5083 1601 5138 adeo
1651 5079 1948 5135 imbecillus
1997 5093 2167 5148 appa-

579 5178 704 5240 ruit,
727 5187 786 5230 ut
810 5186 1050 5245 negaret,
1076 5175 1339 5240 vilemque
1369 5174 1593 5244 puellam
1624 5174 1856 5236 timeret,
1885 5180 2164 5241 postquam

576 5285 749 5324 crucis
777 5277 990 5337 peracto
1031 5269 1306 5340 mysterio,
1341 5267 1753 5322 resurrectionis
1780 5265 1954 5318 claras
1976 5261 2163 5315 habuit

578 5361 1084 5425 demonstrationes,
1118 5376 1238 5415 cum
1280 5360 1408 5412 nihil
1446 5359 1518 5412 illi
1559 5360 1693 5412 ultra
1723 5356 2043 5410 offendicqu
2073 5370 2165 5408 es-

577 5463 659 5509 set
680 5494 694 5520 ,
725 5453 856 5507 nihil
883 5467 1004 5506 cum
1038 5454 1293 5515 turbaret,
1321 5452 1400 5506 sic
1427 5453 1697 5505 innuptam
1731 5449 1897 5504 tenuit
1936 5447 2166 5517 Spiritus

583 5546 898 5613 doctrinam,
941 5555 999 5602 ut
1041 5546 1409 5601 vehementius
1449 5560 1607 5614 quam
1637 5545 1720 5599 leo
1764 5542 1818 5598 in
1859 5541 2164 5597 Judarorum

643 5703 661 5728 ‘
697 5699 882 5755 March.
907 5699 1144 5760 φροντιοάο
1164 5711 1280 5761 ergo
1301 5695 1525 5761 minoris
1538 5695 1627 5761 qui
1648 5695 1763 5761 talia
1788 5695 1898 5758 fecit
1928 5695 1951 5745 ?

648 5761 670 5791 ι
701 5768 828 5821 tunc,
845 5756 953 5812 ideo
977 5762 1197 5826 prtecipit
1222 5756 1270 5810 ut
1292 5759 1470 5812 nemini
1493 5758 1674 5822 dicunt,
1699 5756 1875 5812 desunt
1901 5761 1948 5806 in
1965 5756 2131 5808 novel.

1264 285 1319 337 S.
1358 278 1642 337 JOANNIS
1670 273 2170 333 CIIIlYSOSTOMI
2216 275 2528 331 ARCJIIEP.
2552 275 3084 333 CONSTANTINOP.

3725 283 3839 336 536

2252 393 2502 463 populum
2529 395 2774 456 irrueret,
2803 395 2901 449 etsi
2926 395 3157 465 pericula
3176 403 3231 450 et
3253 396 3399 451 mille
3427 409 3627 455 mortes
3659 401 3839 455 imun-

2245 496 2454 542 herent.
2479 485 2646 541 Multa
2671 489 2801 542 enim
2826 488 2982 541 habeo
3015 489 3150 542 vobis
3183 490 3366 556 dicere,
3398 491 3589 560 inquit,
3619 495 3706 546 sed
3732 512 3838 548 non

2247 577 2452 644 potestis
2475 591 2678 646 portare
2706 577 2872 630 modo.
2901 577 3038 645 Quin
3070 579 3229 632 etiam
3258 581 3420 634 multa
3467 581 3542 634 ab
3577 583 3666 636 illo
3689 583 3838 637 dii-ta

2247 683 2352 722 non
2380 669 2776 738 intelligebanl,
2815 686 2934 739 qua:
2977 679 3102 734 ante
3143 686 3356 725 crucem
3400 675 3674 728 manifesta
3723 692 3854 729 num

2247 762 2497 818 reddidit.
2533 763 2884 834 I‘osteaquam
2913 764 3069 834 igitur
3097 778 3485 834 resurrexerat,
3519 777 3644 821 tunc
3683 784 3840 838 qua:-

2245 855 2367 909 dam
2390 869 2576 909 eorum
2597 871 2716 925 qua:
2741 856 2948 911 dixerat
2971 857 3366 912 intellexerunt-
3397 858 3526 914 ,ιω-ε
3541 875 3673 930 ergo
3695 863 3842 916 mul-

2249 950 2315 1004 tis
2338 950 2608 1018 praecepit,
2635 964 2704 1005 ne
2733 949 2861 1004 illud
2893 961 3016 1005 ante
3036 952 3222 1008 crucis.
3240 951 3540 1021 passionem
3569 953 3839 1022 dicereut,

2247 1042 2461 1112 quando
2491 1057 2558 1096 ne
2583 1057 2744 1097 ausus
2771 1043 2984 1114 quidem
3022 1055 3104 1100 est
3129 1045 3214 1112 iis,
3246 1045 3338 1114 qui
3366 1054 3548 1114 postea
3571 1046 3842 1117 przedica-

2247 1135 2353 1188 turi
2383 1143 2565 1198 erant,
2615 1135 2794 1189 omnia
2837 1145 2960 1190 ante
2999 1151 3213 1192 crucem
3255 1140 3479 1207 aperire.
3525 1138 3612 1194 20.
3659 1139 3740 1193 Ea:
3779 1159 3841 1194 eo

2249 1235 2471 1297 tempore
2492 1227 2640 1296 capit
2661 1226 2813 1282 .Iesus
2840 1229 2962 1298 ipsis
2987 1229 3264 1294 ostendere,
3291 1230 3425 1301 quod
3449 1239 3696 1300 aporteret
3722 1249 3841 1285 eum

2245 1319 2376 1386 .pati.
2409 1317 2485 1372 Ex
2514 1333 2742 1388 quonam
2777 1319 3055 1390 tempore?
3079 1319 3211 1374 Cum
3259 1321 3360 1375 hoc
3402 1321 3594 1392 dogma
3639 1323 3692 1377 in
3733 1325 3842 1378 illis

2253 1409 2507 1473 inseruit;
2541 1424 2662 1465 cum
2687 1411 2922 1480 gentium
2951 1411 3154 1465 initium
3178 1411 3402 1466 induxit.
3434 1413 3504 1467 At
3548 1428 3724 1482 uernae
3761 1417 3843 1470 sic

2253 1503 2304 1558 id
2347 1502 2488 1572 quod
2517 1503 2792 1558 dicebatur
2821 1504 3204 1561 intellexerunt
3233 1525 3246 1558 :
3281 1506 3594 1572 Eratenim,
3630 1508 3839 1578 inquit.

2243 1596 2576 1650 absconditus
2622 1613 2787 1651 sermo
2815 1598 2879 1652 ab
2913 1599 2984 1652 eis
3013 1597 3177 1668 (Luc.
3213 1600 3298 1655 18.
3329 1600 3464 1670 54);
3510 1609 3565 1655 et
3606 1602 3758 1670 quasi
3789 1602 3842 1656 in

2253 1689 2578 1744 obscuritate
2597 1689 2825 1759 quadam
2849 1691 3217 1757 versabantur,
3251 1692 3554 1746 nescientes
3595 1707 3720 1747 eum
3751 1709 3842 1749 re-

2251 1792 2616 1837 surrecturum
2634 1797 2775 1838 esse.
2807 1784 3148 1854 Quapropter
3176 1786 3226 1838 in
3250 1784 3365 1838 istis
3404 1783 3710 1840 difﬁcilibus
3738 1786 3842 1839 im-

2255 1885 2532 1943 moratur,
2579 1886 2632 1930 et
2668 1890 2969 1931 sermonem
3003 1878 3326 1948 amplilieat,
3353 1888 3418 1934 tut
3457 1879 3562 1933 illis
3607 1891 3841 1936 mentem

2249 1968 2478 2036 aperiat,
2507 1976 2563 2022 et
2603 1967 2897 2038 intelligant
2925 1969 3049 2038 quid
3076 1969 3146 2022 sit
3171 1967 3298 2024 illud
3329 1969 3472 2039 quod
3493 1969 3706 2025 dicitur.
3736 1969 3843 2025 Ve-

2255 2075 2373 2112 rum
2407 2057 2527 2113 Non
2557 2059 2931 2127 intellexerunt,
2961 2061 3049 2114 sed
3076 2071 3183 2114 erat
3211 2062 3558 2116 absconditum
3577 2063 3701 2133 ipsis
3731 2080 3846 2117 vero

2253 2150 2372 2204 bum
2393 2152 2529 2205 istud
2554 2150 2848 2224 (Ibidem);
2891 2168 2990 2208 nec
3025 2154 3292 2210 audebant
3319 2154 3464 2209 illum
3492 2156 3842 2226 interrogare,

2257 2257 2364 2298 non
2395 2250 2568 2298 utrum
2598 2253 2740 2300 esset
2770 2245 3081 2311 moriturus,
3111 2245 3204 2301 sed
3245 2245 3513 2316 quomodo
3541 2255 3596 2302 et
3621 2263 3724 2316 qua
3753 2262 3844 2301 ra-

2255 2334 2422 2390 tione.
2454 2334 2526 2390 Et
2565 2335 2691 2406 quid
2729 2346 2847 2392 erat
2888 2338 2991 2393 hoc
3018 2339 3368 2409 mysterium?
3390 2337 3506 2393 Non
3533 2341 3674 2394 enim
3702 2339 3846 2394 seic-

2259 2425 2405 2491 bant,
2436 2427 2562 2497 quid
2583 2435 2726 2482 esset
2744 2442 3044 2498 resurgere,
3075 2429 3350 2500 multoque
3373 2429 3564 2484 melius
3584 2429 3847 2498 putabant

2258 2533 2380 2575 esse
2430 2535 2536 2575 non
2581 2521 2738 2576 mori.
2772 2520 2999 2592 Ideoque
3018 2522 3136 2578 aliis
3165 2523 3415 2578 omnibus
3435 2521 3761 2592 perturbatis
3786 2536 3849 2575 ac

2257 2609 2644 2677 dubitantibus,
2675 2627 2886 2666 rursum
2917 2611 3128 2678 Petrus,
3183 2621 3368 2684 utpote
3407 2613 3653 2679 fervens,
3697 2615 3849 2668 solus

2259 2714 2421 2755 ausus
2445 2710 2526 2757 est
2557 2701 2657 2757 hac
2679 2701 2748 2757 de
2774 2717 2833 2758 re
2862 2703 3005 2772 loqui
3034 2720 3047 2756 :
3077 2719 3250 2775 neque
3278 2713 3454 2760 tamen
3495 2705 3724 2774 publice,
3755 2703 3848 2759 sed

2262 2805 2504 2846 seorsum
2530 2810 2544 2857 ;
2575 2792 2625 2847 id
2657 2801 2759 2859 est,
2790 2794 2858 2850 ab
2885 2795 3003 2849 aliis
3030 2804 3268 2850 semotus
3287 2795 3598 2865 discipulis;
3631 2797 3846 2865 aitque:

2261 2883 2350 2938 22.
2384 2883 2647 2954 Propitius
2673 2886 2759 2939 tibi
2797 2886 2886 2954 sis,
2917 2885 3152 2952 Domine,
3199 2903 3300 2942 non
3337 2888 3430 2942 erit
3455 2887 3543 2941 tibi
3570 2887 3682 2941 hoc.
3711 2888 3848 2956 Quid

2265 2976 2366 3031 hoc
2387 2979 2508 3031 est?
2549 2978 2640 3048 qui
2670 2978 3048 3034 revelationem
3075 2978 3278 3042 habuit,
3331 2980 3422 3048 qui
3448 2979 3636 3034 beatus
3659 2979 3852 3049 pra-di-

2264 3078 2542 3136 catus‘est,
2570 3069 2654 3124 hic
2693 3069 2873 3123 subito
2911 3069 3093 3139 lapsus
3116 3069 3330 3134 cecidit,
3361 3069 3433 3123 ita
3459 3080 3516 3124 ut
3545 3064 3849 3139 passionem

2265 3161 2425 3216 etiam
2454 3160 2780 3215 timeret?et
2806 3159 2932 3230 quid
2959 3161 3172 3225 mirum,
3215 3160 3260 3214 si
3301 3160 3366 3224 is,
3411 3159 3499 3229 qui
3540 3160 3638 3213 hac
3677 3159 3747 3214 de
3796 3171 3852 3210 re

2259 3269 2371 3308 non
2397 3260 2680 3322 acceperat
2719 3253 3122 3318 revelationem,
3167 3251 3221 3306 id
3265 3265 3451 3322 passus
3472 3252 3576 3306 sit?
3610 3250 3675 3306 Ut
3707 3251 3850 3304 enim

2262 3343 2442 3400 discas
2465 3344 2617 3399 illum
2646 3359 2708 3398 ea
2738 3359 2857 3413 qua:
2881 3358 3040 3415 supra
3069 3343 3209 3399 dicta
3237 3353 3361 3398 sunt
3405 3359 3511 3398 non
3539 3359 3603 3397 ex
3633 3358 3692 3398 se
3725 3358 3853 3412 pro-

2271 3438 2454 3493 tulisse
2479 3478 2492 3504 ,
2524 3437 2644 3492 vide
2687 3436 2953 3506 quomodo
2974 3438 3024 3490 in
3049 3436 3131 3490 his
3163 3452 3283 3506 quae
3323 3435 3424 3490 sibi
3463 3435 3700 3490 revelata
3748 3448 3851 3487 non

2268 3527 2512 3594 fuerant,
2560 3527 2800 3583 turbetur
2843 3536 2899 3583 et
2937 3535 3238 3593 evertatur,
3287 3535 3340 3582 et
3365 3526 3558 3580 millies
3588 3525 3852 3579 audiendo

2270 3636 2377 3676 non
2409 3621 2614 3675 noverit
2651 3621 2775 3690 quid
2801 3620 3084 3676 diceretur.
3116 3619 3247 3674 Nam
3273 3618 3416 3689 quod
3454 3618 3620 3673 Filius
3650 3619 3741 3673 Dei
3771 3633 3854 3673 es-

2269 3725 2375 3779 set,
2401 3713 2451 3767 id
2475 3722 2620 3768 certe
2642 3723 2892 3778 noverat;
2923 3714 3045 3782 quid
3068 3722 3242 3767 autem
3266 3713 3335 3766 sit
3355 3711 3662 3783 mysterium
3679 3711 3852 3766 crucis

2269 3813 2322 3861 et
2340 3805 2764 3866 resurrectionis.
2784 3804 3018 3860 nondum
3034 3805 3132 3873 ipsi
3150 3805 3299 3859 clare
3319 3813 3501 3858 notum
3523 3813 3656 3857 erat.
3673 3802 3851 3856 Sermo
3871 3871 3876 3875 _

2269 3897 2638 3967 enim,inquit,
2658 3907 2764 3951 erat
2785 3897 2908 3968 ipsis
2931 3898 3173 3952 occultus.
3207 3895 3366 3951 Vides
3390 3895 3670 3964 illumjure
3698 3910 3848 3948 man-

2269 3988 2447 4056 dasse,
2479 4003 2548 4042 ue
2575 3988 2694 4041 aliis
2712 3987 2990 4042 dicerent?
3011 3986 3142 4040 Nam
3175 3987 3221 4043 si
3252 4001 3346 4041 eos
3381 4000 3514 4055 quos
3539 3985 3589 4038 id
3615 3984 3852 4039 ediscere

2271 4081 2631 4137 necessarium
2660 4090 2781 4136 erat
2813 4082 2885 4136 ita
2923 4080 3179 4146 turbavit,
3215 4079 3342 4150 quid
3377 4095 3482 4134 non
3506 4079 3645 4149 passi
3673 4088 3853 4133 essent

2267 4173 2487 4229 czeteri?
2509 4173 2624 4243 Ipse
2643 4189 2770 4227 vero
2789 4182 2848 4227 ut
2872 4171 3182 4228 ostenderet
3200 4187 3259 4226 se
3283 4187 3388 4226 non
3405 4171 3624 4225 invitum
3642 4169 3708 4224 ad
3727 4185 3852 4238 pas-

2270 4270 2476 4324 sionem
2490 4268 2695 4332 venire,
2712 4267 3001 4336 increpavit
3017 4265 3250 4331 Petrum,
3264 4274 3608 4334 satanamque
3623 4266 3847 4317 vocavit.

2338 4363 2392 4416 4.
2434 4360 2510 4414 De
2545 4375 2692 4414 cruce
2723 4358 2909 4416 Christi
2947 4376 3047 4413 non
3072 4357 3478 4413 erubescendum.
3505 4358 3644 4414 Crux
3662 4359 3853 4429 quoties

2269 4463 2377 4507 tum
2402 4453 2598 4524 publice
2625 4464 2729 4506 tum
2758 4453 2992 4522 pii-vatim
3016 4453 3260 4506 adhibita.
3284 4481 3354 4492 --
3379 4451 3610 4506 Audiant
3655 4449 3744 4520 qui
3789 4449 3853 4504 de

2269 4562 2428 4604 cruce
2463 4546 2660 4602 Christi
2697 4547 3038 4622 erubescunt.
3069 4547 3275 4600 Etenim
3305 4545 3349 4600 si
3388 4543 3704 4616 coryphazus
3741 4543 3849 4606 ille,

2268 4649 2555 4710 antequam
2595 4639 2772 4693 omnia
2817 4639 2984 4708 probe
3023 4638 3220 4701 sciret,
3261 4635 3403 4707 quod
3451 4635 3540 4690 tali
3582 4643 3728 4690 esset
3773 4632 3850 4686 af-

2270 4728 2433 4796 fectu,
2463 4741 2677 4785 satanas
2703 4729 3002 4799 appellatus
3030 4738 3132 4795 est,
3164 4744 3322 4800 quam
3367 4728 3576 4783 veniam
3607 4741 3849 4780 mercan-

2269 4832 2358 4878 tur
2397 4824 2473 4878 illi
2515 4822 2624 4892 qui,
2667 4829 2788 4890 post
2833 4829 3032 4876 tantam
3070 4819 3607 4881 demonstrationem,
3637 4830 3854 4871 recoun-

2271 4916 2431 4970 miam
2462 4913 2696 4984 negant?
2719 4913 2944 4981 Quando
2967 4914 3109 4969 enim
3136 4913 3216 4966 vir
3234 4912 3325 4981 qui
3351 4911 3536 4966 beatus
3559 4909 3852 4978 appellatus

2270 5019 2370 5073 eSI,
2403 5007 2491 5077 qui
2521 5006 2679 5062 talem
2709 5006 2925 5075 protulit
2965 5004 3377 5068 confessionem,
3407 5001 3522 5056 haec
3550 5010 3725 5055 tanien
3761 5013 3851 5053 au-

2270 5099 2369 5164 dit,
2399 5101 2450 5153 in
2479 5099 2660 5153 animo
2691 5108 2876 5167 reputa
2904 5105 3101 5166 quanta
3132 5096 3339 5165 passuri
3370 5094 3478 5150 sint
3515 5094 3572 5158 ii,
3611 5094 3700 5162 qui
3734 5098 3850 5162 post

2272 5193 2372 5247 ista
2399 5190 2712 5261 mysterium
2737 5190 2913 5244 crucis
2941 5187 3295 5256 vilipendunt.
3315 5185 3428 5240 Non
3455 5185 3606 5249 dixit,
3632 5182 3848 5238 Satanas

2273 5299 2368 5354 per
2392 5292 2444 5338 te
2473 5283 2722 5352 loquutus
2763 5288 2879 5345 est;
2909 5278 3022 5345 sed,
3055 5279 3145 5334 25.
3189 5277 3328 5332 Vade
3358 5286 3468 5344 post
3499 5291 3596 5342 nte,
3627 5284 3846 5328 satanas.

2271 5376 2403 5430 Nam
2429 5375 2676 5443 cupiebat
2703 5371 3040 5426 adversarius
3069 5381 3125 5425 ut
3153 5369 3398 5424 Christus
3418 5383 3522 5422 non
3544 5375 3846 5437 pateretur:

2274 5468 2395 5525 ideo
2436 5469 2513 5523 sic
2540 5467 2883 5522 vehementer
2922 5463 3233 5531 increpavit,
3265 5460 3407 5532 quod
3444 5456 3850 5514 maximclseiret

2274 5574 2327 5618 et
2357 5564 2502 5616 illum
2530 5569 2585 5617 et
2613 5560 2746 5614 alios
2773 5561 2872 5613 hoc
2897 5559 3070 5627 ipsum
3101 5555 3308 5619 timere,
3335 5568 3509 5623 neque
3538 5551 3694 5606 facile
3725 5545 3846 5604 illud

2275 5654 2576 5707 admittere.
2630 5650 2965 5718 Quapropter
3007 5648 3201 5700 mentis
3261 5647 3378 5712 eius
3421 5657 3612 5698 arcana
3659 5639 3850 5696 revelat

2280 5746 2462 5800 dicens
2491 5763 2503 5798 :
2536 5742 2656 5798 Non
2681 5743 2818 5808 sapis
2848 5756 2904 5796 ea
2934 5748 3056 5809 qua"
3083 5737 3176 5792 Det
3201 5746 3337 5808 sunt,
3361 5737 3448 5790 sed
3477 5751 3533 5790 ea
3554 5750 3669 5805 quia
3694 5728 3838 5786 homi-
