4102 6422
275 336 380 392 537

274 467 420 505 nam.
441 447 580 517 Quid
609 462 772 518 porro
796 446 925 502 illud
952 455 1055 513 est,
1086 445 1201 500 Non
1229 445 1370 516 sapis
1391 462 1448 500 ea
1477 461 1591 515 quae
1618 444 1710 498 Dei
1729 454 1866 510 sunt,

277 548 371 598 sed
397 561 456 598 ea
483 558 595 607 quia
633 543 895 595 hominum
916 542 943 596 .'
967 541 1060 595 llle
1105 540 1338 594 humano
1381 550 1433 594 et
1462 549 1674 594 terreno
1703 538 1870 592 ratio-

274 637 423 690 cinio
449 651 560 690 rem
589 635 921 699 examinans,
971 633 1186 703 putabat
1231 634 1279 688 id
1307 633 1522 687 Christo
1564 642 1718 701 turpe
1752 648 1872 687 esse

275 739 331 785 et
363 728 696 782 indecorum.
742 728 916 796 Ipsum
959 727 1135 796 itaque
1173 743 1399 795 carpens
1443 728 1554 782 ait:
1586 726 1701 781 Non
1733 727 1872 782 inde-

276 834 466 874 corum
497 827 582 872 est
606 833 691 872 me
719 818 825 887 pati
847 835 861 871 :
885 817 976 872 sed
1001 827 1052 872 tu
1083 817 1282 872 carnali
1303 817 1868 884 consilioitajudicas:

274 910 372 979 qui
401 909 446 962 si
473 909 762 964 secundum
788 909 954 964 Deum
980 909 1120 963 dicta
1139 909 1398 972 audisses,
1421 926 1449 963 a
1478 909 1676 964 carnali
1695 911 1873 964 animo

276 1003 582 1074 expeditus,
612 1003 779 1057 scires
809 1003 859 1057 id
889 1018 975 1058 me
999 1004 1230 1058 ntaxime
1255 1003 1450 1059 decere
1475 1020 1489 1068 ;
1521 1012 1578 1058 tu
1605 1005 1748 1060 enim
1777 1020 1872 1072 puo

280 1106 385 1159 tas,
419 1094 688 1164 indignam
717 1110 832 1148 rem
858 1110 999 1160 esse,
1041 1096 1087 1148 si
1129 1095 1182 1149 id
1223 1110 1322 1163 ego
1368 1096 1575 1165 patiar:
1609 1111 1709 1165 ego
1744 1111 1874 1150 vero

281 1190 406 1244 dico
432 1189 552 1252 tibi,
581 1188 774 1242 diaboli
806 1189 1274 1244 voluntatemesse
1304 1199 1358 1242 ut
1387 1205 1485 1259 ego
1516 1204 1620 1243 non
1655 1191 1825 1258 patiar
1855 1204 1870 1242 :

278 1299 352 1339 ex
395 1282 682 1337 contrariis
725 1281 1135 1336 sollicitudinem
1189 1281 1306 1350 ejus
1345 1281 1690 1350 reprimebat.
1723 1281 1882 1335 Sicut

279 1375 426 1430 enim
457 1372 716 1428 Joannem
744 1373 833 1442 qui
863 1373 1134 1442 indignum
1167 1370 1381 1426 Christo
1407 1371 1626 1440 putabat
1649 1385 1789 1434 esse,
1827 1372 1872 1425 si

279 1464 420 1518 abse
437 1463 818 1531 baptizaretur,
833 1462 896 1516 ad
922 1462 971 1517 id
992 1462 1298 1517 faciendum.
1315 1462 1519 1516 induxit
1535 1462 1755 1516 dicens:
1785 1461 1875 1516 Sic

280 1557 422 1610 decet
469 1572 560 1608 nos
587 1554 800 1626 (Matth.
848 1556 902 1611 δι
947 1554 1073 1625 15);
1115 1562 1168 1608 et
1217 1554 1314 1623 ipsi
1362 1554 1520 1609 Petro
1561 1554 1722 1623 pedes
1747 1569 1874 1608 suos

281 1650 463 1703 lavare
492 1647 788 1718 prohibenti
815 1647 966 1713 dixit,
1005 1646 1120 1700 Non
1143 1647 1294 1701 habes
1316 1657 1509 1716 partem
1531 1663 1744 1710 mecum,
1776 1647 1876 1699 nisi

282 1739 436 1809 pedes
481 1749 593 1794 tuos
631 1739 797 1792 lavero
828 1737 1006 1807 (Joan.
1041 1739 1132 1793 15.
1158 1736 1241 1810 8).
1267 1756 1280 1791 :
1307 1738 1386 1794 sic
1419 1748 1472 1792 et
1512 1737 1613 1792 hoc
1649 1738 1766 1792 loco
1808 1753 1874 1792 ex

281 1831 567 1887 contrariis
596 1832 768 1902 ipsum
795 1832 1071 1900 repressit,
1099 1839 1152 1887 et
1183 1830 1562 1900 increpationis
1583 1829 1873 1885 vehemen-

284 1925 356 1978 tia
388 1923 635 1978 timorem
663 1923 928 1992 passionis
959 1923 1232 1978 exstinxit.
1273 1923 1552 1978 Neminem
1582 1924 1740 1994 igitur
1780 1939 1877 1993 pu-

281 2016 409 2072 deat
450 2016 839 2071 bonorabilium
871 2015 1059 2070 salutis
1100 2025 1297 2070 nostrae
1335 2015 1722 2086 symbolorum,
1755 2030 1875 2086 qua:

281 2117 412 2162 sunt
437 2117 610 2176 eaput-
637 2107 920 2167 bonorum.
963 2122 1058 2176 per
1080 2123 1201 2178 qua:
1229 2107 1476 2173 vivimus,
1509 2123 1604 2178 per
1641 2123 1760 2178 quas
1786 2123 1877 2163 su-

284 2215 414 2256 mus
432 2199 565 2255 rsed
594 2215 808 2255 crucem
833 2199 1027 2255 Christi
1057 2201 1206 2272 quasi
1247 2217 1500 2258 coronam
1529 2202 1875 2257 circumfera-

283 2307 446 2358 mus;
477 2307 574 2361 per
591 2306 710 2347 eam
737 2292 880 2348 enim
908 2292 1086 2347 omnia
1111 2309 1233 2363 quae
1257 2293 1330 2348 ad
1354 2308 1449 2348 nos
1476 2303 1877 2364 spectantper-

285 2386 558 2440 ficiuntur.
610 2385 667 2441 Si
731 2388 1037 2457 regenerari
1086 2397 1375 2458 oporteat,
1425 2403 1565 2444 crux'
1598 2387 1783 2451 adest;
1830 2387 1879 2441 si

282 2477 516 2547 mystico
537 2476 628 2531 illo
647 2476 767 2531 cibo
789 2479 997 2543 nutriri,
1016 2479 1060 2533 si
1079 2479 1334 2545 ordinari,
1359 2489 1419 2534 et
1436 2481 1478 2534 si
1501 2479 1710 2550 quidvis
1731 2479 1877 2534 aliud

282 2569 612 2636 faciendum,
641 2570 837 2640 ubique
864 2573 1017 2627 nobis
1058 2570 1209 2628 adest
1247 2572 1349 2628 hoc
1390 2573 1626 2629 victoriae
1663 2573 1879 2646 symbo-

283 2660 418 2715 lum.
449 2660 650 2716 Idcirco
672 2671 727 2717 et
753 2661 917 2728 domi,
946 2674 1001 2719 et
1026 2663 1077 2718 in
1109 2664 1425 2732 parietibus,
1445 2666 1573 2720 etin
1604 2665 1874 2733 fenestris,

281 2762 341 2809 et
369 2753 421 2807 in
446 2753 618 2809 fronte
644 2763 698 2810 et
720 2754 772 2810 in
803 2766 1003 2822 mente,
1036 2756 1178 2812 illam
1217 2772 1338 2812 cum
1383 2758 1548 2812 multo
1585 2758 1762 2814 studio
1783 2759 1878 2815 de-

285 2845 577 2916 pingimus.
627 2846 738 2901 Hoc
786 2848 981 2918 quippe
1032 2849 1240 2918 signum
1293 2860 1376 2905 est
1425 2860 1623 2906 nostra:
1666 2853 1874 2920 salutis,

282 2938 588 2992 communis
614 2938 896 3002 libertatis,
920 2947 975 2993 et
997 2941 1420 2996 mansuetudinis
1451 2943 1658 2998 Domini
1688 2962 1701 2998 :
1729 2942 1878 2999 Sicut

283 3031 393 3084 oris
435 3031 577 3084 enim
619 3030 687 3083 ad
715 3031 1009 3084 occisionem
1048 3031 1224 3086 ductus
1249 3041 1321 3086 est
1370 3031 1507 3105 (Act.
1535 3033 1590 3089 8.
1621 3034 1711 3089 52.
1747 3033 1876 3089 Isai.

283 3123 379 3178 53.
410 3123 486 3191 7).
515 3123 646 3177 Cum
679 3122 840 3191 igitur
875 3131 926 3176 te
958 3121 1156 3192 signas,
1199 3132 1366 3177 totum
1398 3124 1572 3180 crucis
1597 3141 1879 3193 argumen-

287 3225 402 3272 tum
429 3218 622 3286 cogita,
650 3216 932 3286 exstingue
950 3217 1080 3270 iram
1105 3231 1398 3284 omneSque
1421 3233 1610 3287 pravos
1633 3217 1876 3273 allectus.

284 3309 500 3364 Cumte
526 3309 726 3379 signas,
759 3310 920 3362 multa
951 3307 1140 3363 fiducia
1178 3310 1407 3363 frontem
1438 3317 1584 3363 tuam
1613 3311 1780 3379 reple,
1811 3309 1879 3362 li-

286 3402 473 3456 beram
505 3399 665 3454 facito
690 3401 943 3454 animam.
974 3399 1134 3455 Scitis
1165 3401 1322 3470 plane
1351 3416 1596 3471 qumuam
1624 3402 1732 3455 sint
1759 3417 1880 3471 qua:

287 3491 588 3547 libertatem
615 3490 771 3545 nobis
792 3491 1017 3560 pariant.
1040 3489 1166 3546 Ideo
1186 3492 1381 3547 Paulus
1401 3491 1466 3544 ad
1495 3491 1546 3546 id
1574 3505 1672 3546 nos
1686 3491 1883 3546 cohor-

289 3594 432 3648 tans,
462 3584 564 3639 hoc
587 3591 668 3639 est
689 3583 756 3637 ad
782 3583 1080 3639 libertatem
1109 3583 1262 3639 nobis
1277 3594 1679 3653 congruentem,
1705 3583 1881 3638 crucis

289 3688 347 3730 et
388 3675 664 3746 sanguinis
703 3675 956 3730 dominici
996 3676 1267 3731 mentione
1326 3675 1500 3742 facta,
1546 3675 1643 3730 sic-
1677 3675 1877 3730 habet:

293 3766 489 3833 Pretio,
520 3768 711 3837 inquit,-
742 3769 896 3837 cmpti
923 3769 1041 3822 estis
1065 3784 1085 3831 ;
1126 3785 1188 3822 ne
1214 3768 1324 3822 sitis
1361 3769 1490 3822 servi
1518 3767 1778 3822 hominum
1804 3769 1879 3839 (1.

292 3862 412 3918 Cor.
446 3863 497 3915 Ἰ.
523 3862 640 3931 23).
671 3862 878 3929 Cogita,
910 3863 1118 3932 inquit,
1158 3863 1382 3931 pretium
1425 3878 1520 3932 pro
1550 3871 1878 3916 te-numeru-

293 3964 426 4020 tum,
455 3963 614 4024 atque
643 3954 839 4008 nullius
870 3954 1100 4008 hominis
1120 3955 1226 4008 eris
1250 3967 1434 4007 servus
1452 3954 1730 4022 ;'prctium
1754 3967 1882 4006 vero

292 4061 508 4101 crucem
551 4056 726 4100 vocat.
775 4044 958 4115 Neque
992 4044 1134 4099 enim
1179 4041 1497 4113 simpliciter
1541 4044 1686 4098 illam
1716 4042 1883 4112 digito

292 4141 579 4196 efformare
607 4149 836 4210 oportet,
870 4139 961 4195 sed
994 4141 1138 4208 prius
1159 4139 1434 4193 voluntate
1460 4147 1513 4192 et
1550 4137 1713 4190 multa
1756 4135 1878 4189 fide.

291 4231 348 4287 Si
404 4231 506 4287 hoc
552 4231 712 4286 modo
765 4231 912 4286 illam
951 4231 1015 4284 in;
1047 4229 1178 4284 facie
1220 4240 1306 4283 tua
1349 4227 1676 4298 depinxeris,
1707 4226 1882 4280 nullus

293 4325 624 4396 impurornm
665 4324 968 4378 dtetuonum
1015 4331 1197 4377 contra
1242 4330 1294 4377 te
1335 4330 1480 4375 stare
1522 4319 1737 4388 poterit,
1758 4333 1882 4372 cum

291 4435 481 4478 ensem
534 4419 710 4473 videat
749 4433 858 4489 quo
887 4418 1073 4470 vulnus
1115 4416 1339 4484 accepit,
1378 4429 1498 4468 cum
1533 4413 1768 4483 gladium
1801 4411 1884 4464 vi-

291 4513 420 4568 deat
447 4527 551 4580 quo
572 4509 714 4564 letali
755 4509 908 4578 plaga
935 4505 1208 4575 perfossus
1235 4513 1338 4558 est.
1383 4503 1438 4560 Si
1469 4519 1565 4557 nos
1593 4503 1737 4556 enim
1767 4502 1883 4555 loca

295 4605 546 4660 videntes
585 4601 675 4656 ubi
722 4601 797 4655 rei
841 4600 1138 4661 caeduntur,
1184 4595 1676 4666 perhorrescimus,
1709 4592 1882 4662 cogita

293 4695 424 4765 quid
472 4693 678 4762 passuri
723 4694 830 4746 sint
871 4690 1115 4746 diabolus
1155 4699 1209 4744 et
1233 4688 1529 4754 damnones,
1561 4686 1723 4740 telum
1753 4683 1883 4737 illud

295 4787 561 4850 videntes,
601 4800 706 4856 quo
732 4783 974 4839 Christus
1005 4789 1170 4835 totam
1208 4781 1416 4834 illorum
1448 4777 1739 4846 potentiam
1778 4775 1888 4830 sol-

295 4877 776 4946 vit,.d.racouisque
802 4882 964 4944 caput
1007 4872 1252 4928 abscidit.
1283 4869 1361 4925 Ne
1389 4869 1567 4940 itaque
1605 4876 1656 4922 te
1691 4866 1886 4936 pudeat

299 4974 432 5026 tanti
471 4969 674 5040 accepti
719 4967 867 5034 boui,
907 4981 976 5020 ne
1013 4963 1282 5019 Christum
1326 4962 1400 5016 tui
1450 4959 1645 5031 pudeat
1673 4957 1886 5028 quando

296 5063 477 5118 veniet
501 5075 623 5117 cum
649 5059 818 5130 gloria
846 5072 964 5121 sua,
1003 5066 1057 5111 et
1082 5055 1186 5109 hoc
1211 5055 1419 5124 signum
1461 5061 1588 5105 ante
1612 5049 1884 5105 Christum

295 5152 567 5210 videbitur
618 5151 748 5221 ipsis
798 5148 1064 5203 solaribus
1118 5145 1282 5201 radiis
1333 5142 1686 5212 splendidius.
1739 5140 1889 5196 Tunc

298 5248 444 5302 cnim
474 5259 606 5300 crux
630 5242 827 5306 veniet,
857 5248 1146 5309 conspectu
1184 5253 1285 5293 suo
1311 5251 1498 5291 vocem
1533 5235 1804 5299 amittens,
1835 5241 1892 5288 et

299 5340 558 5393 adversus
601 5335 786 5390 orbem
831 5341 1000 5387 totum
1050 5346 1265 5386 causam
1320 5328 1525 5383 Domini
1571 5327 1887 5393 defendens,

300 5431 703 5497 ostendensque
748 5425 883 5480 nihil
924 5440 988 5479 ex
1020 5424 1138 5492 ejus
1185 5432 1335 5492 parte
1377 5419 1631 5475 defuisse.
1678 5420 1788 5472 Hoc
1814 5417 1890 5472 sis-

297 5539 464 5594 gnum
495 5531 549 5575 et
576 5519 838 5589 majorum
867 5526 1171 5571 nostrorum
1217 5524 1457 5582 tempore
1481 5521 1535 5566 et
1564 5526 1678 5565 aevo
1707 5519 1894 5563 nostro

294 5616 511 5672 clausas
528 5611 738 5684 aperuit
751 5609 970 5680 januas;
991 5607 1093 5661 hoc
1110 5608 1316 5677 signum
1333 5614 1592 5659 venenata
1609 5601 1893 5671 pharmace

299 5706 589 5769 exstinxit;
640 5702 741 5756 hoc
767 5701 951 5754 cicuta:
980 5700 1086 5753 vim
1130 5699 1319 5762 solvit;
1369 5697 1470 5751 hoc
1511 5705 1893 5748 veneuatarum

301 5799 538 5858 fcrarum
559 5807 774 5854 morsus
785 5792 1010 5850 curavit.
1031 5790 1161 5846 Nam
1179 5788 1416 5861 si-portas
1438 5786 1726 5843 inferorum
1763 5798 1894 5854 ape-

1381 329 1443 385 ΙΝ
1483 324 1890 384 ΜᾹΤΤΗΑΞΗΜ
1928 324 2156 382 HOMIL.
2199 324 2329 379 LIV.
2372 328 2443 377 al.
2486 323 2573 378 LV

3469 324 3567 381 π

1978 447 2104 508 ruit,
2133 446 2175 502 si
2207 444 2461 499 caelorum
2486 444 2622 499 ostia
2653 444 2933 509 reseravit,
2961 451 3014 499 et
3041 441 3270 513 paradisi
3291 444 3568 499 renovavit

1979 537 2295 607 ingressum,
2314 537 2356 590 si
2373 535 2568 590 diaboli
2588 552 2779 592 nervos
2805 536 3019 592 rescidit
3039 557 3052 592 :
3071 535 3196 607 quid
3215 537 3406 592 mirum
3425 537 3468 590 si
3487 536 3567 591 le-

1979 627 2132 685 tifera
2149 629 2455 699 pharmaca,
2476 627 2634 692 feras,
2654 629 2862 700 aliaque
2886 629 3569 700 hujusmodisuperaverit?

2048 722 2103 777 5.
2140 721 2254 777 Hoc
2281 737 2408 792 ergo
2438 721 2493 775 in
2537 731 2714 776 mente
2741 730 2828 776 tua
2863 722 3138 791 insculpe,
3174 731 3228 777 et
3266 723 3566 778 animarum

1977 821 2293 874 nostrarum
2341 811 2567 866 salutem
2612 812 2952 881 amplectere.
3015 813 3138 867 llzrc
3191 812 3386 882 quippe
3437 829 3567 868 crux

1977 905 2163 960 orbem
2185 905 2421 959 servavit
2465 915 2517 961 et
2545 907 2838 972 convertit,
2872 922 3111 963 errorem
3151 909 3386 978 expulit,
3429 910 3569 964 veri-

1979 1007 2138 1051 tatem
2168 997 2407 1061 induxit,
2445 1008 2639 1052 terram
2666 999 2854 1054 caelum
2900 999 3104 1060 effecit.
3135 1002 3377 1057 homines
3407 1019 3570 1072 augeo

1977 1088 2058 1142 los
2075 1087 2328 1144 reddidit.
2345 1087 2402 1141 Vi
2432 1091 2604 1143 crucis
2633 1089 2905 1145 dzcmones
2923 1107 3029 1146 non
3060 1092 3194 1148 ultra
3222 1093 3567 1162 formidandi,

1977 1181 2073 1236 sed
2120 1181 2446 1252 despiciendi
2494 1194 2655 1248 sunt;
2707 1199 2879 1254 neque
2934 1201 3080 1240 mors
3127 1203 3273 1241 mors
3305 1195 3421 1254 est,
3472 1189 3567 1243 sed

1977 1290 2198 1331 somnus
2216 1291 2349 1346 aper
2371 1292 2583 1332 crucem
2611 1294 2728 1347 qua:
2750 1280 2900 1334 nobis
2926 1282 3370 1348 adversabantur,
3389 1283 3567 1337 omnia

1977 1365 2124 1421 humi
2170 1367 2374 1437 dejecta
2404 1369 2804 1425 conculcantur.
2836 1371 2890 1425 Si
2915 1373 3036 1442 quis
3063 1388 3190 1443 ergo
3237 1373 3376 1428 dicat
3431 1374 3522 1429 tibi
3557 1416 3570 1440 ,

1977 1460 2372 1517 Crucilixumne
2397 1461 2630 1517 adoras?
2658 1462 2776 1518 lana
2802 1478 2951 1528 voce,
2982 1464 3134 1520 hilari
3163 1466 3307 1520 vultu
3339 1481 3568 1536 respon-

1978 1553 2066 1619 de,
2101 1552 2281 1608 Adoro
2300 1596 2316 1620 ,
2339 1569 2441 1609 nec
2466 1553 2724 1609 adorandi
2755 1556 2913 1610 finem
2942 1555 3153 1612 faciam.
3183 1558 3238 1612 Si
3271 1558 3473 1624 rideat,
3502 1559 3570 1614 de

1979 1644 2093 1711 ejus
2121 1642 2324 1698 insania
2354 1643 2618 1716 lacrymas
2642 1645 2825 1702 funde.
2871 1646 3080 1703 Gratias
3108 1664 3204 1719 age
3235 1649 3468 1704 Domino
3504 1651 3574 1706 de

1980 1735 2138 1790 tantis
2182 1735 2456 1793 beneficiis
2476 1781 2490 1803 ,
2523 1754 2642 1810 qua:
2672 1740 2788 1796 sine
2813 1741 3010 1798 etelesti
3040 1743 3461 1799 revelatione-ne
3487 1743 3573 1798 dis

1978 1843 2130 1885 scere
2154 1829 2368 1900 quidem
2398 1831 2518 1902 quis
2546 1831 2732 1903 possit.
2769 1832 2894 1889 Ideo
2913 1849 3106 1905 nempe
3133 1835 3385 1890 hieridet
3405 1875 3419 1900 ,
3451 1835 3587 1906 quia.

1979 1922 2230 1978 Animalis
2259 1925 2414 1978 homo.
2452 1941 2553 1979 non
2581 1926 2796 1997 percipit
2837 1942 2896 1980 ea
2923 1943 3035 1999 qua:
3065 1927 3290 1998 Spiritus
3310 1938 3429 1982 sunt
3475 1928 3493 1997 (
3520 1929 3585 1981 1..

1980 2015 2098 2071 Cor.
2120 2015 2173 2070 2.
2201 2016 2267 2070 14
2281 2014 2322 2087 ).
2341 2015 2483 2070 .Nam
2510 2024 2580 2071 et.
2595 2016 2743 2086 pueri
2763 2017 2841 2072 sic
2858 2016 3224 2084 solentafﬁci,
3243 2033 3367 2073 cum
3386 2033 3578 2088 magna

1980 2106 2221 2178 quaedam
2252 2105 2594 2161 etmirabilia
2625 2105 2892 2162 viderint:
2923 2109 2968 2162 si
2999 2107 3254 2164 infantem
3283 2110 3348 2164 ad
3375 2120 3575 2182 myste~

1980 2199 2118 2253 rium
2147 2197 2505 2253 iutroduxeris
2525 2238 2540 2264 ,
2581 2198 2798 2254 ridebit.
2831 2199 2922 2255 His
2958 2201 3194 2272 puerulis
3219 2203 3423 2258 similes
3453 2214 3573 2262 sunt

1978 2291 2204 2362 gentiles
2225 2307 2240 2355 ;
2274 2291 2382 2345 imo
2402 2290 2486 2346 his
2502 2305 2712 2361 quoque
2730 2301 2853 2346 sunt
2881 2292 3319 2362 impcrfectiorcs.
3347 2296 3574 2366 ldeoquu

1981 2387 2319 2453 miseriores,
2355 2386 2496 2458 quod
2544 2402 2651 2442 non
2691 2386 2743 2442 in
2776 2389 3093 2454 immatura,
3121 2388 3214 2444 sed
3265 2388 3316 2442 in
3342 2387 3575 2459 perfecta

1981 2491 2159 2548 actate,
2180 2481 2370 2537 eodem
2401 2498 2506 2553 quo
2535 2485 2684 2554 pueri
2711 2484 2872 2538 modo
2900 2483 3229 2548 afficiantur;
3253 2491 3576 2552 quapropter

1981 2573 2136 2630 venia
2166 2583 2292 2630 sunt
2321 2574 2540 2647 indigni.
2570 2575 2676 2632 Sed
2708 2590 2807 2631 nos
2835 2576 2976 2631 clara
3007 2589 3303 2645 magnaque
3330 2588 3460 2628 voce
3484 2613 3499 2637 ,
3525 2585 3577 2628 et

1983 2667 2219 2722 clamore
2249 2667 2488 2723 adhibito
2534 2668 2808 2733 dicamus;
2861 2668 3202 2737 imo'majore
3229 2682 3351 2724 cum
3387 2664 3578 2722 fiducia

1983 2760 2027 2814 si
2083 2759 2313 2830 gentiles
2362 2774 2554 2816 omnes
2603 2760 2778 2816 adsint
2809 2778 2821 2815 :
2849 2758 3028 2816 Gloria
3084 2768 3263 2813 nostra
3300 2773 3428 2812 crux
3458 2765 3576 2822 est,

1984 2861 2144 2922 caput
2191 2852 2451 2907 bonorum
2481 2853 2756 2921 omnium,
2806 2852 2996 2908 fiducia
3040 2863 3094 2908 et
3122 2867 3341 2908 corona.
3374 2851 3577 2906 Vellent

1982 2959 2108 2999 cum
2136 2944 2300 2999 Paulo
2326 2959 2486 3014 posse
2513 2945 2692 3000 dicere
2724 2963 2736 2998 :
2770 2943 2876 2998 Per
2898 2960 3045 3015 quem
3070 2944 3196 3002 mihi
3222 2943 3438 2997 mundus
3463 2959 3581 2996 cru-

1981 3035 2164 3102 ciﬁxus
2191 3044 2284 3100 est,
2317 3045 2363 3090 et
2389 3051 2479 3108 ego
2503 3037 2693 3089 mundo
2728 3034 2886 3106 (Gal.
2913 3035 2964 3091 6.
3000 3036 3104 3106 14)
3140 3054 3153 3091 :
3186 3034 3280 3091 sed
3321 3051 3426 3090 non
3454 3048 3576 3104 pos-

1984 3141 2104 3183 sum
2153 3128 2397 3196 plurimis
2447 3128 2696 3184 dctentus
2743 3128 3040 3185 affectibus.
3099 3132 3438 3199 Quapropter
3484 3142 3581 3182 vos

1986 3219 2194 3285 hortnr,
2213 3229 2268 3273 et
2291 3230 2415 3275 ante
2435 3234 2532 3275 vos
2566 3220 2849 3290 meipsum,
2874 3229 2934 3274 ut
2954 3219 3154 3274 nuutdo
3179 3219 3578 3288 crucifigamur,

1985 3311 2221 3382 nihilque
2250 3326 2536 3367 commune
2564 3325 2694 3364 cum.
2718 3318 2861 3364 terra
2892 3310 3181 3365 habeamus
3201 3308 3342 3376 ,,scd
3383 3323 3578 3378 super-

1985 3419 2118 3458 nam.
2133 3417 2374 3458 amemus
2393 3393 2622 3473 patriam
2646 3443 2660 3465 ,
2693 3401 2918 3472 gloriam
2942 3402 3084 3456 illam
3105 3401 3291 3468 ,_bona
3321 3401 3580 3456 czelcstia.

1984 3497 2114 3551 Nam
2146 3496 2306 3566 Regis
2331 3495 2562 3551 carlestis
2581 3494 2784 3549 milites
2809 3509 2993 3549 sumus
3010 3536 3024 3560 ,
3052 3503 3106 3548 ct
3135 3494 3300 3548 armis
3325 3493 3579 3563 spiritua-

1986 3589 2126 3645 libus
2173 3588 2460 3643 induimur.
2492 3586 2600 3643 Cur
2628 3601 2756 3658 ergo
2794 3601 3092 3657 cauponum
3115 3628 3130 3653 ,
3162 3585 3538 3640 circulatorum
3559 3626 3576 3650 ,

1986 3682 2096 3736 imo
2125 3681 2387 3735 vermium
2417 3679 2577 3734 vitam
2609 3678 2858 3748 agimus?
2904 3677 3006 3734 Ubi
3035 3678 3180 3732 enim
3210 3692 3303 3756 rex
3332 3686 3416 3733 est
3443 3717 3460 3742 ,
3507 3675 3579 3730 ibi

1985 3773 2208 3827 militem
2249 3786 2369 3828 esse
2393 3779 2624 3841 oportet.
2663 3769 2796 3824 Nam
2843 3769 3038 3824 milites
3083 3783 3268 3824 sumus
3298 3785 3310 3822 :
3347 3783 3453 3822 non
3485 3782 3579 3821 co-

1987 3879 2107 3919 rum
2150 3863 2238 3934 qui
2267 3863 2422 3934 longe
2443 3903 2459 3928 ,
2492 3861 2586 3917 sed
2616 3877 2802 3916 eorum
2834 3863 2922 3931 qui
2963 3875 3128 3930 prope
3173 3868 3317 3914 sunt.
3366 3858 3578 3913 Etenim

1986 3970 2082 4010 rex
2113 3965 2358 4009 terrenus
2385 3969 2489 4007 non
2523 3953 2780 4022 permittit
2805 3967 2993 4007 omnes
3022 3952 3074 4006 in
3104 3951 3248 4022 regia
3276 3966 3396 4006 esse
3416 3992 3429 4016 ,
3478 3965 3579 4006 nec

1985 4048 2051 4102 ad
2079 4048 2196 4118 ejus
2221 4047 2385 4102 latera
2416 4048 2741 4110 consistere;
2763 4056 2818 4101 at
2851 4045 3084 4101 crclestis
3126 4045 3215 4101 ille
3245 4045 3360 4099 Rex
3391 4056 3580 4099 omnes

1987 4157 2153 4215 prope
2183 4141 2388 4211 regium
2409 4139 2602 4195 solium
2631 4139 2648 4169 ¹
2687 4139 2798 4192 vult
2823 4137 3038 4193 adesse.
3072 4137 3138 4193 Et
3168 4136 3438 4207 quomodo
3460 4135 3581 4192 fieri

1987 4241 2200 4304 potest,
2231 4232 2466 4301 inquies,
2494 4239 2552 4284 ut
2580 4230 2664 4284 hic
2705 4229 2993 4299 degentes,
3017 4243 3184 4298 prope
3218 4226 3409 4282 solium
3451 4226 3578 4280 illud

1985 4326 2226 4382 stemus?
2255 4325 2388 4392 Quia
2414 4332 2468 4380 et
2489 4324 2683 4378 Paulus
2704 4337 2827 4376 cum
2857 4322 2908 4375 in
2933 4332 3074 4376 terra
3102 4328 3276 4384 esset,
3303 4319 3371 4372 ibi
3400 4327 3579 4373 tamen

1986 4430 2134 4486 erat,
2167 4419 2254 4473 ubi
2310 4418 2590 4488 Scraphim
2621 4426 2675 4472 et
2711 4415 3000 4472 Cherubim
3026 4457 3042 4482 ,
3075 4413 3292 4484 propius
3326 4411 3541 4468 Christo
3562 4455 3578 4477 ,

1986 4533 2144 4587 quam
2173 4514 2431 4571 satellites
2461 4512 2793 4583 imperatori.
2823 4509 2888 4564 Hi
2919 4523 3148 4579 namque
3182 4523 3323 4577 smpe
3345 4506 3579 4562 circum-

1987 4625 2196 4682 quaque
2241 4608 2572 4679 respiciuut;
2617 4606 2705 4660 ille
2748 4619 2878 4658 vero
2924 4602 3067 4658 nulla
3111 4599 3501 4672 imaginationis
3528 4600 3579 4652 vi

1987 4715 2165 4757 motus
2211 4701 2292 4757 vel
2335 4701 2634 4756 abstractus
2669 4705 2817 4760 erat,
2844 4695 2938 4749 sed
2984 4694 3184 4748 intenta
3228 4700 3406 4746 mente
3450 4690 3583 4760 Regi

1987 4795 2203 4848 Christo
2247 4791 2506 4847 haerebat.
2558 4789 2733 4858 Quare
2763 4787 2805 4840 si
2834 4785 3193 4849 voluerimus,
3231 4798 3328 4837 nos
3368 4798 3584 4851 quoque

1989 4887 2042 4944 id
2070 4885 2384 4958 poterimus.
2416 4882 2544 4938 Nam
2585 4883 2626 4936 si
2653 4880 2890 4934 locorum
2923 4876 3201 4933 intervallo
3232 4883 3468 4930 semotus
3496 4889 3584 4929 es-

1990 4989 2093 5043 set,
2128 4991 2231 5033 non
2263 4979 2380 5032 sine
2400 4989 2558 5030 causa
2590 4972 2703 5027 huic
2723 4969 3020 5039 objiceres;
3043 4969 3136 5023 sed
3164 4967 3210 5022 si
3232 4967 3426 5036 ubique
3448 4983 3584 5036 prm-

1992 5087 2116 5128 sens
2145 5080 2227 5127 est
2249 5113 2263 5137 ,
2294 5069 2433 5139 vigili
2473 5076 2529 5122 et
2568 5073 2773 5119 attequ
2800 5071 2946 5117 certe
2973 5061 3214 5130 proxime
3252 5059 3421 5115 adest.
3453 5058 3582 5114 Ideo

1993 5166 2252 5235 prepheta
2282 5160 2513 5224 dicebat,
2542 5157 2662 5210 Non
2692 5153 2870 5208 timebo
2897 5153 3033 5206 mala
3051 5152 3291 5222 quoniam
3317 5161 3370 5205 tu
3387 5167 3582 5204 mecum

1994 5277 2045 5315 es
2070 5262 2087 5330 (
2109 5257 2252 5313 Psal.
2281 5253 2374 5311 22.
2403 5253 2478 5323 4)
2511 5268 2526 5305 :
2559 5258 2620 5304 et
2639 5263 2820 5304 rursus
2850 5248 2962 5317 ipse
3001 5246 3139 5300 Deus
3168 5263 3181 5299 :
3215 5243 3354 5297 Deus
3389 5259 3582 5313 appro-

1996 5353 2244 5422 pinquans
2294 5363 2383 5417 ego
2433 5360 2578 5408 sum,
2630 5357 2731 5395 non
2782 5339 2921 5393 Deus
2948 5337 3125 5403 procul
3154 5335 3298 5407 (λεν.
3321 5335 3413 5390 23.
3443 5333 3578 5403 23).

1995 5445 2142 5502 Sicut
2171 5440 2312 5496 enim
2341 5445 2558 5508 peccata
2575 5450 2671 5488 nos
2698 5433 2766 5488 ab
2797 5431 2886 5486 illo
2914 5431 3254 5499 disjungunt,
3283 5427 3361 5481 sic
3379 5425 3583 5496 justitia

1998 5554 2096 5593 nos
2125 5532 2365 5606 adjungit
2405 5530 2521 5599 ipsi.
2554 5527 2684 5583 Nam
2711 5527 2785 5581 ait
2815 5544 2828 5580 :
2855 5523 3036 5578 Adhuc
3061 5533 3109 5576 te
3136 5522 3366 5592 loquente
3391 5519 3582 5581 dicam,

2001 5629 2131 5684 Ecce
2159 5627 2339 5680 adsum
2383 5620 2545 5693 (Psai.
2575 5618 2662 5674 58.
2686 5615 2770 5689 9).
2801 5614 2933 5684 Quis
2963 5622 3113 5686 pater
3139 5610 3218 5667 sic
3247 5610 3385 5664 ﬁlios
3415 5623 3585 5677 nepo-

2065 5789 2082 5820 ί
2117 5790 2246 5842 Unus
2262 5783 2431 5840 habet,
2457 5776 2744 5830 dominicum
2769 5769 2957 5824 soliwn.
