4102 6426
564 349 671 404 539

565 478 748 537 tesque
774 464 950 519 audiat
971 463 994 517 ?
1012 475 1130 534 qua:
1157 467 1328 515 mater
1354 460 1422 512 ita
1454 467 1634 528 parata
1667 463 2014 526 promptaque
2041 451 2140 516 sit,

565 579 631 615 nc
661 575 719 616 se
751 559 895 613 ﬁlioli
943 551 1242 610 advocent?
1299 551 1467 608 Nemo
1495 559 1676 613 certe,
1710 564 1814 602 non
1839 557 2007 616 pater,
2039 561 2142 600 non

563 663 755 718 mater,
781 649 879 706 sed
909 649 1048 703 Deus
1077 644 1222 700 solus
1247 644 1458 699 assidue
1480 649 1770 712 exspectat,
1800 655 1926 692 num
1945 637 2064 709 quis
2085 651 2146 692 se

562 745 974 799 domesticorum
1000 739 1244 802 advocet,
1265 752 1365 792 nec
1391 751 1640 806 umquam
1667 742 1726 786 ut
1752 732 1906 786 decet
1929 737 2144 784 vocatus

560 855 588 893 a
621 837 807 903 nobis,
855 851 962 891 non
1016 833 1235 889 audivit.
1291 831 1416 887 Ideo
1448 830 1522 884 ait
1551 849 1562 882 :
1597 828 1774 881 Adhuc
1813 836 1858 879 te
1887 825 2143 894 loquente,

561 949 667 986 non
696 929 1022 1001 exspectabo
1046 926 1220 983 donec
1242 925 1443 980 finieris
1463 965 1475 986 ,
1509 921 1601 977 sed
1642 919 1817 974 statim
1843 917 2144 973 exaudiam.

561 1023 897 1079 Advocemus
933 1021 1109 1091 itaque
1149 1018 1298 1074 illum
1324 1026 1382 1071 ut
1408 1016 1517 1070 vult
1545 1013 1792 1068 advocari
1823 1029 1835 1064 :
1869 1009 2147 1079 Quomodo

560 1116 668 1170 τυιι
696 1114 871 1184 ergo?
915 1113 1097 1177 Solve,
1123 1111 1331 1181 inquit,
1364 1121 1509 1162 omne
1551 1105 1804 1159 uinculum
1850 1102 2144 1173 injustitiw,

561 1209 776 1263 dissolve
822 1206 1149 1277 obligationes
1193 1203 1528 1257 uiolentarum
1573 1198 1893 1269 pactionum,
1951 1211 2146 1248 onmem

556 1299 861 1369 scripturam
902 1297 1128 1364 iniquam
1156 1292 1441 1347 conscinde.
1471 1289 1676 1359 Frange
1705 1287 1940 1344 esurienti
1967 1301 2148 1356 panem

560 1403 724 1458 tuum,
753 1401 800 1445 et
828 1404 1073 1461 pauperes
1098 1401 1347 1457 uagosque
1373 1384 1528 1438 induc
1560 1383 1612 1436 in
1635 1383 1838 1435 domum
1886 1391 2042 1434 tuam.
2087 1379 2149 1433 Si

559 1482 744 1535 videris
773 1480 988 1545 nudum,
1017 1477 1155 1548 operi
1182 1493 1316 1541 eum,
1339 1484 1386 1529 et
1412 1474 1705 1528 domesticos
1724 1471 1925 1526 seminis
1946 1472 2018 1524 tui
2047 1486 2149 1523 non

561 1573 866 1643 despexeris.
894 1570 1036 1626 Tunc
1075 1577 1301 1637 erumpet
1343 1566 1642 1619 matutinum
1691 1565 1856 1617 lumen
1877 1572 2018 1615 tuum
2043 1603 2056 1625 ,
2099 1571 2148 1616 et

561 1663 772 1719 medelte
793 1675 892 1718 tua:
912 1679 1030 1717 mox
1050 1662 1274 1715 orientur
1301 1669 1345 1714 et
1371 1658 1567 1730 prteibit
1589 1669 1704 1710 ante
1725 1665 1770 1710 te
1786 1658 1988 1726 justitia
2018 1667 2102 1710 tua
2127 1695 2146 1724 ,

561 1771 610 1811 et
636 1758 800 1828 gloria
819 1754 918 1810 Dei
963 1753 1351 1808 circumamiciet
1391 1761 1455 1804 te.
1499 1749 1640 1803 Tunc
1669 1749 1920 1803 inoocnbis
1943 1766 2022 1802 me
2044 1791 2058 1814 ,
2100 1759 2148 1804 et

563 1849 833 1902 erattdiam
867 1854 932 1900 te.
965 1845 1146 1899 Adhuc
1188 1852 1236 1898 te
1275 1843 1505 1912 loquente
1541 1841 1724 1894 dicam.
1783 1839 1918 1894 Ecce
1967 1841 2149 1894 adsum

562 1943 582 2009 (
608 1939 733 1994 Isai.
765 1938 854 1994 58.
883 1935 1036 2008 6-9).
1071 1935 1178 1991 Sed
1204 1935 1431 2005 inquies,
1461 1933 1589 1999 Quis
1623 1933 1738 1986 haec
1766 1933 1943 1986 omnia
1975 1932 2148 1987 facere
2219 1987 2231 2002 ν

561 2030 801 2102 poterit?
829 2029 941 2084 lmo
965 2043 1113 2091 vero,
1155 2027 1241 2082 dic
1262 2039 1466 2096 quasso,
1497 2025 1617 2095 quis
1649 2041 1754 2078 non
1785 2024 1996 2095 potest?
2019 2025 2146 2094 quid

561 2124 705 2176 cutim
726 2136 790 2175 ex
817 2119 974 2176 dictis
1004 2120 1075 2174 ita
1101 2117 1350 2173 difﬁcile?
1373 2116 1500 2188 quid
1535 2115 1860 2186 operosum?
1886 2116 2010 2187 quid
2041 2131 2148 2171 non

560 2213 718 2269 facile
740 2213 766 2266 ?
810 2212 883 2267 Ita
911 2225 1016 2266 non
1047 2209 1208 2265 modo
1233 2209 1502 2280 possibilia
1528 2217 1686 2274 sunt,
1715 2208 1808 2264 sed
1839 2216 1894 2263 et
1927 2207 2100 2264 facilia
2129 2249 2144 2275 ,

560 2316 618 2358 ut
655 2303 807 2358 multi
833 2318 1018 2359 eorum
1064 2316 1370 2357 mensuram
1418 2301 1766 2368 excesserint,
1813 2315 1921 2355 non
1973 2301 2146 2355 solum

559 2397 756 2465 iujusta
811 2397 1161 2467 chirographa
1206 2396 1538 2462 lacerantes,
1571 2394 1664 2449 sed
1694 2408 1815 2450 sese
1855 2394 2009 2450 bonis
2038 2395 2149 2450 suis

559 2489 954 2558 exspatiantes;
984 2504 1088 2543 non
1111 2488 1273 2542 modo
1300 2487 1398 2542 sub
1419 2495 1563 2541 tecto
1582 2496 1636 2542 et
1655 2486 1722 2541 ad
1745 2501 1980 2540 mensam
2020 2501 2151 2556 pau-

559 2597 720 2651 peres
737 2582 1081 2651 recipientes,
1100 2580 1192 2636 sed
1221 2581 1379 2634 etiam
1410 2579 1476 2634 ad
1508 2578 1623 2633 illos
1652 2578 1874 2634 alendos
1898 2593 2147 2648 magnum

562 2675 805 2744 corporis
833 2673 1068 2730 laborem
1112 2681 1168 2729 et
1195 2673 1444 2729 sudorem
1471 2673 1860 2742 suscipientes;
1911 2687 2016 2726 non
2061 2687 2151 2728 co-

563 2766 739 2836 gnatis
767 2765 946 2832 modo,
980 2766 1073 2822 sed
1090 2766 1250 2821 etiam
1279 2765 1508 2820 inimicis
1538 2765 1793 2821 beneﬁcia
1810 2773 2144 2835 praestantes.

633 2859 686 2915 6.
713 2859 852 2929 Quid
882 2861 935 2915 in
958 2859 1278 2930 supradictis
1305 2859 1519 2916 difﬁcile
1545 2860 1658 2914 est?
1678 2859 1793 2914 Non
1823 2861 1962 2916 enim
1996 2861 2146 2927 dixit,

561 2951 906 3008 Transceude
951 2961 1193 3018 montes,
1249 2965 1396 3006 mare
1421 2952 1640 3020 trajice,
1673 2961 1752 3007 tot
1779 2960 1831 3007 et
1859 2961 1935 3007 tot
1963 2951 2148 3022 jugera

561 3051 722 3095 terras
765 3039 985 3096 ell‘odias
1005 3083 1020 3108 ,
1045 3040 1259 3110 jejunus
1281 3039 1375 3094 diu
1400 3055 1646 3107 maneas,
1688 3055 1845 3096 sacco
1872 3053 1924 3096 te
1954 3042 2146 3108 indue;

560 3132 679 3198 sed,
709 3131 961 3188 Proximo
995 3135 1294 3204 impertire,
1326 3149 1514 3204 panem
1545 3135 1766 3205 largire,
1795 3135 1990 3205 injusta
2038 3135 2152 3190 chi-

562 3223 826 3294 rographa
856 3225 1117 3282 rescinde.
1145 3225 1281 3295 Quid
1300 3269 1313 3291 ,
1344 3241 1526 3296 quasso
1545 3267 1558 3291 ,
1587 3226 1668 3282 his
1694 3227 1899 3284 facilius
1925 3230 1946 3282 ἲ
1997 3229 2150 3298 Quod

561 3318 605 3368 si
637 3315 872 3371 difficilia
897 3316 986 3371 illa
1013 3324 1199 3387 putes,
1236 3317 1452 3387 praemia
1485 3319 1691 3388 respice
1711 3360 1726 3386 ,
1755 3329 1810 3374 et
1856 3319 2027 3375 facilia
2057 3321 2152 3376 tibi

562 3415 740 3460 erunt.
791 3406 1250 3474 Quemadmodum
1295 3409 1438 3463 enim
1482 3423 1639 3479 reges
1681 3410 1734 3464 in
1784 3409 2151 3481 bippodromis

563 3504 690 3552 ante
713 3496 1052 3552 decertantes
1079 3512 1306 3553 coronas
1327 3540 1342 3562 ,
1385 3498 1564 3554 bravia
1610 3508 1665 3554 et
1689 3502 2003 3557 vestimenta
2050 3519 2150 3574 pu-

563 3597 731 3656 nunt,
763 3590 840 3644 sic
865 3598 919 3646 et
947 3590 1189 3646 Christus
1214 3593 1267 3646 in
1295 3591 1470 3647 medio
1513 3592 1686 3649 stadio
1712 3595 1932 3664 praemia
1966 3597 2110 3666 ponit
2134 3641 2148 3662 ,

563 3696 628 3735 ac
677 3681 829 3752 quasi
885 3683 1175 3739 multorum
1230 3684 1473 3740 manibus
1520 3699 1614 3755 per
1666 3689 1942 3758 praphctw
1987 3691 2150 3744 verba

563 3771 834 3843 expandit.
867 3774 944 3828 Ac
975 3788 1128 3846 reges
1156 3775 1370 3846 quidem
1392 3819 1406 3842 ,
1439 3780 1540 3832 etsi
1581 3778 1771 3834 millies
1802 3795 1957 3850 reges
2001 3782 2108 3836 sint
2131 3821 2148 3848 ,

564 3871 753 3932 utpote
782 3862 1055 3933 homines,
1087 3863 1254 3921 ﬂuxas
1301 3867 1498 3922 habent
1526 3882 1656 3938 opes
1695 3879 1750 3925 et
1777 3869 2150 3926 liberalitatem

562 3971 683 4022 qua:
711 3965 999 4011 evacuatur
1019 3998 1034 4023 ,
1066 3972 1186 4028 quae
1212 3973 1377 4028 pauca
1420 3975 1546 4017 vere
1574 3970 1698 4016 sunt
1719 4006 1735 4032 ,
1766 3963 1930 4020 multa
1982 3965 2151 4021 videri

561 4045 816 4113 student;
841 4047 964 4102 ideo
983 4049 1188 4120 singula
1213 4051 1437 4122 singulis
1459 4053 1718 4109 ministris
1737 4054 1865 4110 dant
1883 4099 1898 4121 ,
1927 4064 1981 4111 et
2001 4057 2078 4112 sic
2100 4059 2152 4112 in

563 4138 800 4193 taedium
830 4139 1134 4210 adducunt;
1160 4154 1347 4199 contra
1369 4162 1494 4202 vero
1522 4148 1638 4203 Rex
1666 4159 1848 4206 noster
1871 4153 2052 4208 omnia
2080 4154 2144 4207 si-

565 4231 676 4285 mul
704 4233 1070 4302 accumulans,
1090 4237 1214 4306 quia
1237 4237 1470 4292 abundat
1493 4240 1701 4309 opibus,
1729 4242 1862 4297 nihil
1887 4243 1953 4298 ad
1970 4255 2154 4300 osten-

563 4322 819 4377 tationem
849 4324 994 4394 facit,
1047 4328 1231 4399 sicque
1277 4330 1328 4384 in
1384 4331 1560 4386 medio
1606 4335 1854 4403 proponit
1902 4351 1994 4400 ea,
2035 4353 2154 4408 qua!

562 4416 805 4483 exposita
845 4415 1104 4476 immensa
1143 4429 1333 4488 erunt,
1393 4423 1677 4495 multisque
1730 4428 1974 4484 manibus
2018 4446 2156 4501 opus

563 4508 668 4562 erit
691 4507 758 4564 ad
785 4524 852 4566 ea
869 4511 1191 4569 exhibenda.
1226 4516 1378 4581 Quod
1409 4527 1463 4571 ut
1485 4518 1710 4585 ediscas,
1735 4520 1924 4577 horum
1946 4525 2152 4596 singula

562 4599 844 4671 diligenter
907 4605 1104 4676 aspice.
1155 4606 1302 4662 Tunc
1357 4621 1583 4681 erumpet
1634 4617 1934 4670 matutinum
1985 4619 2154 4673 lumen

561 4702 725 4750 tuum.
783 4697 977 4753 Annon
1027 4699 1242 4756 videtur
1282 4716 1447 4757 unum
1491 4719 1609 4760 esse
1637 4706 2004 4768 donum?Sed
2046 4729 2154 4770 non

558 4799 730 4842 unum
760 4799 844 4845 est
867 4807 880 4844 :
901 4807 1028 4847 nam
1057 4793 1223 4850 multa
1262 4794 1404 4850 intus
1435 4796 1594 4854 habet
1620 4799 1825 4868 bravia,
1879 4819 2109 4863 coronas
2135 4851 2150 4876 ,

1275 341 1330 398 S.
1371 338 1645 396 JOA'NNIS
1681 331 2163 394 CllRYSOSTOlll
2205 331 2517 388 ARiIlllEP.
2559 331 3096 390 CONSTANTINOP.

3739 331 3854 390 5l0

2251 460 2550 520 casteraque
2578 450 2814 519 praemia.
2833 449 3030 518 Quare,
3054 448 3098 503 si
3126 447 3318 519 placet,
3349 446 3432 502 bis
3450 449 3702 505 revolutis
3732 451 3855 505 sin-

2251 541 2468 610 gulatim
2492 541 2705 595 divitias
2728 541 2887 595 hasce
2911 540 3282 607 exhibeamus,
3303 548 3561 610 quantum
3597 539 3672 594 fas
3703 541 3854 608 erit;

2251 639 2455 686 tantum
2471 646 2537 686 ne
2554 631 2830 686 deficiatis.
2851 632 2928 686 Ac
2949 631 3121 700 primo
3139 629 3408 685 discamus
3435 630 3560 701 quid
3587 630 3657 685 sit
3683 631 3853 699 illud,

2251 719 2515 792 Erumpet.
2538 721 2723 793 Neque
2745 723 2886 778 enim
2913 721 3064 787 dixit,
3091 721 3402 791 Apparebit,
3429 721 3546 786 sed,
3571 720 3855 790 Erumpet,

2249 823 2305 869 et
2331 815 2660 870 celeritatem
2683 824 2738 870 et
2763 815 2970 886 capiam
3003 814 3157 870 nobis
3183 815 3437 881 ostendit,
3487 823 3541 869 et
3581 825 3856 885 quantum

2250 906 2472 961 salutem
2511 916 2750 961 nostram
2793 906 3062 962 desideret
3083 913 3138 960 et
3167 921 3324 976 quam
3362 907 3555 976 gestiat
3583 907 3722 960 bona
3759 905 3856 960 i!la

2252 997 2518 1065 proferri,
2551 996 2794 1067 nihilque
2842 1010 2962 1052 esse
3017 995 3158 1066 quod
3201 995 3522 1052 inell'nbilem
3580 997 3852 1066 impetum

2250 1097 2496 1144 coerceat
2539 1107 2552 1144 :
2601 1088 2795 1159 quibus
2840 1087 3088 1143 omnibus
3134 1088 3393 1142 immensa
3443 1102 3628 1142 eorum
3683 1090 3854 1157 copia

2251 1181 2565 1237 ostenditur.
2591 1181 2728 1249 Quid
2757 1188 2935 1236 autem
2966 1179 3095 1236 illud
3124 1190 3208 1236 est
3227 1222 3242 1248 ,
3275 1179 3624 1234 Matutinum.’
3652 1179 3708 1235 id
3735 1189 3852 1244 est,

2252 1285 2357 1326 non
2398 1281 2521 1342 post
2549 1272 2899 1327 tentationum
2929 1272 3218 1328 certamina
3248 1313 3263 1336 ,
3295 1287 3393 1327 nec
3421 1282 3536 1341 post
3574 1273 3851 1327 malorum

2253 1365 2522 1419 incursum
2555 1379 2570 1429 ;
2607 1363 2700 1418 sed
2732 1362 2846 1418 hec
2871 1364 3158 1434 prtevenit.
3209 1363 3667 1429 Quemadmodum
3694 1365 3850 1419 enim

2253 1456 2303 1510 in
2328 1455 2591 1510 fructibus
2619 1455 2935 1509 matutinum
2961 1454 3188 1508 dicimus
3233 1454 3283 1508 id
3313 1454 3452 1523 quod
3476 1464 3600 1508 ante
3628 1463 3854 1524 tempus

2251 1553 2490 1616 apparet,
2521 1545 2598 1599 sic
2627 1553 2681 1598 et
2708 1544 2808 1598 hoc
2829 1544 2964 1609 loco,
2983 1544 3306 1600 celeritatem
3335 1559 3518 1599 rursus
3547 1545 3852 1600 ostendens

2253 1637 2324 1691 ita
2351 1635 2507 1700 dixit,
2538 1645 2596 1690 ut
2641 1650 2799 1705 supra
2825 1635 3036 1691 dicebat
3065 1652 3078 1688 :
3108 1636 3288 1689 Adhuc
3315 1645 3362 1689 te
3383 1635 3614 1704 loquente
3633 1638 3808 1690 dicam
3830 1675 3848 1696 ,

2253 1727 2385 1783 Ecce
2421 1729 2621 1782 adsum.
2653 1727 2805 1796 Quod
2836 1727 3012 1782 lumen
3037 1727 3200 1794 dicit,
3231 1727 3388 1798 quale
3415 1727 3626 1782 tandem
3655 1727 3843 1782 lumen

2251 1819 2370 1874 est?
2414 1819 2530 1874 Non
2574 1818 2677 1874 hoc
2721 1819 2951 1886 sensile,
2983 1818 3079 1873 sed
3107 1817 3248 1872 aliud
3291 1818 3460 1872 multo
3499 1819 3848 1888 praestantius

2249 1926 2356 1980 quo
2381 1910 2568 1965 ciuium
2589 1951 2606 1978 ,
2634 1909 2851 1980 angelos
2871 1951 2886 1975 ,
2915 1909 3296 1980 archangelos,
3322 1907 3612 1964 Cherubim
3629 1951 3642 1975 ,
3673 1908 3850 1964 Sera-

2253 2001 2398 2070 pbim
2419 2041 2436 2068 ,
2478 2000 2807 2070 principatus
2826 2041 2841 2063 ,
2873 2009 3197 2070 potestates,
3229 1999 3454 2055 thronos
3473 2041 3489 2067 ,
3515 2000 3851 2055 dominatio-

2252 2106 2379 2157 nes,
2409 2091 2716 2147 universum
2765 2091 3058 2146 exercitum
3082 2131 3099 2158 ,
3129 2091 3302 2161 regias
3330 2091 3480 2146 aulas
3507 2101 3562 2147 et
3593 2093 3850 2148 taberna-

2254 2182 2373 2237 cula
2404 2182 2667 2237 videmus.
2691 2182 2822 2236 Nam
2849 2184 2893 2237 si
2922 2182 3121 2237 lumine
3147 2182 3238 2238 illo
3262 2180 3508 2252 dignatus
3534 2181 3702 2238 fueris
3723 2226 3740 2250 ,
3791 2193 3852 2239 et

2252 2273 2368 2328 btec
2389 2272 2594 2328 videbis
2617 2313 2633 2339 ,
2664 2281 2719 2327 et
2763 2271 3005 2341 eripieris
3031 2287 3060 2326 a
3081 2271 3321 2344 gebenna
3343 2314 3359 2339 ,
3388 2287 3417 2326 a
3466 2288 3646 2327 verme
3672 2288 3847 2328 vene-

2253 2375 2412 2430 nato,
2442 2381 2473 2420 a
2516 2364 2747 2420 stridore
2797 2363 3034 2419 dentium
3055 2405 3069 2429 ,
3101 2379 3130 2418 a
3172 2364 3396 2419 vinculis
3426 2365 3802 2421 insolubilibus
3828 2406 3844 2432 ,

2252 2459 2319 2514 ab
2341 2458 2582 2529 angustia
2603 2466 2660 2513 et
2689 2455 3027 2511 tribulatione
3047 2496 3062 2522 ,
3089 2470 3119 2509 a
3149 2455 3380 2509 tenebris
3400 2455 3800 2510 obscurissimis
3825 2495 3852 2522 ,.

2252 2567 2281 2605 a
2310 2549 2631 2606 cruciatibus
2650 2589 2665 2615 ,
2693 2549 2759 2604 ab
2784 2547 2952 2619 igneis
2989 2546 3294 2602 ﬂuminibus
3313 2587 3329 2614 ,
3357 2561 3388 2599 a
3417 2546 3795 2602 maledictiono
3821 2589 3840 2613 ,

2253 2658 2280 2695 a
2308 2657 2586 2710 poenarum
2613 2640 2782 2705 locis;
2831 2648 2887 2694 et
2915 2638 3008 2692 illo
3032 2652 3222 2708 perges
3243 2679 3258 2704 ,
3301 2637 3388 2692 ubi
3420 2638 3596 2693 nullus
3641 2638 3842 2707 dolor,

2254 2747 2456 2788 mceror
2483 2731 2660 2787 nullus
2678 2771 2694 2796 ,
2723 2730 2820 2786 sed
2847 2730 2933 2786 ubi
2965 2731 3189 2785 multum
3217 2729 3468 2799 gaudium
3491 2770 3506 2796 ,
3537 2745 3637 2799 pax
3656 2771 3672 2798 ,
3694 2731 3845 2786 cari-

2256 2837 2356 2894 tas,
2386 2827 2588 2894 laetitia,
2621 2826 2828 2881 deliciae
2861 2841 2875 2879 :
2909 2825 2999 2880 ubi
3028 2825 3129 2878 vita
3157 2836 3378 2891 interna,
3401 2825 3568 2896 gloria
3592 2823 3845 2879 ineffabi-

2255 2921 2354 2985 lis,
2411 2918 2746 2989 pulchritudo
2773 2917 3145 2973 inenarrabilis
3175 2935 3190 2972 :
3224 2917 3311 2972 ubi
3338 2926 3536 2972 aeterna
3592 2917 3846 2972 taberna.

2254 3011 2368 3065 cula
2389 3052 2404 3076 ,
2437 3020 2489 3065 et
2516 3009 2682 3080 gloria
2711 3009 2870 3078 Regis
2895 3007 3311 3073 inaestimabilis,
3343 3018 3500 3078 atque
3531 3008 3665 3062 baca
3708 3009 3799 3061 illa
3826 3048 3843 3072 ,

2259 3104 2385 3172 Qua:
2403 3105 2581 3157 oculus
2609 3119 2708 3157 non
2733 3103 2876 3168 cidit,
2915 3103 3056 3156 auris
3099 3117 3199 3154 non
3223 3101 3446 3165 audivit,
3472 3117 3626 3169 neque
3669 3102 3724 3155 in
3756 3116 3844 3154 cor

2255 3194 2475 3249 hominis
2500 3195 2828 3248 ascenderunt
2857 3192 2948 3265 (l.
2975 3191 3092 3248 Cor.
3116 3192 3170 3246 2.
3202 3193 3272 3262 9)
3300 3207 3312 3243 :
3357 3193 3444 3246 ubi
3475 3206 3704 3262 sponsus
3736 3194 3848 3261 Spi-

2256 3287 2483 3350 ritualis,
2514 3295 2565 3342 et
2596 3284 2816 3340 thalami
2843 3285 3105 3350 catlastes,
3129 3285 3362 3354 virgines
3390 3283 3612 3353 fulgidas
3639 3283 3848 3339 haben-

2257 3387 2337 3434 tes
2364 3376 2657 3446 lampadas,
2676 3384 2730 3431 et
2751 3391 2937 3431 omnes
2955 3376 3044 3446 qui
3070 3383 3272 3430 vestem
3294 3373 3494 3429 habent
3515 3376 3804 3444 nuptialem
3825 3415 3839 3428 .

2256 3473 2346 3528 ubi
2401 3471 2582 3526 multae
2610 3469 2816 3525 Domini
2843 3483 2972 3538 opes
2997 3510 3010 3534 ,
3063 3477 3117 3524 et
3146 3467 3504 3536 promptuaria
3555 3467 3720 3537 regia.
3756 3467 3846 3520 Vi-

2256 3566 2376 3621 den‘
2400 3573 2596 3634 quanta
2621 3561 2861 3633 praemia,
2893 3572 2950 3616 et
2975 3568 3174 3631 quanta
3207 3573 3308 3614 una
3333 3574 3462 3614 voce
3481 3558 3843 3628 comprehen-

2257 3657 2446 3714 derit?
2485 3657 2556 3712 Ita
2600 3658 2646 3711 si
2692 3654 2929 3726 singulas
2975 3654 3324 3724 esploremus
3373 3667 3570 3715 voces,
3621 3651 3842 3705 multam

2257 3750 2592 3808 inveniemus
2642 3763 2822 3804 rerum
2872 3746 3079 3816 copiam
3133 3754 3188 3800 et
3235 3744 3451 3814 pelagus
3499 3747 3840 3798 immensum.

2258 3843 2392 3899 Num
2419 3840 2594 3896 adhuc
2619 3838 3005 3905 cunctabimur,
3034 3852 3234 3906 quaeso,
3265 3851 3364 3891 nec
3393 3836 3619 3905 prompti
3641 3835 3844 3889 erimus

2257 3935 2323 3991 ad
2351 3931 2769 3990 misericordiam
2800 3930 2918 3985 aliis
2945 3927 3298 3985 exhibendam
3324 3927 3346 3980 ?
3384 3926 3599 3981 Minime
3622 3967 3638 3991 ,
3678 3926 3843 3981 obsc-

2257 4044 2370 4084 cro.
2395 4025 2502 4083 Sed
2532 4023 2742 4081 etiamsi
2781 4021 2959 4078 omnia
2987 4020 3246 4091 projicere
3270 4029 3324 4075 et
3346 4020 3398 4074 in
3428 4020 3598 4088 ignem
3630 4019 3844 4073 mittere

2259 4127 2538 4194 oporteat:
2571 4117 2617 4172 si
2658 4116 2710 4172 in
2756 4114 2962 4186 gladios
3010 4112 3317 4168 incumbere
3344 4151 3360 4176 ,
3394 4111 3438 4165 si
3467 4109 3531 4164 ad
3556 4125 3843 4165 mucrones

2260 4213 2494 4278 insilirc,
2525 4210 2569 4266 si
2600 4207 2808 4280 quidvis
2836 4205 2979 4261 aliud
3012 4202 3344 4259 tolerandum
3373 4211 3634 4266 occurrat,
3663 4201 3843 4255 omnia

2259 4303 2412 4358 facile
2439 4301 2673 4356 feramus
2694 4339 2708 4363 ,
2737 4308 2794 4353 ut
2819 4295 2969 4367 regni
2995 4295 3246 4349 caelorum
3275 4295 3548 4355 amictum,
3577 4300 3631 4346 et
3657 4291 3844 4346 inell‘a-

2257 4395 2421 4451 bilem
2449 4393 2593 4448 illam
2623 4389 2844 4460 gloriam
2872 4400 3220 4456 assequamur
3242 4398 3431 4453 :quam
3463 4383 3664 4436 utinam
3688 4381 3843 4435 nobis

2259 4487 2510 4545 omnibus
2535 4481 2773 4540 nancisci
2797 4479 3089 4548 contingat,
3116 4477 3285 4548 gratia
3307 4485 3361 4530 et
3388 4474 3712 4545 benignitate
3743 4473 3844 4528 Do-

2259 4581 2392 4636 mini
2419 4578 2587 4634 nostri
2633 4575 2762 4631 .lesu
2803 4571 3036 4636 Christi,
3066 4570 3152 4626 cui
3179 4567 3346 4640 gloria
3385 4574 3441 4622 et
3483 4565 3765 4636 imperium
3792 4564 3841 4618 in

2261 4672 2455 4730 saecula
2479 4669 2818 4728 stcculurum.
2849 4666 3042 4722 Amen.

1807 4986 2157 5051 HOMILIA
2193 4989 2324 5051 LV.
2366 4987 2450 5049 al.
2493 4983 2652 5044 LVI.

565 5122 696 5178 CAP.
735 5125 818 5179 I6.
851 5140 902 5176 ν.
929 5125 1018 5180 24.
1049 5125 1190 5180 Tunc
1242 5127 1392 5182 Jesus
1445 5129 1571 5183 dixit
1606 5130 1867 5201 discipulis
1893 5134 2000 5186 suis
2032 5148 2050 5186 :
2092 5132 2154 5188 Si

633 5215 746 5284 quis
767 5215 873 5269 vult
893 5226 1006 5287 post
1029 5234 1108 5271 me
1133 5220 1299 5272 uenire
1316 5260 1331 5281 ,
1363 5221 1568 5292 abneget
1594 5223 1915 5293 semetipsum
1944 5265 1959 5289 ,
1987 5232 2034 5277 et
2063 5223 2157 5278 tol-
2205 5211 2208 5214 ’

639 5309 713 5361 lat
739 5324 936 5362 crucem
967 5325 1130 5377 suam,
1157 5321 1204 5364 et
1225 5321 1462 5380 sequatur
1488 5330 1583 5366 me.

645 5402 698 5456 1.
724 5402 804 5456 Ad
846 5412 1056 5458 mortem
1096 5405 1328 5471 exemplo
1361 5405 1550 5460 Christi
1580 5407 1747 5477 parati
1769 5422 1874 5462 esse
1899 5407 2154 5462 debemus.

564 5491 794 5548 Christus
823 5494 988 5566 ipsum
1018 5495 1156 5566 sequi
1185 5496 1383 5562 invitat,
1411 5514 1511 5551 non
1550 5499 1724 5568 cogit;
1757 5515 1866 5552 cur.
1897 5499 2160 5568 Abnegare

563 5588 889 5658 semetipsum
913 5589 1038 5660 quid
1060 5591 1146 5643 sit.
1171 5619 1244 5630 —-
1271 5588 1436 5658 Tunc,
1471 5591 1846 5662 quandonam?
1867 5591 2156 5660 Postquam

577 5674 769 5732 Petrus
782 5679 1010 5745 dixerat,
1041 5679 1298 5752 Propitius
1341 5681 1429 5735 tibi
1473 5683 1562 5745 sis,
1592 5697 1693 5735 non
1731 5682 1826 5734 erit
1855 5682 1942 5735 tibi
1969 5681 2081 5742 hoc,
2105 5690 2159 5735 et

579 5766 802 5832 audivit,
832 5771 972 5826 Vade
998 5785 1109 5843 post
1145 5791 1242 5843 me,
1271 5782 1470 5828 satana.
1505 5772 1687 5844 Neque
1725 5772 1866 5830 enim
1896 5773 2026 5828 satis
2057 5771 2154 5825 ha-

2259 5132 2372 5188 buit
2411 5129 2561 5185 illum
2593 5127 2918 5192 increpasse,
2974 5117 3070 5175 sed
3113 5132 3177 5173 ex
3223 5113 3515 5170 alutandanti
3562 5108 3845 5166 ostendere

2259 5224 2446 5280 volens
2476 5231 2530 5276 et
2563 5217 2830 5274 dictorum
2858 5210 3003 5268 Petri
3043 5207 3460 5269 absurditatem,
3491 5212 3545 5260 et
3571 5203 3844 5258 utilitatem

2257 5330 2329 5371 ex
2356 5313 2604 5385 passione
2635 5307 2899 5367 futuram,
2931 5302 3044 5366 ait,
3076 5300 3157 5354 Tu
3208 5298 3338 5353 tnibi
3374 5295 3540 5362 dicis,
3577 5292 3847 5385 Propitius

2263 5383 2501 5470 tibi'esto,
2536 5416 2642 5454 non
2666 5397 2762 5451 erit
2807 5395 2901 5448 hoc
2935 5392 3023 5446 tibi
3065 5406 3085 5445 :
3135 5404 3236 5460 ego
3270 5403 3395 5442 vero
3424 5385 3518 5439 tibi
3557 5383 3676 5439 dico
3698 5424 3713 5445 ,
3744 5395 3843 5434 non

2263 5494 2425 5550 modo
2467 5489 2830 5562 perniciosum
2858 5499 2980 5540 esse
3021 5483 3153 5545 tibi,
3201 5481 3248 5535 si
3301 5495 3387 5563 me
3413 5475 3693 5546 impedias,
3726 5483 3777 5528 et
3805 5485 3844 5523 sn

2264 5586 2566 5657 passionem
2604 5594 2776 5634 meam
2803 5576 3029 5631 moleste
3057 5573 3220 5638 feras,
3253 5569 3346 5625 sed
3373 5568 3533 5623 etiam
3559 5582 3669 5657 non
3700 5575 3848 5657 posse

2265 5655 2318 5732 te
2339 5677 2569 5731 salutem
2595 5669 2870 5740 consequi,
2905 5666 3008 5721 nisi
3041 5672 3096 5720 et
3136 5663 3250 5733 ipse
3272 5674 3486 5730 semper
3507 5656 3572 5712 ad
3614 5655 3846 5712 morien-

2262 5767 2390 5824 dum
2417 5766 2490 5824 sis
2517 5771 2748 5833 paratus.
2777 5758 2856 5817 Ne
2883 5757 3027 5816 enim
3050 5753 3325 5824 indignum
3353 5765 3412 5808 se
3433 5763 3554 5806 esse
3582 5750 3847 5821 putarent,
