4102 6464
410 410 509 466 5H

408 521 549 591 quod
582 519 703 573 talia
732 524 1034 586 pateretur,
1077 527 1184 567 non
1213 511 1478 581 prioribus
1512 514 1715 564 tantum
1766 510 1944 563 verbis
1972 550 1986 573 ,

408 613 503 667 sed
546 612 706 666 etiam
747 606 1095 676 sequentibus
1145 604 1224 658 rei
1281 604 1561 657 utilitatem
1607 603 1784 658 docet.
1832 601 1985 671 Apud

409 703 669 760 Joannem
696 698 911 769 quidem
940 695 1073 750 dicit
1103 710 1118 748 ί
1142 693 1255 749 Nisi
1284 710 1497 766 granum
1524 694 1765 765 frumenti
1799 694 1984 745 cadens

407 798 458 850 in
480 807 672 848 terram
692 801 942 846 mortuum
968 790 1139 859 fuerit,
1180 786 1346 858 ipsum
1371 789 1536 841 solum
1560 797 1727 840 manet
1750 803 1769 851 ;
1794 787 1872 838 sin
1896 801 1985 837 au-

411 900 507 944 tem
536 900 792 943 mortuum
814 886 997 956 fuerit,
1030 884 1240 937 multum
1268 887 1487 954 fructum
1514 880 1662 947 affert
1691 879 1865 951 (Joan.
1896 879 1984 933 12.

411 981 498 1035 24.
531 978 659 1053 25);
693 980 780 1034 hic
806 994 933 1034 vero
958 977 1224 1047 copiosius
1263 991 1375 1029 rem
1402 982 1639 1028 tractans
1660 1013 1675 1034 ,
1703 987 1806 1024 non
1834 970 1901 1025 de
1928 985 1990 1025 se

410 1075 584 1130 solum
610 1081 781 1129 morte
797 1068 1217 1127 consummando
1242 1068 1497 1138 loquitur,
1527 1065 1621 1119 sed
1650 1063 1700 1118 id
1732 1065 1890 1117 etiam
1920 1060 1986 1115 ad

410 1165 698 1234 discipulos
726 1162 990 1218 extendit.
1021 1160 1249 1216 Tantum
1292 1166 1373 1213 est
1402 1156 1542 1212 enim
1567 1155 1642 1211 rei
1674 1155 1902 1218 lucrum,
1932 1160 1990 1206 ut

411 1256 564 1309 vobis
593 1254 742 1325 ipsis,
789 1252 831 1307 si
866 1253 999 1306 mori
1026 1251 1225 1314 nolitis,
1267 1248 1319 1304 id
1342 1249 1659 1303 damnosum
1681 1247 1837 1301 vobis
1864 1245 1937 1299 sit
1967 1261 1983 1299 :

409 1356 597 1400 contra
635 1360 783 1411 vero,
815 1344 858 1397 si
888 1343 955 1397 ad
997 1341 1124 1397 illud
1168 1341 1364 1395 bonum
1394 1340 1564 1410 parati
1589 1338 1727 1393 sitis.
1756 1337 1860 1393 Sed
1884 1337 1986 1393 hoc

410 1440 465 1494 in
495 1437 839 1507 sequentibus
859 1435 1113 1500 ostendit,
1142 1435 1460 1503 interimque
1478 1433 1603 1487 illud
1629 1448 1729 1487 una
1751 1448 1817 1488 ex
1839 1442 1989 1502 parte

409 1531 703 1585 examinat.
733 1530 807 1583 Ac
829 1529 946 1583 vide
971 1527 1240 1597 quomodo
1259 1526 1457 1580 nullam
1489 1526 1727 1593 imponat
1745 1525 1980 1579 necessi-

411 1630 596 1675 tatem.
629 1619 813 1689 Neque
838 1618 980 1674 enim
1001 1620 1155 1684 dixit,
1184 1618 1401 1681 Velitis,
1432 1617 1632 1682 nolitis,
1664 1616 1717 1670 id
1756 1629 1854 1669 vos
1884 1617 1989 1683 pati

409 1717 624 1780 oportet
654 1726 670 1763 :
718 1708 813 1765 sed
851 1708 1163 1779 quomodo?
1190 1708 1248 1763 Si
1274 1708 1387 1777 quis
1427 1707 1534 1761 uult
1560 1716 1673 1776 post
1699 1722 1777 1759 me
1800 1696 2018 1759 venire.K

408 1800 527 1855 Non
558 1802 663 1855 vim
693 1799 881 1865 infero,
908 1814 1012 1854 non
1035 1799 1404 1854 necessitatem
1424 1798 1659 1867 impono,
1685 1796 1779 1852 sed
1801 1797 1985 1850 unius-
2010 1812 2037 1849 ρ

411 1893 674 1961 cujusque
714 1892 938 1947 arbitrio
991 1891 1044 1945 id
1088 1892 1334 1959 relinquo
1366 1908 1379 1944 :
1410 1890 1531 1945 ideo
1580 1889 1701 1945 dico
1726 1931 1741 1956 ,
1776 1889 1837 1945 Si
1878 1890 1990 1959 quis

408 1984 540 2038 uult.
575 1982 655 2037 Ad
680 1982 816 2037 bona
839 1997 998 2048 voco;
1032 1998 1137 2037 non
1163 1982 1232 2036 ad
1259 1983 1396 2036 mala
1422 1991 1477 2037 et
1499 1996 1750 2047 onerosa,
1782 1996 1887 2035 non
1919 1980 1987 2035 ad

410 2075 728 2144 supplicium
756 2082 810 2128 et
847 2089 1054 2144 pinnas,
1079 2083 1137 2128 ut
1163 2088 1371 2144 cogam.
1400 2073 1528 2128 Nam
1559 2072 1673 2143 ipsa
1698 2072 1774 2128 rei
1798 2084 1985 2127 natura

409 2176 587 2237 potest
611 2167 677 2221 ad
705 2165 757 2220 id
795 2164 1125 2237 pertrahere.
1156 2167 1279 2221 Haec
1306 2181 1469 2238 porro
1495 2167 1679 2222 dicens
1708 2166 1877 2237 magis
1903 2167 1985 2220 al-

410 2257 648 2313 liciebat.
677 2257 809 2313 Nam
840 2258 932 2326 qui
957 2258 1062 2312 vim
1088 2256 1270 2324 infert,
1297 2274 1441 2328 sape
1474 2260 1709 2324 avertit;
1739 2260 1828 2328 qui
1859 2275 1989 2314 vero

411 2366 527 2405 rem
556 2348 812 2405 auditoris
850 2348 1071 2405 arbitrio
1097 2350 1383 2421 relinquit,
1411 2350 1580 2421 magis
1607 2352 1859 2417 attrahit;
1889 2367 1987 2422 po-

412 2442 612 2496 tentior
631 2442 824 2511 quippe
845 2451 927 2496 est
948 2442 1090 2495 mitis
1111 2442 1187 2496 rei
1216 2442 1500 2510 expositio,
1526 2458 1683 2510 quam
1713 2442 1985 2497 violentia.

411 2532 538 2589 Ideo
561 2534 770 2588 dicebat
811 2534 928 2599 ille,
974 2534 1167 2605 Siquis
1205 2534 1327 2588 vult.
1372 2535 1555 2604 Magna
1599 2538 1794 2604 quippe
1839 2543 1984 2600 sunt,

410 2626 600 2696 inquit,
642 2641 761 2695 qua;
805 2625 960 2681 vobis
1002 2625 1170 2681 oﬂ‘ero
1214 2627 1373 2690 bona,
1404 2635 1458 2681 et
1506 2627 1650 2690 talia,
1700 2636 1758 2681 ut
1804 2628 1871 2681 ad
1924 2643 1987 2681 ea

409 2727 601 2787 sponte
638 2726 901 2772 curratur.
945 2716 1126 2788 Neque
1167 2718 1309 2773 enim
1339 2720 1382 2773 si
1413 2720 1533 2790 quis
1557 2735 1744 2773 aurum
1775 2719 1977 2789 praebe-

406 2820 515 2874 ret,
547 2818 601 2866 et
630 2810 933 2865 thesaurum
963 2820 1273 2880 exponeret,
1301 2826 1423 2866 cum
1452 2811 1702 2867 violentia
1730 2821 1983 2876 vocaret;

406 2903 455 2959 si
494 2918 618 2957 vero
645 2902 711 2956 ad
757 2903 872 2958 haec
901 2903 1017 2959 sine
1047 2903 1294 2959 violentia
1337 2903 1475 2967 itur,
1505 2905 1673 2959 multo
1701 2906 1869 2974 magis
1917 2904 1984 2959 ad

409 2994 642 3049 cmlestia
670 2996 830 3051 bona.
858 2994 968 3051 Nisi
1008 2995 1147 3050 enim
1176 2997 1288 3065 ipsa
1318 2980 1402 3051 rei
1430 3007 1615 3051 natura
1645 2998 1737 3052 tibi
1771 3012 1988 3067 persua-

408 3086 535 3141 deat
554 3094 611 3141 ut
632 3100 899 3153 accurras,
923 3088 1031 3157 jam
1060 3088 1251 3158 dignus
1271 3104 1374 3142 non
1399 3103 1459 3143 es
1484 3088 1575 3158 qui
1599 3090 1861 3159 accipias;
1886 3107 1985 3146 ne-

407 3193 535 3248 que,
577 3178 622 3233 si
659 3179 951 3248 acceperis,
1002 3189 1147 3235 recte
1190 3181 1328 3235 scias
1351 3190 1583 3249 acceptae
1631 3182 1705 3236 rei
1736 3183 1982 3251 pretium.

409 3271 536 3326 ldeo
563 3288 667 3328 non
692 3274 831 3343 cogit
856 3273 1118 3340 Christus,
1147 3272 1241 3329 sed
1272 3275 1542 3340 hortatur,
1584 3275 1863 3346 indulgens
1888 3292 1987 3331 no-

407 3362 514 3418 bis.
535 3363 667 3431 Quia
690 3368 831 3419 enim
858 3366 1021 3419 multa
1052 3366 1473 3428 insusurrabant,
1501 3382 1566 3421 ex
1585 3367 1675 3420 illo
1700 3368 1841 3423 dicto
1870 3377 1985 3422 tur-

409 3453 539 3517 bati,
568 3455 696 3509 dicit
726 3456 829 3510 illis
863 3477 875 3511 :
907 3455 1020 3510 Non
1050 3466 1132 3511 est
1173 3472 1308 3525 opus
1338 3458 1637 3512 turbatione
1656 3468 1711 3513 et
1736 3459 1981 3529 strepitu.

409 3546 465 3602 Si
490 3562 599 3602 non
647 3547 848 3617 putatis
871 3547 923 3601 id
954 3548 1094 3617 quod
1122 3548 1272 3615 dixi,
1302 3550 1348 3604 si
1393 3551 1548 3606 vobis
1597 3566 1813 3621 quoque
1854 3566 1988 3607 con-

408 3643 599 3712 tingat,
630 3641 1104 3696 innumerabilium
1149 3643 1412 3698 bonorum
1449 3660 1570 3700 esse
1604 3659 1848 3711 causam,
1877 3659 1985 3701 non

402 3730 514 3783 vim
546 3729 717 3784 infero
736 3771 754 3795 ,
784 3744 886 3785 non
914 3745 1046 3801 cogo
1071 3771 1087 3798 ,
1113 3730 1206 3786 sed
1235 3747 1358 3786 eum
1384 3732 1473 3802 qui
1501 3734 1650 3802 sequi
1678 3734 1804 3788 velit
1825 3749 1981 3788 voco.

405 3820 485 3877 Ne
514 3823 708 3893 putetis
739 3833 914 3877 autem
949 3823 1097 3892 sequi
1132 3839 1235 3887 me,
1257 3824 1388 3878 illud
1411 3840 1530 3879 esse
1558 3824 1700 3893 quod
1726 3841 1819 3880 vos
1842 3841 1984 3882 nunc

405 3913 599 3978 facitis,
628 3930 749 3969 cum
782 3930 866 3969 me
895 3914 1195 3984 sequimini.
1218 3914 1395 3969 Multis
1423 3916 1526 3970 erit
1565 3917 1719 3971 vobis
1742 3932 1875 3986 opus
1902 3918 1984 3971 la-

405 4004 645 4071 boribus,
694 4007 875 4060 multis
916 4007 1168 4075 periculis
1218 4006 1263 4060 si
1311 4016 1433 4076 post
1470 4022 1556 4062 me
1603 4009 1812 4063 venturi
1841 4010 1981 4063 sitis.

406 4095 521 4150 Non
552 4097 716 4159 enim,
745 4113 778 4151 ο
804 4098 981 4161 Petre,
1006 4098 1125 4166 quia
1153 4113 1295 4152 nunc
1323 4113 1410 4152 me
1435 4097 1628 4152 Filium
1651 4099 1744 4154 Dei
1772 4100 1979 4154 confes-

404 4201 500 4241 sus
522 4203 600 4250 es,
625 4187 744 4242 ideo
767 4196 967 4241 tantmn
994 4188 1157 4243 debes
1183 4204 1412 4244 coronas
1432 4200 1773 4260 exspectare,
1803 4200 1857 4245 et
1888 4208 1985 4261 pu-

407 4289 519 4333 tare
545 4280 596 4332 id
643 4278 737 4332 tibi
784 4294 906 4334 esse
930 4278 997 4333 ad
1043 4280 1270 4334 salutem
1299 4281 1462 4347 satis,
1491 4290 1651 4350 atque
1698 4283 1982 4353 tranquille

406 4380 589 4440 postea
618 4371 833 4442 degere,
864 4386 926 4425 ac
955 4372 998 4425 si
1030 4381 1195 4426 totum
1226 4372 1530 4442 perfeceris.
1559 4374 1780 4429 Possum
1811 4376 1979 4442 enim,

405 4473 588 4534 utpote
622 4464 713 4519 Dei
752 4464 935 4528 Filius,
972 4475 1023 4519 te
1068 4480 1097 4518 a
1146 4466 1408 4521 malorum
1453 4468 1821 4535 experimento
1867 4469 1983 4522 exi-

405 4570 588 4622 mere;
643 4555 767 4609 nolo
794 4564 973 4611 autem
1016 4556 1090 4610 tui
1124 4557 1292 4625 gratia
1320 4598 1335 4622 ,
1378 4562 1511 4613 utet
1538 4558 1654 4626 ipse
1693 4559 1890 4625 aliquid
1916 4559 1984 4615 de

308 4648 309 4653 “
407 4656 499 4703 tuo
518 4649 784 4714 conferas,
813 4664 874 4702 ac
900 4648 1177 4719 probatior
1218 4650 1434 4706 evadas.
1477 4651 1659 4722 Neque
1687 4653 1829 4708 enim
1860 4669 1983 4729 ago-

405 4740 621 4794 notheta
643 4741 763 4811 quis
787 4740 1041 4795 dilectum
1062 4740 1266 4797 habens
1283 4740 1559 4808 athletam,
1581 4744 1712 4798 velit
1731 4760 1981 4815 umquam

404 4830 555 4886 illum
586 4848 651 4887 ex
694 4846 841 4886 mera
881 4832 1050 4901 gratia
1096 4848 1373 4892 coronare.
1417 4834 1511 4888 sed
1552 4850 1619 4889 ex
1659 4837 1888 4906 propriis
1931 4836 1984 4891 id

408 4932 667 4991 prmstare
728 4922 876 4991 cupit
922 4921 1194 4978 laboribus
1222 4963 1237 4988 ,
1282 4923 1509 4993 ideoque
1552 4927 1814 4991 maxime,
1860 4928 1983 4996 quia

404 5015 578 5083 ipsum
615 5014 788 5083 diligit
844 5015 965 5069 :sic
1002 5022 1057 5068 et
1101 5014 1344 5070 Christus
1391 5031 1526 5086 quos
1578 5020 1808 5074 maxime
1857 5019 1980 5074 dili-

404 5106 520 5173 git,
566 5105 663 5160 hos
701 5109 813 5160 vult
854 5120 952 5160 suo
997 5107 1190 5161 merito
1236 5121 1356 5161 esse
1407 5110 1726 5175 conspicuos
1773 5112 1823 5176 ί,
1877 5128 1982 5165 non

404 5205 584 5251 autem
608 5212 674 5252 ex
701 5198 815 5251 sola
845 5212 939 5251 sua
963 5213 1086 5267 ope.
1118 5198 1252 5255 Vide
1278 5208 1458 5255 autem
1490 5202 1759 5271 quomodo
1784 5205 1985 5258 oratio-

406 5303 528 5342 nem
554 5302 659 5342 non
687 5303 968 5343 onerosam
992 5289 1249 5357 proferat.
1287 5290 1468 5361 Neque
1492 5295 1634 5347 enim
1662 5294 1713 5347 in
1736 5294 1840 5349 illis
1870 5305 1986 5349 tan-

405 5390 517 5433 tum
553 5380 691 5434 mala
735 5380 1156 5448 circumscribit,
1187 5383 1282 5439 sed
1307 5393 1363 5440 et
1405 5399 1694 5442 commune
1739 5387 1834 5441 toti
1865 5388 1983 5443 orbi

403 5469 596 5540 dogma
620 5470 839 5527 exhibet
866 5472 1052 5527 dicens
1083 5490 1097 5526 :
1122 5472 1316 5545 Siquis
1339 5474 1464 5543 vult,
1486 5477 1600 5531 sive
1630 5478 1842 5543 mulier,
1872 5482 1984 5534 sive

403 5562 508 5627 vir,
539 5561 651 5618 sive
698 5561 969 5633 princeps,
1018 5563 1131 5619 sive
1159 5565 1437 5634 subditus,
1478 5567 1616 5623 hanc
1658 5570 1987 5640 ingrediatur

402 5652 566 5706 viam.
593 5651 924 5723 Videturque
951 5671 1111 5710 unum
1136 5666 1338 5712 tantum
1366 5660 1587 5728 dixisse,
1617 5662 1712 5717 sed
1738 5663 1835 5717 tria
1859 5679 1985 5735 pro-

402 5746 555 5817 ponit
583 5763 599 5799 :
624 5747 895 5816 abnegare
920 5750 1269 5823 semetipsum
1288 5791 1305 5819 ,
1336 5750 1529 5810 tollere
1558 5768 1777 5812 crucem
1804 5772 1978 5827 suam,

469 5840 487 5874 ⁸
522 5838 632 5902 alii,
654 5854 757 5894 esse
778 5841 951 5895 beatos.

1439 398 1504 452 IN
1544 387 1949 451 MATTIUEUM
1988 394 2216 451 HOMIL.
2263 395 2372 450 LV.
2412 399 2485 452 al.
2529 399 2661 455 LVI.

3729 365 3751 387 θ

3573 410 3679 467 δη
3753 440 3765 451 ο

2096 521 2151 562 et
2212 510 2385 578 ipsum
2413 514 2598 582 sequi;
2629 513 2735 568 duo
2760 525 2935 572 autem
2964 519 3246 590 conjuncta
3274 534 3431 589 sunt,
3466 530 3675 584 tertium

2095 599 2267 653 solum
2301 606 2636 672 proponitur.
2683 606 2789 662 Sed
2822 610 2995 677 primo
3024 612 3297 668 videamus
3332 617 3458 684 quid
3487 620 3555 673 sit
3583 621 3679 674 ab.

2096 705 2289 760 negare
2306 697 2671 763 semetipsum.
2694 699 2847 753 Prius
2871 699 3138 757 discamus
3160 707 3282 771 quid
3314 710 3382 762 sit
3407 710 3675 781 abnegare

2095 783 2339 845 alterum,
2368 792 2423 838 et
2470 795 2594 841 tunc
2639 790 2869 844 sciemus
2899 793 3024 862 quid
3055 793 3124 847 sit
3169 797 3432 866 alim-gare
3478 813 3677 857 semet-

2096 874 2291 943 ipsum.
2332 875 2431 942 Qui
2477 878 2703 950 abnegat
2740 882 2988 949 alterum,
3012 887 3124 941 sive
3154 885 3369 943 fratrem
3420 892 3530 944 sive
3558 909 3675 948 ser-

2098 981 2243 1037 vum,
2279 971 2394 1026 sive
2421 972 2584 1027 alium
2630 978 2952 1046 quempiam,
2981 983 3079 1034 etsi
3107 982 3420 1052 llagellatum
3463 988 3673 1055 viderit,

2096 1063 2194 1115 etsi
2224 1064 2459 1117 vinctum
2484 1104 2498 1130 ,
2527 1066 2630 1121 etsi
2671 1068 2736 1121 ad
2765 1080 2990 1125 mortem
3012 1073 3319 1141 abductum,
3352 1081 3449 1132 etsi
3467 1082 3678 1147 quidvis

2095 1154 2235 1208 aliud
2263 1158 2571 1225 patientem,
2593 1175 2699 1213 non
2721 1161 2890 1227 adest,
2915 1179 3019 1217 non
3041 1166 3342 1235 auxiliatur,
3363 1185 3466 1224 non
3495 1174 3676 1229 animo

2096 1245 2357 1317 frangitur
2382 1288 2397 1313 ,
2428 1264 2533 1304 non
2586 1251 2701 1318 ejus
2731 1267 2891 1307 causa
2919 1256 3148 1324 patitur,
3177 1268 3357 1327 utpote
3382 1264 3471 1326 qui
3516 1265 3583 1317 ah
3608 1280 3677 1319 eo

2096 1337 2426 1393 abalienatus
2444 1340 2531 1394 sit.
2561 1341 2648 1395 Sic
2669 1342 2845 1412 itaque
2864 1346 2976 1399 vult
3005 1362 3101 1401 nos
3127 1349 3273 1403 nullo
3287 1351 3446 1406 modo
3462 1357 3676 1422 corpori

2095 1443 2332 1496 parcere,
2364 1438 2421 1507 ut
2448 1431 2561 1486 sive
2606 1431 2911 1503 ﬂagellent,
2938 1436 3052 1490 sive
3080 1438 3300 1507 pellant,
3348 1444 3462 1496 sive
3493 1455 3669 1511 urant,

2093 1520 2205 1574 sive
2231 1520 2371 1574 aliud
2402 1521 2611 1591 quidvis
2642 1521 2856 1588 faciant,
2885 1528 3169 1581 nonnobis
3203 1544 3503 1597 parcamus.
3534 1534 3667 1588 Illud

2094 1609 2235 1663 enim
2263 1621 2345 1665 est
2371 1627 2609 1680 parcere.
2630 1612 2762 1666 Nam
2783 1615 2940 1669 etiam
2956 1628 3133 1687 patres
3161 1619 3282 1676 ﬁliis
3300 1628 3423 1687 tunc
3446 1626 3675 1681 maxime

2093 1710 2339 1770 parcunt,
2368 1717 2490 1758 cum
2529 1706 2799 1773 magistris
2826 1710 3121 1777 tradentes,
3154 1713 3408 1781 mandant
3455 1732 3522 1771 ne
3554 1734 3675 1786 par~

2093 1801 2217 1847 cant
2245 1794 2343 1848 eis.
2376 1794 2450 1848 Ita
2501 1805 2553 1851 et
2582 1794 2828 1853 Christus
2866 1816 2882 1854 :
2914 1815 3019 1853 non
3068 1802 3197 1857 dixit
3228 1820 3295 1859 ne
3326 1818 3506 1875 parcat
3550 1810 3674 1877 sibi,

2095 1884 2187 1938 sed
2229 1885 2367 1954 quod
2408 1888 2619 1956 gravius
2666 1896 2768 1954 est,
2805 1890 3027 1961 Abneget
3061 1896 3383 1964 semetipsum
3423 1914 3443 1953 :
3473 1900 3524 1953 id
3570 1911 3675 1969 est,

2093 1978 2229 2032 Nihil
2260 1994 2379 2033 cum
2430 1980 2608 2050 seipso
2657 1996 2942 2037 commune
2972 1984 3187 2051 habeat,
3217 1988 3310 2043 sed
3342 1991 3591 2058 periculis
3616 2009 3677 2050 se

2091 2069 2252 2125 dedat
2294 2079 2349 2126 et
2389 2072 2791 2141 certaminibus,
2835 2084 2993 2144 atque
3039 2076 3107 2129 ita
3152 2080 3224 2132 sit
3251 2078 3494 2145 alfectus,
3528 2093 3582 2137 ut
3626 2085 3674 2139 si

2089 2161 2226 2215 alius
2255 2160 2307 2215 id
2338 2169 2625 2230 pateretur.
2677 2162 2785 2218 Nec
2825 2162 2977 2230 dixit,
3016 2164 3224 2237 Neget,
3259 2169 3351 2224 sed
3373 2212 3389 2237 ,
3416 2170 3674 2242 Abneget;

2091 2253 2192 2308 hoc
2221 2268 2383 2323 parvo
2410 2254 2773 2309 additamenta
2800 2255 2905 2309 vim
2953 2271 3195 2327 magnam
3226 2260 3447 2316 dictioni
3488 2263 3666 2321 all'ert.

2092 2344 2222 2399 Nam
2254 2343 2520 2413 abnegare
2543 2345 2713 2400 multo
2743 2346 2861 2415 plus
2882 2356 2965 2401 est
2992 2354 3148 2417 quam
3171 2366 3385 2420 negare.

2159 2436 2215 2490 2.
2249 2435 2316 2489 Et
2364 2437 2509 2490 tollat
2561 2453 2759 2490 crucem
2795 2454 2961 2492 suam.
3007 2438 3119 2494 lloc
3159 2455 3230 2497 ex
3271 2442 3363 2496 illo
3409 2444 3671 2516 sequitur.

2091 2529 2169 2585 Ne
2212 2539 2367 2599 putes
2392 2530 2532 2584 enim
2557 2570 2573 2594 ,
2600 2529 2666 2584 ad
2694 2530 2854 2585 verba
2882 2547 3048 2601 usque
3072 2540 3277 2586 tantum
3307 2544 3362 2589 et
3387 2548 3659 2592 conmme-

2088 2624 2189 2679 lias
2228 2633 2283 2679 et
2332 2623 2617 2692 cpprobria
2665 2622 2929 2693 abnegare
2959 2624 3191 2694 seipsum
3231 2638 3478 2696 oportere
3504 2645 3521 2684 :
3547 2629 3679 2688 dicit

2087 2731 2363 2787 quousque
2401 2716 2667 2785 abnegare
2719 2718 3064 2787 semetipsum
3118 2730 3397 2789 oporteat;
3458 2722 3509 2776 id
3561 2732 3665 2789 est,

2088 2823 2255 2879 usque
2293 2809 2361 2862 ad
2414 2816 2678 2874 mortem,
2707 2816 2762 2863 et
2801 2817 3028 2864 mortem
3061 2812 3439 2881 turpiSsimam.
3474 2814 3673 2870 Idcirco

2087 2914 2194 2954 non
2224 2898 2374 2963 dixit,
2418 2899 2659 2969 Abneget
2705 2901 3053 2970 semetipsum
3078 2917 3247 2972 usque
3301 2904 3368 2958 ad
3424 2917 3671 2972 mortem,

2086 2991 2201 3057 sed,
2231 2990 2401 3045 Tollat
2424 3007 2621 3044 crucem
2646 3007 2810 3057 suam,
2840 2993 3201 3062 turpissimam
3233 3009 3458 3051 mortem
3489 2999 3672 3053 decla-

2086 3099 2244 3149 rans;
2273 3092 2327 3139 et
2368 3085 2510 3154 quod
2539 3100 2643 3139 non
2669 3084 2859 3146 semel,
2890 3095 2982 3139 aut
3008 3084 3089 3139 bis
3108 3128 3124 3149 ,
3155 3087 3246 3141 sed
3279 3103 3374 3157 per
3400 3099 3561 3145 totam
3592 3092 3672 3147 γί-

2087 3186 2193 3232 tam
2220 3177 2272 3231 id
2300 3175 2601 3231 faciendum
2627 3177 2714 3230 sit.
2744 3176 3029 3246 Perpetuo,
3056 3178 3246 3249 inquit,
3273 3180 3406 3236 hanc
3441 3196 3669 3239 mortem

2084 3268 2451 3335 circumferas,
2497 3278 2551 3325 et
2574 3268 2811 3338 quotidie
2839 3269 2905 3323 ad
2934 3285 3118 3325 necem
3150 3282 3365 3339 paratus
3407 3276 3505 3330 sis.
3537 3276 3669 3341 Quia

2085 3362 2226 3417 enim
2258 3361 2411 3416 multi
2442 3375 2570 3431 opes
2590 3369 3028 3430 contempserunt
3050 3370 3111 3417 et
3126 3364 3449 3433 Voluptatem
3472 3376 3525 3421 et
3549 3371 3668 3438 glo-

2084 3456 2239 3518 riam,
2263 3463 2492 3508 mortem
2518 3467 2645 3507 vero
2669 3468 2773 3507 non
2805 3463 3149 3522 spreverunt,
3176 3466 3230 3508 at
3251 3457 3542 3512 timuerunt
3572 3477 3666 3530 pe-

2086 3548 2251 3603 ricula
2284 3565 2297 3603 :
2329 3562 2447 3618 ego,
2479 3548 2666 3617 inquit,
2690 3547 2944 3602 athletam
2976 3563 3152 3602 meum
3191 3537 3312 3603 volo
3342 3551 3407 3603 ad
3441 3562 3667 3610 mortem

2086 3654 2255 3709 usque
2296 3653 2531 3709 pugnare
2558 3680 2573 3705 ,
2602 3646 2657 3693 et
2680 3638 2972 3693 certamina
3020 3639 3086 3693 ad
3136 3642 3450 3709 sanguinem
3502 3659 3668 3713 usque

2088 3732 2291 3803 peragi.
2326 3732 2512 3801 Itaque
2538 3731 2581 3785 si
2613 3740 2838 3785 mortem
2875 3731 3023 3786 obire
3070 3741 3335 3800 oporteat,
3363 3745 3416 3789 et
3441 3746 3667 3791 mortem

2088 3827 2479 3896 turpissimam,
2514 3833 2846 3893 mortemque
2871 3824 3277 3890 exsecrandam,
3307 3826 3536 3893 etiamsi,
3572 3845 3668 3899 pro

2086 3932 2245 3986 prava
2266 3916 2492 3986 quadam
2515 3915 2838 3982 suspicione,
2854 3914 3031 3968 omnia
3054 3924 3263 3983 oportet
3283 3916 3489 3972 fortiter
3503 3918 3664 3989 ferre,

2085 4018 2137 4063 et
2169 4007 2288 4061 ideo
2314 4007 2542 4061 maxime
2567 4007 2855 4060 exsultare.
2887 4003 2955 4057 Et
2979 4015 3214 4076 sequatur
3238 4024 3334 4061 me.
3365 4009 3495 4077 Quia
3524 4014 3664 4067 enim

2086 4098 2199 4152 fieri
2258 4105 2431 4166 potest
2475 4106 2531 4150 ut
2558 4097 2647 4165 qui
2688 4096 2886 4165 patitur
2924 4111 3028 4149 non
3073 4108 3325 4165 sequatur
3372 4100 3667 4169 Christum,

2084 4204 2204 4244 cum
2247 4202 2353 4242 non
2411 4187 2607 4258 patitur
2638 4196 2855 4256 propter
2899 4188 3069 4256 ipsum
3122 4187 3266 4259 (nam
3298 4190 3550 4258 latrones,
3585 4209 3667 4249 se-

2085 4283 2388 4353 pulcrorum
2409 4280 2728 4349 expilatores
2747 4289 2803 4333 et
2828 4280 3237 4348 praestigiatores
3259 4283 3419 4336 multa
3466 4294 3519 4338 et
3544 4302 3667 4355 gra-

2084 4376 2230 4428 viora
2261 4368 2552 4443 patiuntur)
2580 4412 2593 4435 ,
2619 4386 2686 4425 ne
2716 4379 2891 4439 putes,
2919 4370 3163 4425 sufﬁcere
3202 4372 3369 4440 ipsam
3407 4377 3665 4430 malorum

2085 4473 2349 4525 naturam,
2395 4476 2611 4516 causam
2643 4462 2901 4514 malorum
2931 4461 3095 4515 addit.
3125 4462 3378 4529 Quaenam
3423 4467 3510 4520 illa
3550 4471 3667 4522 est?

2087 4554 2153 4610 Ut
2176 4555 2289 4608 haec
2316 4567 2478 4623 agens
2513 4561 2568 4607 et
2604 4553 2810 4621 patiens
2839 4553 3010 4620 ipsum
3051 4555 3327 4624 sequaris;
3370 4565 3426 4610 ut
3455 4571 3667 4627 propter

2086 4650 2256 4716 ipsum
2282 4647 2461 4701 omnia
2490 4645 2737 4714 patiaris,
2783 4653 2836 4697 et
2875 4644 3109 4714 reliquas
3154 4646 3373 4701 virtutes
3402 4648 3663 4705 obtineas.

2083 4738 2215 4793 Nam
2238 4737 2287 4791 id
2316 4735 2577 4807 significat
2605 4733 2755 4800 illud,
2789 4734 3043 4804 Sequatur
3069 4752 3179 4799 me;
3211 4737 3280 4790 ita
3303 4746 3481 4792 utnon
3508 4743 3668 4796 modo

2086 4832 2449 4887 fortitudinem
2477 4830 2527 4884 in
2558 4828 2811 4883 aerumnis
2830 4868 2843 4888 ,
2870 4828 2962 4883 sed
2991 4837 3045 4883 et
3066 4829 3444 4885 continentiam
3466 4876 3481 4899 ,
3506 4838 3669 4904 arqui-

2090 4934 2250 4978 tatem
2273 4965 2288 4989 ,
2308 4936 2629 4991 omnemque
2649 4920 3039 4989 philosophiam
3060 4920 3334 4997 exhibeas.
3364 4922 3493 4979 lllud
3525 4932 3666 4983 enim

2085 5025 2168 5070 est
2185 5022 2464 5084 utoportet
2487 5012 2634 5080 sequi
2666 5029 2679 5065 :
2703 5011 2901 5065 etalias
2917 5025 3105 5065 curare
3124 5014 3366 5079 virtutes,
3386 5025 3438 5070 et
3454 5030 3670 5086 propter

2086 5107 2259 5175 ipsum
2278 5104 2451 5158 omnia
2481 5103 2609 5172 pati.
2632 5101 2769 5156 Sunt
2796 5101 2934 5155 enim
2952 5102 3038 5171 qui
3064 5101 3331 5158 diabolum
3353 5119 3667 5177 sequuntur,

2086 5209 2137 5253 et
2167 5200 2281 5252 haec
2311 5197 2580 5265 patiuntur
2602 5236 2617 5259 ,
2645 5202 2701 5247 et
2726 5204 2945 5262 propter
2989 5194 3133 5248 illum
3159 5197 3365 5251 animas
3393 5213 3515 5252 suas
3545 5216 3669 5268 pro.

2087 5289 2256 5353 dunt;
2290 5287 2382 5341 sed
2424 5300 2520 5340 nos
2554 5293 2770 5353 propter
2815 5282 3127 5349 Christum,
3158 5287 3267 5341 imo
3298 5299 3515 5357 propter
3571 5306 3665 5347 nos

2087 5381 2250 5448 ipsos.
2282 5378 2380 5442 Illi,
2410 5386 2466 5431 ut
2492 5376 2589 5431 sibi
2614 5377 2741 5446 ipsis
2769 5384 2823 5431 et
2852 5375 2937 5429 hic
2965 5384 3021 5431 et
3045 5378 3152 5432 illic
3175 5391 3435 5444 noceant;
3465 5396 3580 5443 nos,
3613 5394 3663 5437 ut

2087 5483 2368 5541 utramque
2387 5471 2547 5524 vitam
2570 5470 2856 5524 lucrenmr.
2884 5469 3164 5537 Quomodo
3180 5487 3306 5542 ergo
3325 5489 3429 5527 non
3443 5491 3664 5531 summa)

2086 5562 2249 5619 fuerit
2304 5563 2524 5632 ignavia:
2569 5577 2676 5616 non
2726 5570 2923 5615 tantam
2968 5561 3328 5617 fortitudinem
3381 5565 3664 5635 exhibere,

2086 5667 2335 5729 quantam
2363 5658 2398 5712 ii
2431 5657 2518 5723 qui
2544 5666 2766 5727 pereunt
2792 5657 3065 5720 exhibent,
3087 5666 3143 5710 et
3168 5656 3303 5721 hare,
3332 5673 3451 5711 cum
3477 5670 3553 5713 tot
3572 5678 3666 5716 co-

2086 5750 2236 5805 ronis
2278 5749 2466 5803 donari
2499 5748 2789 5804 debeamus
2810 5748 2835 5800 ἳ
2865 5746 3024 5816 Atqui
3072 5748 3225 5802 nobis
3253 5750 3397 5803 adest
3426 5748 3670 5809 Christus

2087 5842 2395 5912 auxiliator,
2439 5840 2543 5896 illis
2585 5853 2763 5897 nemo.
2810 5836 2925 5893 Hoc
2962 5850 3123 5910 porro
3161 5848 3486 5912 prmceptutn
3524 5858 3676 5898 man-
