4102 6476
476 360 575 416 565

470 475 754 531 credatur?
775 474 894 530 Non
921 476 1064 531 enim
1105 474 1272 544 dixit,
1324 474 1382 529 la
1423 474 1515 529 tali
1562 474 1729 544 gloria
1767 472 1937 543 qualis
1967 481 2050 527 eSt

476 565 645 623 Patris
674 569 842 637 gloria
864 609 879 635 ,
910 576 968 623 ut
994 568 1281 623 discrimen
1312 583 1433 623 esse
1460 568 1779 639 suspiceris;
1827 566 1921 622 sed
1965 582 2056 621 ac-

472 669 689 724 curate,
723 662 776 715 in
808 661 995 716 eadem
1026 662 1170 730 ipsa,
1201 660 1408 730 inquit,
1444 660 1612 728 gloria
1642 660 1862 722 veniet,
1895 660 1965 712 ita
1997 666 2054 711 ut

469 770 573 807 una
614 754 910 823 eademque
952 768 1070 808 esse
1110 753 1362 823 putetur?
1390 752 1523 817 Quid
1550 752 1716 820 igitur
1743 752 1902 805 times
1922 791 1936 814 ,
1967 752 2051 804 in-

466 851 602 915 quit,
627 846 807 912 Petre,
838 845 964 899 dum
991 855 1216 899 mortem
1241 844 1430 898 audis?
1458 843 1607 896 Tunc
1628 847 1768 895 enim
1794 858 1878 896 me
1906 842 2053 897 vide-

468 937 549 991 bis
572 938 624 991 in
656 937 825 1006 gloria
859 935 1053 990 Patris.
1080 936 1135 989 Si
1162 951 1262 1004 ego
1292 936 1347 989 in
1374 935 1541 1004 gloria
1564 974 1580 1000 ,
1605 944 1660 987 et
1687 948 1782 987 vos
1804 934 1855 986 in
1882 933 2047 1002 gloria

464 1032 634 1084 eritis.
668 1030 785 1084 Non
811 1030 952 1083 enim
987 1045 1072 1084 res
1100 1040 1290 1083 vestra:
1317 1038 1440 1083 sunt
1464 1028 1744 1097 praesentis
1767 1027 1889 1080 vitae
1911 1026 2049 1080 litui-

467 1121 606 1176 tibus
635 1121 1055 1190 circumscripta:
1085 1142 1098 1175 :
1128 1119 1220 1174 sed
1248 1120 1347 1173 alia
1377 1135 1494 1173 sors
1534 1119 1723 1172 melior
1764 1132 1860 1171 vos
1897 1119 2043 1171 exci-

464 1216 592 1285 piet.
629 1218 877 1269 Attamen
905 1224 1184 1284 postquam
1216 1214 1354 1267 bona
1378 1213 1466 1266 illa
1494 1212 1650 1277 dixit,
1683 1227 1789 1264 non
1815 1210 1902 1264 hic
1927 1210 2047 1263 sub-

460 1306 618 1367 stitit,
652 1304 746 1360 sed
776 1315 829 1361 et
856 1304 1112 1360 terribilia
1144 1305 1462 1370 admiscuit,
1507 1303 1765 1372 judicium
1815 1301 1941 1355 illud
1991 1300 2042 1355 in

460 1396 695 1451 medium
732 1396 1023 1457 adducens,
1057 1403 1109 1448 et
1143 1396 1378 1450 rationes
1407 1395 1776 1455 inevitabiles,
1823 1404 2043 1448 senten-

460 1488 587 1541 tiam
628 1488 744 1542 sine
771 1487 875 1540 ulla
904 1487 1241 1556 acceptione,
1265 1486 1524 1556 judicium
1554 1486 1694 1554 quod
1735 1485 1906 1553 decipi
1943 1500 2039 1538 ne-

458 1580 594 1650 quit.
630 1580 811 1649 Neque
838 1590 1011 1634 tamen
1053 1580 1257 1634 tristem
1299 1581 1423 1634 sivit
1467 1580 1688 1633 omnino
1733 1594 2038 1633 sermonem

458 1684 601 1736 esse,
630 1670 723 1725 sed
753 1670 945 1723 bonam
979 1683 1129 1739 spem
1157 1669 1460 1724 admiscuit.
1490 1669 1672 1740 Neque
1698 1669 1843 1723 enim
1870 1669 2035 1735 dixit,

456 1762 609 1817 Tunc
640 1772 945 1831 peccatores
974 1764 1188 1831 puniet,
1237 1764 1332 1816 sed
1354 1803 1368 1825 ,
1413 1762 1607 1817 Reddet
1648 1763 1917 1830 unicuique
1954 1777 2037 1814 sc-

452 1854 676 1909 cundum
702 1871 856 1924 opera
876 1870 986 1907 sua.
1020 1854 1131 1909 Hoc
1158 1868 1316 1923 porro
1339 1855 1474 1909 dixit
1503 1869 1605 1908 non
1638 1853 1795 1907 modo
1823 1863 1881 1906 ut
1909 1867 2035 1921 pec-

450 1948 723 2001 catoribus
768 1946 1011 2015 supplicii
1055 1948 1367 2001 memoriam
1415 1958 1721 2010 revocaret,
1753 1945 1845 2001 sed
1871 1946 2031 2006 etiam

450 2047 508 2091 ut
537 2038 636 2106 piis
663 2038 969 2091 braviorum
998 2046 1051 2091 et
1075 2053 1416 2093 coronarum.
1448 2037 1553 2093 Sed
1582 2039 1671 2092 ille
1696 2038 1942 2107 quidem,
1976 2047 2033 2092 ut

447 2128 619 2183 bonos
664 2129 807 2183 viros
855 2140 1163 2195 recrearet,
1222 2130 1337 2186 hinc
1379 2130 1541 2189 dixit;
1574 2146 1673 2201 ego
1699 2142 1875 2185 autem
1904 2146 2023 2201 per-

446 2224 702 2278 horresco
724 2239 941 2292 semper
977 2223 1103 2277 dum
1134 2224 1247 2277 hinc
1273 2223 1431 2277 audio
1461 2242 1473 2277 :
1503 2238 1608 2279 non
1639 2239 1756 2278 sum
1787 2225 1931 2277 enim
1961 2223 2028 2277 de

444 2331 668 2370 numero
698 2317 1141 2372 coronandorum.
1192 2317 1327 2371 Puto
1352 2326 1529 2370 autem
1558 2317 1691 2371 alios
1719 2331 1840 2371 esse
1869 2316 2026 2384 hujus

443 2408 649 2461 timoris
676 2418 729 2461 et
757 2408 1015 2478 angustia:
1044 2407 1196 2461 nobis
1222 2418 1520 2462 consortes.
1552 2408 1720 2476 Quem
1749 2410 1892 2463 enim
1916 2423 2021 2462 non

441 2511 661 2569 possent
704 2500 818 2556 hazc
854 2502 1013 2555 verba
1046 2512 1248 2557 terrere
1270 2543 1284 2567 ,
1333 2503 1376 2556 si
1410 2502 1461 2555 in
1494 2501 1879 2557 conscientiam
1907 2502 2023 2571 ejus

438 2594 811 2661 immittantur,
838 2609 997 2665 quem
1042 2609 1146 2649 non
1190 2596 1241 2649 in
1292 2594 1570 2649 horrorem
1622 2595 1916 2659 inducere,
1948 2595 2019 2648 ita

436 2695 495 2741 ut
539 2702 849 2757 persuasum
892 2687 1107 2754 habeat,
1154 2688 1307 2743 nobis
1352 2702 1510 2742 sacco
1538 2697 1591 2742 et
1630 2689 1789 2758 longo
1812 2688 2018 2756 jejunio

433 2795 567 2847 opus
589 2796 708 2835 esse
730 2783 896 2851 magis
919 2797 1075 2852 quam
1100 2783 1296 2851 populo
1322 2780 1712 2834 Ninivitarum?
1737 2778 1848 2834 Noo
1871 2781 2014 2834 enim

431 2871 500 2925 de
529 2872 673 2926 urbis
716 2874 992 2927 eversione
1040 2883 1095 2928 et
1141 2873 1209 2927 de
1250 2873 1520 2927 communi
1575 2872 1788 2926 interitu
1838 2886 2016 2926 sermo

431 2964 586 3018 nobis
613 2971 697 3019 est
715 3005 729 3030 ,
764 2966 855 3020 sed
883 2964 949 3020 de
978 2964 1239 3036 supplicio
1264 2974 1488 3029 aeterno,
1511 2961 1578 3018 de
1602 2963 1722 3033 igne
1750 2963 1839 3033 qui
1862 2978 2016 3017 num-

428 3073 585 3128 quam
619 3058 990 3129 exstinguitur.

499 3150 552 3205 5.
588 3149 954 3204 Monachorum
995 3152 1108 3205 laus
1138 3161 1184 3207 et
1216 3152 1329 3206 vita!
1356 3169 1533 3224 genus.
1561 3181 1633 3191 â€”
1657 3150 1783 3206 Ideo
1825 3164 2012 3204 mona-

426 3242 576 3305 chos,
604 3243 693 3311 qui
722 3243 930 3297 deserta
961 3253 1311 3314 occuparunt,
1342 3243 1501 3297 laudo
1527 3254 1581 3297 et
1609 3242 1865 3305 admiror,
1898 3250 2007 3295 tum

425 3333 542 3387 aliis
568 3333 635 3387 de
662 3336 857 3395 causis,
893 3343 1002 3388 tum
1034 3344 1252 3404 propter
1274 3335 1387 3388 tunc
1414 3334 1593 3388 verba.
1626 3332 1755 3387 Nam
1789 3332 1863 3385 illi
1889 3339 2008 3401 post

424 3425 705 3493 prandium
730 3466 744 3488 ,
774 3426 881 3481 imo
909 3442 1039 3481 vero
1071 3436 1195 3495 post
1225 3441 1431 3481 cumam
1457 3467 1470 3487 ,
1501 3423 1781 3494 prandium
1811 3424 2008 3492 quippe

422 3534 529 3573 non
560 3529 789 3584 norunt;
813 3521 986 3574 sciunt
1015 3520 1155 3574 enim
1187 3535 1421 3589 przesens
1449 3528 1657 3588 tempus
1685 3530 1804 3571 esse
1832 3517 2006 3570 luctus

420 3625 482 3663 ac
504 3610 691 3679 jejunii
726 3630 739 3664 :
774 3621 889 3679 post
914 3626 1122 3665 emnam
1154 3612 1311 3681 igitur
1330 3611 1529 3681 gratias
1556 3610 1665 3664 Deo
1686 3608 2000 3672 referentes,

420 3699 558 3756 hanc
614 3712 912 3756 memorant
961 3718 1171 3758 vocem.
1236 3703 1293 3757 Si
1346 3702 1505 3757 vultis
1557 3710 1735 3756 autem
1790 3700 2001 3754 illorum

419 3791 677 3862 hymnum
724 3791 943 3856 audire,
988 3802 1047 3847 ut
1083 3793 1229 3847 illum
1270 3808 1367 3847 vos
1399 3792 1705 3861 frequenter
1725 3791 2001 3856 recitetis,

418 3893 587 3936 totum
620 3882 773 3936 vobis
794 3882 1023 3938 referam
1052 3885 1288 3954 ipsorum
1310 3899 1524 3938 sacrum
1547 3884 1837 3947 canticum,
1858 3882 2000 3951 quod

416 3974 494 4027 sic
539 3973 696 4026 habet
723 3992 735 4027 :
761 3973 1057 4028 Benedictus
1090 3974 1253 4040 Deus,
1282 3976 1365 4043 qui
1396 3975 1561 4042 pascis
1588 3990 1666 4027 me
1685 3990 1716 4025 a
1734 3975 2002 4044 juventute

416 4082 526 4117 mea
545 4065 675 4134 â€™,qui
701 4065 793 4118 das
817 4081 982 4120 escam
1007 4068 1143 4119 omni
1165 4068 1306 4119 carni
1327 4082 1347 4119 :
1369 4066 1524 4135 imple
1542 4066 1731 4136 gaudio
1756 4075 1802 4117 ct
1825 4064 1999 4117 lictitia

414 4172 503 4209 cor
527 4166 755 4209 nostrum
774 4197 789 4220 ,
820 4166 874 4210 ut
908 4174 1102 4227 semper
1126 4174 1323 4211 omnem
1350 4158 1695 4227 sufï¬cientiam
1723 4157 1959 4209 habentes
1979 4196 1995 4221 ,

415 4246 727 4301 abnudcmus
750 4248 802 4301 in
825 4264 971 4302 omne
990 4266 1116 4318 opus
1136 4250 1318 4304 bonum
1338 4251 1392 4304 in
1415 4251 1614 4303 Christo
1633 4248 1759 4301 Jesu
1780 4246 1999 4300 Domino

414 4349 587 4390 nostro
605 4380 619 4401 ,
644 4340 847 4407 quicum
868 4339 955 4392 tibi
977 4342 1163 4411 gloria,
1192 4342 1371 4407 Itonos,
1398 4341 1665 4409 imperium
1687 4356 1800 4392 cum
1822 4348 1998 4391 sancto

418 4429 615 4499 Spiritu
640 4431 693 4484 in
726 4432 934 4485 saecula.
965 4432 1145 4485 Amen.
1182 4432 1359 4486 Gloria
1388 4432 1476 4485 tibi
1502 4473 1515 4494 ,
1562 4430 1807 4494 Domine,
1834 4430 1998 4499 gloria

416 4523 526 4587 tibi,
556 4534 726 4578 sancte
745 4567 759 4589 ,
786 4525 953 4595 gloria
976 4525 1097 4590 tibi,
1122 4542 1214 4579 res;
1234 4568 1248 4589 ,
1280 4526 1399 4595 quia
1426 4525 1607 4578 dedisti
1628 4525 1767 4577 nobis
1787 4524 1924 4577 cibos
1942 4523 1999 4576 in

414 4616 663 4668 lwtitiam.
697 4616 862 4687 Imple
902 4634 993 4671 nos
1035 4618 1233 4687 Spiritu
1274 4628 1481 4684 sancto,
1519 4630 1571 4670 ut
1608 4617 1997 4671 inueniamuriu

413 4719 682 4773 conspectu
703 4717 787 4760 tuo
809 4708 1137 4777 acceptabilcs
1158 4751 1172 4775 ,
1211 4725 1305 4762 nec
1332 4710 1526 4777 pudore
1560 4709 1856 4779 afï¬ciamur,
1884 4725 1998 4761 cum

414 4796 594 4848 reddes
615 4798 881 4866 unicuique
895 4800 1171 4853 secundum
1198 4817 1353 4869 opera
1373 4816 1487 4853 sua.
1530 4799 1625 4853 Hic
1659 4800 1889 4871 hymnus
1918 4810 1996 4854 to-

415 4896 502 4939 tus
520 4886 857 4944 admirationi
896 4906 1017 4945 esse
1057 4892 1236 4955 debet,
1281 4893 1511 4946 maxime
1549 4909 1677 4947 vero
1709 4894 1827 4947 linis
1857 4893 1994 4961 ejus.

412 4979 546 5045 Quia
577 4983 719 5035 enim
752 4999 934 5038 mensa
958 4997 1010 5039 et
1030 4986 1180 5039 cibus
1209 4985 1408 5040 effusos
1432 4986 1601 5040 reddit
1629 4995 1684 5041 et
1708 4994 1959 5056 aggravnt
1978 5028 1994 5053 ,

414 5072 518 5126 hoc
558 5074 757 5126 dictum
789 5076 937 5143 quasi
972 5074 1180 5130 frenum
1213 5077 1479 5146 quoddam
1511 5078 1705 5130 animus
1734 5091 1997 5147 apposue-

410 5167 536 5210 runt
564 5158 665 5211 hoc
692 5158 891 5211 lretitize
923 5169 1163 5228 tempore
1185 5202 1198 5225 ,
1245 5176 1367 5215 cum
1406 5160 1594 5228 judicii
1624 5160 1765 5215 diem
1798 5162 1849 5214 iu
1879 5176 1995 5215 me-

413 5250 640 5302 anoriam
670 5261 940 5305 revocant.
975 5252 1283 5307 Didicerunt
1323 5254 1465 5307 enim
1508 5253 1650 5323 quod
1695 5268 1884 5323 passus
1913 5260 1996 5308 est

414 5339 577 5394 Israel
608 5350 727 5408 post
755 5341 951 5394 lautam
986 5360 1223 5397 mensam
1252 5364 1263 5398 :
1296 5345 1522 5398 Comedit
1557 5347 1696 5398 enim
1723 5386 1738 5411 ,
1788 5346 1991 5415 inquit,

408 5441 457 5484 et
478 5430 786 5484 iucrussatus
806 5442 901 5497 est,
926 5443 971 5485 et
991 5434 1321 5487 recalcitrattit
1342 5436 1554 5488 dilectus
1572 5435 1748 5507 (Deut.
1768 5437 1854 5490 5â€˜2.
1882 5437 1994 5507 15).

411 5521 618 5576 Idcirco
654 5522 788 5576 dixit
816 5522 1060 5593 Moyses:
1094 5522 1220 5578 Cum
1256 5527 1635 5579 manducaveris
1659 5538 1703 5580 et
1729 5528 1909 5580 biberis
1950 5536 1996 5579 et

401 5621 681 5666 saturatas
695 5614 877 5683 fueris,
903 5624 1144 5667 memento
1167 5613 1372 5669 Domini
1393 5615 1489 5670 Dei
1511 5619 1583 5671 tui
1608 5618 1782 5689 (Deut.
1810 5620 1861 5673 6.
1884 5618 1991 5689 il).

467 5797 487 5832 Â³
514 5793 552 5844 L'
558 5807 673 5855 nus,
698 5797 781 5858 qui
802 5796 960 5857 pascis
983 5808 1067 5846 nos
1086 5810 1117 5846 Î¹Î¹
1129 5799 1376 5856 juventutc
1398 5804 1579 5849 nostra.

1500 354 1569 411 tN
1607 351 2008 412 inï¬rmem!
2048 350 2282 411 1101111..
2326 358 2436 415 Lv.
2476 362 2549 419 al.
2591 363 2717 421 LVI.
2890 311 2933 397 Î¾
2975 368 2980 372 -

2162 469 2291 526 Post
2334 490 2572 532 mensam
2617 480 2761 535 enim
2812 481 3141 553 iniquissima
3186 488 3302 544 ausi
3348 489 3574 549 fuerant.
3601 495 3748 553 Cave

2160 564 2321 634 igitur
2347 572 2507 623 etiam
2543 581 2595 624 tu
2626 589 2695 629 ne
2719 575 2895 630 simile
2922 578 3047 647 quid
3075 582 3314 648 patiaris.
3350 584 3570 641 Etiamsi
3599 590 3745 644 enim

2160 672 2260 710 nec
2291 659 2482 727 lapidi,
2532 678 2630 717 nec
2661 679 2793 719 auro
2837 682 2969 722 oves
3013 681 3067 724 et
3111 671 3307 728 vitulos
3352 676 3741 746 immolaveris,

2159 763 2288 803 cave
2316 766 2382 805 ne
2408 750 2501 806 irae
2535 754 2781 812 immoles
2815 760 3045 814 animam
3090 771 3255 828 tuam,
3293 781 3364 821 ne
3402 767 3741 824 fornicationi

2156 840 2404 897 immoles
2449 846 2671 901 salutem
2721 859 2861 904 tuam
2888 893 2903 915 ,
2945 870 3078 908 neve
3115 856 3235 911 aliis
3283 860 3547 915 similibus
3576 863 3739 917 animi

2156 935 2375 989 morbis.
2413 936 2523 992 Hac
2544 941 2684 993 enim
2716 943 2877 997 etiam
2906 945 2973 1000 de
3002 962 3163 1001 causa
3192 951 3438 1005 monachi
3468 953 3580 1007 haec
3604 969 3740 1023 pra:-

2154 1024 2332 1092 cipitia
2382 1038 2711 1096 metuentes,
2780 1044 3059 1103 postquam
3113 1054 3335 1104 mensa,
3395 1043 3502 1097 imo
3562 1046 3736 1113 potius

2148 1112 2355 1182 jejunio
2419 1119 2497 1172 usi
2550 1131 2675 1174 sunt
2725 1121 2905 1193 (nam.
2942 1142 3124 1180 mensa
3180 1129 3412 1198 ipsorum
3470 1112 3732 1202 jejunium

2151 1207 2294 1274 cst),
2345 1210 2605 1263 tremendi
2644 1212 2826 1279 judicii
2867 1231 2930 1270 ac
2972 1217 3076 1270 diei
3118 1218 3255 1272 illius
3300 1224 3614 1277 memoriam
3648 1240 3733 1279 re-

2150 1306 2358 1351 vocant.
2405 1298 2458 1354 Si
2499 1311 2675 1356 autem
2712 1304 2822 1370 illi,
2860 1306 2951 1374 qui
2997 1306 3620 1379 jejuniis,chameuniis,
3653 1316 3731 1369 vi-

2146 1387 2307 1456 giliis,
2339 1404 2496 1445 sacco
2525 1401 2579 1444 et
2609 1392 2901 1448 innumeris
2940 1397 3059 1451 aliis
3102 1413 3225 1453 sese
3273 1412 3580 1466 macerant,
3626 1406 3725 1459 hac

2147 1487 2325 1533 tamen
2369 1482 2737 1539 admonitione
2766 1486 3039 1555 indigent:
3070 1490 3283 1558 quando
3309 1494 3597 1561 poterimus
3628 1510 3726 1550 non

2146 1570 2419 1625 moderate
2443 1573 2622 1628 vivere
2644 1616 2659 1641 ,
2690 1576 2779 1644 qui
2810 1592 3023 1631 mensas
3048 1595 3368 1649 apparamus
3407 1584 3551 1639 mille
3590 1602 3723 1640 nau-

2144 1657 2322 1727 fragiis
2352 1672 2572 1717 onustas
2594 1704 2609 1729 ,
2642 1680 2815 1733 neque
2843 1669 3064 1723 omnino
3086 1687 3365 1740 precamur
3388 1675 3473 1728 vel
3500 1677 3551 1729 in
3580 1678 3724 1747 prin-

2142 1750 2280 1819 cipio
2316 1753 2399 1807 vel
2440 1754 2492 1808 in
2543 1755 2690 1811 ï¬ne?
2729 1758 2933 1814 Idcirco
2962 1771 3018 1815 ut
3046 1764 3319 1835 naufragia
3351 1765 3437 1820 illa
3458 1768 3723 1824 dissolva-

2140 1857 2296 1909 mus,
2340 1844 2595 1914 hymnum
2650 1850 2797 1904 illum
2847 1853 2898 1906 in
2946 1855 3178 1909 medium
3216 1858 3574 1925 adducentes,
3626 1878 3721 1918 ex-

2140 1935 2394 2004 plicemus
2430 1940 2630 2007 omnia,
2655 1952 2713 1996 ut
2751 1945 2875 2013 quid
2905 1947 3035 2001 lucri
3060 1951 3362 2006 commodet
3388 1954 3721 2009 animadver-

2138 2036 2347 2096 tentes,
2398 2031 2702 2102 frequenter
2731 2036 2879 2095 illum
2930 2039 2982 2093 in
3030 2056 3214 2096 mensa
3264 2057 3553 2109 canamus,
3589 2063 3719 2102 ven-

2136 2121 2337 2191 trisque
2381 2122 2608 2179 insultas
2649 2128 3004 2195 reprimamus
3025 2170 3041 2195 ,
3067 2142 3226 2201 atque
3255 2148 3433 2190 mores
3464 2136 3715 2207 legesque

2130 2215 2439 2285 angelorum
2469 2218 2677 2272 illorum
2706 2220 2757 2272 in
2789 2219 2979 2275 domos
3008 2235 3221 2278 nostras
3252 2226 3585 2285 inducamus.
3611 2231 3715 2285 Par

2128 2316 2275 2361 certe
2317 2307 2537 2373 fuisset,
2570 2318 2626 2363 ut
2653 2310 2741 2364 illo
2771 2327 2866 2366 vos
2901 2314 3240 2369 conferentes
3272 2318 3409 2372 hunc
3441 2319 3711 2376 referretis

2129 2396 2386 2453 fructum:
2409 2399 2500 2455 sed
2527 2402 2649 2471 quia
2680 2401 2727 2456 id
2756 2418 2858 2457 non
2881 2405 3061 2469 vultis,
3082 2407 3256 2461 verbis
3287 2409 3474 2463 saltem
3512 2414 3709 2468 nostris

2127 2492 2263 2548 hanc
2278 2495 2606 2563 spiritualem
2621 2497 2902 2551 melodiam
2918 2498 3117 2564 audite,
3133 2514 3194 2553 ac
3215 2502 3406 2571 singuli
3424 2513 3539 2570 post
3554 2519 3706 2557 men-

2124 2600 2238 2640 sam
2291 2587 2403 2641 haec
2439 2588 2598 2642 verba
2627 2588 2895 2655 referant,
2927 2592 3005 2645 sic
3033 2593 3141 2646 orsi
3169 2610 3182 2645 :
3209 2591 3512 2648 Benedictus
3541 2594 3701 2649 Deus.

2124 2676 2485 2745 Apostolicam
2509 2679 2705 2748 quippe
2724 2679 2891 2749 legem
2914 2681 3092 2735 statim
3118 2682 3450 2754 implentqua
3467 2686 3703 2753 jubetur:

2124 2765 2485 2838 Quodcumque
2515 2770 2795 2824 fecerimus
2822 2770 2873 2824 in
2905 2772 3051 2825 verba
3117 2781 3164 2826 et
3201 2791 3379 2844 opere,
3424 2777 3478 2829 in
3506 2778 3707 2831 nomine

2123 2854 2328 2911 Domini
2362 2859 2519 2911 nostri
2555 2859 2681 2913 Jesu
2722 2858 2911 2914 Christi
2954 2861 3234 2931 faciamus,
3271 2866 3463 2933 gratias
3492 2877 3698 2937 agentes

2118 2943 2228 2999 Deo
2274 2956 2320 3000 et
2368 2945 2514 3000 Patri
2558 2965 2649 3016 per
2694 2950 2861 3018 ipsum
2909 2948 3127 3019 (Coloss.
3167 2950 3221 3006 5.
3266 2954 3380 3023 i7).
3412 2955 3611 3010 Deinde
3641 2966 3700 3009 ut

2114 3037 2403 3106 gratiarum
2450 3039 2590 3092 actio
2634 3054 2740 3094 non
2790 3055 2885 3109 pro
2928 3042 3019 3096 illo
3061 3041 3178 3095 solo
3218 3041 3309 3097 die
3347 3044 3449 3111 sit,
3481 3044 3573 3100 sed
3604 3061 3701 3115 pro

2116 3137 2226 3183 tota
2253 3130 2356 3183 vita
2378 3170 2396 3196 ,
2425 3130 2618 3185 dicitur
2643 3148 2655 3183 :
2686 3131 2788 3197 Qui
2811 3132 2975 3200 pascis
3000 3149 3077 3185 me
3096 3150 3127 3185 a
3139 3134 3402 3204 juventute
3422 3152 3551 3189 mea.
3575 3136 3700 3192 [huc

2113 3238 2326 3292 quoque
2352 3222 2592 3277 doctrina
2626 3224 2991 3294 philosophica
3021 3239 3121 3279 est.
3147 3227 3255 3281 Deo
3278 3229 3474 3297 quippe
3498 3230 3694 3297 alente,

2113 3332 2219 3371 non
2269 3319 2558 3372 sollicitum
2604 3334 2724 3374 esse
2769 3330 3002 3388 Oportet.
3052 3321 3185 3376 Nam
3216 3323 3262 3377 si
3290 3340 3414 3394 rege
3443 3325 3535 3380 tibi
3570 3342 3695 3394 pro-

2112 3410 2397 3473 mittente,
2431 3423 2488 3463 se
2531 3410 2624 3463 tibi
2667 3412 3033 3481 quotidianum
3073 3412 3249 3466 cibum
3299 3429 3363 3467 ex
3412 3430 3507 3468 sua
3552 3431 3692 3485 penu

2110 3500 2564 3570 suppeditaturum
2586 3516 2722 3565 ease,
2747 3503 3048 3559 conlideres
3071 3506 3282 3575 utique:
3308 3508 3475 3562 multo
3501 3510 3691 3575 magis,

2110 3592 2155 3645 si
2181 3591 2322 3646 Deus
2346 3598 2581 3660 prrebeat
2605 3633 2621 3658 ,
2649 3602 2703 3646 et
2728 3594 2905 3647 omnia
2936 3593 3028 3650 tibi
3056 3596 3204 3664 quasi
3234 3611 3299 3650 ex
3331 3595 3477 3651 fonte
3504 3596 3689 3663 ï¬‚uant,

2107 3682 2252 3737 omni
2296 3682 2661 3737 sollicitudine
2701 3699 2922 3737 vacuum
2966 3699 3089 3741 esse
3131 3696 3365 3753 oportet.
3399 3687 3522 3743 Ideo
3548 3691 3691 3743 enim

2108 3772 2223 3827 haec
2247 3772 2451 3834 dicunt,
2479 3783 2535 3826 ut
2557 3783 2612 3828 et
2639 3773 2847 3842 seipsos
2873 3782 2927 3827 et
2951 3773 3241 3844 discipulos
3267 3776 3332 3828 ad
3358 3794 3573 3832 omnem
3599 3793 3694 3832 cu-

2107 3880 2223 3921 ram
2248 3873 2306 3920 et
2337 3865 2753 3920 sollicitudinem
2796 3866 3096 3934 ponendam
3142 3867 3414 3922 inducant.
3458 3869 3687 3935 Deinde,

2107 3971 2174 4010 ne
2201 3965 2384 4024 putes,
2438 3956 2583 4024 ipsos
2627 3969 2724 4023 pro
2754 3970 2811 4009 se
2840 3964 3044 4009 tantum
3091 3957 3230 4012 hanc
3265 3960 3555 4037 gratiarum
3595 3977 3690 4016 ac-

2107 4050 2303 4102 tionem
2331 4047 2552 4110 referre,
2576 4046 2923 4117 subjungunt.
2953 4049 3052 4112 Qui
3074 4050 3158 4102 dat
3180 4068 3345 4105 escam
3368 4055 3503 4106 omni
3523 4057 3687 4121 carni,

2105 4155 2201 4209 pro
2224 4148 2335 4193 toto
2361 4139 2492 4194 orbe
2523 4140 2619 4209 ipsi
2647 4141 2843 4209 gratias
2872 4151 3125 4209 agentes;
3154 4151 3207 4197 et
3233 4145 3381 4211 quasi
3404 4147 3549 4201 orbis
3575 4149 3689 4201 uni-

2104 4231 2244 4286 versi
2272 4241 2482 4301 patres,
2513 4232 2591 4286 sic
2616 4247 2710 4300 pro
2740 4233 2990 4287 omnibus
3022 4234 3206 4288 laudes
3236 4236 3510 4303 referunt,
3538 4248 3591 4294 et
3621 4241 3689 4295 ad

2103 4341 2283 4380 veram
2311 4340 2430 4380 sese
2471 4325 2855 4379 fraternitatem
2909 4325 3148 4380 incitant.
3181 4326 3364 4396 Neque
3388 4330 3528 4384 enim
3561 4346 3688 4399 pos-

2102 4426 2226 4471 sunt
2247 4417 2365 4470 illos
2386 4416 2582 4480 odisse,
2614 4433 2708 4485 pro
2729 4417 2920 4485 quibus
2948 4417 3016 4471 de
3042 4418 3385 4485 suppeditato
3413 4420 3541 4487 ipsis
3564 4423 3686 4475 cibo

2104 4507 2215 4561 Deo
2242 4507 2440 4576 gratias
2466 4516 2649 4575 agunt.
2684 4506 2869 4560 Viden'
2892 4515 2945 4560 et
2977 4507 3251 4561 caritatem
3277 4525 3369 4577 per
3393 4513 3681 4577 gratiarum

2103 4599 2364 4652 actionem
2399 4597 2705 4660 inductam,
2749 4612 2868 4665 qure
2912 4598 3223 4651 szecularem
3272 4598 3687 4657 sollicitudinem

2102 4690 2284 4757 ejicit,
2332 4698 2439 4742 tum
2481 4704 2544 4742 ex
2578 4688 2641 4741 iis
2666 4704 2784 4757 quae
2830 4689 3170 4756 praecedunt,
3217 4698 3325 4742 tum
3370 4706 3437 4742 ex
3473 4690 3684 4759 hisjam

2102 4782 2295 4837 dictis?
2319 4781 2373 4837 Si
2403 4783 2543 4836 enim
2574 4782 2664 4835 dat
2690 4797 2867 4836 escam
2899 4781 3041 4834 omni
3073 4780 3256 4844 carni,
3308 4782 3475 4834 multo
3521 4784 3689 4853 magis

2103 4874 2168 4927 iis
2187 4876 2275 4943 qui
2303 4874 2401 4942 ipsi
2444 4873 2637 4928 addicti
2667 4882 2826 4936 sunt;
2859 4888 2980 4925 nam
3014 4872 3055 4923 si
3085 4886 3198 4935 eos,
3223 4873 3311 4939 qui
3343 4873 3688 4928 smculnribus

2103 4966 2248 5019 curis
2277 4972 2403 5018 Sttttl
2434 4964 2688 5028 involuti;
2742 4962 2909 5015 multo
2950 4963 3118 5031 magis
3165 4977 3279 5027 eos,
3321 4963 3408 5031 qui
3440 4964 3504 5017 iis
3536 4963 3711 5019 vacoi'

2103 5066 2227 5111 sunt
2246 5099 2259 5117 ,
2293 5056 2476 5109 nutrit.
2512 5054 2624 5109 Hoc
2648 5063 2700 5107 et
2726 5052 2969 5106 Christus
3000 5055 3325 5107 conï¬rmans
3354 5054 3483 5107 dicit
3509 5073 3522 5109 :
3554 5054 3686 5120 Quot

2105 5146 2389 5217 passeribus
2432 5146 2661 5197 meliores
2700 5144 2816 5197 estis
2858 5160 2943 5197 vos
2975 5142 3125 5214 (Luc.
3162 5144 3248 5196 12.
3282 5143 3366 5213 7)?
3393 5144 3485 5196 llis
3515 5146 3689 5199 verbis

2102 5240 2257 5295 docet
2287 5253 2393 5293 non
2430 5251 2548 5291 esse
2586 5235 2853 5289 fidendum
2894 5234 3094 5288 divitiis
3120 5244 3173 5288 et
3199 5244 3357 5289 terrae
3386 5243 3443 5287 et
3471 5235 3690 5289 semini-

2104 5331 2222 5386 bus.
2254 5330 2368 5383 Non
2411 5329 2551 5381 enim
2599 5328 2713 5380 lucc
2744 5335 2867 5380 sunt
2894 5342 3013 5396 quae
3044 5326 3318 5387 nutriunt,
3346 5325 3440 5379 sed
3471 5324 3686 5379 verbum

2107 5421 2219 5476 Dei.
2258 5420 2352 5474 llis
2372 5420 2531 5474 etiam
2566 5417 2891 5472 Manichaeos
2921 5416 3242 5478 retrudunt,
3284 5426 3337 5469 et
3369 5415 3689 5469 Valentinia~

2104 5531 2222 5581 nos,
2254 5528 2454 5582 eosque
2481 5511 2569 5580 qui
2610 5525 2732 5564 cum
2774 5509 2880 5562 illis
2910 5509 3165 5564 sentiunt.
3200 5506 3314 5560 Non
3344 5506 3486 5561 enim
3518 5516 3689 5575 potest

2106 5605 2192 5658 hic
2221 5604 2395 5656 malus
2436 5614 2558 5655 esse
2606 5601 2779 5662 Deus,
2823 5600 2910 5668 qui
2953 5599 3236 5654 omnibus.
3284 5595 3443 5648 etiam
3482 5610 3541 5649 se
3583 5595 3691 5650 bla-

2105 5694 2533 5766 sphemantibus,
2566 5694 2700 5746 bona
2734 5707 2826 5745 sua
2852 5689 3077 5743 confert.
3119 5687 3317 5742 Deinde
3340 5687 3576 5756 sequitur
3599 5701 3694 5756 pe-

2107 5790 2224 5845 titio
2247 5807 2261 5844 :
2292 5787 2452 5859 Ileple
2479 5786 2665 5858 gaudio
2688 5793 2730 5839 et
2754 5784 2931 5838 lwtitia
2953 5782 3110 5835 corda
3131 5791 3323 5837 nostra.
3350 5781 3467 5850 Quo
3498 5775 3693 5849 gaudio
