4102 6418
476 331 577 386 8ιῖ

471 445 634 502 dicit?
662 459 787 498 num
813 439 1091 498 smculari?
1115 439 1298 494 Absit!
1330 452 1503 507 neque
1531 436 1674 491 enim
1697 434 1742 489 si
1773 433 1906 489 illud
1936 433 2050 490 vel-

473 540 584 592 lent
604 580 616 600 ,
645 537 922 591 cacumina
952 533 1208 588 montium
1234 539 1286 584 et
1310 529 1522 584 deserta
1548 535 1933 596 occupassent,
1963 541 2058 581 ne-

471 648 573 702 que
597 646 754 688 sacco
775 636 957 684 essent
989 625 1195 689 induti;
1244 623 1339 678 sed
1379 621 1510 676 illud
1548 620 1801 690 gaudium
1833 619 2053 683 dicunt,

470 725 754 794 quodcum
789 719 1036 791 prmseuti
1066 715 1174 771 vita
1206 714 1339 769 nihil
1365 727 1652 769 commune
1684 711 1881 778 habet,
1921 725 2056 780 gau-

470 819 615 871 dium
663 816 970 884 angelorum
1020 819 1078 866 et
1120 824 1450 879 supernum;
1499 821 1598 860 nec
1646 805 1960 873 simpliciter
2003 803 2056 858 id

473 909 775 978 postulant,
823 906 917 959 sed
958 902 1316 958 abundantius
1344 908 1639 970 expetunt;
1687 913 1790 952 non
1831 898 2052 964 dicunt,

473 999 546 1053 Da
566 1044 578 1063 ,
609 999 723 1062 sed,
756 997 916 1066 Rep’le
935 1039 949 1058 ,
980 1011 1080 1050 nec
1109 994 1292 1049 dicunt
1311 1035 1326 1060 ,
1355 993 1461 1047 Nos
1481 1033 1497 1057 ,
1525 991 1642 1058 sed,
1666 991 1830 1044 Corda
1850 1000 2056 1044 nostra:

469 1091 571 1145 hoc
617 1093 758 1145 enim
805 1091 1035 1142 maxime
1086 1086 1335 1157 gaudium
1385 1084 1614 1138 cordis:
1659 1081 1883 1136 Fructus
1920 1085 2054 1134 enim

470 1187 723 1255 Spiritus,
769 1185 989 1248 caritas,
1033 1180 1298 1251 gaudium,
1332 1194 1434 1246 pax
1475 1176 1626 1246 (Cal.
1658 1175 1709 1231 5.
1753 1175 1868 1246 22).
1919 1174 2054 1242 Quia

467 1279 608 1331 enim
653 1284 931 1344 peccatum
979 1271 1244 1325 tristitiam
1287 1269 1529 1333 induxit,
1571 1275 1855 1337 precantur
1879 1275 1935 1319 ut
1963 1280 2057 1335 per

467 1366 720 1435 gaudium
769 1364 970 1434 iustitia
1005 1362 1055 1416 in
1087 1361 1214 1430 ipsis
1241 1360 1542 1414 inseratur:
1569 1373 1742 1427 neque
1772 1356 1912 1411 enim
1952 1356 2057 1410 alio

468 1457 628 1511 modo
650 1455 898 1526 gaudium
923 1454 973 1507 in
1004 1452 1106 1506 illis
1137 1457 1500 1520 generaretur.
1533 1446 1602 1502 Ut
1639 1463 1833 1518 seraper
1858 1461 2058 1499 onmem

395 1583 402 1592 -
468 1550 816 1619 sufficientiam
851 1547 1084 1599 habentes
1108 1541 1418 1595 abundamus
1441 1542 1493 1593 in
1513 1555 1661 1593 omne
1691 1555 1820 1608 opus
1848 1538 2052 1591 bonum.

474 1641 609 1695 \‘ide
667 1639 1029 1711 evangelicum
1079 1634 1210 1690 illud
1256 1633 1458 1688 dictum
1509 1631 1825 1701 impletum:
1860 1627 2056 1682 Panem

464 1755 701 1800 nostrum
718 1739 1082 1812 quotidianum
1099 1735 1168 1787 da
1190 1733 1336 1787 nobis
1357 1730 1507 1783 hodie
1523 1726 1675 1797 (Luc.
1697 1721 2041 1792 11.3).(2ujus

466 1832 855 1908 postulationis
878 1829 1130 1883 elTectum
1158 1833 1384 1894 propter
1408 1817 1710 1890 spiritualia
1743 1821 2037 1908 quierunt:

470 1899 538 1981 lit
563 1924 909 1985 abundamus,
935 1919 1205 1987 inquiunt,
1227 1915 1280 1966 in
1298 1927 1446 1964 omne
1469 1924 1595 1977 opus
1609 1907 1818 1959 bonum.
1839 1899 1948 1955 Nec
1963 1899 2043 1956 di-

466 2027 619 2079 cunt,
644 2014 712 2070 Ut
749 2013 1016 2068 iaciamus
1041 2009 1214 2063 solum
1244 2003 1388 2074 quod
1411 2002 1672 2056 debemus
1698 2015 1712 2064 ;
1751 1996 1844 2052 sed
1873 1994 2041 2047 etiam

467 2111 612 2179 plus,
630 2121 792 2176 quam
811 2109 1076 2174 praecepta
1101 2097 1414 2158 continent;
1440 2093 1490 2144 id
1518 2089 1664 2144 enim
1690 2084 1963 2156 significat
1984 2083 2046 2136 il-

467 2175 558 2252 lud
571 2242 584 2262 ,
597 2175 1014 2250 utiabundemus.
1028 2186 1095 2240 Et
1106 2202 1133 2240 a
1146 2185 1336 2254 Deoqu
1347 2183 1484 2236 idem
1499 2175 1878 2235 sullicieutism
1896 2188 2044 2242 quie-

461 2289 585 2333 runt
613 2281 662 2333 in
695 2280 1013 2335 necessariis
1039 2295 1052 2332 :
1084 2276 1184 2347 ipsi
1206 2291 1337 2331 vero
1366 2277 1551 2329 nolunt
1575 2288 1696 2327 cum
1725 2271 2043 2326 sufficientia

461 2379 668 2426 tantum
701 2371 953 2436 obedire,
1003 2368 1100 2425 sed
1143 2365 1644 2437 superabundanter
1683 2364 1737 2417 in
1775 2361 2049 2417 omnibus.

466 2463 578 2518 lloc
619 2473 702 2519 est
732 2463 868 2534 frugi
914 2477 1214 2525 servorum,
1260 2460 1361 2514 hoc
1402 2456 1845 2528 philosophorum
1877 2453 2050 2508 homi-

461 2571 588 2611 num
617 2597 630 2616 ,
666 2567 880 2623 semper
923 2562 978 2605 et
1022 2550 1076 2604 in
1118 2548 1368 2602 erunibus
1409 2545 1708 2599 abundare.
1752 2541 1955 2597 Deinde
1995 2551 2052 2596 ut

460 2647 827 2702 inﬁrmitatem
868 2659 1021 2697 suam
1049 2648 1505 2702 commemorent,
1536 2637 1909 2706 fateanturque
1936 2637 2051 2692 sine

458 2751 695 2806 superno
721 2746 852 2789 nutu
885 2734 1018 2788 nihil
1050 2748 1108 2787 se
1139 2747 1300 2803 posse
1329 2739 1608 2785 strenuum
1647 2729 1822 2783 facere
1844 2771 1857 2792 ,
1896 2737 2046 2797 post-

455 2843 616 2897 quam
643 2826 927 2891 dixerunt,
963 2823 1030 2879 Ut
1059 2822 1369 2875 abundamus
1411 2820 1462 2872 in
1504 2835 1652 2874 omne
1675 2835 1801 2887 opus
1843 2819 2046 2882 bonum,

461 2919 788 2986 subjiciunt,
839 2916 904 2970 ln
949 2915 1151 2970 Christo
1192 2913 1316 2968 Jesu
1369 2911 1590 2964 Domino
1629 2923 1800 2965 nostro
1846 2913 2046 2982 quicum

463 3013 551 3065 tibi
573 3012 758 3082 gloria,
792 3011 972 3074 honor,
1013 3009 1277 3079 imperium
1315 3008 1368 3060 in
1403 3006 1605 3059 swcula.
1649 3005 1825 3057 Amen.
1859 3003 2046 3057 Parem

459 3103 721 3174 principio
753 3102 911 3156 linem
945 3117 1035 3171 per
1066 3101 1357 3170 gratiarum
1385 3099 1651 3152 actionem
1683 3105 1887 3150 texunt.

527 3195 580 3250 6.
612 3194 800 3249 Postea
822 3209 949 3247 vero
979 3191 1225 3246 videntur
1264 3191 1412 3260 quasi
1440 3206 1468 3242 a
1494 3189 1754 3258 principio
1779 3187 2039 3256 incipere,

454 3298 503 3342 et
549 3287 795 3342 eumdem
826 3301 1128 3340 sermonem
1161 3284 1474 3338 continuant
1509 3299 1522 3334 :
1552 3291 1607 3334 ut
1652 3290 1707 3335 et
1753 3280 1946 3334 Paulus
1993 3283 2046 3334 in

455 3378 714 3447 principio
745 3376 996 3445 Epistula:
1023 3375 1173 3444 quasi
1216 3375 1267 3427 in
1317 3373 1760 3443 glorificationem
1795 3371 2046 3425 desinens

452 3470 524 3524 ait
556 3469 883 3524 :Secnnduin
910 3465 1214 3520 uoluntatem
1241 3463 1334 3517 Dei
1380 3474 1424 3517 et
1459 3463 1649 3526 Patris,
1691 3463 1772 3513 cui
1795 3462 1957 3530 gloria
1993 3461 2046 3513 in

453 3563 658 3622 sternte,
689 3576 833 3612 amen
865 3559 883 3629 (
909 3557 1026 3612 Gal.
1053 3559 1103 3612 l.
1129 3557 1182 3611 Δ.
1212 3555 1282 3628 5)
1310 3573 1322 3608 :
1346 3570 1409 3609 ac
1438 3567 1622 3609 rursus
1641 3554 1782 3624 quod
1808 3561 2043 3607 tractan-

453 3650 578 3703 dum
612 3650 853 3718 SllaCipil,
884 3655 1252 3717 argumentum
1281 3645 1522 3700 resumit.
1570 3644 1637 3698 Et
1664 3644 1786 3698 alibi
1814 3657 1999 3699 rursus
2026 3660 2041 3696 :

451 3739 724 3795 Culuerant
757 3751 804 3794 et
832 3740 1104 3793 servierunt
1151 3748 1396 3791 creature
1424 3737 1588 3806 potius
1617 3751 1767 3805 quam
1795 3733 2040 3800 Creatori,

451 3833 537 3902 qui
565 3841 634 3885 est
669 3832 951 3886 benedictus
997 3831 1053 3884 in
1101 3831 1308 3884 swcula.
1341 3827 1500 3882 Amen
1530 3829 1719 3899 (Rom.
1775 3830 1826 3882 1.
1882 3827 1993 3898 25)
2025 3844 2038 3882 :

452 3939 557 3976 non
589 3923 820 3976 absolvit
847 3937 1172 3987 sermonem,
1205 3920 1296 3974 sed
1328 3919 1515 3990 pergit.
1548 3918 1626 3973 Ne
1648 3919 1804 3990 igitur
1825 3919 1921 3973 hos
1947 3934 2042 3972 an-

448 4015 594 4084 gelos
624 4017 946 4081 incusemus,
982 4014 1132 4084 quasi
1163 4013 1460 4066 inordinate
1485 4013 1698 4077 faciant,
1727 4013 1866 4082 quod
1890 4022 2039 4082 post-

450 4122 608 4176 quam
643 4109 696 4160 in
728 4107 1164 4174 gloriﬁcationem
1212 4105 1520 4170 desierunt,
1550 4119 1736 4158 rursus
1783 4105 2036 4175 hymnum

448 4199 657 4250 sacrum
688 4195 963 4263 incipiant.
996 4197 1326 4265 Apostolicas
1351 4196 1492 4250 enim
1539 4203 1832 4264 sequuntur
1868 4196 2032 4264 leges,

447 4302 568 4341 eum
595 4304 623 4342 a
654 4287 1040 4356 glorificatioue
1080 4288 1376 4356 incipiunt,
1408 4296 1461 4341 et
1489 4288 1539 4341 in
1573 4287 1717 4340 illam
1743 4287 2032 4353 desinunt,

448 4389 736 4449 posteaque
778 4394 964 4433 rursus
1006 4379 1372 4434 exordiuntur.
1429 4379 1763 4448 Quapropter
1809 4379 2032 4436 dicunt:

445 4469 620 4522 Gloria
642 4472 748 4535 tibi,
781 4469 1024 4532 Domine,
1060 4471 1222 4540 gloria
1247 4471 1354 4535 tibi,
1376 4481 1565 4533 sancte,
1596 4471 1757 4540 gloria
1786 4472 1891 4532 tibi.
1920 4487 2030 4536 rex,

443 4561 564 4630 quia
588 4561 768 4614 dedisti
797 4562 940 4614 nobis
963 4561 1098 4614 cibos
1124 4561 1177 4613 in
1206 4561 1451 4614 lwtitiam.
1481 4560 1596 4614 Non
1627 4562 1769 4615 enim
1798 4576 1895 4631 pro
1920 4577 2033 4616 ma-

443 4653 561 4719 gnis
607 4661 831 4720 tantum,
864 4654 956 4708 sed
988 4661 1041 4707 et
1071 4668 1167 4722 pro
1198 4653 1429 4707 minimis
1457 4655 1651 4723 gratias
1694 4669 1851 4724 agere
1879 4671 2032 4724 opor-

444 4753 537 4796 tet.
593 4743 799 4799 Gratias
829 4757 1003 4799 autem
1045 4759 1143 4816 pro
1190 4745 1272 4798 his
1306 4756 1500 4814 agunt,
1529 4756 1586 4798 Ill
1615 4745 2026 4801 Manichaeorum

423 4831 688 4914 ‘haeresim
717 4835 1166 4907 pudefaeiant,’et
1197 4850 1383 4888 omnes
1413 4845 1670 4904 quotquot
1708 4847 2024 4905 prmsentem

437 4925 597 4977 vitam
627 4940 745 4980 esse
783 4927 971 4980 malam
1001 4927 1201 4981 dicunt.
1235 4925 1313 4981 Ne
1344 4937 1497 4995 putes
1523 4929 1665 4980 enim
1696 4941 1812 4993 eos,
1842 4929 1929 4997 qui
1956 4928 2024 4983 ad

435 5032 694 5070 sumntum
721 5018 1106 5088 philosiiphiam
1135 5034 1191 5072 se
1216 5030 1468 5072 exercent
1493 5027 1548 5073 et
1573 5029 1812 5073 ventrem
1841 5020 2021 5090 despi-

433 5109 602 5170 ciunt,
631 5123 781 5161 escas
825 5108 1149 5174 abominari,
1175 5119 1229 5162 ut
1259 5111 1291 5163 ii
1323 5110 1410 5178 qui
1444 5125 1501 5164 se
1534 5108 1811 5175 suffoeant,
1844 5111 2022 5165 verbis

431 5199 757 5267 supplicibus
777 5200 866 5252 tibi
884 5200 1127 5264 suadent,
1148 5215 1205 5253 se
1224 5217 1326 5253 non
1352 5200 1468 5254 ideo
1487 5216 1517 5254 a
1536 5202 1714 5254 multis
1731 5201 2015 5265 abstinere,

431 5291 568 5360 quod
605 5293 796 5345 multas
827 5290 915 5343 Dei
937 5305 1208 5344 creaturas
1233 5292 1583 5356 detestentur,
1607 5293 1698 5346 sed
1730 5293 1868 5362 quod
1901 5293 2021 5363 phi-

429 5382 724 5450 IOSophiam
758 5391 1060 5435 exerceant.
1109 5381 1177 5435 Et
1200 5384 1560 5437 animadverte
1605 5384 1869 5452 quomodo
1899 5392 2019 5453 post

429 5473 715 5539 gratiarum
741 5472 1004 5527 actionem
1042 5489 1136 5542 pro
1165 5475 1372 5527 collatis
1402 5475 1536 5529 cibis
1563 5476 1762 5542 majora
1811 5485 2012 5544 petant,

433 5579 530 5616 nec
557 5565 606 5615 iu
635 5566 979 5620 smeularibus
1011 5577 1269 5635 perstent,
1299 5566 1390 5620 sed
1435 5582 1590 5635 supra
1621 5566 1784 5621 caries
1821 5583 2012 5622 ascen-

433 5655 578 5716 dant,
598 5655 875 5726 dicamque
901 5677 912 5711 :
947 5657 1110 5729 Imple
1130 5675 1219 5711 nos
1243 5657 1439 5728 Spiritu
1459 5669 1630 5711 sancto
1670 5657 1851 5726 Neque
1870 5661 2011 5714 enim

437 5751 614 5816 potest
635 5748 753 5814 quis
782 5750 1036 5818 pra-clare
1056 5767 1114 5807 se
1142 5765 1350 5824 gerere,
1374 5752 1474 5808 nisi
1497 5752 1567 5808 sit
1584 5751 1820 5823 repletus
1839 5753 2004 5820 gratia

1255 323 1312 378 S.
1353 319 1630 378 JUANNIS
1667 317 2138 376 CHRYSOSTOMl
2181 319 2494 378 ARCIIIEP.
2535 325 3070 389 CONSTANTINOP.

3653 341 3765 396 518

2165 435 2254 492 illa
2279 479 2292 502 ,
2325 446 2385 492 ttt
2424 455 2532 494 non
2561 451 2734 509 potest
2759 444 2879 512 quis
2929 455 3205 499 strenuum
3233 454 3318 500 an:
3351 459 3603 516 magnum
3634 449 3768 516 quid

2160 527 2356 594 facere,
2382 531 2480 586 nisi
2507 533 2704 587 Christi
2733 535 2900 604 gratia
2924 536 3150 590 fruatur.
3176 536 3322 592 Sicut
3345 551 3472 606 ergo
3491 537 3766 598 dicentes.

2163 619 2232 676 Ut
2275 623 2590 677 abundemus
2640 625 2696 679 in
2741 642 2890 680 omne
2925 643 3052 696 opus
3093 627 3313 694 bonum,
3342 629 3765 698 subjunxerunt,

2161 711 2226 765 In
2277 713 2476 768 Christo
2517 715 2643 770 Iesu
2677 736 2693 768 :
2717 717 2792 773 ita
2827 728 2881 772 et
2934 721 3020 773 hic
3061 719 3238 774 dicunt
3266 761 3282 788 ,
3317 719 3476 790 Reple
3512 739 3608 776 nos
3639 720 3768 792 Spi-

2159 803 2260 856 ritu
2283 815 2476 865 sanrto,
2501 807 2517 838 ¹
2533 804 2606 878 [ut
2631 807 2944 862 inveniantur
2969 812 3022 862 in
3049 821 3320 880 conspectu
3360 823 3446 865 tuo
3473 815 3770 883 acceptabi-

2160 894 2250 948 lcs.
2286 894 2469 950 Viden‘
2495 897 2764 966 quomodo
2789 898 2856 953 de
2902 900 3063 954 rebus
3097 901 3164 954 ad
3195 902 3355 956 vitam
3387 903 3766 972 spectantibus

2161 1002 2266 1041 non
2309 1000 2590 1057 precentur
2613 1032 2628 1055 ,
2662 992 2754 1046 sed
2795 994 2993 1062 gratias
3021 1007 3180 1064 agant
3211 1005 3416 1052 tantum
3451 1014 3464 1048 :
3496 997 3644 1051 circa
3675 1014 3765 1053 res

2159 1091 2336 1134 autem
2363 1083 2666 1150 spirituales
2690 1094 2745 1139 et
2771 1088 2969 1155 gratias
3003 1095 3160 1152 agant
3187 1095 3244 1142 et
3268 1089 3592 1158 precentur?
3623 1087 3762 1143 Nam

2158 1172 2232 1224 ait
2260 1187 2274 1224 :
2308 1171 2528 1238 Quwrite
2570 1175 2785 1242 primum
2821 1192 3030 1246 regnum
3060 1177 3334 1242 cadat-um,
3361 1186 3407 1231 et
3449 1178 3554 1232 Ιιωε
3585 1179 3766 1232 omnia

2158 1264 2463 1334 adjiciantur
2506 1266 2642 1320 vobis
2671 1265 2882 1337 (Matth.
2905 1268 2958 1321 6.
2988 1268 3112 1337 53).
3160 1268 3439 1336 Perpende
3473 1278 3660 1323 autem
3707 1279 3766 1323 et

2159 1354 2314 1409 aliam
2337 1355 2548 1411 illorum
2576 1359 2981 1429 philosophiam.
3011 1358 3079 1414 Ut
3113 1360 3447 1426 inueniamur,
3482 1361 3758 1430 inquiunt,

2157 1447 2211 1499 in
2239 1459 2506 1519 conspectu
2531 1459 2617 1505 tuo
2644 1452 2970 1520 acceptabiles
2989 1492 3006 1517 ,
3038 1467 3126 1504 nec
3177 1452 3371 1521 pudore
3410 1451 3716 1521 aﬁiciamur.
3741 1450 3762 1523 ]

2157 1539 2343 1610 Neque
2371 1543 2515 1596 enim
2543 1557 2815 1609 curamus,
2843 1542 2985 1612 quod
3014 1542 3154 1611 apud
3185 1542 3383 1596 multos
3423 1543 3472 1596 id
3502 1541 3760 1596 dedecori

2159 1631 2313 1685 nobis
2340 1641 2597 1698 vertatur,
2627 1633 2721 1687 sed
2742 1647 3090 1703 quaecumque
3117 1632 3345 1688 dixerint
3377 1632 3446 1687 de
3472 1632 3632 1686 nobis
3665 1632 3764 1685 ho-

2159 1722 2331 1776 mines
2351 1723 2610 1788 rideutes,
2630 1739 2697 1778 ex
2708 1724 3043 1794 probrautes,
3063 1740 3130 1780 ne
3149 1724 3476 1780 advertimus
3495 1723 3715 1795 quidem
3744 1740 3759 1777 :

2160 1812 2264 1870 hoc
2288 1829 2449 1868 unum
2480 1815 2875 1883 contendimus,
2907 1831 2974 1872 ne
3004 1827 3128 1871 tunc
3152 1815 3571 1871 confundamur.
3601 1816 3762 1870 Post-

2159 1919 2319 1974 quam
2342 1916 2521 1961 autem
2555 1907 2668 1961 hare
2699 1907 2967 1972 dixerunt,
2997 1908 3132 1978 ignis
3160 1923 3372 1978 quoque
3396 1908 3618 1964 ﬂuvium
3647 1923 3762 1962 me-

2158 2007 2388 2063 morant,
2415 1996 2628 2066 praemia
2654 2009 2708 2053 et
2737 2000 2936 2054 bravia.
2964 1999 3072 2054 Nec
3101 1999 3304 2066 dicunt,
3331 1998 3411 2054 Ne
3434 2004 3758 2070 puniamur:

2159 2090 2277 2154 sed,
2293 2090 2368 2146 Ne
2386 2090 2792 2146 confundamur.
2810 2093 2922 2147 Hoc
2940 2095 3136 2163 quippe
3157 2093 3310 2148 nobis
3334 2092 3628 2148 terribilius
3653 2099 3753 2155 est,

2157 2195 2316 2248 quam
2342 2181 2604 2250 gehenua,
2635 2183 2681 2237 si
2709 2183 2987 2238 videamur
3006 2183 3292 2238 offendisse
3312 2183 3622 2237 Dominum.
3651 2181 3758 2236 Sed

2157 2275 2279 2342 quia
2317 2274 2513 2327 multos
2547 2289 2613 2328 ex
2641 2275 2993 2330 crassioribus
3025 2275 3126 2329 hoc
3167 2290 3272 2329 non
3328 2283 3528 2329 terrere
3577 2274 3753 2338 solet,

2161 2364 2419 2431 adjiciunt
2446 2381 2460 2418 :
2495 2363 2618 2418 Cum
2657 2367 2834 2419 reddes
2861 2367 3129 2436 unicuique
3154 2364 3428 2419 secundum
3453 2379 3612 2434 opera
3639 2379 3750 2416 sua.

2163 2455 2344 2510 Viden’
2365 2467 2618 2526 quantum
2645 2457 2798 2512 nobis
2823 2460 3028 2529 prosint
3055 2455 3268 2512 externi
3297 2456 3371 2512 illi
3392 2465 3448 2509 et
3482 2453 3754 2524 peregrini

2156 2548 2458 2603 solitudinis
2475 2549 2638 2614 cives,
2660 2549 2767 2603 imo
2786 2549 3038 2604 canorum
3061 2547 3240 2602 cives?
3258 2545 3366 2602 Nos
3391 2545 3533 2600 enim
3564 2546 3624 2600 in
3649 2561 3729 2600 ea:
3743 2576 3756 2588 -

2157 2638 2222 2691 lis
2242 2639 2506 2710 peregrini
2524 2654 2728 2707 sumus,
2749 2649 2902 2694 terrae
2923 2650 3104 2694 autem
3121 2638 3268 2692 cives
3291 2655 3301 2690 :
3329 2636 3401 2692 illi
3418 2651 3545 2691 vero
3572 2651 3606 2692 e
3627 2651 3754 2690 con-

2155 2739 2254 2786 tra.
2278 2733 2406 2787 Post
2428 2733 2566 2787 hunc
2592 2733 2846 2803 hymnum
2864 2731 3276 2801 compunctione
3300 2729 3450 2794 tnoti,
3473 2728 3756 2800 lacrymiso

2152 2837 2257 2892 que
2285 2823 2464 2877 multis
2490 2837 2554 2878 ac
2583 2823 2799 2877 fervidis
2828 2821 3059 2892 perfusi,
3090 2820 3158 2875 ad
3188 2835 3434 2874 somnum
3483 2827 3710 2888 pergunt
3730 2855 3746 2882 ,

2157 2922 2358 2968 tantum
2412 2913 2776 2979 dormientes,
2824 2924 3076 2982 quantum
3129 2912 3259 2965 satis
3295 2919 3378 2966 est
3414 2909 3484 2963 ad
3529 2922 3748 2980 parvam

2154 3006 2436 3075 quamdam
2455 3007 2687 3077 quietem
2718 3005 3049 3075 capiendam.
3085 3003 3425 3072 Rursumque
3466 3009 3656 3056 noctes
3699 3000 3747 3052 in

2152 3099 2270 3154 dies
2296 3109 2507 3154 vertunt
2533 3140 2548 3164 ,
2570 3099 2622 3152 in
2643 3100 2930 3168 gratiarum
2958 3097 3167 3152 actione
3189 3105 3242 3151 et
3265 3097 3553 3166 psalmodia
3587 3095 3746 3148 vitam

2152 3203 2389 3261 agentes.
2414 3191 2525 3246 Nec
2547 3191 2705 3246 modo
2730 3191 2846 3256 viri,
2875 3187 2968 3243 sed
2996 3198 3050 3243 et
3079 3187 3330 3242 mulieres
3354 3186 3490 3239 hanc
3510 3185 3747 3254 philoso-

2153 3287 2328 3356 phiam
2354 3294 2634 3352 exercent,
2662 3301 2778 3354 qute
2808 3295 3013 3338 natura:
3046 3283 3414 3336 infirmitatem
3444 3282 3608 3334 animi
3631 3295 3744 3332 ma-

2149 3377 2425 3446 gnitudine
2453 3385 2726 3445 superant.
2778 3374 2982 3429 Pudeat
3012 3374 3168 3443 igitur
3197 3387 3295 3426 nos
3327 3370 3468 3424 viros
3499 3370 3658 3424 talem
3692 3368 3742 3421 iu

2153 3469 2283 3536 ipsis
2337 3468 2692 3521 constantiam
2739 3465 2984 3520 videntes
3010 3505 3024 3528 ,
3058 3475 3112 3519 et
3136 3477 3411 3518 cessemus
3455 3460 3742 3530 cupiditate

2150 3560 2350 3615 moveri
2378 3573 2554 3612 rerum
2583 3558 2946 3627 praesentium,
2971 3555 3192 3620 umbrzr,
3211 3553 3562 3618 somniorum,
3590 3551 3738 3605 fumi.

2148 3649 2281 3705 Nam
2311 3651 2548 3705 maxima
2575 3663 2699 3718 pars
2723 3648 2846 3702 vitae
2885 3657 3081 3701 nostra:
3109 3660 3272 3700 sensu
3301 3659 3485 3700 carere
3507 3642 3735 3698 videtur.

2148 3744 2326 3798 Prima
2355 3751 2488 3796 aetas
2535 3740 2698 3795 multa
2739 3741 2892 3809 plena
2920 3749 3001 3793 est
3030 3737 3296 3800 stultitia;
3327 3749 3448 3805 qum
3499 3749 3630 3789 vero
3674 3733 3738 3785 ad

2147 3836 2356 3892 senium
2387 3834 2592 3901 vergit,
2626 3847 2841 3886 sensum
2879 3832 2930 3884 in
2963 3829 3116 3883 nobis
3147 3827 3475 3882 hebetiorem
3522 3823 3734 3887 reddit;

2147 3925 2519 3981 intermedium
2550 3934 2757 3992 tempus
2781 3923 2942 3976 breve
2971 3933 3074 3986 est,
3099 3935 3205 3990 quo
3233 3934 3394 3974 sensu
3420 3917 3733 3973 deliciarum

2144 4018 2408 4082 fruimur;
2458 4016 2566 4070 imo
2594 4029 2662 4069 ne
2692 4025 2931 4083 tempore
2973 4011 3187 4081 quidem
3240 4011 3330 4065 illo
3376 4024 3536 4065 sensu
3592 4016 3733 4063 recte

2143 4113 2386 4177 fruimur,
2415 4123 2536 4165 cum
2567 4090 2710 4164 mille
2737 4122 2878 4161 cura:
2909 4106 3223 4174 laboresque
3250 4103 3426 4157 adsint
3453 4101 3542 4172 qui
3581 4101 3730 4156 illam

2142 4205 2478 4259 labefactent.
2510 4202 2843 4271 Quapropter
2863 4239 2877 4262 ,
2909 4197 3136 4251 obsecro
3160 4236 3175 4260 ,
3209 4184 3424 4249 immota
3451 4206 3501 4247 et
3530 4202 3728 4247 aeterna

2141 4312 2441 4368 qiiaarantus
2465 4295 2625 4358 bene,
2645 4304 2698 4349 et
2720 4295 2878 4346 vitam
2909 4306 3026 4361 quae
3049 4287 3179 4342 nulli
3200 4288 3352 4341 senio
3375 4285 3602 4339 obnoxia
3625 4289 3725 4336 est.

2138 4392 2268 4445 Nam
2293 4399 2467 4460 potest
2485 4389 2644 4444 etiam
2673 4388 2735 4445 is.
2755 4387 2844 4456 qui
2877 4383 3161 4438 incivitate
3187 4381 3406 4444 habitat,
3437 4380 3726 4434 monacho-

2137 4500 2254 4538 rum
2303 4479 2693 4552 philosophiam
2740 4474 2936 4530 iniitari
2967 4490 2982 4532 :
3016 4482 3191 4543 potest
3243 4469 3451 4525 etiamsi
3501 4480 3722 4522 uxorein

2137 4575 2329 4630 habent
2355 4584 2410 4628 et
2437 4572 2581 4628 domi
2636 4577 2912 4634 versetur,
2944 4565 3190 4634 precari,
3232 4563 3514 4632 jejunare,
3571 4574 3718 4614 com-

2135 4667 2314 4737 pungi.
2358 4665 2488 4719 Nam
2518 4673 2571 4717 et
2599 4662 2687 4732 qui
2717 4661 2785 4714 ab
2813 4660 2964 4714 initio
2992 4657 3061 4712 ab
3086 4656 3341 4725 apostolis
3368 4653 3716 4708 institueban—

2134 4767 2237 4822 tur,
2264 4757 2534 4811 civitatem
2559 4752 2883 4816 incolebant,
2907 4764 3090 4804 eorum
3117 4749 3204 4818 qui
3227 4747 3277 4800 in
3301 4746 3567 4800 desertum
3592 4757 3716 4798 con-

2130 4857 2406 4906 cesserunt
2434 4848 2682 4916 pietatem
2709 4842 3053 4903 exhibebant,
3087 4853 3185 4894 nee
3227 4853 3333 4892 nou
3361 4837 3448 4890 alii
3476 4835 3568 4905 qui
3594 4833 3712 4888 ofli-

2129 4942 2262 4997 ciuis
2294 4946 2577 5010 pra-erant,
2604 4947 2658 4990 ut
2685 4935 2925 4992 Priscilla
2955 4943 3008 4988 et
3034 4931 3221 5001 Aquila
3246 4931 3264 5000 (
3287 4930 3397 4986 Act.
3429 4930 3550 5000 18).
3581 4929 3712 4983 Pro-
3784 4973 3786 4976 ,

2129 5033 2302 5102 phette
2330 5044 2542 5100 quoque
2570 5042 2776 5091 omnes,
2803 5036 2857 5079 et
2883 5038 3075 5078 uxores
3113 5033 3167 5076 et
3197 5020 3387 5076 domos
3426 5019 3708 5083 habebant,

2127 5134 2183 5177 ut
2215 5124 2397 5186 lsaias,
2439 5119 2708 5184 Ez'echiel,
2759 5130 3087 5189 magnusque
3111 5113 3338 5185 Moyses,
3374 5126 3546 5179 neque
3591 5109 3710 5166 inde

2133 5215 2404 5284 quidpiam
2429 5212 2555 5282 ipsis
2577 5210 2754 5265 damni
2773 5209 2837 5263 ad
2873 5209 3120 5262 virtutem
3147 5205 3500 5260 exercendam
3527 5217 3707 5256 acces-

2123 5307 2213 5360 sit.
2262 5307 2370 5358 llos
2397 5313 2452 5358 et
2484 5319 2579 5356 nos
2601 5317 2812 5371 quoque
2831 5301 3122 5362 imitantes,
3147 5311 3360 5365 semper
3383 5295 3490 5348 Deo
3509 5293 3704 5363 gratias

2123 5411 2361 5468 agamus,
2387 5410 2601 5464 semper
2624 5395 2794 5464 ipsum
2819 5391 3032 5462 hymnis
3053 5390 3405 5450 celebremus,
3423 5386 3700 5441 continen-

2183 5576 2199 5605 ³
2237 5578 2355 5622 Loco
2381 5585 2548 5621 eorum
2571 5583 2682 5633 qua:
2703 5570 2894 5619 uncinis
2915 5566 3204 5619 claudtmtur
3226 5562 3501 5633 sie-legitur
3523 5561 3571 5609 in
3591 5555 3693 5633 lidi-

2119 5637 2199 5705 tis,
2217 5640 2266 5703 ut
2283 5623 2920 5705 itineriiamurinconspectu
2935 5639 3032 5705 "tuo
3055 5623 3393 5705 acceptabilesI
3414 5636 3499 5672 nec
3519 5623 3692 5705 pudor:

2116 5681 2402 5768 dificianutr.
2426 5681 2709 5768 interposita
2737 5681 2791 5742 εἴ
2813 5695 2858 5740 in
2884 5692 3028 5768 editis
3048 5699 3100 5737 et
3115 5681 3292 5768 inLatlss.
3311 5699 3406 5768 pou
3433 5681 3593 5746 paucis
3614 5681 3689 5729 de»

2120 5751 2418 5819 siderantur,
2447 5751 2646 5822 propter
2678 5753 2951 5803 Graecorum
2973 5751 3411 5802 bomwoteleuton.
