4102 6416
255 263 344 320 διε)
1317 246 1382 306 ΙΝ
1419 246 1829 306 MATTIUEUM
1869 249 2094 306 llUidlL.
2138 248 2273 304 LVI.
2302 247 2372 305 al.
2405 246 2560 303 LVII.

256 383 480 446 tiamqne
508 380 561 429 et
586 373 717 426 alias
748 369 969 423 virtutes
1010 367 1268 426 colamus,
1301 375 1460 433 atque
1485 378 1601 417 eam
1628 378 1747 433 quae
1782 362 1837 417 in

256 470 525 530 montibus
546 467 685 536 viget
709 461 1124 534 philosophiam,
1156 458 1207 511 in
1235 458 1476 511 civitates
1500 455 1835 521 inducamus,

259 574 313 620 ut
356 573 413 617 et
442 558 580 631 apud
613 558 778 611 licunt
829 552 1188 622 acceptabilcs
1210 560 1263 605 et
1302 548 1606 603 hominibus
1634 547 1839 617 probati

256 653 558 719 videamur,
612 660 666 705 et
710 648 882 702 futura
937 658 1333 714 consequamur
1380 643 1539 709 bona,
1593 640 1758 710 gratia
1788 648 1842 692 et

259 764 2185 803 Μ

3438 251 3540 308 δεῖ)

1944 360 2267 431 benignitate
2296 359 2507 414 Domini
2551 358 2719 415 nostri
2766 356 2890 413 Jesu
2937 355 3153 421 Christi,
3182 373 3277 429 per
3302 375 3459 429 quem
3486 373 3540 416 et

1943 470 2063 511 cum
2088 468 2194 524 quo
2215 453 2359 509 Patri
2384 453 2575 523 gloria,
2603 452 2795 517 honor,
2817 452 3121 523 imperium,
3149 468 3252 508 una
3269 468 3393 509 cum
3419 468 3542 508 san-

1945 557 2033 601 cto
2061 554 2114 600 et
2143 544 2351 598 vivilico
2379 543 2602 613 Spiritu,
2636 558 2777 599 nunc
2798 551 2853 599 ct
2878 559 3092 616 semper
3117 588 3132 613 ,
3159 553 3214 601 et
3242 561 3297 602 tn
3346 546 3540 603 smeula

1947 638 2288 692 surculorum.
2319 637 2508 689 Amen.

3288 778 3538 792 -ο-τα--αα-ι..

1484 850 1830 913 HOMlLlA
1888 848 2049 909 LVI.
2087 849 2173 909 al.
2218 849 2406 909 LVll.

254 1010 374 1066 (In.
413 1008 502 1063 16.
534 1022 583 1059 v.
606 1000 698 1061 28.
725 1005 921 1068 Amen,
952 1014 1099 1054 amen
1129 999 1243 1052 dico
1273 997 1408 1050 vobis
1432 1038 1446 1060 ,
1473 1004 1590 1049 sunt
1636 992 1840 1061 quidam

317 1102 382 1156 de
409 1101 492 1153 hic
515 1096 851 1158 adstantibus,
879 1095 963 1164 qui
991 1106 1089 1145 non
1116 1089 1390 1161 gustabunt
1419 1097 1623 1139 mortem
1645 1126 1658 1148 ,
1683 1084 1841 1138 donec

320 1194 535 1249 viderint
565 1189 757 1244 Filium
785 1185 1000 1241 hominis
1024 1185 1297 1239 veuientem
1324 1183 1376 1234 in
1406 1197 1559 1250 regno
1583 1194 1695 1232 suo.

321 1288 373 1341 ί.
412 1283 678 1351 Quoniam
709 1280 873 1334 multa
902 1278 970 1332 de
999 1274 1272 1346 periculis,
1304 1272 1371 1327 de
1393 1281 1594 1337 morte,
1619 1272 1685 1324 de
1715 1284 1837 1339 pas—

258 1380 401 1434 sione
416 1391 514 1431 sua
531 1375 779 1444 loquutus
798 1380 896 1436 est,
932 1384 1137 1424 necnon
1168 1367 1237 1422 de
1260 1366 1408 1421 caede
1431 1363 1833 1433 discipulorum,

260 1473 444 1541 illaque
466 1482 658 1538 aspera
684 1467 814 1535 ipsis
841 1464 1111 1534 prtecepit,
1156 1477 1275 1532 qua:
1301 1462 1351 1514 in
1383 1458 1630 1528 pra-senti
1661 1458 1762 1511 vita
1785 1466 1839 1511 et

261 1565 403 1635 quasi
420 1564 472 1617 in
499 1560 746 1615 manibus
766 1565 939 1622 erant,
968 1556 1104 1610 bona
1134 1569 1260 1608 vero
1284 1553 1335 1607 in
1360 1567 1456 1621 spe
1484 1558 1538 1605 ct
1558 1559 1837 1619 exspecta-

263 1657 434 1711 tione:
459 1664 516 1707 ut
543 1661 661 1708 erat
688 1651 836 1716 illud,
869 1663 964 1704 eos
983 1648 1071 1716 qui
1103 1647 1332 1699 animam
1361 1643 1586 1713 perdunt
1626 1644 1841 1695 servare

266 1765 396 1814 eam,
427 1756 481 1802 et
504 1755 788 1801 venturum
817 1744 988 1812 ipsum
1016 1755 1136 1795 esse
1171 1741 1221 1792 in
1258 1738 1479 1807 gloriam
1510 1735 1681 1790 Patris
1718 1735 1838 1799 sui,

266 1852 314 1900 et
340 1841 554 1912 prmmia
598 1838 932 1894 redditurum
964 1853 976 1888 :
1006 1847 1126 1888 cum
1174 1832 1339 1886 vellet
1379 1844 1473 1885 eos
1511 1830 1627 1883 visu
1681 1827 1840 1883 etiam

267 1934 512 1990 certiores
536 1932 736 1993 facere,
762 1926 1154 1995 ostendereqne
1178 1924 1301 1993 quid
1330 1930 1473 1975 esset
1522 1920 1609 1974 illa
1649 1918 1838 1988 gloria,

267 2041 378 2081 cum
425 2038 528 2095 qua
581 2030 838 2076 venturus
886 2027 1060 2080 esset,
1103 2022 1357 2086 quantum
1401 2012 1606 2067 scilicet
1652 2024 1845 2081 capere

270 2128 502 2189 poterant
530 2135 541 2169 :
569 2117 624 2169 in
658 2112 903 2183 pra-senti
934 2124 1145 2181 quoque
1178 2108 1283 2161 vita
1313 2106 1454 2159 illam
1483 2103 1750 2167 ostendit,
1790 2111 1846 2156 et

271 2211 484 2271 revelat,
512 2217 569 2261 ut
594 2222 661 2260 ne
687 2207 755 2260 de
805 2208 978 2259 morte
1017 2217 1134 2266 sua,
1187 2205 1320 2255 neve
1361 2198 1427 2252 de
1459 2196 1665 2251 Domini
1715 2208 1845 2248 nece

271 2303 519 2365 dolerent,
547 2308 605 2354 et
633 2297 861 2351 maxime
884 2296 1072 2350 Petrus
1097 2293 1184 2363 qui
1212 2307 1329 2346 eam
1356 2305 1498 2360 aegre
1525 2288 1748 2343 ferebat.
1780 2286 1846 2340 Et

272 2395 381 2448 vide
406 2394 530 2463 quid
566 2392 744 2455 faciat,
778 2398 1053 2460 postquam
1101 2386 1169 2442 de
1201 2385 1442 2457 gehenna
1480 2392 1533 2438 et
1576 2383 1642 2438 de
1681 2395 1846 2451 regno

274 2488 508 2555 loquutus
561 2485 754 2538 fuerat.
803 2481 935 2536 Cum
981 2481 1203 2543 diceret,
1249 2478 1348 2546 Qui
1393 2476 1578 2530 invenit
1625 2476 1847 2529 animum

272 2595 405 2632 suam
429 2578 604 2647 perdet
632 2592 762 2640 eam,
795 2584 841 2629 et
864 2575 950 2645 qui
970 2571 1252 2641 perdiderit
1294 2570 1518 2624 animam
1550 2585 1695 2623 suum
1723 2585 1844 2637 pro-

274 2685 372 2744 pter
392 2690 490 2738 me,
517 2671 736 2725 inveniet
756 2685 864 2723 eam
895 2667 1073 2737 (Jean.
1098 2667 1185 2721 l2.
1213 2665 1336 2736 25);
1368 2666 1685 2734 iterumque,
1714 2661 1848 2716 Red-

273 2768 345 2820 det
365 2767 633 2835 unicuique
657 2762 927 2817 secundum
966 2777 1121 2832 opera
1164 2762 1274 2829 ejus
1318 2760 1337 2830 (
1364 2759 1549 2813 Matth.
1575 2758 1663 2813 16.
1684 2755 1753 2811 Ξῖ
1780 2755 1799 2827 )
1833 2774 1845 2811 :

277 2860 380 2915 lucc
405 2861 561 2915 ambo
588 2857 898 2915 declaravit.
922 2853 1122 2911 Etcum
1154 2853 1222 2909 de
1249 2866 1479 2924 utroque
1494 2852 1738 2918 dixisset,
1763 2865 1851 2906 rc-

273 2966 422 3021 gnnm
445 2950 666 3022 quidem
696 2948 978 3003 videndum
1015 2944 1248 3010 exhibet,
1271 2944 1570 3016 gehennam
1597 2957 1726 2998 vero
1752 2942 1853 2997 mi-

279 3044 426 3098 ninte.
458 3041 683 3110 Quare?
709 3040 841 3106 Quia
866 3040 908 3094 si
927 3038 1014 3093 alii
1054 3037 1247 3092 ibidem
1287 3035 1577 3091 crassiores
1597 3034 1847 3096 fuissent,

278 3136 323 3191 id
343 3146 482 3192 certe
497 3133 861 3191 necessarium
893 3132 1116 3196 luisset;
1149 3129 1271 3200 quia
1302 3143 1430 3183 vero
1476 3126 1550 3181 illi
1585 3136 1739 3182 erant
1761 3141 1852 3180 ac-

275 3230 401 3302 cepti
428 3239 478 3285 et
504 3226 656 3298 probi
684 3227 802 3291 viri,
831 3240 860 3279 a
886 3224 1040 3280 bonis
1068 3224 1187 3278 illos
1208 3221 1507 3277 conﬁrmat.
1531 3220 1712 3291 Neque
1738 3219 1851 3274 lucc

279 3340 373 3377 una
398 3324 506 3378 sola
536 3336 701 3377 causa
743 3320 839 3374 luit
883 3317 999 3372 hinc
1026 3314 1457 3379 demonstrandi;
1489 3312 1581 3367 sed
1628 3312 1748 3383 quia
1798 3312 1849 3364 id

278 3416 366 3470 sibi
394 3414 798 3470 convenientius
824 3418 959 3466 erat.
991 3408 1101 3465 Nec
1130 3418 1305 3462 tamen
1341 3407 1481 3461 illam
1520 3405 1678 3461 aliam
1723 3420 1847 3476 par-

280 3522 372 3563 tem
410 3507 776 3579 praetermisit;
822 3504 913 3560 sed
958 3518 1102 3573 sa‘pe
1148 3517 1235 3557 res
1278 3502 1396 3556 illas
1440 3501 1504 3555 ad
1552 3498 1849 3572 gehennam

279 3612 568 3673 spectantes
601 3599 716 3655 fere
741 3600 839 3653 sub
864 3597 1032 3653 oculis
1060 3596 1242 3667 ponit;
1275 3605 1332 3649 ut
1354 3607 1473 3649 eum
1502 3593 1690 3648 Lazari
1719 3593 1851 3647 ima-

275 3695 437 3764 ginem
480 3693 713 3757 induxit,
741 3700 941 3746 etcum
992 3689 1307 3744 memoravit
1334 3703 1478 3745 eum.
1508 3685 1597 3757 qui
1636 3694 1848 3741 centum

277 3787 509 3842 denarios
535 3792 812 3856 exegerat,
840 3794 1000 3854 atque
1021 3782 1264 3837 meminit
1291 3776 1434 3835 illius
1454 3821 1467 3845 ,
1490 3779 1579 3850 qui
1620 3778 1849 3833 sordidis

276 3891 376 3935 erat
398 3880 619 3935 indutus
648 3878 905 3942 vestibus,
935 3877 1270 3946 aliorumque
1292 3874 1641 3944 plurimorum
1680 3870 1846 3946 (Luc.

277 3973 354 4027 ili.
376 3970 553 4026 Matth.
577 3970 664 4026 18.
684 3981 730 4024 et
750 3969 868 4040 22).
904 3967 1055 4038 (Cap.
1103 3969 1187 4023 17.
1213 3966 1232 4039 )
1255 3968 1304 4021 1.
1327 3965 1395 4019 Et
1415 3975 1526 4036 post
1546 3966 1853 4018 diessexas-

274 4067 411 4120 sumit
453 4065 706 4129 Petrum,
734 4072 783 4117 et
805 4061 1082 4128 Iacobum,
1128 4071 1174 4114 et
1213 4058 1483 4114 Joannem.
1520 4056 1670 4115 Alius
1696 4073 1844 4125 vero,

275 4156 389 4211 Post
408 4158 520 4213 dies
541 4168 667 4211 octo
690 4154 837 4228 (Luc.
862 4155 914 4210 9.
938 4154 1030 4223 28)
1052 4196 1066 4220 ,
1097 4153 1167 4207 ait
1190 4194 1203 4218 ,
1228 4168 1399 4223 neque
1424 4151 1548 4206 huic
1580 4152 1849 4207 eoatradi-

273 4252 356 4316 rit,
384 4251 472 4304 sed
516 4265 640 4305 cum
682 4247 773 4302 illo
823 4246 972 4301 valde
1010 4246 1294 4300 consentit.
1336 4244 1468 4298 Nam
1523 4244 1660 4298 alius
1705 4242 1846 4298 diem

275 4341 425 4408 illam,
452 4342 503 4396 in
533 4356 638 4411 qua
670 4339 919 4409 loquutus
948 4346 1048 4403 cst,
1078 4345 1374 4400 enumerat,
1412 4335 1646 4405 itemque
1676 4334 1843 4402 illam,

275 4432 437 4502 inqua
464 4430 682 4489 reduxit
711 4445 803 4486 eos
829 4446 842 4495 ;
873 4429 1009 4484 alius
1034 4444 1160 4484 vero
1178 4427 1523 4482 intermedias
1549 4427 1719 4480 solum
1745 4440 1847 4497 po-

271 4525 384 4577 suit.
413 4524 491 4579 Tu
518 4538 648 4578 vero
667 4521 1059 4577 animadvertas
1083 4519 1241 4574 velim
1272 4518 1539 4589 quomodo
1570 4517 1848 4573 Matthzeus

274 4616 667 4685 philosophetur
715 4612 811 4683 (a),
855 4612 981 4667 dum
1013 4626 1107 4666 eos
1133 4627 1239 4667 non
1271 4619 1409 4666 tacet
1446 4612 1533 4681 qui
1565 4606 1662 4665 sibi
1692 4618 1846 4665 ante-

276 4708 419 4775 positi
447 4708 685 4762 fuerunt.
719 4705 831 4760 Hoc
884 4716 939 4759 et
988 4703 1223 4759 Joannes
1261 4717 1405 4773 saepe
1452 4702 1595 4767 facit,
1623 4702 1847 4757 eximias

272 4799 404 4856 Petri
433 4794 622 4857 laudes
647 4798 1051 4855 accuratissime
1073 4796 1404 4851 describens.
1442 4795 1573 4850 Nam
1606 4790 1773 4852 livore
1794 4805 1848 4852 et

275 4894 455 4951 invidia
475 4908 678 4951 vacuus
719 4907 934 4962 semper
975 4902 1094 4947 erat
1137 4889 1330 4945 horum
1371 4900 1677 4944 sanctorum
1717 4889 1848 4945 cho~

274 5003 372 5043 ως.

333 5079 737 5152 Transﬁguratio
795 5076 1004 5132 Christi.
1027 5106 1101 5118 -
1127 5074 1430 5144 Assumptis
1469 5075 1647 5144 itaque
1685 5089 1845 5145 cory-

272 5172 445 5240 phazis,
476 5172 639 5227 Duxit
666 5170 782 5225 illus
807 5171 861 5224 in
901 5178 1118 5223 montem
1149 5167 1403 5222 excelsum
1444 5181 1686 5231 seorsum,
1717 5164 1771 5221 ‘2.
1799 5173 1846 5218 et

272 5266 652 5338 transﬁguratus
702 5273 774 5317 est
808 5271 927 5316 ante
963 5277 1044 5316 eos
1076 5276 1094 5314 :
1124 5268 1169 5315 et
1210 5256 1524 5330 resplenduit
1553 5258 1708 5327 [acies
1736 5259 1846 5328 ejus

273 5356 388 5410 sicut
406 5359 501 5423 sal,
542 5357 835 5411 uestimenta
867 5364 1036 5407 autem
1076 5353 1185 5423 ejus
1228 5350 1363 5421 facta
1402 5359 1519 5404 sunt
1559 5348 1674 5403 alba
1715 5350 1845 5402 sicut

273 5447 369 5500 nix.
392 5447 442 5501 5.
473 5447 540 5501 Et
565 5462 677 5501 ecce
704 5453 1049 5517 apparuerunt
1073 5443 1143 5496 eis
1171 5441 1372 5514 Moyses
1401 5450 1445 5494 et
1468 5439 1612 5494 Elius
1637 5440 1844 5509 loquen-

274 5546 339 5589 tes
367 5554 477 5590 cum
519 5539 649 5609 ipso.
692 5536 800 5592 Cur
848 5535 947 5590 hos
984 5535 1179 5612 accipit
1229 5529 1424 5588 solos?
1468 5533 1601 5601 Quia
1641 5530 1696 5587 lii
1725 5531 1843 5586 aliis

295 5734 304 5744 .
329 5670 398 5733 (ιι)
428 5670 746 5777 t‘lnlosophari
771 5669 895 5733 apud
920 5668 1307 5732 Chrysostomum
1328 5667 1394 5717 de
1409 5665 1668 5731 cujuslibet
1690 5664 1844 5716 virtu-

274 5742 330 5787 tis
349 5742 572 5783 exercitio
596 5750 604 5775 ι
630 5741 783 5779 tettur.

349 5748 572 5782 excreturi
596 5748 783 5779 tttcttur.

574 5828 849 5889 PATttOL.
898 5829 1016 5889 Gn.
1066 5821 1287 5891 L\'lil.

1946 990 2346 1056 praestantiores
2370 1004 2563 1057 erant;
2594 994 2782 1050 Petrus
2812 999 2951 1068 quod
2981 1001 3265 1059 admodum
3293 1007 3537 1079 diligeret

1943 1080 2237 1147 Christum,
2289 1082 2410 1137 ideo
2458 1087 2878 1154 praeeminebat;
2923 1091 3157 1149 Joannes
3187 1098 3332 1166 quod
3381 1100 3540 1155 valde

1946 1174 2287 1243 diligeretur;
2315 1175 2547 1233 Jacobus
2585 1195 2650 1234 ex
2695 1196 2790 1235 sua
2820 1199 2941 1239 cum
2973 1184 3137 1243 fratre
3165 1194 3535 1261 responsione,

1943 1266 2158 1334 quando
2176 1267 2329 1334 dixit,
2354 1267 2635 1326 Possumus
2657 1273 2822 1329 bibere
2845 1277 3053 1332 calicem
3076 1279 3288 1352 (Matth.
3311 1284 3400 1340 20.
3417 1286 3542 1358 22);

1946 1371 2116 1427 neque
2143 1359 2210 1413 ab
2238 1358 2337 1413 hac
2360 1364 2708 1430 responsione
2736 1366 2938 1431 solum;
2970 1370 3064 1424 sed
3085 1373 3244 1428 etiam
3271 1392 3338 1429 ex
3363 1378 3539 1447 operi-

1951 1448 2068 1514 bus,
2095 1458 2202 1502 tum
2221 1451 2359 1517 aliis,
2394 1460 2502 1506 tum
2529 1456 2669 1523 quod
2697 1457 2993 1528 impleverit
3020 1462 3069 1516 id
3100 1468 3239 1535 quod
3284 1464 3493 1525 dixerat
3522 1483 3535 1527 :

1945 1540 2142 1595 Judaais
2165 1543 2361 1612 quippe
2391 1544 2462 1599 ita
2507 1562 2631 1602 acer
2656 1558 2710 1604 et
2739 1552 3031 1610 Vehemens
3076 1571 3196 1612 esse
3227 1560 3531 1627 videbatur,

1950 1642 2006 1685 ut
2036 1632 2273 1688 Herodes
2305 1651 2498 1690 munus
2530 1639 2820 1697 maximum
2866 1660 2924 1699 se
2956 1647 3301 1714 prmbiturum
3339 1648 3539 1711 Judmis

1948 1734 2177 1795 putaret,
2201 1728 2244 1780 si
2269 1728 2415 1782 illum
2449 1732 2719 1789 Occideret
2760 1736 2779 1807 (
2807 1738 2922 1793 Act.
2952 1739 3037 1793 12.
3072 1742 3096 1798 1
3136 1742 3175 1812 ).
3209 1744 3317 1800 Cur
3358 1756 3538 1804 autem

1949 1833 2054 1910 non
2077 1818 2254 1871 statim
2283 1819 2402 1875 illos
2432 1837 2612 1877 secum
2643 1827 2896 1882 adducit?
2932 1829 3009 1887 Ne
3055 1834 3243 1907 reliqui
3290 1837 3532 1910 discipuli

1949 1908 2145 1979 aliquid
2175 1911 2462 1969 hutnanum
2487 1927 2810 1985 paterentur.
2841 1923 2967 1980 ldeo
2989 1941 3054 1982 ne
3080 1930 3295 1986 n'omiua
3323 1908 3538 2003 quidem

1950 2016 2134 2056 eorum
2164 2006 2383 2074 protulit
2428 2010 2516 2078 qui
2548 2016 2821 2067 ascensuri
2863 2026 3038 2073 erant.
3084 2020 3217 2077 Nam
3254 2020 3539 2083 admodum

1950 2093 2350 2152 desiderasseut
2368 2101 2548 2154 caeteri
2578 2102 2848 2160 Christum
2895 2106 3065 2180 sequi,
3092 2122 3291 2171 tantam
3316 2111 3539 2188 gloriam

1953 2187 2136 2252 visuri,
2161 2199 2216 2243 et
2241 2199 2509 2260 tamquam
2540 2195 2765 2264 neglecti
2797 2200 3110 2259 doluissent.
3142 2187 3365 2266 Etiamsi
3395 2213 3540 2270 enim

1953 2278 2056 2335 hoc
2097 2284 2445 2352 corporaliter
2486 2291 2716 2347 maxime
2764 2307 3037 2353 oStcnsum
3075 2301 3254 2371 fuerit,
3307 2316 3542 2368 attamen

1953 2372 2176 2470 multum
2215 2375 2466 2432 desiderii
2511 2380 2561 2435 id
2607 2382 2893 2441 intulisset.
2939 2388 3049 2445 Cur
3096 2404 3272 2451 autem
3310 2398 3361 2453 id
3406 2417 3543 2470 pra:-

1952 2464 2124 2520 dixit?
2176 2467 2243 2523 Ut
2297 2474 2590 2540 paratiores
2643 2487 2696 2531 et
2745 2486 3045 2548 prmmoniti
3088 2489 3229 2545 circa
3284 2464 3542 2554 visionem

1953 2571 2154 2628 essent,
2183 2576 2245 2616 ex
2279 2565 2642 2635 prtcdictione,
2682 2581 2733 2626 et
2759 2588 2824 2629 ex
2854 2575 3059 2634 dierum
3084 2599 3307 2641 numero
3333 2591 3544 2660 cupidi-

1955 2660 2063 2707 tate
2090 2654 2303 2710 videndi
2325 2658 2593 2726 ardentes,
2625 2664 2703 2719 sic
2733 2669 2875 2738 vigili
2915 2683 2970 2726 et
2995 2675 3222 2733 sollicita
3246 2654 3425 2740 mente
3453 2701 3546 2744 ac-

1954 2744 2227 2803 cederent.
2276 2751 2384 2805 Cur
2412 2764 2588 2810 autem
2632 2758 2848 2832 Moysen
2895 2774 2950 2819 ct
2994 2762 3161 2826 Eliam
3210 2773 3262 2829 in
3310 2777 3545 2837 medium

1953 2838 2211 2938 adducit?
2236 2842 2415 2938 hlultze
2437 2860 2656 2916 possent
2680 2853 2859 2909 all‘e'rri
2888 2872 3086 2927 causae,
3119 2877 3343 2934 quarunt
3374 2869 3544 2938 prima

1957 2930 2073 3025 haec
2092 2941 2174 2987 est
2204 2952 2217 2989 :
2249 2934 2380 3003 Quia
2417 2939 2585 2996 turbae
2614 2941 2885 3015 dicebant,
2909 2944 2996 3005 alii
3020 2930 3225 3025 Eliam,
3255 2950 3343 3015 alii
3374 2930 3544 3020 'Jere-

1956 3023 2141 3089 iniam,
2198 3026 2288 3081 alii
2340 3040 2500 3084 unum
2551 3046 2790 3091 veterum
2846 3023 3225 3113 prophetarum
3272 3049 3543 3110 Christum

1955 3131 2077 3215 esse
2105 3118 2332 3215 (dlutth.
2364 3123 2450 3179 16.
2482 3122 2613 3197 14),
2647 3129 2767 3185 ideo
2800 3127 2918 3189 illos
2965 3129 3055 3208 qui
3099 3142 3351 3215 prmcipui
3393 3161 3545 3207 erant

1956 3208 2190 3276 adducit,
2231 3222 2284 3266 ut
2315 3215 2441 3271 hinc
2490 3219 2759 3278 videretur
2785 3236 3040 3295 quantum
3064 3208 3350 3293 discrimen
3399 3256 3546 3299 esset

1957 3315 2142 3356 servos
2165 3303 2305 3359 inter
2324 3318 2377 3360 et
2407 3302 2713 3381 Dominum,
2748 3331 2811 3371 ac
2839 3328 2983 3374 recte
3000 3321 3220 3381 Petrum
3249 3327 3414 3387 fuisse
3429 3332 3544 3389 lau-

1955 3391 2156 3483 datum,
2192 3397 2332 3465 quod
2365 3399 2534 3465 ipsum
2566 3419 2684 3459 esse
2715 3402 2806 3461 Dei
2841 3400 3031 3468 Filium
3074 3416 3349 3477 confessus
3378 3436 3541 3483 esset.

1958 3480 2113 3586 .Aliud
2160 3498 2374 3586 quoque
2420 3484 2724 3551 addendum
2777 3503 3030 3571 suppetit.
3078 3505 3213 3576 Quia
3238 3480 3545 3584 frequenter

1955 3579 2128 3676 ipsum
2182 3579 2498 3676 arguebant,
2540 3588 2679 3656 quod
2732 3588 2901 3662 legem
2959 3579 3443 3676 transgrederelur,
3492 3618 3545 3665 et

1956 3668 2323 3761 blasphemum
2353 3674 2523 3744 ipsum
2557 3680 2813 3748 putabant
2840 3700 2959 3740 esse
2979 3729 2993 3754 ,
3027 3691 3148 3760 quia
3174 3689 3396 3761 gloriam
3429 3668 3548 3753 Ῥυ-

1958 3760 2053 3855 tris
2104 3762 2233 3816 nihil
2283 3764 2349 3819 ad
2374 3781 2435 3821 se
2490 3771 2845 3837 pertinentem
2892 3775 2994 3833 sibi
3042 3760 3355 3855 vindicaret,
3403 3788 3541 3846 dice.

1956 3851 2186 3923 bantqne
2220 3873 2232 3907 :
2266 3855 2365 3910 llic
2394 3875 2494 3914 non
2525 3872 2597 3916 est
2625 3880 2658 3916 a
2685 3860 2814 3932 Deo,
2847 3869 2970 3933 quia
2990 3871 3254 3928 sabbatum
3284 3851 3385 3933 non
3434 3898 3546 3936 ser-

1953 3953 2034 3996 vat
2061 3943 2233 4013 (Joan.
2261 3947 2461 4019 9.16);
2500 3968 2562 4007 ac
2599 3964 2832 4023 rursum,
2861 3958 2942 4013 De
2975 3953 3103 4016 bona
3142 3982 3292 4037 opere
3329 3987 3429 4026 non
3467 3974 3545 4027 la-

1954 4038 2191 4108 pidamus
2223 4050 2269 4094 te
2287 4083 2302 4109 ,
2334 4043 2422 4096 sed
2443 4045 2506 4098 de
2535 4045 2870 4120 blasphemia,
2901 4064 2947 4107 et
2982 4057 3103 4125 quia
3143 4067 3196 4112 ttt
3220 4102 3234 4125 ,
3263 4064 3413 4119 homo
3432 4082 3544 4121 cum

1952 4130 2042 4226 sis,
2067 4133 2194 4201 facis
2221 4134 2435 4204 teipsum
2471 4136 2631 4192 Deum
2659 4140 2836 4213 (Joan.
2876 4147 2942 4201 10
2985 4148 3112 4217 35):
3140 4161 3192 4205 ut
3214 4157 3458 4213 ostendat
3481 4177 3545 4226 η’,

1932 4223 2091 4305 hanc
2118 4236 2400 4298 utramque
2428 4231 2856 4292 criminationem
2901 4256 2966 4294 ex
3014 4242 3208 4299 invidia
3257 4223 3543 4319 proﬁcisci,

1953 4328 2005 4372 et
2032 4333 2090 4373 se
2121 4329 2344 4424 utraque
2390 4324 2442 4378 in
2483 4341 2542 4380 re
2572 4327 2835 4384 insontem
2884 4347 3035 4401 esse;
3068 4352 3241 4407 neque
3286 4357 3346 4396 se
3372 4343 3544 4415 legem

1953 4420 2360 4514 prtevaricatum
2388 4430 2525 4483 esse,
2562 4433 2661 4474 nec
2685 4434 2743 4475 se
2773 4420 2872 4477 sibi
2897 4439 3001 4479 non
3031 4438 3414 4499 congruentem
3438 4436 3544 4506 glo~

1954 4505 2088 4595 riam
2117 4505 2446 4571 attribuisse,
2478 4524 2601 4564 cum
2629 4525 2689 4567 se
2715 4512 2917 4570 diceret
2953 4519 3213 4589 tequidem
3240 4522 3420 4595 Patri,
3450 4505 3545 4584 eos

1952 4594 2005 4649 itt
2035 4597 2269 4653 medium
2298 4599 2533 4669 adducit,
2566 4605 2654 4674 qui
2687 4605 2739 4659 in
2769 4615 2995 4680 Utraque
3023 4626 3082 4667 re
3109 4612 3386 4674 fulserant.
3408 4618 3543 4675 Nam

1954 4689 2164 4761 Moyses
2194 4691 2366 4762 legem
2399 4694 2643 4764 dederat,
2694 4710 3047 4774 poterantque
3072 4699 3241 4762 Judaei
3267 4711 3505 4781 cogitare
3527 4754 3542 4776 ,

1952 4783 2167 4856 Moysen
2195 4802 2300 4842 non
2325 4788 2555 4845 libenter
2597 4804 2876 4861 passurum
2929 4795 3093 4854 fuisse
3138 4802 3281 4872 quod
3308 4803 3394 4860 lex
3418 4821 3547 4861 con-

1951 4879 2271 4944 culcaretur,
2304 4889 2360 4935 ut
2381 4881 2456 4936 illi
2499 4885 2772 4954 putabant,
2806 4903 2907 4943 nec
2947 4889 3126 4946 colere
3171 4895 3409 4963 potuisse
3447 4898 3548 4954 lto-

1952 4981 2090 5025 stem
2125 4971 2241 5041 ejus
2269 4973 2358 5043 qui
2385 4973 2554 5044 legem
2582 4975 2821 5031 dederat.
2854 4979 2999 5034 Elias
3026 4996 3172 5049 vero,
3206 4985 3296 5057 qui
3322 5002 3421 5058 pro
3452 4990 3545 5047 Dei

1950 5062 2118 5131 gloria
2144 5063 2260 5119 zelo
2286 5064 2470 5133 plenus
2491 5079 2625 5133 erat,
2650 5069 2692 5122 si
2723 5068 2833 5124 Deo
2862 5072 3202 5132 adversarius
3228 5077 3316 5135 ille
3332 5079 3542 5150 fuisset,

1952 5155 1995 5207 si
2024 5168 2084 5209 se
2109 5155 2275 5209 Deum
2307 5167 2361 5209 et
2388 5158 2525 5225 patri
2572 5160 2834 5229 aequalem
2877 5163 3016 5220 falso
3063 5166 3310 5238 dixisset,
3338 5187 3544 5245 nequa~

1951 5262 2109 5316 quam
2137 5246 2414 5303 adfuturus
2442 5259 2496 5304 et
2526 5250 2597 5304 illi
2629 5251 3025 5325 obsequuturus
3048 5255 3253 5317 fuisset.

2022 5338 2075 5393 2.
2117 5336 2221 5393 Cur
2249 5337 2453 5409 Moyses
2478 5351 2526 5394 et
2549 5341 2696 5397 Elius
2728 5348 3167 5420 transﬁgurationi
3183 5352 3540 5425 interfuerunt.

1952 5428 2095 5484 Petri
2140 5431 2388 5485 miracula
2438 5434 2603 5488 orbem
2658 5445 2818 5492 totum
2864 5451 3229 5500 converterunt.
3281 5474 3356 5486 —
3404 5445 3542 5505 Cum

1951 5540 2110 5596 supra
2136 5525 2293 5582 dictis
2320 5527 2486 5583 altera
2510 5538 2594 5584 est
2616 5530 2795 5587 adhuc
2822 5532 3048 5590 dicenda
3071 5550 3252 5591 causa.
3279 5538 3540 5604 Quaenam

1951 5618 2079 5677 illa?
2105 5618 2176 5677 Ut
2220 5620 2490 5679 discerent
2519 5639 2641 5679 eum
2672 5635 2726 5680 et
2750 5624 2873 5681 vita:
2906 5634 2962 5681 et
3006 5627 3195 5683 mortis
3222 5637 3542 5698 potestatem

1952 5717 2170 5789 habere,
2202 5735 2263 5776 ac
2286 5717 2588 5776 czelcsdbus
2602 5716 2803 5789 pariter
2821 5725 2982 5791 atque
2998 5724 3229 5775 terrenis
3246 5706 3539 5793 imperare.

3206 5855 3243 5916 6
