4034 6440
439 323 537 377 ἓὲἱὶ

441 442 781 509 Quapropter
807 443 858 490 et
884 447 1002 487 eum
1027 472 1040 495 ,
1071 430 1158 501 qui
1200 439 1441 483 mortuus
1477 436 1630 492 erat,
1660 435 1714 482 et
1741 441 1860 481 eum
1887 465 1902 492 ,
1932 425 2021 495 qui

443 530 679 586 uoudtuu
711 525 931 589 obicrat,
968 523 1018 576 in
1048 520 1278 575 medium
1325 519 1556 573 adducit.
1591 517 1840 586 Quintam
1891 531 2020 572 cau-

443 640 557 678 sam
593 625 736 691 (nam
768 628 912 673 certe
957 616 1138 686 quinta
1169 628 1392 668 numero
1415 615 1516 683 est)
1550 612 1704 666 affert
1741 609 2020 680 evangeli-

440 727 544 768 sta.
567 702 820 781 Quaenam
859 708 945 764 illa
967 707 1088 762 est?
1125 705 1191 761 Ut
1225 705 1400 760 crucis
1437 703 1658 775 gloriam
1691 702 2019 765 ostenderet,

443 809 767 874 Petrumque
819 817 880 856 ac
916 801 1150 870 reliquos
1188 799 1482 861 solaretur,
1512 795 1600 865 qui
1631 795 1930 865 passionem
1960 794 2025 848 ti—

445 898 682 960 tuebanl,
715 895 1056 964 ipsorumque
1097 889 1305 944 animos
1348 888 1593 957 erigeret.
1623 885 1754 940 Nam
1781 900 1901 939 cum
1927 883 2021 938 illo

444 990 806 1050 advenissent,
839 1001 946 1041 non
974 982 1242 1047 tacebant,
1263 981 1354 1036 sed
1386 979 1736 1050 loquebantur
1767 977 1835 1033 de
1855 977 2020 1048 gloria

446 1095 604 1150 quam
639 1080 654 1110 ¹
682 1076 1046 1146 completurus
1074 1083 1186 1129 erat
1217 1073 1268 1126 in
1306 1069 1600 1127 Jerusalem
1629 1067 1779 1138 (Luc.
1811 1068 1861 1124 9.
1894 1068 2018 1138 5t);

446 1173 494 1227 id
519 1179 622 1238 est,
650 1170 719 1225 de
748 1169 996 1240 passione
1023 1177 1078 1222 et
1101 1180 1297 1232 cruce;
1323 1164 1402 1220 sic
1428 1163 1571 1219 enim
1603 1162 1770 1232 ipsam
1809 1174 2022 1228 semper

441 1267 661 1308 vocant.
691 1253 1019 1322 Nequehiuc
1050 1263 1256 1307 tantum
1280 1253 1402 1305 illos
1432 1252 1654 1313 excitat,
1687 1251 1782 1305 sed
1814 1265 1878 1303 ex
1910 1250 2027 1319 ipsa

443 1346 690 1400 virorum
712 1343 932 1406 virtute,
953 1356 1116 1413 quam
1134 1341 1248 1411 ipse
1267 1341 1320 1395 in
1339 1341 1450 1395 illis
1468 1339 1704 1394 maxime
1725 1336 2025 1409 quaerebat.

441 1447 570 1512 Quia
598 1444 739 1499 enim
776 1443 1002 1508 dixerat,
1050 1442 1112 1498 Si
1133 1443 1246 1514 quis
1285 1441 1392 1496 uult
1420 1448 1532 1510 post
1571 1455 1649 1493 me
1677 1438 1856 1498 venire.
1881 1437 2024 1491 tollat

442 1553 642 1590 crucem
671 1552 816 1588 suam
860 1544 908 1589 et
953 1543 1188 1604 sequatur
1227 1547 1323 1597 me,
1353 1545 1478 1598 eos,
1521 1529 1609 1600 qui
1657 1544 1750 1596 pro
1793 1527 1884 1581 Dei
1930 1527 2024 1581 be-

431 1628 732 1699 .ncplacito.
761 1636 814 1683 et
837 1643 932 1698 pro
962 1627 1060 1682 sibi
1089 1625 1376 1681 commisso
1421 1625 1614 1693 popqu
1651 1621 1793 1675 mille
1823 1628 2021 1674 mortes

361 1759 367 1777 .
446 1721 707 1786 obierant,
742 1718 1044 1773 inmedium
1074 1716 1308 1771 adducit.
1334 1715 1569 1784 Uterque
1617 1713 1757 1767 enim
1789 1711 2019 1766 animam

449 1812 696 1881 perdidit,
733 1819 785 1865 et
812 1811 1010 1864 invenit
1053 1823 1189 1863 eam.
1231 1807 1464 1876 Uterque
1506 1815 1690 1860 contra
1739 1813 2018 1874 tyrannum

445 1916 751 1961 constanter
788 1920 848 1957 ac
883 1903 1047 1957 libere
1090 1900 1266 1965 stetit;
1325 1899 1412 1953 ille
1461 1907 1644 1953 contra
1686 1893 2022 1966 Egyplium,

448 2001 532 2054 hic
559 2009 738 2052 contra
791 1996 1088 2058 Achahutn,
1123 1994 1277 2063 idque
1326 2007 1421 2061 pro
1447 1992 1665 2060 ingratis
1703 1999 1756 2045 et
1805 1989 2019 2044 inobse-

446 2091 730 2162 quentihus
764 2090 1085 2143 hominibus.
1119 2087 1178 2141 Et
1210 2087 1276 2141 ab
1307 2088 1391 2152 iis,
1421 2101 1645 2156 quorum
1691 2083 1845 2138 saluti
1871 2081 2022 2137 advi-

443 2183 696 2253 gilahant,
728 2183 776 2234 in
833 2192 1126 2235 extremum
1173 2180 1275 2234 acti
1324 2186 1448 2233 sunt
1500 2175 1814 2246 periculum,
1864 2182 2025 2244 atque

447 2285 666 2343 uterque
698 2284 753 2328 ut
807 2275 924 2328 illos
974 2273 1040 2326 ah
1085 2271 1382 2326 idololatria
1418 2270 1747 2334 retraheret;
1781 2278 1835 2324 et
1866 2268 2024 2322 ambo

446 2366 628 2435 privati
654 2364 894 2418 homines
923 2378 1043 2418 esse
1071 2361 1385 2417 videbantur
1411 2377 1423 2413 :
1451 2360 1536 2414 ille
1561 2360 1735 2430 lingua
1765 2358 1944 2413 tardus
1971 2366 2026 2413 et

442 2458 566 2511 exili
598 2472 727 2510 voce
757 2464 901 2518 erat;
928 2454 1012 2508 hic
1046 2453 1270 2524 agrestis
1300 2451 1398 2506 viri
1427 2466 1579 2506 more
1605 2451 1794 2520 agebat
1823 2466 1836 2501 :
1869 2453 2024 2502 ambo

445 2562 702 2619 pauperes
731 2546 1016 2600 admodum
1043 2553 1197 2599 erant
1228 2560 1242 2596 :
1275 2558 1394 2596 nam
1427 2557 1602 2612 neque
1635 2540 1842 2611 Moyses
1866 2539 2022 2610 quid-

447 2644 584 2710 piam
614 2640 938 2711 possidebat,
967 2652 1138 2708 neque
1165 2635 1376 2700 Helias;
1411 2633 1575 2705 (quid
1606 2633 1747 2689 enim
1777 2631 1896 2702 plus
1925 2629 2025 2686 ha-

447 2735 578 2801 ltuit,
607 2749 762 2804 quam
791 2729 1101 2801 meloten?)
1141 2739 1195 2785 et
1245 2729 1359 2784 haec
1410 2729 1460 2783 in
1507 2726 1673 2784 veteri
1718 2725 1856 2796 lege,
1906 2739 2025 2780 cum

449 2827 680 2881 nondum
763 2834 962 2880 tantam
1023 2824 1292 2894 signorum
1371 2819 1600 2892 gratiam
1676 2817 2025 2888 accepissent.

451 2918 667 2972 litiamsi
692 2918 831 2970 enim
860 2915 1067 2986 Moyses
1094 2930 1240 2969 mare
1267 2912 1526 2980 diviserit,
1555 2920 1608 2966 at
1639 2910 1826 2967 Petrus
1869 2925 2030 2980 super

447 3025 612 3081 aquas
639 3009 947 3074 ambulavit,
975 3017 1028 3063 et
1057 3014 1268 3062 montes
1298 3005 1583 3060 transferre
1609 3011 1852 3074 poterat,
1886 3017 2030 3057 mor-

450 3103 544 3158 hos
565 3105 734 3157 omnis
763 3100 974 3172 generis
1003 3097 1242 3164 curabat,
1269 3097 1471 3154 feroces
1499 3096 1772 3152 daemonas
1797 3094 2028 3166 fugabat,

449 3209 740 3266 magnaque
790 3193 876 3247 illa
928 3192 1164 3263 prodigia
1207 3205 1302 3260 per
1356 3189 1598 3245 umbram
1665 3187 1906 3257 corporis
1946 3186 2027 3240 sui

371 3327 373 3330 ‹
448 3288 657 3351 edebat,
692 3295 969 3355 totumque
1014 3283 1199 3340 orbem
1231 3283 1514 3340 convertit.
1571 3281 1627 3337 Si
1675 3289 1852 3335 autem
1885 3279 2029 3334 Elias

450 3391 717 3434 mortuum
775 3377 1088 3443 suscitavit;
1135 3385 1190 3431 at
1233 3375 1307 3431 illi
1355 3385 1636 3431 sexcentos
1683 3374 2026 3436 suscitaruut,

447 3473 654 3527 etiamsi
685 3473 919 3526 nondum
961 3469 1218 3541 Spiritum
1245 3478 1485 3524 sanctum
1529 3469 1876 3537 accepissent.
1911 3466 2030 3521 Illos

451 3571 627 3636 itaque
674 3564 773 3620 hac
820 3564 889 3620 de
937 3578 1092 3619 causa
1148 3563 1198 3617 in
1251 3564 1486 3618 medium
1529 3561 1748 3616 adduxit
1780 3578 1793 3615 :
1823 3560 2033 3615 volebat

451 3660 590 3712 enim
619 3657 905 3728 discipulos
937 3672 1124 3714 eorum
1158 3655 1222 3711 ad
1276 3657 1527 3726 p0pulum
1568 3654 1871 3710 ducendum
1922 3666 2030 3709 stu-

403 3774 410 3779 -
449 3751 593 3804 dimn
623 3750 836 3815 imitari,
872 3750 1082 3805 illorum
1109 3749 1485 3814 constantiam,
1516 3747 1819 3803 ﬁrmitatem
1851 3761 2034 3803 :esse-

450 3859 550 3912 quo
580 3843 751 3908 mites,
788 3849 845 3896 ut
873 3841 1081 3914 Moyses
1110 3852 1242 3909 erat,
1296 3842 1410 3898 zelo
1450 3842 1638 3913 plenos
1668 3851 1723 3897 ut
1761 3842 1926 3908 Elias,
1953 3843 2030 3898 si-

451 3935 750 4006 militerque
790 3934 1066 3990 sollicitos.
1107 3934 1260 3992 Alter
1288 3935 1432 3990 enim
1486 3934 1801 3990 triennalem
1835 3935 2027 3990 famem

453 4029 570 4081 tnlit
597 4038 813 4098 propter
839 4029 1090 4102 populum
1114 4028 1389 4086 Judaicum
1415 4047 1430 4096 ;
1462 4032 1598 4087 alter
1625 4045 1752 4086 vero
1781 4029 2028 4086 diccbat:

454 4118 512 4170 Si
537 4118 735 4186 quidem
766 4118 973 4173 dimittis
999 4121 1122 4189 ipsis
1159 4130 1434 4193 peccatum,
1463 4124 1693 4191 dimitte;
1721 4127 1798 4180 sin
1825 4127 2027 4196 minus,

453 4212 563 4263 dele
591 4227 669 4264 me
693 4211 753 4266 de
775 4211 901 4266 libro
929 4229 1076 4283 quem
1104 4214 1348 4286 scripsisti
1380 4215 1399 4286 (
1423 4215 1589 4271 Exod.
1621 4217 1708 4273 52.
1738 4217 1808 4273 52
1836 4217 1877 4289 ).
1908 4219 2033 4274 Haec

453 4303 627 4357 omnia
659 4304 784 4373 lpsis
815 4320 907 4374 per
931 4305 1067 4360 hanc
1092 4307 1347 4361 visionem
1378 4308 1430 4363 in
1457 4319 1688 4365 utentem
1721 4311 2031 4367 revocabat.

452 4394 580 4449 Nam
614 4396 663 4450 in
695 4396 916 4466 gloriam
951 4397 1092 4451 illam
1123 4397 1343 4455 adduxit
1379 4403 1554 4470 ipsos;
1604 4420 1707 4458 non
1736 4413 1796 4459 ut
1826 4407 1877 4459 in
1926 4405 2033 4461 illis

451 4500 671 4554 starent,
703 4490 795 4544 srd
829 4500 885 4544 ut
914 4501 1203 4547 scauunata
1237 4493 1580 4550 transilirent.
1609 4496 1832 4565 Quando
1864 4497 2024 4567 igitur

453 4583 717 4646 dixerunt,
747 4582 990 4638 Dicamus
1028 4585 1194 4654 ignem
1221 4585 1285 4640 de
1311 4586 1434 4641 ercto
1455 4589 1773 4657 descendere,
1821 4603 1876 4648 et
1904 4593 2032 4650 Elia:

457 4673 717 4727 recordati
743 4683 884 4739 sunt,
911 4676 999 4746 qui
1034 4677 1134 4732 hoc
1160 4677 1383 4743 fecerat,
1411 4682 1486 4734 ait
1507 4681 1610 4737 illis
1639 4700 1653 4737 :
1688 4683 1906 4740 Nescitis
1937 4705 2027 4741 cu-

454 4766 532 4832 ius
558 4766 766 4833 spiritus
791 4766 899 4819 silis
931 4767 1080 4838 (Luc.
1109 4767 1160 4823 9.
1191 4770 1279 4824 54.
1302 4771 1426 4841 55);
1455 4773 1521 4828 ad
1552 4773 1863 4844 iujuriarum
1893 4780 2032 4833 obli-

455 4857 660 4911 vicncm
697 4857 813 4913 illos
843 4859 1132 4916 adhortans
1159 4864 1226 4918 ob
1253 4863 1630 4923 charismatum
1660 4870 2032 4928 ditl‘erentiam.

454 4947 528 5000 Ne
559 4957 711 5003 Dutes
745 4966 842 5005 nos
872 4953 1041 5008 Etiam
1093 4965 1148 5010 ut
1195 4957 1562 5028 imperfectum
1605 4961 1860 5021 damnare
1889 4985 1900 5020 :
1927 4983 2034 5023 non

454 5038 594 5091 t‘lliln
624 5040 726 5094 hoc
751 5042 1014 5110 dicimus;
1047 5049 1243 5102 etenim
1271 5048 1559 5108 admodum
1607 5056 1872 5123 perfectus
1897 5071 2032 5114 erat.

455 5129 653 5187 Verum
683 5137 1010 5205 temporibus
1029 5139 1165 5206 suis,
1188 5158 1309 5198 cum
1339 5147 1594 5210 puerilior
1621 5157 1745 5205 tunc
1766 5166 1914 5206 mens
1949 5153 2036 5206 ho-

457 5223 658 5277 minum
691 5233 853 5289 esset,
900 5227 1002 5283 hac
1026 5245 1158 5298 opus
1185 5243 1301 5288 erat
1331 5235 1665 5296 institutione
1699 5258 1858 5298 :nam
1891 5245 2039 5318 Moy-

455 5327 542 5367 st-s
567 5330 779 5385 quoque
804 5315 903 5371 hac
931 5320 1135 5375 ratione
1149 5323 1412 5390 perfectus
1433 5336 1580 5396 erat;
1609 5333 1702 5387 sed
1731 5335 1846 5402 plus
1867 5315 2025 5408 exigi-

458 5413 544 5456 tur
569 5406 636 5459 ab
665 5407 915 5474 aposwlis
950 5425 1108 5479 quam
1150 5413 1217 5466 ab
1256 5414 1364 5470 illo.
1396 5417 1516 5473 Nisi
1538 5423 1676 5476 enim
1714 5406 2038 5481 abundaverit

447 5492 646 5559 jastitia
672 5508 833 5551 vestra
854 5499 968 5570 plus
990 5518 1140 5571 quam
1156 5507 1432 5564 scribarum
1457 5522 1502 5568 et
1521 5513 1919 5586 Pltarisworum,
1937 5538 2036 5576 non

457 5585 702 5640 t'tttabilis
732 5589 783 5641 in
811 5607 1021 5660 regnum
1041 5595 1277 5650 caelorum
1309 5600 1518 5672 (Matth.
1547 5606 1600 5660 5.
1624 5606 1735 5677 20).
1763 5609 1878 5666 Non
1896 5585 2035 5668 enim

519 5732 530 5755 ¹
588 5736 728 5790 Juxta
749 5744 867 5793 alios
885 5755 933 5797 et
959 5749 1075 5799 Bibl.
1098 5749 1358 5816 tegendum
1389 5768 1483 5821 est,
1510 5759 1570 5810 de
1593 5775 1790 5814 excessu
1811 5781 1970 5833 quem.

1189 310 1243 365 S.
1283 307 1559 364 JO.\N.\'IS
1594 303 2065 361 CllllYSOSTOMI
2107 307 2421 368 ARCHIEI’.
2461 313 2989 376 CONSTANTINOP.

3603 333 3711 389 55!

2131 427 2184 480 lu
2213 425 2500 501 Egyptum
2535 434 2756 504 ingressi
2781 447 2922 503 sunt,
2955 439 3049 494 sed
3078 441 3127 495 in
3158 442 3341 498 orbem
3365 454 3556 513 totum,
3583 465 3710 521 grs-

2126 521 2245 577 vius
2295 530 2349 576 et
2395 524 2548 592 pejus
2599 525 2845 582 aﬂ'ectum
2885 545 3045 599 quam
3088 530 3324 604 Egyptii
3373 545 3571 594 erant:
3603 557 3710 597 non

2127 611 2458 669 Pharaonem
2502 617 2850 688 alloquuturi,
2883 621 2977 677 sed
3008 638 3128 678 cum
3173 625 3385 684 diabolo
3429 634 3710 702 pugnaturi

2127 719 2244 774 ipso
2268 709 2521 776 nequitiae
2550 720 2795 781 tyranno.
2829 713 2960 769 Nam
2995 724 3266 774 certamen
3312 721 3442 790 ipsis
3482 733 3620 790 erat,
3653 733 3712 780 ut

2128 793 2274 849 illum
2297 799 2594 869 alligarent,
2626 812 2681 857 et
2701 819 2827 859 vasa
2853 804 2970 876 ejus
3012 808 3307 879 diriperent
3343 814 3518 868 omnia
3541 831 3556 880 ;
3581 815 3710 870 illud

2128 903 2254 942 vero
2274 888 2561 959 faciebant,
2587 909 2692 948 non
2719 911 2867 952 mare
2913 897 3232 968 dividentes,
3262 903 3356 958 sed
3384 920 3478 974 per
3507 907 3710 977 virgam

2125 975 2291 1034 Jessa:
2322 981 2639 1050 profundum
2685 986 2975 1057 impietatis
2999 991 3351 1060 dissecantes,
3379 997 3550 1051 multo
3582 975 3710 1069 gra-

2127 1071 2360 1126 viorihus
2381 1075 2636 1144 agitatum
2667 1077 2934 1135 ﬂuctibus.
2967 1081 3098 1138 Vide
3125 1083 3285 1154 igitur
3307 1095 3440 1156 quot
3478 1100 3711 1159 quanta-

2124 1177 2230 1232 que
2272 1174 2490 1235 essent,
2535 1183 2657 1238 quae
2700 1169 3006 1230 hominibus
3059 1183 3320 1234 terrorem
3363 1179 3706 1238 incuterent:

2124 1267 2292 1318 mors,
2322 1265 2632 1326 paupertas,
2661 1258 2902 1328 infamia,
2933 1263 3079 1320 mille
3100 1266 3262 1332 mala,
3308 1272 3588 1341 magisque
3618 1272 3709 1328 illa

2126 1351 2253 1398 tunc
2280 1345 2554 1414 timebant,
2589 1365 2748 1420 quam
2787 1352 2958 1409 Juda-i
2982 1355 3106 1410 olim
3138 1359 3359 1430 pelagus
3381 1361 3532 1417 illud.
3557 1367 3711 1419 Atta-

2126 1449 2248 1488 men
2273 1437 2440 1490 suasit
2467 1438 2569 1493 illis
2597 1447 2652 1493 nt
2678 1440 2793 1496 haec
2819 1445 2999 1499 omnia
3031 1445 3256 1503 ﬁdenter
3271 1450 3706 1520 aggrederentur.

2125 1533 2179 1579 et
2203 1541 2322 1580 cum
2348 1542 2536 1596 magna
2563 1532 2848 1588 securitate
2874 1537 3024 1606 quasi
3053 1553 3148 1606 per
3171 1539 3371 1595 siccum
3399 1544 3708 1599 transirent.

2126 1617 2206 1672 Ad
2238 1617 2349 1672 hanc
2378 1620 2537 1690 igitur
2570 1624 2748 1678 omnia
2796 1627 2940 1696 ipsos
2977 1630 3291 1696 concitans,
3343 1633 3462 1690 illos
3490 1636 3710 1692 adduxit

2126 1708 2284 1777 quiin
2313 1709 2488 1766 Veteri
2523 1713 2860 1772 refulserunt.
2909 1718 3046 1785 Quid
3081 1720 3240 1790 igitur
3265 1722 3456 1779 Petrus
3498 1726 3712 1783 fervens

2128 1800 2252 1856 ille?
2276 1802 2327 1856 4.
2360 1802 2557 1858 Bonum
2582 1816 2656 1859 est
2688 1823 2779 1862 nos
2813 1809 2894 1862 hic
2927 1827 3048 1865 esse.
3096 1813 3228 1880 Quia
3267 1817 3408 1870 enim
3452 1818 3710 1884 audierat.

2128 1891 2299 1962 ipsum
2325 1893 2710 1968 Jerosolymam
2743 1913 3028 1958 venturum
3054 1911 3111 1958 et
3145 1920 3425 1974 passurum
3473 1923 3610 1977 esse,
3646 1926 3712 1965 ea

2127 1983 2195 2039 de
2212 2001 2367 2041 causa
2391 1988 2565 2044 adhuc
2583 1989 2776 2046 timens
2804 2002 2858 2048 et
2879 2003 3134 2060 tremens,
3149 2007 3270 2067 post
3291 1999 3710 2071 increpationem

2128 2078 2272 2133 illam
2301 2096 2404 2135 non
2436 2083 2598 2137 audet
2621 2084 2834 2154 quidem
2863 2086 3122 2144 accedere
3167 2104 3231 2145 ac
3276 2091 3454 2147 dicere
3481 2109 3491 2143 :
3519 2092 3713 2160 Propi-

2129 2169 2225 2225 tius
2252 2172 2337 2224 tiln'
2360 2174 2422 2226 sit
2445 2173 2657 2244 (Manli.
2691 2176 2912 2248 16.22),
2944 2179 3038 2233 sed
3067 2180 3256 2236 timore
3281 2182 3456 2238 adhuc
3498 2195 3710 2254 captus,

2127 2263 2312 2318 eadem
2343 2264 2474 2332 ipsa,
2500 2265 2593 2320 sed
2621 2282 2718 2336 per
2742 2269 2842 2323 alia
2874 2270 3034 2326 verba
3061 2271 3383 2330 subindicat.
3407 2274 3540 2342 Quia
3568 2277 3713 2332 enim

2129 2367 2362 2411 montem
2420 2359 2632 2415 videbat
2683 2369 2738 2416 et
2777 2371 2980 2418 vastam
3035 2365 3400 2434 solitudinem,
3448 2369 3714 2440 cogitabat

2129 2461 2373 2515 magnam
2407 2447 2476 2504 ibi
2530 2452 2869 2508 securitatem
2917 2468 2949 2508 a
2991 2454 3112 2512 loco
3148 2471 3307 2522 esse;
3360 2473 3459 2515 nec
3488 2460 3648 2515 modo
3683 2475 3714 2514 a

2130 2535 2268 2601 loco,
2301 2539 2393 2594 sed
2420 2541 2558 2609 quod
2581 2552 2800 2612 cuperet
2829 2545 3001 2612 ipsum
3032 2563 3136 2602 non
3168 2549 3304 2604 ultra
3324 2549 3713 2623 Jerosolymam

2130 2629 2320 2686 adire:
2353 2632 2462 2686 vult
2510 2635 2654 2689 enim
2703 2650 2824 2690 eum
2867 2637 2938 2692 ibi
2985 2649 3243 2710 perpetuo
3285 2656 3550 2698 manere:
3595 2643 3718 2698 ideo

2133 2723 2468 2779 tabernacula
2496 2735 2776 2782 memorat.
2823 2727 2882 2784 Si
2909 2730 3051 2785 enim
3083 2731 3186 2786 hoc
3235 2732 3344 2796 ﬁat,
3373 2734 3574 2805 inquit,
3607 2751 3716 2790 non

2134 2813 2266 2869 ultra
2293 2814 2681 2887 Jerosolymam
2705 2820 3090 2889 ascendemus;
3129 2824 3174 2881 si
3215 2840 3323 2880 non
3343 2827 3714 2890 ascendamus.

2134 2906 2220 2961 ille
2245 2923 2350 2963 non
2381 2911 2656 2966 morietur.
2687 2912 2760 2967 lbi
2791 2929 3022 2985 namque
3046 2915 3258 2974 dicebat
3284 2920 3488 2976 scribas
3530 2935 3592 2978 se
3625 2938 3718 2993 αε-

2132 3014 2412 3068 gressuros
2445 3016 2584 3058 esse.
2618 3004 2722 3060 Sed
2749 3021 2852 3061 non
2878 3022 3039 3064 ausus
3061 3018 3144 3066 est
3169 3009 3239 3065 ita
3266 3011 3447 3082 loqui;
3486 3013 3601 3069 haec
3623 3031 3719 3068 au-

2136 3099 2239 3146 tem
2269 3092 2525 3162 perﬁcere
2550 3096 2758 3162 volens,
2791 3113 2981 3155 secure
3019 3101 3232 3158 dicebat
3263 3121 3277 3157 :
3303 3103 3500 3158 Bonum
3526 3115 3598 3160 est
3626 3123 3723 3159 nos

2134 3182 2217 3236 hic
2244 3199 2370 3251 esse,
2405 3185 2494 3240 uhi
2522 3195 2574 3241 et
2595 3186 2806 3261 Moyses
2833 3198 2886 3245 et
2914 3190 3062 3246 Elias
3085 3194 3315 3249 adsunt:
3346 3195 3507 3261 Elias,
3539 3198 3627 3267 qui
3649 3198 3720 3250 de

2133 3276 2264 3332 caelo
2293 3277 2466 3348 ignem
2489 3278 2541 3333 in
2568 3290 2802 3337 montem
2824 3283 3152 3342 descendere
3173 3286 3352 3356 jussit,
3383 3287 3720 3360 MttySCSqu",

2133 3370 2221 3439 qui
2255 3370 2304 3424 in
2331 3372 2607 3442 caliginem
2631 3374 2922 3445 ingressus,
2950 3392 3069 3433 cum
3105 3379 3214 3435 Deo
3245 3380 3493 3452 loquutus
3513 3393 3596 3438 e51
3621 3400 3634 3436 :
3661 3393 3719 3437 et

2134 3475 2293 3516 nemo
2318 3463 2449 3518 sciet
2470 3463 2686 3520 ubinam
2709 3483 2914 3523 sumus.

2204 3556 2259 3611 3.
2312 3554 2585 3612 Visdistin’
2625 3558 2914 3617 ferventem
2970 3561 3164 3619 Christi
3222 3575 3513 3624 amatorem
3559 3569 3582 3622 ?
3641 3568 3723 3625 Ne

2135 3662 2344 3716 quaeras
2381 3664 2540 3720 quam
2580 3651 2814 3721 prudens
2857 3662 2911 3708 et
2952 3664 3232 3710 accuratus
3276 3668 3422 3714 esset
3472 3659 3723 3715 hortandi

2135 3741 2356 3808 modus,
2409 3741 2506 3798 sed
2570 3758 2727 3813 quam
2778 3743 3024 3810 fervens,
3085 3759 3447 3820 quantumque
3499 3751 3723 3806 ardebat

2134 3847 2316 3891 amore
2349 3832 2566 3890 Christi.
2596 3836 2748 3904 Quod
2777 3837 2917 3892 enim
2939 3853 3060 3893 cum
3091 3839 3218 3894 illud
3235 3841 3455 3907 diceret,
3490 3858 3593 3898 nou
3623 3861 3723 3912 pro

2134 3927 2316 3998 seipso
2345 3935 2548 3982 tantum
2579 3937 2831 3985 tremeret
2859 3929 2973 3985 hate
2999 3930 3248 3999 dicendo,
3273 3933 3394 3988 audi
3423 3934 3548 4005 quid
3575 3935 3724 3991 dicat

2134 4032 2256 4074 cum
2299 4015 2545 4074 Christus
2585 4026 2814 4074 mortem
2843 4034 2992 4075 suam
3035 4035 3090 4076 et
3135 4023 3356 4079 insidias
3398 4025 3498 4080 sibi
3544 4031 3721 4096 parari

2135 4108 2509 4180 praenuntiavit
2533 4127 2548 4163 :
2575 4110 2809 4164 Animam
2843 4128 3003 4166 meam
3041 4129 3133 4183 pro
3155 4123 3203 4167 te
3229 4131 3415 4185 ponam
3445 4130 3466 4170 .°
3500 4117 3544 4170 si
3571 4134 3726 4186 opor-

2136 4203 2287 4257 tuerit
2310 4219 2390 4257 me
2419 4203 2549 4257 mori
2575 4211 2770 4272 tecum,
2801 4221 2901 4259 non
2939 4215 2985 4258 te
3012 4207 3198 4276 negabo
3224 4205 3244 4279 (
3269 4207 3434 4263 Mare.
3469 4211 3552 4265 14.
3584 4211 3646 4266 51
3673 4211 3721 4282 ).

2136 4293 2271 4352 Vide
2315 4297 2472 4352 etiam
2515 4297 2785 4368 quomodo
2815 4299 2866 4353 in
2916 4299 3106 4355 mediis
3155 4302 3401 4371 periculis
3446 4304 3566 4358 vitae
3610 4320 3727 4361 suae

2136 4403 2322 4458 parum
2362 4390 2682 4445 consuleret.
2710 4389 2880 4446 Tanto
2919 4393 3060 4448 enim
3090 4395 3470 4452 circumstante
3495 4399 3723 4468 pepulo,

2138 4497 2244 4536 non
2287 4483 2448 4538 modo
2483 4498 2591 4538 non
2619 4485 2842 4554 aufugit,
2888 4485 2981 4540 sed
3010 4486 3198 4541 stricto
3225 4487 3401 4557 gladio
3431 4487 3726 4559 amputavit

2137 4573 2428 4628 auriculam
2477 4574 2617 4628 servi
2659 4575 2973 4630 sacerdotis.
3005 4575 3094 4630 Sic
3133 4577 3223 4630 ille
3255 4593 3358 4632 non
3393 4578 3534 4649 quod
3566 4597 3724 4636 suum

2139 4675 2256 4721 erat
2301 4667 2654 4736 reSpiciebat,
2702 4667 2796 4724 sed
2849 4684 2946 4739 pro
2993 4671 3248 4740 magistro
3295 4686 3392 4726 suo
3439 4672 3724 4728 tremebat.

2143 4758 2342 4814 Deinde
2380 4759 2501 4829 quia
2548 4759 2790 4814 absolute
2834 4761 3080 4831 loquutus
3123 4761 3325 4828 fuerat,
3378 4761 3446 4819 ad
3489 4773 3726 4819 mentem

2139 4849 2314 4916 redit;
2344 4850 2639 4921 timensque
2670 4867 2736 4908 ne
2758 4867 2942 4907 rursus
2969 4853 3362 4924 increparetur,
3389 4855 3465 4909 ait
3496 4872 3510 4910 :
3539 4853 3602 4910 Si
3626 4856 3726 4922 vis,

2137 4938 2386 5008 faciamus
2415 4944 2495 4997 hic
2526 4945 2622 4998 tria
2646 4946 2989 5009 tabernacula,
3021 4946 3108 5000 tibi
3131 4963 3308 5015 unum,
3343 4946 3516 5019 Moysi
3542 4965 3724 5013 unum,

2141 5043 2186 5087 et
2221 5033 2347 5088 Elia:
2373 5053 2554 5088 unum.
2581 5035 2719 5104 Quid
2762 5035 2914 5101 dicis,
2944 5036 3150 5092 Petro?
3180 5053 3358 5093 nonne
3402 5038 3558 5109 paulo
3597 5050 3727 5094 ante

2151 5145 2180 5184 a
2211 5129 2382 5182 servis
2427 5143 2548 5183 eum
2590 5130 2846 5198 separasti
2871 5129 2893 5181 ?
2921 5145 3016 5183 cur
3041 5145 3162 5184 cum
3202 5132 3375 5186 servis
3405 5133 3563 5187 modo
3591 5148 3725 5188 con-

2145 5216 2441 5274 uumeras?
2479 5217 2664 5273 V'iden’
2709 5234 2867 5288 quam
2918 5219 3212 5288 imperfecti
3262 5223 3337 5276 illi
3381 5233 3564 5279 essent
3599 5234 3727 5280 ante

2142 5308 2405 5364 crucem?
2440 5308 2573 5363 Nam
2601 5310 2644 5362 si
2693 5309 2850 5364 Pater
2890 5309 3049 5364 Petro
3097 5313 3375 5378 revelavit,
3421 5323 3476 5368 at
3502 5331 3606 5370 non
3631 5315 3728 5371 diu

2144 5400 2522 5454 revelationem
2553 5400 2694 5454 illam
2727 5399 2962 5463 retinuit.
2989 5403 3082 5458 sed
3115 5419 3314 5471 pavore
3339 5404 3580 5460 turbatus
3617 5417 3724 5473 est,

2145 5507 2248 5545 non
2299 5491 2470 5546 solum
2517 5505 2582 5546 eo
2621 5505 2779 5561 quem
2822 5491 2967 5558 dixi,
2999 5493 3092 5548 sed
3135 5496 3293 5549 etiam
3324 5496 3428 5549 alio
3459 5512 3617 5566 quem
3657 5513 3728 5552 ex

2147 5581 2347 5636 visione
2393 5581 2483 5636 illa
2525 5589 2851 5652 susceperat.
2888 5583 2992 5637 Alii
3023 5584 3199 5653 itaque
3240 5587 3580 5656 evangelista:
3623 5586 3727 5643 hoc

2146 5673 2536 5744 significantes,
2583 5675 2777 5729 mentis
2822 5675 3226 5742 confusionem,
3275 5693 3377 5747 qua
3425 5678 3666 5733 afficieba
3694 5709 3722 5721 -

2150 5774 2254 5831 tur,
2299 5780 2416 5820 cum
2458 5765 2573 5821 tunc
2617 5765 2840 5836 diceret,
2867 5782 2933 5823 ex
2961 5781 3157 5838 pavore
3183 5768 3276 5823 illo
3295 5779 3598 5843 susceptam
3634 5767 3721 5824 de-
