4034 6420
233 375 334 432 53.3

231 488 452 545 claram.
483 482 695 540 Marcus
718 478 933 550 quidem
969 475 1120 543 dicit,
1151 473 1274 529 Non
1302 473 1437 529 enim
1477 471 1663 527 sciebat
1696 470 1817 537 quid

232 583 519 651 loqueretur
568 592 589 631 :
626 571 878 645 perterriti
922 584 1140 639 namque
1181 569 1387 639 fuerunt
1411 564 1429 637 (
1455 563 1621 617 Mare.
1645 562 1697 616 9.
1725 561 1819 631 6).

233 670 397 727 Lucas
419 682 555 722 vero
571 672 852 736 postquam
879 659 1032 725 dixit,
1060 657 1332 712 Faciamus
1360 665 1395 709 lt
1409 656 1456 708 ia
1475 652 1821 717 tabernacula,

231 763 406 819 statim
438 755 737 826 subiunxit,
767 750 1012 807 Nesciens
1037 750 1159 820 quid
1188 750 1373 802 diceret
1409 746 1430 817 (
1454 745 1580 798 Luc.
1605 745 1659 799 9.
1693 742 1822 811 55).

236 854 433 912 Deinde
477 849 784 923 signiﬁcans
826 857 880 901 et
907 846 1056 900 illum
1087 851 1143 898 et
1167 843 1301 898 alios
1331 841 1522 894 timore
1550 845 1826 906 correptos

234 947 437 1013 fuisse,
460 944 541 998 ait
587 959 601 995 :
644 939 854 995 Gravati
895 952 1073 993 somno
1115 943 1258 989 eram
1296 949 1315 988 :
1353 949 1466 987 cum
1508 930 1827 1001 evigilassent

234 1048 396 1093 autem
416 1077 431 1100 ,
465 1034 699 1090 viderunt
727 1030 942 1102 gloriam
975 1029 1088 1099 ejus
1115 1024 1294 1101 (Ibid.
1324 1041 1372 1079 v.
1401 1024 1471 1079 52
1495 1022 1515 1095 )
1541 1040 1555 1087 ;
1580 1035 1824 1076 somnum

236 1145 357 1186 vero
379 1128 466 1182 hic
496 1133 654 1181 vocat
678 1137 930 1194 soporem
956 1120 1106 1175 illum
1133 1119 1225 1189 qui
1260 1134 1326 1173 ex
1374 1116 1468 1170 tali
1502 1114 1710 1170 visione
1739 1128 1827 1166 ac-

235 1223 376 1279 cidit.
407 1222 545 1277 Nam
564 1219 724 1275 veluti
748 1216 887 1272 oculi
917 1230 982 1271 ex
1021 1213 1190 1269 nimio
1221 1210 1426 1281 fulgore
1460 1207 1826 1263 obteuebran»

241 1328 357 1380 tur,
406 1313 488 1370 sic
527 1321 584 1368 et
628 1311 731 1365 illis
778 1308 979 1364 evenit.
1009 1305 1193 1376 Neque
1229 1303 1375 1359 enim
1420 1316 1523 1356 nox
1553 1309 1691 1367 erat,
1733 1296 1826 1353 sed

239 1407 350 1462 dies
380 1421 394 1459 :
430 1414 487 1460 et
528 1397 803 1458 radiorum
845 1397 1102 1469 splendor
1141 1394 1418 1450 oculorum
1464 1391 1826 1446 inlirmitatem

237 1499 506 1573 gravabat.
558 1495 693 1563 Quid
734 1492 946 1563 igitur?
987 1491 1105 1560 Ipse
1148 1487 1365 1559 quidem
1412 1484 1543 1540 nihil
1571 1483 1824 1553 loquitur,

238 1605 404 1661 neque
427 1588 640 1660 Moyses
659 1627 676 1653 ,
709 1599 881 1654 neque
907 1582 1054 1639 Elias
1087 1601 1099 1635 :
1129 1580 1226 1636 sed
1253 1580 1344 1650 qui
1370 1577 1619 1633 omnibus
1659 1573 1830 1645 major

240 1690 293 1738 et
334 1680 436 1735 ﬁde
478 1679 691 1748 dignior
721 1684 837 1739 est,
890 1674 1048 1729 Pater
1093 1687 1278 1726 vocem
1324 1669 1521 1725 emittit
1562 1684 1627 1721 ex
1668 1666 1825 1720 nube.

240 1772 342 1830 Cur
368 1789 435 1829 ex
463 1771 607 1827 nube
629 1771 652 1824 ?
673 1769 764 1825 Sic
790 1784 1005 1838 semper
1034 1774 1257 1836 apparet
1284 1765 1425 1819 Deus
1456 1782 1469 1817 :
1504 1778 1625 1817 nam
1658 1759 1830 1814 Nubes

241 1879 288 1921 et
332 1865 495 1936 caligo
529 1865 583 1917 in
614 1862 831 1916 circuitu
858 1861 969 1930 ejus
1014 1861 1032 1929 (
1062 1858 1208 1912 Psal.
1229 1856 1317 1913 96.
1348 1856 1422 1927 2)
1448 1875 1463 1919 ;
1501 1863 1554 1909 et
1599 1868 1782 1908 rursus
1813 1868 1827 1904 :

245 1958 341 2025 Qui
366 1957 507 2029 ponit
534 1956 690 2011 nubes
713 1969 975 2008 ascensum
1002 1968 1149 2006 suum
1173 1950 1191 2020 (
1220 1947 1597 2019 Psal.lO5.3);
1618 1947 1831 2002 iterum-

244 2068 362 2121 que,
414 2049 665 2104 Dominus
703 2046 836 2101 sedet
876 2046 928 2099 in
973 2043 1103 2098 nube
1144 2043 1240 2098 levi
1266 2042 1284 2113 (
1310 2041 1439 2095 lsai.
1474 2039 1561 2094 19.
1594 2041 1616 2092 1
1654 2040 1709 2108 );
1742 2047 1827 2103 et,

249 2142 412 2197 Nubes
440 2139 663 2210 suscepit
692 2155 805 2192 eunt
837 2134 897 2190 ab
937 2134 1099 2189 oculis
1125 2150 1299 2188 eorum
1322 2131 1340 2203 (
1366 2131 1478 2185 Act.
1514 2132 1563 2185 1.
1589 2129 1662 2198 9)
1693 2146 1706 2193 ;
1739 2139 1826 2194 et,

250 2234 397 2303 Quasi
413 2231 457 2286 F
459 2230 814 2285 iliushominis
837 2228 1036 2282 veniens
1062 2227 1117 2280 in
1154 2224 1366 2280 nubibus
1403 2224 1422 2294 (
1446 2223 1580 2277 Dan.
1606 2223 1658 2275 7.
1698 2222 1759 2276 15
1789 2224 1827 2291 ).

251 2330 315 2387 lit
343 2330 498 2402 igitur
522 2326 747 2385 credant
774 2326 843 2381 ab
869 2325 987 2395 ipso
1033 2324 1147 2380 Deo
1178 2338 1363 2380 vocem
1394 2322 1557 2387 ferri,
1590 2321 1714 2374 inde
1741 2338 1830 2374 ve—

250 2425 341 2490 uit,
360 2436 413 2482 et
435 2423 609 2479 nubes
635 2420 808 2476 lucida
832 2427 989 2475 erat:
1023 2434 1145 2472 nam
1179 2418 1230 2472 ὅ.
1268 2417 1448 2470 Adhuc
1482 2432 1539 2470 eo
1576 2416 1825 2483 loquente,

248 2534 352 2573 ecce
371 2517 522 2572 nubes
561 2514 734 2570 lucida
766 2511 1077 2567 obumbravit
1107 2527 1209 2565 eos.
1243 2509 1307 2563 Et
1351 2525 1464 2562 ecce
1487 2523 1584 2562 vox
1614 2506 1675 2560 de
1704 2505 1833 2559 nube

251 2611 407 2665 dicens
434 2625 453 2664 :
478 2607 583 2663 Hic
615 2614 687 2662 est
712 2604 880 2660 Filius
919 2620 1057 2659 meus
1087 2602 1320 2669 dilectus,
1347 2602 1401 2656 in
1432 2618 1531 2668 quo
1559 2599 1684 2653 mihi
1711 2599 1833 2652 bene

252 2700 520 2771 complacui
542 2716 560 2753 :
590 2698 759 2767 ipsum
792 2695 984 2749 audite.
1013 2693 1243 2762 Quando
1280 2692 1423 2747 enim
1464 2692 1714 2753 minatur,
1749 2698 1828 2743 te-

253 2790 522 2848 nebrosam
556 2787 753 2844 nubem
780 2785 1049 2850 ostendit,
1077 2783 1534 2856 quemadmodum
1574 2784 1628 2837 in
1656 2781 1783 2837 Sina
1815 2798 1827 2833 :

252 2881 457 2937 Intravit
484 2881 654 2944 enim,
698 2878 792 2940 ait,
820 2877 874 2931 in
901 2879 1081 2932 nubem
1123 2885 1172 2929 et
1215 2875 1267 2929 in
1307 2874 1575 2944 caliginem
1604 2871 1829 2943 Moyses,

254 2986 294 3029 et
337 2974 467 3027 velut
513 2988 677 3043 vapor
718 2971 791 3024 ita
842 2968 1097 3039 ferebatur
1135 2971 1309 3040 funms
1340 2966 1531 3036 (Exod.
1555 2965 1646 3020 Ἡ.
1681 2965 1748 3021 18
1772 2966 1829 3035 );

253 3074 302 3122 et
352 3064 609 3137 propheta
650 3062 717 3117 de
764 3061 923 3116 minis
948 3061 1066 3130 eius
1091 3060 1382 3125 disserens,
1413 3057 1719 3123 Tenebrosa,
1748 3057 1832 3111 in-

253 3156 377 3228 quit,
407 3174 538 3227 aqua
568 3156 622 3209 in
652 3154 864 3209 nubibus
894 3152 1065 3225 aeris(
1094 3151 1234 3208 Psal.
1264 3152 1349 3206 l7.
1383 3150 1450 3205 12
1474 3149 1492 3222 )
1517 3167 1532 3215 ;
1566 3150 1653 3204 hic
1680 3162 1829 3213 vero,

255 3251 365 3319 quia
401 3266 506 3305 non
561 3257 784 3313 terrere,
821 3246 912 3301 sed
943 3246 1142 3302 docere
1183 3244 1428 3311 volebat,
1463 3244 1632 3298 nubes
1660 3242 1832 3297 lucida

254 3351 347 3398 est.
385 3343 450 3398 Et
475 3342 678 3397 Petrus
702 3338 918 3410 quidem
945 3338 1181 3402 dicebat,
1215 3335 1491 3390 Faciamus
1517 3335 1615 3389 tria
1652 3334 1835 3389 taber—

257 3434 467 3499 nacula;
507 3432 603 3488 ille
630 3445 761 3487 vero
792 3428 1197 3485 tabernaculum
1239 3427 1477 3485 ostendit
1505 3441 1610 3481 non
1644 3441 1832 3481 manu—

257 3526 457 3581 tactum.
484 3526 613 3581 ldeo
635 3524 705 3581 ibi
731 3523 944 3595 quidem
962 3521 1141 3578 fumus
1170 3531 1272 3587 est,
1296 3531 1352 3577 et
1377 3537 1543 3592 vapor
1571 3520 1830 3585 fornacis;

258 3616 335 3675 llic
358 3633 481 3673 vero
503 3617 599 3672 lux
623 3613 999 3678 ineﬁ'abilis,ct
1027 3629 1150 3668 vox.
1196 3612 1399 3668 Deinde
1430 3624 1485 3667 ut
1515 3612 1834 3667 ostendatur

258 3723 353 3767 non
398 3707 465 3764 de
506 3723 618 3763 uno
664 3707 818 3761 trium
862 3705 1175 3776 simpliciter
1216 3704 1352 3770 dici,
1404 3703 1498 3760 sed
1526 3703 1593 3760 de
1621 3703 1836 3759 Christo

260 3810 471 3868 tantum,
513 3817 637 3857 cum
665 3815 767 3855 vox
799 3799 960 3854 allata
1003 3808 1106 3865 est,
1136 3798 1209 3852 illi
1242 3806 1596 3852 recesserant.
1628 3795 1762 3853 Nam
1789 3797 1833 3851 si

258 3890 319 3946 de
338 3908 437 3947 uno
474 3908 540 3948 ex
571 3891 676 3946 illis
701 3891 901 3946 dictum
931 3889 1139 3956 fuisset,
1172 3904 1280 3944 non
1316 3889 1409 3944 ille
1440 3889 1723 3944 mansisset
1748 3903 1836 3943 so-

259 3981 366 4050 lus,
413 3983 625 4039 duobus
668 3982 788 4037 aliis
817 3982 1058 4037 remotis.
1087 3980 1165 4053 (o)
1188 3980 1208 4055 [
1229 3980 1337 4035 Cur
1362 3995 1490 4051 ergo
1531 3980 1699 4035 nubes
1731 3994 1834 4034 non

158 4114 165 4123 .
258 4072 510 4130 Christum
551 4075 722 4129 solum
762 4073 990 4143 operuit,
1013 4073 1107 4129 sed
1134 4087 1323 4128 omnes
1357 4072 1514 4128 simul
1543 4072 1565 4126 Ἰ
1599 4070 1654 4128 Si
1685 4073 1838 4127 Chri-

259 4174 386 4220 stum
434 4166 612 4222 solum
667 4165 1083 4231 obumbrasset,
1123 4174 1367 4236 putatum
1418 4165 1606 4221 fuisset
1662 4165 1837 4236 ipsum

259 4255 515 4314 Christum
572 4259 816 4314 emisisse
873 4273 1080 4314 vocem.
1103 4258 1441 4328 Quapropter
1487 4258 1831 4329 evangelista,

262 4356 313 4401 ut
333 4347 427 4404 hoc
452 4349 626 4420 ipsum
647 4349 1013 4415 conﬁrmaret,
1036 4348 1111 4402 ait
1135 4364 1319 4404 vocem
1351 4365 1417 4404 ex
1439 4348 1579 4404 nube
1604 4352 1835 4415 venisse,

262 4437 308 4492 id
333 4450 443 4503 est,
472 4458 539 4498 ex
574 4438 749 4512 Deo.]
791 4440 859 4495 Et
887 4439 1014 4511 quid
1042 4441 1117 4494 ait
1144 4456 1243 4494 vox
1277 4440 1413 4495 illa?
1441 4440 1542 4494 Hic
1569 4451 1641 4495 est
1671 4440 1839 4495 Filius

261 4546 390 4587 meus
426 4534 660 4588 dilectus.
687 4533 745 4589 Si
782 4532 1027 4597 dilectus,
1059 4547 1125 4588 ne
1156 4532 1363 4598 timeas,
1404 4532 1579 4586 Petre.
1612 4533 1839 4602 Oporte-

261 4621 343 4678 bat
367 4626 504 4680 enim
532 4634 584 4681 te
611 4634 665 4680 et
692 4625 938 4680 virtutem
970 4618 1369 4695 potentiamque
1394 4623 1633 4693 ejusjam
1657 4639 1836 4690 nosse,

263 4722 311 4769 et
349 4716 413 4771 de
449 4716 847 4773 resurrectione
883 4728 1001 4770 esse
1046 4716 1327 4771 certiorem
1360 4730 1375 4779 ;
1408 4715 1528 4785 quia
1557 4729 1683 4773 vero
1712 4714 1838 4769 illud

264 4803 505 4876 ignoras,
548 4807 739 4864 saltem
789 4822 857 4862 ex
901 4821 1034 4861 voce
1082 4806 1255 4861 Patris
1302 4804 1554 4861 ﬁdentior
1601 4814 1737 4860 esto.
1782 4805 1839 4860 Si

266 4912 477 4968 namque
504 4909 696 4970 potens
720 4906 803 4954 est
828 4898 991 4963 Deus,
1025 4909 1082 4953 ut
1110 4913 1236 4954 vere
1261 4908 1450 4969 potens
1476 4908 1557 4954 est
1579 4939 1593 4965 ,
1620 4899 1838 4968 procul-

266 4987 413 5046 dubio
453 5001 509 5047 et
550 4990 721 5047 Filius
767 4991 1037 5047 similiter.
1088 4990 1167 5046 Ne
1214 4991 1403 5046 timeas
1431 5007 1560 5061 ergo
1590 4993 1751 5049 mala.
1783 4989 1839 5047 Si

267 5090 429 5137 autem
459 5084 561 5138 hoc
592 5081 830 5137 nondum
865 5080 1124 5146 admittis,
1152 5081 1280 5136 illud
1305 5081 1494 5136 saltem
1535 5083 1709 5157 cogita
1731 5123 1744 5145 ,
1772 5082 1840 5135 il-

269 5168 366 5226 lum
387 5183 440 5228 et
462 5173 657 5228 Filium
683 5187 824 5239 esse,
853 5182 907 5227 et
928 5171 1096 5241 diligi.
1124 5171 1224 5225 Hic
1250 5181 1327 5227 est
1355 5173 1522 5239 enim,
1549 5173 1645 5240 ait,
1670 5171 1841 5227 Filius

270 5277 395 5319 meus
438 5264 669 5320 dilectus.
716 5264 770 5320 Si
813 5280 940 5319 vero
984 5264 1239 5334 diligitur,
1310 5280 1381 5322 ne
1420 5266 1625 5320 timeas.
1674 5265 1840 5321 Nemo

271 5353 400 5408 enim
426 5371 581 5425 quem
624 5355 830 5426 diligit,
863 5355 1063 5425 abjicit.
1094 5355 1172 5409 Ne
1204 5355 1433 5411 turberis
1461 5371 1589 5425 ergo
1623 5374 1637 5412 :
1667 5373 1839 5426 quan-

273 5447 452 5502 tumvis
477 5449 620 5503 enim
656 5448 846 5517 diligas
865 5488 879 5511 ,
909 5462 1013 5502 non
1049 5447 1225 5518 diligis
1250 5460 1372 5501 Cum
1406 5457 1462 5500 ut
1489 5447 1646 5505 Pater
1676 5448 1842 5517 ipsius

272 5531 445 5607 diligit.
474 5536 538 5593 In
565 5555 665 5611 quo
702 5539 828 5592 mihi
872 5536 1180 5605 complacui.
1207 5537 1321 5592 Non
1346 5538 1489 5593 enim
1515 5538 1688 5593 solum
1719 5539 1843 5593 dili-

331 5708 398 5775 (ίὲ)
430 5717 510 5771 Qui
544 5716 734 5766 uncinis
769 5713 1005 5765 clauditur
1042 5712 1178 5775 locus
1200 5712 1358 5775 deest
1396 5712 1445 5762 in
1467 5712 1639 5775 Editis,
1663 5721 1752 5766 sed
1778 5730 1845 5766 ex

276 5768 663 5887 Sotimus
702 5785 808 5827 Mss.
847 5783 1115 5838 excerptas
1141 5773 1253 5835 fuit,
1287 5781 1464 5841 estque
1501 5768 1847 5847 sane'alicujus

1222 359 1294 415 IN
1333 351 1742 413 lllA'I'TllAEUM
1786 349 2015 406 HOMIL.
2058 345 2191 402 LVI.
2235 346 2305 400 al.
2352 342 2509 400 LV'll.

3414 348 3513 403 55$

1928 466 2006 538 git
2047 480 2169 522 eum
2196 505 2212 532 ,
2249 464 2372 535 quia
2407 462 2627 534 genuit,
2676 463 2771 518 sed
2819 462 2937 533 quia
2989 471 3042 518 et
3082 462 3303 533 aequalis
3331 474 3414 520 cst
3444 463 3519 519 illi

1931 559 2188 625 cumino,
2233 566 2287 612 et
2316 556 2554 627 ejusdem
2600 555 2907 610 voluntatis.
2942 555 3145 626 Duplex
3190 556 3371 625 igitur,
3413 555 3522 609 imo

1934 651 2121 721 triplex
2171 656 2251 702 est
2303 646 2604 701 dilectionis
2648 655 3022 717 argumentum
3075 664 3089 699 :
3136 648 3258 716 quia
3314 645 3520 708 Filius,

1931 741 2052 810 quia
2080 740 2326 804 dilectus,
2347 738 2467 808 quia
2498 738 2549 791 in
2569 738 2683 807 ipso
2705 738 2802 792 sibi
2821 738 3163 808 complacuit.
3192 737 3328 806 Quid
3362 752 3523 807 porro

1932 832 2198 901 signiﬁcat
2251 831 2378 885 illud
2409 873 2422 895 ,
2457 833 2523 883 In
2565 847 2661 900 quo
2687 831 2813 884 mihi
2842 831 2962 884 bene
3006 830 3342 901 complacui?
3374 831 3451 884 Ac
3480 830 3523 882 si

1932 925 2175 990 diceret,
2225 923 2281 977 ln
2313 938 2418 994 quo
2447 923 2665 993 quiesco
2685 964 2700 990 ,
2743 939 2848 993 quo
2872 923 3108 978 oblcctor
3129 964 3142 982 .
3187 923 3277 992 qui
3308 924 3526 976 omnino

1933 1016 2153 1085 aequalis
2201 1015 2327 1069 mihi
2360 1024 2442 1069 est
2462 1055 2476 1078 ,
2505 1024 2559 1069 et
2589 1014 2730 1084 quod
2761 1030 2920 1070 unam
2948 1030 3068 1069 cum
3096 1014 3252 1070 Patre
3280 1015 3525 1068 volunta-

1936 1117 2042 1161 tem
2087 1106 2303 1172 habent,
2352 1114 2406 1161 et
2453 1105 2593 1175 quod
2626 1104 2792 1159 Filius
2821 1120 3066 1171 manens,
3111 1120 3276 1160 unum
3308 1105 3528 1162 cumino

1934 1196 2003 1251 sit
2057 1213 2179 1252 cum
2225 1195 2499 1252 Genitore.
2536 1194 2757 1265 Ipsum,
2791 1195 2995 1265 inquit,
3029 1195 3216 1248 audite.
3262 1194 3442 1262 Quare
3482 1194 3531 1248 si

1934 1288 2173 1358 cruciligi
2222 1288 2446 1343 voluerit
2473 1330 2488 1355 ,
2539 1302 2605 1341 ne
2634 1287 2882 1342 obsistas.
2911 1285 2964 1341 6.
3006 1284 3077 1339 Et
3109 1286 3367 1340 audientes
3396 1286 3528 1341 ceci-

1934 1379 2114 1434 derunt
2134 1381 2185 1434 in
2216 1377 2370 1450 [acies
2398 1395 2536 1443 suas,
2561 1387 2606 1432 et
2631 1378 2903 1432 timuerunt
2925 1376 3093 1432 valde.
3116 1377 3168 1431 7.
3202 1376 3266 1430 Et
3288 1377 3529 1431 accedens

1933 1470 2120 1536 Jesus,
2155 1471 2313 1542 tetigit
2357 1486 2461 1535 eos,
2508 1478 2554 1523 et
2591 1470 2720 1523 dixit
2760 1485 2778 1523 :
2809 1467 3035 1540 Surgite,
3079 1478 3125 1522 et
3154 1469 3308 1523 nolite
3332 1470 3529 1523 timere.

1936 1565 1987 1618 8.
2023 1563 2267 1617 Levantes
2303 1574 2472 1617 autem
2496 1564 2671 1616 oculos
2700 1579 2838 1626 suos,
2882 1563 3131 1616 neminem
3158 1563 3391 1617 viderunt
3429 1563 3529 1617 nisi

1936 1657 2098 1710 solum
2119 1655 2151 1709 J
2157 1673 2318 1711 esum.

2007 1752 2058 1806 4.
2093 1750 2374 1817 Quomodo
2412 1749 2530 1806 hanc
2568 1749 2850 1806 audientes
2891 1750 3121 1820 perculsi
3169 1750 3347 1805 sunt?
3399 1749 3526 1807 Nam

1936 1842 2162 1897 antehac
2188 1843 2387 1898 emissa
2416 1842 2512 1897 fuit
2540 1857 2644 1898 vox
2677 1842 2798 1899 talis
2840 1842 2892 1897 in
2920 1842 3154 1898 Iordane
3182 1859 3196 1909 ;
3230 1844 3397 1900 tur-ba:
3436 1844 3532 1898 ad-

1936 1944 2107 2001 erant,
2136 1950 2293 1989 ncmo
2314 1934 2585 2005 quidpiam
2616 1934 2720 1988 tale
2749 1949 2937 2005 passus
2965 1945 3047 1989 est
3079 1953 3092 1989 :
3122 1943 3176 1989 et
3200 1945 3384 2005 postea
3411 1952 3531 1990 rur-

1937 2045 2050 2085 sum
2070 2071 2085 2095 ,
2111 2029 2322 2100 quando
2349 2029 2545 2084 tonitru
2576 2028 2770 2083 factum
2800 2028 2962 2083 fuisse
2993 2028 3276 2094 dicebant;
3311 2027 3404 2084 scd
3433 2044 3531 2084 nec

1939 2131 2062 2177 tunc
2086 2121 2211 2192 quid
2240 2122 2414 2176 simile
2441 2130 2563 2175 sunt
2588 2121 2751 2189 passi.
2777 2118 3057 2186 Quomodo
3085 2120 3245 2189 igitur
3272 2120 3322 2173 in
3347 2130 3530 2175 monte

1938 2215 2284 2269 ceciderunt?
2329 2213 2459 2280 Quia
2491 2222 2545 2268 et
2582 2212 2813 2267 solitudo
2833 2254 2849 2279 ,
2881 2223 2935 2267 et
2979 2212 3203 2267 altitudo
3235 2214 3452 2280 montis,
3478 2222 3532 2266 et

1937 2308 2088 2378 quies
2118 2323 2306 2378 magna
2348 2316 2497 2373 erat,
2527 2314 2582 2361 et
2627 2305 3025 2374 transﬁguratio
3072 2304 3295 2359 horrore
3336 2305 3527 2374 plena,

1938 2411 1989 2457 et
2029 2402 2115 2455 lux
2146 2402 2423 2466 inuneusa,
2458 2410 2511 2455 et
2556 2399 2726 2454 nubes
2760 2408 2979 2454 extensa
3012 2417 3024 2452 :
3057 2414 3175 2468 quae
3202 2399 3380 2453 omnia
3411 2399 3530 2454 illos

1939 2494 1990 2548 in
2035 2509 2287 2564 pavorem
2346 2507 2598 2563 magnum
2654 2492 3019 2560 coniecerunt.
3075 2488 3320 2560 Undique
3363 2501 3532 2545 terror

1938 2588 2244 2651 oriebatur,
2277 2594 2332 2642 et
2370 2586 2683 2641 ceciderunt
2713 2585 2884 2639 territi
2927 2583 3086 2640 simul
3122 2594 3176 2639 et
3218 2583 3526 2640 adorantes.

1940 2679 2015 2735 Ne
2060 2694 2219 2748 porro
2247 2679 2408 2733 timor
2439 2679 2527 2733 ille
2554 2678 2596 2732 si
2628 2677 2719 2731 diu
2751 2677 3070 2742 mansisset,
3101 2691 3281 2731 rerum
3322 2692 3527 2731 memo-

1939 2773 2069 2827 riam
2117 2771 2353 2836 deleret,
2397 2771 2575 2825 Sltllitll
2618 2771 2738 2825 illos
2777 2785 2805 2825 a
2839 2780 3042 2825 terrore
3083 2769 3350 2833 liberavit.
3385 2769 3531 2826 solus

1942 2865 2054 2934 ipse
2083 2864 2410 2934 conspicitur
2435 2906 2451 2931 ,
2482 2862 2803 2933 mandatque
2830 2863 2958 2933 ipsis
2991 2871 3047 2917 ut
3093 2863 3291 2918 nemini
3323 2861 3530 2927 dicant.

1939 2956 2109 3010 donec
2151 2974 2177 3008 a
2227 2955 2452 3010 mortuis
2499 2963 2822 3025 resurgeret.
2879 2952 2956 3024 (a)
3001 2953 3054 3008 9.
3108 2951 3536 3011 Descendenlibus

1940 3046 2080 3102 enim
2124 3047 2228 3101 illis
2254 3046 2318 3101 de
2360 3056 2560 3113 monte,
2602 3046 2838 3116 prtecepit
2865 3046 2937 3099 eis
2979 3055 3033 3098 ut
3067 3045 3255 3099 nemini
3291 3045 3533 3110 dicereut,

1940 3138 2096 3193 donec
2125 3141 2233 3207 ipse
2259 3154 2289 3191 a
2332 3138 2543 3191 mortuis
2572 3146 2868 3208 resurgeret.
2924 3136 3057 3192 Nam
3088 3146 3289 3207 quanto
3330 3136 3535 3206 majora

1939 3229 2007 3283 de
2051 3229 2143 3283 illo
2186 3228 2573 3292 narrabantur,
2623 3237 2769 3283 tanto
2815 3227 3022 3284 creditu
3068 3227 3372 3284 difﬁciliora
3410 3238 3536 3285 tunc

1940 3321 2125 3376 multis
2167 3330 2320 3376 erant
2360 3338 2373 3374 :
2419 3319 2729 3375 scandalum
2774 3328 2954 3375 autem
2995 3321 3171 3376 crucis
3200 3323 3371 3392 magis
3411 3321 3535 3378 inde

1941 3411 2238 3467 crescebat.
2263 3410 2466 3466 ldcirco
2484 3410 2842 3481 tacerejubet,
2876 3426 3051 3483 neque
3069 3396 3406 3481 simpliciter.
3436 3412 3533 3468 sed

1944 3519 2126 3558 rursus
2176 3504 2477 3573 passionem
2526 3518 2987 3569 commemorans,
3044 3519 3106 3558 ac
3155 3503 3269 3559 fere
3320 3519 3534 3558 causam

1942 3594 2126 3651 dicens
2156 3611 2252 3650 cur
2292 3605 2469 3651 tacere
2491 3594 2724 3668 juberet.
2775 3595 2957 3667 Neque
3003 3595 3145 3651 enim
3183 3595 3337 3665 jubet
3383 3612 3537 3661 num-

1943 3702 2103 3756 quam
2136 3687 2250 3741 lnec
2278 3688 2507 3760 cuipiam
2542 3686 2723 3743 dicere
2744 3729 2758 3755 ,
2789 3688 2881 3742 sed
2914 3687 3087 3743 donec
3116 3688 3227 3758 ipse
3257 3704 3285 3742 a
3313 3691 3537 3749 mortuis

1945 3786 2267 3848 resurgeret.
2299 3779 2475 3848 Atque
2510 3778 2599 3835 hic
2627 3778 2768 3849 quod
2807 3778 2999 3834 durum
3028 3791 3137 3834 erat
3172 3788 3371 3841 tacens.
3396 3783 3536 3850 quod

1937 3868 2237 3938 jucundum
2266 3878 2383 3924 erat
2419 3879 2624 3923 tantum
2655 3870 2807 3923 dixit.
2840 3870 2976 3938 Quid
3018 3886 3145 3941 ergo
3175 3882 3356 3941 postea
3385 3875 3408 3926 ἲ
3436 3887 3536 3927 an-

1946 3978 2050 4017 non
2077 3962 2385 4017 scandalum
2420 3963 2627 4032 passuri
2667 3972 2819 4017 erant
2849 3965 2872 4016 ?
2901 3963 3264 4034 Nequaquam.
3304 3964 3537 4038 Tempps

1945 4069 2157 4110 crucem
2193 4053 2504 4124 praecedens
2543 4063 2748 4109 tantum
2791 4059 3167 4126 quatrebatur:
3201 4072 3322 4111 nam
3356 4069 3537 4128 postea

1943 4146 2143 4215 Spiritu
2167 4158 2354 4200 sancto
2383 4145 2580 4216 dignati
2609 4155 2751 4209 sunt,
2782 4159 2834 4201 et.
2864 4148 3138 4217 signorum
3161 4164 3345 4203 vocem
3376 4150 3538 4206 liabe-

1948 4239 2075 4293 bant
2094 4238 2193 4293 sibi
2222 4238 2667 4311 patrocinantem,
2695 4249 2853 4310 atque
2882 4240 3060 4299 omnia
3089 4256 3208 4311 qua:
3235 4250 3360 4296 tunc
3389 4242 3536 4305 dice-

1946 4331 2075 4387 bant
2100 4329 2453 4399 acceptabilia
2480 4339 2657 4397 erant,
2685 4344 2808 4385 cum
2837 4345 2923 4385 res
2970 4332 3098 4401 ipsa:
3129 4331 3346 4398 clarius,
3375 4349 3536 4403 quam

1950 4422 2072 4479 tuba
2094 4421 2365 4492 quaelibet,
2395 4421 2513 4492 ejus
2538 4423 2829 4492 potentiam
2858 4423 3232 4493 praedicarent,
3271 4441 3370 4481 nec
3397 4443 3536 4498 quo-

1950 4510 2089 4585 piam
2122 4512 2513 4569 interveniente
2542 4514 2884 4570 ollendiculo.

2017 4605 2205 4660 Christi
2245 4604 2487 4659 adventus
2524 4607 2771 4661 secundus
2809 4624 2961 4678 quant
2999 4609 3268 4680 gloriosus.
3296 4641 3367 4652 —
3394 4610 3534 4666 Nihil

1948 4714 2075 4768 ergo
2100 4697 2355 4769 apostolis
2387 4697 2591 4752 beatius
2616 4740 2632 4766 ,
2662 4700 2999 4772 maximeque
3034 4702 3200 4757 tribus
3228 4703 3328 4757 illis
3355 4705 3444 4774 qui
3486 4705 3537 4759 in

1948 4789 2088 4843 nube
2114 4788 2290 4858 obtegi
2327 4804 2427 4843 una
2455 4804 2575 4845 cum
2621 4790 2845 4845 Domino
2897 4792 3095 4862 dignati
3148 4802 3294 4850 sunt.
3344 4794 3449 4851 Sed
3497 4798 3541 4852 si

1949 4880 2192 4943 velimus,
2233 4894 2331 4932 nos
2371 4894 2582 4949 quoque
2631 4879 2899 4936 Christum
2948 4882 3247 4939 videbimus
3280 4901 3294 4939 :
3332 4901 3441 4941 non
3486 4899 3544 4941 ut

1949 4971 2021 5024 illi
2048 4981 2171 5024 tunc
2216 4972 2268 5033 in
2314 4982 2526 5036 monte,
2569 4973 2661 5028 sed
2691 4973 2857 5028 multo
2883 4975 3337 5044 splendidiorem:
3368 4996 3544 5051 neque

1949 5063 2091 5116 enim
2122 5064 2198 5116 sic
2227 5072 2499 5131 postremo
2524 5064 2722 5119 veniet.
2754 5065 2887 5120 Nam
2922 5075 3044 5123 tunc
3064 5068 3341 5141 discipulis
3379 5089 3440 5128 se
3467 5086 3547 5129 at-

1949 5164 2254 5225 temperans
2284 5163 2486 5210 tantum
2513 5156 2851 5226 splendorem
2879 5158 3085 5227 ell‘udit,
3109 5173 3366 5233 quantum
3395 5176 3548 5235 pote-

1949 5255 2069 5301 rant
2097 5246 2174 5300 illi
2200 5244 2339 5302 ferre
2365 5263 2379 5312 ;
2413 5248 2464 5301 in
2492 5257 2734 5303 extremo
2760 5261 2938 5309 autem
2969 5262 3209 5325 tempore
3244 5257 3295 5311 in
3325 5260 3543 5332 propria

1952 5339 2125 5395 Patris
2150 5339 2320 5409 gloria
2346 5341 2546 5406 veniet,
2578 5358 2683 5397 non
2712 5358 2832 5399 cum
2861 5345 3042 5416 Moyse
3067 5356 3121 5402 et
3149 5346 3262 5403 Elia
3295 5358 3495 5404 tantum
3529 5393 3542 5409 .

1950 5431 2045 5486 sed
2076 5446 2196 5486 cum
2226 5432 2488 5486 immenso
2509 5435 2822 5504 angelorum
2849 5438 3092 5492 exercitu
3116 5480 3130 5503 ,
3161 5454 3279 5493 cum
3312 5441 3533 5494 archan-

1950 5523 2084 5592 gelis
2108 5564 2121 5587 ,
2156 5537 2276 5577 CIIII]
2306 5521 2623 5579 Cbernbinis
2647 5567 2663 5592 ,
2705 5540 2824 5581 cum
2857 5526 3161 5597 huiusmodi
3205 5529 3546 5586 multitudine

1953 5612 2157 5666 inﬁnita
2180 5631 2194 5679 ;
2220 5628 2324 5667 non
2348 5629 2465 5667 cum
2491 5615 2631 5669 nube
2653 5624 2814 5686 caput
2835 5620 3131 5687 operiente,
3157 5618 3249 5672 sed
3270 5621 3385 5688 ipso
3409 5627 3545 5677 caelo

1953 5710 2247 5761 contracto.
2284 5703 2416 5758 Nam
2444 5706 2717 5760 sicutcum
2738 5704 2951 5772 iudices
2988 5707 3198 5777 publice
3222 5710 3542 5767 sententiam

2016 5839 2089 5903 (a)
2121 5840 2385 5905 Sequentia
2410 5853 2498 5899 per
2521 5838 2937 5899 hornwoteleutun
2961 5843 3171 5897 deerant
3196 5852 3244 5897 in
3267 5848 3426 5899 Morel.
