4034 6422
543 373 648 428 555

505 489 797 561 'prolatnri
845 499 988 557 sunt,
1034 489 1121 560 qui
1173 488 1387 544 adstant
1433 491 1654 544 remotis
1704 489 1867 557 velis,
1905 506 1982 545 sic
2014 489 2134 543 illos

541 583 788 638 otnnibus
826 580 1234 652 conspiciendus
1277 581 1516 651 praebent
1553 599 1566 635 :
1597 581 1668 635 ita
1697 589 1751 636 et
1797 593 1922 635 tunc
1947 595 2136 636 omnes

541 675 687 728 illum
718 673 994 728 sedentem
1025 672 1300 736 videbunt,
1338 683 1394 727 et
1419 682 1526 726 tota
1551 671 1782 730 humana
1827 684 2012 726 natura
2057 673 2133 726 si-

539 777 731 829 stetur,
764 767 983 837 ipseque
1022 782 1117 837 per
1161 781 1220 821 se
1266 764 1372 819 illis
1403 763 1785 834 respondebit;
1823 774 1984 833 atque
2017 763 2133 818 aliis

537 860 681 916 dicet
718 879 731 916 :
777 859 966 928 Venite,
998 859 1244 914 benedicti
1273 858 1443 912 Patris
1490 861 1587 912 mei
1628 874 1646 912 :
1684 859 1867 912 esurivi
1893 859 2024 912 enim
2045 900 2060 923 ,
2087 867 2133 912 et

538 953 747 1024 ttulistis
795 952 920 1006 mihi
960 953 1271 1007 manducare
1313 950 1523 1024 (Matth.
1555 951 1646 1006 25.
1679 951 1772 1020 54)
1807 968 1819 1004 :
1853 951 1970 1005 aliis
2004 965 2133 1006 vero

534 1023 680 1100 dicet
721 1062 737 1100 :
777 1044 922 1118 Euge
945 1087 962 1112 ,
986 1063 1124 1101 serve
1150 1045 1276 1100 bone
1304 1023 1351 1099 et
1371 1045 1538 1114 ﬁdelis
1561 1084 1576 1107 ,
1615 1061 1767 1115 super
1799 1059 1963 1114 pauca
1989 1043 2133 1115 fuisti

536 1135 726 1205 ﬁdelis,
754 1154 908 1206 super
933 1139 1095 1192 multa
1127 1147 1172 1191 te
1196 1138 1498 1192 constituam
1521 1133 1680 1206 (Ibid.
1714 1151 1761 1189 υ.
1786 1133 1904 1204 21).
1931 1134 2130 1190 Contra

537 1245 666 1285 vero
693 1230 814 1285 aliis
843 1247 856 1284 :
887 1229 969 1285 Ite
991 1232 1043 1285 in
1075 1233 1245 1302 ignem
1286 1241 1528 1284 (uernum
1556 1238 1791 1299 paratum
1836 1227 2039 1282 diabolo
2082 1237 2131 1281 et

535 1323 734 1394 angelis
752 1324 863 1394 ejus
891 1322 1052 1394 (Ibid.
1082 1340 1130 1378 υ.
1167 1322 1293 1394 4ης
1324 1323 1444 1377 aliis
1469 1337 1599 1377 vero
1617 1364 1632 1388 ,
1664 1322 1822 1377 Serve
1848 1337 2063 1390 nequam
2085 1329 2131 1375 et

537 1416 679 1488 piger
704 1415 869 1487 (Ibid.
905 1431 953 1470 υ.
979 1415 1096 1486 96).
1126 1414 1194 1469 Et
1219 1415 1356 1469 alios
1397 1413 1612 1485 quidem
1654 1412 1977 1478 dissecabit,
2025 1421 2132 1466 tra-

537 1511 733 1580 detque
765 1509 1084 1574 tortoribus;
1107 1509 1243 1563 alios
1263 1523 1392 1562 vero
1418 1507 1592 1578 ligatis
1622 1507 1868 1562 manibus
1895 1515 1950 1560 et
1979 1505 2129 1577 pedi-

543 1601 642 1656 bus
675 1601 885 1670 jubebit
924 1601 1108 1671 projici
1155 1602 1207 1655 in
1240 1600 1488 1655 tenebras
1531 1599 1845 1654 exteriores.
1899 1599 1966 1653 Et
2012 1607 2131 1668 post

541 1695 773 1750 securim
803 1695 986 1748 fornax
1019 1693 1275 1763 excipiet,
1307 1707 1370 1747 ac
1394 1708 1514 1761 quae
1553 1706 1582 1746 a
1613 1706 1807 1761 sagena
1839 1690 2129 1761 projiciun-

538 1797 644 1854 tur,
677 1787 801 1843 illuc
829 1787 1042 1842 cadent.
1068 1784 1211 1840 Tunc
1224 1785 1352 1857 justi
1373 1782 1632 1855 fulgebunt
1655 1784 1782 1838 sicut
1810 1783 1888 1837 sol
1913 1781 2126 1852 (Matth.

538 1879 628 1934 15.
657 1877 780 1950 43);
811 1878 920 1938 imo
942 1878 1058 1948 plus
1079 1891 1237 1947 quam
1261 1877 1358 1931 sol.
1386 1874 1439 1930 ld
1464 1890 1593 1930 vero
1613 1874 1827 1940 dicitur,
1855 1891 1960 1928 non
1982 1873 2125 1944 quod

537 1971 626 2025 lux
670 1986 856 2026 eorum
900 1971 1058 2026 solari
1105 1985 1200 2040 par
1234 1978 1437 2024 tantum
1460 1969 1564 2037 sit;
1611 1967 1708 2024 sed
1751 1969 1874 2040 quia
1923 1977 2126 2021 astrum

539 2064 740 2120 nullum
773 2063 874 2123 hoc
901 2063 1232 2132 splendidius
1258 2061 1536 2128 habemus,
1568 2061 1636 2117 ab
1677 2061 1782 2116 hoc
1831 2070 2014 2115 notum
2053 2059 2131 2114 fa-

535 2171 659 2211 cere
707 2155 872 2210 volnit
911 2154 1144 2210 futurum
1185 2165 1492 2210 sanctorum
1519 2153 1882 2224 splendorem.
1910 2151 2043 2207 Nam
2075 2153 2128 2208 in

537 2260 718 2303 tuonte
745 2263 959 2318 quoque
982 2290 996 2313 ,
1020 2262 1140 2303 cum
1166 2247 1326 2314 dixit,
1359 2247 1691 2318 Respieitduit
1713 2256 1768 2300 ut
1801 2247 1878 2301 sul
1900 2289 1912 2309 ,
1943 2245 2128 2301 eadem

535 2339 603 2393 de
633 2354 792 2394 causa
819 2339 898 2393 sic
925 2339 1176 2409 loquutus
1202 2346 1304 2395 cst.
1333 2337 1465 2393 Nam
1483 2337 1624 2408 quod
1648 2337 1820 2408 major
1845 2338 1938 2391 lux
1962 2345 2127 2400 esset,

535 2445 710 2498 quam-
726 2446 786 2486 ea
812 2448 930 2502 qua:
958 2432 1010 2489 in
1047 2431 1296 2502 exemplo
1321 2431 1521 2497 fertur,
1569 2431 1838 2488 testificati
1881 2441 2006 2486 sunt
2044 2431 2128 2486 di-

535 2526 728 2595 scipuli
757 2526 1032 2582 cadentes.
1072 2525 1127 2581 Si
1155 2541 1317 2596 porro
1347 2541 1453 2581 non
1495 2526 1754 2582 immensa
1783 2526 1876 2582 lux
1905 2526 2127 2592 fuisset,

535 2616 632 2673 scd
651 2618 782 2676 solis
807 2617 913 2672 luci
938 2633 1051 2686 par,
1077 2634 1183 2672 non
1205 2617 1544 2685 cecidissent,
1569 2619 1662 2674 sed
1681 2617 1838 2674 facile
1859 2618 2125 2674 tulissent.

536 2709 671 2765 .lusti
703 2709 864 2780 igitur
893 2719 1017 2766 tunc
1045 2709 1327 2782 fulgebunt
1373 2713 1509 2767 sicut
1546 2712 1650 2779 sol,
1703 2722 1758 2768 et
1804 2713 1922 2783 plus
1966 2727 2128 2784 quam

537 2801 618 2856 sol
651 2819 665 2855 :
693 2813 1004 2872 peccatores
1033 2818 1164 2858 vero
1192 2812 1433 2858 extrema
1480 2805 1768 2875 patientur.
1815 2804 1968 2860 Tunc
2024 2819 2130 2860 non

537 2895 937 2958 commentariis
970 2909 1104 2964 Opus
1147 2896 1288 2962 erit,
1316 2911 1421 2950 non
1446 2897 1796 2967 argumentis,
1826 2912 1932 2951 non
1976 2897 2130 2953 testi-

540 2988 638 3041 bus
666 3004 681 3053 ;
705 3002 826 3042 nam
860 2989 974 3058 ipse
999 2988 1158 3058 iudex
1188 2989 1368 3044 omnia
1393 2999 1495 3056 est,
1540 2991 1714 3054 testis,
1753 3001 2128 3062 argumentum

538 3087 594 3133 ct
616 3078 802 3149 iudex.
837 3078 1026 3134 Omnia
1056 3081 1252 3151 quippe
1281 3081 1425 3137 clare
1460 3083 1608 3137 novit
1633 3083 1723 3138 ille
1751 3103 1765 3138 :
1793 3099 1915 3138 nam
1945 3082 2133 3138 Omnia

538 3171 678 3232 nuda
723 3181 771 3225 et
813 3180 988 3240 aperta
1034 3182 1152 3226 sum
1199 3173 1358 3228 oculis
1405 3175 1514 3245 ejus
1556 3173 1742 3245 (Hebr.
1771 3176 1824 3231 4.
1857 3177 1982 3247 15);
2023 3193 2130 3232 non

537 3265 686 3326 dives
707 3307 722 3332 ,
755 3280 861 3320 non
889 3281 1092 3336 pauper
1116 3307 1132 3332 ,
1165 3281 1271 3321 non
1303 3276 1492 3336 potens
1512 3308 1527 3334 ,
1559 3282 1666 3324 non
1703 3268 1978 3334 infirmus,
2023 3284 2130 3324 non

537 3358 754 3428 sapiens
774 3401 788 3423 ,
821 3374 926 3413 non
958 3358 1214 3427 insipiens
1233 3399 1249 3424 ,
1279 3373 1382 3412 non
1410 3373 1619 3425 servus,
1650 3375 1757 3414 non
1785 3360 1940 3428 liber,
1974 3376 2132 3416 nemo

537 3449 649 3502 illic
686 3449 982 3518 apparebit,
1032 3448 1127 3503 scd
1173 3449 1257 3504 his
1310 3449 1552 3519 personis
1590 3450 1866 3518 contritis,
1909 3467 2131 3522 operum

541 3550 746 3595 tantum
771 3556 994 3597 examen
1036 3541 1158 3596 erit.
1187 3540 1318 3595 Nam
1349 3541 1395 3595 si
1421 3543 1472 3596 in
1499 3541 1748 3611 judiciis,
1780 3558 1900 3597 cum
1923 3544 2040 3613 quis
2067 3543 2134 3599 de

542 3632 824 3704 tyrannide
872 3641 965 3687 aut
1017 3633 1084 3687 de
1137 3635 1283 3688 cmde
1324 3649 1541 3689 causam
1588 3633 1760 3700 dicit,
1811 3635 2134 3709 quicumque

542 3728 724 3794 fuerit,
754 3727 867 3783 sive
898 3726 1202 3798 praefectus,
1233 3727 1347 3782 sive
1365 3727 1574 3793 consul,
1597 3727 1714 3783 sive
1739 3727 1948 3798 quidvis
1966 3728 2130 3796 aliud,

543 3821 723 3878 omnia
749 3821 965 3877 avolant
993 3820 1219 3891 insignia
1246 3819 1539 3892 dignitatis,
1570 3830 1625 3877 et
1652 3822 1739 3892 qui
1767 3822 2134 3891 deprehensus

542 3928 659 3983 est,
690 3925 965 3972 extremas
991 3915 1079 3972 dat
1107 3929 1294 3987 poenas
1319 3932 1334 3970 :
1362 3914 1532 3971 multo
1557 3918 1728 3988 magis
1765 3916 1836 3972 ibi
1864 3930 1951 3971 res
1980 3916 2050 3971 ita
2075 3931 2134 3972 se

542 4009 776 4064 habebit.

615 4102 668 4156 5.
717 4100 886 4155 Virtus
929 4098 1098 4170 facilis
1117 4141 1132 4166 ,
1159 4099 1380 4169 nequitia
1407 4115 1636 4153 onerosa.
1685 4097 1874 4154 Contra
1903 4116 2131 4154 usuram.

543 4221 616 4233 --
644 4191 699 4246 ld
722 4206 790 4246 ne
815 4190 929 4257 fiat,
959 4205 1237 4260 ponamus,
1268 4188 1514 4252 obsecro,
1545 4189 1789 4245 sordidas
1837 4199 2050 4260 vestes,
2081 4200 2136 4247 et

544 4283 826 4338 induamur
871 4296 1021 4335 arma
1075 4280 1229 4346 lucis,
1286 4289 1340 4335 et
1391 4281 1561 4350 gloria
1610 4279 1704 4335 Dei
1751 4281 1966 4336 amiciet
2012 4296 2132 4337 nos.

544 4375 683 4443 Quid
708 4376 850 4430 enim
878 4390 944 4429 ex
969 4374 1250 4444 pr:cceptis
1280 4387 1441 4443 grave
1459 4372 1484 4424 ?
1504 4370 1629 4443 quid
1651 4387 1754 4426 non
1787 4373 2135 4430 facileiAudi

548 4470 708 4540 igitur
730 4467 857 4538 quid
878 4467 1017 4522 dicat
1037 4466 1293 4536 propheta
1313 4505 1329 4530 ,
1355 4472 1411 4519 et
1439 4475 1565 4519 tunc
1595 4463 1900 4520 facilitatem
1931 4465 2135 4521 intelli-

547 4579 681 4635 ges:
714 4560 892 4632 Neque
926 4561 970 4614 si
1007 4558 1344 4613 incunaveris
1371 4598 1387 4624 ,
1415 4558 1562 4628 quasi
1609 4557 1894 4625 circulum,
1946 4559 2138 4614 collum

549 4667 712 4719 tuum,
739 4663 785 4708 et
803 4668 1006 4708 saccum
1029 4660 1076 4704 et
1104 4651 1320 4704 cinerem
1344 4648 1692 4717 substraveris,
1715 4667 1875 4722 neque
1893 4651 1966 4706 sic
1989 4652 2138 4706 uoca-

549 4748 624 4805 bis
634 4745 889 4817 jejunium
916 4742 1251 4813 acceptubile‘
1273 4758 1290 4795 :
1310 4741 1398 4796 sed
1421 4743 1558 4796 solve
1587 4759 1734 4796 omne
1758 4743 2010 4798 vinculum
2039 4745 2140 4799 ini-

550 4839 754 4909 quitatis
777 4879 792 4902 ,
839 4837 1054 4890 dissolve
1097 4835 1426 4906 obligationes
1471 4834 1805 4890 uiolentarum
1847 4839 2138 4908 pactionum

551 4930 703 5006 (lsai.
737 4927 824 4985 58.
856 4928 909 4984 5.
945 4927 1025 4998 6).
1055 4925 1188 4983 Vide
1232 4925 1504 5000 propheta:
1531 4927 1868 4995 sapientiam.
1899 4928 2138 4986 Onerosa

551 5024 703 5096 prius
747 5019 923 5091 posuit
966 5031 1022 5076 et
1071 5019 1321 5087 sustulit,
1356 5029 1410 5075 et
1457 5035 1488 5074 a
1542 5019 1865 5076 facilioribus
1910 5023 2136 5079 salutem

549 5113 806 5182 consequi
832 5119 1001 5183 rogat,
1033 5112 1344 5177 ostendens,
1393 5127 1498 5164 non
1545 5110 1758 5168 labores
1807 5113 1997 5181 Deum,
2043 5115 2138 5171 sed

549 5203 908 5260 obedientiam
935 5209 1248 5273 exposcere.
1281 5203 1484 5258 Deinde
1513 5212 1572 5259 ut
1599 5215 1990 5262 commonstret
2035 5209 2142 5263 vir—

555 5307 722 5351 tutem
763 5295 993 5356 facilem,
1051 5294 1339 5364 nequitiam
1389 5311 1516 5348 vero
1571 5312 1856 5354 onerosam
1911 5314 2052 5366 esse,
2108 5315 2138 5354 a

552 5387 709 5442 nudis
739 5386 1045 5441 nominibus
1085 5385 1136 5440 id
1179 5384 1423 5440 adstruit.
1451 5385 1700 5457 Nequitia
1723 5388 1864 5442 enim
1886 5429 1904 5454 ,
1937 5390 2138 5459 inquit,

550 5493 634 5539 est
653 5481 922 5536 vinculum
954 5488 1009 5535 et
1036 5475 1308 5548 obligatio,
1343 5478 1510 5537 virtus
1532 5488 1708 5534 autem
1740 5481 1806 5533 ab
1836 5481 1918 5537 his
1940 5482 2140 5538 libera-

555 5577 629 5632 tio
655 5585 709 5630 et
738 5572 952 5630 solutio.
986 5571 1199 5625 Omnem
1227 5569 1568 5641 syngrapham
1595 5570 1840 5638 iniustam
1870 5572 2096 5641 discerpe
2121 5615 2138 5638 ,

554 5670 816 5726 l'wnorum
837 5675 892 5724 et
913 5679 1195 5733 usurarum
1212 5663 1468 5732 rescripta
1489 5662 1568 5718 sic
1591 5663 1882 5733 appellans.
1911 5664 2144 5721 Dissolve

621 5801 636 5830 ¹
673 5796 857 5858 norel.,
871 5813 1024 5863 neque
1045 5800 1116 5863 sic
1138 5797 1328 5850 vocabis
1345 5794 1643 5863 sacriﬁcium
1661 5799 1970 5863 acceptabile.
1994 5808 2142 5863 Unus,

557 5872 706 5922 neque
730 5874 799 5921 sic
828 5858 1015 5920 tacebis
1039 5862 1167 5913 diem
1189 5858 1544 5924 acceptabilem.

1299 369 1354 426 S.
1398 367 1677 426 JOANNIS
1712 365 2187 425 CHRYSOSTOMI
2226 367 2540 427 ABCIIIEP.
2586 372 3124 433 CONSTANTINOP.

3756 391 3880 446 556

2247 495 2536 562 eonfractos
2587 495 2640 548 in
2703 497 3028 565 remissione,
3083 499 3309 556 miseros
3363 505 3625 562 videlicet.
3707 511 3879 569 Talis

2242 583 2437 652 quippe
2482 585 2693 641 debitor
2736 599 2818 644 est
2851 607 2866 644 :
2894 605 3014 645 cum
3063 593 3254 649 viderit
3295 599 3613 655 creditorem
3642 647 3658 668 ,
3738 607 3877 672 ejus

2243 675 2452 730 animus
2481 676 2760 747 frangitur,
2811 682 3093 754 ipsumque
3135 689 3305 752 magis
3330 705 3487 760 quam
3521 694 3698 748 feram
3740 699 3868 750 for-

2244 766 2428 820 midat.
2475 767 2540 822 Et
2586 789 2831 841 pauperes
2875 784 3003 829 tecto
3051 790 3275 834 carentes
3318 782 3470 837 induc
3519 787 3571 838 in
3626 789 3874 842 domum

2241 1131 2364 1187 inde
2392 1143 2570 1202 partas
2595 1137 2930 1194 ostendimus
2975 1159 2989 1195 :
3037 1159 3179 1200 nunc
3209 1162 3368 1215 porro
3395 1148 3678 1206 videamus
3713 1170 3862 1209 nunt

2237 1222 2364 1291 quid
2394 1238 2460 1279 ex
2492 1229 2776 1296 praeceptis
2803 1229 3020 1288 difﬁcile
3045 1233 3116 1288 sit
3137 1276 3150 1299 ,
3197 1245 3251 1290 et
3303 1248 3549 1295 naturam
3589 1253 3863 1300 nostram

2237 1322 2473 1382 superet.
2504 1317 2611 1372 Sed
2637 1317 2769 1373 nihil
2799 1320 2976 1378 simile
3006 1323 3373 1396 inveniemus;
3406 1331 3514 1385 imo
3558 1339 3861 1392 contraria

2237 1407 2438 1474 omnia,
2487 1407 2560 1464 ita
2603 1420 2665 1466 ut
2711 1428 2831 1483 qua:
2871 1414 3118 1473 virtutem
3163 1431 3427 1491 spectant,
3455 1440 3712 1496 magnam
3750 1429 3862 1484 ha-

2236 1501 2398 1556 beant
2447 1499 2778 1573 facilitatem,
2833 1519 3020 1566 contra
3065 1527 3214 1580 vero,
3269 1531 3390 1584 qua:
3438 1518 3503 1572 ad
3535 1523 3856 1591 nequitiam

2238 1595 2507 1662 pertinent
2530 1637 2548 1664 ,
2594 1598 2826 1656 sudores
2872 1603 3149 1659 maximos.
3185 1606 3323 1674 Quid
3355 1610 3496 1664 enim
3529 1623 3611 1667 cst
3637 1615 3858 1672 difﬁci-

2236 1685 2356 1751 lius,
2388 1704 2546 1758 quam
2580 1689 2857 1761 faenerari,
2887 1709 2948 1749 ac
2973 1696 3040 1750 de
3062 1712 3220 1752 usura
3242 1711 3296 1755 et
3320 1704 3653 1770 pactionibus
3689 1709 3856 1764 solli-

2235 1776 2398 1831 citum
2443 1796 2584 1847 esse,
2629 1785 2952 1852 Sponsiones
2998 1800 3273 1858 expetere,
3315 1809 3378 1848 ac
3419 1794 3486 1850 de
3515 1799 3852 1868 pignoribus

2235 1877 2476 1926 metuere
2519 1887 2583 1927 ac
2627 1882 2876 1940 tremere,
2919 1877 2988 1933 de
3037 1890 3202 1945 sorte,
3247 1884 3314 1939 de
3361 1889 3711 1958 syngraphis,
3775 1892 3852 1946 de

2235 1960 2552 2028 faenoribus.
2581 1966 2649 2022 de
2679 1970 3054 2039 sponsionibus
3078 1974 3130 2028 '?
3155 1975 3312 2032 Tales
3356 1989 3480 2033 sunt
3524 1998 3612 2036 res
3658 1998 3850 2039 δωρο-

2235 2053 2396 2109 lares.
2433 2055 2556 2112 llzcc
2600 2074 2720 2130 qua:
2754 2061 2963 2117 videtur
3005 2066 3299 2136 excogitata
3342 2064 3601 2126 securitas
3650 2078 3849 2146 suspi-

2241 2147 2481 2203 cionibus
2513 2150 2666 2220 plena
2688 2193 2703 2218 ,
2735 2162 2788 2206 et
2813 2157 3050 2210 omnium
3079 2156 3415 2229 fragilissima
3457 2174 3566 2231 est;
3612 2166 3848 2223 miscri-

2234 2238 2471 2295 cordiam
2538 2253 2716 2298 autem
2760 2260 3014 2303 exercere
3058 2249 3214 2305 facile
3265 2256 3408 2322 est',
3458 2258 3526 2312 ab
3572 2261 3849 2331 omnique

2241 2328 2604 2388 sollicitudine
2649 2334 2858 2390 liberat.
2905 2336 2984 2394 Ne
3029 2339 3188 2410 igitur
3240 2343 3447 2400 alienas
3497 2328 3847 2406 calamitates

2238 2422 2595 2491 negoticmur,
2627 2441 2697 2482 ne
2718 2427 2772 2482 in
2796 2427 3004 2485 lucrum
3032 2441 3300 2490 vertamus
3330 2437 3418 2492 illa
3444 2453 3562 2509 qua:
3602 2442 3673 2496 ad
3730 2444 3844 2496 nii-

2236 2511 2586 2569 sericordiam
2614 2527 2880 2586 spectant.
2913 2521 3039 2576 Scio
3065 2522 3317 2593 quidem,
3348 2529 3546 2584 multos
3577 2530 3697 2586 luce
3723 2549 3842 2588 non

2237 2601 2467 2661 libenter
2493 2607 2718 2663 audire:
2745 2610 2838 2665 sed
2865 2612 2993 2682 quid
3021 2628 3086 2670 ex
3117 2615 3330 2672 silentio
3357 2618 3487 2674 lucri
3513 2623 3846 2678 accederet?
3907 2683 3915 2687 ,

2237 2696 2294 2752 Si
2326 2707 2553 2766 taceam,
2581 2709 2637 2757 et
2661 2704 2860 2760 nemini
2891 2706 3188 2763 molestiam
3210 2711 3391 2768 verbis
3419 2713 3641 2769 inferam
3670 2757 3685 2778 ,
3725 2735 3840 2773 non

2238 2800 2427 2861 potero
2480 2809 2576 2864 per
2622 2797 2896 2852 silentium
2947 2815 3042 2856 vos
3086 2817 3116 2856 a
3164 2805 3424 2873 supplicio
3461 2823 3689 2874 eruere;
3723 2811 3839 2865 imo

2237 2882 2364 2940 hinc
2390 2887 2570 2941 omnia
2612 2891 2882 2944 contraria
2909 2893 3163 2948 eveniunt
3193 2913 3206 2950 :
3237 2898 3495 2966 supplicia
3523 2911 3798 2970 augentur
3816 2943 3834 2969 ,

2238 2985 2402 3047 atque
2431 2980 2737 3048 huiusmodi
2783 2982 2980 3038 silentii
3005 3025 3020 3050 ,
3054 3001 3158 3039 non
3191 3002 3286 3040 vos
3317 2997 3518 3043 tantum
3548 3033 3563 3056 ,
3599 2991 3696 3046 sed
3729 3009 3839 3064 ego

2236 3069 2399 3123 etiam
2429 3085 2615 3140 pinnas
2639 3071 2845 3128 darem.
2874 3074 2954 3130 Ad
2986 3075 3114 3146 quid
3141 3077 3302 3148 igitur
3322 3083 3607 3136 verborum
3629 3084 3836 3140 adula-

2237 3160 2333 3224 tio,
2366 3163 2581 3232 quando
2602 3164 2692 3219 illa
2716 3164 2784 3219 ad
2810 3167 3140 3236 operandam
3170 3170 3301 3225 nihil
3317 3171 3468 3241 juvat
3489 3215 3504 3239 ,
3533 3175 3640 3229 imo
3662 3177 3836 3233 etiam

2238 3254 2448 3308 nocet?
2500 3255 2641 3324 quod
2691 3255 2898 3311 lucrum
2951 3259 3116 3315 verbo
3164 3260 3401 3318 laetitiam
3435 3305 3452 3331 ,
3501 3279 3561 3320 re
3606 3265 3836 3324 dolores

2236 3343 2474 3401 allerre?
2512 3362 2671 3403 aures
2707 3349 3014 3406 demulcere
3039 3363 3096 3408 et
3129 3355 3364 3410 animum
3391 3356 3651 3427 supplicio
3677 3360 3837 3414 addi-

2237 3439 2396 3494 cere?
2439 3440 2562 3495 ldeo
2587 3457 2809 3499 necesse
2851 3455 2935 3500 est
2979 3445 3066 3502 hic
3110 3447 3314 3515 dolere,
3365 3465 3438 3506 ne
3487 3452 3596 3507 illic
3639 3469 3835 3524 poenas

2238 3529 2444 3586 demus.
2479 3531 2611 3587 Nam
2639 3536 2839 3605 gravis,
2869 3539 3044 3607 gravis
3071 3551 3217 3596 certe
3237 3550 3294 3597 et
3312 3545 3534 3599 omnino
3559 3547 3849 3609 curandus

2239 3622 2457 3677 morbus
2501 3624 2794 3681 Ecclesiant
2840 3628 3052 3684 invasit.
3090 3631 3189 3698 Qui
3223 3633 3576 3702 prohibentur
3625 3639 3714 3692 vel
3763 3655 3831 3696 es

2235 3713 2396 3784 justis
2422 3716 2695 3774 laboribus
2727 3724 2977 3790 pecunias
3002 3727 3362 3796 accumulare,
3394 3729 3498 3784 imo
3522 3732 3610 3802 qui
3633 3732 3835 3802 juben-

2239 3814 2328 3860 tur
2355 3821 2490 3878 opes
2515 3825 2639 3865 suas
2661 3815 2845 3883 egenis
2876 3817 3089 3886 aperire
3110 3860 3126 3886 ,
3161 3833 3226 3873 ex
3258 3820 3482 3875 aliorum
3516 3836 3836 3895 paupertate

2239 3899 2511 3957 ditescunt
2535 3944 2550 3967 ,
2585 3907 2884 3973 speciosam
2916 3911 3156 3978 rapinam
3186 3914 3554 3984 excogitantes
3598 3926 3652 3972 et
3695 3920 3836 3974 bene

2239 3992 2531 4048 coloratam
2555 3996 2852 4052 avaritiam.
2877 3998 2954 4055 Ne
2974 4002 3104 4056 mihi
3128 4015 3377 4060 externas
3403 4005 3550 4077 leges
3575 4009 3832 4080 obiicias:

2240 4086 2558 4157 publicanus
2603 4091 2746 4144 enim
2797 4091 2965 4163 legem
2997 4094 3140 4148 illam
3172 4100 3494 4154 exteriorem
3526 4112 3748 4170 servat,
3783 4113 3837 4158 et

2241 4187 2420 4235 tamen
2465 4179 2558 4235 dat
2601 4198 2807 4252 pmnas.
2850 4184 3002 4254 Quod
3041 4189 3200 4243 etiam
3232 4205 3333 4246 nos
3379 4193 3674 4262 patiemur,
3733 4195 3834 4255 nisi

2239 4270 2548 4329 desinamus
2580 4291 2841 4346 pauperes
2865 4288 3133 4348 attererc,
3182 4291 3237 4337 et
3267 4285 3508 4354 penuriae
3555 4290 3835 4356 egestatis-

2241 4380 2346 4436 que
2385 4369 2668 4425 occasione
2708 4382 2938 4443 sumpta,
2979 4373 3289 4444 impudente
3318 4377 3461 4433 abuti
3491 4395 3672 4435 usura.
3709 4381 3834 4436 Ideo

2241 4458 2384 4514 enim
2435 4461 2687 4530 pecunias
2733 4461 2931 4532 habes,
2962 4473 3020 4520 ut
3050 4478 3416 4538 paupertatem
3462 4473 3680 4540 solvas,
3729 4490 3833 4528 non

2241 4558 2301 4605 ut
2323 4567 2443 4606 eam
2470 4553 2777 4623 opprimas;
2808 4565 2866 4611 tu
2897 4572 3026 4612 vero
3045 4601 3063 4628 ,
3091 4561 3243 4629 quasi
3273 4577 3429 4632 Opem
3460 4561 3641 4620 ferens
3665 4606 3681 4632 ,
3711 4581 3833 4621 mav

2238 4645 2413 4718 jorem
2461 4645 2625 4703 infers
2667 4648 3026 4706 calamitatem
3054 4694 3069 4720 ,
3117 4663 3172 4708 et
3201 4654 3574 4712 liberalitatem
3607 4661 3830 4728 pecunia

2245 4740 2454 4796 vendis.
2493 4741 2676 4796 Vende
2696 4784 2710 4808 ,
2745 4758 2850 4798 non
2880 4754 3004 4799 veto
3029 4787 3044 4813 ,
3083 4747 3176 4801 sed
3208 4763 3306 4817 pro
3336 4765 3499 4819 regno
3525 4751 3784 4807 czelorum
3815 4769 3829 4805 :

2245 4847 2315 4889 ne
2346 4849 2564 4902 parvum
2591 4835 2821 4904 accipias
2847 4837 3026 4906 aperis
3055 4837 3274 4908 hujusce
3303 4842 3535 4909 pretium
3559 4884 3574 4908 ,
3609 4860 3827 4899 usuram

2245 4925 2589 4980 centesimam
2620 4924 2729 4999 (a),
2761 4927 2857 4983 sed
2885 4928 3046 4984 vitam
3093 4930 3472 4988 immortalem.
3501 4936 3608 4990 Cur
3633 4951 3834 5006 panper

2247 5028 2302 5076 et
2352 5036 2554 5090 egenus
2600 5023 2699 5076 es?
2749 5037 2845 5078 cur
2894 5023 3068 5092 pusilli
3096 5025 3280 5092 animi,
3331 5037 3387 5082 ut
3432 5045 3621 5100 magna
3668 5049 3830 5103 parvo

2247 5113 2423 5182 pretio
2438 5113 2676 5174 ~levandas
2703 5155 2719 5182 ,
2762 5122 2816 5168 et
2865 5129 2964 5184 pro
3011 5114 3229 5172 caducis
3275 5121 3516 5187 pecuniis
3544 5121 3640 5177 des
3665 5165 3680 5188 ,
3710 5139 3828 5178 cum

2247 5213 2524 5274 oporteret
2555 5221 2652 5276 pro
2691 5220 2858 5275 regno
2883 5204 3117 5260 vendere
3156 5221 3371 5278 semper
3399 5215 3692 5268 manente?
3738 5229 3830 5270 cur

2249 5299 2358 5355 Deo
2411 5298 2625 5366 relicto,
2670 5295 2900 5353 humana
2943 5299 3208 5356 lucraris?
3250 5319 3347 5358 cur
3391 5303 3558 5362 divite
3600 5307 3782 5365 relicto
3810 5348 3826 5376 ,

2311 5489 2328 5520 ι
2365 5486 2556 5551 Morel.,_
2575 5485 2638 5535 de
2660 5484 2896 5551 fminarum
2913 5480 3264 5551 sponfionibus.

2311 5552 2332 5582 ³
2366 5557 2512 5608 Unus,
2537 5541 2815 5609 inpendente
2840 5541 2998 5609 autem
3018 5541 3164 5604 [itcile
3185 5551 3273 5594 est.

2313 5612 2386 5674 (a)
2418 5611 2557 5674 Erat,
2577 5607 2722 5672 porro
2738 5607 3001 5674 centesima
3024 5617 3184 5674 usura:
3203 5619 3397 5674 genus,
3423 5621 3522 5669 quo
3561 5608 3642 5670 qui
3669 5608 3714 5657 in
3739 5609 3821 5658 fu»

2249 5667 2343 5724 nus
2360 5667 2690 5736 accipiebant,
2707 5667 2912 5730 singulis
2930 5668 3183 5717 mensibus
3211 5667 3528 5736 centesimam
3553 5667 3700 5718 sortis
3721 5681 3822 5733 par-

2247 5743 2350 5787 tem
2372 5731 2640 5792 solverent,
2679 5735 2744 5782 ita
2769 5739 2824 5779 ut
2843 5736 3041 5781 centum
3060 5731 3323 5793 mensibus
3354 5739 3537 5780 sortem
3557 5731 3819 5793 aequarent.

2250 5805 2328 5849 De
2350 5800 2554 5860 reliquis
2575 5791 2866 5860 centesith
2877 5792 3149 5860 generibus
3167 5791 3275 5841 vide
3293 5806 3437 5855 supra
3468 5795 3514 5841 in
3551 5791 3823 5856 praefatione

2252 5864 2306 5912 ad
2327 5855 2549 5927 quartum
2571 5865 2786 5919 Tantum,
2810 5855 2917 5918 εν.
