4034 6402
314 436 415 493 557

314 547 532 628 [nuperi
557 545 860 604 molestiam
882 540 1066 605 infers,
1086 545 1137 592 et
1159 533 1469 604 largientem
1491 534 1906 598 praatercurrens

315 662 442 703 cum
469 647 680 715 ingrato
713 648 861 708 pacta
894 633 1030 690 inis?
1061 631 1157 685 Ille
1187 627 1412 683 reddere
1440 617 1790 689 concupiscit,
1818 614 1906 668 hic

322 753 468 810 ξρετε
496 735 694 791 reddit.
731 732 827 787 Hie
869 729 953 783 vix
981 723 1330 780 evntcsimum
1361 724 1641 778 numerat;
1668 711 1757 765 ille
1783 722 1910 763 cen-

320 831 525 901 tuplum
555 837 608 881 et
652 837 876 893 regnum
923 819 1196 873 caxlorum.
1251 812 1348 866 llic
1391 822 1513 863 cum
1558 802 1812 860 conviciis
1855 805 1911 852 et

320 890 683 980 contumeliis,
721 890 826 970 ille
868 927 987 967 cum
1028 907 1275 963 laudibus
1301 913 1353 958 et
1378 898 1661 957 encomiis.
1693 894 1788 948 llic
1816 890 1910 945 tibi

323 1013 578 1070 invidiam
631 1007 811 1077 parit,
865 1003 952 1057 ille
1002 1000 1095 1054 tibi
1135 1008 1362 1053 coronas
1409 990 1592 1045 nectit.
1626 987 1720 1041 llic
1744 984 1830 1037 vix
1858 983 1909 1035 in

326 1106 432 1162 boc
469 1103 705 1167 saeculo,
738 1099 829 1153 ille
872 1106 924 1151 et
953 1095 1004 1149 in
1034 1093 1137 1146 hoc
1163 1099 1219 1145 et
1246 1089 1296 1142 in
1330 1086 1528 1140 futuro.
1559 1083 1753 1136 Annon
1782 1089 1912 1145 ergo

325 1205 584 1254 extrema:
628 1188 915 1246 dementia:
959 1192 1065 1250 est,
1113 1196 1183 1236 ne
1231 1180 1370 1233 scire
1412 1172 1625 1245 quidem
1666 1165 1914 1222 lucrari?

327 1290 475 1362 Quot
517 1282 744 1341 fmnoris
784 1293 944 1334 causa
993 1282 1191 1329 sortem
1229 1271 1389 1325 etiam
1430 1261 1760 1321 amiserunt?
1788 1266 1918 1329 quot

329 1360 554 1452 propter
579 1389 767 1433 usuras
795 1374 845 1429 in
876 1370 1108 1441 pericula
1137 1360 1468 1421 inciderunt?
1494 1368 1622 1430 quot
1665 1363 1720 1410 et
1760 1367 1819 1406 se
1865 1360 1919 1405 et

332 1475 468 1531 alios
491 1471 546 1525 in
574 1477 867 1524 extremam
901 1465 1265 1532 paupertatem
1296 1453 1610 1522 deiecerunt
1638 1445 1706 1501 ob
1734 1444 1916 1499 incre-

332 1565 552 1623 dibilem
579 1557 896 1616 avaritiam?

406 1658 460 1715 6.
486 1655 566 1713 Ne
593 1654 723 1709 mihi
753 1649 954 1706 dixeris
977 1689 992 1714 ,
1022 1646 1170 1700 illum
1200 1642 1358 1697 talem
1386 1638 1613 1693 libenter
1636 1632 1879 1701 accipere
1902 1671 1918 1696 ,

336 1760 392 1806 ct
432 1750 501 1805 de
546 1747 750 1802 faenore
805 1740 1028 1812 gratiam
1074 1735 1291 1789 habere.
1333 1729 1460 1784 Illud
1505 1729 1645 1783 enim
1694 1738 1788 1792 per
1837 1722 1921 1776 in-

336 1842 723 1906 humanitatem
768 1845 913 1891 tuam
971 1830 1166 1888 evenit.
1212 1827 1341 1881 Nam
1389 1835 1442 1879 ct
1490 1820 1756 1877 Abraham
1801 1830 1925 1869 cum

338 1951 561 1995 uxorem
607 1930 851 1989 barbaris
898 1924 1136 1990 tradidit,
1190 1919 1409 1974 insidias
1457 1916 1573 1970 illas
1602 1912 1701 1966 sibi
1746 1916 1926 1981 gratas

338 2030 572 2091 reddidit
595 2025 762 2098 (Gen.
792 2021 878 2076 12.
911 2019 1044 2090 15);
1074 2032 1178 2070 nun
1208 2014 1435 2068 libi-nter
1457 2052 1471 2073 ,
1505 2006 1598 2063 sed
1630 2005 1697 2060 ob
1727 2013 1925 2058 metum

341 2097 658 2182 Pharaonis.
687 2118 776 2173 Sic
800 2115 960 2170 etiam
1004 2124 1204 2180 pauper
1228 2148 1243 2171 ,
1275 2107 1395 2176 quia
1442 2118 1502 2157 re
1542 2099 1707 2171 gratis
1750 2097 1928 2151 oblata

344 2218 565 2287 dignum
609 2211 757 2266 illum
823 2221 928 2260 non
986 2214 1217 2263 censes,
1266 2198 1335 2253 de
1380 2194 1695 2249 crudelitate
1732 2190 1930 2260 gratias

343 2324 505 2383 agere
550 2305 778 2376 cogitur.
822 2299 905 2355 Tu
935 2307 1113 2351 autem
1142 2291 1274 2348 mihi
1317 2289 1537 2352 videris,
1567 2286 1610 2339 si
1635 2300 1662 2337 a
1689 2283 1931 2354 periculo

345 2400 651 2471 quempiam
679 2394 1002 2454 vindicares,
1033 2385 1337 2442 mercedem
1370 2392 1421 2436 te
1451 2383 1549 2434 hac
1574 2379 1642 2433 de
1672 2391 1833 2430 causa
1863 2374 1934 2429 ab

348 2465 444 2549 illo
482 2465 842 2561 llagitaturum
890 2496 1032 2537 esse.
1079 2477 1265 2541 Absit,
1296 2472 1524 2543 inquies.
1570 2469 1707 2537 Quid
1755 2465 1933 2521 dicis?

347 2585 479 2640 Cum
502 2599 530 2636 a
554 2579 740 2650 majori
759 2575 898 2631 malo
925 2573 1142 2633 liberas,
1162 2584 1266 2623 non
1291 2566 1371 2620 vis
1393 2564 1648 2634 pecunias
1670 2561 1885 2629 exigere
1910 2575 1928 2611 :

344 2684 477 2739 dum
506 2694 605 2751 pro
648 2691 707 2731 re
732 2674 942 2729 minore
974 2676 1173 2722 tantam
1204 2661 1427 2719 exhibes
1451 2653 1935 2714 inhumanitatem?

349 2775 467 2832 Non
510 2744 661 2825 vides
706 2772 962 2837 quantum
1005 2758 1132 2813 huic
1174 2754 1252 2810 rei
1298 2751 1545 2807 imminet
1567 2744 1935 2816 supplicium?

349 2881 460 2921 non
508 2859 662 2915 audis
704 2836 829 2911 illud
880 2854 931 2907 in
963 2847 1142 2906 Veteri
1184 2845 1343 2900 etiam
1373 2842 1720 2896 Testamento
1751 2836 1935 2905 prohi-

349 2957 469 3015 beri
498 2953 673 3025 (Deut.
700 2947 832 3021 15)?
861 2944 966 3000 Sed
991 2940 1118 3012 quid
1150 2938 1302 2994 multi
1348 2930 1769 2991 causificantur?
1800 2930 1936 2985 Dum

351 3051 531 3104 fremis
564 3040 790 3111 accipio,
837 3036 907 3091 do
952 3030 1194 3104 pauperi.
1243 3029 1390 3085 Bona
1419 3024 1602 3089 verba,
1632 3021 1702 3076 mi
1736 3021 1935 3084 homo;

352 3134 663 3210 huiusmodi
713 3128 973 3187 sacrificia
1020 3140 1126 3179 non
1173 3121 1288 3176 vult
1336 3119 1495 3174 Deus.
1545 3115 1624 3170 Ne
1666 3115 1836 3184 legem
1870 3113 1938 3166 ita

352 3207 552 3288 callide
590 3223 794 3281 eludas.
846 3218 1035 3275 Melius
1081 3223 1165 3271 est
1207 3210 1425 3282 pauperi
1456 3224 1558 3263 non
1585 3207 1714 3261 dare
1739 3247 1752 3270 ,
1781 3218 1938 3275 quam

354 3324 483 3381 inde
527 3325 795 3390 sumptum
823 3313 951 3369 dare
993 3328 1007 3364 :
1048 3309 1170 3379 quia
1207 3304 1493 3376 pecuniam
1533 3300 1694 3367 justis
1736 3306 1939 3367 partam

353 3414 626 3472 laboribus
648 3388 792 3478 saepe
812 3403 993 3461 reddis
1019 3401 1253 3470 iniquam
1280 3396 1349 3450 ob
1380 3395 1592 3463 iniquos
1618 3389 1781 3456 fctus,
1809 3403 1871 3442 ac
1892 3388 1938 3442 si

356 3511 478 3581 quis
505 3502 785 3562 fecundum
812 3507 1025 3555 uterum
1059 3501 1216 3563 cogat
1239 3488 1553 3558 scorpiones
1578 3499 1790 3555 parere.
1834 3482 1939 3537 Ec-

356 3573 486 3672 quid
510 3600 683 3669 legem
714 3592 808 3648 Dei
839 3587 1111 3645 memoro?
1138 3587 1327 3640 Annon
1357 3595 1454 3636 vos
1483 3579 1580 3649 ipsi
1603 3577 1791 3633 sordes
1815 3573 1943 3629 illud

358 3668 482 3751 esse
521 3668 734 3745 dicitis?
762 3685 817 3741 Si
846 3692 1022 3738 autem
1063 3693 1161 3735 vos
1206 3675 1294 3746 qui
1333 3674 1539 3727 lucrum
1588 3668 1834 3730 refertis,
1873 3668 1944 3720 ita

360 3784 627 3848 statuitis;
668 3778 839 3849 cogita
881 3788 1040 3845 quam
1089 3772 1227 3826 Deus
1266 3767 1334 3822 de
1375 3764 1526 3820 vobis
1554 3762 1691 3818 feret
1730 3769 1946 3815 senten-

361 3880 513 3935 tiam.
540 3873 693 3943 Quod
723 3872 767 3927 si
793 3869 925 3925 velis
949 3874 1202 3922 externos
1228 3859 1559 3931 legislatures
1588 3855 1942 3921 interrogare,

359 3968 546 4025 audies
598 3965 720 4020 illos
771 3960 824 4017 id
878 3966 1136 4014 extrema:
1186 3949 1532 4021 impudentia:
1579 3959 1700 4001 esse
1736 3950 1943 4012 putare.

359 4062 522 4117 Certe
551 4058 618 4113 iis
657 4055 746 4126 qui
794 4051 1080 4122 dignitates
1125 4051 1420 4113 occupant,
1455 4040 1651 4109 quique
1689 4036 1946 4091 Senatum

361 4165 614 4224 magnum
643 4124 992 4206 constituunt,
1021 4154 1127 4194 non
1155 4137 1283 4191 licet
1309 4130 1612 4204 hujusmodi
1655 4128 1805 4183 lucro
1852 4124 1947 4180 de—

364 4218 674 4303 honestari;
703 4237 798 4294 sed
828 4237 915 4292 lex
941 4232 1078 4303 apud
1111 4231 1231 4285 illos
1259 4235 1375 4293 est,
1423 4239 1542 4294 qua:
1582 4222 1633 4276 id
1681 4218 1946 4292 prohibet.

363 4333 647 4408 Quomodo
676 4331 835 4401 igitur
854 4342 961 4382 non
992 4320 1316 4379 horrendum
1345 4317 1537 4383 fuerit,
1560 4315 1605 4370 si
1634 4329 1737 4370 non
1765 4326 1949 4383 parem

368 4427 2503 4487 Μ

1311 413 1377 469 IN
1417 402 1824 466 MATTIIIEUM
1862 394 2095 456 HOMIL.
2137 394 2292 451 LVII.
2335 394 2405 449 al.
2446 391 2628 452 LVIII.

3496 387 3601 444 ὅδε

2012 513 2212 568 ca-lesti
2242 513 2438 568 civitati
2460 512 2723 567 honorem
2752 508 2955 565 tribuas
2979 551 2993 574 ,
3030 508 3242 578 qualem
3268 507 3604 579 legislatures

2008 611 2372 667 Romanorum
2411 605 2617 661 senatui
2645 603 2918 668 tribuunt,
2945 601 3039 656 sed
3065 602 3325 656 minorem
3355 600 3488 655 caelo
3513 616 3603 653 re-

2013 704 2152 759 fcras
2198 718 2355 774 quam
2391 711 2546 755 terra!
2566 740 2581 762 ,
2625 712 2796 769 neque
2823 706 2875 752 te
2906 694 3101 763 pudeat
3128 702 3288 747 tanta:
3320 692 3605 762 turpitudi-

2013 797 2138 852 nis?
2181 793 2316 864 Quid
2349 792 2493 848 enim
2534 791 2773 845 insanius
2799 787 2993 854 fuerit,
3040 802 3198 855 quam
3239 788 3283 841 si
3327 787 3444 856 quis
3488 786 3606 840 sine

2016 900 2179 952 terra,
2213 886 2327 941 sine
2350 884 2548 956 pluvia,
2573 884 2689 936 sine
2713 890 2894 935 aratro
2914 879 3179 934 seminare
3204 875 3472 932 voluerit?
3495 876 3606 931 lIac

2015 979 2081 1035 de
2111 993 2269 1034 causa
2301 977 2500 1030 zizania
2523 1017 2537 1041 ,
2570 989 2688 1042 qua:
2732 971 2839 1043 igni
2866 970 3123 1026 tradenda
3149 978 3274 1024 sunt
3303 1010 3317 1035 ,
3360 977 3604 1032 metunt,

2016 1072 2104 1142 qui
2134 1069 2329 1124 malam
2359 1065 2662 1137 hujnsmodi
2691 1064 3066 1135 agriculturam
3098 1062 3491 1132 excogitantur.

2095 1162 2372 1218 Fennorum
2401 1160 2609 1212 damna.
2640 1187 2713 1197 —
2741 1158 2933 1211 Annon
2965 1154 3147 1209 multm
3175 1162 3298 1206 sunt
3323 1152 3480 1222 justm
3509 1166 3605 1205 ne-

2016 1252 2381 1325 gotiationes?
2410 1264 2679 1322 agrorum,
2707 1262 2948 1318 gregum,
2971 1253 3358 1303 armentorum,
3390 1256 3610 1296 manua-

2018 1348 2147 1401 lintn
2196 1345 2439 1399 laborum
2461 1385 2475 1410 ,
2526 1341 2804 1410 solersqne
2848 1340 2926 1393 rei
2960 1337 3236 1393 familiaris
3273 1336 3444 1391 cura?
3469 1333 3608 1402 Quid

2021 1437 2222 1492 insanis
2250 1444 2307 1489 ut
2329 1434 2508 1504 spinas
2549 1433 2742 1486 frustra
2770 1427 3046 1485 demetas?
3085 1428 3149 1482 At
3181 1426 3385 1481 fructus
3413 1435 3570 1480 terra:
3592 1466 3607 1490 ,

2023 1529 2232 1599 inquies
2251 1568 2265 1591 ,
2291 1526 2471 1581 multis
2494 1533 2617 1579 sunt
2635 1524 2847 1579 casibus
2880 1521 3132 1586 obnoxii,
3156 1520 3398 1591 grandini
3418 1561 3433 1583 ,
3460 1519 3610 1574 rubi-

2022 1619 2162 1691 gini,
2189 1618 2448 1673 imbribus
2476 1614 2692 1671 nimiis?
2715 1613 2817 1670 Sed
2851 1628 2955 1668 non
2989 1621 3067 1667 tot
3093 1611 3334 1675 casibus,
3361 1620 3491 1680 quot
3515 1612 3613 1665 fa:-

2025 1730 2145 1769 nus.
2174 1711 2304 1767 Nam
2335 1708 2591 1781 quidquid
2620 1708 2688 1763 ibi
2717 1706 2991 1773 acciderit,
3019 1704 3248 1760 reditum
3279 1702 3616 1758 solummodo

2026 1805 2203 1869 laedit,
2230 1812 2373 1858 sorte
2401 1801 2645 1866 interim,
2678 1800 2798 1854 sive
2836 1812 2965 1867 agro
3010 1806 3260 1850 manente
3301 1794 3488 1849 illaesa.
3521 1792 3617 1847 llic

2026 1914 2157 1954 vero
2187 1898 2338 1953 multi
2366 1909 2510 1966 saepe
2540 1896 2591 1948 in
2622 1894 2733 1963 ipsa
2755 1900 2901 1946 sorte
2923 1889 3251 1959 naufragium
3285 1887 3424 1957 passi
3457 1898 3615 1941 sunt:

2029 1999 2084 2046 et
2108 1999 2392 2056 antequam
2426 1986 2680 2041 damnum
2723 1982 2964 2045 accidat,
2995 1981 3049 2035 in
3077 1990 3333 2049 perpetua
3361 1978 3619 2056 sollicitu—

2030 2080 2155 2136 dine
2206 2088 2505 2133 versantur.
2544 2074 2679 2130 Nam
2724 2075 3019 2130 faenerator
3071 2085 3360 2140 numquam
3414 2083 3474 2123 re
3524 2042 3618 2123 sua

2032 2174 2240 2238 fruitur,
2269 2172 2362 2228 sed
2391 2156 2548 2226 etiam
2580 2167 2793 2240 quando
2820 2165 2995 2220 fumus
3016 2164 3256 2229 affertur,
3275 2178 3380 2217 non
3402 2162 3618 2234 gaudet,

2033 2268 2174 2339 quod
2214 2277 2499 2336 proventus
2536 2261 2786 2326 accedat,
2829 2259 2922 2314 sed
2965 2256 3151 2321 dolet,
3197 2255 3339 2325 quod
3385 2257 3620 2309 nondum

2035 2370 2232 2417 sortem
2263 2365 2514 2430 exaequet
2540 2370 2695 2410 usura
2716 2395 2733 2421 ,
2760 2367 2823 2407 ac
2858 2351 3167 2423 priusquam
3203 2346 3291 2403 hic
3320 2345 3458 2402 fetus
3481 2356 3623 2402 totus

2038 2452 2293 2524 prodeat,
2322 2449 2470 2504 illum
2498 2456 2665 2502 totum
2704 2457 2897 2514 parere
2935 2440 3153 2504 nititur,
3185 2438 3385 2493 foenera
3418 2437 3471 2491 in
3502 2452 3620 2493 sor-

2038 2554 2144 2601 tem
2171 2552 2492 2600 convertens
2515 2583 2530 2607 ,
2559 2550 2613 2596 et
2642 2540 2749 2594 vim
2780 2534 3016 2591 inferens
3045 2541 3103 2587 ut
3131 2531 3403 2586 ahortivos
3425 2530 3625 2600 viperm

2006 2647 2221 2709 ’partus
2246 2637 2389 2691 edat.
2420 2633 2570 2689 Talia
2612 2638 2759 2686 certe
2805 2634 2929 2683 sunt
2971 2625 3213 2690 fatuora,
3256 2638 3375 2693 qum
3420 2636 3624 2676 anmtas

2037 2729 2286 2786 miserius
2310 2726 2504 2782 rodunt
2531 2733 2585 2779 et
2615 2723 2851 2777 lacerant
2874 2758 2888 2782 ,
2915 2730 3075 2788 quam
3102 2714 3320 2785 viperre.
3346 2711 3458 2767 Hoc
3487 2711 3626 2781 inju-

2039 2824 2198 2878 stitim
2226 2821 2496 2875 vinculum
2528 2824 2612 2872 est
2642 2831 2655 2869 :
2688 2814 2803 2869 haec
2840 2808 3091 2881 obligatio
3136 2807 3489 2862 violentarnm
3535 2821 3627 2874 pa-

2051 2908 2318 2964 ctionum.
2340 2905 2441 2969 Do,
2460 2904 2660 2973 inquit,
2685 2918 2790 2955 non
2811 2910 2871 2955 ut
2887 2900 3145 2968 accipias,
3165 2895 3260 2950 sed
3278 2904 3334 2949 ut
3349 2897 3503 2964 plura
3520 2888 3636 2945 red-

2052 3003 2170 3057 das.
2191 3001 2257 3054 At
2277 2999 2419 3054 Deus
2437 3006 2582 3052 vetat
2609 2997 2659 3050 id
2684 2997 2933 3064 accipere
2959 2993 3104 3063 quod
3137 2991 3333 3045 datur:
3356 2987 3512 3053 Date,
3545 2986 3631 3039 in-

2052 3097 2191 3166 quit,
2211 3094 2342 3155 illis,
2358 3109 2390 3144 a
2407 3090 2594 3161 quibus
2611 3088 2747 3142 nihil
2770 3087 3005 3155 accipere
3027 3083 3252 3153 speratis
3269 3080 3419 3150 (Luc.
3445 3078 3498 3133 6.
3513 3076 3632 3143 '55);

2055 3195 2109 3242 tu
2129 3200 2259 3238 vero
2278 3183 2401 3254 plus
2421 3196 2584 3251 quam
2604 3178 2824 3233 dederis
2841 3175 3013 3245 exigis
3039 3194 3051 3228 :
3080 3185 3135 3227 et
3164 3173 3308 3242 quod
3343 3185 3450 3223 non
3481 3167 3633 3222 dedi-

2054 3278 2149 3344 sti,
2178 3285 2235 3330 ut
2255 3274 2498 3330 debitum
2521 3271 2619 3325 tibi
2641 3269 2791 3340 cegis
2814 3278 3103 3322 numerare
3121 3263 3356 3333 eumqui
3380 3272 3632 3316 mutuum

2043 3374 2269 3444 accepit.
2302 3371 2366 3425 Et
2398 3375 2552 3439 putas
2583 3363 2708 3419 hinc
2735 3358 2827 3416 tibi
2848 3369 2979 3427 opes
3003 3351 3206 3423 augeri,
3236 3365 3300 3406 ac
3328 3363 3425 3420 pro
3445 3349 3637 3418 opibus

2046 3440 2224 3541 ignem
2271 3463 2363 3518 tibi
2406 3456 2657 3515 accendis
2700 3445 3209 3519 inexstinguibilem.
3240 3442 3392 3511 Quod
3425 3456 3493 3496 ne
3523 3440 3635 3505 fiat,

2046 3564 2146 3619 bos
2173 3560 2436 3617 frenorum
2458 3560 2639 3625 partus
2663 3548 2830 3603 malos
2846 3553 2901 3601 et
2920 3543 3127 3613 iniquos
3149 3537 3543 3601 exscindamus,
3558 3550 3643 3590 ex-

2047 3657 2312 3712 siccemus
2341 3648 2484 3702 hunc
2524 3640 2878 3714 perniciosum
2903 3646 3117 3690 uterum
3137 3672 3153 3698 ,
3177 3645 3241 3686 ac
3266 3644 3389 3684 vera
3417 3641 3642 3699 magna—
3702 3690 3703 3693 η

2049 3764 2152 3821 que
2192 3750 2336 3801 lucra
2377 3750 2580 3797 tantum
2615 3726 3292 3806 persequamur.Qutenam
3332 3723 3446 3780 haec
3477 3720 3645 3775 sunt?

2049 3813 2345 3897 Audiamus
2369 3831 2591 3889 Paulum
2610 3828 2894 3885 dicentem,
2919 3820 3137 3888 Magnus
3157 3824 3230 3870 cst
3250 3824 3468 3885 qua’stus
3490 3813 3647 3881 pietas

2050 3951 2163 3989 cum
2189 3926 2480 4000 suﬁicientia
2497 3923 2543 3994 (Ι
2561 3921 2714 3977 .Tim.
2731 3916 2875 3985 6.6).
2896 3914 2989 3969 llis
3007 3912 3165 3983 igitur
3192 3916 3397 3964 tantum
3414 3905 3648 3960 ditemur

2051 3998 2271 4089 divitiis,
2297 4028 2354 4073 ut
2380 4026 2434 4072 et
2462 4015 2548 4069 hic
2577 4008 2961 4080 tranquillitate
2983 4003 3242 4064 fruamur,
3262 4007 3317 4053 et
3334 3998 3503 4052 futura
3520 4011 3648 4050 con-

2053 4087 2340 4188 sequantur
2352 4112 2489 4166 bona
2500 4150 2512 4173 ,
2531 4105 2697 4178 gratia
2709 4113 2763 4158 et
2774 4099 3098 4169 benignitate
3115 4091 3323 4149 Domini
3340 4090 3505 4145 nostri
3523 4087 3651 4143 Jesu

2055 4179 2275 4276 Christi,
2298 4206 2381 4261 cui
2412 4202 2577 4275 gloria
2600 4208 2653 4254 et
2680 4193 2960 4267 imperium
3003 4203 3124 4243 cum
3160 4186 3322 4241 Patre
3365 4192 3418 4236 et
3451 4179 3650 4251 Spiritu

2055 4311 2262 4369 sancto,
2282 4313 2421 4353 nunc
2432 4304 2729 4361 etsemper,
2750 4295 2803 4341 et
2824 4286 2874 4339 in
2894 4280 3086 4336 SIL'CUIa
3104 4274 3442 4331 smeulorum.
3459 4271 3650 4325 Amen.

2700 4401 3633 4432 ._______.___———-————

2516 4426 2680 4437 _._.._.-—

1509 4522 1857 4585 HOMILIA
1908 4517 2098 4580 LVII.
2142 4513 2228 4575 aI.
2276 4506 2499 4570 LVIII.

366 4690 500 4745 Car.
531 4685 619 4742 I7.
643 4680 808 4737 v.10.
844 4679 912 4733 Et
953 4678 1384 4746 interroyaverunt
1433 4685 1546 4722 eum
1590 4665 1825 4734 discipuli
1851 4664 1960 4733 ejus

441 4777 660 4831 dicentes
701 4788 720 4827 :
769 4769 905 4836 Quid
945 4767 1099 4839 igitur
1138 4765 1309 4819 dicunt
1346 4758 1561 4824 scriba:,
1609 4756 1742 4824 quod
1787 4754 1958 4809 Etiam

443 4877 671 4938 oporteat
701 4865 918 4934 primum
943 4858 1153 4914 venire?

356 5032 359 5037 ι
447 4936 498 5015 1.
526 4958 643 5014 Non
687 4969 816 5025 ergo
851 4968 879 5007 a
901 4948 1190 5020 Scriplnris
1216 4944 1266 5001 id
1287 4943 1543 5007 sciebant,
1574 4940 1665 4995 sed
1694 4939 1881 4994 scriba:
1909 4936 1961 4991 id

374 5052 484 5110 illis
522 5047 829 5108 narrabant,
857 5051 907 5098 et
943 5041 1058 5094 haec
1095 5036 1274 5108 opinio
1313 5034 1366 5089 in
1410 5032 1597 5103 vulgus
1623 5025 1965 5084 circumfere-

374 5145 532 5199 hatur
550 5180 566 5207 ,
602 5140 739 5193 sicut
765 5146 819 5191 et
849 5134 917 5189 de
944 5131 1177 5187 Christo.
1210 5126 1332 5182 Ideo
1358 5123 1690 5182 Samaritana
1715 5102 1961 5175 dicebat:

375 5230 593 5289 Messias
632 5228 783 5290 venit,
819 5233 865 5278 et
903 5239 1018 5277 cum
1067 5219 1290 5284 venerit,
1333 5216 1420 5270 ille
1464 5211 1780 5268 annantiabit
1826 5207 1967 5263 nobis

375 5322 549 5376 omnia
569 5321 588 5387 (
611 5317 768 5371 Joan.
792 5315 847 5370 4.
870 5313 943 5385 5)
973 5330 985 5364 :
1032 5323 1086 5366 et
1116 5311 1187 5364 illi
1220 5305 1617 5375 interrogabant
1664 5302 1922 5357 Joannem
1950 5339 1964 5364 ,

377 5411 524 5466 Elius
552 5425 605 5463 es
644 5416 717 5471 tu,
740 5413 827 5459 aut
862 5402 1106 5476 prapheta
1133 5400 1309 5472 (Joan.
1336 5397 1387 5450 1.
1413 5394 1543 5460 2|)?
1570 5394 1723 5454 Nam,
1753 5401 1809 5444 ttt
1836 5390 1966 5450 dixi,

380 5505 498 5559 lucc
522 5500 703 5571 opinio
729 5496 1025 5553 invaluerat
1051 5501 1104 5548 et
1125 5491 1191 5547 de
1211 5489 1424 5545 Christo
1451 5496 1499 5541 et
1529 5485 1596 5540 de
1619 5484 1768 5549 Elia;
1799 5496 1971 5551 neque

381 5595 459 5650 illi
510 5602 662 5649 recte
709 5591 827 5645 hrcc
877 5585 1378 5656 interpretabantur.
1436 5578 1727 5647 Scriptura:
1773 5572 1970 5643 quippe

378 5686 520 5745 duos
542 5691 760 5740 narrant
783 5678 982 5737 Christi
1019 5677 1314 5737 adventus;
1343 5670 1486 5725 hunc
1514 5667 1602 5737 qui
1629 5667 1737 5736 jam
1775 5665 1890 5726 fuit,
1920 5670 1976 5716 et

383 5779 656 5831 futurum:
692 5785 827 5843 quos
867 5768 1174 5839 significans
1215 5761 1410 5817 Paulus
1445 5759 1691 5813 dicebat:
1724 5753 1974 5826 Apparuit

384 5867 555 5952 gratia
579 5862 674 5918 Dei
715 5863 956 5929 salutaris
998 5856 1225 5913 omnibus
1264 5851 1568 5921 hominibus,
1600 5848 1830 5904 erudiens
1862 5861 1971 5910 nos,

2070 4671 2126 4714 ut
2154 4660 2455 4728 abnegantes
2481 4651 2785 4718 impietatem
2814 4653 2859 4698 et
2884 4638 3148 4696 meularia
3182 4631 3431 4688 desideria
3454 4670 3466 4693 ,
3496 4625 3659 4681 sobrie

2066 4761 2113 4806 et
2140 4721 2303 4820 juste'
2318 4757 2363 4801 et
2405 4745 2485 4814 pie
2512 4742 2733 4794 vivamus
2777 4735 2914 4806 (Tit.
2950 4732 3005 4785 2.
3040 4730 3126 4784 11.
3158 4725 3277 4794 12).
3308 4721 3447 4776 Ecce
3494 4732 3657 4770 unum

2068 4842 2376 4898 adventum.
2404 4833 2538 4890 Audi
2559 4827 2827 4902 quomodo
2852 4835 2907 4880 et
2926 4823 3149 4876 alterum
3172 4825 3355 4887 postea
3383 4808 3619 4865 declaret
3644 4822 3658 4859 :

2072 4935 2436 5004 Exspectantes
2461 4929 2655 4981 beatam
2683 4935 2821 4991 spem
2844 4960 2858 4983 ,
2883 4924 2927 4970 et
2960 4915 3227 4968 adventum
3249 4905 3421 4977 magni
3453 4902 3543 4957 Dei
3572 4902 3589 4933 ³
3617 4910 3662 4954 et

2075 4993 2361 5083 Saluatoris
2390 5018 2551 5075 nostri
2583 5014 2707 5068 Iesu
2735 5007 2922 5065 Christi
2952 5003 3124 5073 (Ibid.
3156 5016 3204 5054 υ.
3235 4999 3348 5070 13).
3382 4993 3665 5064 Propheta:

2073 5132 2284 5190 quoque
2318 5123 2603 5178 utrumque
2629 5103 2912 5158 adventum
2936 5099 3267 5151 memorant:
3300 5097 3459 5158 atque
3486 5085 3664 5149 unius,

2074 5209 2165 5279 qui
2195 5203 2462 5262 secundus
2503 5207 2608 5263 est,
2641 5203 3028 5268 praecursorem
3057 5186 3238 5239 dicunt
3285 5181 3517 5235 futurum
3546 5186 3667 5228 esse

2074 5265 2266 5354 ﬁliam.
2290 5291 2490 5350 Prioris
2514 5265 3030 5345 vero-fuitJoanncs,
3053 5272 3468 5348 quemChristns
3496 5265 3667 5321 Eliam

2078 5391 2300 5446 vocabat
2331 5405 2344 5440 :
2388 5398 2493 5439 non
2536 5378 2677 5452 quod
2709 5378 2857 5433 Elias
2888 5380 3051 5432 esset.
3081 5367 3172 5425 sed
3200 5362 3341 5436 quod
3370 5361 3488 5430 ejus
3514 5354 3671 5409 mini-

2079 5484 2297 5540 steriqu
2347 5478 2614 5548 impleret.
2640 5471 2789 5528 Sicut
2818 5468 2959 5525 enim
2992 5465 3082 5519 ille
3121 5468 3420 5530 praecursor
3455 5450 3559 5505 erit
3586 5461 3672 5503 se-

2079 5574 2237 5631 cundi
2265 5539 2544 5627 adventus.
2569 5566 2638 5619 ita
2667 5573 2721 5618 et
2747 5561 2832 5615 hic
2858 5556 3050 5629 prioris
3078 5552 3195 5606 fuit.
3218 5547 3323 5603 Sed
3354 5541 3543 5599 scriba:
3573 5539 3674 5594 istc

2080 5663 2483 5723 confundentes,
2505 5657 2862 5730 pepulumque
2888 5651 3272 5720 pervertentes,
3293 5637 3433 5692 illius
3449 5641 3677 5698 tantum,l

2149 5849 2165 5880 ³
2201 5844 2312 5896 Duo
2337 5848 2464 5898 Mss.
2490 5842 2536 5890 et
2558 5833 2817 5886 adventum
2838 5827 3007 5895 gloria:
3023 5819 3187 5887 magni
3216 5817 3318 5870 Dei.
