4034 6394
468 354 572 412 539

467 486 582 540 sive
629 483 851 540 secundi
890 481 1242 538 meminerunt
1263 523 1278 546 ,
1307 495 1369 534 ac
1395 480 1644 535 dicebant
1672 479 1812 551 plebi
1841 498 1854 536 :
1887 479 1944 536 Si
1975 481 2062 537 hic

467 587 610 632 esset
633 573 899 640 Christus,
931 572 1166 642 oportuit
1190 571 1358 626 Eliam
1406 569 1726 641 pra'cedere.
1754 570 1876 627 Ideo
1896 571 2057 626 disci-

470 667 576 733 puli
603 667 680 720 sic
706 665 991 734 loquuntur
1021 683 1032 716 :
1067 663 1201 727 Quid
1228 673 1301 716 est
1328 662 1467 732 quod
1507 664 1684 717 scriba:
1709 663 1903 725 dicunt,
1927 665 2062 732 quod

472 758 638 811 Eliam
678 765 904 824 oporteat
935 755 1154 824 primum
1191 756 1398 809 venire?
1428 755 1536 809 llac
1565 755 1633 810 de
1669 771 1828 809 causa
1873 756 2058 810 Phari-

466 848 558 901 ι.τί
587 847 657 900 ad
679 846 937 902 Joannem
962 847 1224 899 miserunt
1243 887 1258 909 ,
1291 855 1342 900 et
1372 845 1767 914 interrogabant
1793 863 1804 896 :
1840 843 1986 899 Elius
2008 864 2059 900 es

465 950 518 990 tu
555 935 753 1006 (Joan.
789 938 841 990 1.
869 937 930 990 21
968 936 1023 1005 )?
1050 937 1245 990 nullam
1283 936 1477 1005 prioris
1520 936 1780 992 adventus
1826 938 2056 992 mentio-

465 1045 586 1082 nem
632 1028 906 1083 iacientes.
951 1028 1118 1095 Quam
1155 1044 1283 1096 ergo
1323 1021 1645 1082 solutionem
1685 1029 1862 1083 attulit
1903 1028 2059 1082 Chri-

461 1117 789 1185 stus?Quod
812 1119 1014 1174 scilicet
1044 1118 1188 1173 Elias
1217 1127 1473 1173 Venturus
1512 1121 1580 1173 sit
1616 1130 1740 1174 ante
1765 1120 2054 1174 secundum

460 1224 615 1262 suum
656 1208 962 1273 adventum,
991 1219 1044 1264 et
1087 1224 1225 1262 nunc
1251 1209 1360 1277 jam
1394 1209 1536 1264 Elias
1580 1210 1751 1275 venit;
1781 1210 1858 1264 sic
1895 1209 2055 1264 Joan-

461 1315 582 1353 nem
615 1315 810 1354 vocans
835 1297 964 1354 .llic
993 1303 1138 1357 venit
1161 1299 1414 1362 Elias.-Si
1440 1315 1566 1354 vero
1586 1299 1872 1354 Thesbiten
1904 1317 2052 1370 olun-

460 1407 567 1457 ras,
621 1392 817 1445 veniet.
876 1391 998 1446 Ideo
1044 1391 1255 1446 dicebat
1293 1408 1305 1443 :
1340 1389 1484 1446 Elias
1529 1392 1706 1456 veniet,
1737 1403 1782 1444 et
1831 1392 2053 1445 restituet

461 1481 649 1533 omnia.
684 1482 938 1548 Quantam
966 1481 1186 1535 omnia?
1214 1481 1342 1546 Quue
1365 1480 1654 1534 Malacliias
1683 1481 1941 1550 propheta
1971 1483 2054 1536 di-

457 1571 609 1624 cebat
637 1590 649 1624 :
685 1570 886 1625 Mittam
909 1573 1038 1624 enim
1061 1570 1196 1624 vobis
1212 1570 1385 1624 Etiam
1411 1568 1695 1638 Thesbiten,
1723 1572 1808 1640 qui
1827 1572 2052 1625 restituet

457 1679 544 1713 τοι·
575 1663 734 1732 patris
759 1665 829 1716 ad
855 1664 1044 1731 ﬁlium,
1077 1680 1138 1716 ne
1177 1664 1376 1716 veniens
1397 1663 1672 1733 percutiam
1699 1672 1884 1716 terram
1910 1663 2051 1716 radi-

459 1751 585 1804 citus
632 1749 804 1820 (Mal.
851 1753 904 1806 ι1.
933 1753 1028 1823 5).
1067 1752 1248 1807 Viden’
1285 1753 1677 1806 accuratiouem
1725 1755 2050 1822 prOphetica:

460 1838 855 1907 prmdictionis?
885 1842 1017 1907 Quia
1062 1843 1203 1896 enim
1243 1841 1500 1896 Joannem
1551 1843 1721 1897 lilium
1769 1853 2048 1898 vocaverat

454 1934 695 1988 Christus
724 1935 793 1988 ob
821 1935 1098 1988 ttiiltistcrii
1127 1936 1529 1990 similitudinem
1556 1977 1570 2001 ,
1606 1953 1671 1990 ne
1703 1946 1915 2006 putares
1947 1936 2047 1992 hoc

454 2025 625 2092 ipsum
652 2041 794 2080 nunc
821 2043 848 2078 a
882 2029 1135 2094 propheta
1162 2027 1262 2082 dici
1285 2068 1299 2092 ,
1329 2026 1444 2096 ejus
1477 2028 1698 2094 patriam
1728 2027 1930 2083 addidit
1959 2027 2045 2081 di-

456 2130 619 2182 cens,
664 2115 950 2170 Thesbiten.
1004 2117 1237 2172 Joannes
1282 2135 1411 2172 vero
1458 2117 1708 2172 'l‘hesbita
1761 2135 1864 2172 non
1907 2127 2043 2172 erat.

454 2207 607 2260 Aliud
631 2209 790 2261 etiam
818 2209 1023 2278 insigne
1053 2210 1218 2274 addit,
1251 2226 1372 2264 cum
1403 2210 1552 2275 dicit,
1582 2209 1664 2264 Ne
1687 2211 1883 2266 veniens
1924 2227 2044 2281 per-

451 2299 631 2351 cutiant
669 2309 852 2353 terram
881 2301 1144 2366 radicitus,
1179 2302 1472 2356 secundum
1513 2302 1628 2372 ejus
1654 2303 1939 2357 adventum
1982 2303 2045 2357 il-

450 2399 554 2444 lum
596 2392 887 2446 terribilem
919 2393 1215 2448 declarans.
1255 2393 1310 2447 In
1361 2395 1532 2462 primo
1577 2395 1718 2449 enim
1761 2409 1868 2450 non
1899 2395 2044 2450 venit

449 2492 727 2552 percutere
779 2496 998 2539 terram.
1034 2485 1152 2538 Non
1181 2487 1311 2538 enim
1342 2486 1452 2538 veni
1477 2526 1490 2547 ,
1522 2485 1711 2555 inquit,
1741 2497 1794 2538 ut
1815 2487 2043 2557 judicent

446 2573 723 2639 mundum,
753 2575 841 2628 sed
869 2585 919 2628 ut
955 2577 1150 2629 salvum
1179 2577 1364 2646 faciam
1395 2574 1589 2645 (Joan.
1634 2577 1718 2630 12.
1761 2579 1828 2632 47
1933 2578 2043 2632 Hoc

447 2682 574 2737 ergo
605 2667 731 2722 dicit
759 2669 1061 2738 signiﬁcans
1081 2711 1096 2734 ,
1119 2669 1410 2724 Thesbiten
1441 2678 1722 2724 venturum
1753 2685 1874 2726 esse
1917 2682 2042 2728 ante

445 2759 732 2814 adventum
762 2761 910 2815 illum
943 2763 993 2814 in
1022 2778 1125 2830 quo
1157 2761 1414 2831 judicium
1445 2763 1552 2816 lict.
1577 2762 1801 2816 Causam
1830 2779 2042 2832 quoque

443 2867 538 2906 cur
564 2865 816 2908 venturus
845 2855 914 2907 sit
952 2855 1126 2909 docet.
1161 2856 1415 2922 Qua-nam
1443 2857 1529 2911 illa
1559 2856 1683 2911 est?
1719 2855 1786 2912 Ut
1826 2856 2040 2911 Judaeos

443 2945 655 3000 inducat
681 2947 747 3000 ad
773 2947 1096 3002 credendum
1128 2949 1179 3002 in
1204 2948 1496 3012 Christum,
1518 2966 1583 3003 ne
1611 2950 1700 3002 illo
1725 2949 2038 3005 adveniente

440 3053 630 3091 omnes
660 3037 896 3092 funditus
919 3049 1155 3108 pereant.
1180 3041 1515 3111 Quapmpter
1546 3041 1596 3094 id
1628 3041 1730 3095 illis
1753 3042 1803 3094 in
1837 3057 2040 3096 memn-

442 3130 573 3186 iiam
606 3147 863 3187 revocans
889 3133 1017 3186 dicit
1049 3151 1060 3185 :
1097 3132 1160 3187 Et
1209 3135 1434 3189 restituet
1474 3135 1669 3199 omnia;
1703 3134 1752 3190 id
1794 3145 1896 3200 est,
1939 3134 2035 3190 Ju—

437 3225 677 3280 daeorum
699 3227 787 3296 qui
821 3237 945 3281 tunc
975 3227 1759 3296 supererunt,incredulitatem
1781 3229 2030 3298 corriget:

439 3317 664 3389 ideoque
712 3319 1114 3374 accuratissime
1147 3319 1395 3390 loquutus
1435 3330 1536 3374 est.
1568 3319 1683 3374 Non
1711 3320 1850 3374 enim
1878 3319 2033 3384 dixit,

436 3407 706 3464 Restituet
747 3425 841 3464 cor
881 3410 975 3463 lilii
1021 3426 1144 3480 erga
1179 3419 1382 3479 patrem
1409 3451 1424 3476 ,
1455 3410 1546 3465 sed
1574 3452 1588 3476 ,
1625 3409 1796 3464 Putris
1825 3427 1946 3482 erga
1971 3411 2036 3481 [i-

435 3499 578 3554 lium.
602 3498 737 3567 Quia
760 3501 900 3553 enim
927 3499 1095 3554 Jndmi
1134 3511 1314 3570 patres
1338 3509 1491 3554 erant
1519 3503 1902 3570 apostolorum,
1933 3503 2036 3556 hoc

437 3589 538 3644 sibi
570 3589 700 3654 vult,
729 3589 992 3646 Restituet
1018 3591 1083 3645 ad
1119 3591 1368 3662 dogmata
1401 3591 1628 3646 ﬁliorum
1658 3609 1900 3658 suorum,
1931 3593 2035 3650 hoc

355 3686 362 3692 '
434 3691 539 3747 est,
569 3682 955 3751 apostolorum,
984 3699 1078 3737 cor
1118 3693 1322 3754 patrum
1365 3685 1620 3754 ipsorum,
1651 3684 1752 3740 hoc
1794 3696 1878 3742 est
1914 3686 2034 3741 ani-

435 3790 580 3830 mum
602 3774 804 3832 Judaici
831 3778 1064 3848 generis.

503 3864 730 3923 Joannes
749 3867 982 3939 Baptista
998 3869 1141 3924 Elius
1163 3869 1510 3925 dictum—IS.
1536 3869 1662 3924 Dico
1683 3880 1850 3924 autem
1871 3872 2029 3937 vobis,

438 3955 584 4014 Elius
600 3961 716 4030 jam
755 3961 904 4026 venit,
937 3971 983 4014 et
1011 3978 1111 4015 non
1153 3973 1492 4033 cognoverunt
1522 3979 1655 4028 eum,
1687 3964 1778 4017 sed
1805 3967 2032 4034 fecerunt

433 4052 486 4106 in
507 4067 563 4106 eo
587 4069 911 4123 qutvcumque
939 4055 1219 4108 voluerunt.
1243 4055 1332 4110 Sic
1355 4067 1403 4110 et
1430 4055 1597 4111 Filius
1623 4058 1838 4112 hominis
1860 4075 2032 4129 passu.

435 4159 525 4196 rus
551 4153 622 4196 est
639 4143 699 4196 ab
723 4144 868 4212 ipsis.
903 4145 988 4199 15.
1016 4144 1156 4198 Tunc
1185 4145 1560 4213 intellexerunt,
1583 4149 1719 4210 quod
1740 4150 1802 4202 de
1830 4149 2032 4206 Joanne

433 4231 529 4285 hoc
544 4231 751 4287 dixisset
771 4234 858 4287 eis.
883 4234 1101 4290 Etiamsi
1122 4251 1221 4290 nec
1241 4238 1451 4303 scribze,
1470 4253 1568 4292 nec
1587 4238 1874 4309 Scriptum
1916 4240 2031 4296 bzec

431 4323 674 4380 dicerent
704 4341 718 4378 :
751 4325 848 4381 sed
895 4328 1018 4397 quia
1048 4335 1103 4382 et
1139 4329 1426 4395 acutiores,
1450 4339 1503 4383 et
1530 4328 1596 4383 ad
1641 4345 1703 4384 ea
1732 4347 1850 4401 qua:
1879 4331 2030 4387 dice-

433 4415 626 4472 bantur
654 4418 969 4474 attentiores
994 4430 1167 4485 erant,
1195 4421 1303 4475 cito
1331 4421 1726 4478 intellexerunt.
1747 4423 2028 4480 Undenam

434 4505 486 4560 id
528 4507 906 4564 intellexerunt
934 4510 1222 4582 discipuli?
1249 4509 1366 4565 Jam
1396 4509 1604 4566 dixerat
1630 4513 1709 4568 eis
1733 4555 1750 4580 ,
1795 4513 1917 4585 Ipse
1955 4525 2029 4570 est

433 4595 579 4652 Elias
617 4599 703 4666 qui
731 4611 969 4653 venturus
1012 4610 1124 4666 est;
1170 4600 1255 4655 hic
1282 4617 1410 4656 vero
1439 4601 1586 4668 dicit,
1613 4601 1732 4658 Jam
1758 4606 1890 4659 venit
1918 4622 1937 4671 ;
1974 4615 2028 4661 et

431 4703 666 4755 rursum,
701 4689 842 4744 Elius
862 4691 1020 4745 veniet
1049 4701 1095 4746 et
1124 4692 1346 4747 restituet
1371 4695 1542 4747 omnia
1567 4693 1783 4765 (Matth.
1803 4697 1888 4752 ll.
1913 4695 2023 4769 14).

431 4781 538 4838 Sed
567 4799 634 4840 ne
675 4784 922 4851 turberis,
965 4799 1138 4855 neque
1177 4800 1416 4842 errorem
1447 4787 1499 4842 in
1531 4787 1690 4843 dictis
1715 4790 2024 4859 suspiceris,

431 4876 478 4932 si
524 4876 684 4931 modo
710 4890 992 4933 venturum
1037 4893 1197 4944 esse,
1239 4880 1399 4935 modo
1439 4881 1650 4937 venisse
1693 4881 1853 4938 dicat.
1901 4882 2028 4939 llaec

431 4969 610 5025 omnia
649 4985 775 5025 vera
807 4981 965 5037 sunt;
992 4987 1116 5028 nam
1144 4988 1264 5027 cum
1293 4973 1417 5028 dicit
1450 4973 1620 5028 Eliam
1651 4985 1932 5031 venturum
1970 4985 2028 5032 et

433 5060 804 5114 restituturum
836 5075 958 5116 esse
989 5063 1167 5118 omnia
1192 5105 1208 5130 ,
1237 5063 1303 5119 de
1334 5065 1449 5134 ipso
1488 5063 1602 5120 Elia
1635 5065 1886 5137 loquitur,
1930 5067 2026 5124 de-

430 5165 536 5220 que
565 5148 737 5205 futura
765 5150 1070 5207 Judueorum
1099 5156 1450 5211 conversione
1475 5172 1488 5222 ;
1518 5172 1639 5212 cum
1667 5171 1844 5213 autem
1873 5157 2024 5226 dicit,

429 5239 554 5312 Ipse
573 5253 644 5298 est
668 5245 753 5314 qui
790 5255 1026 5300 venturus
1055 5255 1158 5301 erat
1179 5289 1197 5314 ,
1226 5261 1441 5318 propter
1471 5249 1752 5305 ministerii
1779 5251 2028 5308 similitu-

429 5333 612 5392 dinem
657 5335 916 5392 Joannem
948 5339 1117 5394 Eliam
1150 5349 1326 5396 vocat.
1360 5341 1489 5395 Nam
1517 5342 1790 5414 prophctte
1839 5361 2028 5413 quem-

429 5446 533 5500 que
563 5447 740 5504 regem
776 5435 968 5489 virtute
997 5435 1198 5491 clarum
1234 5436 1488 5494 Davidem
1519 5439 1797 5506 vocabant,
1832 5449 1886 5496 et
1928 5441 2022 5497 Ju-

433 5519 583 5577 dmos
612 5523 878 5594 principes
903 5525 1284 5591 Sodomorum,
1311 5543 1375 5582 ac
1406 5529 1540 5583 lilios
1560 5529 1891 5601 IEIltiOputl‘t,
1937 5533 2023 5588 id-

431 5625 535 5680 que
575 5631 637 5668 ex
681 5631 891 5671 morum
920 5617 1294 5673 similitudine.
1325 5618 1475 5674 Sicut
1497 5621 1640 5674 enim
1684 5621 1771 5676 ille
1801 5623 2020 5679 secundi

433 5702 693 5759 adventus
723 5723 1021 5773 praecursor
1065 5708 1274 5765 futurus
1294 5721 1395 5775 est,
1423 5709 1491 5764 ita
1514 5709 1600 5767 hic
1626 5711 1783 5781 primi
1813 5711 1931 5768 fuit.

504 5795 558 5851 2.
582 5796 763 5870 Neque
791 5799 909 5855 ideo
930 5810 1130 5858 tantum
1162 5803 1332 5860 Etiam
1371 5819 1512 5876 smpe
1544 5815 1696 5863 vocat
1722 5806 1892 5873 illum,
1923 5807 2017 5864 sed

1144 349 1203 404 S.
1243 345 1522 405 JOAN‘NIS
1547 345 2017 403 CHRYSOSTO)"
2058 347 2376 405 ARClllEl’.
2412 349 2950 412 (DNSTANTINOP.

2167 471 2225 516 ut
2243 461 2492 518 ostendat
2513 479 2572 520 se
2600 481 2722 520 cum
2747 469 2912 522 veteri
2952 469 3066 534 lege
3093 470 3378 528 admodum
3409 477 3761 548 concordare,

2165 565 2214 608 et
2249 554 2388 611 hunc
2429 556 2719 612 adventum
2751 561 3042 616 secundum
3084 564 3414 635 prophetiam
3453 584 3594 626 esse.
3640 571 3762 629 Ideo

2164 646 2436 718 subiungit
2460 666 2472 701 :
2515 647 2700 718 Venit,
2727 664 2774 705 et
2799 669 2899 706 non
2927 667 3263 723 cognoverunt
3289 675 3402 712 eum
3421 702 3437 727 ,
3467 671 3514 714 et
3538 666 3762 734 fecerunt

2163 739 2208 791 ei
2231 755 2556 810 quacumque
2579 742 2863 800 voluerunt.
2895 744 3032 813 Quid
3062 747 3164 801 sibi
3191 749 3302 803 vult
3323 750 3474 818 illud,
3495 753 3762 818 Quaecum-

2161 846 2256 886 que
2295 832 2628 887 voluerunt“?
2656 835 2708 888 In
2744 850 3016 891 carcerem
3063 847 3380 908 truserunt,
3422 846 3761 901 contumeliis

2166 921 2473 985 alleeerunt,
2501 923 2834 990 occiderunt,
2861 934 3022 995 caput
3051 927 3102 981 in
3134 928 3283 983 disco
3311 931 3568 986 tulerunt.
3598 934 3691 989 Sic
3712 946 3760 989 ct

2161 1011 2329 1067 Filius
2367 1013 2585 1068 hominis
2613 1033 2858 1086 passurus
2892 1028 2964 1072 est
2992 1019 3054 1072 ab
3099 1021 3242 1091 ipsis.
3279 1022 3462 1077 \‘iden‘
3486 1027 3757 1094 quomodo

2161 1119 2344 1159 rursus
2369 1115 2672 1175 opportune
2700 1108 2805 1162 illis
2837 1111 3138 1178 passionem
3161 1127 3311 1167 suam
3340 1129 3752 1187 commemorat,

2157 1210 2222 1248 ex
2247 1194 2470 1250 Joannis
2493 1198 2739 1266 passione
2767 1215 3010 1270 magnam
3048 1203 3152 1258 illis
3176 1205 3408 1260 aﬂ'erens
3424 1208 3752 1264 consolatio-

2158 1286 2314 1340 nem?
2337 1285 2520 1355 Neque
2544 1288 2667 1344 hinc
2694 1300 2916 1356 tantum,
2942 1294 3034 1348 sed
3067 1295 3207 1364 quod
3232 1296 3392 1350 etiam
3427 1313 3618 1368 magna
3646 1310 3753 1355 sta-

2157 1377 2248 1430 tim
2298 1379 2552 1434 miracula
2592 1380 2736 1436 edat.
2768 1381 2899 1437 Nam
2945 1399 3067 1439 cum
3099 1385 3168 1440 de
3195 1389 3442 1456 passione
3481 1391 3748 1460 loquitur,

2153 1468 2435 1523 confestim
2479 1471 2742 1527 mirabilia
2773 1484 2966 1542 patrat,
2996 1485 3051 1530 et
3075 1487 3358 1548 antequam
3387 1479 3438 1534 id
3477 1481 3746 1550 loquatur,

2155 1569 2208 1613 et
2239 1568 2516 1630 postquam
2551 1561 2804 1632 loquutus
2851 1574 2969 1633 est,
2999 1566 3050 1621 id
3076 1567 3216 1634 quod
3245 1585 3389 1639 sa-pe
3410 1571 3744 1628 observatur.

2157 1648 2296 1704 Tunc
2336 1651 2509 1720 igitur,
2540 1654 2730 1723 inquit,
2759 1657 2908 1724 caapit
2945 1659 3222 1726 ostendere,
3249 1661 3385 1730 quod
3408 1672 3658 1729 oporteret
3702 1676 3747 1718 et

2152 1759 2263 1794 eum
2291 1745 2430 1796 abire
2454 1743 2848 1818 Jerosolymam,
2868 1759 2913 1800 et
2939 1749 3122 1813 occidi,
3143 1760 3189 1805 et
3210 1752 3369 1806 multa
3398 1756 3503 1823 pati
3527 1753 3740 1820 (Matth.

2153 1835 2238 1890 l6.
2269 1835 2382 1903 2t).
2413 1835 2554 1890 Tunc
2577 1881 2592 1902 ,
2624 1840 3004 1908 quandonam?
3032 1843 3256 1909 Quando
3286 1846 3338 1900 in
3378 1848 3625 1904 confesso
3651 1849 3745 1904 luit

2149 1926 2320 1996 ipsum
2349 1942 2469 1983 esse
2495 1927 2765 1985 Christum
2797 1943 2850 1987 et
2880 1932 3072 1988 Filium
3093 1935 3203 1989 Dei.
3226 1936 3431 1991 Rursus
3455 1939 3506 1992 in
3536 1951 3740 2004 monte,

2147 2018 2363 2088 quando
2395 2020 2583 2074 miram
2614 2022 2718 2077 illis
2747 2024 3004 2080 visionem
3037 2027 3298 2092 exhibuit,
3331 2043 3452 2083 cum
3479 2029 3544 2084 de
3573 2031 3741 2101 gloria

2149 2109 2313 2179 ipsius
2341 2110 2688 2182 loquerentur
2723 2116 3016 2184 prophetm,
3046 2120 3348 2188 passionem
3379 2121 3507 2190 ipsis
3533 2138 3740 2177 momo-

2147 2201 2302 2255 ravit.
2339 2201 2623 2274 Postquam
2650 2205 2791 2260 enim
2822 2207 3042 2262 Joannis
3086 2208 3362 2265 historiam
3393 2223 3736 2278 narraverat,

2145 2294 2417 2363 sulijunxit
2446 2313 2461 2350 :
2495 2296 2586 2352 Sic
2623 2307 2671 2352 et
2697 2297 2863 2354 Filius
2893 2300 3108 2355 hominis
3143 2319 3386 2372 passurus
3413 2314 3486 2359 est
3511 2306 3574 2358 ab
3593 2307 3735 2376 ipsis.

2143 2385 2251 2440 Nec
2279 2386 2502 2442 multum
2534 2399 2714 2458 postea
2733 2431 2746 2452 ,
2775 2405 2897 2445 cum
2935 2391 3231 2448 du-monem
3261 2395 3437 2465 ejecit,
3467 2413 3624 2466 quem
3651 2397 3737 2451 di-

2143 2478 2335 2546 scipuli
2365 2481 2636 2547 expellere
2662 2497 2767 2534 non
2798 2492 3078 2550 potuerant
3104 2502 3118 2537 :
3150 2495 3276 2540 tunc
3312 2488 3476 2553 enim,
3518 2487 3642 2541 Cum
3683 2490 3737 2543 in

2144 2568 2412 2623 Galiltvam
2454 2580 2832 2638 reverterentur,
2879 2574 3069 2644 inquit,
3098 2575 3228 2630 dixit
3266 2579 3336 2632 eis
3376 2577 3528 2633 Iesus
3554 2595 3571 2632 :
3599 2577 3737 2632 Tra-

2142 2662 2337 2722 dendus
2375 2672 2449 2716 est
2476 2661 2524 2715 F
2525 2664 2644 2718 ilius
2672 2665 2890 2720 hominis
2917 2667 2970 2721 in
2998 2684 3179 2722 manus
3215 2671 3472 2724 hominum
3502 2681 3735 2740 peccato-

2136 2768 2273 2813 rum,
2287 2764 2334 2805 et
2349 2753 2575 2807 occident
2590 2771 2724 2819 eum,
2746 2765 2792 2809 et
2810 2758 2954 2809 tertia
2973 2757 3056 2812 die
3072 2771 3293 2830 resurget
3316 2759 3557 2834 (MatthJ
3571 2763 3621 2817 7.
3641 2762 3732 2817 21.

2139 2842 2269 2912 22).
2301 2843 2413 2899 Hoc
2441 2854 2620 2900 autem
2663 2845 2912 2915 faciebat,
2951 2857 3010 2903 ut
3042 2851 3408 2920 magnitudine
3446 2855 3732 2908 miraculo-

2141 2952 2257 2990 rum
2299 2937 2502 2994 doloris
2531 2955 2810 2994 excessum
2853 2942 3148 3009 minueret,
3179 2954 3233 2998 et
3265 2946 3574 3001 omnimodo
3612 2947 3732 3002 illos

2140 3027 2447 3098 solaretur,
2492 3032 2942 3102 quemadmodum
2999 3035 3100 3090 hoc
3129 3035 3248 3090 loco
3294 3047 3464 3093 morte
3511 3038 3734 3096 Joannis

2137 3132 2556 3177 commemorata
2600 3139 2846 3194 magnam
2893 3127 3020 3195 ipsis
3062 3127 3481 3184 consolationem
3531 3131 3726 3185 attulit.

2135 3210 2191 3266 Si
2217 3214 2336 3282 quis
2365 3229 2492 3268 vero
2525 3215 2720 3269 dixerit
2751 3233 2764 3268 :
2795 3216 2903 3271 Cur
2928 3234 3032 3272 non
3055 3219 3217 3274 etiam
3247 3236 3390 3275 nunc
3417 3222 3585 3276 Eliam
3611 3237 3732 3278 sns-

2136 3304 2317 3358 citavit
2354 3314 2408 3360 et
2448 3306 2614 3372 misit,
2643 3322 2764 3361 cum
2809 3317 2886 3362 tot
2917 3317 3164 3381 tantaque
3195 3311 3332 3366 bona
3373 3312 3490 3382 ejus
3526 3313 3729 3368 adven-

2138 3406 2247 3450 tum
2295 3397 2680 3454 testilicentur?
2707 3400 3151 3470 respondebimus
3171 3445 3186 3468 ,
3217 3403 3340 3474 quia
3371 3419 3511 3459 nunc
3539 3405 3724 3469 etiam,

2136 3504 2257 3542 cum
2309 3490 2594 3545 crederent
2634 3491 2806 3562 ipsum
2847 3491 3120 3548 Christum
3179 3509 3304 3550 esse
3349 3495 3560 3560 Eliam,
3615 3512 3724 3551 non

2136 3589 2313 3636 tamen
2339 3581 2684 3637 crediderunt
2727 3584 2798 3638 ei.
2829 3583 2962 3638 Nam
2993 3585 3095 3638 Alii
3123 3626 3137 3649 ,
3193 3586 3398 3656 inquit,
3458 3586 3630 3640 Etiam
3679 3599 3728 3642 te

2134 3671 2348 3736 dicunt,
2401 3672 2492 3726 alii
2533 3671 2811 3728 Jeremiam
2858 3672 3072 3747 (Matth.
3118 3675 3351 3747 16.14).
3396 3677 3555 3747 Atqui
3586 3677 3726 3734 inter

2132 3764 2392 3822 Joannem
2423 3776 2477 3822 et
2504 3766 2674 3822 Etiam
2698 3769 2900 3822 nullum
2931 3778 3046 3824 erat
3087 3770 3375 3826 discrimen
3401 3813 3416 3835 ,
3453 3772 3554 3826 nisi
3583 3781 3724 3827 tem-

2135 3862 2281 3931 poris
2319 3871 2545 3916 tantum.
2574 3863 2854 3931 Quomodo
2881 3879 3032 3934 ergo,
3057 3864 3286 3934 inquies,
3321 3875 3447 3920 tunc
3466 3865 3726 3922 credituri

2133 3955 2284 4008 sunt?
2311 3955 2468 4010 Certe
2495 3955 2586 4010 ille
2614 3965 2738 4010 tunc
2760 3957 3004 4011 restituet
3031 3959 3231 4025 omnia,
3264 3973 3371 4013 non
3394 3958 3554 4013 modo
3579 3957 3724 4029 quod

2133 4058 2292 4104 notus
2323 4049 2431 4115 sit,
2466 4049 2559 4106 sed
2591 4050 2734 4120 quod
2783 4051 2952 4121 gloria
2996 4050 3193 4107 Christi
3245 4053 3312 4107 ad
3353 4053 3500 4108 illum
3551 4068 3725 4124 usque

2129 4145 2272 4200 diem
2303 4143 2592 4200 admodum
2624 4144 2958 4201 extendendo
2989 4154 3043 4200 et
3067 4147 3310 4215 augenda
3341 4147 3450 4211 sit,
3499 4154 3554 4201 et
3579 4147 3722 4216 apud

2130 4251 2319 4294 omnes
2353 4238 2467 4294 sole
2509 4237 2840 4306 splendidior
2867 4237 2936 4291 sit
2962 4235 3156 4291 futura.
3184 4236 3314 4291 Cum
3343 4237 3519 4307 itaque
3544 4238 3724 4292 veniet

2130 4327 2241 4394 ille,
2269 4338 2545 4399 postquam
2587 4337 2730 4383 tanta
2780 4328 3115 4397 pra-cesserit
3165 4327 3490 4383 existimatio
3511 4369 3528 4395 ,
3567 4337 3715 4383 tanta

2129 4419 2457 4488 exspectatio
2481 4460 2498 4485 ,
2525 4419 2710 4474 eadem
2739 4419 2853 4490 ipsa
2877 4418 3176 4488 prtedicans
3206 4459 3221 4484 ,
3257 4428 3313 4478 et
3339 4418 3526 4474 Jesum
3569 4422 3590 4451 ¹
3618 4436 3721 4475 an-

2129 4509 2416 4578 nuntians,
2447 4508 2655 4566 facilius
2694 4509 2836 4565 dicta
2863 4511 3006 4565 illius
3031 4510 3347 4580 suscipient.
3378 4512 3511 4566 Cum
3538 4523 3716 4568 autem

2128 4599 2278 4668 dicit,
2303 4599 2427 4655 Non
2445 4611 2781 4671 cognoverunt
2809 4618 2942 4668 eum,
2970 4610 3026 4657 et
3055 4602 3172 4657 illos
3189 4617 3448 4658 excusare
3477 4603 3712 4670 videtur,

2127 4701 2183 4749 et
2211 4707 2316 4748 non
2345 4693 2423 4749 sic
2451 4693 2614 4748 modo
2638 4709 2732 4750 eos
2782 4694 3116 4762 consolatur,
3157 4694 3252 4749 sed
3275 4695 3420 4765 quod
3465 4696 3709 4752 ostendat

2126 4801 2187 4842 se
2216 4786 2412 4857 injuste
2439 4801 2721 4858 passurum
2749 4802 2870 4843 esse
2896 4829 2912 4854 ,
2941 4797 2996 4842 et
3019 4786 3162 4859 quod
3197 4788 3365 4844 tristia
3395 4788 3483 4843 illa
3507 4788 3718 4844 duobus

2126 4878 2398 4933 miraculis
2425 4877 2760 4950 obtegantur,
2811 4879 2906 4934 illo
2953 4879 3005 4934 in
3034 4889 3214 4935 monte
3255 4879 3402 4936 edito
3445 4922 3462 4947 ,
3508 4889 3564 4936 et
3610 4882 3717 4938 alio

2128 4976 2255 5024 tunc
2269 4967 2495 5024 edendo.
2519 4968 2612 5024 llis
2627 4984 2790 5041 porro
2807 4969 3026 5036 auditis,
3055 4986 3162 5026 non
3190 4971 3523 5043 interrogant
3543 4972 3715 5038 illum,

2125 5060 2462 5132 quandonam
2496 5061 2642 5116 Elias
2672 5073 2929 5119 venturus
2955 5065 3045 5126 sit,
3077 5064 3193 5120 sive
3229 5064 3301 5120 ob
3325 5080 3611 5122 mterorem
3636 5065 3724 5123 fu—

2125 5162 2259 5207 turas
2287 5152 2568 5223 passionis,
2611 5154 2723 5210 sive
2752 5155 2894 5224 quod
2929 5155 3027 5225 ipsi
3052 5155 3322 5213 timerent.
3365 5156 3520 5228 Saepe
3558 5173 3710 5214 nam-

2125 5258 2230 5313 que
2244 5258 2364 5298 cum
2389 5243 2568 5298 vident
2591 5243 2736 5298 illum
2756 5245 2900 5300 clare
2926 5244 3070 5316 loqui
3091 5252 3254 5313 nolle,
3277 5246 3715 5304 tacentdemum.

2125 5333 2256 5390 Cum
2287 5335 2448 5406 igitur
2485 5336 2538 5392 in
2564 5336 2779 5392 Galilaia
2814 5340 3150 5393 versantibus
3189 5339 3436 5407 diceret,
3462 5339 3716 5397 Futurum

2125 5434 2196 5479 est
2223 5433 2278 5479 ut
2307 5424 2473 5481 Filius
2499 5427 2719 5481 hominis
2743 5429 2994 5494 tradatur,
3030 5439 3080 5484 et
3119 5430 3346 5485 occident
3389 5447 3506 5486 eum
3532 5473 3549 5498 ,
3588 5433 3714 5487 sub-

2120 5515 2329 5586 junxit,
2362 5517 2430 5571 Et
2471 5519 2756 5576 contristati
2781 5529 2898 5575 sunt
2944 5521 3094 5576 valde
3133 5536 3152 5577 :
3190 5522 3333 5593 quod
3374 5522 3716 5582 subindicaut

2186 5697 2204 5726 ι
2239 5701 2364 5764 tisse,
2392 5691 2510 5764 quid
2529 5691 2625 5764 sibi
2655 5691 2754 5744 vult
2790 5693 2934 5758 illud,
2979 5713 3002 5744 ι
3028 5709 3343 5764 quaecumque
3389 5698 3662 5761 volnerant,
3683 5713 3710 5744 π

2121 5755 2302 5806 desunt
2323 5756 2372 5804 in
2399 5755 2562 5804 Morel.

2187 5817 2208 5849 ³
2243 5825 2385 5878 Unus,
2408 5814 2583 5881 filium,
2603 5831 2708 5882 pro,
2734 5826 2918 5871 Jesusts.
