4034 6456
412 389 503 443 iibI

409 503 515 557 duo
552 503 923 571 evangelista);
952 501 1183 556 Marcus
1222 500 1438 571 quidem
1466 500 1637 554 dicit:
1675 498 1991 570 Ignorabant

406 595 629 660 verbum,
661 610 751 647 nec
778 593 889 647 ausi
914 602 1030 646 sunt
1054 591 1202 645 illum
1224 592 1536 661 interrogare
1565 590 1759 662 (Marc.
1788 589 1841 645 9.
1875 588 1989 654 δεμ

407 686 577 742 Lucas
619 701 747 740 vero
793 705 805 739 :
838 684 966 739 Erat
1003 684 1352 740 absconditum
1393 687 1456 738 ab
1486 686 1557 739 eis
1584 724 1599 746 .
1649 700 1713 737 ne
1755 684 1993 736 sentirent

405 779 553 834 illud.
584 795 672 832 nec
700 779 812 832 ausi
832 788 1083 832 suntcum
1111 778 1426 848 interrogare
1451 779 1584 830 circa
1612 776 1811 831 verbum
1839 775 1988 841 (Luc.

406 870 456 923 9.
482 867 605 937 45).
651 869 736 922 Μ.
786 868 910 923 Cum
940 870 1185 923 venissent
1222 879 1389 922 autem
1418 869 1487 922 ad
1526 868 1755 935 turbant,
1787 868 1992 921 accessit

406 959 471 1011 ad
508 976 622 1012 cum
649 959 795 1012 homo
822 976 953 1030 genu
982 961 1188 1028 ﬂectens
1232 969 1349 1014 ante
1374 976 1523 1027 eum,
1564 969 1609 1013 et
1630 960 1801 1012 dicens
1833 973 1851 1010 :
1888 956 1992 1010 Do-

397 1052 556 1115 mine,
580 1051 812 1103 miserere
833 1050 941 1119 ﬁlio
964 1066 1095 1117 meo,
1129 1052 1366 1119 quoniam
1402 1052 1651 1106 lunaticus
1671 1059 1763 1116 est,
1789 1059 1837 1103 et
1861 1050 1993 1104 male

404 1151 616 1208 patitur.
648 1140 801 1210 Step2
825 1143 957 1195 enim
984 1143 1122 1195 cadit
1153 1144 1206 1196 in
1235 1143 1423 1213 ignem,
1456 1153 1503 1196 et
1526 1158 1661 1212 sa'pe
1686 1143 1739 1196 in
1764 1158 1947 1211 aquam
1971 1158 1990 1195 :

410 1233 502 1286 15.
536 1241 583 1285 et
610 1232 769 1285 obtuli
797 1250 906 1286 eum
935 1233 1199 1305 discipulis
1224 1237 1355 1302 tuis,
1385 1245 1430 1289 et
1464 1252 1563 1289 non
1587 1244 1854 1306 potuerunt
1875 1251 1989 1287 eum

402 1341 601 1378 curare.
625 1325 780 1379 Hune
808 1326 1077 1382 hominem
1106 1327 1265 1382 valde
1295 1328 1347 1382 in
1376 1326 1479 1382 ﬁde
1507 1327 1777 1381 inﬁrmum
1804 1336 1986 1381 osten-

402 1418 477 1472 dit
508 1417 779 1489 Scriptura
814 1437 828 1472 :
873 1418 922 1472 id
963 1420 1104 1490 quod
1146 1435 1210 1475 ex
1256 1420 1437 1475 multis
1464 1421 1638 1490 palam
1683 1428 1765 1474 est
1813 1440 1825 1475 :
1877 1428 1985 1473 ttttn

401 1507 544 1577 quod
582 1507 829 1563 Christus
867 1509 1048 1576 dicat,
1096 1508 1283 1564 Omnia
1327 1513 1586 1581 possibilia
1613 1520 1729 1565 sunt
1769 1512 1989 1565 credenti

404 1597 599 1668 (Marc.
631 1599 684 1653 9.
715 1598 805 1653 9.2.
828 1601 919 1670 ‘25)
953 1617 967 1664 ;
995 1610 1102 1655 tum
1131 1601 1273 1671 quod
1305 1604 1349 1656 is
1380 1605 1466 1673 qui
1494 1603 1752 1668 accessit,
1804 1603 1944 1657 dicat
1970 1643 1986 1665 ,

406 1691 613 1760 Adjuva
642 1692 1041 1747 incredulitatem
1073 1711 1234 1747 meam
1260 1710 1279 1758 ,'
1322 1695 1429 1749 imo
1457 1695 1614 1750 etiam
1645 1710 1709 1750 ex
1751 1710 1817 1750 eo
1844 1694 1986 1765 quod

401 1783 649 1841 Christus
674 1786 903 1841 dat-moui
946 1788 1226 1857 prtccipiat
1248 1830 1262 1851 ,
1305 1803 1372 1843 ne
1403 1790 1537 1843 ultra
1562 1790 1724 1843 intret
1753 1790 1803 1843 in
1827 1804 1983 1852 eum;

403 1894 467 1931 ac
495 1895 707 1933 rursum
735 1922 749 1944 ,
797 1881 938 1950 quod
967 1883 1128 1933 homo
1159 1882 1245 1936 ille
1271 1879 1483 1934 Christo
1514 1882 1654 1935 dicat
1679 1923 1693 1947 ,
1736 1880 1797 1935 Si
1825 1891 1982 1953 potes.

405 1976 483 2023 Ac
507 1971 717 2038 inquies
739 2012 752 2033 ,
780 1971 823 2025 si
854 1971 998 2026 illius
1028 1972 1371 2026 incredulitas
1398 1974 1448 2026 in
1477 1988 1635 2028 causa
1673 1973 1798 2036 fuit,
1846 1973 1985 2043 quod

403 2060 614 2114 daunon
643 2076 747 2115 non
772 2061 984 2128 exierit,
1008 2077 1104 2117 cur
1124 2074 1339 2118 accusat
1365 2064 1697 2134 discipulos?
1719 2064 1784 2120 Ut
1809 2073 1989 2119 osten-

404 2151 490 2205 dat
521 2166 613 2206 eos
639 2167 795 2221 posse
826 2195 842 2220 ,
894 2154 1104 2209 etiamsi
1148 2170 1309 2210 nemo
1394 2171 1521 2214 cttm
1563 2157 1668 2212 ﬁde
1706 2158 1975 2227 adducat,

405 2258 578 2311 tt‘gt'os
602 2259 810 2297 curare.
848 2242 914 2298 Ut
958 2243 1100 2297 enim
1144 2259 1289 2314 smpe
1328 2245 1633 2300 accedentis
1676 2245 1810 2300 ﬁdes
1855 2247 1987 2301 satis

418 2335 509 2387 fuit
544 2336 608 2389 ad
654 2337 916 2405 postulata
940 2337 1026 2392 vel
1055 2353 1085 2390 a
1113 2337 1406 2392 minoribus
1437 2338 1764 2407 impetranda
1790 2379 1805 2405 ,
1837 2339 1913 2393 sic
1936 2348 1989 2393 cl

406 2427 677 2494 operantis
700 2443 843 2496 srepe
865 2429 1032 2482 virtus
1059 2428 1155 2482 fuit
1177 2428 1326 2492 satis,
1350 2429 1465 2483 sine
1476 2429 1843 2483 accedentium
1862 2429 1985 2495 ﬁdo,

406 2518 471 2570 ad
499 2521 750 2574 miracula
798 2520 1074 2589 patranda.
1108 2521 1232 2574 llme
1258 2522 1417 2575 ambo
1469 2521 1519 2573 in
1563 2519 1852 2589 Scriptm-is
1894 2523 1988 2575 de-

406 2621 772 2665 monstrantur
801 2630 812 2666 :
841 2611 1121 2666 Cornelius
1151 2613 1291 2666 enim
1331 2612 1444 2667 sola
1477 2611 1580 2667 ﬁde
1610 2614 1832 2683 gratiam
1864 2613 1987 2683 Spi-

408 2700 545 2754 ritus
563 2703 783 2756 attraxit
804 2702 941 2769 (Act.
966 2704 1056 2772 lO)
1091 2722 1105 2759 :
1138 2705 1206 2759 ab
1226 2703 1442 2770 Elisaeo,
1466 2705 1684 2758 nemine
1715 2705 1986 2766 credente.

406 2801 663 2847 mortuus
696 2797 993 2850 suscitatus
1014 2812 1096 2851 est
1116 2798 1190 2865 (4.
1212 2797 1336 2867 Reg.
1354 2798 1419 2851 I5
1458 2796 1570 2858 21).
1592 2795 1723 2851 Nam
1748 2798 1838 2865 qui
1863 2814 1988 2864 pro-

400 2880 635 2948 ject-rant
661 2922 675 2947 ,
729 2899 832 2937 non
860 2899 921 2937 ex
955 2884 1085 2950 ﬁde,
1113 2886 1207 2940 sed
1239 2886 1308 2940 oh
1334 2897 1533 2943 metum
1567 2899 1767 2945 temere
1809 2891 1987 2961 proje-

410 2982 597 3026 ccrnnt
622 3016 635 3039 ,
664 2984 718 3028 et
745 2975 1037 3044 periculum
1082 2987 1382 3034 metuentes
1427 2980 1671 3050 fugerunt
1704 3000 1717 3035 :
1760 2983 1804 3036 is
1835 2986 1945 3053 ipse
1970 3026 1983 3049 ,

402 3064 492 3133 qui
525 3067 790 3135 projectus
818 3069 915 3123 fuit
943 3113 955 3134 ,
988 3079 1227 3125 mortuus
1251 3082 1405 3139 erat,
1444 3089 1615 3144 exque
1646 3077 1757 3130 sola
1793 3079 1985 3134 virtute

404 3159 541 3211 sacri
569 3160 834 3228 corporis,
866 3173 1105 3216 mortuus
1136 3166 1449 3219 resurrexit.
1480 3166 1630 3222 Unde
1656 3169 1830 3236 palam
1862 3181 1981 3238 est,

400 3247 690 3318 discipulos
719 3251 1009 3307 imbecillos
1030 3253 1234 3320 fuisse;
1267 3265 1317 3311 at
1355 3271 1460 3311 non
1487 3273 1709 3313 omnes:
1743 3275 1862 3315 nam
1893 3278 1979 3316 co-

401 3340 595 3396 luntum
624 3343 729 3397 illa:
757 3359 862 3398 non
892 3344 1132 3401 aderant.

484 3514 536 3568 5.
576 3515 678 3569 Sed
715 3516 927 3573 aliunde
958 3520 1077 3574 vide
1116 3521 1347 3579 hominis
1402 3526 1826 3601 impudentiam,
1856 3547 1992 3599 quo-

412 3607 573 3661 modo
618 3608 669 3662 in
710 3624 1000 3680 conspectu
1043 3615 1209 3669 tttrbze
1255 3616 1435 3672 Jesum
1489 3631 1761 3688 precetur,
1809 3635 1991 3676 contra

410 3701 705 3772 discipulos
741 3704 961 3774 loquens
983 3725 1007 3761 -:
1044 3723 1168 3762 nam
1213 3710 1331 3764 ait:
1374 3712 1534 3766 Attuli
1574 3730 1688 3766 eum
1731 3716 1994 3783 discipulis

410 3794 528 3852 tuis.
559 3803 607 3846 et
637 3812 735 3849 non
768 3807 1032 3864 potuerunt
1057 3815 1170 3853 eum
1197 3817 1395 3856 curare.
1426 3802 1532 3858 Sed
1556 3803 1799 3860 Christus
1828 3806 1993 3862 disci-

410 3884 565 3952 pulos
590 3902 716 3941 suos
747 3888 919 3957 palam
950 3904 1210 3947 excusans
1232 3934 1245 3955 ,
1273 3893 1528 3962 majorem
1556 3896 1631 3950 illi
1656 3898 1864 3966 culpam
1897 3901 1986 3953 tri—

410 3975 555 4040 huit,
586 3976 769 4032 dicens
797 3978 928 4035 :16.
962 3978 1007 4034 0
1048 3983 1302 4051 generatio
1341 3985 1604 4040 incredula
1642 3998 1687 4042 et
1718 4005 1946 4059 perversa
1971 4033 1986 4056 ,

407 4082 660 4136 usquequo
689 4069 940 4124 vobiscum
959 4088 1044 4125 ero
1060 4073 1085 4125 7
1101 4090 1204 4128 non
1233 4074 1377 4130 hunc
1400 4076 1573 4132 solum
1594 4079 1895 4148 alloquitur,
1925 4096 1991 4136 ne

410 4157 644 4213 turbaret
670 4174 813 4223 eum,
836 4162 929 4216 sed
960 4172 1013 4217 et
1041 4178 1228 4219 omnes
1255 4165 1490 4222 Judtcos.
1517 4168 1709 4223 Multos
1739 4170 1880 4224 enim
1911 4172 1988 4224 of.

406 4248 584 4302 l'ensos
608 4249 770 4305 luisse
793 4253 1079 4309 verisimile
1099 4264 1214 4321 est,
1247 4257 1488 4327 maleque
1509 4257 1577 4313 de
1596 4260 1871 4328 discipulis
1900 4279 1990 4315 su-

406 4339 638 4408 Spicatos
675 4355 815 4397 esse.
855 4344 990 4398 Cum
1018 4355 1196 4400 autem
1226 4347 1391 4413 dicit,
1426 4348 1694 4420 Usquequo
1737 4353 1987 4406 vobiscum

406 4448 489 4485 ero
513 4433 538 4484 ?
566 4433 801 4488 ostendit
826 4444 1079 4503 quantum
1111 4450 1339 4494 mortem
1374 4451 1605 4511 optaret,
1634 4452 1687 4497 et
1713 4443 1987 4499 desidera-

405 4532 486 4578 ret
510 4525 630 4579 hinc
653 4525 877 4596 migrare
902 4545 916 4592 ;
940 4530 1145 4601 sibique
1174 4548 1280 4586 non
1306 4534 1559 4605 cruciﬁgi,
1587 4536 1682 4590 sed
1704 4552 1824 4592 cum
1857 4539 1985 4607 ipsis

402 4616 600 4671 versari
633 4619 912 4674 molestum
942 4636 1082 4677 esse.
1114 4622 1223 4679 Nec
1245 4633 1525 4680 contentus
1556 4629 1846 4694 incnsasse,
1871 4632 1979 4685 ait:

403 4706 591 4773 Alfene
615 4710 716 4763 huc
740 4710 903 4778 ipsum
923 4714 991 4765 ad
1017 4730 1130 4779 me;
1160 4715 1553 4787 interrogatque
1582 4717 1753 4783 illum,
1783 4731 1982 4790 quanto

401 4806 641 4868 tempore
671 4799 917 4855 detentus
945 4815 1109 4871 esset,
1137 4813 1188 4858 ct
1215 4803 1504 4876 discipulos
1526 4824 1806 4875 excusans,
1838 4823 1888 4866 et
1921 4813 1985 4865 il-

398 4891 506 4943 lum
538 4892 590 4944 in
616 4906 764 4960 spem
793 4893 983 4948 bonam
1013 4910 1196 4965 agens,
1230 4904 1289 4951 ut
1314 4897 1574 4962 crederet,
1604 4914 1663 4954 se
1690 4917 1720 4954 a
1748 4902 1888 4956 malo
1915 4903 1980 4956 li-

396 4980 714 5036 berandum.
744 4984 917 5052 Ipsum
946 5002 1074 5041 vero
1103 4987 1330 5057 discerpi
1362 4989 1488 5043 sinit
1513 5032 1526 5055 ,
1559 5007 1669 5046 non
1697 4993 1763 5047 ad
1796 5006 1977 5050 osten-

394 5073 647 5128 tationem
670 5072 810 5143 (quia
829 5077 966 5130 enim
987 5079 1136 5132 turba
1156 5078 1473 5147 conﬂuebat,
1493 5081 1788 5151 increpavit
1807 5086 1976 5159 eum),

393 5162 488 5216 scd
518 5176 734 5233 propter
763 5166 932 5235 ipsum
961 5178 1162 5237 patrem
1182 5211 1198 5233 ,
1226 5180 1280 5224 ιιι
1308 5186 1429 5225 cum
1458 5171 1661 5229 videret
1682 5175 1975 5233 daemonem

395 5254 592 5309 turbati
621 5271 686 5309 eo
707 5257 845 5325 quod
875 5259 1021 5312 illum
1051 5271 1293 5316 vocasset
1320 5303 1333 5327 ,
1361 5263 1436 5317 sic
1463 5264 1649 5318 saltem
1682 5265 1840 5321 futuri
1875 5270 1974 5321 tui-

394 5347 555 5400 raculi
599 5346 754 5401 ﬁdem
792 5350 1110 5419 susciperet.
1148 5352 1411 5420 Quoniam
1452 5371 1576 5411 vero
1610 5356 1745 5411 dixit
1783 5358 1870 5411 ille
1895 5398 1911 5422 ,
1944 5373 1973 5412 a

390 5453 556 5504 puero
580 5450 822 5492 vexatum
845 5455 983 5507 esse,
1015 5453 1087 5505 et,
1113 5441 1173 5497 Si
1196 5453 1355 5515 potes,
1379 5444 1564 5515 adjuva
1584 5464 1679 5509 me,
1703 5448 1835 5502 dixit
1860 5449 1970 5517 ille,

392 5527 578 5580 Omnia
602 5529 863 5597 possibilia
889 5541 1004 5585 sunt
1031 5534 1250 5588 credenti
1278 5533 1468 5602 (Marc.
1499 5535 1551 5591 9.
1577 5536 1787 5608 20-22)
1808 5580 1822 5602 ,
1853 5554 1975 5593 rur-

389 5633 505 5672 sum
549 5620 695 5673 illum
738 5621 1044 5692 objurgans.
1090 5624 1154 5678 Et
1186 5625 1397 5694 quando
1441 5626 1682 5695 lcprosus
1710 5628 1875 5696 dixit,
1909 5628 1972 5685 Si

389 5712 481 5775 vis,
511 5719 650 5777 potes
680 5726 757 5763 me
786 5713 1032 5766 mundare
1061 5711 1209 5783 (Luc.
1241 5714 1294 5771 5.
1327 5714 1412 5788 l2.
1444 5715 1564 5787 15),
1593 5718 1707 5788 ejus
1739 5726 1968 5787 potesta-

390 5816 493 5858 tem
529 5806 838 5860 testiﬁcatus
862 5849 876 5873 ,
912 5808 1057 5861 illum
1099 5808 1317 5862 laudans
1353 5817 1408 5864 et
1435 5811 1631 5864 dictum
1678 5812 1804 5865 illud
1834 5827 1965 5866 con-

390 5893 608 5951 ﬁrmans
632 5897 782 5966 dixit,
814 5897 960 5968 I'oto,
985 5900 1248 5957 mundare.
1274 5900 1493 5968 Quando
1519 5910 1693 5958 autent
1725 5905 1806 5957 hic
1836 5902 1963 5957 nihil

1405 385 1469 441 IN
1510 373 1915 439 ΜᾹΤΤΗᾸΞΗΜ
1958 374 2186 436 ΙΙΟΜΙΙΑ.
2228 381 2382 437 LVII.
2425 383 2494 436 al.
2540 381 2715 437 LVIII.

3581 393 3689 449 562

2101 495 2263 565 ipsius
2295 504 2554 565 potestate
2573 496 2791 568 dignum
2816 496 3042 569 loquens
3064 499 3293 569 dixit,Si
3319 513 3477 573 potes.
3502 507 3689 576 adjuva

2100 604 2197 654 tne,
2223 588 2340 643 vide
2368 588 2634 658 quomodo
2663 589 2810 644 illum
2838 591 3088 661 corrigat,
3123 603 3180 649 ut
3200 595 3289 666 qni
3320 607 3503 652 contra
3529 615 3688 670 quam

2102 693 2195 748 par
2224 688 2340 733 erat
2367 679 2690 749 loqueretur.
2725 682 2862 749 Quid
2893 685 3032 737 enim
3060 685 3177 738 ait?
3207 685 3269 741 Si
3299 698 3438 757 potes
3463 690 3684 760 credere,

2099 774 2267 827 omnia
2294 774 2552 843 possibilia
2582 784 2698 828 sunt
2726 775 2946 831 credenti
2967 792 2987 842 ;
3018 777 3069 831 id
3098 787 3211 841 est.
3236 779 3401 834 Tanta
3436 799 3552 837 mea
3582 788 3687 838 vir-

2100 876 2182 918 tus
2213 874 2293 919 est
2319 907 2331 928 ,
2363 877 2415 919 ιιι
2445 875 2497 920 et
2527 866 2615 920 alii
2647 882 2767 922 meo
2806 868 3021 924 nomine
3048 871 3255 939 possint
3301 873 3555 928 miracula
3589 890 3685 945 pa-

2098 966 2261 1011 trare.
2308 957 2488 1027 Itaque
2537 958 2579 1012 si
2630 966 2681 1012 ttt
2723 959 2911 1015 credas
2941 970 2998 1015 ut
3041 973 3253 1030 opm'tet
3280 964 3500 1021 credere
3526 1009 3541 1032 ,
3572 968 3686 1038 ipse

2097 1064 2309 1120 quoque
2337 1065 2525 1106 curare
2554 1061 2706 1120 potes
2733 1064 2784 1106 et
2813 1052 2954 1108 hunc
2977 1065 3031 1109 et
3055 1055 3187 1110 alios
3218 1057 3433 1114 multos.
3466 1058 3534 1114 Et
3564 1074 3683 1115 cum

2097 1141 2210 1195 hcec
2236 1142 2474 1207 dixisset,
2505 1142 2890 1198 dtemoniacnm
2916 1145 3178 1200 liberavit.
3198 1147 3276 1202 Tu
3305 1164 3432 1203 vero
3466 1165 3532 1205 ne
3560 1151 3684 1206 inde

2098 1241 2297 1285 tantum
2315 1233 2432 1302 ejus
2452 1232 2840 1303 providentiam
2856 1245 2910 1290 et
2930 1235 3330 1291 beneﬁcentiam
3348 1237 3680 1308 consideres,

2094 1322 2185 1375 sed
2216 1323 2374 1376 etiam
2403 1339 2468 1377 ex
2490 1323 2583 1377 illo
2613 1333 2855 1396 tempore
2881 1341 2987 1397 quo
3010 1330 3275 1383 concessit
3299 1330 3439 1384 intus
3461 1345 3682 1387 manere

2092 1412 2413 1469 dremonem.
2442 1413 2552 1469 Nisi
2574 1415 2715 1470 enim
2743 1431 2931 1486 magna
2955 1425 3080 1472 tunc
3104 1419 3432 1487 providentia
3457 1420 3546 1476 ille
3567 1435 3683 1477 ser-

2094 1514 2245 1559 vatus
2268 1504 2472 1573 fuisset,
2501 1505 2704 1574 jamdiu
2727 1508 2993 1576 periisset.
3025 1508 3157 1563 Nam
3182 1510 3309 1564 etin
3336 1511 3509 1581 ignem
3530 1512 3680 1567 illum

2093 1596 2428 1665 eonjiciebat,
2460 1599 2651 1668 inquit,
2681 1610 2735 1654 et
2761 1600 2811 1653 in
2841 1615 3050 1669 aquam.
3079 1601 3177 1669 Qui
3200 1618 3324 1657 vero
3353 1603 3402 1657 id
3429 1604 3683 1674 audebat.

2091 1689 2372 1744 occidisset
2402 1690 2584 1760 utique
2616 1691 2715 1745 nisi
2746 1692 2798 1744 in
2827 1700 2972 1746 tanto
3001 1694 3178 1747 lurore
3205 1693 3413 1749 frenum
3442 1695 3517 1749 illi
3538 1696 3678 1751 Dens

2093 1780 2387 1850 injecisset:
2411 1782 2551 1851 quod
2578 1791 2632 1837 et
2658 1783 2733 1836 illi
2761 1783 2903 1852 passi
2931 1784 3172 1849 fuissent,
3203 1784 3291 1855 qui
3319 1786 3444 1840 nudi
3476 1802 3569 1854 per
3588 1787 3683 1842 de-

2091 1882 2230 1924 serta
2255 1870 2561 1937 currebant,
2588 1882 2640 1927 et
2668 1872 2930 1941 lapidibus
2950 1890 3069 1928 sese
3090 1875 3436 1945 impetebant.
3462 1877 3614 1942 Quod
3634 1879 3681 1933 si

2091 1963 2377 2018 lunaticnm
2400 1974 2571 2028 vocet,
2594 1981 2662 2020 ne
2690 1964 2918 2020 turberis
2938 1984 2950 2019 :
2971 1982 3090 2020 nam
3118 1968 3195 2021 sic
3217 1977 3369 2023 vocat
3390 1968 3555 2024 tilium
3574 1970 3685 2024 dte-

2092 2056 2319 2109 moniaci
2349 2065 2517 2126 pater.

2162 2145 2397 2199 Lunatici
2422 2164 2512 2200 cur
2537 2147 2607 2200 sic
2636 2146 2777 2205 dicti.
2815 2147 3032 2214 Quidam
3055 2150 3217 2203 sancti
3246 2160 3436 2204 montes
3454 2159 3679 2205 transtu-

2092 2238 2276 2295 lerunt.
2299 2268 2370 2278 —
2394 2237 2499 2293 Cur
2527 2254 2655 2308 ergo
2681 2238 2811 2293 dicit
2832 2241 3177 2308 evangelista,
3209 2240 3385 2309 ipsum
3416 2226 3676 2297 lunaticos

2092 2331 2287 2384 multos
2331 2331 2648 2385 curavisse?
2694 2331 2771 2383 Ex
2818 2332 2958 2400 vulgi
3003 2332 3255 2400 Opinione
3293 2332 3371 2386 sic
3417 2332 3672 2403 loquitur.

2094 2422 2308 2477 Daemon
2337 2424 2528 2493 quippe
2551 2431 2609 2477 nt
2631 2423 2730 2477 hoc
2753 2425 3072 2478 elementum
3091 2425 3464 2492 ealnmnietur,
3487 2440 3676 2480 secun-

2091 2512 2215 2567 dntn
2249 2514 2387 2567 lumc
2414 2529 2628 2567 cursum
2662 2514 2860 2567 invadit
2892 2513 3154 2577 homines,
3188 2523 3242 2569 et
3267 2513 3487 2569 dimittit
3516 2531 3532 2569 :
3565 2532 3670 2570 non

2092 2604 2230 2673 quod
2262 2604 2345 2659 illa
2387 2603 2436 2658 id
2473 2614 2742 2673 operetur,
2772 2605 2908 2658 absit
2936 2621 2949 2666 ;
2985 2604 3076 2659 sed
3110 2604 3160 2659 id
3191 2604 3356 2660 efﬁcit
3385 2621 3480 2675 per
3505 2605 3670 2660 vafri-

2094 2695 2217 2751 tiem
2254 2694 2462 2750 dmmon
2488 2739 2501 2760 ,
2531 2704 2588 2750 ut
2628 2696 2676 2750 id
2715 2697 2981 2752 elemento
3027 2699 3267 2766 imputet.
3302 2698 3531 2768 Ideoque
3563 2699 3676 2756 haec

2092 2788 2219 2842 falsa
2249 2790 2430 2859 opinio
2459 2790 2597 2858 apud
2643 2791 2954 2860 insipientes
2986 2790 3239 2855 invaluit,
3274 2795 3455 2860 sicque
3481 2791 3672 2857 delusi,

2094 2877 2193 2932 hoc
2223 2881 2436 2933 nomine
2462 2880 2735 2935 daemonas
2778 2880 3078 2948 hnjnsmodi
3110 2883 3381 2952 appellant
3411 2901 3423 2937 :
3453 2883 3504 2938 id
3534 2883 3674 2953 quod

2092 2969 2308 3024 minime
2349 2985 2533 3023 verum
2572 2980 2674 3024 est.
2714 2972 2798 3025 l8.
2839 2969 2983 3024 Tunc
3010 2981 3319 3025 accesserunt
3345 2973 3580 3045 discipuli
3606 2975 3678 3029 ad

2089 3076 2199 3112 eum
2225 3070 2432 3126 secreto,
2457 3071 2502 3115 et
2522 3063 2953 3132 interrogaverunt
2981 3079 3114 3126 eum,
3146 3079 3238 3116 cur
3264 3079 3365 3118 non
3395 3067 3675 3135 potuissent

2088 3150 2186 3219 ipsi
2210 3151 2486 3204 darmonem
2508 3152 2706 3216 ejicere.
2732 3152 2774 3205 Τ
2783 3152 2998 3207 imuiSse
3023 3153 3149 3206 mihi
3172 3154 3437 3222 videntur,
3459 3170 3528 3211 ne
3546 3171 3674 3211 cott-

2088 3258 2293 3298 cessam
2319 3244 2415 3298 sibi
2438 3244 2660 3314 gratiam
2685 3244 2977 3298 amiserint.
3008 3245 3330 3301 Potestatem
3352 3247 3493 3301 enim
3515 3263 3671 3303 acce-

2090 3346 2277 3404 perant
2315 3348 2497 3391 contra
2540 3338 2776 3407 impuros
2803 3336 3100 3394 dtemonas.
3150 3337 3274 3393 ideo
3302 3338 3669 3410 interrogant,

2097 3444 2343 3483 seorsum
2380 3431 2700 3484 accedentes
2723 3471 2737 3495 ,
2772 3445 2877 3482 non
2919 3430 3063 3498 quod
3095 3430 3484 3484 erubescerent
3513 3429 3678 3498 (cum

2095 3521 2262 3586 enim,
2293 3521 2410 3591 ipso
2438 3532 2584 3587 actu,
2611 3520 2993 3594 [impotentiae]
3016 3523 3247 3577 convicti
3279 3521 3532 3588 fuissent,
3566 3537 3676 3577 non

2094 3623 2212 3666 erat
2234 3614 2346 3683 jam
2373 3630 2470 3669 cur
2500 3615 2551 3667 id
2578 3613 2890 3669 conﬁtendo
2922 3613 3355 3684 erubescerent),
3405 3615 3500 3669 sed
3529 3615 3678 3684 quod

2093 3703 2159 3757 de
2192 3719 2392 3758 arcana
2426 3714 2480 3758 et
2510 3720 2705 3774 magna
2741 3721 2799 3759 re
2832 3705 2985 3759 illum
3031 3713 3217 3760 essent
3263 3704 3671 3774 inlet'rOgaturi.

2093 3793 2234 3861 Quid
2278 3797 2445 3865 igitur
2489 3796 2790 3852 Christus?
2840 3796 2932 3852 20.
2984 3795 3214 3867 Propter
3245 3796 3676 3850 incredulitatem

2092 3899 2356 3954 vestram,
2409 3891 2505 3943 ait.
2564 3890 2629 3944 Si
2671 3891 2811 3944 enim
2855 3889 3148 3943 habueritis
3185 3889 3345 3959 ﬁdem
3377 3889 3515 3942 sicut
3550 3905 3676 3958 gra-

2092 3995 2216 4030 num
2271 3981 2510 4048 sinapis,
2554 3980 2745 4034 dicetis
2798 3982 2967 4034 monti
3004 3982 3156 4045 huic,
3198 3980 3390 4034 Transi
3419 3981 3573 4046 hinc,
3621 3988 3673 4033 et

2093 4071 2358 4135 transibit,
2393 4082 2442 4125 et
2473 4072 2607 4125 nihil
2639 4071 2968 4141 impossibile
3004 4073 3146 4127 vobis
3172 4074 3292 4127 erit.
3326 4071 3481 4139 Quod
3516 4072 3561 4127 si
3587 4070 3673 4124 di-

2091 4161 2269 4227 xeris,
2314 4161 2543 4218 Ubinam
2587 4170 2823 4218 montem
2870 4164 3304 4219 transtulerunt?
3338 4164 3514 4220 dicam
3556 4167 3676 4220 illos

2091 4252 2260 4308 multo
2288 4253 2485 4324 majora
2516 4254 2727 4317 fecisse,
2756 4268 2878 4308 cum
2905 4255 3053 4309 mille
3085 4263 3323 4310 mortuos
3343 4257 3673 4311 suscitarint.

2090 4344 2271 4415 Neque
2310 4346 2450 4414 paris
2494 4346 2769 4415 potestatis
2810 4354 2929 4409 est,
2964 4357 3199 4402 montem
3242 4348 3565 4412 transferre,
3611 4362 3675 4400 ac

2089 4446 2316 4491 mortem
2348 4452 2375 4490 a
2408 4452 2632 4507 corpore
2658 4436 2877 4507 pellere.
2909 4436 3136 4492 Narrant
3163 4446 3283 4507 post
3309 4437 3432 4493 illos
3457 4450 3672 4493 sanctos

2089 4526 2345 4597 quosdam
2375 4527 2478 4582 illis
2506 4527 2759 4593 minores,
2792 4536 3002 4582 montes
3030 4528 3347 4583 necessitate
3367 4527 3671 4598 postulante

2091 4619 2443 4674 transtulisse.
2487 4617 2641 4674 Unde
2681 4619 2878 4689 liqueat
2910 4618 3029 4674 illos
3065 4634 3275 4690 quoque
3322 4619 3671 4674 translaturos

2086 4706 2269 4769 fuisse,
2288 4709 2329 4763 si
2355 4708 2403 4761 id
2427 4708 2714 4763 necessitas
2735 4709 3072 4777 postulasset.
3096 4709 3151 4764 Si
3177 4719 3354 4763 autem
3381 4724 3668 4778 numquam

2087 4814 2308 4855 necesse
2350 4799 2527 4866 fuerit,
2567 4814 2634 4854 ne
2674 4815 2869 4870 arguas
2900 4800 3038 4854 illos.
3081 4800 3328 4868 Alioquin
3354 4808 3532 4856 autem
3562 4816 3666 4854 non

2085 4890 2219 4945 dixit
2249 4891 2383 4960 ipse,
2413 4889 2640 4945 Omnino
2668 4890 3029 4954 transferetis,
3064 4890 3156 4945 sed
3185 4933 3198 4951 .
3231 4890 3283 4945 Id
3319 4890 3579 4959 poteritis.
3612 4892 3666 4945 Si

2085 4998 2245 5053 porro
2289 4998 2394 5037 non
2434 4984 2817 5037 transtulerunt
2844 5023 2858 5047 ,
2904 4998 3011 5037 non
3053 4982 3194 5052 quod
3244 4999 3351 5038 non
3398 4993 3664 5052 possent.

2084 5075 2394 5147 (quomodo
2421 5074 2561 5127 cnim
2593 5074 2681 5144 qui
2711 5074 2909 5143 majora
2938 5074 3201 5143 possent?
3225 5077 3241 5145 )
3272 5074 3367 5130 sed
3393 5074 3534 5145 quod
3565 5090 3667 5129 no-

2082 5169 2277 5223 luerint
2304 5169 2502 5238 absque
2532 5169 2865 5222 necessitate.
2902 5168 3079 5224 Potuit
3102 5170 3262 5224 etiam
3288 5169 3340 5225 id
3364 5170 3622 5225 accidisse
3650 5211 3665 5231 ,

2081 5260 2178 5314 etsi
2220 5260 2475 5329 scriptum
2515 5276 2619 5313 non
2648 5259 2843 5327 fuerit;
2876 5277 3048 5330 neque
3070 5263 3213 5317 enim
3238 5264 3415 5318 omnia
3440 5279 3559 5334 quas
3587 5264 3663 5319 illi

2079 5352 2299 5407 edidere
2324 5353 2573 5406 miracula
2604 5353 2798 5422 scripta
2826 5362 2969 5408 sunt.
2999 5355 3147 5411 Tunc
3178 5371 3337 5425 porro
3362 5355 3528 5410 multo
3565 5355 3662 5409 im-

2079 5442 2425 5512 perfectiores
2458 5452 2631 5497 erant.
2673 5444 2809 5511 Quid
2856 5445 3056 5515 igitur?
3084 5462 3151 5500 an
3193 5447 3425 5501 nondum
3458 5454 3659 5499 tantam

2078 5536 2236 5591 ﬁdem
2276 5535 2577 5590 habebant?
2611 5535 2725 5590 Non
2754 5537 2938 5607 utique
2965 5536 3231 5591 habebant
3254 5578 3266 5599 ,
3296 5551 3469 5606 neque
3497 5535 3658 5592 iidem

2077 5629 2176 5699 ipsi
2219 5643 2431 5697 semper
2468 5629 2616 5683 fuere
2643 5647 2656 5681 :
2690 5629 3114 5697 quandoquidem
3146 5628 3335 5682 Petrus
3362 5641 3505 5682 nunc
3534 5628 3659 5683 bea-

2077 5729 2161 5775 tus
2190 5720 2527 5790 praedicatur,
2567 5736 2706 5775 nunc
2745 5722 3082 5789 iuerepatur;
3113 5718 3308 5790 reliqui
3347 5735 3477 5774 vero
3506 5722 3656 5791 quasi

2075 5812 2385 5881 insipientes
2420 5822 2716 5875 arguuntur
2759 5812 2826 5866 ab
2871 5812 2985 5880 ipso
3010 5853 3025 5877 ,
3068 5811 3209 5880 quod
3255 5811 3562 5881 parabolatn
3587 5812 3660 5867 de

2076 5902 2338 5961 fermento
2365 5919 2472 5960 non
2505 5903 2911 5959 intellexissent.
2957 5901 3191 5976 Contigit
3228 5917 3406 5961 autem
3443 5913 3502 5960 ut
3529 5914 3656 5962 tune
