4034 6394
402 294 508 349 563

400 409 649 480 discipuli
676 408 1042 465 imbecillitate
1068 409 1373 465 laborarent
1404 428 1418 466 :
1447 409 1525 466 sic
1549 410 1692 466 enim
1721 420 1848 467 ante
1872 427 1995 468 cru-

399 518 518 557 cem
539 511 594 558 et
617 503 920 573 passionem
943 501 1172 559 fuerant.
1203 501 1299 558 Hie
1323 517 1484 574 porro
1503 503 1572 559 de
1593 505 1866 575 signorum
1888 505 1998 564 ﬁde

401 596 653 667 loquitur,
684 605 740 651 et
769 596 977 666 sinapin
1009 595 1264 661 adhibet,
1296 606 1357 653 ut
1381 596 1499 666 ejus
1524 597 1844 654 ineﬁ'abilem
1877 599 1989 655 vir-

399 694 566 742 tutem
616 687 900 758 signiﬁcet.
945 686 1094 743 Licet
1131 687 1275 742 enim
1328 689 1472 744 mole
1525 690 1744 744 minima
1793 691 1994 763 sinapis

399 780 644 836 videatur
663 796 783 836 esse
810 822 824 844 ,
861 782 966 834 vim
993 789 1172 837 tamen
1217 781 1379 838 habet
1414 795 1651 838 omnium
1684 785 1990 842 maximam.

399 870 611 927 Docens
654 873 832 942 igitur,
876 875 1139 929 sinceram
1183 873 1342 930 ﬁdem
1377 875 1460 930 vel
1492 876 1767 930 minimam
1796 893 1990 948 magna

397 979 590 1034 posse,
623 963 832 1035 sinapin
867 972 1258 1022 commemorat
1287 983 1301 1020 :
1336 971 1511 1036 neque
1537 965 1624 1022 hic
1649 967 1871 1036 gradum
1913 969 1990 1022 si-

394 1066 566 1124 stens,
591 1067 801 1115 montes
825 1059 1049 1128 addidit,
1069 1068 1125 1114 et
1150 1060 1286 1115 ultra
1311 1074 1626 1130 progressus
1651 1059 1818 1114 dixit:
1839 1059 1991 1116 Nihil

394 1149 531 1202 vobis
557 1148 868 1218 impossibile
895 1152 1006 1205 erit.

463 1241 520 1296 4.
549 1240 775 1311 Spiritus
795 1243 970 1296 t-irtus.
997 1240 1207 1312 Jejuuio
1227 1252 1272 1297 et
1296 1244 1522 1297 oratione
1541 1259 1668 1313 Opus
1693 1253 1765 1298 est
1785 1246 1852 1298 ad
1877 1245 1987 1299 da:-

391 1348 572 1388 monas
590 1335 871 1405 pellendos.
891 1364 961 1375 -—
982 1335 1062 1390 Tu
1085 1351 1211 1390 vero
1238 1335 1326 1391 hic
1351 1336 1564 1390 illorum
1595 1336 1984 1408 philosophiam

391 1426 628 1491 mirare,
657 1436 710 1481 et
750 1426 980 1497 Spiritus
1022 1428 1270 1482 virtutem
1310 1445 1324 1481 :
1364 1428 1756 1499 philosophiam
1782 1471 1798 1497 ,
1841 1429 1985 1500 quod

388 1531 545 1572 suam
571 1518 937 1587 impotentiam
968 1535 1072 1573 non
1097 1521 1483 1575 occultaveriut
1509 1536 1523 1585 ;
1554 1521 1782 1592 Spiritus
1811 1522 1983 1575 virtu-

389 1616 498 1662 tem
524 1649 539 1672 ,
571 1608 714 1679 quod
755 1623 849 1663 eos
869 1649 884 1675 ,
916 1610 1002 1680 qui
1035 1625 1134 1664 nec
1171 1610 1329 1666 ﬁdem
1366 1611 1500 1666 sicut
1529 1627 1753 1682 granum
1784 1611 1984 1682 sinapis

390 1699 700 1768 habebant,
736 1703 813 1758 sic
850 1703 1099 1772 paulatim
1129 1704 1414 1770 extulerit,
1449 1713 1506 1758 ut
1557 1703 1678 1759 ﬁdei
1721 1704 1892 1760 fontes
1929 1715 1984 1761 et

390 1790 604 1846 ﬁumina
621 1793 671 1846 in
687 1793 789 1848 illis
805 1794 1144 1850 scaturirent.
1163 1795 1226 1850 ει
1239 1834 1254 1848 .
1275 1794 1443 1850 Genus
1463 1806 1630 1850 autem
1653 1797 1747 1850 hoc
1763 1813 1863 1850 non
1882 1797 1978 1864 eji-

387 1886 538 1950 ritur,
568 1885 666 1940 nisi
702 1886 756 1940 in
796 1887 1026 1942 oratione
1061 1896 1110 1941 et
1150 1889 1356 1958 jejunio
1379 1928 1394 1952 ,
1427 1887 1624 1957 adjecit
1653 1889 1743 1943 ille
1769 1906 1782 1942 :
1809 1901 1980 1959 genus

333 1974 342 1980 ’
386 1975 688 2031 daemonum
712 1993 870 2032 omne
884 1978 1034 2043 dicit,
1059 1995 1164 2034 non
1189 1989 1390 2034 tantum
1407 1996 1574 2050 genus
1596 1982 1975 2038 lunaticorum.

384 2065 574 2122 Viden’
607 2068 878 2138 quomodo
903 2070 1093 2140 jejunii
1122 2071 1324 2126 semina
1353 2072 1528 2141 jacit?
1556 2073 1662 2128 Nec
1695 2075 1822 2128 tnihi
1855 2091 1977 2129 raro

383 2159 630 2228 exemplo
663 2159 844 2224 dicas,
874 2162 1133 2231 quosdam
1171 2163 1289 2218 sine
1322 2164 1527 2234 jejunio
1559 2164 1833 2221 daunonas
1861 2168 1976 2236 eje-

382 2250 540 2304 cisse.
569 2249 698 2304 Nam
728 2252 772 2306 si
805 2267 939 2306 unius
963 2261 1056 2308 aut
1085 2253 1220 2308 alter
1250 2255 1578 2324 increpando
1603 2255 1680 2311 sic
1703 2258 1974 2327 expulisse

383 2351 648 2408 narretur,
683 2341 795 2398 ﬁeri
828 2344 1014 2414 nequit
1041 2353 1098 2399 ut
1127 2345 1172 2400 si
1204 2345 1249 2400 is
1275 2347 1364 2416 qui
1392 2345 1442 2401 id
1469 2347 1666 2415 patitur
1690 2349 1740 2402 in
1768 2349 1975 2403 deliciis

381 2435 543 2498 vivat,
571 2436 638 2490 ab
666 2435 768 2492 hoc
798 2452 1050 2507 umquam
1082 2436 1264 2493 furore
1294 2439 1568 2494 liberetur.
1595 2438 1806 2509 Jejunio
1831 2441 1973 2494 enim

377 2537 435 2584 et
463 2529 704 2584 oratione
736 2529 970 2584 maxime
995 2545 1129 2599 opus
1153 2539 1234 2584 est
1263 2531 1334 2595 ei,
1358 2530 1447 2601 qui
1477 2531 1578 2586 hoc
1602 2531 1792 2586 morbo
1821 2531 1972 2588 labo-

377 2629 480 2674 rat.
513 2621 616 2674 Sed
643 2621 687 2675 si
717 2620 823 2676 ﬁde
847 2636 980 2690 opus
1012 2631 1127 2686 est,
1161 2622 1392 2692 inquies.
1425 2638 1520 2676 cur
1545 2638 1680 2692 opus
1705 2633 1787 2677 est
1811 2633 1866 2678 et
1885 2624 1994 2692 je--

373 2710 565 2780 junio?
591 2710 722 2778 Quia
747 2727 866 2766 cum
899 2711 1002 2767 ﬁde
1024 2712 1286 2782 jejunium
1315 2728 1418 2768 non
1443 2728 1656 2783 parvam
1689 2714 1836 2769 addit
1867 2715 1969 2768 fur-

379 2806 660 2860 titudinem
695 2823 710 2858 :
751 2806 1141 2877 phil080phiam
1181 2807 1378 2877 quippe
1421 2823 1666 2877 magnam
1715 2808 1884 2871 indit,
1917 2817 1970 2862 et

380 2897 632 2968 angelum
663 2913 727 2952 ex
759 2897 976 2953 homine
1005 2898 1190 2966 efﬁcit,
1220 2909 1272 2954 et
1293 2915 1414 2954 eum
1446 2901 1774 2968 incol-porcis
1800 2900 1968 2954 virtu-

376 2990 517 3044 tibus
544 2999 777 3060 pugnat;
808 3005 991 3046 verum
1015 3007 1120 3046 non
1150 2991 1346 3046 sufficit
1368 2991 1517 3057 illud,
1547 2992 1640 3047 sed
1669 2992 1789 3047 addi
1812 2993 1970 3047 debet

378 3083 549 3136 oratio
568 3122 584 3148 ,
611 3098 731 3152 quze
762 3084 926 3137 etiam
956 3094 1158 3154 prmeat
1186 3093 1416 3153 Oportet.
1453 3083 1580 3140 Vide
1609 3100 1737 3154 ergo
1767 3093 1966 3154 quanta

375 3176 514 3230 bona
553 3192 621 3231 .e-x
658 3185 884 3246 utroque
920 3177 1222 3246 gignantur.
1256 3176 1389 3244 Quia
1421 3177 1564 3230 enim
1597 3178 1686 3248 qui
1719 3187 1967 3246 precatur

375 3277 434 3322 ut
461 3267 636 3330 decet,
666 3277 720 3323 et
756 3267 997 3337 jejunat,
1030 3281 1136 3322 nou
1173 3268 1357 3322 multis
1399 3267 1634 3339 indiget;
1668 3268 1756 3338 qui
1785 3278 1963 3323 autem

371 3375 478 3415 non
515 3361 694 3416 multis
731 3361 966 3431 indiget,
1011 3376 1116 3415 non
1161 3362 1398 3430 pecunia:
1428 3376 1614 3415 amans
1647 3361 1844 3428 fuerit;
1874 3364 1966 3433 qui

373 3455 615 3522 pecunia:
637 3469 826 3509 amans
847 3469 952 3508 non
974 3463 1076 3517 est,
1104 3453 1170 3507 ad
1196 3454 1589 3524 eleemosynam
1621 3471 1819 3524 prouus
1840 3457 1962 3511 erit.

371 3546 473 3611 Qui
509 3545 716 3615 jejunat
740 3586 756 3610 ,
786 3546 952 3600 levior
981 3556 1064 3600 est
1086 3555 1138 3600 et
1165 3547 1315 3614 quasi
1341 3546 1546 3610 alatus,
1576 3547 1967 3618 vigilanterque

374 3647 514 3702 orat,
535 3637 703 3693 malas
722 3637 1200 3708 concupiscientias
1220 3639 1528 3706 exstinguit,
1556 3639 1832 3709 Deumque
1851 3639 1963 3709 pla-

371 3741 478 3795 cat,
503 3731 694 3786 elatam
721 3731 954 3786 auimam
983 3729 1247 3786 humiliat.
1282 3731 1407 3787 Ideo
1426 3732 1650 3800 apostoli
1681 3731 1793 3786 fere
1817 3747 1962 3788 sem-

373 3838 470 3891 per
489 3823 825 3893 jejunabant.
852 3823 952 3891 Qui
977 3838 1139 3878 orans
1165 3823 1405 3894 jejunat,
1438 3823 1592 3879 binas
1617 3823 1780 3880 habet
1807 3825 1920 3880 alas
1941 3866 1958 3890 ,

371 3919 507 3988 ipsis
521 3922 694 3975 ventis
715 3923 967 3976 leviores.
983 3922 1265 3977 Nonenim
1281 3924 1497 3989 oscitat,
1513 3938 1620 3978 non
1639 3922 1954 3995 pandicula-

372 4016 460 4059 tur
479 4023 579 4061 nec
603 4019 784 4077 torpet
802 4011 1034 4072 orando,
1065 4021 1123 4064 ut
1150 4011 1308 4065 multi
1341 4013 1522 4066 solent
1547 4030 1561 4067 :
1589 4011 1684 4067 sed
1715 4022 1800 4069 est
1826 4014 1954 4084 igne

369 4095 666 4162 ardentior,
690 4107 744 4152 et
775 4107 914 4152 terra
943 4100 1220 4168 superior:
1246 4100 1472 4171 ideoque
1501 4103 1733 4159 maxime
1756 4105 1960 4158 dumm-

367 4201 495 4240 num
524 4185 693 4242 hostis
720 4198 774 4242 et
802 4189 1067 4244 inimicus.
1095 4189 1236 4244 Nihil
1269 4192 1409 4246 enim
1445 4195 1712 4260 potentius
1743 4195 1959 4252 homine

368 4277 533 4346 probe
573 4288 780 4335 orante.
822 4279 956 4334 Nam
997 4282 1041 4336 si
1081 4282 1276 4337 mulier
1314 4284 1398 4338 illa
1421 4283 1572 4353 (Luc.
1603 4286 1688 4341 18.
1719 4287 1810 4358 5),
1837 4304 1961 4342 cru-

365 4370 538 4426 dclem
569 4374 862 4444 principem
885 4415 899 4440 ,
929 4377 1015 4444 qui
1042 4391 1143 4430 nec
1167 4376 1334 4431 Deum
1363 4377 1600 4442 timebat,
1632 4393 1731 4433 nec
1785 4380 1958 4435 homi-

367 4478 487 4518 nem
519 4466 887 4534 revercbatur,
916 4468 1136 4524 flectere
1163 4469 1332 4539 potuit
1357 4488 1368 4523 :
1391 4469 1560 4525 multo
1589 4472 1758 4542 magis
1788 4473 1954 4529 Demn

364 4557 564 4624 flectet,
593 4560 684 4630 qui
709 4559 1016 4633 frequenter
1044 4564 1245 4630 instat,
1273 4563 1364 4634 qui
1395 4563 1569 4619 ventri
1597 4565 1864 4635 imperat,
1890 4584 1954 4624 ac

361 4647 579 4705 delicias
609 4651 775 4722 ejicit.

432 4739 553 4795 Non
597 4743 963 4816 indulgentium
1007 4747 1221 4803 deliciis.
1264 4748 1410 4804 Gula:
1429 4759 1476 4806 et
1500 4753 1761 4808 edacitatis
1789 4754 1950 4810 ntala.

357 4861 430 4871 —
457 4832 606 4900 Quod
633 4837 677 4890 si
694 4837 964 4894 inﬁrmum
988 4841 1080 4897 tibi
1103 4855 1411 4913 corpusest,
1445 4854 1504 4899 ut
1538 4861 1642 4901 non
1666 4847 1838 4915 possis
1864 4863 1951 4902 as-

357 4924 512 4982 sidue
558 4928 802 4995 jejunare
821 4973 837 4996 ,
863 4942 920 4986 at
943 4934 1209 4990 infirmum
1242 4951 1346 4992 non
1375 4945 1458 4991 est
1483 4937 1550 4991 ad
1577 4938 1862 4999 orandum.
1887 4949 1943 4996 et

355 5018 422 5072 ad
449 5021 648 5074 ventris
673 5021 890 5078 delicias
916 5030 1266 5094 spernendas.
1317 5029 1449 5083 Nam
1495 5029 1540 5084 si
1565 5029 1813 5100 jejunare
1841 5046 1945 5085 non

357 5118 529 5178 potes,
559 5120 614 5164 at
653 5121 802 5182 potes
834 5129 938 5168 non
989 5116 1192 5173 deliciis
1239 5119 1586 5177 incumbere:
1617 5121 1743 5176 illud
1769 5133 1948 5177 autem

356 5216 461 5256 non
496 5219 714 5272 parvum
735 5215 839 5271 est,
869 5222 1009 5261 neca
1028 5208 1230 5277 jejunio
1252 5213 1474 5267 multum
1501 5213 1661 5268 distat
1685 5231 1700 5278 ;
1729 5215 1820 5270 sed
1839 5215 1950 5270 Suf-

357 5293 463 5348 ficit
505 5293 570 5348 ad
601 5295 800 5351 diaboli
829 5297 1060 5352 furorem
1086 5300 1463 5371 dejiciendum.
1499 5304 1639 5359 Nihil
1691 5307 1832 5362 enim
1877 5307 1945 5361 ita

357 5397 500 5440 amat
549 5388 637 5442 ille
662 5431 676 5454 ,
703 5399 762 5443 ut
798 5389 936 5460 gula:
965 5390 1183 5447 delicias
1212 5402 1268 5449 et
1321 5395 1655 5462 ebrietatem,
1696 5413 1818 5467 quae
1864 5408 1948 5452 est

353 5479 796 5538 omniummater
832 5483 1114 5538 malorum.
1160 5485 1264 5540 Per
1284 5488 1422 5542 hanc
1447 5488 1572 5542 olim
1599 5487 1865 5545 lsraelitas
1892 5491 1945 5545 in

355 5563 706 5626 idololatriam
737 5572 1070 5642 dejecit,per
1108 5575 1244 5631 hanc
1267 5577 1571 5633 Sodomitas
1623 5579 1677 5634 in
1728 5595 1944 5638 amores

355 5655 565 5724 iniquos
596 5661 963 5723 inﬂammavit.
1019 5666 1146 5723 llam
1189 5670 1351 5736 enim,
1383 5672 1477 5735 ait,
1503 5672 1745 5738 iniquitas
1773 5672 1944 5726 Sodo-

356 5761 584 5812 "19mm;
616 5752 668 5804 5η
695 5757 949 5824 superbia,
977 5761 1030 5813 in
1058 5763 1319 5818 saturitate
1349 5763 1517 5835 panis,
1547 5773 1592 5818 et
1611 5763 1664 5818 in
1685 5767 1942 5835 prosperi-

1111 296 1167 352 S.
1208 294 1486 354 JOANNIS
1520 294 1968 354 CHRYSOSTOM

2078 299 2356 360 BCHIEP.
2397 308 2934 372 (DNSTAN‘I'IMP.

3591 335 3698 393 SM

2103 424 2208 471 tate
2244 419 2866 495 luxuriabanturthech.
2905 430 2990 486 16.
3023 431 3115 505 49)
3150 452 3164 488 :
3197 431 3298 492 hac
3323 437 3520 495 multos
3567 446 3706 498 item

2101 509 2236 568 alios
2284 515 2516 584 perdidit
2558 521 2923 595 gebennaeque
2954 525 3190 584 tradidit.
3228 529 3366 597 Quid
3395 533 3537 588 enim
3568 538 3700 596 mali

2099 619 2206 658 non
2256 619 2544 678 Operautur
2595 614 2800 671 deliciae
2852 621 3086 675 mensze?
3133 622 3388 679 Homines
3416 626 3468 680 in
3501 642 3665 697 porco

2099 709 2448 768 commutant,
2480 714 2533 756 et
2560 708 2736 774 porcis
2765 708 3065 768 deteriores
3086 712 3344 772 efﬁciunt.
3401 717 3534 774 Nam
3563 736 3692 790 por-

2096 805 2192 844 cus
2222 792 2272 846 in
2301 808 2456 848 coeno
2483 797 2772 865 volutatur,
2810 811 2863 856 et
2888 813 3129 861 stercore
3155 808 3420 874 nutritur;
3447 809 3534 865 hic
3562 827 3694 868 vero

2096 886 2264 955 magis
2288 887 2699 952 abominandam
2728 894 2827 950 sibi
2856 907 3010 968 parat
3040 914 3302 966 mensam,
3333 905 3508 961 coitus
3533 905 3696 961 illlcio
3741 901 3748 909 ’

2095 985 2179 1032 tos
2205 981 2532 1050 excogitans,
2556 993 2610 1040 ct
2640 986 2852 1058 iniquos
2877 1004 3110 1046 amores.
3149 991 3248 1049 Hic
3274 994 3403 1050 nihil
3431 1011 3461 1050 a
3487 997 3698 1053 daemo-

2095 1071 2247 1126 niaco
2297 1073 2473 1130 differt
2503 1094 2515 1127 :
2547 1093 2668 1132 nam
2721 1080 3004 1151 impudens
3031 1084 3194 1140 simul
3228 1095 3283 1141 et
3313 1086 3547 1144 furiosus
3575 1099 3686 1145 est.

2097 1165 2486 1224 Darmouiacum
2536 1181 2682 1227 certe
2709 1173 2898 1230 saltem
2941 1176 3260 1234 miseramur
3293 1199 3305 1232 :
3340 1179 3480 1236 hunc
3509 1193 3691 1238 autem

2091 1273 2404 1315 aversantur
2429 1271 2480 1316 et
2521 1264 2645 1318 odio
2686 1264 2965 1324 habemus.
3025 1269 3240 1337 Quare?
3293 1272 3427 1339 Quia
3469 1287 3694 1344 sponta-

2092 1366 2252 1406 neum
2290 1353 2392 1409 sibi
2440 1354 2673 1413 furorem
2724 1359 2964 1428 attrahit,
3002 1371 3058 1418 et
3113 1379 3192 1431 os,
3245 1367 3452 1430 oculos,
3500 1383 3685 1432 nares,

2101 1450 2284 1502 omnia
2327 1450 2564 1520 dinique
2593 1450 2812 1505 cloacas
2853 1450 3037 1505 efﬁcit.
3078 1451 3134 1506 Si
3167 1467 3296 1506 vero
3334 1452 3386 1505 in
3419 1452 3682 1506 interiora

2100 1541 2398 1609 reSpicias,
2438 1541 2650 1595 videbis
2695 1541 2936 1596 animam
2992 1558 3091 1598 ceu
3143 1544 3322 1599 hieme
3372 1553 3427 1598 et
3475 1543 3686 1614 frigore

2100 1632 2440 1702 congelatam
2483 1643 2536 1687 et
2577 1643 2880 1704 torpentem
2908 1674 2924 1699 ,
2969 1653 3092 1706 qua:
3127 1636 3198 1690 ob
3232 1635 3499 1692 furentem
3534 1646 3682 1690 tem-

2087 1735 2372 1795 pestatem,
2411 1728 2609 1783 nullam
2655 1730 2773 1783 navi
2827 1732 2998 1802 possit
3037 1747 3193 1802 opem
3252 1732 3464 1788 afferre.
3511 1733 3689 1788 Pudet

2085 1825 2232 1872 certe
2253 1833 2340 1876 me
2355 1818 2534 1876 dicere
2563 1836 2683 1888 qua:
2707 1821 2844 1876 mala
2876 1832 2985 1878 tum
3012 1823 3140 1878 viris
3169 1832 3277 1878 tum
3309 1825 3624 1881 mulieribus
3651 1842 3683 1881 a

2085 1909 2302 1980 crapula
2331 1911 2604 1980 pariantur
2631 1929 2644 1964 :
2678 1913 2807 1968 illud
2828 1929 3012 1968 eorum
3053 1916 3395 1970 conscientia:
3412 1917 3683 1988 relinquo.

2084 2018 2204 2074 qua:
2249 2005 2429 2060 omnia
2473 2007 2875 2062 accuratissime
2914 2009 3080 2063 novit.
3115 2009 3253 2076 Quid
3300 2025 3428 2064 vero
3467 2012 3685 2081 turpius

2083 2093 2228 2149 ebria
2253 2095 2500 2157 muliere,
2528 2097 2610 2152 vel
2647 2113 2766 2168 qua:
2791 2099 3205 2170 circumquaque
3230 2099 3439 2155 fertur?
3466 2101 3683 2168 Quanto

2083 2186 2225 2240 enim
2249 2187 2509 2242 infirmius
2538 2203 2631 2243 vas
2657 2198 2758 2255 est,
2789 2199 2936 2243 tanto
2961 2190 3131 2260 majus
3161 2191 3527 2261 naufragium;
3555 2194 3678 2249 sive

2083 2277 2251 2335 libera
2274 2280 2384 2344 illa,
2409 2279 2522 2336 sive
2545 2281 2736 2335 ancilla
2763 2282 2853 2336 sit.
2897 2281 3028 2337 Nam
3063 2282 3225 2338 libera
3259 2284 3309 2338 in
3342 2285 3519 2338 medio
3561 2299 3684 2339 ser-

2080 2388 2267 2426 verum
2297 2371 2506 2426 theatro
2537 2374 2764 2442 turpiter
2791 2388 2850 2428 se
2875 2374 3052 2443 gerit:
3085 2374 3386 2445 ancillaque
3429 2377 3682 2432 similiter

2081 2466 2220 2522 inter
2270 2482 2454 2522 servos
2477 2485 2490 2520 :
2514 2480 2674 2537 atque
2707 2466 2778 2520 ita
2802 2466 3020 2529 faciunt,
3054 2476 3109 2522 ut
3135 2467 3275 2523 dona
3309 2469 3400 2524 Dei
3427 2469 3683 2541 blasphe-

2079 2570 2293 2616 menlur
2319 2561 2389 2615 ab
2410 2559 2803 2630 insipientibus.
2825 2561 3017 2616 Multos
3044 2563 3185 2616 enim
3203 2561 3382 2628 audio,
3403 2578 3523 2618 eum
3551 2563 3674 2618 htec

2079 2652 2213 2705 mala
2240 2652 2596 2720 conspiciunt,
2627 2653 2887 2718 dicentes,
2918 2654 3130 2709 Utinam
3159 2667 3264 2708 non
3292 2666 3436 2710 esset
3462 2656 3672 2710 vinum.

2076 2740 2120 2796 Ο
2149 2742 2436 2796 amentiam
2463 2744 2476 2796 !
2507 2760 2540 2796 ο
2568 2743 2914 2799 stoliditatem
2950 2745 2963 2798 !
2993 2745 3124 2800 Aliis
3158 2746 3504 2815 peccantibus
3525 2787 3542 2814 ,
3577 2747 3676 2803 Dei

2076 2833 2214 2889 dona
2245 2836 2583 2891 criminaris?
2608 2847 2660 2892 et
2686 2847 2882 2908 quanta
2913 2838 3028 2893 haec
3057 2840 3260 2894 insania
3287 2841 3301 2894 !
3335 2843 3415 2895 An
3461 2842 3669 2906 vinum,

2076 2928 2146 2981 mi
2170 2926 2355 2994 homo,
2386 2927 2488 2983 hoc
2510 2929 2706 2984 malum
2730 2928 2931 2986 efﬁcit?
2960 2931 3075 2986 Non
3104 2932 3285 2987 viuum
3304 2975 3319 2997 ,
3344 2934 3438 2989 sed
3470 2935 3674 2990 intem-

2076 3018 2317 3088 perantia
2339 3034 2525 3076 eorum
2547 3021 2638 3092 qui
2666 3021 2795 3078 vino
2822 3014 3134 3080 abutuntur.
3161 3024 3255 3080 Dic
3277 3042 3422 3096 ergo.
3451 3026 3672 3083 Utinam

2074 3127 2180 3166 non
2226 3121 2371 3168 esset
2397 3114 2632 3170 ebrietas
2651 3159 2666 3183 ,
2694 3131 2795 3172 nec
2823 3127 3004 3173 essent
3033 3119 3140 3173 illa:
3165 3119 3406 3174 ciborum
3435 3121 3666 3178 deliciae.

2073 3205 2128 3262 Si
2173 3223 2301 3264 vero
2323 3208 2507 3275 dicas,
2540 3209 2750 3265 Utinam
2784 3226 2889 3266 non
2915 3220 3060 3267 esset
3099 3211 3280 3267 viuum
3301 3255 3317 3276 ,
3364 3213 3502 3268 ultra
3531 3229 3663 3283 pro.

2070 3317 2286 3372 gressus
2311 3303 2479 3367 dices,
2511 3302 2724 3360 Utinam
2755 3321 2861 3360 non
2893 3314 3037 3362 esset
3065 3306 3259 3362 ferrum
3281 3349 3296 3368 .
3328 3315 3544 3378 propter
3567 3308 3670 3362 ho-

2072 3395 2327 3460 micidas;
2356 3412 2452 3452 nec
2479 3407 2621 3453 esset
2647 3414 2774 3465 uox,
2797 3399 2867 3455 ob
2887 3399 3030 3456 fures
3055 3415 3070 3464 ;
3096 3416 3268 3469 neque
3291 3402 3378 3456 lux
3397 3410 3560 3468 esset,
3593 3403 3668 3458 ob

2071 3488 2465 3560 sycophantas;
2497 3504 2672 3559 neque
2701 3489 2912 3558 mulier,
2937 3490 3006 3546 ob
3037 3490 3442 3548 fornicationes.
3471 3491 3666 3549 Omnia

2070 3581 2284 3637 demum
2315 3583 2614 3638 sustuleris.

2140 3676 2194 3730 5.
2240 3674 2362 3729 Non
2402 3677 2574 3730 vinum
2603 3675 2976 3730 criminandum
2996 3686 3089 3744 est,
3120 3676 3210 3731 sed
3251 3676 3484 3732 ebrietas.
3507 3707 3581 3718 —
3605 3675 3666 3734 Id

2070 3785 2137 3823 ne
2163 3767 2327 3823 facias
2368 3787 2381 3822 :
2415 3768 2543 3823 illud
2567 3770 2709 3824 enim
2735 3770 2957 3823 satanici
2993 3781 3072 3824 est
3103 3771 3264 3824 animi
3304 3789 3317 3824 :
3348 3785 3448 3826 nec
3471 3771 3660 3827 vinum

2068 3860 2404 3924 crimineris,
2436 3860 2529 3915 sed
2560 3862 2872 3916 ebrietatem
2909 3880 2922 3916 :
2972 3861 3113 3917 hunc
3156 3863 3427 3917 ebriosum
3464 3863 3531 3916 ad
3575 3876 3667 3918 sa-

2066 3967 2188 4006 nam
2211 3960 2444 4006 mcntcm
2471 3966 2742 4006 reversuro
2772 3951 2878 4016 adi,
2913 3952 3157 4008 describe
3183 3954 3257 4008 illi
3287 3962 3448 4008 totam
3491 3954 3664 4024 turpi-

2065 4043 2305 4099 tudinem
2341 4043 2463 4099 :dic
2491 4044 2584 4108 illi,
2613 4045 2803 4098 Vinum
2831 4044 3014 4100 datum
3043 4055 3126 4100 est
3155 4045 3221 4099 ad
3247 4045 3482 4100 ltetitiam
3506 4087 3520 4110 ,
3546 4059 3659 4101 non

2063 4137 2128 4191 ad
2164 4137 2544 4206 turpitudinem
2570 4157 2583 4193 :
2612 4137 2795 4192 datum
2822 4150 2906 4194 est
2934 4147 2991 4193 ut
3017 4139 3308 4204 rideamus.
3341 4153 3446 4194 non
3473 4147 3532 4194 ut
3559 4139 3663 4195 de-

2064 4230 2335 4286 rideamnr
2360 4248 2374 4295 ;
2417 4243 2475 4288 ut
2503 4241 2650 4288 recte
2679 4233 2974 4297 valeamus,
3009 4247 3114 4286 nou
3144 4243 3194 4286 ut
3215 4242 3570 4304 mgiotemus;
3600 4243 3663 4289 ut

2065 4323 2487 4382 imbecillitatem
2529 4327 2770 4396 corporis
2816 4327 3194 4392 instauremus,
3234 4342 3338 4380 non
3385 4334 3442 4380 nt
3493 4326 3662 4382 robur

2061 4421 2222 4475 animi
2251 4418 2582 4491 dejiciamus.
2621 4421 2757 4472 Deus
2777 4427 2830 4473 te
2857 4418 2959 4473 hoc
2985 4433 3206 4472 munere
3237 4418 3538 4482 honoravit,
3561 4433 3662 4472 cur

2061 4528 2124 4567 ex
2175 4513 2528 4568 immoderato
2559 4528 2658 4568 usu
2699 4511 2924 4582 teipsum
2955 4511 3322 4567 debonestas?
3360 4510 3498 4565 Audi
3528 4511 3657 4581 quid

2062 4603 2255 4660 Paulus
2300 4605 2476 4660 dicat:
2517 4604 2645 4659 Vino
2692 4606 2888 4658 modico
2927 4613 3064 4658 utere
3101 4613 3308 4675 propter
3341 4603 3660 4657 stomachum

2060 4709 2203 4752 tuum
2228 4741 2242 4764 ,
2274 4709 2320 4754 et
2351 4708 2559 4770 propter
2584 4699 2868 4768 frequentes
2898 4707 3011 4753 tuas
3053 4697 3376 4766 inﬁrmitates
3407 4696 3485 4767 (1.
3519 4697 3653 4750 Tim.

2061 4793 2114 4848 5.
2142 4791 2261 4863 25).
2309 4792 2462 4859 Quod
2493 4793 2536 4846 si
2563 4801 2778 4846 sanctus
2805 4791 2914 4858 ille,
2945 4791 3134 4848 morbo
3155 4791 3422 4855 detentus,
3455 4798 3510 4845 et
3536 4790 3642 4846 fre-

2058 4885 2344 4954 quentibus
2373 4883 2622 4938 laborans
2644 4883 3062 4945 inﬁrmitatibus,
3095 4883 3221 4937 vino
3241 4899 3346 4937 non
3381 4883 3662 4949 utebatur,

2058 4975 2229 5032 donec
2252 4977 2302 5030 id
2327 4976 2581 5045 magister
2609 4975 2787 5046 jussit,
2811 4991 2912 5046 qua
2934 4975 3090 5030 venia
3121 4975 3269 5046 digni
3302 4989 3403 5029 nos
3425 4974 3656 5040 erimus,

2056 5070 2146 5140 qui
2168 5084 2302 5123 sano
2329 5083 2556 5140 corpore
2575 5069 2708 5124 ebrii
2731 5068 2954 5124 sumus?
2981 5067 3056 5122 llli
3087 5067 3321 5133 dicebat,
3351 5067 3560 5123 Modico
3582 5071 3654 5122 ri-

2056 5179 2121 5216 no
2147 5173 2287 5216 utere
2313 5172 2518 5233 prapter
2541 5161 2859 5216 stomachum
2901 5170 3041 5214 tuum
3071 5169 3118 5215 et
3149 5160 3472 5228 inﬁrmitates
3505 5169 3646 5222 tuas:

2056 5267 2296 5312 nostrum
2326 5273 2457 5312 vero
2481 5256 2702 5327 singulis
2727 5256 2870 5312 dicet
2893 5273 2906 5309 :
2936 5255 3074 5310 Vino
3105 5255 3317 5310 modico
3345 5263 3498 5308 utere
3526 5269 3651 5322 pro-

2055 5362 2173 5422 pter
2198 5354 2591 5416 fornicationes,
2613 5350 2687 5422 (a)
2714 5349 2954 5424 [propter
2983 5349 3275 5418 frequentia
3302 5347 3650 5419 turpiloquia,

2055 5455 2275 5516 propter
2294 5456 2518 5500 cmteras
2542 5445 2860 5515 cupiditates
2887 5442 3101 5516 malas,]
3131 5458 3266 5514 quas
3290 5457 3481 5512 parere
3512 5441 3650 5498 solet

2053 5538 2304 5594 ebrietas.
2333 5538 2389 5593 Si
2419 5553 2526 5592 non
2550 5537 2670 5592 ideo
2701 5537 2972 5592 abstinere
2999 5537 3176 5600 vultis,
3200 5535 3390 5590 saltem
3418 5535 3489 5589 oh
3517 5549 3645 5589 con-

2116 5652 2190 5760 (a?
2218 5652 2335 5710 Quae
2358 5653 2550 5702 uncinis
2565 5650 2872 5709 clauduntur,
2898 5652 3088 5714 adjecta
3111 5659 3224 5700 sunt
3243 5664 3270 5700 e
3297 5648 3473 5700 Codice
3487 5649 3580 5699 69.5
3599 5649 3653 5693 et

2116 5716 2156 5760 vi
2184 5749 2196 5760 .
2219 5713 2521 5760 Exciderant
2546 5717 2592 5760 in
2634 5713 2920 5760 Commelm.
2961 5724 3014 5760 et
3046 5713 3226 5760 Montf..
3264 5725 3354 5760 θρι-
3379 5712 3650 5760 ὺοιηωοωε

2052 5712 2196 5827 pavi};
2219 5713 2521 5766 Excideraot
2545 5717 2592 5764 in
2634 5713 2920 5766 (iommelm.
2954 5712 3014 5764 ὀι
3046 5713 3226 5774 Montf.,
3264 5725 3354 5776 per
3379 5712 3650 5763 homoiote-

2076 5788 2138 5827 eu
2191 5789 2241 5825 n.
