4034 6394
229 382 329 439 665

226 496 585 568 cupiscentias
612 502 667 549 et
711 506 938 546 uauscas
977 489 1261 544 abstinete.
1321 488 1511 541 Vinum
1555 486 1699 540 enim
1748 485 1815 539 a.l

227 589 467 643 laetitiam
500 587 680 639 datum
710 594 824 648 est;
864 582 1045 636 Vinum
1068 581 1210 634 enim
1241 580 1464 646 lu'ti/icot
1487 593 1574 630 cor
1600 576 1818 630 hominis

225 682 396 751 (Psaf.
426 679 550 734 105.
585 679 699 746 15),
728 691 889 746 quam
914 674 1029 745 ejus
1068 675 1317 727 virtutem
1345 685 1440 724 vos
1467 668 1816 723 labefactatis.

224 778 349 839 Quae
379 770 525 824 enim
568 768 750 822 laetitia
776 767 910 835 ejus,
938 766 1026 835 qtti
1063 780 1167 817 non
1196 772 1278 817 est
1305 762 1354 815 in
1392 764 1589 830 seipso,
1618 769 1667 814 et
1693 774 1817 812 sex-

224 863 393 918 ccutis
431 860 703 915 cruciatur
722 858 1025 922 doloribus,
1051 855 1231 909 omnia
1259 853 1458 907 circum
1489 852 1616 906 ferri
1645 850 1813 913 videt,

223 952 558 1023 ealigiueque
598 956 910 1018 occupatur,
942 947 1031 1016 qui
1063 956 1235 1015 egeat,
1269 942 1492 1012 perinde
1532 950 1691 1011 atque
1734 939 1815 993 fe-

226 1047 554 1107 bricitantes,
597 1051 655 1096 ut
701 1049 859 1111 caput
888 1040 1056 1108 ipsius
1098 1037 1220 1091 oleo
1258 1033 1641 1105 perfundatur?
1692 1029 1819 1085 Haec

226 1152 326 1190 non
370 1135 625 1189 omnibus
669 1133 809 1187 dicta
849 1146 970 1186 esse
1018 1128 1343 1193 velim,imo
1387 1124 1679 1179 omnibus:
1711 1137 1816 1176 non

225 1227 360 1296 quod
406 1241 601 1281 omnes
652 1224 986 1280 inebrientur
1012 1239 1026 1275 :
1057 1221 1231 1285 absit;
1263 1219 1356 1274 sed
1391 1219 1512 1287 quia
1540 1216 1814 1271 ebriorum

228 1320 279 1381 ii,
306 1319 394 1388 qui
424 1317 561 1373 ebrii
589 1332 696 1371 non
720 1324 865 1377 sunt,
888 1329 1071 1368 curam
1104 1328 1207 1365 non
1235 1310 1455 1364 habent.
1486 1308 1691 1362 Idcirco
1715 1319 1813 1359 vos

229 1411 398 1479 potius
444 1409 709 1478 alloquor,
759 1408 849 1478 qui
880 1405 1044 1460 sobrii
1073 1404 1245 1459 estis:
1281 1417 1401 1455 nam
1445 1410 1501 1455 et
1546 1399 1811 1463 medicus,

231 1503 437 1574 aegrotis
465 1502 704 1565 omissis,
734 1500 853 1555 illos
880 1499 971 1569 qui
998 1497 1215 1567 aegrotis
1237 1494 1475 1550 assident
1504 1491 1812 1561 alloquitur.

235 1597 332 1649 \‘os
374 1578 555 1664 itaque
578 1608 767 1662 precor
790 1602 845 1647 et
869 1605 986 1655 oro,
1014 1606 1081 1644 ne
1102 1603 1351 1659 umquam
1384 1585 1485 1639 hoc
1509 1582 1696 1638 morbo
1721 1597 1813 1635 ea-

233 1688 466 1758 piamini,
492 1701 695 1756 eosque
718 1688 808 1755 qui
840 1684 930 1737 illo
945 1681 1176 1752 correpti
1204 1688 1348 1743 sunt,
1376 1676 1604 1730 sollicite
1622 1688 1816 1728 eruere

230 1781 439 1846 curetis,
457 1795 526 1833 ue
536 1778 706 1833 brutis
716 1776 931 1848 pejores
946 1773 1246 1828 vidcantur.
1271 1770 1360 1824 Illa
1377 1768 1519 1821 enim
1545 1765 1671 1819 nihil
1698 1765 1815 1834 plus

230 1887 379 1943 quam
404 1885 547 1942 opus
573 1876 957 1940 estquzerunt;
985 1866 1040 1921 hi
1067 1879 1196 1920 vero
1214 1864 1316 1918 illis
1338 1857 1815 1915 irrationabiliores

230 1973 365 2028 sunt,
396 1963 487 2035 qui
530 1961 913 2019 moderationis
962 1958 1221 2014 terminos
1260 1953 1559 2009 excedunt.
1602 1951 1815 2019 Quanto

231 2056 363 2110 enim
389 2055 583 2111 melior
604 2055 789 2110 asinus
814 2052 1029 2108 ebrioso
1077 2049 1201 2105 est?
1243 2055 1442 2118 quanto
1488 2044 1677 2098 melior
1716 2057 1810 2096 ca-

231 2148 338 2201 nis?
365 2146 494 2201 Nam
524 2146 641 2200 h:rc
662 2145 931 2207 animalia,
957 2152 1258 2211 cmteraque
1284 2137 1461 2193 omnia
1480 2177 1497 2202 ,
1526 2151 1621 2190 seu
1661 2148 1815 2188 com-

231 2239 401 2301 edant,
426 2254 520 2294 seu
547 2237 750 2303 bibant,
776 2236 1059 2291 terminum
1079 2241 1294 2297 norunt,
1312 2243 1484 2299 neque
1501 2227 1637 2282 ultra
1652 2241 1813 2295 quam

231 2331 350 2383 satis
376 2339 456 2385 est
500 2328 798 2399 procedunt
831 2345 845 2380 :
874 2325 1080 2381 etiamsi
1111 2324 1254 2378 enim
1300 2318 1539 2375 sexcenti
1574 2316 1815 2372 homines

230 2431 493 2489 cogerent,
538 2435 645 2474 non
676 2418 944 2474 excedent
989 2430 1262 2486 umquam.
1318 2412 1428 2467 Hae
1471 2425 1601 2479 ergo
1655 2408 1706 2462 in
1755 2422 1815 2462 re

236 2514 393 2567 brutis
444 2513 746 2569 deteriores
799 2511 1096 2575 estis;non
1148 2507 1286 2577 apud
1314 2506 1510 2560 mentis
1537 2512 1816 2572 compotes

232 2604 423 2669 solum;
454 2603 553 2659 sed
606 2604 765 2659 etiam
812 2600 952 2671 apud
1008 2614 1105 2653 vos
1154 2599 1319 2667 ipsos.
1366 2594 1518 2663 Quod
1550 2593 1692 2647 enim
1721 2606 1816 2646 vos

231 2695 438 2750 canibus
463 2704 517 2751 et
545 2696 713 2750 asinis
737 2693 1037 2750 deteriores
1063 2690 1317 2761 judicetis
1344 2688 1468 2742 hinc
1498 2685 1672 2757 palam
1705 2695 1809 2751 est,

230 2787 361 2857 quod
408 2786 659 2842 animalia
699 2787 844 2841 ista'c
888 2797 1175 2852 numquam
1217 2794 1379 2849 cogas
1413 2778 1547 2833 ultra
1598 2774 1813 2830 modum

230 2880 395 2932 cibum
426 2891 642 2933 sumere
666 2894 681 2943 ;
705 2885 759 2932 et
789 2875 833 2931 si
857 2875 977 2946 quis
1014 2874 1105 2928 tibi
1146 2871 1363 2938 dixerit,
1390 2870 1502 2925 Cur
1541 2867 1690 2923 hoc?
1737 2866 1815 2921 Ne

231 2966 406 3023 laedam
437 2970 524 3023 illa
555 3009 571 3031 ,
602 2966 811 3037 inquies
842 2984 857 3021 :
888 2966 982 3020 tibi
1008 2977 1138 3020 vero
1167 2976 1273 3016 non
1304 2959 1418 3031 pari
1448 2958 1656 3013 ratione
1692 2970 1816 3026 pro-

235 3059 393 3116 vides.
439 3059 533 3116 Sic
582 3066 639 3114 te
685 3058 791 3113 illis
836 3056 1077 3112 viliorem
1101 3068 1228 3109 esse
1270 3061 1445 3123 putas.
1480 3058 1637 3119 teque
1664 3047 1813 3102 hisce

233 3152 467 3207 fluctibus
491 3151 751 3222 agitatum
782 3148 1023 3220 negligis.
1076 3146 1209 3201 Nam
1254 3157 1360 3199 non
1403 3140 1564 3195 modo
1593 3154 1693 3209 qua
1727 3138 1813 3193 die

234 3242 399 3297 ebrius
424 3258 502 3309 es,
536 3242 737 3298 damno
785 3240 1034 3304 afficeris,
1065 3237 1159 3293 sed
1211 3234 1514 3305 insequenti
1563 3246 1810 3302 quoque;

232 3346 289 3386 ac
307 3333 431 3387 sicut
453 3340 701 3389 cessante
725 3331 892 3397 febre,
920 3339 1102 3384 manet
1124 3337 1303 3383 tamen
1331 3324 1577 3395 quasdam
1594 3338 1658 3378 ex
1680 3320 1813 3377 febri

235 3423 478 3493 aegritudo
520 3441 537 3479 :
588 3424 668 3479 sie
705 3437 928 3479 excussa
974 3420 1255 3484 ebrietate,
1301 3415 1576 3472 ﬂuctuatio
1633 3422 1812 3467 tamen

237 3516 463 3582 qmedam
504 3524 675 3573 restat
702 3524 758 3570 et
784 3516 836 3569 in
867 3514 1049 3568 animo
1086 3519 1141 3568 et
1171 3510 1223 3565 in
1273 3506 1812 3579 eorpore;miserum

1191 374 1256 430 IN
1295 371 1696 429 ΜᾹΤΤΙΙΛΞΙΞΜ
1739 370 1967 427 IIOMIL.
2009 370 2188 429 LVI“.
2229 376 2299 431 al.
2343 376 2474 435 LIX.

3412 379 3514 434 566

1923 500 2119 555 corpus
2144 486 2286 556 jacet
2324 487 2645 557 resolutum,
2676 497 2731 544 ut
2777 498 2895 559 post
2949 488 3281 559 naufragium
3310 494 3461 545 navis
3496 508 3513 544 :

1923 591 2153 638 corpore
2181 578 2427 634 miserior
2445 582 2641 644 anima,
2668 582 2849 644 etiam,
2879 597 2921 634 rt
2935 581 3115 634 soluto
3159 582 3269 647 illo,
3302 590 3511 652 tempe-

1925 680 2118 726 statem
2149 672 2365 737 excitat,
2397 680 2453 727 et
2475 673 2817 742 cupiditatem
2842 673 3105 738 incendit;
3134 690 3196 728 ac
3217 689 3337 729 cum
3362 676 3511 729 vide-

1927 772 2012 815 tttr
2040 776 2251 830 sapere,
2278 770 2403 817 tunc
2430 764 2660 817 maxime
2682 765 2895 830 insanit,
2931 766 3134 832 vinum,
3164 766 3328 831 dolia,
3361 766 3514 837 phia-

1920 850 2020 917 las,
2048 862 2285 907 crateras
2313 853 2364 907 in
2391 854 2765 924 imaginatione
2811 870 3029 910 versans
3074 875 3087 911 :
3119 866 3172 911 et
3205 859 3345 913 sicut
3397 869 3513 927 po~t

1919 951 2290 1013 tempestatem
2336 956 2515 999 manet
2546 946 2716 1015 ipsum
2751 948 3083 1015 tempestatis
3108 948 3362 1002 damnum
3396 968 3407 1001 :
3443 952 3513 1005 ita

1920 1045 1974 1088 et
2019 1045 2140 1105 post
2190 1035 2504 1091 ebrietatem
2537 1054 2551 1090 :
2581 1052 2644 1092 ac
2684 1038 3133 1107 quemadmodum
3168 1040 3276 1094 illic
3306 1056 3513 1095 merces

1914 1127 2304 1195 jactantur,sic
2356 1129 2406 1182 iu
2465 1128 2726 1184 ebrietate
2755 1130 2964 1200 jactura
3010 1132 3068 1186 fit
3092 1133 3328 1187 omnium
3378 1148 3514 1202 pene

1920 1218 2200 1273 honorum.
2232 1219 2287 1275 Si
2310 1220 2688 1275 continentiam
2716 1224 2996 1287 invenerit,
3015 1224 3058 1277 si
3082 1224 3360 1293 pudorem,
3383 1241 3511 1293 pru-

1916 1308 2175 1376 dentiam,
2207 1312 2534 1381 trquitatem,
2561 1312 2948 1379 humilitatem,
2974 1312 3152 1368 omnia
3187 1314 3239 1369 in
3293 1315 3513 1385 pelagus

1919 1407 2211 1477 iniquitatis
2232 1409 2435 1480 projicit
2453 1410 2706 1465 ebrietas.
2733 1411 2929 1466 Verum
2953 1428 3037 1476 ea,
3058 1430 3177 1482 quae
3194 1425 3510 1484 sequuntur,

1918 1512 2022 1551 non
2051 1507 2176 1552 sunt
2206 1500 2419 1553 similia.
2457 1499 2527 1553 lbi
2557 1501 2700 1555 enim
2729 1511 2852 1569 post
2866 1502 3036 1571 ejecta
3058 1520 3222 1558 onera
3252 1504 3401 1560 navis
3433 1507 3504 1559 le-

1916 1590 2032 1642 vio’r
2054 1598 2108 1643 ct
2133 1590 2375 1658 expedita
2399 1590 2670 1655 redditur;
2708 1590 2795 1646 hic
2818 1607 2946 1647 vero
2980 1594 3148 1664 magis
3173 1605 3508 1665 aggravatur.

1918 1679 2047 1735 Nam
2080 1681 2197 1736 loco
2225 1681 2529 1736 divitiarum
2557 1698 2773 1737 arenam
2791 1683 2978 1753 recipit
2995 1693 3050 1739 et
3076 1700 3269 1755 aquam
3293 1686 3509 1750 salsam,

1917 1782 2189 1844 totamque
2211 1774 2487 1829 ebrietatis
2510 1774 2820 1842 colluviem,
2850 1791 2967 1845 qua}
2988 1776 3167 1831 navim
3188 1791 3310 1832 cum
3328 1788 3511 1833 vecto-

1915 1867 2068 1923 ribus
2095 1876 2149 1921 et
2172 1868 2532 1938 gubernatore
2560 1870 2669 1923 cito
2697 1869 3033 1940 demergunt.
3092 1869 3170 1926 Ne
3217 1870 3379 1943 igitur
3431 1872 3513 1925 Itis

1917 1959 2070 2013 malis
2115 1958 2468 2024 involvamur,
2518 1960 2617 2015 hac
2669 1975 2768 2015 nos
2823 1969 3139 2032 tempestate
3186 1961 3498 2019 liberemur.

1918 2049 2177 2106 Ebriosus
2211 2067 2498 2121 numquam
2533 2062 2708 2121 potest
2741 2068 2965 2123 regnum
3009 2055 3267 2109 caelorum
3299 2054 3505 2110 videre.

1920 2141 2096 2197 Nolite
2123 2159 2311 2205 errare,
2335 2143 2506 2213 inquit
2523 2143 2805 2212 Apostolus
2830 2160 2845 2208 ;
2875 2160 2966 2197 nec
2993 2143 3194 2209 ebriosi,
3216 2160 3305 2199 nec
3333 2146 3503 2199 convi-

1916 2237 2130 2290 ciatores
2168 2252 2376 2306 regnum
2423 2234 2661 2289 actorum
2710 2236 3083 2290 Itwreditabunt
3110 2237 3187 2307 (I.
3220 2236 3337 2293 Cor.
3370 2238 3423 2293 6.
3454 2239 3509 2292 9.

1921 2326 2031 2397 10).
2059 2325 2126 2380 Et
2152 2326 2277 2395 quid
2304 2326 2444 2393 dico,
2485 2341 2705 2395 regnum
2727 2328 2980 2381 cariorum
2998 2328 3021 2380 ?
3042 2329 3165 2382 Post
3191 2328 3506 2383 ebrietati-tu

1918 2420 2061 2474 enim
2095 2434 2160 2472 ne
2184 2419 2467 2487 prtesentia
2491 2418 2704 2488 quidem
2731 2418 2913 2473 videre
2946 2434 3258 2488 possumus:
3280 2419 3513 2475 ebrietas

1918 2512 2114 2580 quippe
2144 2511 2297 2563 nobis
2325 2508 2440 2564 dies
2486 2511 2537 2564 in
2587 2519 2771 2564 noctes
2796 2511 2976 2572 vertit,
3001 2520 3055 2565 et
3084 2511 3255 2567 lucem
3286 2511 3337 2565 in
3358 2520 3481 2565 tene

1921 2602 2084 2667 bras;
2113 2601 2310 2670 apertis
2358 2601 2527 2655 oculis
2558 2601 2691 2655 ebrii
2742 2616 2810 2655 ne
2836 2602 2921 2655 illa
2946 2618 3063 2671 qua!
3100 2602 3165 2656 ad
3197 2600 3362 2671 pedes
3389 2614 3515 2657 sunt

1919 2709 2141 2749 cernere
2166 2702 2411 2764 possunt.
2443 2693 2627 2764 Neque
2650 2694 2700 2749 id
2731 2694 2901 2748 solum
2930 2694 3054 2748 mali
3076 2696 3217 2765 parit
3242 2694 3507 2758 ebrietas;

1920 2786 2015 2842 sed
2048 2796 2228 2856 postea
2278 2785 2353 2839 illi
2396 2786 2669 2855 graviores
2698 2784 2850 2839 luunt
2879 2799 3087 2853 pmnas,
3116 2800 3381 2840 maerores
3425 2802 3515 2840 ra-

1920 2879 2065 2934 tione
2086 2891 2303 2939 vaeuos,
2338 2876 2596 2942 furorem,
2627 2876 3018 2948 aegritudinem,
3048 2876 3368 2947 ridiculique
3392 2892 3517 2931 eva-

1918 2970 2055 3025 dttnt
2081 2969 2385 3041 opprobriis
2422 2984 2641 3039 semper
2690 2969 2942 3039 expositi.
3001 2968 3131 3036 Qua:
3176 2969 3329 3024 venia
3357 2969 3517 3039 igitur

1921 3063 2010 3127 iis,
2040 3062 2133 3133 qui
2160 3060 2317 3117 tantis
2335 3075 2457 3116 sese
2483 3061 2635 3115 malis
2660 3061 2935 3115 obruunt?
2966 3059 3118 3115 Nulla
3150 3059 3329 3129 plane.
3359 3060 3514 3114 Iluue

1919 3170 2047 3226 ergo
2074 3152 2318 3208 morbum
2342 3153 2625 3223 fugiamus,
2647 3161 2776 3206 utet
2798 3152 3079 3222 prmsentia
3103 3161 3157 3207 et
3171 3151 3345 3206 futura
3376 3154 3513 3208 bona

1920 3261 2337 3318 consequamur,
2384 3245 2554 3315 gratia
2596 3254 2650 3300 et
2702 3245 3026 3314 benignitate
3084 3244 3293 3298 Domini
3345 3247 3515 3299 nostri

1920 3341 2046 3397 Jesu
2091 3339 2312 3399 Christi.
2338 3337 2424 3393 cui
2464 3337 2631 3408 gloria
2660 3346 2715 3393 et
2759 3338 3040 3408 imperiqu
3096 3351 3219 3393 cum
3266 3337 3423 3394 Patre
3462 3350 3517 3395 et

1919 3432 2120 3505 Spiritu
2146 3439 2333 3486 sancto
2363 3430 2415 3485 in
2443 3429 2639 3485 sarcula
2665 3430 3005 3486 surculorum.
3036 3429 3228 3483 Amen.

239 3641 3498 3678 *βψ-*Μ

1378 3712 1729 3780 HOMILIA
1771 3710 1980 3773 LVIII.
2014 3709 2101 3772 al.
2162 3708 2326 3770 LIX.

236 3870 353 3927 ειν.
384 3874 465 3929 IT.
496 3888 557 3928 v.
592 3871 685 3926 2|.
724 3867 1047 3925 Versantibus
1080 3866 1183 3921 illis
1207 3864 1263 3918 in
1294 3861 1534 3927 Catilina,
1569 3859 1701 3914 dixit
1743 3856 1815 3911 eis

300 3964 441 4035 Iesus
469 3982 486 4019 :
523 3963 825 4019 Tradeudus
866 3970 939 4015 est
982 3958 1149 4014 Filius
1178 3954 1396 4011 hominis
1433 3954 1486 4008 in
1514 3967 1696 4005 manus
1721 3949 1815 4003 Ito-

304 4058 506 4122 mimtm,
533 4055 627 4109 ‘22.
654 4066 701 4108 et
738 4053 965 4107 occident
1002 4066 1140 4117 eum,
1171 4059 1220 4103 et
1250 4047 1398 4102 tertia
1439 4044 1525 4099 die
1566 4049 1811 4112 resurget.

306 4147 367 4200 Et
387 4148 670 4201 contristati
696 4155 813 4201 sunt
840 4144 1009 4199 ualde.

307 4242 354 4293 f.
392 4241 464 4295 Ne
487 4241 730 4295 dicerent
756 4281 771 4306 ,
796 4238 906 4291 Cur
935 4245 1083 4291 tanto
1112 4244 1357 4303 tempore
1387 4232 1474 4287 hic
1501 4226 1815 4285 verSamur?

244 4343 413 4385 rursus
449 4332 513 4386 de
544 4331 790 4401 passione
821 4329 951 4398 ipsis
997 4327 1230 4396 loquitur
1259 4340 1271 4376 :
1308 4323 1501 4393 quibus
1530 4319 1723 4375 auditis
1752 4333 1819 4373 ne

245 4421 405 4478 videre
428 4424 644 4493 quidem
670 4421 1002 4491 Jerosolyma
1046 4418 1313 4473 Volebant.
1348 4415 1482 4471 Vide
1527 4428 1657 4484 ergo
1680 4426 1817 4483 quo-

245 4517 408 4580 modo,
439 4526 719 4587 postquam
749 4516 938 4569 Petrus
967 4513 1273 4581 iucrepatus
1310 4511 1506 4571 fuerat,
1535 4516 1817 4577 postquam

249 4608 434 4680 Moyses
475 4619 531 4665 et
558 4610 734 4673 Elias,
777 4609 845 4663 de
868 4607 954 4662 illa
986 4622 1042 4660 re
1068 4604 1379 4674 colloquuti,
1408 4601 1632 4671 gloriam
1674 4599 1817 4652 illam

248 4702 643 4769 appellaverant,
667 4710 944 4771 postquam
977 4698 1130 4753 Pater
1156 4710 1387 4765 superne
1413 4708 1600 4747 vocem
1627 4690 1823 4744 emise-

250 4806 338 4857 rat,
364 4799 544 4863 t0tque
569 4793 718 4862 signa
748 4792 885 4845 facta
926 4789 1157 4849 fuerant,
1189 4802 1309 4841 eum
1351 4784 1457 4854 jam
1497 4781 1821 4836 resurrectio

252 4897 277 4935 e
320 4884 486 4939 vicino
532 4892 679 4940 esset
720 4886 851 4952 (non
890 4883 1037 4937 enim
1088 4890 1331 4935 mortuus
1373 4879 1531 4947 longo
1580 4886 1821 4943 tempore

252 4991 535 5043 mansurus,
562 4977 657 5032 sed
689 4985 809 5045 post
836 4973 1069 5029 triduum
1096 4979 1499 5027 resurrecturus
1520 4966 1657 5033 erat)
1677 5005 1692 5027 ,
1723 4980 1821 5017 ue-

251 5080 341 5134 que
366 5070 439 5123 sic
478 5070 608 5124 illud
648 5068 789 5124 ferre
835 5074 1155 5137 potuerunt,
1184 5062 1280 5119 sed
1334 5059 1631 5116 Contristati
1668 5066 1822 5120 sunt;

252 5174 347 5215 non
375 5165 582 5233 quidem
622 5162 987 5225 mediocriter,
1026 5160 1134 5214 imo
1172 5156 1332 5211 Valde
1356 5153 1654 5210 contristati
1682 5170 1695 5205 :
1728 5151 1823 5205 id-

254 5265 344 5319 que
363 5257 479 5324 quia
507 5256 771 5310 dictorum
807 5252 914 5307 vim
944 5250 1277 5323 ignorabant.
1314 5246 1367 5301 Id
1388 5262 1515 5299 vero
1535 5244 1743 5298 Mat-eus
1769 5251 1824 5296 et

258 5341 409 5397 Lucas
461 5347 829 5409 subindicant;
872 5343 963 5397 ille
1012 5357 1133 5396 cum
1174 5341 1269 5403 ait,
1300 5338 1444 5407 ipsos
1476 5335 1576 5389 hoc
1602 5332 1821 5387 verbum

260 5431 528 5501 ignorasse,
552 5451 721 5505 neque
742 5447 902 5487 ausos
921 5432 1086 5487 fuisse
1102 5430 1251 5484 illum
1271 5429 1602 5494 interrogare
1632 5422 1707 5492 (Μ
1716 5439 1821 5475 (ινιτ.

258 5530 305 5585 9.
333 5534 453 5605 5f);
481 5537 563 5591 hic
587 5550 716 5590 vero
744 5533 950 5595 dicens,
982 5530 1033 5585 id
1060 5526 1429 5583 absconditum
1450 5525 1519 5576 ab
1542 5522 1621 5576 eis
1638 5519 1822 5583 fuisse,

261 5639 317 5679 ne
342 5630 587 5683 sentirent
610 5627 758 5697 (Luc.
782 5626 840 5681 9.
867 5624 995 5693 43);
1030 5635 1130 5676 nec
1159 5634 1319 5674 ausos
1339 5631 1458 5672 esse
1480 5615 1628 5669 illum
1656 5613 1825 5666 inter-

260 5729 429 5786 rogare
472 5722 609 5776 circa
665 5721 766 5773 hoc
818 5716 1062 5771 verbum.
1112 5712 1269 5781 Atqui
1298 5712 1342 5765 si
1372 5707 1704 5779 ignorabant,
1728 5720 1825 5759 cur

261 5804 721 5868 tentristabantur?
747 5810 879 5878 Quia
898 5825 1001 5863 non
1020 5805 1196 5862 omnia
1218 5802 1557 5874 ignorabant,
1579 5798 1818 5853 sciebant

566 5924 839 5980 l’nuot.
896 5923 1010 5981 (in.
1067 5920 1279 5981 LVIII.

1920 3856 2064 3911 enim
2096 3854 2270 3925 ipsum
2299 3853 2616 3909 moriturum
2639 3868 2779 3916 esse,
2811 3862 2866 3907 ιιι
2890 3867 3034 3923 smpe
3057 3852 3357 3909 audierant.
3386 3852 3518 3920 Quae

1921 3958 2100 4004 autem
2128 3946 2267 4002 foret
2292 3963 2437 4001 mors
2482 3946 2816 4013 lmjusmodi;
2847 3946 2987 4016 quod
3015 3947 3123 4001 cito
3150 3945 3404 4002 solvenda
3432 3960 3519 4000 es-

1922 4050 2025 4105 set,
2047 4048 2103 4094 et
2136 4038 2277 4109 quod
2308 4036 2431 4092 hinc
2474 4037 2677 4091 infinita
2722 4037 2860 4090 bona
2897 4039 3200 4103 orirentur;
3228 4036 3346 4093 lucc
3376 4050 3515 4091 non-

1922 4134 2051 4188 dum
2076 4132 2221 4186 clare
2249 4131 2489 4186 sciebant
2527 4148 2541 4185 :
2575 4144 2746 4200 neque
2775 4141 3035 4184 noverant
3076 4145 3196 4199 qua:
3224 4129 3397 4184 futura
3430 4144 3514 4183 cs-

1924 4234 2007 4280 set
2037 4224 2125 4278 illa
2155 4223 2499 4278 resurrectio.
2522 4222 2645 4277 Ideo
2671 4221 2961 4278 dolebant:
2986 4224 3184 4279 etenim
3208 4222 3517 4293 magistrqu

1926 4316 2214 4371 admodum
2246 4314 2557 4383 diligebant.

2020 4407 2334 4460 Didraclttna
2351 4406 2473 4475 quid
2493 4415 2639 4459 esset.
2658 4434 2727 4447 —
2744 4405 2836 4459 25.
2862 4406 2985 4458 Cum
3008 4415 3173 4458 autem
3199 4405 3442 4459 venissent
3469 4404 3521 4457 in

1928 4500 2272 4569 Capernaum,
2299 4507 2617 4552 accesserunt
2648 4498 2716 4549 ad
2744 4494 2954 4549 Petrum
2998 4498 3085 4566 qui
3108 4496 3409 4549 didraclmta
3434 4512 3520 4548 ac-

1930 4592 2200 4661 cipiebant.
2231 4598 2277 4643 et
2307 4589 2542 4641 dixerunt
2584 4604 2603 4641 :
2661 4588 2908 4658 Magister
2931 4597 3090 4641 vester
3113 4603 3216 4640 non
3257 4586 3402 4640 solvit
3439 4586 3523 4638 di-

1930 4684 2173 4737 drucluna
2193 4682 2218 4735 ?
2237 4680 2369 4747 Quae
2404 4688 2530 4733 sunt
2551 4678 2669 4733 htec
2703 4677 3012 4731 Didraclnna
3027 4679 3052 4731 ?
3078 4676 3301 4745 Quando
3321 4677 3521 4745 primo-

1928 4775 2104 4846 genita
2132 4772 2502 4844 Egyptiorum
2536 4770 2803 4824 interfecit
2824 4771 2985 4830 Deus,
3016 4777 3143 4822 tunc
3174 4768 3369 4823 tribum
3396 4767 3529 4822 Levi

1930 4882 2031 4937 pro
2061 4866 2191 4934 ipsis
2220 4861 2467 4932 accepit(
2498 4860 2659 4915 Num.
2703 4862 2758 4915 3.
2790 4860 2880 4915 59.
2912 4862 2980 4914 47
3020 4864 3055 4927 ).
3090 4859 3291 4913 Deinde
3322 4861 3443 4929 quia
3482 4863 3531 4914 in

1933 4963 2036 5015 hac
2063 4960 2205 5015 tribu
2232 4958 2409 5012 minor
2436 4956 2668 5022 capitum
2693 4967 2948 5007 numerus
2971 4963 3110 5017 erat,
3139 4967 3297 5022 quam
3326 4952 3464 5021 prim
3479 4971 3523 5003 o-

1932 5053 2233 5124 genitorum
2264 5048 2403 5119 apud
2449 5046 2666 5102 Iudaeos
2710 5053 2854 5101 esset
2883 5086 2897 5110 ,
2924 5058 3021 5114 pro
3048 5043 3423 5099 deficientibus
3471 5048 3535 5097 att

1935 5144 2290 5215 supplendum
2328 5154 2609 5195 numerum
2656 5137 2847 5192 siclum
2875 5136 3035 5207 jussit
3072 5136 3267 5191 deferri
3302 5152 3315 5190 :
3344 5151 3414 5192 ex
3448 5137 3539 5191 illo

1934 5249 2112 5292 autem
2139 5246 2379 5304 tempore
2409 5246 2528 5288 mos
2567 5230 2811 5297 invaluit,
2834 5240 2891 5284 ut
2919 5229 3275 5305 primogenita
3308 5230 3411 5285 hoc
3450 5244 3532 5280 vc-

1928 5327 2087 5400 etigal
2107 5327 2397 5381 solverent.
2448 5323 2581 5389 Quia
2632 5321 2794 5392 igitur
2849 5318 3096 5377 Christus
3141 5318 3536 5389 primogenitus

1930 5430 2126 5484 erat,et
2147 5420 2284 5473 inter
2308 5415 2601 5484 discipulos
2618 5414 2823 5483 primus
2848 5413 3126 5467 videbatur
3149 5425 3275 5465 esse
3304 5409 3433 5464 Petr
3446 5424 3532 5469 us,

1930 5514 1994 5565 ad
2036 5512 2209 5581 ipsum
2237 5507 2520 5563 accedunt.
2559 5505 2695 5561 Puto
2720 5513 2900 5558 autem
2930 5544 2944 5566 ,
2988 5502 3040 5557 id
3070 5501 3193 5555 illos
3221 5500 3275 5553 in
3303 5497 3534 5568 singulis

1931 5606 2148 5659 urbibus
2170 5602 2411 5671 exegisse
2437 5618 2451 5655 τ
2481 5606 2807 5669 quapropter
2835 5597 2885 5651 in
2912 5594 3080 5664 patria
3114 5592 3532 5655 adieruuteum,

1930 5714 2050 5767 qttzc
2092 5694 2262 5767 patria
2289 5693 2628 5763 Capernaum
2656 5689 2943 5759 putabatur
2968 5699 3110 5740 esse.
3153 5682 3331 5751 Ipsum
3365 5695 3535 5755 porro

1933 5791 2081 5846 adire
2109 5805 2214 5845 non
2245 5786 2399 5853 ausi,
2439 5786 2654 5841 Petrum
2682 5782 3008 5839 conveniunt
3031 5822 3046 5841 .
3079 5793 3179 5835 nec
3199 5794 3322 5834 cum
3381 5782 3537 5835 vehe-

3167 5883 3204 5941 7
