4034 6400
564 355 665 405 Vili?

569 470 783 531 utentia,
814 467 904 519 sed
932 465 1250 520 tuoder..titts
1287 482 1296 515 :
1330 482 1502 536 neque
1525 466 1667 520 enim
1697 475 1752 519 ιιι
1779 467 2076 522 criminantt
2095 483 2142 531 s,

567 560 656 614 sed
710 569 766 612 ut
815 559 1203 626 interrogantes
1246 556 1497 610 dixerunt
1538 574 1550 610 :
1584 555 1827 626 Magister
1862 567 2019 612 vester
2047 575 2146 610 non

567 652 718 705 solvil
747 649 1084 703 didruct’tma?
1109 647 1222 702 Non
1248 649 1390 703 enim
1418 648 1592 702 adhuc
1619 649 1686 702 tlc
1719 649 1816 708 illo
1844 659 1898 702 ιιι
1921 665 2015 719 par
2033 661 2147 704 erat

568 743 870 796 sentiebant
894 783 906 804 ,
940 740 1033 793 sed
1067 739 1336 794 hominem
1364 755 1484 795 esse
1515 740 1807 808 putabant,
1839 740 1961 795 licet
1994 742 2142 796 illum

569 838 617 888 in
648 837 848 887 honore
872 833 1133 886 haberent
1161 833 1229 886 ob
1271 842 1475 902 patrata
1501 832 1673 900 signa.
1700 832 1834 898 Quid
1872 834 2026 902 igitur
2047 835 2146 890 Pe-

565 928 715 980 trus?
743 925 831 978 24.
859 923 1060 993 Utique,
1093 923 1167 976 ait
1200 941 1212 975 :
1247 925 1351 977 illis
1375 922 1590 993 quidem
1618 923 1770 988 dixit,
1805 925 1973 994 ipsum
1994 927 2142 982 eolu-

552 1025 736 1070 turum
762 1029 901 1080 esse,
925 1014 1021 1082 ipsi
1051 1028 1180 1068 vero
1210 1027 1314 1068 non
1341 1012 1494 1077 dixit,
1517 1013 1656 1081 quod
1685 1014 1921 1068 fortassis
1948 1018 2144 1070 erube-

559 1115 732 1158 sceret
763 1104 831 1158 de
858 1103 1052 1157 talibus
1089 1103 1259 1172 ipsum
1288 1103 1503 1172 alloqui.
1539 1102 1663 1156 Ideo
1693 1114 2000 1158 mansuetus
2030 1105 2141 1171 ille,

559 1198 645 1262 qui
671 1198 847 1250 ontnia
875 1196 1020 1250 clare
1052 1199 1292 1259 noverat,
1318 1197 1651 1265 praiveniens
1683 1198 1826 1249 illum
1857 1197 1969 1251 ait:
2007 1197 2144 1262 Quid

553 1287 648 1338 tibi
671 1287 874 1342 videtur
898 1329 915 1352 ,
961 1285 1140 1340 Simon
1168 1288 1193 1340 .9
1234 1287 1395 1358 Reges
1437 1298 1583 1342 terrm
1611 1305 1642 1341 a
1686 1289 1865 1358 quibus
1890 1291 2143 1359 accipiunt

563 1378 804 1431 trilmtum
844 1379 920 1431 vel
949 1394 1148 1430 censum
1171 1378 1197 1430 Ρ
1222 1395 1253 1430 a
1280 1379 1401 1445 ﬁliis
1441 1379 1544 1432 suis
1563 1420 1578 1444 ,
1603 1395 1668 1432 an
1702 1378 1763 1432 ab
1788 1379 2011 1434 alienis?
2035 1380 2128 1436 9.5.

556 1467 699 1520 Dixit
732 1469 840 1533 ille,
871 1467 943 1520 Ab
975 1469 1171 1521 alienis.
1196 1467 1331 1521 Dicit
1364 1468 1440 1522 illi
1458 1467 1608 1522 Iesus
1630 1483 1649 1522 :
1675 1467 1817 1540 Ergo
1847 1469 1989 1524 liberi
2017 1481 2134 1524 sunt

556 1561 675 1626 ﬁlii.
703 1559 780 1613 Ne
810 1568 1017 1628 putaret
1042 1561 1182 1613 enim
1212 1559 1422 1626 Petrus,
1447 1559 1715 1614 Christum
1746 1561 1798 1616 id
1820 1562 1888 1615 ab
1913 1562 2014 1616 illis
2042 1576 2140 1617 au-

563 1651 760 1705 divisse
785 1692 798 1716 ,
833 1651 1083 1719 praneuit
1110 1666 1230 1705 eum
1256 1691 1271 1717 ,
1305 1660 1361 1705 ut
1389 1652 1490 1705 hoc
1529 1652 1700 1720 ipsum
1727 1652 2070 1720 signilicaret,
2088 1663 2141 1709 et

559 1756 660 1793 una
687 1741 931 1794 ﬁduciam
964 1742 1170 1796 inderet
1199 1757 1305 1796 non
1335 1741 1550 1795 audenti
1571 1751 1725 1796 antea
1746 1742 1813 1797 de
1844 1740 1946 1797 illis
1975 1743 2138 1814 loqui.

563 1832 671 1886 lloc
699 1841 873 1886 autem
921 1833 1034 1886 vult
1081 1832 1383 1902 signiﬁcare
1415 1851 1427 1884 :
1474 1833 1726 1887 lmmunis
1751 1847 1777 1886 a
1809 1848 1970 1890 censu
2000 1851 2136 1891 sum.

556 1925 687 1980 Nam
719 1927 761 1978 si
787 1940 936 1994 reges
966 1935 1119 1980 terra:
1157 1942 1184 1976 ει
1217 1926 1338 1980 liliis
1363 1926 1472 1978 suis
1495 1925 1621 1978 nihil
1649 1926 1932 1994 accipiunt,
1953 1927 2044 1980 sed
2071 1927 2140 1981 ab

556 2015 742 2068 alienis
774 2033 786 2068 :
819 2015 985 2068 multo
1015 2013 1179 2084 magis
1208 2030 1293 2068 Ine
1323 2015 1606 2068 immunem
1633 2031 1752 2070 esse
1775 2016 2026 2084 oportuit,
2049 2018 2137 2086 qui

556 2120 662 2158 non
691 2106 884 2159 terreni
910 2146 926 2170 ,
955 2104 1050 2160 sed
1078 2105 1308 2160 Caelestis
1342 2103 1505 2174 Regis
1549 2105 1715 2160 Filius
1740 2123 1878 2172 sum,
1919 2115 1972 2162 et
2000 2107 2130 2162 Rex.

563 2197 740 2250 Viden‘
767 2196 1035 2267 quomodo
1055 2198 1188 2252 lilius
1210 2197 1499 2267 distinguat
1523 2212 1553 2251 a
1585 2212 1690 2252 non
1724 2199 1843 2252 liliis
1869 2198 1892 2252 ?
1931 2198 1987 2254 Si
2011 2213 2139 2254 vero

561 2288 722 2343 Filius
755 2304 858 2340 nou
900 2297 1083 2353 esset,
1110 2283 1310 2342 frustra
1345 2289 1648 2357 exemplum
1677 2305 1860 2359 regum
1897 2289 2134 2345 alferret.

557 2379 749 2446 Etiam,
784 2381 989 2450 inquies
1015 2420 1028 2445 ,
1069 2379 1207 2432 lilius
1250 2388 1366 2443 est,
1398 2379 1492 2434 sed
1521 2395 1625 2434 non
1668 2381 1950 2449 genuinus.
1993 2380 2136 2450 Ergo

557 2490 661 2526 non
687 2473 824 2526 lilius
843 2489 857 2524 :
878 2473 921 2526 si
944 2481 1119 2524 autem
1140 2485 1239 2525 nec
1261 2471 1398 2524 illius
1420 2485 1516 2525 nec
1535 2473 1817 2542 genuinus,
1844 2487 1950 2525 non
1973 2473 2137 2542 ipsius

551 2578 679 2633 ergo
719 2573 835 2628 est,
863 2561 956 2616 sed
1001 2561 1228 2615 alienus.
1275 2559 1332 2615 Si
1380 2561 1619 2627 alienus,
1653 2563 1958 2630 exemplum
2008 2561 2134 2615 illud

555 2655 660 2708 vim
688 2669 838 2710 suam
871 2670 974 2708 non
1017 2652 1196 2712 habet.
1228 2651 1322 2706 Ille
1352 2667 1579 2722 namque
1615 2666 1718 2705 non
1763 2647 1830 2704 de
1864 2650 1986 2706 ﬁliis
2019 2660 2134 2705 tan-

552 2757 686 2816 tum,
705 2749 798 2805 sed
823 2748 889 2803 de
909 2749 1154 2818 genuinis
1170 2747 1424 2817 loquitur,
1447 2745 1514 2801 de
1539 2745 1878 2815 propriis,qui
1895 2760 2015 2800 cum
2039 2761 2133 2815 pa-

555 2841 722 2895 tribus
752 2839 898 2910 regni
923 2849 1048 2894 sunt
1071 2847 1370 2894 consortes.
1398 2837 1629 2905 Ideoque
1654 2835 1720 2889 ad
1743 2835 2132 2890 disunctionem

549 2933 756 2986 alienos
780 2932 1062 3000 apposuit,
1103 2931 1183 2986 sic
1206 2944 1405 2985 vocans
1446 2929 1566 2984 illos
1591 2928 1733 2998 quia
1776 2929 1988 2998 regibus
2027 2929 2132 2983 nati

552 3039 657 3076 non
684 3030 826 3084 sunt,
857 3022 993 3076 ﬁlios
1024 3035 1151 3075 vero
1175 3020 1303 3075 dicit
1333 3034 1429 3074 eos
1447 3060 1462 3086 ,
1495 3033 1629 3089 quos
1652 3033 1718 3073 ex
1737 3033 1794 3072 se
1817 3029 2130 3089 genuerunt.

547 3113 627 3168 Tu
655 3122 830 3168 autem
860 3111 992 3166 mihi
1040 3110 1312 3181 perpende
1339 3110 1608 3180 quomodo
1650 3110 1940 3164 revelatam
1977 3109 2132 3166 Petro

547 3205 904 3274 cognitionem
938 3203 1061 3257 hinc
1090 3202 1386 3257 conlirmet.
1423 3201 1601 3272 Neque
1625 3201 1711 3256 hic
1729 3203 1897 3266 stetit,
1917 3201 2011 3257 sed
2039 3218 2133 3272 per

549 3311 841 3350 consensus
873 3295 1088 3350 modum
1120 3294 1220 3348 hoc
1247 3293 1419 3363 ipsum
1450 3292 1732 3363 signiﬁcat,
1762 3291 1814 3346 id
1845 3292 1985 3364 quod
2015 3309 2128 3347 ma-

548 3402 666 3455 gnze
698 3386 974 3454 sapientia:
994 3395 1127 3438 erat.
1159 3385 1292 3439 Nam
1319 3399 1442 3438 cum
1467 3384 1582 3439 haec
1610 3384 1863 3451 dixisset,
1891 3384 1966 3439 ait
1996 3403 2008 3439 :
2037 3384 2128 3440 26.

552 3479 618 3532 Ut
645 3488 934 3532 autemnon
957 3477 1356 3531 scandalizemus
1376 3493 1479 3543 eos,
1507 3477 1632 3531 vade
1658 3477 1727 3529 ad
1752 3493 1908 3543 mare,
1930 3485 1977 3531 et
1995 3477 2132 3532 mitte

547 3571 792 3622 hamum:
823 3578 869 3622 et
893 3584 1004 3646 eunt
1033 3568 1235 3638 piscem,
1261 3568 1345 3637 qui
1375 3568 1565 3637 primus
1588 3567 1888 3632 ascenderit,
1914 3566 2055 3634 tolle,
2083 3578 2131 3622 et

543 3663 593 3714 in
621 3661 711 3714 illo
730 3661 949 3715 invenies
971 3669 1204 3714 staterem
1222 3660 1262 3713 ‘z
1279 3658 1424 3712 illum
1449 3673 1731 3723 assumens,
1749 3657 1816 3712 da
1844 3659 1914 3713 eis
1931 3675 2025 3729 pro
2052 3675 2132 3714 me

543 3764 588 3807 et
619 3765 681 3808 te.
714 3752 902 3807 Viden’
931 3751 1201 3822 quomodo
1231 3765 1404 3821 neque
1437 3758 1681 3816 recuset,
1707 3765 1881 3820 neque
1910 3751 2129 3807 omnino

541 3847 721 3913 jubeat
753 3846 1005 3902 tributum
1038 3841 1312 3920 pendere!
1337 3841 1440 3898 Sed
1472 3841 1563 3896 ubi
1590 3841 1739 3912 prius
1765 3841 2041 3910 ostendit,
2067 3857 2129 3898 se

540 3955 646 3992 non
678 3953 797 3993 esse
844 3936 972 3991 huic
999 3935 1324 3998 obnoxium,
1375 3944 1502 3987 tunc
1548 3932 1641 3987 dat
1688 3933 1860 3996 illud;
1910 3942 2022 3988 tum
2059 3949 2129 3989 ne

539 4029 616 4082 illi
643 4029 1092 4106 scandalizentur,
1121 4035 1232 4080 tum
1260 4041 1327 4080 ne
1357 4023 1410 4079 hi
1439 4024 1582 4080 idem
1608 4026 1898 4093 patiantur.
1939 4024 2125 4094 Neque

535 4122 684 4175 enim
721 4120 790 4173 ita
813 4119 903 4174 dat
945 4119 1094 4187 quasi
1119 4117 1331 4180 debeat,
1366 4116 1460 4171 sed
1489 4125 1547 4169 ut
1589 4116 1800 4172 illorum
1827 4115 2125 4171 inﬁrmitati

537 4212 806 4266 consulat.
1723 4215 1726 4218 ’

611 4306 663 4357 2.
696 4303 838 4358 Alibi
866 4317 992 4356 vero
1023 4301 1328 4355 scandalum
1363 4300 1691 4362 contemnit;
1725 4309 1781 4354 ut
1813 4315 1935 4354 cum
1962 4299 2031 4356 de
2051 4302 2124 4356 ei-

538 4397 620 4452 bis
643 4397 972 4460 dissereret;
1021 4401 1080 4448 ut
1122 4407 1220 4446 nos
1259 4393 1452 4447 doceat
1482 4391 1736 4459 temporis
1761 4392 2129 4460 Opportunita-

545 4498 650 4542 tem
681 4486 967 4555 explorare
995 4494 1247 4553 oportere
1269 4526 1284 4544 ,
1317 4483 1511 4552 quibus
1541 4498 1634 4550 par
1654 4491 1737 4536 est
1759 4481 2006 4536 scandala
2029 4481 2125 4536 de-

541 4583 772 4650 spicere,
795 4579 875 4634 vel
909 4593 1014 4631 non
1037 4578 1334 4646 despicere.
1367 4577 1439 4630 Ex
1473 4575 1634 4629 modo
1661 4574 1786 4629 item
1818 4574 2011 4639 dandi,
2044 4590 2127 4631 se-

539 4678 731 4742 ipsum,
753 4670 842 4738 qui
866 4683 1056 4736 nempe
1073 4667 1159 4726 sit.
1178 4666 1431 4721 ostendit.
1453 4666 1564 4720 Cur
1585 4666 1725 4718 enim
1749 4681 1854 4719 non
1878 4681 1941 4719 ex
1968 4679 2127 4734 repo-

535 4769 654 4821 sitis
682 4764 836 4833 jubet
859 4759 1017 4815 dari?
1047 4757 1155 4826 Ut,
1186 4756 1328 4827 quod
1350 4757 1460 4827 jam
1486 4756 1594 4809 dixi
1616 4796 1631 4821 ,
1659 4755 1710 4808 in
1740 4755 1840 4808 hoc
1875 4755 2127 4834 se“me

539 4859 913 4910 universorum
943 4866 1064 4907 esse
1097 4860 1154 4906 et
1199 4851 1331 4904 mari
1374 4849 1642 4918 imperare
1690 4847 2019 4902 ostenderet.
2071 4846 2126 4901 ld

533 4953 645 5019 jam
677 4949 1134 5002 demonstraverat
1159 4943 1373 5014 quando
1403 4955 1550 4995 mare
1581 4939 1893 5008 increpavit,
1922 4947 1978 4993 et
2003 4953 2125 4992 cum

541 5043 756 5096 Petrum
793 5037 952 5106 jussit
980 5050 1138 5104 supra
1169 5034 1364 5088 ﬂuctus
1403 5031 1701 5086 ambulare.
1739 5028 1794 5082 ld
1823 5045 1962 5086 nunc
1987 5044 2127 5100 quo-

539 5146 646 5202 que
671 5127 926 5189 ostendit,
961 5127 1060 5180 etsi
1089 5125 1196 5179 alio
1238 5123 1400 5179 modo
1419 5163 1434 5188 ,
1463 5121 1558 5176 sed
1585 5121 1673 5190 qui
1705 5120 1928 5174 multum
1960 5119 2130 5188 pariat

538 5233 837 5291 stuporem.
872 5217 1055 5286 Neque
1096 5217 1238 5270 enim
1269 5230 1452 5285 parum
1487 5212 1612 5266 illud
1645 5221 1762 5267 erat
1793 5210 2124 5280 praedixisse,

537 5311 742 5380 piscem
788 5307 973 5366 illum,
1025 5302 1114 5372 qui
1145 5301 1346 5370 primus
1386 5297 1676 5368 capiendus
1705 5307 1871 5363 esset,
1901 5293 2127 5364 vectigal

538 5401 835 5454 soluturum
866 5409 1008 5456 esse,
1031 5402 1085 5448 et
1116 5400 1232 5446 rete
1265 5391 1316 5444 in
1348 5390 1600 5460 abyssum
1645 5388 1897 5456 injectum
1923 5385 2123 5454 piscem

540 5491 716 5552 illum;
749 5488 838 5556 qui
869 5493 1120 5539 ataterem
1148 5480 1410 5552 gestabat.
1433 5494 1497 5533 ex
1528 5477 1643 5546 ejus
1669 5485 1936 5547 pra-cepto
1955 5474 2124 5528 addu-

544 5589 753 5632 eturum
782 5592 923 5638 esse,
958 5573 1052 5628 sed
1087 5587 1207 5627 esse
1250 5569 1376 5624 illud
1420 5570 1610 5622 divinae
1639 5577 1693 5622 et
1719 5566 2000 5621 ineffabilis
2029 5579 2126 5633 po-

548 5669 754 5718 leslalis
779 5706 793 5720 .
835 5666 977 5722 quod
1010 5679 1156 5716 utare
1181 5659 1320 5713 dona
1351 5660 1426 5714 sic
1456 5658 1704 5720 all'erret;
1733 5666 1787 5710 et
1814 5657 2119 5724 obsequen-

609 5774 626 5799 ί
663 5781 803 5824 lilius.
829 5775 957 5832 ιυιιρ,
980 5779 1022 5822 νε
1045 5771 1266 5836 aperiens
1287 5782 1339 5825 os
1361 5768 1484 5830 ejus,
1511 5767 1719 5818 invenies
1740 5775 1980 5818 ualerem.

1250 351 1301 404 S.
1344 349 1619 405 JOANNIS
1656 351 2126 406 (IllllYSwTOMI
2167 355 2474 412 AllCllll-ZP.
2520 362 3055 422 CONSTANTINOP.

3735 383 3835 433 563

2262 479 2388 524 ttant
2433 487 2581 528 suam
2628 481 2959 547 ostenderet,
2991 493 3100 536 tum
3130 487 3343 554 quando
3373 487 3552 544 furens
3583 497 3834 548 sedatum

2253 570 2354 625 est,
2386 571 2495 617 ttun
2533 569 2748 635 quando
2777 581 3010 626 :estuans
3055 590 3370 632 consvrvum
3418 586 3692 653 suscepit;
3728 596 3836 639 tum

2253 662 2412 707 etiam
2454 673 2626 723 nunc,
2657 678 2777 716 cum
2807 679 2904 732 pro
2935 666 3048 733 ipso
3085 670 3428 724 exactoribus
3447 673 3633 726 soliit.
3674 674 3739 726 Et
3771 679 3837 728 da

2253 745 2354 798 illis
2377 765 2467 816 pro
2491 767 2570 804 me
2592 763 2639 805 et
2669 770 2762 821 pro
2790 765 2855 819 te,
2885 756 3072 825 inquit.
3099 758 3286 814 Vidisti
3317 762 3533 816 hoaoris
3555 769 3835 820 excellen-

2253 835 2418 926 tiam?
2461 839 2591 895 Vide
2616 853 2672 896 et
2704 844 2846 898 Petri
2878 847 3287 917 philosophiam.
3314 851 3450 906 Nam
3479 854 3714 920 Marcus,
3747 861 3837 926 qui

2254 925 2412 996 hujus
2437 931 2734 1001 discipulus
2761 947 2898 1002 erat,
2931 939 3036 992 hoc
3062 953 3271 1009 gestum
3303 960 3408 997 non
3441 947 3678 1017 scripsit,
3712 925 3835 1018 quia

2253 1019 2376 1075 hinc
2419 1022 2494 1076 illi
2541 1023 2713 1080 honor
2751 1028 2938 1097 ingens
2979 1032 3310 1088 accedebat:
3353 1036 3446 1090 sed
3489 1041 3834 1107 negationem

2251 1113 2370 1181 ejus
2395 1115 2630 1184 scripsit,
2661 1133 2781 1186 qua:
2817 1135 2946 1174 vero
2972 1124 3320 1192 conspicuum
3349 1125 3496 1180 illum
3533 1129 3834 1183 reddebant

2253 1209 2434 1272 tacuit,
2467 1220 2520 1263 et
2549 1209 2778 1266 fortasse
2798 1223 3012 1269 vetante
3043 1218 3296 1287 magistro
3320 1237 3388 1276 ne
3423 1235 3614 1290 magna
3643 1220 3715 1276 de
3747 1223 3834 1276 illo

2247 1295 2467 1352 diceret.
2503 1297 2609 1353 Pro
2634 1318 2712 1356 me
2735 1313 2781 1357 et
2807 1313 2873 1369 te,
2900 1306 3064 1374 inquit
3099 1324 3111 1360 :
3139 1309 3262 1378 quia
3289 1321 3343 1365 et
3369 1313 3481 1380 ipse
3507 1314 3833 1383 primogeni-

2249 1395 2332 1441 tus
2357 1399 2492 1442 erat.
2543 1390 2612 1447 Ut
2649 1402 2830 1448 autem
2875 1395 3072 1452 Christi
3121 1402 3412 1468 potentiam
3441 1419 3562 1458 eum
3609 1415 3834 1475 stupore

2248 1479 2470 1533 miratus
2495 1496 2575 1548 es,
2603 1483 2797 1539 mirare
2822 1496 2877 1540 et
2917 1486 3162 1558 discipuli
3198 1491 3360 1546 fidem
3379 1533 3395 1558 ,
3421 1495 3514 1563 qui
3543 1496 3596 1550 iu
3626 1512 3686 1552 re
3726 1507 3829 1552 tam

2249 1571 2607 1642 inexspectata
2629 1577 2818 1644 paruit.
2856 1578 2962 1634 Res
2982 1581 3124 1635 enim
3142 1592 3259 1637 erat
3284 1596 3469 1638 natura
3502 1587 3718 1643 insolita
3745 1599 3829 1641 at-

2247 1681 2349 1733 que
2388 1669 2668 1735 stupenda.
2718 1669 2841 1724 ldeo
2872 1672 2924 1726 in
2955 1674 3253 1729 mercedem
3298 1676 3440 1743 ﬁdei,
3473 1679 3524 1732 in
3569 1680 3828 1736 solvendo

2247 1755 2442 1809 tributo
2460 1757 2602 1812 illum
2619 1760 2717 1815 sibi
2735 1761 2974 1817 Christus
2993 1765 3284 1834 conjunxit.
3310 1767 3460 1840 (Cap.
3480 1769 3674 1841 XVIII)
3696 1774 3745 1826 l.
3765 1773 3827 1826 In

2245 1846 2336 1898 illa
2385 1848 2512 1900 hora
2563 1863 2877 1907 accesserunt
2927 1855 2995 1908 ad
3036 1855 3214 1911 Iesum
3267 1859 3503 1932 discipuli
3556 1864 3779 1921 dicentes
3805 1881 3827 1918 :

2249 1935 2374 2002 Quis
2395 1939 2559 2007 major
2581 1952 2655 1994 est
2683 1944 2734 1996 in
2755 1959 2908 2014 regno
2921 1947 3161 2002 ctelorum
3176 1949 3203 2002 .9
3231 1949 3528 2008 Humanum
3554 1955 3826 2026 quidpiam

2247 2027 2387 2095 passi
2409 2028 2654 2098 discipuli
2680 2045 2804 2088 sunt
2827 2052 2840 2087 :
2868 2036 3011 2104 quod
3031 2047 3086 2092 et
3105 2042 3430 2110 evangelista
3460 2045 3731 2114 signiﬁcat
3747 2047 3826 2102 di-

2241 2133 2390 2185 cens,
2417 2119 2486 2175 1η
2513 2121 2605 2176 illa
2626 2124 2753 2179 ltora
2774 2143 2794 2181 :
2822 2129 3034 2198 quando
3058 2131 3178 2201 plus
3200 2147 3361 2202 quam
3381 2147 3610 2193 caeteros
3638 2153 3825 2194 omnes

2243 2210 2390 2266 illum
2419 2211 2717 2270 honoravit.
2759 2216 2892 2272 Nam
2913 2234 3036 2276 cum
3061 2237 3126 2276 es
3156 2223 3358 2280 Jacobo
3375 2235 3429 2280 et
3454 2227 3666 2284 Joanne
3690 2231 3826 2285 alter
3876 2281 3878 2283 ,

2243 2304 2627 2372 primogenitus
2657 2318 2801 2364 esset
2819 2311 2857 2375 ⁸,
2893 2310 3026 2366 nihil
3056 2313 3232 2369 simile
3260 2331 3358 2386 pro
3387 2318 3489 2372 illis
3516 2317 3662 2374 fecit.
3693 2320 3824 2375 llinc

2243 2395 2448 2462 pudore
2466 2395 2640 2452 allecti
2670 2399 2835 2455 animi
2855 2402 2937 2456 sui
2965 2405 3381 2460 commotionem
3409 2408 3643 2464 confessi
3665 2420 3818 2476 sunt,

2241 2500 2418 2555 neque
2445 2496 2630 2558 aperte
2655 2489 2879 2556 dicunt,
2905 2489 3014 2548 Cur
3054 2493 3270 2550 Petrum
3315 2498 3468 2554 nobis
3509 2501 3821 2569 praetulisti?

2242 2591 2368 2630 num
2400 2577 2488 2634 ille
2527 2578 2698 2649 major
2740 2582 2896 2637 nobis
2934 2584 3058 2638 est?
3085 2599 3191 2639 non
3225 2585 3492 2644 audebant
3514 2591 3700 2657 enim;
3729 2590 3819 2645 sed

2243 2667 2516 2725 indeﬁnite
2540 2671 2873 2743 interrogant
2895 2694 2908 2728 :
2945 2676 3072 2744 Quis
3101 2681 3268 2750 major
3284 2690 3357 2734 est
3375 2680 3549 2737 ?Nam
3575 2699 3698 2737 cum
3717 2692 3820 2738 tres

2240 2759 2482 2815 viderunt
2505 2762 2745 2831 prmferri
2763 2768 2992 2828 caeteris.
3014 2769 3149 2826 nihil
3168 2770 3340 2826 simile
3356 2772 3494 2841 passi
3521 2783 3679 2838 sunt;
3701 2788 3816 2827 cum

2239 2865 2414 2905 autem
2446 2869 2582 2908 unus
2611 2864 2812 2912 tantum
2848 2857 3106 2914 honorem
3139 2862 3290 2927 tulit,
3333 2872 3458 2918 tunc
3481 2864 3673 2920 dolore
3700 2874 3817 2918 sunt

2237 2941 2432 2997 allecti.
2457 2943 2638 3014 Neque
2667 2947 2769 3002 hoc
2795 2949 2990 3015 solum,
3013 2950 3108 3005 sed
3138 2960 3189 3006 et
3209 2953 3314 3007 alia
3342 2953 3500 3007 multa
3525 2969 3816 3025 congeren-

2240 3041 2339 3097 tes,
2365 3036 2573 3089 accensi
2598 3047 2743 3092 sunt.
2766 3037 2896 3094 Nam
2916 3039 3050 3094 dixit
3077 3041 3151 3096 illi
3180 3060 3194 3094 :
3221 3042 3333 3096 Tibi
3357 3043 3485 3097 dabo
3511 3048 3714 3108 claves;
3739 3055 3811 3106 et,

2239 3125 2426 3182 Beatus
2453 3145 2506 3183 es
2529 3169 2544 3194 ,
2569 3129 2749 3184 Simon
2782 3130 3050 3187 Bar-Jona
3093 3134 3114 3203 (
3130 3133 3320 3189 Matth.
3356 3137 3440 3190 l6.
3472 3136 3556 3190 l9.
3587 3139 3692 3207 Π)
3721 3153 3734 3199 ;
3765 3144 3814 3189 et

2221 3216 2344 3283 hic,
2372 3218 2452 3272 Da
2481 3220 2606 3289 ipsis
2644 3238 2737 3292 pro
2761 3240 2841 3278 me
2863 3234 2910 3278 et
2940 3235 3022 3290 te;
3059 3227 3290 3297 itemque
3339 3228 3585 3283 ﬁduciam
3615 3229 3732 3299 ejus
3759 3237 3809 3283 et

2239 3306 2484 3375 loquendi
2531 3310 2835 3370 libertatem
2879 3313 3124 3369 videntes
3170 3319 3561 3388 pungebantur.
3594 3319 3744 3386 Quod
3769 3318 3811 3372 si

2233 3396 2444 3454 Morcus
2469 3415 2576 3456 non
2598 3402 2888 3469 dicat,illos
2917 3406 3296 3478 interrogasse,
3318 3409 3412 3463 sed
3441 3423 3627 3464 secum
3650 3411 3701 3463 id
3720 3424 3809 3464 co-

2219 3488 2475 3562 ‘gitasse(
2511 3490 2677 3546 Marc.
2710 3493 2764 3549 9..
2794 3496 2862 3552 34
2887 3493 2908 3566 )
2929 3535 2944 3560 ,
2979 3495 3030 3550 id
3069 3512 3175 3552 non
3210 3511 3330 3553 esse
3363 3499 3669 3572 oppositqu
3698 3499 3810 3552 huic

2236 3581 2526 3636 narrationi
2557 3599 2571 3636 :
2603 3598 2724 3637 nam
2770 3587 3058 3642 verisimile
3085 3597 3166 3642 est
3195 3585 3314 3643 illos
3327 3598 3630 3658 utrumque
3657 3590 3808 3644 loris-

2233 3687 2293 3728 se
2322 3689 2338 3728 :
2365 3681 2420 3728 et
2448 3674 2677 3745 primum
2704 3677 2920 3746 quidem
2955 3679 3058 3732 alio
3082 3689 3323 3749 tempore
3346 3681 3516 3735 semel
3551 3692 3602 3736 et
3639 3682 3715 3735 bis
3738 3681 3810 3732 sic

2233 3763 2518 3834 cogitasse,
2552 3775 2679 3822 tunc
2697 3782 2826 3822 vero
2853 3778 2906 3822 et
2929 3768 3128 3824 dixisse
3154 3811 3168 3834 ,
3191 3779 3247 3824 et
3268 3784 3449 3825 secum
3475 3773 3805 3840 cogitavisse.

2233 3853 2310 3909 'l‘u
2341 3871 2471 3912 vero
2497 3871 2604 3912 non
2632 3857 2684 3912 id
2713 3859 2822 3912 vitii
2856 3859 3028 3914 solum
3051 3861 3307 3930 respicias
3329 3903 3345 3926 ,
3374 3862 3466 3915 sed
3489 3870 3543 3915 et
3569 3861 3697 3918 illud
3726 3873 3808 3914 ce-

2232 3948 2340 4018 gita
2373 3967 2387 4003 :
2416 3949 2608 4020 primo,
2638 3950 2760 4006 illos
2806 3952 2936 4006 nihil
2972 3951 3058 4006 hic
3107 3951 3265 4023 hujus
3303 3954 3485 4008 sazculi
3530 3967 3805 4023 quaerere;

2230 4040 2460 4108 deinde,
2493 4044 2613 4098 illos
2660 4043 2804 4099 hunc
2849 4055 3031 4115 postea
3079 4046 3326 4101 morbum
3377 4046 3726 4115 deposuisse,
3758 4051 3804 4095 et

2235 4136 2432 4204 primas
2460 4136 2560 4191 sibi
2591 4149 2776 4190 mutuo
2797 4137 3072 4192 detulisse.
3097 4137 3205 4192 Nos
3241 4147 3417 4191 autem
3439 4151 3614 4206 neque
3643 4137 3703 4190 ad
3719 4134 3803 4187 de-

2233 4226 2402 4281 fectus
2444 4231 2634 4282 eorum”
2681 4242 2963 4296 possumus
2993 4229 3333 4296 pertingere,
3380 4241 3479 4282 nec
3524 4227 3801 4296 quasrimus

2231 4323 2350 4392 quis
2380 4321 2549 4391 major
2573 4319 2646 4375 sit
2687 4319 2739 4374 iu
2770 4335 2936 4389 regno
2961 4320 3214 4374 cazlorum
3235 4360 3249 4381 ,
3283 4319 3380 4374 sed
3418 4319 3536 4388 quis
3563 4319 3731 4386 major
3755 4315 3802 4369 in

2231 4428 2397 4484 regno
2424 4424 2582 4467 terra:
2607 4454 2621 4474 ,
2651 4413 2772 4483 quis
2823 4411 3130 4482 opulentior
3152 4452 3170 4477 ,
3199 4413 3322 4481 quis
3352 4413 3641 4480 potentior.
3673 4406 3801 4476 Qutd

2212 4519 2364 4572 tergo
2384 4504 2664 4558 Christus?
2708 4502 2921 4557 Illorum
2953 4503 3336 4557 conscientiam
3367 4502 3582 4572 detegit,
3607 4513 3659 4554 et
3679 4499 3801 4553 affe-

2229 4595 2335 4648 ctui
2359 4609 2567 4658 eorum,
2597 4609 2703 4648 non
2737 4595 2912 4647 verbis
2945 4603 3171 4660 tantum,
3202 4595 3512 4662 respondet.
3544 4595 3595 4646 2.
3633 4594 3690 4648 Et
3725 4589 3801 4641 ad-

2229 4701 2414 4741 uocans
2434 4684 2900 4754 Iesus-parvulum,
2930 4685 2986 4741 5.
3013 4685 3144 4738 dixit
3165 4724 3181 4748 .
3209 4683 3324 4738 Nisi
3346 4684 3570 4737 conversi
3591 4681 3794 4755 fuci-itis,

2229 4788 2278 4832 et
2320 4777 2603 4848 e/ficiamiui
2645 4777 2776 4830 sicut
2817 4777 3055 4845 parvulus
3080 4777 3172 4830 iste
3191 4817 3207 4840 ,
3237 4792 3336 4828 non
3365 4772 3617 4829 intrabitis
3650 4775 3699 4826 in
3727 4786 3799 4823 re-

2231 4888 2386 4943 gnum
2405 4873 2666 4932 ctelorum.
2701 4870 2809 4924 Vos
2839 4869 3150 4940 perquiritis
3181 4869 3302 4938 quis
3339 4868 3407 4922 sit
3436 4882 3627 4936 major,
3660 4878 3708 4920 et
3738 4861 3799 4915 de

2232 4962 2465 5030 primatu
2491 4961 2816 5015 contenditis
2847 4977 2860 5014 :
2896 4974 2997 5026 ego
3028 4975 3157 5014 vero
3181 4974 3330 5024 eum,
3357 4960 3442 5027 qui
3487 4974 3590 5012 non
3623 4953 3799 5011 humil-

2233 5052 2391 5109 limus
2421 5053 2592 5108 factus
2627 5053 2814 5119 luerit,
2845 5068 2952 5108 non
2982 5067 3102 5108 esse
3127 5052 3343 5121 dignum
3370 5051 3492 5105 dico
3521 5052 3610 5120 qui
3654 5051 3798 5102 intret

2232 5148 2283 5202 in
2314 5163 2532 5219 regnum
2555 5147 2832 5201 cmlorum.
2863 5145 3027 5200 [lecte
3051 5145 3354 5212 exemplum
3381 5143 3569 5207 alit-rt;
3607 5156 3701 5197 nec
3724 5137 3796 5190 af-

2231 5241 2336 5297 fert
2363 5240 2542 5304 modo,
2582 5239 2677 5296 sed
2711 5250 2765 5294 et
2795 5241 2965 5306 ipsum
2993 5237 3269 5307 parvulum
3303 5237 3354 5291 in
3385 5236 3562 5291 medio
3584 5233 3758 5289 statuit
3781 5267 3795 5290 ,
3879 5226 3883 5230 ’

2235 5333 2352 5401 ἰμξο
2377 5340 2599 5402 aspectu
2645 5331 2866 5385 hortans
2913 5341 2968 5382 et
3007 5329 3241 5383 suadens
3271 5335 3328 5382 ut
3366 5328 3475 5381 sint
3505 5327 3725 5381 humiles
3743 5331 3799 5372 ac

2231 5425 2519 5494 simplices.
2542 5422 2674 5477 Natu
2705 5422 2958 5490 puerulus
2985 5421 3120 5475 liber
3145 5429 3228 5474 est
3253 5420 3320 5472 ab
3374 5419 3592 5482 invidia,
3629 5433 3657 5471 a
3679 5422 3796 5466 vana

2231 5516 2400 5584 gloria
2433 5554 2450 5577 ,
2480 5514 2548 5568 ab
2577 5529 2762 5568 amore
2791 5513 3070 5582 primatus,
3101 5514 3494 5579 maximamque
3538 5510 3674 5563 hanc
3701 5504 3798 5556 vir-

2235 5615 2397 5660 tutem
2425 5603 2684 5675 possidet,
2714 5617 2908 5673 nempe
2923 5601 3316 5671 simplicitatem
3355 5611 3404 5654 et
3438 5599 3793 5653 humilitatem.

2297 5768 2314 5798 ι
2353 5772 2496 5824 unus,
2514 5774 2621 5812 cum
2645 5760 2808 5812 Jacobi
2830 5765 2875 5812 et
2898 5766 3096 5809 Joannis
3123 5764 3288 5808 Petrus
3311 5758 3651 5820 pn‘magemtus
3670 5747 3777 5799 esset
