4034 6392
269 339 371 397 509

267 457 382 512 Non
410 465 544 522 ergo
567 462 705 520 opus
733 455 935 501 tantum
967 451 1051 499 est
1090 439 1399 498 fortitudine
1423 449 1583 510 atque
1616 435 1849 506 pruden-

268 548 339 602 tia
369 564 385 612 ;
418 544 517 601 sed
542 543 702 599 etiam
731 540 1032 595 humilitate
1058 547 1113 591 ct
1137 534 1496 604 simplicitate.
1529 531 1738 586 Etenim
1771 529 1851 583 Vc]

266 641 319 693 in
349 635 634 708 precipuis
657 635 817 689 rebus
841 673 856 699 ,
888 631 931 685 si
971 631 1051 684 hat
1078 628 1302 682 virtutes
1328 641 1433 681 non
1465 624 1644 679 adsint
1669 664 1684 689 ,
1711 621 1857 677 clau-

266 734 450 787 dicant
478 745 541 786 ea
567 744 688 799 qua:
708 726 774 781 ad
803 726 1028 779 salutem
1056 732 1293 777 ltOs‘lI'tttI‘I
1328 720 1614 791 pertinent.
1640 712 1853 769 'Puet'tt-

266 826 348 879 lus
369 824 491 879 sive
513 818 836 878 contumelia
863 816 1143 875 afficiatur,
1161 813 1274 868 sive
1304 810 1572 870 laudetur,
1605 807 1718 861 sive
1744 821 1857 859 vrr-

268 923 508 977 beretur.
536 912 649 969 sive
678 910 993 972 honoretur,
1026 921 1126 962 uec
1152 903 1367 974 indigne
1394 903 1497 957 fert
1522 901 1603 955 vel
1630 895 1853 962 invidet,

268 1022 447 1077 neque
476 1006 641 1061 altum
663 1003 825 1075 sapit.

343 1103 396 1157 3.
430 1099 619 1156 Viden‘
639 1094 911 1168 quomodo
940 1107 1038 1149 nos
1075 1106 1287 1148 rursum
1322 1087 1388 1142 ad
1416 1085 1673 1142 naturalia
1694 1096 1857 1152 Opera

265 1201 475 1257 evocet,
497 1189 784 1245 ostendens
814 1186 928 1242 hanc
961 1200 1026 1240 ex
1069 1182 1342 1265 proposito
1366 1179 1653 1234 voluntatis
1674 1173 1855 1245 perlici

266 1298 443 1354 posse,
458 1280 922 1353 perniciosamque
933 1274 1344 1330 Manichamrttm
1356 1270 1558 1326 rabiem
1572 1266 1859 1337 deprimit?

269 1376 398 1433 Nam
418 1375 465 1430 si
482 1372 621 1430 mala
637 1382 823 1429 natura
841 1367 1033 1440 est(u),
1052 1381 1149 1422 cur
1164 1364 1288 1421 inde
1310 1360 1656 1434 philosophiae
1676 1372 1859 1414 exent-

272 1473 350 1543 pla
380 1469 581 1526 trahit?
625 1467 906 1524 Parvulum
937 1475 1115 1521 autem
1157 1472 1281 1534 puto
1315 1462 1570 1517 infantem
1599 1457 1652 1513 itt
1680 1454 1858 1512 medio

270 1564 548 1628 statuisse,
587 1560 835 1620 omnibus
860 1558 1006 1614 hisce
1033 1558 1191 1611 animi
1221 1554 1420 1610 morbis
1439 1566 1685 1609 vacuum.
1725 1547 1857 1604 Nam

271 1656 324 1711 in
351 1654 657 1727 hujusmodi
683 1652 992 1716 infantibus,
1012 1665 1109 1705 nec
1129 1647 1450 1718 arrogantia,
1473 1661 1571 1700 nec
1587 1658 1718 1699 vana
1744 1641 1859 1708 glo-

273 1747 370 1813 ria,
399 1761 500 1801 nec
527 1745 748 1811 invidia,
778 1758 877 1798 nec
903 1741 1201 1805 contentio,
1233 1754 1334 1794 nec
1354 1737 1456 1791 alia
1486 1732 1857 1805 hujuscemodi

274 1839 442 1893 locum
471 1836 700 1902 habent;
749 1835 932 1890 insunt
954 1843 1135 1889 atttem
1173 1831 1396 1885 virtutes
1421 1828 1623 1890 multm,
1651 1822 1858 1892 simpli-

272 1932 417 1996 citas,
460 1930 763 1996 humilitas;
791 1929 946 1985 abest
986 1926 1055 1981 ab
1090 1940 1156 1981 eo
1182 1923 1516 1995 negotiorum
1543 1918 1696 1975 turba
1717 1958 1733 1984 ,
1760 1916 1857 1972 de-

274 2040 371 2091 que
400 2022 546 2077 nulla
577 2037 635 2078 re
658 2020 931 2092 superbit;
960 2017 1049 2074 ubi
1079 2016 1275 2087 duplex
1303 2018 1385 2071 εει
1415 2009 1774 2083 philosophia,
1804 2016 1860 2063 et

274 2116 406 2184 quod
434 2115 555 2171 lnec
597 2113 868 2185 possideat
886 2154 900 2176 ,
928 2120 984 2168 ct
1007 2109 1150 2183 quod
1177 2124 1283 2165 non
1318 2107 1438 2162 ideo
1468 2106 1700 2161 infletur.
1736 2102 1861 2157 Ideo

258 2207 523 2263 infantem
561 2207 832 2279 produxit,
857 2205 994 2261 etin
1026 2203 1207 2260 medio
1242 2202 1460 2265 statuit;
1486 2215 1660 2269 neque
1686 2196 1757 2253 ibi
1791 2197 1857 2251 li-

275 2314 390 2355 nem
424 2298 641 2356 dicendi
668 2298 810 2361 fecit,
837 2298 931 2354 sed
958 2296 1184 2351 ulterius
1217 2294 1639 2349 admonitionem
1665 2290 1859 2361 produ-

271 2393 360 2457 cit,
386 2390 577 2448 diccns
607 2411 620 2447 :
655 2391 708 2446 5.
738 2389 806 2444 Et
853 2391 1154 2461 quicumque
1180 2386 1454 2457 susceperit
1481 2401 1639 2439 unum
1668 2398 1856 2453 parvu-
1892 2396 1899 2402 ‘

278 2484 374 2537 lunt
422 2483 581 2539 talem
622 2483 677 2537 in
719 2482 922 2537 nomine
974 2497 1107 2548 meo,
1135 2495 1213 2534 me
1241 2478 1469 2546 suscipit.
1520 2474 1635 2531 Non
1682 2474 1857 2529 soluat

274 2577 432 2641 enim,
472 2576 670 2646 inquit,
711 2575 756 2630 si
813 2574 946 2631 tales
992 2574 1226 2638 fueritis,
1254 2571 1557 2627 mercedem
1610 2585 1858 2640 magnam

276 2667 540 2736 recipietis
559 2708 576 2733 ,
600 2667 695 2723 sed
732 2666 896 2723 etiam
922 2665 966 2721 si
1006 2665 1145 2720 alios
1175 2663 1380 2718 similes
1410 2672 1629 2732 prOpler
1652 2678 1738 2717 me
1764 2660 1861 2716 ho-

276 2757 613 2823 uoraveritis,
644 2773 866 2827 regnum
898 2756 1048 2812 vobis
1070 2754 1121 2809 in
1146 2754 1448 2810 mercedem
1469 2754 1662 2808 tribuo.
1681 2751 1861 2820 Quod-

276 2866 373 2917 que
403 2849 562 2920 longe
587 2848 761 2918 majus
805 2856 888 2903 est
914 2846 1130 2916 adjicit,
1160 2861 1282 2901 cum
1325 2844 1473 2912 dicit,
1508 2843 1590 2899 Me
1627 2844 1857 2913 suscipit.

277 2940 343 2993 ha
365 2939 711 2997 vehementer
737 2938 944 2994 alliciar
970 2954 1037 2993 ex
1079 2937 1377 2993 humilitate
1406 2944 1459 2992 et
1496 2934 1855 3005 simplicitate.

280 3031 527 3088 Parvulos
560 3032 647 3087 hic
670 3041 825 3087 vocat
850 3030 1129 3097 homines,
1165 3030 1233 3084 ita
1265 3029 1566 3098 simplices,
1597 3027 1857 3098 humiles,

277 3122 358 3184 qui
404 3122 547 3193 apud
610 3122 806 3177 multos
853 3120 1049 3192 ahjecti
1104 3130 1160 3176 et
1201 3120 1528 3190 despicieudi
1573 3119 1853 3177 habentur.

281 3214 469 3272 Deinde
504 3215 868 3287 probatiorem
896 3213 1126 3270 reddens
1154 3228 1459 3269 sermonem
1476 3255 1491 3279 ,
1517 3229 1622 3269 nutt
1652 3230 1682 3268 a
1716 3230 1857 3284 pra:-

279 3307 392 3361 tuiis
430 3314 663 3370 tantum,
685 3306 780 3361 sed
821 3306 983 3361 etiam
1011 3320 1041 3359 a
1070 3305 1245 3377 poenis
1276 3305 1421 3359 illum
1453 3305 1758 3369 continuat,
1781 3305 1861 3361 sic

280 3398 533 3465 loquens:
569 3397 604 3452 6
655 3397 757 3464 Qui
803 3407 971 3451 autem
1018 3397 1435 3452 scandalizarerit
1487 3411 1647 3450 unum
1689 3412 1752 3450 ca;
1780 3396 1859 3451 Itis

280 3488 468 3551 pusillis
495 3489 589 3560 qui
627 3489 679 3542 in
704 3505 781 3542 me
817 3489 1030 3543 credunt
1056 3489 1101 3555 ί,
1121 3488 1327 3560 expedit
1350 3488 1416 3554 ei,
1448 3497 1502 3542 ut
1523 3486 1862 3558 suspendetur

280 3581 405 3634 uiola
422 3581 651 3635 asinaria
674 3580 724 3633 in
746 3580 878 3634 collo
908 3580 1038 3650 ejus,
1067 3589 1113 3634 et
1130 3580 1449 3651 demergatur
1474 3579 1526 3633 in
1550 3579 1863 3651 profundum

279 3674 440 3727 amris.
487 3673 628 3729 Nam
655 3674 793 3729 sicut
829 3674 918 3744 qui
944 3674 1042 3728 hos
1069 3674 1320 3744 parvulos
1348 3682 1566 3744 propter
1586 3690 1673 3729 me
1690 3672 1861 3727 hono-

280 3775 410 3833 rant,
424 3767 618 3823 caelum
634 3750 1002 3838 possidebunt,
1024 3766 1132 3821 imo
1149 3767 1322 3835 majus
1348 3782 1513 3836 regno
1541 3766 1816 3836 prtetttiuut
1842 3781 1856 3820 :

279 3855 343 3910 ita
372 3858 456 3927 qui
488 3856 819 3913 inbouorant
845 3857 920 3931 (id
945 3859 1087 3914 enim
1128 3865 1212 3913 est
1238 3859 1646 3929 scandalizare),
1677 3868 1858 3914 extre-

280 3963 386 4002 mas
407 3948 611 4005 dabunt
635 3964 842 4019 poenas.
875 3949 931 4005 Si
982 3965 1112 4006 vero
1135 3950 1444 4005 scandalum
1484 3951 1859 4007 contumeliam

280 4048 442 4105 vocet,
470 4056 539 4096 ne
567 4041 807 4110 mireris;
834 4056 954 4096 cum
976 4042 1127 4096 multi
1146 4043 1214 4097 ob
1233 4042 1722 4111 pusillanimitatetn
1752 4058 1860 4098 non

280 4145 455 4200 parum
482 4133 830 4190 scandalizati
853 4132 1053 4191 fuerint
1095 4148 1161 4189 eo
1192 4135 1332 4204 quod
1359 4135 1784 4204 deSpicerentur,
1806 4144 1865 4191 et

280 4224 591 4280 contumelia
610 4224 972 4281 afficerentur.
1001 4224 1215 4281 Crimen
1242 4240 1370 4296 ergo
1393 4240 1740 4297 exaggerans,
1763 4226 1860 4283 de-

282 4315 580 4373 trimentum
611 4317 735 4372 inde
775 4326 949 4373 ortum
998 4317 1239 4388 exponit.
1298 4317 1484 4388 Neque
1512 4318 1651 4372 ultra
1676 4334 1740 4373 ex
1763 4319 1860 4374 iis-

284 4404 396 4461 dem
439 4408 764 4479 supplicium
792 4409 1048 4475 ostendit,
1080 4409 1174 4464 sed
1203 4424 1361 4478 quam
1414 4409 1749 4466 intolerabile
1792 4411 1863 4468 sit

265 4512 343 4577 ex
363 4500 520 4556 rebus
536 4500 693 4556 nobis
713 4501 1003 4556 notissimis
1025 4501 1280 4556 declarat.
1310 4501 1441 4557 Nam
1467 4517 1588 4557 cum
1618 4502 1862 4558 rudiures

284 4589 388 4644 vult
416 4592 796 4662 perstringere,
818 4590 919 4646 sub
931 4608 1146 4647 sensum
1165 4592 1408 4648 cadentia
1422 4608 1579 4648 cxem
1588 4594 1670 4663 pla
1683 4593 1856 4648 affert.

282 4680 605 4752 Quapropter
646 4697 770 4738 cum
821 4682 907 4737 hic
957 4682 1243 4739 ostendere
1297 4684 1457 4752 velit,
1488 4684 1632 4755 ipsos
1662 4685 1860 4755 ingenti

284 4773 533 4842 supplicio
556 4773 806 4830 allectum
850 4774 934 4842 iri,
972 4784 1028 4831 et
1055 4791 1241 4831 eorum
1271 4776 1362 4847 qtti
1387 4777 1531 4847 ipsos
1559 4777 1862 4849 despiciunt

285 4867 627 4937 arrogantiam
646 4850 1196 4935 exagitareﬁeusibile
1218 4869 1534 4938 supplicium
1552 4870 1601 4923 in
1624 4868 1859 4925 medium

287 4953 447 5021 affert,
478 4957 635 5012 molae
659 4972 725 5012 ac
751 4958 1136 5025 demersionis;
1169 4960 1409 5030 quamvis
1436 4961 1729 5016 secundum
1771 4976 1860 5018 se-

288 5044 409 5101 riem
431 5047 631 5104 dixisse
662 5065 755 5119 par
782 5049 942 5106 fuerit
967 5065 981 5104 :
1016 5050 1115 5119 Qui
1138 5067 1242 5107 non
1264 5052 1488 5121 suscipit
1509 5070 1670 5109 unum
1685 5070 1749 5109 ex
1779 5054 1862 5111 his

290 5137 527 5204 parvulis,
558 5154 647 5194 me
675 5154 780 5193 non
808 5140 1061 5210 suscipit;
1082 5141 1220 5212 quod
1252 5142 1396 5197 omni
1425 5144 1687 5213 supplicio
1707 5161 1862 5201 accr~

290 5225 398 5279 hius
420 5239 533 5284 erat
560 5229 691 5286 :sed
713 5231 833 5302 quia
862 5232 1103 5287 rudiores
1128 5242 1183 5287 et
1210 5235 1500 5289 crassiores
1524 5234 1622 5291 hac
1639 5235 1861 5293 terribili

291 5328 432 5380 poena
452 5334 557 5375 non
578 5320 966 5386 afﬁctebantur,
991 5322 1185 5378 molam
1214 5324 1359 5393 ponit
1378 5325 1860 5384 etdemcrsionent.

291 5403 460 5477 Neque
505 5412 661 5481 dixit,
693 5414 831 5471 Mola
875 5416 1233 5485 suspendetur
1274 5433 1304 5472 a
1357 5419 1497 5474 collo
1542 5421 1694 5490 ejus;
1741 5422 1859 5493 sed,

298 5622 305 5637 ε
354 5566 522 5637 'nttax,
547 5569 702 5637 quiut
723 5571 1044 5637 ntecredum,
1069 5573 1243 5623 desum
1282 5575 1329 5623 itt
1354 5576 1640 5637 quibusdam
1667 5584 1773 5627 Mss.
1813 5592 1864 5629 et

297 5626 337 5699 in
362 5626 532 5699 Editus:
558 5626 645 5680 Sed
671 5636 719 5682 in
742 5626 1039 5699 quibusdam
1073 5626 1437 5698 exemptur‘ibitS
1472 5639 1735 5699 habentur,
1763 5650 1812 5692 et
1840 5626 1865 5694 :3

298 5691 489 5750 licorgio
504 5700 527 5739 ἰ
540 5691 820 5755 raprmntio
844 5694 969 5746 lecta
997 5696 1209 5745 fui-runt.

351 5772 424 5830 (α)
456 5778 694 5829 ιιίιιιιεὶιωὶ
716 5779 952 5830 dicebant
975 5780 1146 5830 malam
1174 5795 1284 5832 esse
1310 5793 1544 5834 naturam.

1197 327 1258 383 IN
1301 319 1700 381 MA'I‘TIL'EU.“
1745 316 1954 376 llUMll.
2018 316 2189 371 LVI".
2234 318 2287 372 ιιι
2351 319 2482 376 ΗΑ..

3456 325 3561 382 ὒῒυ

1965 433 2281 502 Expedita,
2312 445 2370 489 ttt
2423 436 2521 492 hac
2551 450 2703 506 pinna
2730 437 3035 505 mulctcttrr,
3068 440 3359 495 ostendens
3387 442 3555 510 ipsum

1961 526 2164 593 majore
2183 528 2341 582 etiam
2369 528 2632 598 supplicio
2657 528 3001 584 afficiendum
3045 547 3057 582 :
3090 530 3232 601 quod
3270 533 3314 586 si
3347 532 3447 586 hoc
3468 548 3556 587 tn-

1967 620 2300 675 tolcrattdum
2352 621 2580 686 videtur,
2624 623 2793 677 tnnlto
2824 623 2991 691 magis
3021 622 3176 678 illttd.
3207 624 3393 679 V.den'
3419 640 3556 693 quo-

1963 712 2123 767 modo
2149 712 2615 767 comutinatiottent
2650 715 2896 785 utrinque
2925 715 3253 770 trenn-ndam
3281 716 3556 782 exhibeat,

1963 808 2074 857 tum
2104 803 2314 859 notiore
2358 805 2605 873 exemplo
2648 803 2931 860 clariorem
2970 806 3224 873 reddens,
3258 816 3371 863 tuttt
3398 810 3557 880 hmge

1962 895 2135 967 majus
2159 896 2253 951 illo
2275 895 2594 966 supplicium
2620 897 2855 967 cogitare
2894 898 3124 954 suadens
3140 900 3166 953 ?
3206 900 3391 954 Viden’
3416 918 3526 972 qtto
3542 932 3556 943 ο

1963 985 2122 1041 modo
2147 987 2464 1058 arrogantia:
2489 995 2751 1043 tumorem
2777 988 3029 1044 radicitus
3043 991 3269 1046 evulsit?
3287 994 3559 1063 quomodo

1963 1093 2113 1132 vame
2141 1078 2324 1148 gloria:
2349 1079 2503 1136 ulcus
2530 1079 2774 1135 curavit?
2800 1080 3071 1150 quomodo
3097 1082 3279 1138 docuit
3305 1087 3551 1155 uuspiatn

1962 1171 2161 1239 primas
2202 1170 2494 1241 expetere?
2518 1172 2789 1241 quomodo
2812 1173 3054 1230 docuerit
3090 1190 3186 1230 eos
3236 1176 3325 1245 qui
3357 1179 3557 1244 primas

1960 1271 2296 1333 expeterent,
2326 1272 2383 1317 ut
2399 1261 2730 1334 postremum
2754 1265 2949 1335 ubique
2963 1266 3207 1321 ordinem
3226 1283 3525 1338 perscquau
3538 1298 3553 1308 -

1964 1355 2083 1410 tur?
2119 1354 2258 1410 Nihil
2287 1355 2432 1411 euint
2475 1358 2775 1427 arrogantia
2807 1356 2976 1427 pejus.
3028 1357 3153 1413 lhec
3207 1358 3276 1413 ab
3325 1358 3556 1414 ltmnana

1964 1457 2141 1503 mente
2166 1448 2347 1519 dejicit
2370 1491 2386 1515 ,
2417 1456 2471 1504 et
2495 1449 2858 1519 insipientium
2889 1447 3080 1504 famam
3109 1449 3398 1515 conciliat;
3452 1451 3558 1504 imo

1961 1540 2246 1595 admodum
2288 1541 2602 1611 insipientes
2625 1540 2820 1595 reddit.
2867 1540 2999 1595 Nam
3031 1541 3485 1611 quemadmodum
3514 1543 3561 1596 si

1964 1633 2122 1701 quis,
2168 1632 2529 1689 tricubitalent
2582 1642 2843 1688 staturam
2896 1633 3098 1689 habens
3150 1634 3252 1706 (α),
3299 1637 3559 1691 montium

1961 1725 2294 1781 altitudinem
2324 1740 2582 1795 superare
2607 1724 2870 1792 studeret,
2900 1725 3059 1796 idque
3088 1727 3158 1781 ita
3185 1742 3308 1782 esse
3329 1738 3557 1798 putaret,

1961 1833 2185 1888 seseque
2230 1819 2462 1889 erigeret
2487 1820 2640 1889 quasi
2685 1835 2873 1874 eorum
2919 1821 3198 1875 cacumina
3244 1821 3556 1888 excederet,

1962 1926 2069 1965 non
2116 1910 2260 1967 aliud
2307 1926 2673 1980 quaarercmus
2699 1912 2940 1967 stultitiae
2966 1911 3085 1983 ejus
3129 1923 3505 1984 argumentum
3536 1932 3548 1968 :

1962 2002 2042 2059 sic
2066 2017 2185 2057 eum
2213 2011 2555 2072 arrogantem
2583 2002 2858 2057 hominem
2880 2002 3098 2068 videris,
3125 2003 3214 2073 qui
3239 2018 3300 2058 se
3319 2004 3558 2059 omnium

1963 2093 2461 2163 prtestantissimum
2506 2102 2679 2162 putet,
2719 2103 2773 2147 ct
2812 2094 3151 2149 contumeliae
3187 2095 3306 2150 loco
3345 2096 3560 2161 habeat,

1963 2183 2105 2254 quod
2130 2199 2249 2238 cum
2270 2184 2481 2239 cmteris
2501 2184 2662 2251 vivat,
2697 2199 2765 2238 tte
2790 2198 3000 2253 quaeras
3022 2184 3167 2239 aliud
3191 2184 3308 2254 ejus
3338 2185 3562 2241 insaniae

1965 2283 2363 2345 argumentum.
2410 2273 2541 2329 Nam
2572 2289 2637 2329 co
2663 2278 2831 2343 magis
2860 2272 3120 2329 ridiculus
3139 2286 3220 2329 est
3248 2275 3311 2330 iis
3341 2276 3429 2346 qui
3459 2292 3559 2330 na-

1966 2377 2080 2421 tum
2108 2382 2206 2422 sua
2231 2367 2380 2422 stulti
2402 2375 2549 2432 sunt,
2580 2382 2688 2437 quo
2715 2365 2856 2421 hunc
2885 2366 3001 2436 ipse
3028 2366 3130 2422 sibi
3158 2377 3348 2435 sponte
3376 2371 3559 2422 conci-

1965 2458 2116 2512 liavit
2165 2458 2433 2514 morbum.
2464 2457 2648 2527 Neque
2701 2458 2824 2514 ideo
2874 2466 3081 2513 tantum
3131 2458 3297 2513 miser
3335 2468 3437 2524 est,
3465 2459 3567 2515 sed

1963 2552 2129 2605 etiam
2170 2550 2313 2622 quod
2352 2550 2469 2606 sine
2509 2550 2620 2606 ullo
2647 2565 2807 2605 sensu
2843 2550 2896 2605 ιιι
2943 2550 3193 2619 nequitia:
3242 2550 3565 2621 profundum

1963 2643 2195 2699 decidat.
2227 2643 2576 2712 Quandouam
2604 2643 2696 2699 ille
2735 2652 2948 2713 peccata
3003 2658 3096 2697 sua
3130 2652 3188 2697 ttt
3226 2653 3440 2713 Oportet
3467 2659 3562 2698 co-

1962 2734 2225 2805 gnoscet?
2250 2735 2463 2805 quando
2490 2734 2687 2790 sentiet
2712 2749 2771 2789 se
2793 2732 3117 2803 deliquisse?
3147 2735 3355 2788 Etenim
3375 2734 3562 2789 diabo-

1965 2828 2050 2882 lus
2077 2828 2224 2881 illuttt
2270 2842 2371 2882 ceu
2401 2841 2616 2883 servum
2646 2835 2699 2882 et
2720 2825 2987 2897 captivum
3017 2825 3291 2881 abducens
3335 2826 3464 2891 abit,
3499 2828 3562 2880 il-

1964 2920 2182 2990 lumque
2227 2919 2580 2985 circumfert,
2607 2919 2892 2988 verberat,
2922 2928 2977 2975 et
3021 2919 3168 2974 mille
3223 2920 3564 2976 contumeliis

1963 3013 2146 3068 afficit.
2190 3011 2247 3066 In
2280 3021 2480 3067 tantam
2503 3013 2700 3083 quippe
2729 3012 2849 3066 illos
2869 3012 2976 3081 agit
3009 3011 3319 3078 stultitiam,
3352 3022 3409 3066 ιιι
3432 3026 3560 3067 sua-

1963 3104 2087 3160 deat
2111 3104 2240 3173 ipsis
2266 3105 2347 3158 vel
2371 3103 2629 3159 adversus
2654 3104 2854 3159 liberos
2878 3112 2934 3159 et
2966 3120 3214 3169 uxorem,
3235 3107 3344 3159 imo
3371 3115 3560 3161 contra

1963 3196 2200 3265 majores
2230 3209 2357 3249 suos
2384 3210 2506 3250 sese
2534 3194 2746 3249 efferre.
2777 3194 2979 3249 Contra
3009 3209 3136 3249 vero
3165 3195 3300 3249 alios
3324 3212 3352 3247 a
3395 3196 3563 3263 majo-

1965 3302 2082 3342 rum
2134 3285 2424 3355 splcndore
2473 3284 2706 3339 tumidos
2749 3284 2967 3339 reddit:
3019 3300 3126 3353 quo
3177 3283 3304 3355 quid
3348 3285 3571 3340 stultius

1968 3392 2222 3446 umquam
2256 3374 2435 3442 fuerit,
2459 3390 2579 3430 cum
2610 3389 2643 3430 e
2682 3375 2846 3430 rebus
2890 3358 3174 3430 contrariis
3201 3373 3450 3429 similiter
3478 3376 3563 3429 itt—

1966 3476 2297 3530 tuntescaut,
2323 3466 2412 3520 alii
2434 3506 2449 3531 ,
2477 3463 2619 3536 quod
2642 3464 2777 3520 viles
2806 3474 3005 3534 patres,
3033 3479 3182 3529 avos,
3214 3479 3441 3533 proavos
3473 3465 3564 3519 ha-

1965 3557 2143 3623 beant,
2174 3557 2448 3627 alii,qnod
2488 3557 2807 3626 conspicuos
2849 3565 2904 3611 et
2948 3556 3228 3611 illustres?
3284 3556 3567 3623 Quomodo

1966 3653 2088 3721 quis
2119 3651 2287 3720 possit
2329 3649 2610 3704 amborum
2640 3658 2904 3704 tumorem
2944 3648 3289 3718 deprimere?
3314 3649 3422 3703 lllis
3446 3649 3564 3718 qui-

1966 3744 2089 3798 dem
2117 3742 2264 3797 dicas
2294 3757 2309 3795 :
2341 3741 2585 3796 Ascende
2598 3740 2745 3794 ultra
2774 3755 2904 3794 avos
2916 3749 3234 3808 etproavos,
3258 3749 3313 3794 et
3334 3738 3565 3795 fortasse

1967 3838 2167 3892 multos
2195 3835 2432 3890 invenies
2457 3849 2680 3905 coquos,
2704 3835 2964 3889 asinarius
2993 3836 3009 3866 ¹
3035 3876 3049 3896 ,
3077 3841 3131 3889 et
3155 3848 3425 3904 caupones
3450 3850 3464 3899 ;
3494 3833 3563 3887 ad
3600 3832 3603 3835 “

1966 3947 2062 3986 eos
2085 3939 2293 3995 contra,
2324 3932 2414 4000 qui
2442 3930 2512 3984 de
2557 3929 2821 3999 majorum
2848 3943 3070 3984 suorum
3103 3928 3304 3985 vilitate
3332 3930 3564 3985 intume-

1967 4031 2145 4088 scunt,
2166 4021 2222 4077 Si
2252 4035 2411 4091 supra
2452 4034 2582 4075 avos
2611 4030 2730 4075 tuos
2781 4018 3164 4091 progrediaris,
3188 4020 3387 4076 multos
3411 4019 3564 4075 inve-

1969 4114 2085 4169 tties
2110 4122 2161 4167 te
2186 4112 2344 4183 longe
2364 4111 2648 4167 clariores.

2039 4207 2092 4261 4.
2118 4203 2242 4259 Νοη
2276 4205 2599 4276 gloriandum
2627 4221 2691 4258 ea:
2730 4204 2928 4276 generis
2960 4204 3238 4259 nobilitate.
3271 4203 3474 4259 Divitis:
3502 4206 3566 4259 li-

1967 4298 2208 4352 bertatem
2250 4295 2458 4351 tollunt.
2480 4326 2551 4337 —
2572 4296 2726 4364 Quod
2755 4297 2900 4352 enim
2928 4296 3050 4352 talis
3085 4297 3156 4351 sit
3183 4295 3433 4351 humanae
3470 4311 3565 4349 na-

1968 4399 2102 4445 tura:
2127 4403 2341 4456 cursus,
2372 4405 2438 4445 ex
2464 4389 2762 4458 Scripturis
2794 4390 2944 4444 vobis
2973 4388 3276 4443 ostendam.
3309 4389 3563 4444 Salomon

1970 4482 2109 4537 filius
2136 4481 2277 4551 regis
2302 4490 2442 4547 erat,
2472 4481 2719 4551 regisque
2757 4480 3074 4547 clarissimi,
3101 4474 3198 4534 sed
3228 4477 3386 4549 hujus
3418 4487 3565 4549 pater

1969 4574 2107 4629 inter
2147 4573 2284 4642 vulgi
2328 4571 2576 4627 homines
2605 4580 2659 4626 et
2687 4571 2950 4640 ignobiles
2992 4568 3378 4626 numerabatur
3399 4612 3415 4635 ,
3446 4586 3557 4624 tua-

1970 4673 2152 4720 ternus
2175 4678 2388 4734 quoque
2420 4678 2552 4717 avus
2575 4661 2857 4729 similiter;
2888 4662 3123 4732 alioquin
3143 4663 3287 4716 enim
3313 4676 3417 4716 non
3439 4676 3565 4715 cum

1969 4758 2212 4828 gregario
2261 4755 2432 4810 milite
2479 4754 2640 4808 ftliant
2670 4754 2921 4810 locasset.
2965 4754 3021 4807 Si
3056 4753 3215 4808 altius
3253 4761 3433 4807 autem
3474 4769 3559 4807 re-

1970 4862 2142 4921 petas,
2176 4849 2354 4905 abhis
2393 4848 2669 4903 vilioribus
2696 4846 2762 4901 ad
2810 4847 3125 4902 illustriores
3168 4846 3568 4915 nobilioresque

1969 4958 1999 4997 ιι
2031 4943 2249 4997 ceudes.
2280 4940 2513 5013 ldipsttm
2543 4941 2593 4994 itt
2623 4938 2789 4994 Saftle
2811 4947 2863 4992 et
2893 4937 2944 4991 itt
2973 4937 3215 5007 plurimis
3242 4937 3361 4992 aliis
3381 4938 3567 4992 obser-

1969 5052 2098 5091 vare
2121 5035 2261 5090 licet.
2289 5035 2367 5090 Ne
2392 5034 2553 5105 igitur
2587 5032 2710 5085 hinc
2736 5032 2901 5085 altum
2929 5032 3222 5100 Sapiamns.
3253 5030 3395 5097 Quid
3423 5032 3575 5085 enim

1970 5144 2174 5198 qua-so,
2201 5141 2370 5197 genus
2397 5128 2521 5182 est?
2552 5125 2693 5180 Niltil
2730 5125 2831 5179 nisi
2878 5142 3095 5188 nomen,
3129 5141 3186 5180 re
3214 5141 3441 5180 vacuum
3469 5143 3480 5179 :
3515 5136 3568 5180 et

1972 5222 2073 5276 hoc
2105 5222 2156 5276 itt
2180 5231 2422 5277 extremo
2447 5220 2540 5274 illo
2568 5219 2654 5273 dic
2676 5220 2876 5273 scietis.
2905 5220 3168 5286 Quoniam
3193 5235 3321 5273 vero
3341 5220 3458 5274 dies
3480 5218 3570 5272 ille

1972 5315 2212 5369 nondum
2239 5313 2424 5380 adest,
2453 5327 2549 5382 age
2581 5327 2647 5367 ex
2677 5311 3034 5381 pratsetttibus
3064 5311 3215 5365 vubts
3249 5311 3571 5365 sttadcauttts

1974 5408 2176 5463 nullam
2206 5405 2330 5461 inde
2351 5403 2760 5476 prmrogativam
2789 5402 2988 5459 assumi
3020 5417 3196 5472 posse.
3225 5401 3356 5456 Naut
3384 5403 3427 5455 si
3452 5402 3565 5455 bel-

1969 5501 2083 5556 lum
2113 5500 2346 5570 ingruat,
2379 5498 2422 5552 si
2446 5498 2614 5553 fames
2634 5539 2649 5562 ,
2683 5496 2727 5551 si
2756 5496 2967 5567 quidvis
2990 5494 3132 5549 aliud
3154 5538 3169 5561 ,
3200 5492 3573 5550 lii-nobilitatis

2093 5666 2238 5712 littus.
2264 5674 2477 5719 errones,
2507 5674 2613 5722 pro,
2636 5657 2891 5722 asinarius.

2035 5724 2108 5779 (ιι)
2145 5732 2412 5773 \tt-ttsttt'a.tt
2452 5718 2778 5770 tt'i't'ttlnitalt'tn
2820 5718 2940 5768 solet
2979 5718 3349 5780 Chrysootutnus
3393 5718 3571 5769 ltt‘illlul

1976 5800 2184 5847 (mugitui
2199 5804 2242 5834 υ.
2638 5806 2641 5809 ·
