4034 6398
420 309 517 364 571

418 434 657 477 tumores
702 420 1027 471 evanescunt
1057 429 1069 462 :
1102 411 1144 464 si
1178 409 1396 461 morbus
1429 403 1644 459 invadat
1666 446 1681 470 ,
1707 402 1752 456 si
1797 399 1963 470 pestis
1984 441 1999 460 .

422 530 527 567 non
554 507 829 576 distinguit
857 504 1075 559 divitem
1106 516 1135 553 τι
1165 514 1425 567 juntpere.
1456 512 1562 550 non
1606 494 1896 566 gloriosum
1940 491 2009 544 ab

427 605 669 676 inglorio,
699 618 805 656 non
834 598 1067 655 nobilem
1099 594 1167 649 ab
1195 593 1411 663 ignobili
1438 609 1451 647 :
1484 590 1562 647 sic
1588 599 1643 644 et
1672 588 1725 642 in
1759 597 1930 642 morte
1955 594 2008 636 et

426 699 475 751 in
503 696 625 749 aliis
649 706 827 748 rerum
861 685 1241 744 mutationibus
1260 725 1275 747 ,
1304 679 1398 738 sed
1433 680 1592 736 simul
1618 678 1795 735 omnia
1822 690 2008 731 omnes

424 785 720 841 invadunt:
751 792 804 838 ct
828 783 873 837 si
900 779 1030 851 quid
1061 779 1255 833 mirum
1288 775 1468 831 dicere
1508 774 1694 838 liceat,
1724 770 1839 825 haec
1868 768 1975 823 divi

423 877 564 933 tibus
590 875 759 943 magis
796 870 1044 927 accidunt
1074 887 1089 925 :
1116 876 1318 939 quanto
1358 867 1502 922 enim
1548 873 1663 919 bazc
1701 861 1880 918 minus
1918 874 1981 913 cu

426 981 563 1031 iant,
595 977 741 1023 tanto
764 965 974 1021 facilius
995 970 1239 1034 pereunt.
1264 960 1436 1017 Metus
1455 967 1633 1013 autem
1652 954 1791 1026 apud
1816 954 2006 1009 divites

424 1060 593 1129 major
615 1067 714 1114 est.
750 1058 881 1113 Nam
920 1055 974 1110 hi
1016 1055 1249 1110 maxime
1280 1052 1549 1122 principes
1576 1048 1880 1112 fortuidant,
1911 1061 2010 1101 nec

424 1153 602 1208 minus
635 1150 717 1206 his
745 1149 1079 1220 principibus
1124 1145 1406 1213 subditos,
1436 1145 1546 1200 imo
1593 1143 1763 1199 multo
1811 1140 2008 1211 magis;

423 1245 681 1315 plurimas
717 1243 858 1300 enim
906 1239 1210 1311 huiusmodi
1252 1238 1443 1295 domos
1467 1246 1521 1292 et
1560 1234 1743 1308 populi
1786 1234 1934 1289 furor
1957 1242 2012 1287 et

423 1336 723 1406 principum
773 1336 932 1389 mina:
985 1332 1382 1388 subverternnt.
1430 1328 1641 1397 Pauper
1695 1340 1825 1381 vero
1873 1324 2014 1379 inter

424 1439 683 1498 utrosque
709 1426 901 1482 ﬂiicttis
948 1434 1093 1479 tutus
1136 1425 1266 1495 agit.
1292 1420 1649 1490 Quamobrem
1700 1418 1804 1473 hoc
1847 1416 2011 1470 misso

425 1519 719 1575 nobilitatis
763 1531 989 1589 genere.
1022 1517 1065 1572 si
1112 1517 1192 1571 vis
1237 1513 1366 1569 mihi
1400 1510 1649 1583 probare,
1692 1518 1743 1565 te
1784 1507 2009 1566 liberum

427 1631 566 1676 esse,
597 1612 821 1667 ostende
847 1611 1042 1665 animae
1070 1609 1392 1673 libertatem,
1419 1604 1636 1676 qualem
1666 1601 1848 1660 habuit
1878 1599 2010 1653 bea-

434 1718 518 1761 tus
547 1706 656 1766 ille,
688 1720 888 1774 pauper
911 1718 1031 1757 cum
1062 1709 1227 1765 esset,
1256 1699 1347 1770 qui
1375 1697 1588 1753 dicebat
1619 1691 1814 1749 llerodi
1842 1709 1854 1746 :
1892 1689 2011 1745 Non

429 1801 538 1855 licet
557 1798 645 1852 tibi
660 1797 839 1852 habere
855 1812 1061 1850 uxorem
1079 1792 1307 1861 Philippi
1326 1790 1500 1860 fratris
1513 1788 1584 1843 tni
1606 1786 1794 1858 (Marc.
1811 1784 1864 1841 6.
1887 1785 1974 1854 18)
1992 1800 2009 1850 ;

425 1891 635 1957 qualem
666 1888 850 1943 habuit
877 1886 965 1958 qui
990 1893 1116 1943 ante
1147 1884 1294 1939 illum
1324 1882 1442 1937 talis
1469 1890 1606 1941 erat.
1634 1888 1688 1934 et
1719 1886 1837 1948 post
1861 1876 2009 1933 illttm

427 1983 547 2036 talis
577 1981 784 2034 futurus
821 1988 925 2042 est,
956 1978 1045 2047 qui
1080 1976 1294 2033 dicebat
1331 1973 1586 2030 Acltabo:
1621 1971 1740 2026 Non
1778 1986 1869 2038 ego
1897 1984 2012 2034 per-

427 2082 561 2126 verto
587 2070 849 2133 larualem,
877 2068 968 2123 sed
995 2077 1049 2121 tu
1084 2075 1133 2120 et
1157 2066 1336 2119 domus
1362 2064 1521 2134 patris
1545 2062 1619 2116 tui
1649 2061 1727 2133 (3.
1759 2060 1887 2128 Reg.
1927 2058 2007 2113 l8.

428 2167 512 2230 18)
536 2182 549 2230 ;
582 2164 792 2233 qualem
818 2162 1050 2217 habuere
1079 2158 1377 2230 prophetat,
1404 2156 1615 2226 qualem
1641 2152 1869 2224 apostoli
1895 2167 2010 2206 om-

424 2273 537 2311 nes.
569 2254 673 2311 Sed
706 2270 810 2308 non
856 2254 988 2306 tales
1015 2260 1139 2307 sunt
1171 2248 1396 2305 divitum
1437 2246 1665 2309 animm;
1708 2245 1816 2299 imo
1842 2243 2011 2297 instar

420 2363 605 2403 eorum
631 2354 757 2403 sunt
790 2345 879 2415 qui
912 2341 1145 2401 millenis
1171 2340 1449 2409 subiacent
1482 2335 1785 2409 pa'dagogis
1804 2343 1856 2389 ct
1886 2348 2006 2388 car—

421 2438 686 2497 niﬁcibus,
718 2437 795 2491 sic
826 2450 998 2505 neque
1027 2433 1212 2489 oculos
1242 2429 1502 2486 extollere
1528 2429 1748 2492 audent,
1781 2440 1881 2480 nec
1911 2439 2009 2495 pro

421 2531 616 2584 virtute
639 2528 806 2582 libere
831 2542 1010 2596 agerc.
1038 2524 1170 2580 Nam
1197 2522 1540 2593 pecuniarum
1565 2517 1850 2589 cupiditas,
1880 2531 2007 2570 nec-

423 2638 529 2676 non
554 2621 741 2691 gloria:
766 2620 1098 2688 aliarumque
1139 2630 1342 2681 rerum,
1387 2622 1648 2669 terrorem
1694 2612 1824 2683 ipsis
1867 2608 2003 2664 infe-

422 2721 564 2776 runt,
588 2728 649 2766 ac
677 2724 863 2766 servos
886 2709 1303 2778 adulatorcsque
1323 2705 1572 2762 reddunt.
1604 2703 1744 2760 Nihil
1767 2702 1909 2759 enim
1936 2702 2007 2756 ita

422 2803 722 2859 libertatem
748 2801 904 2867 tollit,
933 2810 989 2857 ut
1014 2799 1364 2857 sa'cularibus
1391 2797 1653 2868 implicari
1685 2795 1929 2866 negotiis.
1953 2801 2010 2850 ct

421 2894 487 2951 iis
524 2910 644 2964 qua:
692 2892 946 2963 praeclara
990 2907 1113 2948 esse
1141 2890 1389 2947 videntur
1433 2888 1774 2945 circumdari.
1822 2887 2008 2958 Neque

417 2990 561 3045 enim
590 2991 677 3043 uni
708 2987 928 3043 domino
946 2987 1001 3042 lti
1029 2985 1225 3042 subditi
1253 2993 1398 3049 sunt,
1426 2984 1507 3038 vel
1535 2982 1766 3049 duobus,
1796 2981 1882 3036 vel
1910 2980 2007 3035 tri-

416 3083 539 3148 bus,
570 3081 663 3136 sed
698 3081 951 3136 millenis.
982 3080 1127 3147 Quos
1153 3080 1196 3134 si
1231 3080 1431 3149 placeat
1461 3090 1802 3142 enumerare,
1833 3072 1975 3129 addu

415 3189 599 3228 ramus
627 3175 677 3228 in
709 3172 942 3228 medium
963 3171 1267 3244 quempiam
1293 3185 1480 3226 eorum
1503 3169 1590 3239 qui
1621 3168 1673 3222 in
1705 3167 1846 3238 regia
1872 3183 2008 3235 prm-

417 3267 547 3323 clari
597 3267 942 3337 insignesque
995 3274 1152 3330 sunt;
1205 3264 1312 3321 sint
1362 3264 1437 3320 illi
1493 3261 1733 3333 pecunia:
1786 3261 2005 3320 multae.

419 3360 654 3428 potentia
685 3372 901 3428 magna,
933 3356 1119 3427 patriae
1145 3354 1429 3425 splendor,
1456 3353 1539 3407 avi
1573 3352 1843 3415 illustres,
1874 3365 2003 3405 ocu-

415 3452 603 3520 losque
616 3449 861 3504 omnium
883 3446 950 3501 ad
980 3462 1041 3501 se
1059 3446 1348 3517 pcrtrahat.
1375 3445 1660 3499 Videamus
1680 3458 1809 3512 ergo
1827 3456 2005 3496 annon

415 3543 506 3598 ille
536 3540 776 3596 omnium
807 3552 1082 3595 scrvormn
1114 3537 1506 3606 abjcrtissimus
1525 3536 1594 3590 sit
1627 3553 1641 3590 :
1671 3549 2007 3605 apponannts

415 3634 518 3703 ipsi
548 3647 654 3688 non
678 3632 841 3689 modo
859 3646 1095 3694 servum,
1124 3629 1217 3686 sed
1242 3629 1382 3686 servi
1405 3643 1653 3691 servum;
1683 3627 1834 3682 multi
1857 3642 2008 3682 nam-

417 3742 523 3796 que
567 3724 980 3781 domesticorum
1031 3738 1218 3780 Servos
1249 3722 1464 3776 habent.
1511 3721 1604 3776 llic
1630 3729 1779 3776 certe
1819 3735 2007 3775 servus

418 3817 582 3885 servi,
612 3833 774 3873 unum
808 3816 969 3870 habet
999 3816 1211 3871 bermn.
1237 3814 1374 3880 Quid
1402 3813 1546 3868 enim
1586 3812 1779 3877 refert,
1811 3810 1859 3866 si
1898 3825 2006 3865 non

419 3909 555 3966 liber
583 3909 655 3965 sit
688 3907 884 3964 herus?
913 3905 1086 3963 Unum
1115 3914 1292 3962 tamen
1324 3904 1516 3971 habet,
1546 3912 1603 3960 et
1628 3903 1755 3975 quid
1790 3903 1866 3958 illi
1897 3901 2007 3972 pla-

414 4010 535 4061 ceat
570 4001 823 4057 observat
852 4007 1076 4057 tantum.
1109 3999 1259 4055 Licet
1295 3998 1441 4054 enim
1476 3998 1727 4053 dominus
1758 3997 1871 4053 beri
1923 3996 2007 4051 sui

423 4092 660 4149 videatur
682 4091 784 4149 sibi
825 4091 1112 4161 imperare,
1145 4090 1233 4147 ille
1269 4100 1447 4145 tamen
1476 4091 1565 4145 uni
1611 4099 1815 4143 tantum
1845 4088 2007 4144 obsc-

416 4183 601 4254 quitur
630 4192 721 4238 :et
751 4182 797 4236 si
831 4196 920 4236 res
944 4182 1061 4250 ejus
1087 4180 1225 4235 bene
1252 4180 1504 4243 habeant,
1534 4181 1820 4250 tranquille
1843 4188 2007 4234 totam

418 4287 541 4347 aget
566 4276 751 4330 vitam.
782 4275 854 4330 At
880 4273 1030 4331 dives
1058 4273 1145 4328 hic
1170 4288 1276 4327 non
1304 4288 1468 4327 unum
1497 4281 1701 4327 tantmn
1734 4271 1817 4326 vel
1848 4270 2005 4337 duos,

418 4368 515 4426 sed
549 4368 815 4438 plurimos
853 4376 909 4423 ct
952 4366 1189 4422 acriores
1217 4365 1383 4420 habet
1407 4364 1656 4421 dominos
1695 4384 1708 4421 :
1745 4380 1809 4421 ac
1838 4366 2013 4437 primo

418 4461 592 4530 ipsum
621 4474 800 4530 regem
832 4458 1059 4515 sollicite
1082 4467 1256 4514 curat.
1285 4457 1399 4513 Non
1419 4473 1515 4529 par
1533 4467 1616 4513 est
1642 4467 1822 4515 autem
1849 4458 2009 4513 vilem

422 4552 621 4609 habere
645 4550 943 4618 dominum,
968 4560 1056 4608 aut
1083 4566 1262 4620 regem
1294 4551 1492 4621 ipsum,
1519 4552 1608 4622 qui
1642 4552 1825 4608 multis
1865 4551 2014 4606 insu-

419 4642 758 4699 surrantibus
783 4657 943 4697 aures
963 4642 1184 4713 praebet,
1216 4651 1272 4699 et
1311 4658 1452 4699 nunc
1479 4641 1594 4707 bis,
1629 4658 1771 4698 nunc
1797 4643 1903 4697 illis
1933 4643 2010 4695 la.

422 4744 534 4791 vet.
569 4734 668 4790 llie
695 4734 905 4790 etiamsi
934 4734 1132 4790 nullius
1152 4735 1276 4790 mali
1302 4735 1403 4791 sibi
1428 4737 1678 4792 conscius
1707 4735 1796 4801 sit,
1824 4748 2014 4790 omnes

422 4834 703 4896 suspectos
744 4826 927 4890 habet,
959 4834 1071 4881 tam
1108 4827 1288 4883 socios
1331 4827 1386 4882 in
1432 4826 1620 4882 militia
1660 4836 1715 4881 et
1740 4826 2013 4896 aequales,

421 4930 584 4985 quam
621 4914 887 4982 subditos,
917 4919 1119 4973 amicos
1149 4929 1202 4974 et
1230 4920 1497 4974 inimicos.
1526 4920 1591 4974 At
1615 4960 1631 4985 ,
1670 4918 1901 4988 inquies,
1929 4918 2016 4973 hic

425 5022 643 5079 quoque
689 5006 878 5063 herum
924 5023 1079 5065 suum
1110 5012 1278 5065 timet.
1331 5011 1435 5068 Sed
1481 5027 1611 5066 num
1652 5026 1748 5080 par
1785 5026 1871 5065 res
1910 5020 2010 5076 est,

423 5111 591 5153 unum
626 5106 719 5151 aut
759 5098 955 5152 multos
985 5099 1184 5156 habere
1223 5117 1358 5172 quos
1399 5100 1625 5157 timeas?
1657 5101 1769 5155 imo
1804 5117 1933 5157 vero
1970 5102 2015 5157 si

423 5190 546 5260 quis
575 5204 689 5243 rem
716 5199 964 5244 accurate
992 5193 1283 5260 examinet,
1318 5194 1423 5260 hic,
1452 5209 1558 5264 quo
1583 5193 1651 5249 de
1675 5193 1916 5265 agimus,
1949 5211 2020 5250 ne

426 5296 590 5336 unum
615 5280 832 5352 quidem
861 5280 1018 5336 habet
1043 5282 1341 5339 dominum.
1365 5286 1668 5354 Quomodo,
1691 5287 1774 5343 vel
1802 5303 1905 5358 qua
1933 5304 1989 5345 ra

425 5371 613 5428 tione?
653 5371 804 5428 Hunc
833 5388 991 5428 nemo
1028 5374 1174 5445 cupit
1204 5391 1270 5430 ex
1295 5379 1552 5435 servitute
1581 5379 1799 5448 ejicere,
1831 5395 1895 5434 ac
1931 5396 2013 5436 se-

428 5473 603 5535 tpsum
636 5466 692 5520 in
716 5464 834 5536 ejus
861 5464 1034 5522 locum
1057 5467 1523 5541 intrudere,quare
1553 5473 1821 5528 neminem
1853 5473 1906 5529 in
1934 5473 2019 5530 his

432 5558 531 5611 sibi
558 5558 901 5613 insidiantem
933 5557 1132 5614 habet:
1166 5559 1272 5615 illis
1297 5577 1426 5616 vero
1445 5563 1590 5618 nulla
1617 5564 1718 5618 alia
1746 5581 1875 5620 cura
1901 5575 1985 5621 est
2002 5607 2017 5631 ,

434 5662 592 5716 quam
620 5659 676 5705 ut
701 5666 822 5705 cum
848 5651 935 5720 qui
965 5652 1198 5708 maxime
1223 5654 1547 5724 conspicuus
1570 5655 1661 5719 sit,
1684 5665 1739 5711 et
1767 5658 1935 5728 magis
1954 5660 2022 5714 ab

439 5740 734 5807 imperante
759 5742 1033 5814 diligatur,
1064 5744 1379 5812 deturbem;
1409 5757 1733 5820 quapropter
1772 5750 2021 5807 omnibus

1195 297 1251 350 S.
1293 282 1573 351 IDANNIS
1607 280 2082 345 CIIRYSOSTOMI
2123 281 2445 339 ARCHIEP.
2483 280 3025 337 CONSTANTINOP.

3603 278 3708 332 S72

2119 393 2326 450 adulari
2364 408 2587 451 necesse
2613 402 2715 458 est,
2749 393 3062 464 majoribus,
3093 392 3330 463 paribus,
3367 391 3576 448 amicis.
3604 389 3705 449 Ubi

2108 487 2250 541 enim
2271 486 2468 541 invidia
2488 497 2541 541 et
2563 486 2748 557 gloria:
2775 501 2929 540 amor
2949 494 3028 539 est
3038 527 3053 549 ,
3077 499 3182 537 non
3206 483 3414 539 sincera
3441 485 3702 553 reperitur

2112 576 2370 635 amicitia.
2396 577 2527 632 Nam
2559 577 2695 632 sicut
2722 575 2962 646 ejusdem
2998 574 3131 630 artis
3169 574 3388 646 opiﬁces
3412 590 3702 644 numquam

2114 684 2174 726 se
2205 679 2390 725 mutuo
2414 670 2624 725 sincere
2648 669 2896 739 diligunt,
2926 668 3005 723 sic
3026 683 3128 723 nec
3149 669 3180 722 ii
3210 668 3298 739 qui
3327 668 3437 737 pari
3467 677 3587 723 sunt
3609 667 3704 722 ho-

2116 776 2273 827 nore,
2305 776 2405 816 nec
2433 761 2467 815 ii
2498 761 2587 831 qui
2620 760 2673 814 in
2701 759 3051 815 saectdaribus
3091 759 3251 816 rebus
3279 757 3467 813 eadem
3500 768 3703 815 amant.

2112 851 2476 918 Quamobrem
2505 850 2704 906 bellum
2742 851 2885 905 intus
2928 851 3152 905 multum
3185 860 3288 906 est.
3332 849 3576 905 Vidistin‘
3605 850 3674 903 do

2115 945 2380 997 minorum
2401 984 2416 1006 ,
2448 959 2742 1010 eorumque
2783 943 3220 1013 gravissimorum
3264 941 3451 1013 ingens
3475 940 3707 1011 agtnen?

2119 1036 2208 1093 Vis
2227 1036 2370 1092 aliud
2390 1037 2603 1108 gravius
2622 1035 2945 1091 aderamus?
2965 1035 3235 1105 Quotquot
3252 1044 3372 1105 post
3392 1035 3538 1089 illum
3558 1045 3704 1100 sunt,

2114 1140 2240 1187 ante
2268 1131 2419 1186 illum
2451 1145 2572 1186 esse
2601 1129 2848 1185 student:
2875 1129 2914 1182 ii
2955 1127 3044 1198 qui
3074 1141 3198 1183 ante
3232 1128 3411 1193 illum,
3444 1135 3707 1183 conantur

2116 1221 2373 1294 impedire
2387 1223 2669 1293 quominus
2681 1221 2919 1292 veljusti
2935 1236 2993 1275 se
3010 1222 3088 1276 vel
3104 1222 3239 1275 ultra
3252 1221 3410 1276 etiam
3430 1220 3701 1292 procedat.

2186 1315 2242 1370 5.
2288 1313 2416 1379 Sed,
2442 1329 2477 1369 ο
2507 1330 2619 1369 rem
2667 1314 2902 1368 miram!
2945 1328 3045 1382 ego
3090 1313 3438 1382 promiseram
3485 1326 3572 1367 me
3610 1311 3706 1365 do-

2117 1407 2293 1461 minos
2320 1415 2660 1460 ostensurum
2692 1418 2845 1469 esse,
2870 1402 2963 1458 scd
2990 1403 3124 1457 ultra
3153 1402 3451 1472 procedens
3478 1411 3701 1457 conten-

2115 1497 2358 1569 deusque
2396 1512 2575 1553 sermo
2620 1497 2741 1570 plus
2780 1511 2937 1566 quam
2974 1495 3320 1565 promiseram
3365 1493 3561 1557 eﬂ'ecit,
3599 1492 3702 1547 iui-

2116 1589 2284 1644 micos
2310 1604 2406 1659 pro
2426 1588 2657 1643 douiinis
2677 1587 2989 1651 ostendens,
3017 1585 3123 1640 imo
3141 1584 3359 1640 eosdem
3378 1593 3433 1638 et
3461 1584 3706 1638 inimicos

2114 1690 2168 1735 et
2214 1679 2499 1736 dominos:
2558 1695 2679 1733 nam
2727 1688 2786 1732 ut
2832 1677 3033 1732 domini
3087 1677 3383 1740 coluntur;
3439 1660 3704 1730 terribiles

2115 1781 2290 1826 autem
2335 1779 2508 1836 sunt,
2557 1780 2619 1826 ut
2669 1770 2910 1835 inimici;
2964 1779 3018 1824 et
3071 1767 3292 1823 insidias
3344 1775 3596 1830 struunt,
3648 1774 3705 1819 nt

2117 1864 2317 1919 hostes.
2376 1865 2508 1918 Cum
2564 1879 2690 1918 vero
2727 1864 2847 1935 quis
2893 1864 3015 1916 illos
3064 1862 3221 1916 habet
3261 1871 3316 1916 et
3353 1862 3599 1914 tlnininos
3649 1870 3704 1913 et

2116 1958 2391 2019 inimicos,
2422 1956 2549 2029 quid
2591 1955 2691 2011 hac
2734 1955 3038 2011 calamitate
3079 1953 3231 2024 pejus
3282 1951 3480 2006 fuerit?
3507 1951 3707 2007 Servus

2114 2048 2214 2103 etsi
2242 2047 2366 2118 quid
2392 2048 2441 2104 ci
2473 2047 2833 2118 pra-cipialut‘,
2861 2055 3095 2100 attamen
3130 2043 3503 2112 imperantium
3531 2053 3580 2095 et
3613 2057 3706 2112 pa—

2116 2142 2342 2195 trocinio
2386 2150 2441 2196 et
2489 2140 2860 2196 benevolentia
2902 2138 3097 2208 gaudet
3144 2155 3158 2191 :
3211 2135 3262 2189 hi
3306 2147 3484 2190 autem
3525 2144 3580 2189 et
3614 2134 3705 2205 jn-

2116 2234 2305 2287 bentur
2332 2245 2385 2287 et
2414 2233 2818 2303 impugnantur,
2845 2241 3095 2300 stantque
3122 2228 3212 2284 alii
3242 2238 3429 2282 contra
3456 2226 3625 2289 alios;
3652 2234 3707 2280 et

2112 2339 2180 2378 eo
2227 2325 2401 2378 acrius
2428 2339 2587 2394 qu.nn
2635 2322 2669 2378 ii
2701 2322 2790 2394 qui
2833 2333 3022 2391 aperto
3069 2330 3240 2375 marte
3289 2326 3560 2387 pugnant:
3600 2334 3706 2387 quo

2114 2415 2163 2469 t'l
2184 2432 2251 2469 nn
2278 2414 2620 2479 cnnl'odiunt,
2651 2423 2707 2469 et
2734 2412 2836 2468 sub
2863 2413 3157 2467 amicorum
3200 2412 3343 2466 larva
3362 2453 3377 2475 ,
3416 2409 3566 2478 quasi
3605 2410 3704 2461 bo-

2113 2514 2226 2560 stes
2252 2506 2653 2575 aggrediuntur,
2688 2520 2751 2561 ac
2778 2503 2848 2559 de
2870 2505 3097 2558 aliorum
3127 2518 3271 2571 szepe
3309 2501 3707 2556 minuitatibus

2113 2599 2214 2653 sibi
2260 2599 2614 2669 gratulantur.
2658 2596 2856 2653 Verum
2894 2606 3076 2651 nostra
3110 2611 3216 2649 non
3258 2596 3329 2649 ita
3372 2610 3429 2647 se
3458 2594 3653 2648 habent
3690 2596 3737 2646 :'

2113 2710 2234 2749 nam
2263 2694 2308 2748 si
2338 2694 2457 2765 quis
2490 2693 2629 2748 male
2656 2703 2814 2763 agat,
2847 2691 2998 2746 nmlti
3027 2701 3146 2745 sunt
3189 2690 3277 2758 qui
3308 2689 3626 2748 comlnlenl;
3660 2692 3705 2740 si

2113 2802 2224 2841 rem
2252 2786 2388 2841 bene
2415 2784 2662 2855 gesserit,
2694 2782 2842 2837 mtdti
2871 2780 3233 2852 congaudent,
3257 2779 3548 2833 secundum
3571 2780 3706 2844 ipe-

2111 2879 2307 2933 stolunt
2338 2896 2351 2932 :
2379 2877 2501 2932 Sive
2536 2892 2690 2930 unum
2732 2875 3008 2929 membrum
3046 2873 3299 2944 patiatur,
3331 2873 3709 2942 compatiuntur

2110 2968 2214 3022 alia
2239 2968 2462 3022 membra
2482 2983 2500 3031 ,'
2523 2966 2625 3022 sive
2645 2983 2801 3019 imum
2825 2965 3097 3019 membrum
3122 2963 3456 3035 gloriﬁcatur,
3484 2978 3705 3031 congau-

2111 3060 2228 3113 dent
2255 3059 2427 3113 onmia
2449 3058 2673 3114 membra
2698 3058 2773 3127 (l.
2806 3056 2925 3111 Cor.
2959 3056 3046 3110 12.
3077 3055 3192 3125 26).
3226 3054 3292 3108 Ει
3321 3069 3460 3107 nunc
3489 3054 3703 3123 quidem

2112 3152 2345 3216 dicebat,
2378 3152 2466 3219 qui
2491 3152 2605 3203 tunc
2631 3148 2889 3203 admouet
2921 3165 2934 3201 :
2966 3147 3094 3212 Qui:
3121 3146 3245 3199 mihi
3279 3162 3392 3215 spes
3416 3146 3492 3198 vel
3530 3145 3706 3198 laetitia

2110 3244 2219 3298 est?
2242 3259 2413 3297 annon
2432 3258 2518 3296 vos
2537 3242 2611 3313 (l.
2636 3239 2816 3295 Thess.
2842 3239 2896 3293 2.
2928 3237 3057 3305 l9)?
3082 3253 3222 3292 nunc
3247 3252 3394 3302 vero,
3419 3236 3553 3303 Quia
3573 3251 3709 3288 nunc

2109 3335 2341 3400 vivimus,
2367 3336 2410 3388 si
2435 3349 2520 3386 vos
2543 3335 2688 3387 statis
2712 3334 2765 3385 in
2795 3331 3010 3385 Domino
3034 3331 3079 3400 (l
3096 3370 3109 3383 .
3133 3328 3311 3383 Thess.
3340 3330 3393 3384 3.
3423 3328 3481 3398 8)
3504 3344 3519 3393 ;
3545 3326 3706 3381 modo

2110 3435 2311 3492 autem,
2341 3423 2425 3479 Ea:
2442 3425 2601 3478 multa
2625 3425 2946 3479 tribulatione
2970 3435 3016 3478 et
3035 3422 3351 3476 contentione
3375 3421 3542 3474 cordis
3568 3420 3706 3473 robis

2109 3516 2290 3587 scripsi
2315 3514 2393 3587 (2.
2434 3514 2555 3571 Cor.
2586 3515 2641 3568 2.
2666 3513 2758 3587 tl);
2791 3524 2865 3579 et,
2904 3513 3031 3580 Quis
3059 3513 3348 3581 inlinuntur
3366 3553 3381 3578 ,
3410 3520 3456 3564 et
3483 3526 3576 3581 ego
3602 3527 3705 3563 non

2110 3607 2345 3674 in/irmor
2368 3607 2394 3660 ?
2417 3607 2531 3672 quis
2558 3607 2939 3661 scandalizatur
2959 3649 2974 3673 ,
2998 3614 3045 3659 et
3071 3620 3162 3676 ego
3191 3621 3291 3658 non
3322 3620 3446 3657 uror
3474 3602 3551 3672 (2.
3581 3601 3703 3655 Cor.

2113 3699 2200 3753 ll.
2230 3697 2362 3772 18)?
2401 3697 2511 3754 Cur
2536 3712 2664 3768 ergo
2689 3698 2866 3754 adlmc
2899 3705 3267 3767 tempestatem
3297 3695 3623 3750 sustinemus
3651 3705 3706 3747 ct

2110 3791 2412 3846 exteriores
2455 3790 2671 3856 ﬂuctus,
2716 3802 2906 3847 etnon
2944 3790 3212 3846 currimus
3250 3787 3317 3842 ad
3362 3786 3704 3858 tranquillmu

2112 3883 2255 3938 hunc
2296 3890 2509 3954 portum
2530 3924 2546 3950 ,
2578 3896 2642 3937 ac
2672 3882 2935 3937 bonorum
2978 3880 3286 3935 nominibus
3329 3878 3566 3945 omissis,
3598 3892 3706 3931 non

2112 3978 2177 4031 ad
2220 3992 2306 4032 res
2343 3975 2508 4032 hasce
2552 3973 2940 4046 properamus?
2977 3972 3158 4029 Gloria
3186 3972 3329 4027 enim
3365 3980 3417 4025 et
3446 3969 3705 4040 potentia,

2112 4071 2313 4126 divitia:
2343 4077 2400 4125 et
2425 4069 2700 4137 nobilitas,
2733 4078 2785 4124 et
2813 4069 2896 4123 his
2924 4067 3144 4134 similia,
3177 4066 3388 4121 nomina
3415 4071 3539 4119 Sunt
3565 4061 3707 4131 apud

2115 4163 2296 4232 ipsos,
2341 4174 2431 4216 res
2455 4169 2634 4215 autem
2675 4159 2816 4230 apud
2861 4173 2990 4225 nos;
3018 4156 3470 4230 quemadmodum
3514 4163 3569 4211 et
3607 4156 3707 4209 tri—

2114 4254 2257 4310 stitia
2278 4293 2294 4320 ,
2325 4266 2473 4308 mors
2501 4260 2557 4307 ct
2602 4251 2892 4321 ignominia
2913 4293 2930 4319 ,
2958 4260 3012 4306 et
3047 4259 3354 4321 paupertas,
3395 4257 3450 4302 et
3477 4244 3668 4301 similia
3689 4286 3707 4311 ,

2116 4347 2330 4401 nomina
2361 4354 2486 4401 sunt
2517 4344 2656 4415 apud
2684 4360 2812 4409 nos,
2845 4360 2932 4399 res
2956 4343 3095 4416 apud
3135 4344 3273 4399 illos.
3308 4345 3384 4397 Ac
3413 4341 3458 4397 si
3499 4342 3707 4412 placet,

2115 4439 2339 4511 gloriam
2369 4440 2545 4509 primo
2571 4440 2622 4492 in
2652 4438 2885 4494 medium
2908 4438 3257 4504 adducamus,
3282 4453 3400 4507 qum
3424 4436 3561 4506 apud
3587 4435 3712 4490 illos

2115 4532 2364 4601 optabilis
2387 4530 2635 4586 habetur.
2667 4531 2793 4586 Eam
2821 4546 2928 4586 non
2953 4530 3075 4586 dico
3094 4546 3200 4585 non
3227 4530 3534 4585 diuturnam
3560 4541 3706 4593 esse,

2119 4639 2218 4678 nec
2244 4624 2352 4679 cito
2393 4624 2657 4694 exstingui
2682 4640 2696 4688 ;
2729 4624 2821 4679 sed
2865 4639 2986 4678 cum
3015 4624 3247 4679 maxime
3274 4623 3456 4690 ﬂoret,
3484 4622 3714 4678 05tende

2119 4714 2248 4770 mihi
2283 4717 2424 4771 illam
2456 4734 2468 4770 :
2503 4734 2570 4772 ne
2590 4715 2803 4772 auferas
2834 4716 2908 4771 illi
2942 4717 3120 4771 fucum
3152 4717 3593 4786 meretriciasque
3624 4715 3711 4785 pi-

2118 4818 2331 4875 cturas;
2359 4807 2452 4862 St‘ti
2481 4820 2722 4864 ornatam
2755 4824 2854 4879 age
2897 4809 2949 4863 in
2979 4809 3212 4864 medium
3246 4818 3300 4864 et
3337 4817 3578 4863 monstra
3608 4822 3711 4862 nn-

2120 4899 2201 4953 bis
2221 4941 2237 4964 ,
2262 4908 2321 4954 ut
2350 4898 2652 4956 deformem
2684 4901 2829 4955 illam
2857 4916 2978 4955 esse
3007 4901 3250 4970 probem.
3283 4899 3533 4956 llabitum
3563 4909 3714 4955 certe

2119 4991 2297 5057 dices,
2337 4999 2390 5046 et
2417 4991 2663 5047 lictorum
2700 4993 3096 5047 multitudinem
3121 5032 3135 5053 .
3168 4991 3434 5063 perennis
3477 5006 3666 5047 vocem
3696 5033 3713 5057 ,

2121 5081 2388 5137 audientis
2409 5082 2588 5153 populi
2619 5083 2844 5147 turbam,
2867 5083 3136 5138 silentium
3161 5083 3300 5153 apud
3320 5084 3519 5138 multos
3536 5125 3553 5152 ,
3583 5098 3715 5152 pro-

2123 5172 2243 5243 pius
2289 5173 2659 5230 accedentium
2720 5174 3130 5245 percussiones,
3182 5176 3543 5245 spectaculum
3596 5190 3712 5230 om-

2124 5268 2281 5323 nibus
2300 5283 2441 5324 esse.
2468 5270 2660 5324 Annon
2684 5267 2799 5322 haec
2826 5267 3102 5338 splendida
3133 5267 3429 5324 habentur?
3449 5269 3561 5339 Age
3583 5283 3714 5323 exa-

2125 5357 2393 5414 mincnms
2415 5399 2430 5423 ,
2460 5375 2586 5413 num
2621 5359 2736 5413 haec
2763 5374 3161 5429 Supervacanea
3188 5359 3318 5426 sint,
3345 5374 3472 5414 nnm
3504 5359 3557 5413 in
3582 5374 3712 5415 vana

2123 5448 2298 5507 solum
2322 5449 2575 5520 opinione
2614 5450 2806 5520 posita.
2840 5449 2969 5504 Nam
2999 5453 3051 5505 in
3092 5467 3199 5521 quo
3227 5451 3315 5506 ille
3350 5451 3418 5506 ab
3459 5451 3542 5506 his
3581 5468 3714 5521 prm—

2126 5540 2355 5597 stantior
2381 5541 2622 5598 redditur
2643 5554 2734 5597 aut
2755 5557 2983 5611 corpore
3003 5554 3094 5599 aut
3118 5541 3338 5600 anima?
3363 5544 3445 5600 Ex
3470 5544 3552 5599 bis
3575 5545 3714 5599 enini

2126 5635 2292 5690 homo
2317 5643 2545 5690 constat.
2579 5633 2716 5690 Num
2749 5634 2874 5692 hinc
2898 5637 3073 5707 major
3099 5647 3302 5693 statura
3332 5636 3428 5692 ﬁt?
3455 5652 3583 5692 num
3616 5637 3722 5690 ior-

2126 5728 2271 5785 tior?
2294 5744 2419 5784 num
2464 5729 2742 5785 velocior?
2780 5746 2908 5785 num
2939 5729 3059 5786 ideo
3087 5746 3278 5786 sensus
3322 5730 3484 5788 habet
3515 5730 3718 5785 acutio-
