4034 6434
392 327 491 384 573

1306 318 1822 381 lNdlATTll/EUM
1865 323 2088 383 HOMIL.
2136 317 2278 375 LIX.
2313 320 2387 375 al.
2421 319 2531 376 LX.

3558 328 3666 385 57b

392 444 520 496 res?
541 439 647 496 Sed
676 453 839 494 nemo
865 438 982 493 lucc
1005 437 1221 493 dixerit.
1252 434 1523 495 Adeamus
1547 438 1815 504 animam,
1848 450 1976 492 num
2075 435 2383 492 innumeris
2415 435 2725 506 opprobriis
2750 437 3003 495 laceratis
3037 456 3053 495 :
3081 440 3315 497 desinite
3345 454 3666 514 arrogantes

389 531 615 586 fmtasse
639 529 768 601 quid
800 529 872 585 ibi
912 529 1043 584 lucri
1073 528 1563 599 deprehendamus.
1588 529 1726 596 Quid
1769 529 1979 599 igitur?

389 637 460 677 an
497 622 894 686 continentior,
921 636 989 675 an
1017 619 1331 686 modestior,
1371 636 1437 674 an
1485 620 1801 690 prudentior
1827 637 1857 673 a
1887 621 1977 675 tali

386 713 533 767 cultu
560 710 751 766 eradet
776 711 904 766 ille?
933 711 1298 780 Nequaquam,
1332 711 1440 765 imo
1470 710 1800 765 contrarium
1828 725 1981 780 pror-

386 819 480 857 sus
508 802 732 858 accidet.
756 801 875 857 Non
904 803 1047 856 enim
1069 802 1211 872 quod
1243 804 1295 856 in
1317 817 1545 872 corpore
1564 842 1581 868 ,
1604 801 1655 856 id
1688 803 1860 871 ipsum
1892 801 1980 857 hic

386 895 593 950 evenit.
637 894 714 949 lhi
745 895 888 949 enim
920 894 1062 949 nulla
1100 895 1314 965 corpori
1360 895 1705 965 perfectionis
1741 894 1980 948 accessio

389 989 481 1051 lit;
513 985 602 1042 hic
626 999 756 1041 vero
784 1001 891 1040 non
922 985 974 1041 id
1005 985 1179 1042 solum
1205 986 1332 1041 mali
1363 985 1699 1049 observatur,
1722 985 1867 1055 quod
1892 985 1978 1039 ni-

390 1076 469 1131 hil
500 1076 624 1131 boui
653 1075 924 1143 lucretur,
965 1075 1060 1131 sed
1088 1076 1232 1146 quod
1264 1077 1554 1146 nequitiam
1594 1075 1719 1129 inde
1756 1075 1977 1130 multam

384 1166 632 1237 acquirat
657 1167 871 1232 anima;
901 1181 1024 1221 nam
1054 1166 1109 1221 in
1135 1166 1523 1238 arrogantiam,
1557 1165 1608 1220 in
1638 1180 1828 1221 vanam
1856 1167 1976 1236 glo-

386 1257 545 1323 riam,
570 1256 624 1311 iu
652 1255 933 1320 insaniam,
966 1257 1019 1311 in
1049 1257 1202 1321 iram,
1237 1265 1293 1312 et
1312 1257 1365 1312 iu
1389 1257 1534 1311 mille
1557 1255 1683 1311 vitia
1713 1256 1976 1312 defertur.

385 1348 479 1412 At,
510 1346 739 1418 inquies,
764 1346 984 1417 gaudet,
1011 1346 1242 1411 laetatur,
1266 1347 1318 1401 in
1345 1347 1535 1417 hisque
1563 1347 1843 1417 gloriatur.
1870 1347 1982 1401 Ma-

388 1439 565 1494 lorum
594 1438 949 1509 colophonem
987 1438 1118 1494 mihi
1148 1439 1303 1505 dicis,
1336 1439 1645 1508 malumque
1689 1440 1980 1496 incurabile

386 1545 535 1589 esse.
564 1530 696 1587 Nam
735 1532 825 1602 qui
852 1532 906 1586 in
948 1531 1031 1587 his
1069 1531 1316 1597 laetatur,
1342 1547 1375 1587 a
1400 1531 1662 1588 malorum
1702 1545 1862 1586 causa
1890 1531 1979 1586 vix

386 1624 643 1678 recedere
672 1623 835 1688 velit,
864 1622 961 1679 sed
1003 1638 1099 1693 per
1127 1624 1451 1693 voluptatem
1481 1623 1620 1678 viam
1657 1622 1759 1678 sibi
1780 1622 1847 1677 ad
1885 1638 1980 1678 cu-

387 1714 651 1769 rationem
675 1714 964 1769 obstrusit.
1001 1713 1183 1784 Itaque
1216 1714 1344 1769 illud
1377 1714 1609 1768 maxime
1635 1713 1832 1767 malum
1862 1722 1977 1779 est,

384 1803 532 1872 quod
559 1803 629 1859 de
659 1804 995 1861 incremento
1033 1806 1295 1859 malorum
1334 1820 1441 1858 non
1467 1804 1667 1870 doleat,
1698 1804 1819 1858 imo-
1844 1819 1979 1875 gau-

384 1894 532 1949 deat.
552 1894 800 1952 Gaudere
817 1895 962 1951 enim
984 1911 1090 1951 non
1111 1910 1326 1967 semper
1346 1895 1542 1950 bomnu
1569 1905 1683 1960 est;
1708 1910 1830 1949 nam
1854 1910 1982 1966 gau-

385 1985 521 2040 dent
558 1985 705 2041 fures
731 2000 855 2042 eum
902 1985 1177 2054 furantur,
1210 1995 1266 2042 et
1291 1986 1534 2042 mtechus
1575 2000 1698 2041 cum
1743 1986 1978 2040 alienum

387 2086 566 2130 torum
588 2076 858 2146 deturpat,
886 2090 1081 2132 avarus
1104 2091 1231 2133 cum
1253 2077 1413 2148 rapit,
1445 2076 1708 2131 homicida
1734 2091 1856 2131 cum
1882 2091 1978 2132 oc—

384 2167 538 2223 cidit.
566 2167 648 2225 Ne
674 2168 1024 2240 respiciamus
1053 2170 1215 2240 igitur
1234 2185 1306 2224 an
1332 2168 1580 2241 gaudeat,
1608 2168 1704 2224 sed
1732 2183 1799 2223 an
1825 2168 1896 2225 de
1920 2184 1981 2225 re

388 2257 506 2312 utili
521 2257 783 2328 gaudeat;
804 2267 861 2315 et
879 2273 1186 2327 caveamus,
1217 2275 1285 2315 ne
1305 2258 1608 2330 huiusmodi
1629 2258 1878 2328 gaudium
1900 2259 1981 2314 in.

388 2349 689 2414 veniamus,
719 2349 877 2420 quale
902 2349 1147 2405 mtechus
1166 2358 1222 2406 et
1252 2350 1336 2405 fur
1363 2349 1577 2404 habeat.
1600 2349 1745 2416 Cur,
1769 2363 1978 2419 quaeso,

387 2439 589 2509 gaudet
612 2439 742 2495 ille?
764 2439 909 2512 quod
933 2440 1160 2512 gloriam
1194 2440 1337 2512 apud
1364 2440 1562 2497 multos
1600 2441 1941 2496 nanciscatur
1959 2477 1978 2505 ,

388 2545 504 2601 quo
527 2529 700 2585 inllari
742 2539 800 2586 et
830 2530 1070 2601 conspici
1103 2531 1320 2586 valeat?
1343 2530 1549 2601 Ecquid
1586 2529 1686 2585 hac
1718 2530 1982 2612 concupit-

384 2622 592 2676 seentia
610 2629 664 2677 et
696 2620 930 2678 absurdo
951 2636 1139 2679 amore
1157 2621 1433 2678 deterius?
1454 2620 1605 2689 Quod
1629 2620 1674 2675 si
1700 2620 1751 2675 id
1782 2619 1979 2675 malum

387 2726 498 2765 non
514 2719 622 2777 est,
637 2726 706 2767 ne
724 2725 855 2782 ergo
872 2710 1051 2768 inanis
1068 2711 1256 2783 gloriae
1276 2710 1500 2782 cupidos
1520 2710 1855 2780 vituperctis,
1879 2723 1981 2765 nec

2077 538 2131 581 et
2158 527 2425 596 superbos
2463 528 2756 585 exsecrari.
2804 532 2906 585 Sed
2938 548 3046 587 non
3078 535 3327 602 poteritis
3359 535 3658 591 abstinere.

2080 619 2335 676 Plurimis
2354 636 2486 691 ergo
2511 620 2586 676 illi
2612 622 3148 694 criminibus'impcti
3177 637 3428 695 possunt,
3450 629 3669 683 etiamst

2084 713 2227 768 mille
2251 714 2518 782 stipentur
2542 715 2839 771 lictoribus.
2874 717 2937 771 Et
2970 717 3084 773 haec
3124 721 3254 774 mihi
3283 721 3351 776 dc
3387 721 3671 777 deteriori-

2084 804 2183 858 bus
2206 804 2556 874 optimatibus
2595 806 2737 861 dicta
2770 816 2929 860 sunto
2960 825 2974 861 :
3017 823 3140 862 nam
3189 810 3431 880 plerique
3459 812 3672 865 illorum

2084 894 2402 962 latronibus,
2437 895 2736 963 homicidis,
2760 899 3007 966 tnmcbis,
3051 901 3423 971 sepulcrorqu
3451 902 3675 957 effosso-

2085 985 2233 1041 ribus
2253 987 2484 1055 peccatis
2497 988 2802 1041 ouustiores
2817 988 3316 1058 deprehenduntur,
3329 991 3470 1060 quod
3503 992 3671 1060 impe-

2083 1076 2165 1132 rio
2180 1077 2571 1132 maleutantur.
2587 1075 2721 1131 Nam
2740 1077 3099 1147 impudentius
3120 1095 3280 1149 quam
3302 1081 3376 1135 illi
3406 1080 3671 1148 furantur,

2082 1166 2357 1222 crudelius
2375 1165 2648 1232 occidunt,
2664 1175 2719 1221 et
2742 1167 2898 1237 longe
2920 1168 3152 1239 iniquius
3177 1171 3457 1225 lasciviunt
3488 1179 3545 1226 et
3588 1173 3670 1226 el-

2083 1258 2347 1325 fodiunt‘,
2367 1272 2473 1312 non
2507 1274 2717 1313 murum
2735 1299 2750 1322 .
2777 1261 2871 1315 sed
2900 1275 3032 1330 opes
3049 1270 3104 1316 et
3118 1261 3308 1317 domos
3322 1264 3631 1318 innumeras
3650 1305 3666 1329 ,

2082 1347 2208 1403 dum
2228 1364 2340 1419 pne
2357 1357 2621 1418 potestate
2635 1349 2687 1404 id
2704 1349 2856 1406 facile
2872 1361 3097 1422 possunt
3110 1370 3123 1406 :
3138 1354 3224 1423 qui
3238 1355 3491 1410 servitute
3502 1354 3673 1411 duris-

2082 1442 2217 1496 sima
2247 1453 2595 1511 premuntur,
2625 1442 2752 1495 dum
2768 1443 2931 1497 animi
2955 1444 3156 1498 morbis
3173 1446 3359 1515 ignave
3377 1446 3672 1513 cedunt,et

2082 1545 2373 1586 conservos
2392 1532 2510 1587 sine
2526 1532 2841 1587 remissione
2855 1533 3159 1601 verberant,
3181 1536 3534 1606 consciosqne
3549 1550 3637 1590 om
3649 1564 3666 1575 -

2084 1632 2181 1676 nes
2196 1630 2448 1676 tremunt.
2467 1621 2598 1676 Nam
2617 1622 2705 1678 ille
2721 1622 2867 1677 solus
2882 1623 3018 1678 liber
3033 1625 3287 1690 cst,solus
3304 1626 3569 1695 princeps,
3593 1642 3671 1682 rc—

2083 1712 2342 1783 gibusque
2354 1715 2643 1783 potentior,
2661 1715 2749 1784 qui
2772 1730 2801 1768 a
2819 1715 2961 1770 vitiis
2981 1715 3264 1784 expeditus
3282 1726 3384 1770 est.
3411 1716 3534 1771 lbec
3551 1733 3673 1771 cutn

2084 1807 2337 1870 sciamus,
2356 1819 2536 1859 veram
2555 1819 2843 1875 sequamur
2858 1806 3180 1873 libertatem,
3200 1817 3255 1862 et
3271 1806 3341 1859 ab
3360 1807 3540 1878 iniqua
3556 1822 3674 1862 scr-

2084 1896 2250 1951 vitute
2273 1910 2370 1950 nos
2381 1894 2758 1965 expediamus:
2778 1912 2951 1966 neque
2967 1894 3173 1967 imperii
3195 1896 3407 1964 fastum,
3425 1898 3678 1968 nequcdi-

2084 1986 2333 2041 vitiarum
2351 1985 2705 2056 tyrannidem,
2722 2000 2895 2056 neque
2911 1987 3051 2041 aliud
3067 1986 3338 2057 quidpiam
3372 1987 3675 2057 huiusmodi

2085 2077 2464 2134 beatitudinem
2493 2091 2681 2147 parere
2716 2091 2874 2147 posse
2903 2086 3171 2148 putemus,
3201 2078 3294 2132 sed
3313 2079 3482 2133 solam
3504 2079 3680 2132 virtu-

2083 2177 2214 2225 tem.
2231 2168 2320 2224 Sic
2335 2168 2477 2223 enim
2497 2166 2619 2223 etin
2637 2168 2886 2238 przesenti
2903 2169 3007 2222 vita
3024 2169 3404 2239 tranquillitate
3418 2170 3678 2237 fruemur,

2086 2269 2141 2316 et
2159 2258 2330 2314 futura
2349 2271 2744 2328 consequemur
2762 2257 2899 2312 bona
2920 2298 2937 2325 ,
2953 2260 3123 2328 gratia
3139 2268 3194 2313 et
3220 2259 3545 2327 benignitate
3572 2260 3650 2314 Do
3668 2290 3678 2299 -

2085 2351 2215 2408 mini
2237 2351 2405 2406 nostri
2429 2350 2556 2405 Jesu
2581 2349 2804 2416 Christi,
2826 2350 2912 2404 cui
2933 2350 3097 2421 gloria
3123 2359 3179 2405 et
3201 2350 3483 2419 imperium
3518 2393 3533 2413 ,
3557 2367 3680 2404 eum

2087 2446 2248 2502 Patre
2261 2451 2318 2500 et
2333 2443 2538 2514 Spiritu
2556 2451 2742 2498 sancto
2765 2482 2781 2510 ,
2805 2440 2859 2496 in
2889 2441 3084 2496 saecula
3110 2442 3448 2497 saeculorum.
3480 2442 3678 2497 Amen.

2166 2657 2183 2688 ι
2202 2654 2386 2720 ΑΜοιιθΙ.
2411 2655 2542 2705 hunc
2552 2654 2723 2720 locum
2744 2656 2816 2705 sic
2836 2654 2985 2720 habet
2998 2668 3025 2720 _:
3052 2664 3169 2706 Nam
3193 2654 3518 2717 bnpudentius
3539 2669 3683 2720 quam

2086 2715 2162 2768 illi
2185 2718 2417 2781 furmttur
2437 2724 2484 2768 et
2505 2716 2757 2780 eﬂ‘udimtt,
2781 2719 2973 2767 omissis
2994 2715 3311 2782 interpositis.

3542 2849 3666 2861 ’.κ-ο

1589 2918 1933 2982 HOMILIA
1972 2917 2140 2981 LIX.
2199 2916 2286 2982 al.
2339 2917 2481 2979 LX.

382 3059 516 3117 Car.
557 3061 646 3118 l8.
687 3077 739 3117 v.
767 3063 823 3119 7.
864 3061 954 3118 Va:
1012 3070 1203 3123 mundo
1249 3079 1282 3117 a
1330 3062 1606 3120 scandatis.
1640 3062 1858 3118 Necesse
1909 3072 1984 3118 est

457 3153 592 3208 enim
618 3162 674 3209 ιιι
699 3155 901 3210 veniant
923 3154 1189 3218 scandala,
1213 3164 1553 3210 verumtamen
1573 3170 1647 3210 rte
1672 3154 1866 3209 homini
1880 3154 1981 3219 illi,

463 3261 554 3313 per
576 3261 721 3310 quan
743 3246 989 3301 scandala
1009 3245 1236 3302 ueniunt.

460 3336 514 3390 l.
553 3334 613 3390 Si
654 3350 875 3392 necesse
921 3336 988 3391 sit
1022 3346 1081 3392 ut
1108 3336 1325 3392 veniant
1350 3335 1622 3402 scandala,
1650 3334 1842 3392 dixerit
1872 3335 1981 3391 for-

388 3436 535 3481 tasse
558 3427 818 3498 (luispiam
844 3442 912 3482 ex
939 3426 1263 3482 adversariis
1280 3466 1297 3493 ,
1324 3441 1422 3482 cur
1448 3426 1701 3482 miserum
1729 3425 1987 3495 pradicat

385 3516 646 3573 mundum
672 3558 691 3585 ,
740 3532 864 3573 cum
920 3518 998 3575 illi
1049 3516 1300 3588 opitulari
1343 3525 1399 3573 et
1444 3531 1658 3572 manum
1714 3515 1984 3586 porrigere

385 3609 705 3678 oporteret?
749 3608 864 3664 Hoc
901 3610 1096 3680 quippe
1132 3617 1214 3664 est
1251 3606 1444 3663 medici
1487 3615 1542 3662 et
1585 3607 1822 3676 patroni;
1854 3605 1983 3661 illud

386 3712 519 3752 vero
563 3697 848 3767 cujuslibet
887 3713 920 3753 e
960 3698 1117 3769 vulgo
1160 3696 1413 3753 hominis.
1462 3695 1600 3765 Quid
1648 3696 1807 3767 igitur
1850 3695 1985 3751 adeo

387 3787 684 3859 impudenti
725 3789 916 3859 lingua:
944 3787 1402 3859 respondeamus?
1440 3786 1641 3858 Ecquid
1679 3786 1802 3841 huic
1824 3801 1982 3840 cura-

388 3881 522 3936 tioni
563 3896 659 3952 par
686 3882 923 3953 reperire
954 3881 1169 3952 possis?
1207 3879 1341 3936 Nam
1373 3881 1511 3935 Deus
1536 3895 1657 3935 cum
1684 3879 1790 3943 sit,
1821 3877 1984 3934 homo

387 3972 561 4027 factus
583 3981 665 4028 est
692 3983 914 4044 propter
938 3982 990 4029 te
1008 4014 1025 4038 ,
1052 3982 1107 4028 et
1135 3972 1276 4027 servi
1301 3970 1529 4027 formam
1556 3970 1764 4040 accepit
1780 4011 1798 4036 ,
1823 3978 1984 4040 atque

388 4062 701 4132 turpissima
730 4063 912 4118 omnia
941 4076 1130 4135 passus
1151 4071 1273 4131 est,
1303 4061 1434 4117 nihil
1471 4059 1814 4133 prmtcrmisit
1839 4059 1982 4131 quod

383 4157 453 4212 ad
481 4172 543 4213 se
570 4160 895 4229 pertineret;
939 4159 1035 4217 sed
1058 4159 1181 4231 quia
1205 4159 1397 4231 ingrati
1429 4159 1675 4216 homines
1701 4156 1832 4214 nihil
1859 4154 1985 4213 hinc

390 4250 517 4305 boni
554 4251 869 4322 consequuti
903 4259 1065 4319 sunt,
1112 4250 1236 4308 ideo
1278 4251 1399 4307 illos
1429 4251 1658 4307 miseros
1685 4247 1941 4321 prmdicat
1962 4287 1981 4315 ,

385 4342 531 4410 quod
572 4353 692 4414 post
732 4343 1063 4399 curationiem
1104 4353 1303 4399 tantam
1336 4344 1390 4399 in
1425 4342 1734 4398 inﬁrmitate
1771 4356 1985 4397 manse-

389 4433 499 4488 rint
524 4450 539 4490 :
565 4448 630 4489 ac
654 4434 699 4489 si
724 4435 843 4505 quis
868 4451 1067 4507 aegrum
1094 4436 1306 4507 egregie
1328 4442 1575 4492 curatum
1593 4475 1609 4501 ,
1636 4433 1728 4506 qui
1754 4432 1986 4491 noluerit

388 4524 723 4581 medicorum
752 4525 957 4597 legibus
984 4525 1249 4596 obsequi,
1291 4526 1480 4596 lugens
1508 4525 1706 4581 dixerit
1734 4540 1752 4582 :
1782 4524 1875 4579 Vae
1905 4523 1981 4578 illi

392 4614 593 4670 homini
614 4617 683 4671 ah
705 4616 1038 4683 infirmitate,
1055 4632 1215 4687 quam
1237 4632 1335 4690 per
1355 4616 1617 4687 ignaviam
1638 4631 1789 4672 suam
1810 4615 1979 4670 auxit.

387 4706 494 4761 Sed
534 4707 644 4764 illic
677 4708 893 4779 quidem
921 4709 1051 4764 nihil
1079 4723 1144 4765 ex
1178 4713 1323 4765 luctu
1351 4708 1593 4764 utilitatis
1620 4707 1861 4774 accedit;
1895 4707 1982 4762 hic

389 4814 518 4853 vero
558 4800 766 4870 species
795 4809 879 4855 est
904 4799 1196 4856 curationis
1219 4841 1235 4868 ,
1267 4815 1388 4855 cum
1420 4800 1472 4855 id
1498 4799 1639 4870 quod
1668 4809 1982 4855 eventurum

388 4898 474 4945 est
494 4890 831 4960 prmdicitur,
853 4901 906 4946 et
928 4891 1185 4948 miserum
1207 4891 1544 4962 praedicatur.
1570 4892 1811 4964 Plerique
1835 4892 1980 4947 enim

387 4997 534 5052 sa-pe
568 4997 638 5039 ex
674 4983 901 5039 consilio
941 4983 1074 5038 nihil
1099 4983 1691 5054 ntilitatisacceperuut
1711 5021 1729 5048 ,
1759 4998 1823 5038 cx
1853 4982 1982 5038 fletu

388 5090 517 5129 vero
541 5075 770 5130 multum
807 5075 974 5146 adjuti
999 5085 1144 5131 sunt.
1175 5075 1302 5132 Ideo
1331 5076 1562 5131 maxime
1601 5075 1687 5131 ναξ
1724 5075 1853 5131 illud
1879 5091 1980 5146 ap-

389 5166 585 5236 posuit,
611 5151 732 5221 illos
755 5168 994 5222 excitans
1021 5181 1086 5222 ac
1106 5166 1472 5237 diligentiores
1495 5166 1735 5222 efficiens
1753 5166 1978 5238 vigilan-

387 5262 679 5331 tioresque.
719 5259 801 5314 Ad
836 5259 953 5315 haec
975 5259 1408 5316 benevolentiam
1434 5274 1644 5331 quoque
1672 5273 1823 5313 suam
1852 5273 1979 5328 erga

387 5351 508 5405 illos
527 5360 690 5421 atque
722 5350 1180 5406 mansuetudinem
1216 5365 1369 5407 suam
1400 5349 1638 5418 exhibet,
1668 5349 1796 5405 dum
1820 5365 1981 5419 repu-

390 5450 614 5512 gnantes
661 5441 833 5512 luget,
860 5428 1266 5500 nonmodonon
1285 5456 1429 5515 aegre
1446 5442 1656 5514 ferens,
1678 5442 1775 5498 sed
1816 5441 1977 5497 etiam

389 5531 683 5588 emendans
710 5542 816 5587 tam
843 5548 909 5588 ex
940 5532 1066 5587 lletu
1087 5547 1243 5601 quam
1270 5549 1337 5588 ex
1366 5534 1742 5604 praedictione,
1771 5543 1829 5589 ut
1856 5534 1980 5589 illos

390 5622 455 5678 ad
483 5639 668 5679 sanam
701 5632 935 5679 mentem
961 5634 1198 5680 revocet.
1228 5625 1292 5679 Et
1316 5626 1619 5694 quomodo,
1650 5626 1858 5697 inquies
1881 5668 1896 5692 ,
1926 5625 1979 5681 id

392 5717 501 5771 lieri
530 5717 749 5788 potest?
776 5732 898 5771 nam
927 5718 969 5770 si
999 5731 1219 5771 necesse
1246 5727 1330 5771 est
1358 5729 1414 5771 ut
1447 5718 1663 5774 veniant
1687 5718 1934 5773 scandala
1961 5760 1977 5785 ,

397 5808 657 5875 quomodo
688 5809 802 5865 haec
829 5808 1062 5878 cll'ugere
1088 5809 1415 5877 poterimus?
1444 5812 1578 5877 Quia
1607 5826 1824 5867 necesse
1853 5811 1974 5879 qui-

2089 3060 2212 3117 dem
2233 3067 2317 3117 est
2337 3068 2397 3114 ut
2416 3059 2631 3115 veniant
2657 3060 2928 3125 scandala,
2950 3063 3125 3132 perire
3145 3073 3323 3119 autem
3349 3066 3567 3121 omnino
3590 3082 3684 3124 ne-

2090 3163 2247 3208 cesse
2275 3164 2380 3204 non
2409 3157 2512 3204 est.
2537 3149 2994 3216 Quemadmodum
3021 3152 3066 3205 si
3092 3153 3213 3223 quis
3235 3154 3471 3212 medicus
3491 3157 3684 3213 dixerit

2089 3241 2267 3312 (nihil
2305 3243 2448 3297 enim
2477 3250 2625 3297 vetat
2666 3243 2952 3312 quominus
2979 3244 3168 3299 eodem
3210 3247 3457 3316 exemplo
3495 3249 3685 3304 iterum

2092 3332 2327 3402 utamur)
2355 3348 2370 3385 :
2399 3331 2629 3388 Necesse
2655 3342 2741 3388 est
2767 3332 2908 3387 hunc
2929 3334 3113 3389 venire
3140 3337 3384 3391 morbum
3406 3379 3422 3403 ,
3453 3339 3547 3393 sed
3579 3357 3684 3396 non

2090 3424 2218 3478 item
2250 3437 2475 3479 necesse
2500 3432 2584 3478 est
2621 3431 2680 3477 ut
2713 3422 2816 3476 hoc
2855 3423 3044 3477 morbo
3087 3439 3310 3494 pereas,
3359 3427 3403 3480 si
3446 3429 3683 3484 aninmm

2090 3512 2347 3569 adhibeas
2364 3552 2381 3577 ,
2408 3511 2524 3568 hzec
2549 3527 2671 3567 cum
2699 3512 2820 3567 aliis
2841 3512 3051 3569 dicebat
3071 3554 3089 3578 ,
3117 3525 3175 3568 ut
3198 3514 3307 3582 jam
3335 3518 3548 3582 monui,
3575 3535 3684 3589 quo

2093 3602 2386 3673 discipulos
2423 3617 2454 3655 a
2492 3615 2685 3657 somno
2722 3602 3000 3658 excitaret.
3046 3602 3127 3659 Ne
3163 3604 3463 3661 dormirent
3499 3610 3640 3662 enim
3667 3649 3683 3673 ,

2089 3694 2241 3765 quasi
2261 3692 2330 3748 ad
2360 3706 2547 3762 pacem
2573 3701 2633 3748 et
2662 3692 3101 3762 imperturbatam
3129 3692 3290 3748 vitam
3317 3696 3487 3762 missi,
3515 3699 3680 3753 multa

2090 3796 2142 3842 et
2186 3784 2318 3841 foris
2355 3798 2410 3839 et
2450 3783 2594 3837 intus
2637 3783 2934 3853 ingruentia
2975 3782 3110 3837 bella
3149 3782 3405 3839 declarat.
3448 3786 3601 3855 Quod
3629 3798 3684 3843 et

2090 3874 2286 3930 Paulus
2328 3873 2660 3944 significabat
2697 3874 2782 3927 bis
2820 3872 3041 3928 verbis:
3084 3872 3238 3927 Foris
3286 3892 3504 3944 puquaz,
3540 3880 3681 3934 intus

2089 3968 2293 4022 timores
2313 3981 2334 4020 :
2355 3965 2578 4033 pericula
2598 3963 2653 4019 iu
2675 3964 2819 4033 falsis
2845 3963 3086 4035 fratribus
3108 3964 3184 4035 (2.
3212 3965 3332 4021 Cor.
3359 3969 3410 4021 7.
3435 3970 3490 4024 5.
3520 3982 3568 4024 et
3590 3973 3612 4026 l
3631 3974 3678 4031 Ι.

2085 4059 2215 4129 26);
2243 4066 2299 4114 et
2330 4057 2568 4114 Milesios
2593 4056 2873 4127 alloquens
2892 4056 3103 4112 dicebat
3124 4074 3140 4113 :
3165 4057 3452 4131 Exsurgent
3475 4064 3683 4133 quidam

2087 4150 2316 4214 scrobis
2338 4149 2595 4220 loquentes
2621 4163 2856 4219 peruersa
2890 4148 3026 4217 (Au.
3061 4148 3151 4204 20.
3190 4150 3307 4221 50).
3332 4149 3575 4209 Christus
3596 4172 3683 4211 ve-

2089 4257 2150 4297 ro
2173 4240 2419 4308 diccbat,
2444 4238 2650 4296 Inimici
2678 4239 2899 4296 hominis
2924 4240 3181 4295 domestici
3207 4242 3318 4312 ejus
3346 4242 3562 4312 (Humi.
3594 4246 3679 4302 l0.

2159 4422 2395 4478 Liberum
2430 4422 2694 4477 arbitrium
2721 4431 2769 4475 et
2793 4420 2994 4475 libertas
3022 4421 3295 4478 voluntatis
3328 4438 3443 4476 cum
3479 4427 3682 4481 ueritate

2087 4515 2366 4585 prophetia:
2388 4512 2649 4567 conciliari
2674 4520 2905 4582 possunt.
2927 4539 2998 4550 —
3018 4509 3154 4565 Cum
3178 4515 3357 4566 autem
3387 4516 3680 4570 necessita-

2090 4616 2196 4661 tem
2222 4603 2380 4669 dicit,
2403 4617 2508 4658 non
2536 4603 2759 4658 liberum
2787 4600 3065 4657 arbitrium
3092 4601 3260 4666 tollit,
3290 4616 3462 4672 neque
3488 4604 3676 4658 volun-

2088 4696 2213 4752 tatis
2261 4694 2562 4750 libertatem
2588 4734 2605 4759 ,
2651 4707 2824 4764 neque
2866 4707 3044 4748 rerum
3095 4692 3401 4759 necessitati
3447 4695 3678 4765 cuipiam

2085 4785 2249 4842 vitam
2289 4784 2576 4853 subjiciens
2603 4783 2719 4839 lucc
2748 4783 2823 4837 ait
2851 4800 2865 4836 :
2892 4781 2987 4838 sed
3015 4782 3158 4852 quod
3192 4783 3410 4838 oumino
3438 4784 3676 4842 futurum

2086 4887 2204 4934 erat
2227 4877 2465 4948 praedicit
2493 4874 2671 4944 :quod
2702 4874 2872 4930 Lucas
2899 4873 3017 4928 aliis
3041 4873 3219 4928 verbis
3246 4873 3567 4943 declaravit,
3595 4880 3678 4935 sic

2085 4971 2271 5026 dicens
2292 5010 2309 5034 ,
2341 4966 2663 5038 Impossibile
2693 4976 2765 5020 est
2795 4975 2849 5018 ut
2874 4981 2974 5019 non
3003 4966 3204 5019 veniant
3237 4969 3483 5022 scandala
3513 4966 3675 5039 (Luc.

2086 5062 2174 5117 l7.
2207 5060 2285 5132 l).
2312 5059 2449 5128 Quid
2477 5056 2604 5113 illud
2630 5064 2709 5111 est
2730 5098 2746 5123 ,
2775 5055 3080 5111 Scandala?
3106 5055 3486 5126 Impedimenta
3518 5070 3671 5117 recte

2087 5153 2191 5206 vim
2212 5152 2252 5204 ³.
2279 5150 2369 5207 Sic
2390 5149 2446 5203 in
2476 5162 2637 5203 scena
2665 5155 2859 5204 vocant
2882 5147 3134 5219 agiliores
3158 5148 3416 5217 quosdam
3442 5152 3531 5221 qui
3558 5168 3671 5208 cur.

2086 5257 2212 5314 pora
2262 5248 2586 5311 pervertunt.
2637 5239 2752 5293 Non
2789 5239 2946 5309 igitur
2977 5239 3252 5308 praedictio
3279 5243 3394 5310 ejus
3427 5243 3677 5297 scandala

2084 5336 2300 5393 adduett
2325 5351 2341 5388 :
2366 5333 2506 5388 absit
2533 5350 2548 5387 :
2576 5347 2749 5401 neque
2771 5331 2896 5402 quia
2923 5333 3333 5400 prmnuntiavit,
3378 5332 3498 5387 ideo
3537 5349 3668 5388 eve-

2085 5430 2264 5497 niunt;
2294 5426 2388 5482 sed
2420 5424 2541 5480 ideo
2573 5424 2837 5495 praedixit,
2868 5425 2991 5494 quia
3022 5434 3277 5480 eventura
3304 5433 3456 5479 eraut
3480 5442 3495 5479 :
3520 5425 3590 5479 ita
3622 5433 3678 5481 ut

2082 5522 2128 5576 si
2157 5517 2452 5574 noluissent
2476 5515 2510 5571 ii
2538 5514 2627 5587 qui
2655 5515 2745 5570 illa
2773 5513 3029 5580 inferunt,
3054 5528 3340 5585 numquam
3370 5515 3673 5582 venissent,

2148 5696 2163 5723 θ
2205 5690 2365 5740 \lorel.
2393 5696 2501 5746 post
2536 5689 2641 5737 hzec
2665 5688 2766 5735 vnrl
2786 5700 2832 5743 a,
2861 5683 2990 5746 quod
3015 5693 3369 5734 l.ucas..........
3396 5686 3466 5735 sic
3490 5685 3674 5744 dirutis,

2091 5773 2112 5800 σι
2146 5746 2434 5807 ,ἠιιιυε-ἐιήῑυ
2457 5758 2524 5799 cst
2558 5758 2608 5799 ut
2646 5762 2737 5797 mm
2763 5749 2948 5797 rcm'mtl
2986 5748 3247 5811 scandala.
3274 5764 3295 5791 »
3342 5748 3493 5809 addit,
3531 5746 3674 5797 nullis

2087 5817 2405 5877 interpositis,
2430 5812 2773 5874 impedimenta
2798 5815 2943 5859 recta:
2969 5820 3072 5857 ene.
