4034 6464
333 315 439 371 575

333 437 391 481 et
414 425 522 483 nisi
547 432 810 482 eventura
835 433 1040 487 essent,
1069 437 1174 475 non
1204 418 1455 490 praedicta
1484 417 1736 474 fuissent.
1757 415 1913 484 Quo-

336 521 481 574 niam
501 534 630 574 vero
645 517 868 587 quidam
889 512 1125 582 maligne
1137 512 1451 581 agebant,et
1463 508 1752 565 incurabili
1769 522 1913 563 mor-

334 613 404 666 bo
423 611 766 674 laborabant,
790 614 1056 663 venerunt
1086 605 1366 668 scandala,
1390 602 1647 673 quodque
1665 600 1910 655 futurum

331 702 550 758 eratille
566 700 827 772 praedicit.
846 698 915 752 At
937 697 983 752 si
1005 697 1082 751 illi
1101 696 1374 751 emendati
1400 695 1655 757 fuissent,
1672 692 1910 763 inquies,

333 803 386 848 et
409 792 590 847 nullus
619 788 877 846 scandala
904 785 1201 850 attulisset,
1225 800 1407 839 annon
1430 783 1635 839 dictum
1659 782 1793 837 illud
1811 781 1913 837 fal-

335 900 458 939 sum
471 881 872 951 deprehensum
889 877 1083 934 fuisset
1097 875 1121 929 ?
1135 875 1522 946 Nequaquam:
1542 890 1648 928 non
1662 874 1912 928 dicturus

327 972 469 1025 enim
500 979 617 1026 erat
641 1009 656 1034 ,
688 968 733 1022 si
773 964 1092 1022 emendandi
1125 963 1351 1018 fuissent
1378 976 1568 1016 omnes
1589 999 1606 1024 ,
1638 974 1811 1029 neque
1835 958 1921 1013 di-

334 1064 501 1116 xisset
534 1078 547 1114 :
583 1059 803 1114 Necesse
828 1068 904 1113 est
933 1067 985 1110 ut
1015 1054 1249 1119 veniant,-
1287 1052 1382 1109 sed
1415 1051 1539 1122 quia
1567 1049 1781 1105 videbat
1817 1063 1922 1102 non

328 1150 675 1222 corrigendos
704 1149 841 1216 fore,
870 1147 991 1205 ideo
1015 1147 1170 1211 dixit,
1197 1161 1262 1201 ea
1289 1144 1509 1197 omnino
1534 1153 1754 1197 ventura
1781 1156 1921 1194 esse.

334 1245 401 1298 Ιὶι
437 1259 567 1309 cur,
601 1243 811 1313 inquies
835 1281 851 1305 ,
893 1241 1008 1309 ipse
1040 1255 1145 1294 non
1175 1235 1436 1294 abstulit?
1474 1235 1541 1290 Et
1565 1249 1661 1292 cur
1691 1231 1925 1287 tollenda

330 1333 522 1389 erant?
563 1347 632 1387 an
664 1343 882 1403 propter
909 1346 1004 1385 eos
1027 1330 1118 1399 qui
1152 1328 1215 1383 iis
1245 1326 1549 1383 laeduntur?
1572 1326 1646 1380 At
1671 1340 1775 1378 non
1803 1322 1927 1379 inde

334 1433 560 1491 pereunt
598 1423 631 1478 ii
673 1423 761 1493 qui
799 1421 1096 1486 la:duntur,
1133 1420 1226 1473 sed
1260 1434 1328 1473 ex
1368 1418 1573 1487 ignavia
1600 1416 1702 1470 sua
1727 1434 1740 1470 :
1770 1415 1928 1484 idque

331 1515 610 1568 declarant
648 1513 681 1569 ii
711 1514 799 1582 qui
834 1515 1085 1569 virtutem
1114 1511 1329 1575 colunt,
1356 1512 1446 1580 qui
1479 1525 1582 1563 non
1614 1509 1775 1563 modo
1803 1508 1928 1562 hinc

334 1605 463 1658 nihil
500 1605 796 1666 laeduntur,
823 1603 920 1658 sed
950 1603 1111 1658 etiam
1141 1603 1364 1657 multum
1393 1605 1618 1657 lructum
1647 1600 1882 1656 referunt
1908 1616 1924 1655 :

333 1696 505 1766 qualis
529 1707 643 1750 erat
669 1696 772 1751 Job
796 1738 812 1759 ,
843 1696 1014 1765 qualis
1038 1693 1240 1763 Joseph
1262 1735 1277 1759 ,
1307 1692 1492 1764 quales
1514 1706 1701 1747 omnes
1720 1692 1848 1759 justi
1870 1700 1929 1747 et

333 1788 584 1856 apostoli.
626 1787 778 1856 Quod
819 1787 862 1842 si
905 1786 1058 1841 multi
1099 1786 1407 1856 perierunt,
1450 1784 1501 1838 id
1541 1800 1609 1840 ex
1648 1800 1837 1839 somno
1873 1792 1928 1837 et

338 1880 658 1949 negligentia
699 1894 794 1933 sua
831 1879 1027 1933 evenit.
1054 1876 1110 1933 Si
1140 1891 1229 1932 res
1262 1892 1369 1931 non
1400 1877 1469 1931 ita
1498 1884 1678 1940 esset,
1707 1883 1764 1929 ct
1786 1875 1832 1929 si
1859 1890 1929 1930 ex

335 1968 602 2023 scandulis
646 1968 910 2037 pernicies
954 1976 1137 2032 esset,
1186 1980 1377 2022 omnes
1421 1967 1594 2035 perire
1635 1974 1926 2035 Oporteret.

334 2058 563 2127 Quodsi
588 2059 802 2128 quidam
830 2058 1109 2128 eil'ugiunt,
1134 2058 1226 2128 qui
1253 2072 1360 2112 non
1385 2056 1591 2127 effugit,
1621 2057 1671 2111 id
1699 2056 1799 2111 sibi
1826 2055 1927 2126 ipsi

335 2159 563 2219 reputet.
595 2148 857 2205 Scandala
883 2150 1059 2215 enim,
1093 2159 1150 2203 ut
1178 2148 1308 2214 dixi,
1336 2158 1393 2203 et
1418 2150 1683 2211 excitant,
1722 2157 1776 2201 ct
1806 2162 1931 2217 per-

332 2238 686 2303 spicaciorem
704 2238 1113 2302 acutiuremque
1129 2233 1357 2297 faciunt,
1379 2247 1482 2283 non
1495 2246 1617 2283 cum
1635 2229 1796 2283 modo
1809 2229 1903 2299 qui

330 2325 435 2380 sibi
453 2334 626 2392 cavet,
644 2325 739 2380 sed
758 2326 921 2380 etiam
939 2341 1063 2379 eum
1085 2326 1178 2394 qui
1200 2324 1400 2379 cecidit
1417 2323 1637 2392 citoque
1653 2320 1905 2391 erigitur,

332 2416 460 2471 hinc
475 2417 625 2471 enim
634 2417 847 2473 cautior
861 2427 1133 2486 captaque
1146 2415 1417 2471 difﬁcilior
1433 2414 1839 2484 cradetJtaque
1856 2412 1905 2468 si

342 2502 653 2573 vigilemus,
683 2519 791 2557 non
822 2519 1046 2573 parvum
1079 2505 1201 2558 inde
1229 2505 1431 2557 luerunt
1460 2506 1764 2565 referimus,
1789 2506 1932 2577 quod

340 2596 546 2651 scilicet
572 2595 792 2650 assidue
822 2596 1119 2665 vigilemus.
1153 2597 1210 2651 Si
1239 2610 1369 2649 vero
1407 2597 1724 2650 instantibus
1756 2598 1931 2652 inimi-

340 2688 460 2754 cis,
501 2696 557 2743 et
601 2696 681 2741 tot
728 2687 1110 2743 tentationibus
1157 2688 1524 2758 ingruentibus
1564 2688 1930 2759 dormiamus,

342 2780 471 2851 quid
501 2780 571 2836 de
599 2781 755 2836 nobis
796 2781 885 2838 flet
922 2783 966 2836 si
1011 2784 1091 2838 sic
1132 2783 1414 2852 tranquille
1455 2784 1735 2840 vivamus?
1764 2785 1818 2842 Si
1854 2788 1935 2844 vis

343 2879 522 2925 autem
547 2908 565 2937 ,
598 2874 827 2940 primum
857 2871 1129 2927 hominem
1158 2871 1437 2928 considera
1467 2890 1482 2928 :
1512 2874 1556 2929 si
1590 2875 1732 2930 enim
1766 2891 1937 2946 pauco

343 2970 604 3028 tempore,
633 2970 690 3015 et
717 2962 958 3017 fortassis
984 2978 1088 3017 neu
1120 2978 1228 3018 uno
1252 2963 1341 3019 die
1366 2964 1419 3018 in
1447 2964 1691 3034 paradiso
1715 2981 1934 3024 versans

341 3050 501 3118 inque
528 3050 735 3107 deliciis
756 3092 772 3118 ,
812 3052 868 3105 in
908 3061 1113 3107 tantum
1144 3053 1392 3123 nequitiae
1422 3057 1727 3126 proruperit
1745 3096 1761 3124 ,
1791 3067 1851 3113 ut
1873 3072 1935 3115 se

339 3141 601 3211 aequalem
628 3142 737 3197 Deo
762 3143 889 3197 fore
901 3146 1219 3212 speraverit,
1243 3154 1299 3200 et
1322 3147 1663 3217 deceptnrem
1689 3148 1933 3206 beneficii

338 3239 612 3286 auctorem
643 3233 944 3302 putaverit,
989 3250 1162 3303 neque
1187 3236 1406 3292 unicum
1447 3237 1576 3293 illud
1602 3248 1929 3310 praeceptum

337 3324 634 3379 servaverit
661 3342 676 3380 :
705 3326 749 3380 si
796 3326 917 3380 vita:
946 3327 1206 3397 reliquam
1237 3337 1441 3397 partem
1469 3331 1587 3387 sine
1610 3329 1794 3387 labore
1826 3331 1935 3387 du-

338 3411 505 3475 sisset
521 3459 537 3481 ,
564 3415 692 3489 quid
722 3431 829 3474 non
854 3415 1089 3476 facturus
1114 3418 1273 3476 erat?

408 3510 463 3563 2.
507 3509 677 3566 "omo
712 3527 810 3565 sua
853 3528 1009 3583 opera
1042 3522 1092 3566 et
1133 3530 1167 3565 α
1208 3513 1374 3585 seipse
1401 3512 1570 3571 "talus
1602 3513 1833 3587 (ﬁcitur.
1860 3542 1935 3555 -—

338 3598 435 3655 llis
466 3601 536 3655 ita
565 3600 725 3656 dictis
745 3638 762 3665 ,
790 3601 947 3655 aliam
974 3601 1328 3671 objectionem
1360 3604 1594 3660 oﬂ'eruut
1630 3607 1780 3662 :Cur
1803 3621 1934 3679 ergo

343 3694 486 3748 Dens
525 3693 683 3749 talem
727 3695 899 3763 ipsum
936 3694 1157 3751 effecit?
1198 3695 1314 3751 Non
1344 3697 1486 3752 Deus
1526 3699 1684 3754 talem
1711 3699 1890 3756 eﬂ'ecit
1910 3740 1929 3767 ,

336 3786 478 3840 absit
503 3803 517 3840 :
545 3801 653 3841 non
678 3787 821 3842 enim
850 3786 998 3842 illum
1031 3788 1343 3858 punivisset.
1374 3788 1506 3845 Nam
1526 3792 1572 3846 si
1599 3806 1698 3847 nos
1717 3791 1932 3863 quando

338 3876 564 3947 alicujus
584 3878 661 3932 rei
686 3893 845 3934 causa
866 3892 1074 3944 sumus,
1097 3892 1283 3934 servos
1310 3892 1414 3934 non
1443 3880 1769 3950 incusamus,
1794 3884 1933 3940 ntul-

339 3978 394 4020 to
423 3970 599 4024 minus
625 3971 997 4025 universorum
1030 3972 1168 4026 Dens
1194 3972 1246 4027 id
1273 3971 1488 4030 faceret.
1521 3975 1649 4043 Sed,
1681 3977 1888 4048 inquies
1907 4019 1925 4047 ,

339 4061 482 4115 unde
520 4063 641 4116 talis
678 4062 899 4117 effectus
933 4063 1060 4118 est?
1101 4064 1175 4118 Ex
1216 4066 1507 4137 semetipso
1532 4076 1588 4123 et
1623 4082 1688 4124 ex
1722 4069 1925 4141 ignavia

336 4168 451 4208 sua.
502 4153 639 4220 Quid
688 4162 810 4220 est,
852 4170 918 4209 ex
956 4156 1283 4225 semetipso?
1322 4157 1573 4228 Teipsum
1617 4160 1922 4234 interroga:

338 4258 458 4297 nam
491 4245 534 4297 si
567 4245 605 4298 ii
628 4245 717 4314 qui
748 4245 874 4300 mali
904 4255 1050 4310 sunt,
1083 4262 1189 4301 non
1214 4262 1279 4301 ex
1310 4248 1503 4317 seipsis
1531 4250 1655 4304 mali
1685 4262 1828 4314 sunt.
1859 4270 1927 4309 ne

335 4350 550 4388 servum
583 4344 728 4388 tuum
760 4335 988 4405 castiges
1012 4377 1027 4402 ,
1058 4352 1158 4392 nec
1185 4353 1406 4393 uxorem
1434 4340 1479 4393 si
1506 4342 1806 4410 peccaverit
1839 4343 1925 4398 in-

333 4440 523 4495 erepes
544 4465 560 4493 ,
601 4442 701 4481 nec
736 4426 902 4482 ﬁlium
944 4430 1241 4499 percutias,
1273 4445 1373 4486 nec
1413 4433 1640 4488 amicum
1673 4436 1884 4492 incuses
1907 4478 1921 4502 ,

334 4529 435 4571 nec
479 4518 749 4572 inimicum
792 4526 847 4574 te
884 4519 1165 4601 laedentem
1206 4516 1334 4576 odio
1374 4522 1614 4579 habeas:
1647 4526 1698 4580 lii
1728 4528 1925 4599 quippe

334 4624 523 4663 ontnes
550 4610 692 4680 digni
723 4619 849 4664 sunt
874 4610 1259 4679 misericordia,
1290 4630 1395 4669 non
1425 4617 1719 4685 punitione,
1746 4620 1790 4674 si
1817 4636 1924 4675 non

332 4713 398 4752 ex
428 4700 617 4769 seipsis
645 4701 983 4771 delinquunt.
1016 4702 1122 4758 Sed
1149 4719 1255 4758 non
1287 4720 1502 4773 possum
1533 4706 1920 4780 philosophari,

332 4793 559 4862 inquies.
588 4796 747 4864 Atqui
773 4797 818 4851 si
844 4795 1039 4852 videris
1063 4813 1167 4852 non
1195 4799 1403 4854 illorum
1427 4801 1636 4870 culpam
1662 4817 1802 4868 esse,
1825 4805 1921 4861 sed

330 4899 395 4937 ex
425 4884 529 4939 alia
567 4888 887 4944 necessitate
912 4888 964 4944 id
993 4889 1191 4946 factum
1221 4906 1342 4949 esse
1366 4932 1382 4959 ,
1416 4902 1543 4950 tunc
1572 4895 1772 4964 poteris
1803 4897 1922 4968 phi-

331 4973 622 5042 losophari.
652 4975 785 5032 Nam
811 4994 931 5034 cum
955 4995 1142 5038 servus
1164 4983 1479 5052 aegritudine
1500 4984 1748 5043 detentus
1778 4988 1918 5058 iussa

331 5078 439 5117 non
472 5062 676 5133 fecerit,
706 5082 814 5121 non
844 5069 1005 5125 modo
1030 5087 1134 5127 non
1162 5074 1463 5129 criminaris
1485 5114 1501 5137 ,
1532 5075 1626 5131 sed
1657 5085 1712 5132 et
1738 5078 1917 5133 statim

331 5154 582 5224 ignoscis.
613 5154 705 5210 Sic
728 5166 782 5211 tu
811 5161 962 5215 testis
989 5176 1068 5227 es,
1095 5164 1362 5233 quidpiam
1389 5167 1459 5222 ab
1482 5167 1620 5236 ipso,
1648 5169 1916 5239 quidpiam

329 5260 434 5299 non
473 5246 542 5302 ab
586 5246 701 5317 ipso
730 5263 872 5304 esse.
920 5249 1081 5321 Igitur
1114 5255 1273 5308 etiam
1311 5256 1396 5310 hic
1420 5301 1435 5323 ,
1466 5260 1510 5312 si
1542 5261 1710 5316 scires
1742 5261 1915 5331 ipsum

329 5334 449 5389 ideo
480 5337 675 5392 malum
705 5353 826 5394 esse
865 5340 988 5410 quia
1031 5345 1110 5398 sic
1147 5357 1304 5401 natus
1342 5349 1449 5410 sit,
1489 5366 1593 5404 non
1620 5352 1781 5407 modo
1808 5369 1913 5408 non

327 5440 609 5483 accusares
634 5469 648 5492 ,
696 5430 791 5485 sed
835 5440 890 5486 et
929 5433 1137 5488 veniam
1181 5435 1355 5490 dares.
1401 5438 1530 5492 Nam
1568 5442 1651 5494 cui
1695 5453 1914 5513 propter

260 5519 290 5603 ο]
329 5518 574 5573 ntorbum
610 5520 840 5589 ignoscis
862 5565 878 5589 ,
912 5534 1129 5593 propter
1169 5527 1259 5580 Dei
1295 5530 1564 5596 opitieium
1595 5533 1671 5588 illi
1701 5537 1912 5591 veniam

328 5622 433 5660 non
465 5624 687 5679 negares
709 5655 723 5677 ,
791 5614 1053 5685 siquidem
1082 5619 1202 5673 talis
1231 5620 1298 5673 ab
1329 5622 1478 5676 initio
1509 5624 1674 5680 factus
1703 5626 1907 5682 fuisset.

327 5696 556 5755 Aliunde
593 5703 753 5759 etiam
788 5706 906 5762 illos
935 5706 1092 5780 facile
1119 5713 1395 5768 confutare
1424 5728 1705 5784 possumus
1740 5735 1753 5770 :
1782 5734 1903 5772 nam

1040 308 1099 362 S.
1138 304 1425 362 JOANNIS
1457 296 1922 361 ειηιγεοδτωι

2027 297 2313 357 tRCIIIEP.
2353 300 2889 358 CONS'I'ANTINOP.

3508 300 3612 358 5η

2024 413 2221 469 veritas
2244 415 2573 482 argumentis
2596 414 2852 470 abundat.
2879 415 2987 468 Cur
3010 428 3296 484 numquam
3320 428 3534 470 servum
3556 417 3609 470 in

2020 505 2223 561 crimen
2249 505 2448 561 vocasti
2469 547 2485 571 ,
2523 504 2666 577 quod
2696 521 2802 559 non
2843 505 2913 560 sit
2951 504 3099 559 vultu
3130 505 3395 560 formosus
3421 544 3437 570 ,
3467 511 3611 575 quod

2024 611 2131 652 non
2171 597 2241 653 sit
2281 597 2587 668 proceriore
2624 606 2863 660 statttra,
2906 596 3050 667 quod
3091 612 3196 650 non
3237 596 3306 648 sit
3345 596 3609 649 volucris?

2023 688 2156 754 Quia
2195 686 2311 742 hace
2349 703 2381 742 a
2424 697 2614 742 natura
2653 688 3083 758 proﬁciscuntur.
3120 686 3260 756 Euge
3297 686 3432 740 liber
3463 696 3545 739 est
3578 703 3606 742 ιι

2023 780 2181 851 culpa
2205 790 2460 851 quantum
2485 779 2553 834 ad
2577 790 2778 835 natura:
2799 780 2946 842 vitia,
2975 794 3237 848 nemoque
3263 777 3361 831 ibit
3388 777 3608 831 inficias.

2024 871 2160 927 Cum
2184 887 2316 942 ergo
2339 887 2585 937 accusas,
2616 870 2856 927 ostendis
2882 883 3052 937 certe,
3085 871 3266 925 vitium
3295 886 3399 925 non
3427 886 3491 925 es
3522 885 3616 922 na—

2027 975 2145 1019 tura
2170 1004 2188 1030 ,
2226 964 2322 1019 sed
2358 980 2423 1018 ex
2464 965 2739 1019 voluntate
2778 964 3061 1033 pmiieisci.
3093 963 3224 1019 Nam
3266 966 3310 1017 si
3344 979 3468 1017 eum
3504 976 3615 1018 non

2025 1070 2360 1121 accusamus,
2383 1056 2731 1112 testificantur
2751 1066 2918 1112 totum
2938 1072 3060 1113 esse
3081 1066 3285 1112 naturas
3303 1056 3615 1112 adscriben-

2026 1146 2186 1211 dum,
2219 1146 2391 1216 palam
2420 1153 2505 1202 est
2530 1145 2675 1215 quod
2700 1161 2824 1201 cum
2855 1147 3191 1215 increpatttus
3208 1186 3226 1213 ,
3252 1162 3317 1202 ex
3345 1146 3619 1203 νυιωιωω

2026 1238 2237 1307 culpam
2258 1251 2379 1297 esse
2397 1236 2754 1293 declaramus.
2780 1237 2857 1292 Ne
2876 1237 3055 1307 itaque
3075 1252 3320 1307 perversa
3342 1239 3617 1294 ratiocinia

2029 1327 2082 1381 in
2120 1326 2355 1384 medium
2387 1326 2584 1382 aﬂ‘eras
2607 1367 2622 1390 ,
2666 1343 2736 1382 ne
2772 1327 3098 1397 sophismata
3127 1337 3182 1382 et
3209 1326 3380 1382 nodos
3407 1342 3619 1382 aranea:

2031 1419 2151 1474 telis
2196 1418 2415 1473 viliores
2446 1436 2461 1472 :
2492 1417 2585 1473 sed
2629 1417 2696 1473 ad
2741 1418 2843 1473 hoc
2880 1432 3093 1472 rursum
3137 1417 3265 1472 mihi
3308 1420 3617 1486 responde:

2028 1510 2218 1567 Nonne
2243 1509 2489 1565 homines
2515 1524 2706 1565 omnes
2736 1509 2859 1564 iecit
2890 1509 3068 1565 Deus?
3101 1509 3156 1564 Id
3183 1509 3322 1577 apud
3345 1524 3534 1564 omnes
3563 1509 3619 1562 in

2029 1604 2280 1658 confesso
2306 1612 2410 1658 est.
2438 1602 2547 1656 Cur
2576 1616 2704 1672 ergo
2732 1617 2839 1656 non
2866 1616 3055 1657 omnes
3085 1600 3377 1657 secundum
3408 1601 3619 1655 virtutis

2029 1707 2087 1751 et
2124 1696 2235 1750 vitii
2281 1696 2542 1750 rationem
2585 1693 2817 1763 aequales
2855 1692 3021 1748 sunt?
3061 1692 3202 1749 unde
3238 1692 3300 1746 fit
3339 1702 3396 1746 ut
3424 1692 3479 1746 lti
3510 1691 3621 1747 sint

2030 1788 2176 1854 boui,
2205 1786 2351 1856 probi
2373 1793 2429 1842 et
2452 1784 2721 1841 modesti?
2747 1784 2887 1840 unde
2914 1786 2972 1839 iit
2999 1793 3057 1839 ut
3077 1784 3130 1838 hi
3150 1785 3260 1839 sitit
3287 1784 3413 1839 ntali
3438 1793 3493 1839 et
3519 1784 3622 1839 itu-

2032 1878 2224 1948 probi?
2251 1876 2384 1933 Nam
2423 1877 2468 1933 si
2502 1877 2555 1932 in
2585 1874 2671 1932 his
2710 1890 2820 1931 non
2849 1876 3123 1930 voluntate
3156 1889 3293 1945 opus
3316 1883 3442 1940 est,
3479 1882 3536 1929 et
3571 1889 3637 1931 st.

2032 1971 2147 2026 ha'e
2173 1980 2358 2025 natura
2388 1979 2535 2036 sunt,
2565 1984 2662 2024 cur
2689 1967 2743 2022 hi
2766 1966 3037 2033 virtutem,
3061 1967 3152 2022 alii
3178 1966 3363 2022 vitium
3387 1981 3620 2036 sequun-

2032 2071 2117 2117 ιω·
2135 2063 2159 2117 ?
2180 2061 2314 2118 Nam
2341 2063 2386 2116 si
2413 2076 2602 2117 omnes
2631 2070 2820 2116 natura
2850 2061 2976 2117 mali
3004 2070 3219 2124 essent,
3253 2074 3415 2115 uento
3441 2070 3621 2129 posset

2030 2172 2151 2213 esse
2190 2158 2395 2222 bonus;
2435 2165 2492 2212 et
2528 2156 2574 2210 si
2613 2169 2802 2211 oumes
2832 2164 3021 2210 natura
3060 2155 3219 2217 boni,
3253 2167 3412 2208 ruente
3440 2160 3621 2223 posset

2030 2264 2151 2305 esse
2190 2248 2381 2304 malus.
2421 2248 2476 2303 Si
2511 2247 2810 2302 communis
2848 2255 2932 2301 est
2970 2256 3158 2300 natura
3200 2245 3474 2299 hominum
3504 2259 3621 2297 ont-

2031 2339 2202 2406 ninm,
2228 2337 2523 2394 secundum
2550 2337 2657 2391 hoc
2673 2337 2955 2407 oportebat
2974 2350 3163 2391 omnes
3189 2336 3436 2390 homines
3456 2351 3620 2388 ttnum

2030 2440 2086 2485 et
2112 2432 2249 2485 idem
2277 2445 2400 2485 esse
2420 2470 2437 2497 ,
2469 2445 2567 2484 seu
2595 2430 2767 2484 bonos
2791 2430 3035 2497 scilicet,
3070 2444 3165 2484 seu
3192 2429 3380 2485 malos.
3408 2429 3464 2485 Si
3492 2443 3623 2484 vero

2031 2522 2292 2588 dicamus,
2321 2538 2387 2576 ex
2418 2530 2603 2576 natura
2634 2527 2752 2576 esse
2777 2523 2917 2589 quod
2946 2522 2998 2576 hi
3026 2522 3149 2577 boni
3169 2562 3185 2585 ,
3217 2522 3290 2576 illi
3323 2521 3445 2575 ntali
3471 2521 3580 2575 sint
3600 2561 3617 2586 ,

2031 2612 2173 2683 quod
2193 2619 2338 2667 esset
2361 2604 2555 2666 ratibni
2582 2612 2865 2673 absonum,
2893 2620 2951 2667 ut
2970 2611 3323 2676 ostendimus,
3349 2619 3622 2680 olmrteret

2032 2702 2150 2760 hac
2169 2702 2462 2759 immobilia
2482 2717 2605 2759 esse
2623 2717 2640 2769 ;
2664 2705 2922 2758 naturalia
2943 2703 3138 2774 quippe
3160 2712 3287 2758 sunt
3306 2702 3597 2756 immobilia

2036 2799 2152 2858 Hoc
2163 2818 2292 2858 vero
2306 2801 2625 2857 consideres
2638 2799 2817 2853 velim.
2833 2788 3091 2850 Mortales
3103 2809 3296 2849 omnes
3307 2804 3438 2847 sunt
3451 2794 3621 2845 etiam

2036 2892 2344 2966 passibiles,
2381 2906 2646 2960 nemoque
2676 2896 2846 2958 potest
2881 2885 3232 2955 impassibilis
3260 2898 3405 2947 esse,
3427 2883 3622 2950 etiam-

2034 2986 2082 3042 si
2135 2984 2333 3039 millies
2381 2982 2694 3036 contendat.
2744 2978 2900 3032 Nunc
2935 2992 3062 3032 vero
3121 2976 3320 3030 multos
3365 2974 3617 3027 videmus

2032 3070 2100 3132 ex
2129 3075 2289 3130 bonis
2324 3073 2623 3142 improbos,
2666 3080 2720 3126 et
2746 3084 2810 3125 ex
2841 3068 3103 3138 improbis
3137 3068 3308 3122 bonos
3351 3056 3465 3119 ﬁeri
3486 3104 3501 3129 ,
3551 3064 3617 3117 il-

2032 3166 2118 3223 los
2152 3165 2499 3237 negligentia,
2536 3163 2636 3218 hos
2680 3176 2812 3215 vero
2846 3160 3167 3232 diligentia:
3194 3158 3340 3228 quod
3378 3156 3618 3210 maxime

2033 3261 2228 3332 probat
2249 3260 2300 3314 id
2325 3274 2432 3313 non
2460 3273 2582 3313 esse
2605 3265 2830 3310 naturai.
2854 3254 3132 3309 Naturalia
3155 3252 3356 3323 quippe
3377 3265 3475 3304 nec
3494 3264 3617 3302 tun-

2032 3362 2241 3415 tantnr,
2282 3364 2459 3419 neque
2490 3348 2767 3417 diligentia
2797 3360 2934 3416 Opus
2963 3345 3187 3408 habent,
3231 3352 3292 3397 ut
3323 3340 3615 3409 acquirat)-

2031 3454 2139 3499 tur.
2173 3440 2245 3498 Ut
2279 3441 2422 3496 enim
2463 3441 2528 3494 ad
2557 3440 2848 3494 videndum
2891 3450 2942 3490 et
2973 3437 3302 3492 audiendum
3333 3449 3441 3489 non
3474 3448 3616 3503 opus
3714 3436 3725 3444 ‘

2028 3542 2114 3591 est
2143 3533 2351 3595 labore,
2393 3532 2472 3586 sic
2524 3545 2623 3583 nec
2654 3528 2707 3582 in
2747 3528 2969 3582 colenda
3014 3526 3213 3581 virtute
3249 3525 3449 3579 sudore
3474 3538 3616 3591 opus

2028 3636 2196 3691 esset,
2235 3624 2281 3680 si
2334 3624 2421 3678 illa
2452 3640 2517 3679 ex
2546 3633 2736 3678 natura
2776 3624 2934 3677 nobis
2973 3620 3136 3674 insita
3167 3627 3332 3675 esset.
3367 3616 3480 3670 Cur
3508 3629 3609 3668 au-

2031 3723 2138 3769 tem
2162 3713 2337 3768 malos
2365 3713 2603 3778 fecisset,
2623 3728 2749 3769 cum
2774 3722 2953 3782 posset
2974 3723 3167 3762 omnes
3199 3699 3371 3761 bonos
3394 3704 3614 3760 facere?

2028 3803 2185 3861 Unde
2239 3820 2370 3878 ergo
2418 3804 2597 3861 mala?
2641 3804 2854 3875 inquies
2888 3805 2929 3858 '.
2976 3800 3232 3870 Teipsum
3286 3798 3608 3867 interroga:

2029 3910 2211 3951 meum
2248 3895 2447 3966 quippe
2488 3904 2575 3950 est
2612 3894 2936 3953 ostendere.
2980 3892 3067 3946 illa
3113 3905 3212 3944 nec
3264 3904 3331 3942 ex
3370 3896 3561 3941 natura
3590 3927 3609 3952 ,

2029 4002 2131 4043 nec
2158 4002 2191 4043 a
2227 3987 2336 4040 Deo
2372 4002 2514 4041 essr.
2548 3985 2690 4056 Ergo
2721 3984 2898 4040 casu?
2927 3981 3158 4053 inquies.
3194 3979 3434 4033 Minime.
3467 3977 3607 4031 Nunt

2026 4076 2307 4151 ingenita?
2340 4076 2489 4131 Bona
2531 4076 2715 4139 verba,
2754 4088 2964 4144 quaeso,
2985 4086 3021 4127 ο
3053 4073 3237 4133 homo,
3285 4086 3314 4124 a
3349 4078 3496 4123 tanta
3530 4068 3613 4122 in-

2029 4171 2185 4227 sania
2214 4168 2442 4240 gradum
2471 4182 2688 4229 revoca,
2721 4176 2778 4219 ut
2800 4167 3008 4219 honore
3037 4179 3151 4217 uno
3186 4161 3354 4215 Deum
3385 4169 3441 4215 et
3466 4161 3606 4214 mala

2024 4261 2175 4317 colas
2204 4270 2367 4331 atque
2399 4261 2606 4314 honore
2639 4270 2903 4328 superno.
2938 4254 3071 4308 Nam
3121 4254 3165 4309 si
3201 4253 3461 4323 ingenita,
3495 4251 3607 4304 for-

2024 4356 2097 4411 tia
2139 4366 2192 4411 et
2227 4355 2449 4409 immota
2477 4352 2673 4422 utique
2692 4358 2877 4413 erunt,
2909 4362 3088 4418 neque
3138 4355 3395 4416 poterunt
3426 4345 3605 4409 avelli,

2022 4462 2199 4517 neque
2222 4445 2289 4500 ad
2328 4445 2561 4499 nihilum
2593 4441 2760 4511 redigi
2798 4458 2813 4496 :
2845 4455 2970 4494 nam
3001 4439 3144 4508 quod
3167 4439 3469 4507 ingenitum
3498 4447 3604 4502 est,

2019 4540 2198 4611 perire
2235 4555 2343 4593 nou
2376 4552 2556 4609 posse,
2589 4539 2790 4607 cuique
2823 4533 3173 4591 manifestum
3210 4544 3314 4588 est.

2090 4630 2142 4687 5.
2185 4628 2342 4686 Unde
2376 4630 2434 4685 fit
2455 4639 2513 4683 ut
2542 4641 2621 4685 tot
2654 4630 2763 4685 sint
2787 4629 2936 4695 boni,
2956 4629 3005 4684 si
3025 4627 3225 4682 malum
3257 4634 3459 4679 tantam
3494 4625 3602 4678 vim

2020 4720 2259 4775 habeat?
2279 4721 2557 4791 quomodo
2587 4719 2752 4790 geniti
2776 4718 2854 4774 illi
2887 4718 3128 4788 ingenito
3156 4727 3287 4772 sunt
3311 4713 3607 4769 fortiores?

2021 4812 2126 4867 Sed
2157 4811 2319 4878 Deus,
2357 4812 2592 4882 inquies,
2624 4812 2714 4865 illa
2748 4811 2979 4866 auferet.
3018 4808 3286 4875 Quando?
3316 4806 3603 4879 Quamodo

2025 4914 2207 4959 autem
2232 4903 2322 4958 illa
2349 4904 2581 4968 auferet,
2607 4903 2820 4973 siparis
2837 4902 2948 4957 sint
2975 4900 3222 4967 honoris,
3243 4897 3600 4961 fortitudinis,

2016 4995 2337 5054 vetustatis?
2352 4998 2546 5065 utquis
2559 4996 2778 5051 dixerit.
2799 4994 2844 5050 Ο
2858 4994 3060 5049 diaboli
3078 4993 3398 5063 nequitiam!
3419 5006 3600 5057 quan-

2015 5093 2132 5141 tum
2161 5085 2371 5142 invenit
2397 5085 2638 5140 malum!
2674 5100 2786 5155 quo
2819 5083 3175 5155 blasphemia:
3195 5096 3393 5153 genere
3427 5080 3598 5133 Deum

2078 5295 2097 5328 ι
2125 5292 2306 5344 Totum
2347 5292 2512 5341 locum
2548 5291 2697 5355 longe
2742 5285 2972 5355 pluribus
3013 5296 3303 5355 capt-essum
3338 5282 3411 5355 sic
3444 5283 3597 5333 habet

2012 5356 2177 5407 Codex
2222 5368 2388 5405 unus:
2420 5357 2519 5405 Cur
2558 5350 2669 5402 illos
2692 5350 2847 5400 malos
2871 5350 3077 5410 fecisset,
3090 5357 3210 5410 eum
3241 5350 3405 5410 posset
3430 5356 3599 5410 omnes

2013 5404 2394 5480 facere?
2430 5404 2572 5480 Certe
2599 5414 2753 5480 malos
2778 5404 2879 5480 non
2900 5408 3011 5473 fecit
3025 5422 3052 5480 ;_
3065 5404 3251 5480 duplici
3264 5406 3402 5480 enim

2011 5470 2248 5540 obnoxius
2273 5482 2395 5528 esset
2416 5489 2432 5526 :
2454 5473 2651 5540 primo._
2672 5475 2715 5523 si
2750 5470 2909 5540 mulos
2930 5470 3273 5540 produxisset;
3302 5470 3528 5535 secundo,
3553 5470 3598 5514 si

2012 5537 2141 5589 alios
2179 5538 2343 5594 bonos.
2385 5533 2513 5587 nubs
2552 5538 2725 5595 nullos,
2765 5533 2984 5594 illudque
3005 5536 3183 5595 lentae
3202 5534 3254 5595 et
3279 5533 3550 5595 sincerum
3576 5539 3595 5578 .'

2047 5614 2234 5651 uernam
2256 5592 2384 5651 enim
2408 5598 2456 5647 in
2474 5612 2533 5647 ea
2557 5612 2606 5647 re
2626 5592 2755 5659 (equi
2781 5592 2982 5659 bonique
3008 5592 3167 5659 ratiq?
3197 5592 3337 5659 Unde
3351 5603 3470 5659 ergq
3490 5603 3597 5659 mn-

2047 5614 2234 5651 uernam
2256 5613 2384 5651 enim
2408 5613 2456 5647 m
2474 5613 2533 5647 ea
2557 5613 2606 5647 re
2626 5613 2755 5659 wqm
2781 5613 2982 5659 nouaque
3008 5613 3161 5642 rtuw.’
3197 5613 3336 5641 unus
3351 5613 3470 5655 ergo
3490 5613 3595 5639 rius-

2009 5613 2099 5712 ZJ?
2125 5659 2330 5726 inquies.
2356 5660 2568 5726 Verum,
2588 5672 2697 5726 cum
2725 5661 3080 5726 tittus__t_ant_tun
3110 5654 3370 5726 f'odelzmsic
3396 5652 3595 5712 habeat,

2012 5714 2220 5775 Caeteros
2241 5724 2509 5785 sequimur.
2535 5714 2632 5772 Ct’r.
2659 5721 2833 5771 Δαναοί.
2860 5716 3002 5768 Fietd
3022 5718 3080 5764 ad
3101 5729 3211 5777 pag.
