  <div class='ocr_page' id='page_1' title='image "/cluster/home/n/w/nwhite01/storage/ocr_20150623/58:no.7:pt.2/coo.31924054869585/120.png"; bbox 0 0 4034 6392; ppageno 0'>
   <div class='ocr_carea' id='block_1_1' title="bbox 270 371 372 430">
    <p class='ocr_par' dir='ltr' id='par_1_1' title="bbox 270 371 372 430">
     <span class='ocr_line' id='line_1_1' title="bbox 270 371 372 430; baseline -0.059 -1"><span class='ocrx_word' id='word_1_1' title='bbox 270 372 332 430; x_wconf 74' lang='lat'><strong>57</strong></span> <span class='ocrx_word' id='word_1_2' title='bbox 343 371 372 424; x_wconf 83' lang='grc'><strong>’7</strong></span> 
     </span>
    </p>
   </div>
   <div class='ocr_carea' id='block_1_2' title="bbox 266 465 1849 543">
    <p class='ocr_par' dir='ltr' id='par_1_2' title="bbox 266 465 1849 543">
     <span class='ocr_line' id='line_1_2' title="bbox 266 465 1849 543; baseline -0.016 -1"><span class='ocrx_word' id='word_1_3' title='bbox 266 485 545 543; x_wconf 66' lang='lat' dir='ltr'><strong>involvere</strong></span> <span class='ocrx_word' id='word_1_4' title='bbox 561 477 770 532; x_wconf 88' lang='lat' dir='ltr'><strong>homini</strong></span> <span class='ocrx_word' id='word_1_5' title='bbox 797 475 1012 534; x_wconf 85' lang='lat' dir='ltr'><strong>suasit?</strong></span> <span class='ocrx_word' id='word_1_6' title='bbox 1048 473 1194 543; x_wconf 83' lang='lat' dir='ltr'><strong>quali</strong></span> <span class='ocrx_word' id='word_1_7' title='bbox 1229 470 1447 541; x_wconf 88' lang='lat' dir='ltr'><strong>pietatis</strong></span> <span class='ocrx_word' id='word_1_8' title='bbox 1476 467 1657 538; x_wconf 82' lang='lat' dir='ltr'><strong>specie</strong></span> <span class='ocrx_word' id='word_1_9' title='bbox 1687 465 1849 520; x_wconf 87' lang='lat' dir='ltr'><strong>aliam</strong></span> 
     </span>
    </p>
   </div>
   <div class='ocr_carea' id='block_1_3' title="bbox 273 556 1851 644">
    <p class='ocr_par' dir='ltr' id='par_1_3' title="bbox 273 556 1851 644">
     <span class='ocr_line' id='line_1_3' title="bbox 273 556 1851 644; baseline -0.013 -14"><span class='ocrx_word' id='word_1_10' title='bbox 273 575 650 644; x_wconf 79' lang='lat' dir='ltr'><strong>blasplu-mam</strong></span> <span class='ocrx_word' id='word_1_11' title='bbox 673 570 937 623; x_wconf 87' lang='lat' dir='ltr'><strong>rationem</strong></span> <span class='ocrx_word' id='word_1_12' title='bbox 960 565 1283 628; x_wconf 70' lang='lat' dir='ltr'><strong>excogitavit</strong></span> <span class='ocrx_word' id='word_1_13' title='bbox 1301 565 1314 616; x_wconf 86' lang='lat' dir='ltr'><strong>l</strong></span> <span class='ocrx_word' id='word_1_14' title='bbox 1331 562 1469 616; x_wconf 84' lang='lat' dir='ltr'><strong>Cum</strong></span> <span class='ocrx_word' id='word_1_15' title='bbox 1488 560 1690 613; x_wconf 75' lang='lat' dir='ltr'><strong>vellent</strong></span> <span class='ocrx_word' id='word_1_16' title='bbox 1705 556 1851 611; x_wconf 85' lang='lat' dir='ltr'><strong>enim</strong></span> 
     </span>
    </p>
   </div>
   <div class='ocr_carea' id='block_1_4' title="bbox 259 645 1852 727">
    <p class='ocr_par' dir='ltr' id='par_1_4' title="bbox 259 645 1852 727">
     <span class='ocr_line' id='line_1_4' title="bbox 259 645 1852 727; baseline -0.018 -2"><span class='ocrx_word' id='word_1_17' title='bbox 259 667 551 725; x_wconf 82' lang='lat' dir='ltr'><strong>ostendere</strong></span> <span class='ocrx_word' id='word_1_18' title='bbox 573 703 588 727; x_wconf 94' lang='lat'><strong>,</strong></span> <span class='ocrx_word' id='word_1_19' title='bbox 630 658 832 716; x_wconf 84' lang='lat' dir='ltr'><strong>malum</strong></span> <span class='ocrx_word' id='word_1_20' title='bbox 870 669 977 711; x_wconf 88' lang='lat' dir='ltr'><strong>non</strong></span> <span class='ocrx_word' id='word_1_21' title='bbox 1003 651 1074 707; x_wconf 88' lang='lat' dir='ltr'><strong>ab</strong></span> <span class='ocrx_word' id='word_1_22' title='bbox 1110 650 1227 721; x_wconf 92' lang='lat' dir='ltr'><strong>ipso</strong></span> <span class='ocrx_word' id='word_1_23' title='bbox 1263 645 1554 717; x_wconf 88' lang='lat' dir='ltr'><strong>procedere</strong></span> <span class='ocrx_word' id='word_1_24' title='bbox 1575 683 1593 711; x_wconf 96' lang='lat'><strong>,</strong></span> <span class='ocrx_word' id='word_1_25' title='bbox 1630 657 1852 713; x_wconf 90' lang='lat' dir='ltr'><strong>pravum</strong></span> 
     </span>
    </p>
   </div>
   <div class='ocr_carea' id='block_1_5' title="bbox 260 737 1850 823">
    <p class='ocr_par' dir='ltr' id='par_1_5' title="bbox 260 737 1850 823">
     <span class='ocr_line' id='line_1_5' title="bbox 260 737 1850 823; baseline -0.014 -11"><span class='ocrx_word' id='word_1_26' title='bbox 260 757 406 814; x_wconf 94' lang='lat' dir='ltr'><strong>aliud</strong></span> <span class='ocrx_word' id='word_1_27' title='bbox 442 756 633 823; x_wconf 83' lang='lat' dir='ltr'><strong>dogma</strong></span> <span class='ocrx_word' id='word_1_28' title='bbox 672 751 990 804; x_wconf 85' lang='lat' dir='ltr'><strong>invexeruut</strong></span> <span class='ocrx_word' id='word_1_29' title='bbox 1012 784 1028 811; x_wconf 92' lang='lat'><strong>,</strong></span> <span class='ocrx_word' id='word_1_30' title='bbox 1059 739 1287 798; x_wconf 89' lang='lat' dir='ltr'><strong>dicendo</strong></span> <span class='ocrx_word' id='word_1_31' title='bbox 1325 737 1558 809; x_wconf 88' lang='lat' dir='ltr'><strong>ingenita</strong></span> <span class='ocrx_word' id='word_1_32' title='bbox 1592 737 1682 791; x_wconf 89' lang='lat' dir='ltr'><strong>illa</strong></span> <span class='ocrx_word' id='word_1_33' title='bbox 1709 749 1850 790; x_wconf 89' lang='lat' dir='ltr'><strong>esse.</strong></span> 
     </span>
    </p>
   </div>
   <div class='ocr_carea' id='block_1_6' title="bbox 261 826 1857 915">
    <p class='ocr_par' dir='ltr' id='par_1_6' title="bbox 261 826 1857 915">
     <span class='ocr_line' id='line_1_6' title="bbox 261 826 1857 915; baseline -0.016 -9"><span class='ocrx_word' id='word_1_34' title='bbox 261 848 422 906; x_wconf 84' lang='lat' dir='ltr'><strong>Unde</strong></span> <span class='ocrx_word' id='word_1_35' title='bbox 467 846 625 915; x_wconf 88' lang='lat' dir='ltr'><strong>igitur</strong></span> <span class='ocrx_word' id='word_1_36' title='bbox 652 837 830 896; x_wconf 85' lang='lat' dir='ltr'><strong>mala?</strong></span> <span class='ocrx_word' id='word_1_37' title='bbox 874 834 1105 906; x_wconf 81' lang='lat' dir='ltr'><strong>inquies.</strong></span> <span class='ocrx_word' id='word_1_38' title='bbox 1152 832 1231 887; x_wconf 87' lang='lat' dir='ltr'><strong>Ex</strong></span> <span class='ocrx_word' id='word_1_39' title='bbox 1261 845 1330 886; x_wconf 91' lang='lat' dir='ltr'><strong>eo</strong></span> <span class='ocrx_word' id='word_1_40' title='bbox 1355 828 1497 899; x_wconf 89' lang='lat' dir='ltr'><strong>quod</strong></span> <span class='ocrx_word' id='word_1_41' title='bbox 1526 835 1610 883; x_wconf 90' lang='lat' dir='ltr'><strong>est</strong></span> <span class='ocrx_word' id='word_1_42' title='bbox 1635 826 1775 883; x_wconf 84' lang='lat' dir='ltr'><strong>velle</strong></span> <span class='ocrx_word' id='word_1_43' title='bbox 1800 834 1857 880; x_wconf 89' lang='lat' dir='ltr'><strong>et</strong></span> 
     </span>
    </p>
   </div>
   <div class='ocr_carea' id='block_1_7' title="bbox 262 915 1852 1003">
    <p class='ocr_par' dir='ltr' id='par_1_7' title="bbox 262 915 1852 1003">
     <span class='ocr_line' id='line_1_7' title="bbox 262 915 1852 1003; baseline -0.016 -9"><span class='ocrx_word' id='word_1_44' title='bbox 262 939 426 994; x_wconf 92' lang='lat' dir='ltr'><strong>nolle.</strong></span> <span class='ocrx_word' id='word_1_45' title='bbox 444 935 551 991; x_wconf 88' lang='lat' dir='ltr'><strong>Sed</strong></span> <span class='ocrx_word' id='word_1_46' title='bbox 572 933 745 1003; x_wconf 91' lang='lat' dir='ltr'><strong>ipsum</strong></span> <span class='ocrx_word' id='word_1_47' title='bbox 768 924 906 983; x_wconf 82' lang='lat' dir='ltr'><strong>velle</strong></span> <span class='ocrx_word' id='word_1_48' title='bbox 919 937 975 982; x_wconf 91' lang='lat' dir='ltr'><strong>et</strong></span> <span class='ocrx_word' id='word_1_49' title='bbox 995 922 1136 980; x_wconf 81' lang='lat' dir='ltr'><strong>nolle</strong></span> <span class='ocrx_word' id='word_1_50' title='bbox 1150 918 1448 977; x_wconf 86' lang='lat' dir='ltr'><strong>undenam?</strong></span> <span class='ocrx_word' id='word_1_51' title='bbox 1463 919 1504 973; x_wconf 80' lang='grc' dir='ltr'><strong>Α</strong></span> <span class='ocrx_word' id='word_1_52' title='bbox 1529 917 1683 972; x_wconf 90' lang='lat' dir='ltr'><strong>nobis</strong></span> <span class='ocrx_word' id='word_1_53' title='bbox 1703 915 1852 985; x_wconf 83' lang='lat' dir='ltr'><strong>ipsis.</strong></span> 
     </span>
    </p>
   </div>
   <div class='ocr_carea' id='block_1_8' title="bbox 265 1006 1856 1097">
    <p class='ocr_par' dir='ltr' id='par_1_8' title="bbox 265 1006 1856 1097">
     <span class='ocr_line' id='line_1_8' title="bbox 265 1006 1856 1097; baseline -0.012 -16"><span class='ocrx_word' id='word_1_54' title='bbox 265 1030 316 1083; x_wconf 89' lang='lat' dir='ltr'><strong>td</strong></span> <span class='ocrx_word' id='word_1_55' title='bbox 346 1029 524 1097; x_wconf 90' lang='lat' dir='ltr'><strong>ipsum</strong></span> <span class='ocrx_word' id='word_1_56' title='bbox 546 1024 677 1078; x_wconf 89' lang='lat' dir='ltr'><strong>facis</strong></span> <span class='ocrx_word' id='word_1_57' title='bbox 698 1035 765 1077; x_wconf 89' lang='lat' dir='ltr'><strong>ac</strong></span> <span class='ocrx_word' id='word_1_58' title='bbox 788 1020 834 1076; x_wconf 93' lang='lat' dir='ltr'><strong>si</strong></span> <span class='ocrx_word' id='word_1_59' title='bbox 857 1028 1151 1086; x_wconf 54' lang='lat' dir='ltr'><strong>quaeres,</strong></span> <span class='ocrx_word' id='word_1_60' title='bbox 1174 1012 1452 1070; x_wconf 88' lang='lat' dir='ltr'><strong>Undeuam</strong></span> <span class='ocrx_word' id='word_1_61' title='bbox 1480 1007 1656 1080; x_wconf 89' lang='lat' dir='ltr'><strong>prodit</strong></span> <span class='ocrx_word' id='word_1_62' title='bbox 1673 1006 1856 1062; x_wconf 88' lang='lat' dir='ltr'><strong>videre</strong></span> 
     </span>
    </p>
   </div>
   <div class='ocr_carea' id='block_1_9' title="bbox 264 1096 1852 1176">
    <p class='ocr_par' dir='ltr' id='par_1_9' title="bbox 264 1096 1852 1176">
     <span class='ocr_line' id='line_1_9' title="bbox 264 1096 1852 1176; baseline -0.016 -1"><span class='ocrx_word' id='word_1_63' title='bbox 264 1130 318 1175; x_wconf 92' lang='lat' dir='ltr'><strong>et</strong></span> <span class='ocrx_word' id='word_1_64' title='bbox 344 1096 456 1173; x_wconf 87' lang='lat' dir='ltr'><strong>non</strong></span> <span class='ocrx_word' id='word_1_65' title='bbox 483 1113 705 1171; x_wconf 86' lang='lat' dir='ltr'><strong>videre?</strong></span> <span class='ocrx_word' id='word_1_66' title='bbox 729 1125 817 1166; x_wconf 90' lang='lat' dir='ltr'><strong>me</strong></span> <span class='ocrx_word' id='word_1_67' title='bbox 841 1123 970 1165; x_wconf 88' lang='lat' dir='ltr'><strong>vero</strong></span> <span class='ocrx_word' id='word_1_68' title='bbox 997 1102 1378 1176; x_wconf 86' lang='lat' dir='ltr'><strong>respondente,</strong></span> <span class='ocrx_word' id='word_1_69' title='bbox 1410 1101 1486 1155; x_wconf 87' lang='lat' dir='ltr'><strong>Ex</strong></span> <span class='ocrx_word' id='word_1_70' title='bbox 1515 1113 1580 1156; x_wconf 86' lang='lat' dir='ltr'><strong>eo</strong></span> <span class='ocrx_word' id='word_1_71' title='bbox 1604 1096 1745 1169; x_wconf 93' lang='lat' dir='ltr'><strong>quod</strong></span> <span class='ocrx_word' id='word_1_72' title='bbox 1773 1106 1852 1151; x_wconf 89' lang='lat' dir='ltr'><strong>est</strong></span> 
     </span>
    </p>
   </div>
   <div class='ocr_carea' id='block_1_10' title="bbox 264 1191 1851 1265">
    <p class='ocr_par' dir='ltr' id='par_1_10' title="bbox 264 1191 1851 1265">
     <span class='ocr_line' id='line_1_10' title="bbox 264 1191 1851 1265; baseline -0.015 1"><span class='ocrx_word' id='word_1_73' title='bbox 264 1210 518 1265; x_wconf 89' lang='lat' dir='ltr'><strong>claudere</strong></span> <span class='ocrx_word' id='word_1_74' title='bbox 545 1215 600 1261; x_wconf 89' lang='lat' dir='ltr'><strong>et</strong></span> <span class='ocrx_word' id='word_1_75' title='bbox 628 1219 735 1260; x_wconf 91' lang='lat' dir='ltr'><strong>non</strong></span> <span class='ocrx_word' id='word_1_76' title='bbox 760 1200 1013 1258; x_wconf 85' lang='lat' dir='ltr'><strong>claudere</strong></span> <span class='ocrx_word' id='word_1_77' title='bbox 1047 1198 1234 1254; x_wconf 87' lang='lat' dir='ltr'><strong>oculos</strong></span> <span class='ocrx_word' id='word_1_78' title='bbox 1263 1213 1277 1249; x_wconf 89' lang='lat'><strong>:</strong></span> <span class='ocrx_word' id='word_1_79' title='bbox 1306 1207 1520 1250; x_wconf 89' lang='lat' dir='ltr'><strong>rursum</strong></span> <span class='ocrx_word' id='word_1_80' title='bbox 1549 1191 1851 1259; x_wconf 86' lang='lat' dir='ltr'><strong>interroga-</strong></span> 
     </span>
    </p>
   </div>
   <div class='ocr_carea' id='block_1_11' title="bbox 266 1281 1856 1370">
    <p class='ocr_par' dir='ltr' id='par_1_11' title="bbox 266 1281 1856 1370">
     <span class='ocr_line' id='line_1_11' title="bbox 266 1281 1856 1370; baseline -0.016 -10"><span class='ocrx_word' id='word_1_81' title='bbox 266 1319 352 1359; x_wconf 87' lang='lat' dir='ltr'><strong>res</strong></span> <span class='ocrx_word' id='word_1_82' title='bbox 376 1343 394 1369; x_wconf 93' lang='lat'><strong>,</strong></span> <span class='ocrx_word' id='word_1_83' title='bbox 428 1301 607 1370; x_wconf 89' lang='lat' dir='ltr'><strong>Ipsum</strong></span> <span class='ocrx_word' id='word_1_84' title='bbox 637 1294 888 1351; x_wconf 85' lang='lat' dir='ltr'><strong>claudere</strong></span> <span class='ocrx_word' id='word_1_85' title='bbox 921 1299 975 1347; x_wconf 92' lang='lat' dir='ltr'><strong>et</strong></span> <span class='ocrx_word' id='word_1_86' title='bbox 1013 1303 1119 1344; x_wconf 90' lang='lat' dir='ltr'><strong>non</strong></span> <span class='ocrx_word' id='word_1_87' title='bbox 1151 1284 1404 1342; x_wconf 79' lang='lat' dir='ltr'><strong>claudere</strong></span> <span class='ocrx_word' id='word_1_88' title='bbox 1437 1281 1621 1338; x_wconf 86' lang='lat' dir='ltr'><strong>unde?</strong></span> <span class='ocrx_word' id='word_1_89' title='bbox 1664 1292 1856 1349; x_wconf 90' lang='lat' dir='ltr'><strong>meque</strong></span> 
     </span>
    </p>
   </div>
   <div class='ocr_carea' id='block_1_12' title="bbox 265 1371 1855 1465">
    <p class='ocr_par' dir='ltr' id='par_1_12' title="bbox 265 1371 1855 1465">
     <span class='ocr_line' id='line_1_12' title="bbox 265 1371 1855 1465; baseline -0.017 -15"><span class='ocrx_word' id='word_1_90' title='bbox 265 1392 647 1465; x_wconf 88' lang='lat' dir='ltr'><strong>respondente,</strong></span> <span class='ocrx_word' id='word_1_91' title='bbox 667 1390 709 1443; x_wconf 90' lang='lat' dir='ltr'><strong>A</strong></span> <span class='ocrx_word' id='word_1_92' title='bbox 727 1385 884 1441; x_wconf 88' lang='lat' dir='ltr'><strong>nobis</strong></span> <span class='ocrx_word' id='word_1_93' title='bbox 902 1382 1034 1453; x_wconf 82' lang='lat' dir='ltr'><strong>ipsis</strong></span> <span class='ocrx_word' id='word_1_94' title='bbox 1052 1388 1110 1437; x_wconf 91' lang='lat' dir='ltr'><strong>et</strong></span> <span class='ocrx_word' id='word_1_95' title='bbox 1129 1394 1160 1434; x_wconf 93' lang='lat' dir='ltr'><strong>a</strong></span> <span class='ocrx_word' id='word_1_96' title='bbox 1182 1377 1460 1433; x_wconf 85' lang='lat' dir='ltr'><strong>voluntate</strong></span> <span class='ocrx_word' id='word_1_97' title='bbox 1475 1381 1681 1465; x_wconf 82' lang='lat' dir='ltr'><strong>nostra,</strong></span> <span class='ocrx_word' id='word_1_98' title='bbox 1697 1371 1855 1465; x_wconf 82' lang='lat' dir='ltr'><strong>aliam</strong></span> 
     </span>
    </p>
   </div>
   <div class='ocr_carea' id='block_1_13' title="bbox 266 1460 1851 1548">
    <p class='ocr_par' dir='ltr' id='par_1_13' title="bbox 266 1460 1851 1548">
     <span class='ocr_line' id='line_1_13' title="bbox 266 1460 1851 1548; baseline -0.018 -8"><span class='ocrx_word' id='word_1_99' title='bbox 266 1460 447 1540; x_wconf 72' lang='lat' dir='ltr'><strong>rursus</strong></span> <span class='ocrx_word' id='word_1_100' title='bbox 466 1494 682 1537; x_wconf 77' lang='lat' dir='ltr'><strong>causam</strong></span> <span class='ocrx_word' id='word_1_101' title='bbox 704 1489 992 1548; x_wconf 68' lang='lat' dir='ltr'><strong>quaereres.</strong></span> <span class='ocrx_word' id='word_1_102' title='bbox 1015 1470 1206 1525; x_wconf 83' lang='lat' dir='ltr'><strong>Malum</strong></span> <span class='ocrx_word' id='word_1_103' title='bbox 1224 1466 1420 1538; x_wconf 88' lang='lat' dir='ltr'><strong>quippe</strong></span> <span class='ocrx_word' id='word_1_104' title='bbox 1439 1462 1570 1518; x_wconf 85' lang='lat' dir='ltr'><strong>nihil</strong></span> <span class='ocrx_word' id='word_1_105' title='bbox 1589 1460 1729 1516; x_wconf 88' lang='lat' dir='ltr'><strong>aliud</strong></span> <span class='ocrx_word' id='word_1_106' title='bbox 1751 1466 1851 1539; x_wconf 76' lang='lat' dir='ltr'><strong>est,</strong></span> 
     </span>
    </p>
   </div>
   <div class='ocr_carea' id='block_1_14' title="bbox 266 1550 1857 1646">
    <p class='ocr_par' dir='ltr' id='par_1_14' title="bbox 266 1550 1857 1646">
     <span class='ocr_line' id='line_1_14' title="bbox 266 1550 1857 1646; baseline -0.016 -18"><span class='ocrx_word' id='word_1_107' title='bbox 266 1590 424 1646; x_wconf 88' lang='lat' dir='ltr'><strong>quam</strong></span> <span class='ocrx_word' id='word_1_108' title='bbox 456 1587 563 1627; x_wconf 90' lang='lat' dir='ltr'><strong>non</strong></span> <span class='ocrx_word' id='word_1_109' title='bbox 589 1567 808 1624; x_wconf 83' lang='lat' dir='ltr'><strong>obedire</strong></span> <span class='ocrx_word' id='word_1_110' title='bbox 835 1564 965 1618; x_wconf 89' lang='lat' dir='ltr'><strong>Deo.</strong></span> <span class='ocrx_word' id='word_1_111' title='bbox 992 1560 1296 1624; x_wconf 89' lang='lat' dir='ltr'><strong>Undeuam,</strong></span> <span class='ocrx_word' id='word_1_112' title='bbox 1323 1555 1553 1624; x_wconf 88' lang='lat' dir='ltr'><strong>inquies,</strong></span> <span class='ocrx_word' id='word_1_113' title='bbox 1577 1551 1682 1646; x_wconf 90' lang='lat' dir='ltr'><strong>hoc</strong></span> <span class='ocrx_word' id='word_1_114' title='bbox 1708 1550 1857 1646; x_wconf 57' lang='lat' dir='ltr'><strong>inve:</strong></span> 
     </span>
    </p>
   </div>
   <div class='ocr_carea' id='block_1_15' title="bbox 269 1641 1855 1727">
    <p class='ocr_par' dir='ltr' id='par_1_15' title="bbox 269 1641 1855 1727">
     <span class='ocr_line' id='line_1_15' title="bbox 269 1641 1855 1727; baseline -0.018 -4"><span class='ocrx_word' id='word_1_115' title='bbox 269 1641 346 1723; x_wconf 80' lang='lat' dir='ltr'><strong>nit</strong></span> <span class='ocrx_word' id='word_1_116' title='bbox 382 1665 579 1720; x_wconf 85' lang='lat' dir='ltr'><strong>homo?</strong></span> <span class='ocrx_word' id='word_1_117' title='bbox 602 1661 737 1716; x_wconf 86' lang='lat' dir='ltr'><strong>Nunt</strong></span> <span class='ocrx_word' id='word_1_118' title='bbox 764 1700 781 1727; x_wconf 96' lang='lat'><strong>,</strong></span> <span class='ocrx_word' id='word_1_119' title='bbox 807 1668 992 1727; x_wconf 63' lang='lat' dir='ltr'><strong>quaiso</strong></span> <span class='ocrx_word' id='word_1_120' title='bbox 1016 1694 1033 1721; x_wconf 95' lang='lat'><strong>,</strong></span> <span class='ocrx_word' id='word_1_121' title='bbox 1060 1649 1279 1707; x_wconf 90' lang='lat' dir='ltr'><strong>difticile</strong></span> <span class='ocrx_word' id='word_1_122' title='bbox 1302 1655 1419 1702; x_wconf 88' lang='lat' dir='ltr'><strong>erat</strong></span> <span class='ocrx_word' id='word_1_123' title='bbox 1444 1646 1545 1701; x_wconf 91' lang='lat' dir='ltr'><strong>hoc</strong></span> <span class='ocrx_word' id='word_1_124' title='bbox 1574 1641 1855 1698; x_wconf 85' lang='lat' dir='ltr'><strong>invenire?</strong></span> 
     </span>
    </p>
   </div>
   <div class='ocr_carea' id='block_1_16' title="bbox 265 1737 1857 1823">
    <p class='ocr_par' dir='ltr' id='par_1_16' title="bbox 265 1737 1857 1823">
     <span class='ocr_line' id='line_1_16' title="bbox 265 1737 1857 1823; baseline -0.015 -10"><span class='ocrx_word' id='word_1_125' title='bbox 265 1757 378 1814; x_wconf 80' lang='lat' dir='ltr'><strong>Non</strong></span> <span class='ocrx_word' id='word_1_126' title='bbox 405 1756 532 1810; x_wconf 85' lang='lat' dir='ltr'><strong>dico</strong></span> <span class='ocrx_word' id='word_1_127' title='bbox 557 1768 657 1823; x_wconf 79' lang='lat' dir='ltr'><strong>ego</strong></span> <span class='ocrx_word' id='word_1_128' title='bbox 680 1752 785 1805; x_wconf 91' lang='lat' dir='ltr'><strong>hoc</strong></span> <span class='ocrx_word' id='word_1_129' title='bbox 806 1746 1023 1804; x_wconf 88' lang='lat' dir='ltr'><strong>difticile</strong></span> <span class='ocrx_word' id='word_1_130' title='bbox 1048 1758 1198 1799; x_wconf 90' lang='lat' dir='ltr'><strong>esse:</strong></span> <span class='ocrx_word' id='word_1_131' title='bbox 1218 1740 1313 1797; x_wconf 84' lang='lat' dir='ltr'><strong>sed</strong></span> <span class='ocrx_word' id='word_1_132' title='bbox 1339 1737 1481 1795; x_wconf 87' lang='lat' dir='ltr'><strong>unde</strong></span> <span class='ocrx_word' id='word_1_133' title='bbox 1503 1737 1750 1793; x_wconf 90' lang='lat' dir='ltr'><strong>inductus</strong></span> <span class='ocrx_word' id='word_1_134' title='bbox 1772 1742 1857 1790; x_wconf 88' lang='lat' dir='ltr'><strong>est</strong></span> 
     </span>
    </p>
   </div>
   <div class='ocr_carea' id='block_1_17' title="bbox 267 1828 1857 1910">
    <p class='ocr_par' dir='ltr' id='par_1_17' title="bbox 267 1828 1857 1910">
     <span class='ocr_line' id='line_1_17' title="bbox 267 1828 1857 1910; baseline -0.014 -6"><span class='ocrx_word' id='word_1_135' title='bbox 267 1860 325 1904; x_wconf 90' lang='lat' dir='ltr'><strong>ut</strong></span> <span class='ocrx_word' id='word_1_136' title='bbox 348 1849 458 1903; x_wconf 83' lang='lat' dir='ltr'><strong>Deo</strong></span> <span class='ocrx_word' id='word_1_137' title='bbox 486 1861 593 1901; x_wconf 93' lang='lat' dir='ltr'><strong>non</strong></span> <span class='ocrx_word' id='word_1_138' title='bbox 613 1836 1048 1910; x_wconf 79' lang='lat' dir='ltr'><strong>obtemperaret?</strong></span> <span class='ocrx_word' id='word_1_139' title='bbox 1077 1834 1159 1890; x_wconf 86' lang='lat' dir='ltr'><strong>Ex</strong></span> <span class='ocrx_word' id='word_1_140' title='bbox 1189 1831 1418 1904; x_wconf 82' lang='lat' dir='ltr'><strong>ignavia.</strong></span> <span class='ocrx_word' id='word_1_141' title='bbox 1449 1828 1583 1885; x_wconf 83' lang='lat' dir='ltr'><strong>Nam</strong></span> <span class='ocrx_word' id='word_1_142' title='bbox 1610 1841 1733 1883; x_wconf 89' lang='lat' dir='ltr'><strong>cum</strong></span> <span class='ocrx_word' id='word_1_143' title='bbox 1759 1839 1857 1897; x_wconf 90' lang='lat' dir='ltr'><strong>pe-</strong></span> 
     </span>
    </p>
   </div>
   <div class='ocr_carea' id='block_1_18' title="bbox 274 1915 1855 1996">
    <p class='ocr_par' dir='ltr' id='par_1_18' title="bbox 274 1915 1855 1996">
     <span class='ocr_line' id='line_1_18' title="bbox 274 1915 1855 1996; baseline -0.016 0"><span class='ocrx_word' id='word_1_144' title='bbox 274 1955 366 1996; x_wconf 88' lang='lat' dir='ltr'><strong>nes</strong></span> <span class='ocrx_word' id='word_1_145' title='bbox 392 1938 547 1993; x_wconf 91' lang='lat' dir='ltr'><strong>illum</strong></span> <span class='ocrx_word' id='word_1_146' title='bbox 574 1943 720 1991; x_wconf 81' lang='lat' dir='ltr'><strong>esset</strong></span> <span class='ocrx_word' id='word_1_147' title='bbox 746 1931 815 1986; x_wconf 91' lang='lat' dir='ltr'><strong>ad</strong></span> <span class='ocrx_word' id='word_1_148' title='bbox 856 1927 1167 1986; x_wconf 87' lang='lat' dir='ltr'><strong>utrttndibet</strong></span> <span class='ocrx_word' id='word_1_149' title='bbox 1191 1923 1463 1979; x_wconf 90' lang='lat' dir='ltr'><strong>declinare</strong></span> <span class='ocrx_word' id='word_1_150' title='bbox 1482 1960 1502 1988; x_wconf 96' lang='lat'><strong>,</strong></span> <span class='ocrx_word' id='word_1_151' title='bbox 1529 1918 1597 1974; x_wconf 88' lang='lat' dir='ltr'><strong>ad</strong></span> <span class='ocrx_word' id='word_1_152' title='bbox 1627 1918 1731 1973; x_wconf 84' lang='lat' dir='ltr'><strong>hoc</strong></span> <span class='ocrx_word' id='word_1_153' title='bbox 1753 1915 1855 1972; x_wconf 85' lang='lat' dir='ltr'><strong>de-</strong></span> 
     </span>
    </p>
   </div>
   <div class='ocr_carea' id='block_1_19' title="bbox 266 2007 1854 2091">
    <p class='ocr_par' dir='ltr' id='par_1_19' title="bbox 266 2007 1854 2091">
     <span class='ocr_line' id='line_1_19' title="bbox 266 2007 1854 2091; baseline -0.015 -4"><span class='ocrx_word' id='word_1_154' title='bbox 266 2030 500 2087; x_wconf 81' lang='lat' dir='ltr'><strong>clinavit.</strong></span> <span class='ocrx_word' id='word_1_155' title='bbox 526 2026 586 2085; x_wconf 86' lang='lat' dir='ltr'><strong>Si</strong></span> <span class='ocrx_word' id='word_1_156' title='bbox 609 2034 786 2080; x_wconf 89' lang='lat' dir='ltr'><strong>autem</strong></span> <span class='ocrx_word' id='word_1_157' title='bbox 808 2034 1007 2091; x_wconf 89' lang='lat' dir='ltr'><strong>anceps</strong></span> <span class='ocrx_word' id='word_1_158' title='bbox 1029 2017 1206 2074; x_wconf 85' lang='lat' dir='ltr'><strong>adhuc</strong></span> <span class='ocrx_word' id='word_1_159' title='bbox 1231 2015 1314 2070; x_wconf 91' lang='lat' dir='ltr'><strong>his</strong></span> <span class='ocrx_word' id='word_1_160' title='bbox 1333 2011 1528 2068; x_wconf 82' lang='lat' dir='ltr'><strong>auditis</strong></span> <span class='ocrx_word' id='word_1_161' title='bbox 1552 2011 1607 2066; x_wconf 91' lang='lat' dir='ltr'><strong>in</strong></span> <span class='ocrx_word' id='word_1_162' title='bbox 1627 2007 1854 2079; x_wconf 77' lang='lat' dir='ltr'><strong>caligine</strong></span> 
     </span>
    </p>
   </div>
   <div class='ocr_carea' id='block_1_20' title="bbox 268 2100 1852 2189">
    <p class='ocr_par' dir='ltr' id='par_1_20' title="bbox 268 2100 1852 2189">
     <span class='ocr_line' id='line_1_20' title="bbox 268 2100 1852 2189; baseline -0.015 -12"><span class='ocrx_word' id='word_1_163' title='bbox 268 2120 491 2179; x_wconf 85' lang='lat' dir='ltr'><strong>versaris</strong></span> <span class='ocrx_word' id='word_1_164' title='bbox 512 2160 532 2188; x_wconf 93' lang='lat'><strong>,</strong></span> <span class='ocrx_word' id='word_1_165' title='bbox 562 2132 665 2189; x_wconf 90' lang='lat' dir='ltr'><strong>ego</strong></span> <span class='ocrx_word' id='word_1_166' title='bbox 694 2117 787 2171; x_wconf 87' lang='lat' dir='ltr'><strong>tibi</strong></span> <span class='ocrx_word' id='word_1_167' title='bbox 815 2112 1164 2185; x_wconf 72' lang='lat' dir='ltr'><strong>quzestionem</strong></span> <span class='ocrx_word' id='word_1_168' title='bbox 1199 2118 1492 2179; x_wconf 85' lang='lat' dir='ltr'><strong>proponam</strong></span> <span class='ocrx_word' id='word_1_169' title='bbox 1523 2116 1630 2158; x_wconf 93' lang='lat' dir='ltr'><strong>non</strong></span> <span class='ocrx_word' id='word_1_170' title='bbox 1656 2100 1852 2158; x_wconf 84' lang='lat' dir='ltr'><strong>diffici-</strong></span> 
     </span>
    </p>
   </div>
   <div class='ocr_carea' id='block_1_21' title="bbox 269 2192 1853 2280">
    <p class='ocr_par' dir='ltr' id='par_1_21' title="bbox 269 2192 1853 2280">
     <span class='ocr_line' id='line_1_21' title="bbox 269 2192 1853 2280; baseline -0.015 -11"><span class='ocrx_word' id='word_1_171' title='bbox 269 2213 368 2269; x_wconf 81' lang='lat' dir='ltr'><strong>lem</strong></span> <span class='ocrx_word' id='word_1_172' title='bbox 384 2224 486 2267; x_wconf 86' lang='lat' dir='ltr'><strong>nec</strong></span> <span class='ocrx_word' id='word_1_173' title='bbox 505 2208 856 2280; x_wconf 83' lang='lat' dir='ltr'><strong>implicatam,</strong></span> <span class='ocrx_word' id='word_1_174' title='bbox 875 2202 970 2258; x_wconf 89' lang='lat' dir='ltr'><strong>sed</strong></span> <span class='ocrx_word' id='word_1_175' title='bbox 992 2200 1287 2270; x_wconf 85' lang='lat' dir='ltr'><strong>simplicem</strong></span> <span class='ocrx_word' id='word_1_176' title='bbox 1302 2205 1357 2251; x_wconf 91' lang='lat' dir='ltr'><strong>et</strong></span> <span class='ocrx_word' id='word_1_177' title='bbox 1371 2195 1593 2250; x_wconf 89' lang='lat' dir='ltr'><strong>claram.</strong></span> <span class='ocrx_word' id='word_1_178' title='bbox 1613 2192 1853 2248; x_wconf 88' lang='lat' dir='ltr'><strong>Fuistine</strong></span> 
     </span>
    </p>
   </div>
   <div class='ocr_carea' id='block_1_22' title="bbox 265 2284 1849 2375">
    <p class='ocr_par' dir='ltr' id='par_1_22' title="bbox 265 2284 1849 2375">
     <span class='ocr_line' id='line_1_22' title="bbox 265 2284 1849 2375; baseline -0.014 -15"><span class='ocrx_word' id='word_1_179' title='bbox 265 2300 548 2375; x_wconf 74' lang='lat' dir='ltr'><strong>aliquando</strong></span> <span class='ocrx_word' id='word_1_180' title='bbox 584 2297 795 2356; x_wconf 84' lang='lat' dir='ltr'><strong>malus?</strong></span> <span class='ocrx_word' id='word_1_181' title='bbox 836 2294 1053 2350; x_wconf 85' lang='lat' dir='ltr'><strong>fuistine</strong></span> <span class='ocrx_word' id='word_1_182' title='bbox 1081 2287 1367 2361; x_wconf 86' lang='lat' dir='ltr'><strong>aliquando</strong></span> <span class='ocrx_word' id='word_1_183' title='bbox 1406 2285 1618 2342; x_wconf 85' lang='lat' dir='ltr'><strong>bonus?</strong></span> <span class='ocrx_word' id='word_1_184' title='bbox 1644 2284 1702 2339; x_wconf 87' lang='lat' dir='ltr'><strong>Id</strong></span> <span class='ocrx_word' id='word_1_185' title='bbox 1728 2291 1812 2340; x_wconf 88' lang='lat' dir='ltr'><strong>est</strong></span> <span class='ocrx_word' id='word_1_186' title='bbox 1832 2322 1849 2350; x_wconf 93' lang='lat'><strong>,</strong></span> 
     </span>
    </p>
   </div>
   <div class='ocr_carea' id='block_1_23' title="bbox 267 2379 1851 2465">
    <p class='ocr_par' dir='ltr' id='par_1_23' title="bbox 267 2379 1851 2465">
     <span class='ocr_line' id='line_1_23' title="bbox 267 2379 1851 2465; baseline -0.014 -12"><span class='ocrx_word' id='word_1_187' title='bbox 267 2411 386 2452; x_wconf 90' lang='lat' dir='ltr'><strong>num</strong></span> <span class='ocrx_word' id='word_1_188' title='bbox 412 2395 600 2465; x_wconf 85' lang='lat' dir='ltr'><strong>aliquo</strong></span> <span class='ocrx_word' id='word_1_189' title='bbox 624 2391 758 2447; x_wconf 84' lang='lat' dir='ltr'><strong>vitio</strong></span> <span class='ocrx_word' id='word_1_190' title='bbox 779 2387 1023 2459; x_wconf 85' lang='lat' dir='ltr'><strong>superior</strong></span> <span class='ocrx_word' id='word_1_191' title='bbox 1049 2385 1218 2450; x_wconf 86' lang='lat' dir='ltr'><strong>fuisti,</strong></span> <span class='ocrx_word' id='word_1_192' title='bbox 1246 2392 1302 2439; x_wconf 93' lang='lat' dir='ltr'><strong>et</strong></span> <span class='ocrx_word' id='word_1_193' title='bbox 1328 2389 1513 2452; x_wconf 86' lang='lat' dir='ltr'><strong>postea</strong></span> <span class='ocrx_word' id='word_1_194' title='bbox 1538 2380 1607 2435; x_wconf 90' lang='lat' dir='ltr'><strong>ab</strong></span> <span class='ocrx_word' id='word_1_195' title='bbox 1635 2379 1730 2434; x_wconf 90' lang='lat' dir='ltr'><strong>illo</strong></span> <span class='ocrx_word' id='word_1_196' title='bbox 1757 2392 1851 2433; x_wconf 87' lang='lat' dir='ltr'><strong>ca-</strong></span> 
     </span>
    </p>
   </div>
   <div class='ocr_carea' id='block_1_24' title="bbox 266 2473 1850 2559">
    <p class='ocr_par' dir='ltr' id='par_1_24' title="bbox 266 2473 1850 2559">
     <span class='ocr_line' id='line_1_24' title="bbox 266 2473 1850 2559; baseline -0.011 -16"><span class='ocrx_word' id='word_1_197' title='bbox 266 2498 380 2559; x_wconf 87' lang='lat' dir='ltr'><strong>ptus</strong></span> <span class='ocrx_word' id='word_1_198' title='bbox 409 2485 511 2543; x_wconf 83' lang='lat' dir='ltr'><strong>es?</strong></span> <span class='ocrx_word' id='word_1_199' title='bbox 541 2481 776 2541; x_wconf 89' lang='lat' dir='ltr'><strong>incidisti</strong></span> <span class='ocrx_word' id='word_1_200' title='bbox 801 2481 856 2537; x_wconf 86' lang='lat' dir='ltr'><strong>in</strong></span> <span class='ocrx_word' id='word_1_201' title='bbox 880 2479 1216 2545; x_wconf 86' lang='lat' dir='ltr'><strong>ebrietatem,</strong></span> <span class='ocrx_word' id='word_1_202' title='bbox 1244 2484 1299 2531; x_wconf 90' lang='lat' dir='ltr'><strong>et</strong></span> <span class='ocrx_word' id='word_1_203' title='bbox 1330 2482 1510 2544; x_wconf 87' lang='lat' dir='ltr'><strong>postea</strong></span> <span class='ocrx_word' id='word_1_204' title='bbox 1538 2473 1641 2528; x_wconf 90' lang='lat' dir='ltr'><strong>hoc</strong></span> <span class='ocrx_word' id='word_1_205' title='bbox 1665 2473 1850 2527; x_wconf 86' lang='lat' dir='ltr'><strong>vitium</strong></span> 
     </span>
    </p>
   </div>
   <div class='ocr_carea' id='block_1_25' title="bbox 264 2562 1853 2648">
    <p class='ocr_par' dir='ltr' id='par_1_25' title="bbox 264 2562 1853 2648">
     <span class='ocr_line' id='line_1_25' title="bbox 264 2562 1853 2648; baseline -0.011 -15"><span class='ocrx_word' id='word_1_206' title='bbox 264 2576 548 2648; x_wconf 84' lang='lat' dir='ltr'><strong>depulisti?</strong></span> <span class='ocrx_word' id='word_1_207' title='bbox 569 2576 738 2630; x_wconf 89' lang='lat' dir='ltr'><strong>iratus</strong></span> <span class='ocrx_word' id='word_1_208' title='bbox 758 2587 840 2639; x_wconf 88' lang='lat' dir='ltr'><strong>es,</strong></span> <span class='ocrx_word' id='word_1_209' title='bbox 865 2578 923 2628; x_wconf 91' lang='lat' dir='ltr'><strong>et</strong></span> <span class='ocrx_word' id='word_1_210' title='bbox 946 2577 1130 2640; x_wconf 88' lang='lat' dir='ltr'><strong>postea</strong></span> <span class='ocrx_word' id='word_1_211' title='bbox 1160 2565 1315 2621; x_wconf 83' lang='lat' dir='ltr'><strong>irasci</strong></span> <span class='ocrx_word' id='word_1_212' title='bbox 1342 2564 1544 2620; x_wconf 88' lang='lat' dir='ltr'><strong>desiisti</strong></span> <span class='ocrx_word' id='word_1_213' title='bbox 1565 2579 1581 2630; x_wconf 89' lang='lat'><strong>;</strong></span> <span class='ocrx_word' id='word_1_214' title='bbox 1604 2562 1853 2632; x_wconf 84' lang='lat' dir='ltr'><strong>despexi-</strong></span> 
     </span>
    </p>
   </div>
   <div class='ocr_carea' id='block_1_26' title="bbox 266 2657 1849 2738">
    <p class='ocr_par' dir='ltr' id='par_1_26' title="bbox 266 2657 1849 2738">
     <span class='ocr_line' id='line_1_26' title="bbox 266 2657 1849 2738; baseline -0.011 -14"><span class='ocrx_word' id='word_1_215' title='bbox 266 2668 331 2724; x_wconf 88' lang='lat' dir='ltr'><strong>sti</strong></span> <span class='ocrx_word' id='word_1_216' title='bbox 350 2680 663 2738; x_wconf 83' lang='lat' dir='ltr'><strong>pauperem,</strong></span> <span class='ocrx_word' id='word_1_217' title='bbox 679 2672 735 2720; x_wconf 91' lang='lat' dir='ltr'><strong>et</strong></span> <span class='ocrx_word' id='word_1_218' title='bbox 753 2670 936 2734; x_wconf 89' lang='lat' dir='ltr'><strong>postea</strong></span> <span class='ocrx_word' id='word_1_219' title='bbox 958 2658 1152 2715; x_wconf 75' lang='lat' dir='ltr'><strong>secus?</strong></span> <span class='ocrx_word' id='word_1_220' title='bbox 1176 2657 1466 2712; x_wconf 82' lang='lat' dir='ltr'><strong>fornicatus</strong></span> <span class='ocrx_word' id='word_1_221' title='bbox 1484 2668 1566 2722; x_wconf 82' lang='lat' dir='ltr'><strong>es,</strong></span> <span class='ocrx_word' id='word_1_222' title='bbox 1588 2664 1644 2709; x_wconf 89' lang='lat' dir='ltr'><strong>et</strong></span> <span class='ocrx_word' id='word_1_223' title='bbox 1664 2664 1849 2724; x_wconf 89' lang='lat' dir='ltr'><strong>postea</strong></span> 
     </span>
    </p>
   </div>
   <div class='ocr_carea' id='block_1_27' title="bbox 265 2744 1850 2820">
    <p class='ocr_par' dir='ltr' id='par_1_27' title="bbox 265 2744 1850 2820">
     <span class='ocr_line' id='line_1_27' title="bbox 265 2744 1850 2820; baseline -0.008 -8"><span class='ocrx_word' id='word_1_224' title='bbox 265 2761 544 2813; x_wconf 88' lang='lat' dir='ltr'><strong>continens</strong></span> <span class='ocrx_word' id='word_1_225' title='bbox 575 2755 756 2810; x_wconf 86' lang='lat' dir='ltr'><strong>fuisti?</strong></span> <span class='ocrx_word' id='word_1_226' title='bbox 796 2751 949 2809; x_wconf 86' lang='lat' dir='ltr'><strong>Unde</strong></span> <span class='ocrx_word' id='word_1_227' title='bbox 973 2790 988 2817; x_wconf 93' lang='lat'><strong>,</strong></span> <span class='ocrx_word' id='word_1_228' title='bbox 1021 2763 1239 2820; x_wconf 68' lang='lat' dir='ltr'><strong>quazso,</strong></span> <span class='ocrx_word' id='word_1_229' title='bbox 1273 2747 1388 2803; x_wconf 78' lang='lat' dir='ltr'><strong>lucc</strong></span> <span class='ocrx_word' id='word_1_230' title='bbox 1415 2745 1633 2801; x_wconf 80' lang='lat' dir='ltr'><strong>omnia?</strong></span> <span class='ocrx_word' id='word_1_231' title='bbox 1663 2744 1850 2800; x_wconf 81' lang='lat' dir='ltr'><strong>unde?</strong></span> 
     </span>
    </p>
   </div>
   <div class='ocr_carea' id='block_1_28' title="bbox 266 2835 1852 2915">
    <p class='ocr_par' dir='ltr' id='par_1_28' title="bbox 266 2835 1852 2915">
     <span class='ocr_line' id='line_1_28' title="bbox 266 2835 1852 2915; baseline -0.008 -12"><span class='ocrx_word' id='word_1_232' title='bbox 266 2848 318 2903; x_wconf 89' lang='lat' dir='ltr'><strong>Si</strong></span> <span class='ocrx_word' id='word_1_233' title='bbox 353 2858 406 2904; x_wconf 91' lang='lat' dir='ltr'><strong>tu</strong></span> <span class='ocrx_word' id='word_1_234' title='bbox 445 2847 680 2902; x_wconf 81' lang='lat' dir='ltr'><strong>tacueris</strong></span> <span class='ocrx_word' id='word_1_235' title='bbox 704 2884 721 2910; x_wconf 95' lang='lat'><strong>,</strong></span> <span class='ocrx_word' id='word_1_236' title='bbox 757 2858 860 2915; x_wconf 86' lang='lat' dir='ltr'><strong>ego</strong></span> <span class='ocrx_word' id='word_1_237' title='bbox 893 2842 1092 2898; x_wconf 89' lang='lat' dir='ltr'><strong>dicam.</strong></span> <span class='ocrx_word' id='word_1_238' title='bbox 1122 2839 1256 2908; x_wconf 85' lang='lat' dir='ltr'><strong>Quia</strong></span> <span class='ocrx_word' id='word_1_239' title='bbox 1283 2852 1406 2893; x_wconf 91' lang='lat' dir='ltr'><strong>cum</strong></span> <span class='ocrx_word' id='word_1_240' title='bbox 1434 2836 1614 2892; x_wconf 74' lang='lat' dir='ltr'><strong>Studio</strong></span> <span class='ocrx_word' id='word_1_241' title='bbox 1640 2845 1696 2892; x_wconf 90' lang='lat' dir='ltr'><strong>et</strong></span> <span class='ocrx_word' id='word_1_242' title='bbox 1731 2835 1852 2891; x_wconf 88' lang='lat' dir='ltr'><strong>dili-</strong></span> 
     </span>
    </p>
   </div>
   <div class='ocr_carea' id='block_1_29' title="bbox 264 2929 1846 3011">
    <p class='ocr_par' dir='ltr' id='par_1_29' title="bbox 264 2929 1846 3011">
     <span class='ocr_line' id='line_1_29' title="bbox 264 2929 1846 3011; baseline -0.008 -16"><span class='ocrx_word' id='word_1_243' title='bbox 264 2944 430 3011; x_wconf 76' lang='lat' dir='ltr'><strong>gentia</strong></span> <span class='ocrx_word' id='word_1_244' title='bbox 462 2942 514 2996; x_wconf 92' lang='lat' dir='ltr'><strong>id</strong></span> <span class='ocrx_word' id='word_1_245' title='bbox 543 2946 770 2996; x_wconf 81' lang='lat' dir='ltr'><strong>conatus</strong></span> <span class='ocrx_word' id='word_1_246' title='bbox 791 2951 883 3001; x_wconf 89' lang='lat' dir='ltr'><strong>es;</strong></span> <span class='ocrx_word' id='word_1_247' title='bbox 915 2944 1097 3005; x_wconf 87' lang='lat' dir='ltr'><strong>postea</strong></span> <span class='ocrx_word' id='word_1_248' title='bbox 1120 2945 1250 2989; x_wconf 88' lang='lat' dir='ltr'><strong>vero</strong></span> <span class='ocrx_word' id='word_1_249' title='bbox 1277 2930 1483 2987; x_wconf 91' lang='lat' dir='ltr'><strong>solutus</strong></span> <span class='ocrx_word' id='word_1_250' title='bbox 1510 2931 1562 2985; x_wconf 93' lang='lat' dir='ltr'><strong>in</strong></span> <span class='ocrx_word' id='word_1_251' title='bbox 1587 2929 1846 2986; x_wconf 81' lang='lat' dir='ltr'><strong>desidiam</strong></span> 
     </span>
    </p>
   </div>
   <div class='ocr_carea' id='block_1_30' title="bbox 265 3021 1848 3098">
    <p class='ocr_par' dir='ltr' id='par_1_30' title="bbox 265 3021 1848 3098">
     <span class='ocr_line' id='line_1_30' title="bbox 265 3021 1848 3098; baseline -0.009 -10"><span class='ocrx_word' id='word_1_252' title='bbox 265 3034 519 3088; x_wconf 85' lang='lat' dir='ltr'><strong>decidisti.</strong></span> <span class='ocrx_word' id='word_1_253' title='bbox 568 3030 700 3086; x_wconf 84' lang='lat' dir='ltr'><strong>Nam</strong></span> <span class='ocrx_word' id='word_1_254' title='bbox 729 3026 1026 3098; x_wconf 80' lang='lat' dir='ltr'><strong>desperatis</strong></span> <span class='ocrx_word' id='word_1_255' title='bbox 1066 3024 1170 3079; x_wconf 87' lang='lat' dir='ltr'><strong>illis</strong></span> <span class='ocrx_word' id='word_1_256' title='bbox 1192 3064 1209 3091; x_wconf 92' lang='lat'><strong>,</strong></span> <span class='ocrx_word' id='word_1_257' title='bbox 1236 3021 1330 3093; x_wconf 91' lang='lat' dir='ltr'><strong>qui</strong></span> <span class='ocrx_word' id='word_1_258' title='bbox 1372 3035 1434 3077; x_wconf 88' lang='lat' dir='ltr'><strong>se</strong></span> <span class='ocrx_word' id='word_1_259' title='bbox 1462 3021 1557 3076; x_wconf 91' lang='lat' dir='ltr'><strong>toti</strong></span> <span class='ocrx_word' id='word_1_260' title='bbox 1596 3021 1848 3090; x_wconf 81' lang='lat' dir='ltr'><strong>nequitia:</strong></span> 
     </span>
    </p>
   </div>
   <div class='ocr_carea' id='block_1_31' title="bbox 265 3111 1848 3190">
    <p class='ocr_par' dir='ltr' id='par_1_31' title="bbox 265 3111 1848 3190">
     <span class='ocr_line' id='line_1_31' title="bbox 265 3111 1848 3190; baseline -0.009 -12"><span class='ocrx_word' id='word_1_261' title='bbox 265 3123 621 3185; x_wconf 88' lang='lat' dir='ltr'><strong>dediderunt,</strong></span> <span class='ocrx_word' id='word_1_262' title='bbox 660 3120 750 3190; x_wconf 90' lang='lat' dir='ltr'><strong>qui</strong></span> <span class='ocrx_word' id='word_1_263' title='bbox 781 3118 899 3174; x_wconf 90' lang='lat' dir='ltr'><strong>sine</strong></span> <span class='ocrx_word' id='word_1_264' title='bbox 941 3129 1103 3172; x_wconf 88' lang='lat' dir='ltr'><strong>sensu</strong></span> <span class='ocrx_word' id='word_1_265' title='bbox 1130 3128 1194 3169; x_wconf 89' lang='lat' dir='ltr'><strong>ac</strong></span> <span class='ocrx_word' id='word_1_266' title='bbox 1221 3111 1408 3169; x_wconf 85' lang='lat' dir='ltr'><strong>furiosi</strong></span> <span class='ocrx_word' id='word_1_267' title='bbox 1437 3119 1600 3177; x_wconf 90' lang='lat' dir='ltr'><strong>sunt,</strong></span> <span class='ocrx_word' id='word_1_268' title='bbox 1643 3111 1733 3181; x_wconf 88' lang='lat' dir='ltr'><strong>qui</strong></span> <span class='ocrx_word' id='word_1_269' title='bbox 1778 3124 1848 3164; x_wconf 89' lang='lat' dir='ltr'><strong>ne</strong></span> 
     </span>
    </p>
   </div>
   <div class='ocr_carea' id='block_1_32' title="bbox 190 3196 1843 3285">
    <p class='ocr_par' dir='ltr' id='par_1_32' title="bbox 190 3196 1843 3285">
     <span class='ocr_line' id='line_1_32' title="bbox 190 3196 1843 3285; baseline -0.008 -16"><span class='ocrx_word' id='word_1_270' title='bbox 190 3196 193 3201; x_wconf 48' lang='grc'><em>’</em></span> <span class='ocrx_word' id='word_1_271' title='bbox 265 3216 436 3268; x_wconf 84' lang='lat' dir='ltr'><strong>audire</strong></span> <span class='ocrx_word' id='word_1_272' title='bbox 465 3213 687 3285; x_wconf 86' lang='lat' dir='ltr'><strong>quidem</strong></span> <span class='ocrx_word' id='word_1_273' title='bbox 716 3210 899 3265; x_wconf 89' lang='lat' dir='ltr'><strong>volunt</strong></span> <span class='ocrx_word' id='word_1_274' title='bbox 927 3222 993 3264; x_wconf 89' lang='lat' dir='ltr'><strong>ea</strong></span> <span class='ocrx_word' id='word_1_275' title='bbox 1015 3221 1137 3278; x_wconf 72' lang='lat' dir='ltr'><strong>qua:</strong></span> <span class='ocrx_word' id='word_1_276' title='bbox 1163 3204 1233 3259; x_wconf 90' lang='lat' dir='ltr'><strong>ad</strong></span> <span class='ocrx_word' id='word_1_277' title='bbox 1260 3202 1687 3260; x_wconf 86' lang='lat' dir='ltr'><strong>emendationem</strong></span> <span class='ocrx_word' id='word_1_278' title='bbox 1717 3215 1843 3271; x_wconf 77' lang='lat' dir='ltr'><strong>Spe-</strong></span> 
     </span>
    </p>
   </div>
   <div class='ocr_carea' id='block_1_33' title="bbox 264 3291 1846 3367">
    <p class='ocr_par' dir='ltr' id='par_1_33' title="bbox 264 3291 1846 3367">
     <span class='ocr_line' id='line_1_33' title="bbox 264 3291 1846 3367; baseline -0.008 -9"><span class='ocrx_word' id='word_1_279' title='bbox 264 3317 420 3367; x_wconf 80' lang='lat' dir='ltr'><strong>ctaut.</strong></span> <span class='ocrx_word' id='word_1_280' title='bbox 449 3307 516 3360; x_wconf 88' lang='lat' dir='ltr'><strong>iis</strong></span> <span class='ocrx_word' id='word_1_281' title='bbox 544 3313 694 3359; x_wconf 88' lang='lat' dir='ltr'><strong>certe</strong></span> <span class='ocrx_word' id='word_1_282' title='bbox 720 3301 942 3357; x_wconf 90' lang='lat' dir='ltr'><strong>minime</strong></span> <span class='ocrx_word' id='word_1_283' title='bbox 968 3299 1037 3354; x_wconf 90' lang='lat' dir='ltr'><strong>de</strong></span> <span class='ocrx_word' id='word_1_284' title='bbox 1060 3293 1393 3367; x_wconf 90' lang='lat' dir='ltr'><strong>philosophia</strong></span> <span class='ocrx_word' id='word_1_285' title='bbox 1420 3293 1637 3364; x_wconf 89' lang='lat' dir='ltr'><strong>loquar;</strong></span> <span class='ocrx_word' id='word_1_286' title='bbox 1666 3291 1728 3346; x_wconf 80' lang='lat' dir='ltr'><strong>iis</strong></span> <span class='ocrx_word' id='word_1_287' title='bbox 1756 3306 1846 3345; x_wconf 86' lang='lat' dir='ltr'><strong>ve-</strong></span> 
     </span>
    </p>
   </div>
   <div class='ocr_carea' id='block_1_34' title="bbox 267 3384 1845 3469">
    <p class='ocr_par' dir='ltr' id='par_1_34' title="bbox 267 3384 1845 3469">
     <span class='ocr_line' id='line_1_34' title="bbox 267 3384 1845 3469; baseline -0.011 -14"><span class='ocrx_word' id='word_1_288' title='bbox 267 3416 323 3455; x_wconf 92' lang='lat' dir='ltr'><strong>ro</strong></span> <span class='ocrx_word' id='word_1_289' title='bbox 344 3440 360 3466; x_wconf 94' lang='lat'><strong>,</strong></span> <span class='ocrx_word' id='word_1_290' title='bbox 397 3400 486 3469; x_wconf 86' lang='lat' dir='ltr'><strong>qui</strong></span> <span class='ocrx_word' id='word_1_291' title='bbox 528 3396 691 3452; x_wconf 88' lang='lat' dir='ltr'><strong>modo</strong></span> <span class='ocrx_word' id='word_1_292' title='bbox 726 3396 829 3450; x_wconf 91' lang='lat' dir='ltr'><strong>hoc</strong></span> <span class='ocrx_word' id='word_1_293' title='bbox 851 3434 870 3461; x_wconf 93' lang='lat'><strong>,</strong></span> <span class='ocrx_word' id='word_1_294' title='bbox 911 3392 1071 3447; x_wconf 89' lang='lat' dir='ltr'><strong>modo</strong></span> <span class='ocrx_word' id='word_1_295' title='bbox 1106 3387 1237 3444; x_wconf 88' lang='lat' dir='ltr'><strong>illud</strong></span> <span class='ocrx_word' id='word_1_296' title='bbox 1273 3393 1548 3442; x_wconf 84' lang='lat' dir='ltr'><strong>sectantur</strong></span> <span class='ocrx_word' id='word_1_297' title='bbox 1569 3424 1585 3451; x_wconf 96' lang='lat'><strong>,</strong></span> <span class='ocrx_word' id='word_1_298' title='bbox 1619 3384 1845 3439; x_wconf 87' lang='lat' dir='ltr'><strong>libenter</strong></span> 
     </span>
    </p>
   </div>
   <div class='ocr_carea' id='block_1_35' title="bbox 265 3476 1843 3555">
    <p class='ocr_par' dir='ltr' id='par_1_35' title="bbox 265 3476 1843 3555">
     <span class='ocr_line' id='line_1_35' title="bbox 265 3476 1843 3555; baseline -0.011 -10"><span class='ocrx_word' id='word_1_299' title='bbox 265 3492 416 3545; x_wconf 85' lang='lat' dir='ltr'><strong>verba</strong></span> <span class='ocrx_word' id='word_1_300' title='bbox 444 3489 667 3545; x_wconf 83' lang='lat' dir='ltr'><strong>faciam:</strong></span> <span class='ocrx_word' id='word_1_301' title='bbox 695 3482 994 3555; x_wconf 82' lang='lat' dir='ltr'><strong>Aliquando</strong></span> <span class='ocrx_word' id='word_1_302' title='bbox 1020 3480 1239 3551; x_wconf 83' lang='lat' dir='ltr'><strong>rapuisti</strong></span> <span class='ocrx_word' id='word_1_303' title='bbox 1263 3492 1383 3549; x_wconf 66' lang='lat' dir='ltr'><strong>quae</strong></span> <span class='ocrx_word' id='word_1_304' title='bbox 1411 3476 1478 3532; x_wconf 88' lang='lat' dir='ltr'><strong>ad</strong></span> <span class='ocrx_word' id='word_1_305' title='bbox 1509 3485 1560 3531; x_wconf 89' lang='lat' dir='ltr'><strong>te</strong></span> <span class='ocrx_word' id='word_1_306' title='bbox 1588 3491 1692 3529; x_wconf 92' lang='lat' dir='ltr'><strong>non</strong></span> <span class='ocrx_word' id='word_1_307' title='bbox 1723 3489 1843 3544; x_wconf 84' lang='lat' dir='ltr'><strong>per-</strong></span> 
     </span>
    </p>
   </div>
   <div class='ocr_carea' id='block_1_36' title="bbox 267 3567 1844 3648">
    <p class='ocr_par' dir='ltr' id='par_1_36' title="bbox 267 3567 1844 3648">
     <span class='ocr_line' id='line_1_36' title="bbox 267 3567 1844 3648; baseline -0.01 -10"><span class='ocrx_word' id='word_1_308' title='bbox 267 3584 530 3648; x_wconf 84' lang='lat' dir='ltr'><strong>linebaut;</strong></span> <span class='ocrx_word' id='word_1_309' title='bbox 572 3577 767 3636; x_wconf 88' lang='lat' dir='ltr'><strong>deinde</strong></span> <span class='ocrx_word' id='word_1_310' title='bbox 806 3591 937 3633; x_wconf 88' lang='lat' dir='ltr'><strong>vero</strong></span> <span class='ocrx_word' id='word_1_311' title='bbox 980 3569 1347 3629; x_wconf 87' lang='lat' dir='ltr'><strong>misericordia</strong></span> <span class='ocrx_word' id='word_1_312' title='bbox 1385 3577 1563 3637; x_wconf 83' lang='lat' dir='ltr'><strong>motus</strong></span> <span class='ocrx_word' id='word_1_313' title='bbox 1589 3567 1658 3622; x_wconf 91' lang='lat' dir='ltr'><strong>de</strong></span> <span class='ocrx_word' id='word_1_314' title='bbox 1687 3568 1844 3623; x_wconf 86' lang='lat' dir='ltr'><strong>bonis</strong></span> 
     </span>
    </p>
   </div>
   <div class='ocr_carea' id='block_1_37' title="bbox 268 3656 1843 3744">
    <p class='ocr_par' dir='ltr' id='par_1_37' title="bbox 268 3656 1843 3744">
     <span class='ocr_line' id='line_1_37' title="bbox 268 3656 1843 3744; baseline -0.011 -16"><span class='ocrx_word' id='word_1_315' title='bbox 268 3673 364 3729; x_wconf 85' lang='lat' dir='ltr'><strong>tuis</strong></span> <span class='ocrx_word' id='word_1_316' title='bbox 385 3686 560 3744; x_wconf 87' lang='lat' dir='ltr'><strong>egeno</strong></span> <span class='ocrx_word' id='word_1_317' title='bbox 584 3669 805 3740; x_wconf 88' lang='lat' dir='ltr'><strong>largitus</strong></span> <span class='ocrx_word' id='word_1_318' title='bbox 831 3681 913 3721; x_wconf 89' lang='lat' dir='ltr'><strong>es.</strong></span> <span class='ocrx_word' id='word_1_319' title='bbox 951 3662 1104 3721; x_wconf 83' lang='lat' dir='ltr'><strong>Unde</strong></span> <span class='ocrx_word' id='word_1_320' title='bbox 1141 3661 1257 3717; x_wconf 77' lang='lat' dir='ltr'><strong>lucc</strong></span> <span class='ocrx_word' id='word_1_321' title='bbox 1282 3658 1540 3715; x_wconf 77' lang='lat' dir='ltr'><strong>mutatio?</strong></span> <span class='ocrx_word' id='word_1_322' title='bbox 1564 3672 1744 3713; x_wconf 85' lang='lat' dir='ltr'><strong>annon</strong></span> <span class='ocrx_word' id='word_1_323' title='bbox 1775 3656 1843 3712; x_wconf 83' lang='lat' dir='ltr'><strong>li-</strong></span> 
     </span>
    </p>
   </div>
   <div class='ocr_carea' id='block_1_38' title="bbox 264 3746 1842 3835">
    <p class='ocr_par' dir='ltr' id='par_1_38' title="bbox 264 3746 1842 3835">
     <span class='ocr_line' id='line_1_38' title="bbox 264 3746 1842 3835; baseline -0.011 -14"><span class='ocrx_word' id='word_1_324' title='bbox 264 3766 468 3831; x_wconf 84' lang='lat' dir='ltr'><strong>quidum</strong></span> <span class='ocrx_word' id='word_1_325' title='bbox 495 3774 579 3818; x_wconf 89' lang='lat' dir='ltr'><strong>est</strong></span> <span class='ocrx_word' id='word_1_326' title='bbox 606 3777 674 3817; x_wconf 89' lang='lat' dir='ltr'><strong>ex</strong></span> <span class='ocrx_word' id='word_1_327' title='bbox 704 3759 974 3813; x_wconf 87' lang='lat' dir='ltr'><strong>voluntate</strong></span> <span class='ocrx_word' id='word_1_328' title='bbox 995 3769 1060 3810; x_wconf 85' lang='lat' dir='ltr'><strong>ac</strong></span> <span class='ocrx_word' id='word_1_329' title='bbox 1082 3754 1252 3810; x_wconf 86' lang='lat' dir='ltr'><strong>libero</strong></span> <span class='ocrx_word' id='word_1_330' title='bbox 1273 3750 1500 3808; x_wconf 82' lang='lat' dir='ltr'><strong>arbitrio</strong></span> <span class='ocrx_word' id='word_1_331' title='bbox 1524 3749 1679 3835; x_wconf 83' lang='lat' dir='ltr'><strong>esse?</strong></span> <span class='ocrx_word' id='word_1_332' title='bbox 1708 3746 1842 3804; x_wconf 91' lang='lat' dir='ltr'><strong>Illud</strong></span> 
     </span>
    </p>
   </div>
   <div class='ocr_carea' id='block_1_39' title="bbox 265 3846 1202 3918">
    <p class='ocr_par' dir='ltr' id='par_1_39' title="bbox 265 3846 1202 3918">
     <span class='ocr_line' id='line_1_39' title="bbox 265 3846 1202 3918; baseline -0.01 -7"><span class='ocrx_word' id='word_1_333' title='bbox 265 3866 454 3911; x_wconf 82' lang='lat' dir='ltr'><strong>certum</strong></span> <span class='ocrx_word' id='word_1_334' title='bbox 472 3863 568 3910; x_wconf 85' lang='lat' dir='ltr'><strong>est</strong></span> <span class='ocrx_word' id='word_1_335' title='bbox 586 3894 603 3918; x_wconf 94' lang='lat'><strong>,</strong></span> <span class='ocrx_word' id='word_1_336' title='bbox 634 3867 698 3907; x_wconf 88' lang='lat' dir='ltr'><strong>ac</strong></span> <span class='ocrx_word' id='word_1_337' title='bbox 721 3864 879 3906; x_wconf 89' lang='lat' dir='ltr'><strong>nemo</strong></span> <span class='ocrx_word' id='word_1_338' title='bbox 908 3846 1202 3918; x_wconf 87' lang='lat' dir='ltr'><strong>negaverit.</strong></span> 
     </span>
    </p>
   </div>
   <div class='ocr_carea' id='block_1_40' title="bbox 331 3931 1841 4013">
    <p class='ocr_par' dir='ltr' id='par_1_40' title="bbox 331 3931 1841 4013">
     <span class='ocr_line' id='line_1_40' title="bbox 331 3931 1841 4013; baseline -0.01 -15"><span class='ocrx_word' id='word_1_339' title='bbox 331 3945 467 4000; x_wconf 72' lang='lat' dir='ltr'><strong>Mala</strong></span> <span class='ocrx_word' id='word_1_340' title='bbox 505 3961 573 4001; x_wconf 78' lang='lat' dir='ltr'><strong>ea:</strong></span> <span class='ocrx_word' id='word_1_341' title='bbox 607 3942 809 4013; x_wconf 81' lang='lat' dir='ltr'><strong>ignavia</strong></span> <span class='ocrx_word' id='word_1_342' title='bbox 839 3939 1087 4010; x_wconf 84' lang='lat' dir='ltr'><strong>prodeunt</strong></span> <span class='ocrx_word' id='word_1_343' title='bbox 1109 3977 1129 4003; x_wconf 85' lang='lat'><strong>,</strong></span> <span class='ocrx_word' id='word_1_344' title='bbox 1152 3944 1202 3990; x_wconf 88' lang='lat' dir='ltr'><strong>et</strong></span> <span class='ocrx_word' id='word_1_345' title='bbox 1237 3950 1349 3989; x_wconf 78' lang='lat' dir='ltr'><strong>vere</strong></span> <span class='ocrx_word' id='word_1_346' title='bbox 1382 3950 1416 3986; x_wconf 91' lang='lat' dir='ltr'><strong>a</strong></span> <span class='ocrx_word' id='word_1_347' title='bbox 1441 3931 1582 3986; x_wconf 88' lang='lat' dir='ltr'><strong>nobis</strong></span> <span class='ocrx_word' id='word_1_348' title='bbox 1607 3941 1743 3986; x_wconf 75' lang='lat' dir='ltr'><strong>sunt.</strong></span> <span class='ocrx_word' id='word_1_349' title='bbox 1770 3957 1841 3970; x_wconf 92' lang='lat'><strong>—</strong></span> 
     </span>
    </p>
   </div>
   <div class='ocr_carea' id='block_1_41' title="bbox 266 4023 1840 4093">
    <p class='ocr_par' dir='ltr' id='par_1_41' title="bbox 266 4023 1840 4093">
     <span class='ocr_line' id='line_1_41' title="bbox 266 4023 1840 4093; baseline -0.01 -2"><span class='ocrx_word' id='word_1_350' title='bbox 266 4037 383 4092; x_wconf 84' lang='lat' dir='ltr'><strong>ideo</strong></span> <span class='ocrx_word' id='word_1_351' title='bbox 409 4037 639 4090; x_wconf 85' lang='lat' dir='ltr'><strong>obsecro</strong></span> <span class='ocrx_word' id='word_1_352' title='bbox 663 4042 722 4087; x_wconf 91' lang='lat' dir='ltr'><strong>ut</strong></span> <span class='ocrx_word' id='word_1_353' title='bbox 746 4029 925 4086; x_wconf 87' lang='lat' dir='ltr'><strong>virtuti</strong></span> <span class='ocrx_word' id='word_1_354' title='bbox 951 4027 1234 4093; x_wconf 90' lang='lat' dir='ltr'><strong>studeatis,</strong></span> <span class='ocrx_word' id='word_1_355' title='bbox 1257 4033 1313 4080; x_wconf 90' lang='lat' dir='ltr'><strong>et</strong></span> <span class='ocrx_word' id='word_1_356' title='bbox 1341 4023 1473 4078; x_wconf 90' lang='lat' dir='ltr'><strong>nihil</strong></span> <span class='ocrx_word' id='word_1_357' title='bbox 1501 4033 1681 4092; x_wconf 86' lang='lat' dir='ltr'><strong>postea</strong></span> <span class='ocrx_word' id='word_1_358' title='bbox 1706 4036 1840 4090; x_wconf 82' lang='lat' dir='ltr'><strong>Opus</strong></span> 
     </span>
    </p>
   </div>
   <div class='ocr_carea' id='block_1_42' title="bbox 265 4116 1840 4198">
    <p class='ocr_par' dir='ltr' id='par_1_42' title="bbox 265 4116 1840 4198">
     <span class='ocr_line' id='line_1_42' title="bbox 265 4116 1840 4198; baseline -0.011 -13"><span class='ocrx_word' id='word_1_359' title='bbox 265 4131 361 4185; x_wconf 82' lang='lat' dir='ltr'><strong>erit</strong></span> <span class='ocrx_word' id='word_1_360' title='bbox 400 4125 705 4198; x_wconf 73' lang='lat' dir='ltr'><strong>huiusmodi</strong></span> <span class='ocrx_word' id='word_1_361' title='bbox 756 4121 1158 4194; x_wconf 74' lang='lat' dir='ltr'><strong>quzestiouibus.</strong></span> <span class='ocrx_word' id='word_1_362' title='bbox 1207 4117 1340 4173; x_wconf 82' lang='lat' dir='ltr'><strong>Mala</strong></span> <span class='ocrx_word' id='word_1_363' title='bbox 1387 4116 1530 4172; x_wconf 88' lang='lat' dir='ltr'><strong>enim</strong></span> <span class='ocrx_word' id='word_1_364' title='bbox 1557 4154 1574 4182; x_wconf 91' lang='lat'><strong>,</strong></span> <span class='ocrx_word' id='word_1_365' title='bbox 1626 4116 1840 4170; x_wconf 87' lang='lat' dir='ltr'><strong>nomina</strong></span> 
     </span>
    </p>
   </div>
   <div class='ocr_carea' id='block_1_43' title="bbox 269 4207 1844 4283">
    <p class='ocr_par' dir='ltr' id='par_1_43' title="bbox 269 4207 1844 4283">
     <span class='ocr_line' id='line_1_43' title="bbox 269 4207 1844 4283; baseline -0.007 -10"><span class='ocrx_word' id='word_1_366' title='bbox 269 4229 460 4276; x_wconf 87' lang='lat' dir='ltr'><strong>tantum</strong></span> <span class='ocrx_word' id='word_1_367' title='bbox 482 4230 667 4283; x_wconf 82' lang='lat' dir='ltr'><strong>erunt,</strong></span> <span class='ocrx_word' id='word_1_368' title='bbox 697 4217 743 4272; x_wconf 89' lang='lat' dir='ltr'><strong>si</strong></span> <span class='ocrx_word' id='word_1_369' title='bbox 772 4216 1017 4271; x_wconf 88' lang='lat' dir='ltr'><strong>velimus.</strong></span> <span class='ocrx_word' id='word_1_370' title='bbox 1039 4211 1118 4269; x_wconf 81' lang='lat' dir='ltr'><strong>Ne</strong></span> <span class='ocrx_word' id='word_1_371' title='bbox 1148 4211 1309 4283; x_wconf 85' lang='lat' dir='ltr'><strong>igitur</strong></span> <span class='ocrx_word' id='word_1_372' title='bbox 1331 4222 1541 4280; x_wconf 75' lang='lat' dir='ltr'><strong>qumras</strong></span> <span class='ocrx_word' id='word_1_373' title='bbox 1567 4207 1707 4262; x_wconf 82' lang='lat' dir='ltr'><strong>mide</strong></span> <span class='ocrx_word' id='word_1_374' title='bbox 1730 4221 1844 4262; x_wconf 79' lang='lat' dir='ltr'><strong>ma-</strong></span> 
     </span>
    </p>
   </div>
   <div class='ocr_carea' id='block_1_44' title="bbox 269 4299 1842 4382">
    <p class='ocr_par' dir='ltr' id='par_1_44' title="bbox 269 4299 1842 4382">
     <span class='ocr_line' id='line_1_44' title="bbox 269 4299 1842 4382; baseline -0.009 -16"><span class='ocrx_word' id='word_1_375' title='bbox 269 4311 334 4373; x_wconf 81' lang='lat' dir='ltr'><strong>la,</strong></span> <span class='ocrx_word' id='word_1_376' title='bbox 355 4326 527 4382; x_wconf 89' lang='lat' dir='ltr'><strong>neque</strong></span> <span class='ocrx_word' id='word_1_377' title='bbox 555 4313 608 4365; x_wconf 91' lang='lat' dir='ltr'><strong>in</strong></span> <span class='ocrx_word' id='word_1_378' title='bbox 634 4308 797 4363; x_wconf 90' lang='lat' dir='ltr'><strong>dubio</strong></span> <span class='ocrx_word' id='word_1_379' title='bbox 823 4305 1058 4361; x_wconf 88' lang='lat' dir='ltr'><strong>verseris</strong></span> <span class='ocrx_word' id='word_1_380' title='bbox 1079 4320 1097 4359; x_wconf 85' lang='lat'><strong>:</strong></span> <span class='ocrx_word' id='word_1_381' title='bbox 1118 4302 1213 4359; x_wconf 84' lang='lat' dir='ltr'><strong>sed</strong></span> <span class='ocrx_word' id='word_1_382' title='bbox 1243 4311 1519 4373; x_wconf 88' lang='lat' dir='ltr'><strong>postquam</strong></span> <span class='ocrx_word' id='word_1_383' title='bbox 1541 4299 1842 4369; x_wconf 87' lang='lat' dir='ltr'><strong>deprehen-</strong></span> 
     </span>
    </p>
   </div>
   <div class='ocr_carea' id='block_1_45' title="bbox 267 4390 1842 4471">
    <p class='ocr_par' dir='ltr' id='par_1_45' title="bbox 267 4390 1842 4471">
     <span class='ocr_line' id='line_1_45' title="bbox 267 4390 1842 4471; baseline -0.008 -15"><span class='ocrx_word' id='word_1_384' title='bbox 267 4402 383 4458; x_wconf 87' lang='lat' dir='ltr'><strong>tlisti</strong></span> <span class='ocrx_word' id='word_1_385' title='bbox 409 4419 470 4459; x_wconf 85' lang='lat' dir='ltr'><strong>ea</strong></span> <span class='ocrx_word' id='word_1_386' title='bbox 497 4418 564 4459; x_wconf 91' lang='lat' dir='ltr'><strong>ex</strong></span> <span class='ocrx_word' id='word_1_387' title='bbox 593 4401 802 4471; x_wconf 82' lang='lat' dir='ltr'><strong>ignavia</strong></span> <span class='ocrx_word' id='word_1_388' title='bbox 827 4399 1001 4455; x_wconf 86' lang='lat' dir='ltr'><strong>solum</strong></span> <span class='ocrx_word' id='word_1_389' title='bbox 1031 4395 1268 4468; x_wconf 86' lang='lat' dir='ltr'><strong>prodire,</strong></span> <span class='ocrx_word' id='word_1_390' title='bbox 1298 4393 1419 4463; x_wconf 88' lang='lat' dir='ltr'><strong>fuge</strong></span> <span class='ocrx_word' id='word_1_391' title='bbox 1450 4392 1611 4446; x_wconf 89' lang='lat' dir='ltr'><strong>mala.</strong></span> <span class='ocrx_word' id='word_1_392' title='bbox 1642 4390 1698 4446; x_wconf 92' lang='lat' dir='ltr'><strong>Si</strong></span> <span class='ocrx_word' id='word_1_393' title='bbox 1724 4391 1842 4460; x_wconf 84' lang='lat' dir='ltr'><strong>quis</strong></span> 
     </span>
    </p>
   </div>
   <div class='ocr_carea' id='block_1_46' title="bbox 264 4483 1843 4554">
    <p class='ocr_par' dir='ltr' id='par_1_46' title="bbox 264 4483 1843 4554">
     <span class='ocr_line' id='line_1_46' title="bbox 264 4483 1843 4554; baseline -0.004 -9"><span class='ocrx_word' id='word_1_394' title='bbox 264 4490 451 4548; x_wconf 78' lang='lat' dir='ltr'><strong>dixerit</strong></span> <span class='ocrx_word' id='word_1_395' title='bbox 477 4508 538 4547; x_wconf 91' lang='lat' dir='ltr'><strong>ea</strong></span> <span class='ocrx_word' id='word_1_396' title='bbox 571 4508 680 4547; x_wconf 91' lang='lat' dir='ltr'><strong>non</strong></span> <span class='ocrx_word' id='word_1_397' title='bbox 707 4508 735 4543; x_wconf 91' lang='lat' dir='ltr'><strong>a</strong></span> <span class='ocrx_word' id='word_1_398' title='bbox 767 4490 921 4545; x_wconf 87' lang='lat' dir='ltr'><strong>nobis</strong></span> <span class='ocrx_word' id='word_1_399' title='bbox 947 4503 1069 4545; x_wconf 89' lang='lat' dir='ltr'><strong>esse</strong></span> <span class='ocrx_word' id='word_1_400' title='bbox 1088 4528 1102 4554; x_wconf 94' lang='lat'><strong>,</strong></span> <span class='ocrx_word' id='word_1_401' title='bbox 1135 4501 1257 4543; x_wconf 91' lang='lat' dir='ltr'><strong>cum</strong></span> <span class='ocrx_word' id='word_1_402' title='bbox 1287 4484 1483 4540; x_wconf 90' lang='lat' dir='ltr'><strong>videris</strong></span> <span class='ocrx_word' id='word_1_403' title='bbox 1509 4483 1658 4538; x_wconf 89' lang='lat' dir='ltr'><strong>illum</strong></span> <span class='ocrx_word' id='word_1_404' title='bbox 1687 4496 1843 4538; x_wconf 87' lang='lat' dir='ltr'><strong>servo</strong></span> 
     </span>
    </p>
   </div>
   <div class='ocr_carea' id='block_1_47' title="bbox 277 4578 1840 4654">
    <p class='ocr_par' dir='ltr' id='par_1_47' title="bbox 277 4578 1840 4654">
     <span class='ocr_line' id='line_1_47' title="bbox 277 4578 1840 4654; baseline -0.007 -15"><span class='ocrx_word' id='word_1_405' title='bbox 277 4587 478 4651; x_wconf 88' lang='lat' dir='ltr'><strong>iratum,</strong></span> <span class='ocrx_word' id='word_1_406' title='bbox 507 4586 563 4642; x_wconf 93' lang='lat' dir='ltr'><strong>iu</strong></span> <span class='ocrx_word' id='word_1_407' title='bbox 589 4599 812 4640; x_wconf 89' lang='lat' dir='ltr'><strong>uxorem</strong></span> <span class='ocrx_word' id='word_1_408' title='bbox 838 4589 1229 4654; x_wconf 89' lang='lat' dir='ltr'><strong>exasperatum,</strong></span> <span class='ocrx_word' id='word_1_409' title='bbox 1260 4578 1426 4634; x_wconf 83' lang='lat' dir='ltr'><strong>lilium</strong></span> <span class='ocrx_word' id='word_1_410' title='bbox 1446 4578 1840 4641; x_wconf 89' lang='lat' dir='ltr'><strong>criminantem,</strong></span> 
     </span>
    </p>
   </div>
   <div class='ocr_carea' id='block_1_48' title="bbox 272 4669 1844 4747">
    <p class='ocr_par' dir='ltr' id='par_1_48' title="bbox 272 4669 1844 4747">
     <span class='ocr_line' id='line_1_48' title="bbox 272 4669 1844 4747; baseline -0.004 -16"><span class='ocrx_word' id='word_1_411' title='bbox 272 4677 504 4747; x_wconf 87' lang='lat' dir='ltr'><strong>injuriam</strong></span> <span class='ocrx_word' id='word_1_412' title='bbox 546 4679 841 4735; x_wconf 76' lang='lat' dir='ltr'><strong>inferentes</strong></span> <span class='ocrx_word' id='word_1_413' title='bbox 881 4677 1222 4732; x_wconf 89' lang='lat' dir='ltr'><strong>damnantem</strong></span> <span class='ocrx_word' id='word_1_414' title='bbox 1247 4713 1264 4739; x_wconf 94' lang='lat'><strong>,</strong></span> <span class='ocrx_word' id='word_1_415' title='bbox 1305 4672 1392 4728; x_wconf 87' lang='lat' dir='ltr'><strong>die</strong></span> <span class='ocrx_word' id='word_1_416' title='bbox 1417 4671 1494 4727; x_wconf 91' lang='lat' dir='ltr'><strong>illi</strong></span> <span class='ocrx_word' id='word_1_417' title='bbox 1526 4688 1541 4728; x_wconf 89' lang='lat'><strong>:</strong></span> <span class='ocrx_word' id='word_1_418' title='bbox 1568 4669 1677 4725; x_wconf 88' lang='lat' dir='ltr'><strong>Cur</strong></span> <span class='ocrx_word' id='word_1_419' title='bbox 1714 4669 1844 4740; x_wconf 88' lang='lat' dir='ltr'><strong>ergo</strong></span> 
     </span>
    </p>
   </div>
   <div class='ocr_carea' id='block_1_49' title="bbox 270 4760 1845 4837">
    <p class='ocr_par' dir='ltr' id='par_1_49' title="bbox 270 4760 1845 4837">
     <span class='ocr_line' id='line_1_49' title="bbox 270 4760 1845 4837; baseline -0.006 -14"><span class='ocrx_word' id='word_1_420' title='bbox 270 4768 494 4837; x_wconf 83' lang='lat' dir='ltr'><strong>dicebas,</strong></span> <span class='ocrx_word' id='word_1_421' title='bbox 523 4771 664 4826; x_wconf 87' lang='lat' dir='ltr'><strong>mala</strong></span> <span class='ocrx_word' id='word_1_422' title='bbox 694 4784 799 4824; x_wconf 91' lang='lat' dir='ltr'><strong>non</strong></span> <span class='ocrx_word' id='word_1_423' title='bbox 838 4784 867 4822; x_wconf 83' lang='lat' dir='ltr'><strong>a</strong></span> <span class='ocrx_word' id='word_1_424' title='bbox 900 4767 1054 4823; x_wconf 89' lang='lat' dir='ltr'><strong>nobis</strong></span> <span class='ocrx_word' id='word_1_425' title='bbox 1082 4764 1241 4820; x_wconf 85' lang='lat' dir='ltr'><strong>esse?</strong></span> <span class='ocrx_word' id='word_1_426' title='bbox 1261 4761 1395 4818; x_wconf 88' lang='lat' dir='ltr'><strong>Nam</strong></span> <span class='ocrx_word' id='word_1_427' title='bbox 1422 4763 1466 4818; x_wconf 92' lang='lat' dir='ltr'><strong>si</strong></span> <span class='ocrx_word' id='word_1_428' title='bbox 1499 4775 1603 4816; x_wconf 92' lang='lat' dir='ltr'><strong>non</strong></span> <span class='ocrx_word' id='word_1_429' title='bbox 1634 4775 1663 4815; x_wconf 90' lang='lat' dir='ltr'><strong>a</strong></span> <span class='ocrx_word' id='word_1_430' title='bbox 1693 4760 1845 4815; x_wconf 88' lang='lat' dir='ltr'><strong>nobis</strong></span> 
     </span>
    </p>
   </div>
   <div class='ocr_carea' id='block_1_50' title="bbox 162 4851 1845 4927">
    <p class='ocr_par' dir='ltr' id='par_1_50' title="bbox 162 4851 1845 4927">
     <span class='ocr_line' id='line_1_50' title="bbox 162 4851 1845 4927; baseline -0.008 -10"><span class='ocrx_word' id='word_1_431' title='bbox 162 4856 167 4861; x_wconf 81' lang='grc'><em>’</em></span> <span class='ocrx_word' id='word_1_432' title='bbox 270 4870 404 4927; x_wconf 82' lang='lat' dir='ltr'><strong>sunt,</strong></span> <span class='ocrx_word' id='word_1_433' title='bbox 424 4878 520 4920; x_wconf 90' lang='lat' dir='ltr'><strong>cur</strong></span> <span class='ocrx_word' id='word_1_434' title='bbox 545 4864 759 4917; x_wconf 84' lang='lat' dir='ltr'><strong>incusas</strong></span> <span class='ocrx_word' id='word_1_435' title='bbox 781 4859 954 4915; x_wconf 84' lang='lat' dir='ltr'><strong>alios?</strong></span> <span class='ocrx_word' id='word_1_436' title='bbox 981 4859 1073 4913; x_wconf 87' lang='lat' dir='ltr'><strong>Dic</strong></span> <span class='ocrx_word' id='word_1_437' title='bbox 1096 4856 1170 4912; x_wconf 92' lang='lat' dir='ltr'><strong>illi</strong></span> <span class='ocrx_word' id='word_1_438' title='bbox 1195 4856 1387 4912; x_wconf 87' lang='lat' dir='ltr'><strong>iterum</strong></span> <span class='ocrx_word' id='word_1_439' title='bbox 1414 4870 1427 4908; x_wconf 92' lang='lat'><strong>:</strong></span> <span class='ocrx_word' id='word_1_440' title='bbox 1451 4852 1586 4908; x_wconf 86' lang='lat' dir='ltr'><strong>Nam</strong></span> <span class='ocrx_word' id='word_1_441' title='bbox 1612 4867 1644 4908; x_wconf 89' lang='lat' dir='ltr'><strong>a</strong></span> <span class='ocrx_word' id='word_1_442' title='bbox 1673 4851 1845 4921; x_wconf 91' lang='lat' dir='ltr'><strong>teipso</strong></span> 
     </span>
    </p>
   </div>
   <div class='ocr_carea' id='block_1_51' title="bbox 273 4945 1844 5014">
    <p class='ocr_par' dir='ltr' id='par_1_51' title="bbox 273 4945 1844 5014">
     <span class='ocr_line' id='line_1_51' title="bbox 273 4945 1844 5014; baseline -0.007 -6"><span class='ocrx_word' id='word_1_443' title='bbox 273 4955 494 5011; x_wconf 73' lang='lat' dir='ltr'><strong>convicia</strong></span> <span class='ocrx_word' id='word_1_444' title='bbox 514 4965 570 5011; x_wconf 90' lang='lat' dir='ltr'><strong>et</strong></span> <span class='ocrx_word' id='word_1_445' title='bbox 589 4953 941 5009; x_wconf 87' lang='lat' dir='ltr'><strong>contumelias</strong></span> <span class='ocrx_word' id='word_1_446' title='bbox 967 4947 1168 5006; x_wconf 79' lang='lat' dir='ltr'><strong>infers?</strong></span> <span class='ocrx_word' id='word_1_447' title='bbox 1193 4946 1250 5003; x_wconf 90' lang='lat' dir='ltr'><strong>Si</strong></span> <span class='ocrx_word' id='word_1_448' title='bbox 1276 4961 1384 5001; x_wconf 92' lang='lat' dir='ltr'><strong>non</strong></span> <span class='ocrx_word' id='word_1_449' title='bbox 1408 4961 1439 5000; x_wconf 89' lang='lat' dir='ltr'><strong>a</strong></span> <span class='ocrx_word' id='word_1_450' title='bbox 1467 4945 1658 5014; x_wconf 90' lang='lat' dir='ltr'><strong>teipso,</strong></span> <span class='ocrx_word' id='word_1_451' title='bbox 1687 4956 1844 4997; x_wconf 90' lang='lat' dir='ltr'><strong>nemo</strong></span> 
     </span>
    </p>
   </div>
   <div class='ocr_carea' id='block_1_52' title="bbox 275 5037 1844 5115">
    <p class='ocr_par' dir='ltr' id='par_1_52' title="bbox 275 5037 1844 5115">
     <span class='ocr_line' id='line_1_52' title="bbox 275 5037 1844 5115; baseline -0.006 -18"><span class='ocrx_word' id='word_1_452' title='bbox 275 5046 358 5101; x_wconf 85' lang='lat' dir='ltr'><strong>tibi</strong></span> <span class='ocrx_word' id='word_1_453' title='bbox 388 5048 679 5114; x_wconf 69' lang='lat' dir='ltr'><strong>il‘ﬂSOitllll‘;</strong></span> <span class='ocrx_word' id='word_1_454' title='bbox 709 5047 756 5102; x_wconf 90' lang='lat' dir='ltr'><strong>si</strong></span> <span class='ocrx_word' id='word_1_455' title='bbox 782 5061 811 5100; x_wconf 91' lang='lat' dir='ltr'><strong>a</strong></span> <span class='ocrx_word' id='word_1_456' title='bbox 838 5046 1029 5115; x_wconf 88' lang='lat' dir='ltr'><strong>teipso,</strong></span> <span class='ocrx_word' id='word_1_457' title='bbox 1051 5056 1181 5113; x_wconf 91' lang='lat' dir='ltr'><strong>ergo</strong></span> <span class='ocrx_word' id='word_1_458' title='bbox 1204 5057 1236 5098; x_wconf 91' lang='lat' dir='ltr'><strong>a</strong></span> <span class='ocrx_word' id='word_1_459' title='bbox 1266 5049 1318 5096; x_wconf 91' lang='lat' dir='ltr'><strong>te</strong></span> <span class='ocrx_word' id='word_1_460' title='bbox 1344 5049 1398 5095; x_wconf 92' lang='lat' dir='ltr'><strong>et</strong></span> <span class='ocrx_word' id='word_1_461' title='bbox 1427 5038 1495 5093; x_wconf 88' lang='lat' dir='ltr'><strong>ab</strong></span> <span class='ocrx_word' id='word_1_462' title='bbox 1520 5037 1726 5108; x_wconf 88' lang='lat' dir='ltr'><strong>ignavia</strong></span> <span class='ocrx_word' id='word_1_463' title='bbox 1756 5045 1844 5090; x_wconf 89' lang='lat' dir='ltr'><strong>tua</strong></span> 
     </span>
    </p>
   </div>
   <div class='ocr_carea' id='block_1_53' title="bbox 277 5129 1847 5207">
    <p class='ocr_par' dir='ltr' id='par_1_53' title="bbox 277 5129 1847 5207">
     <span class='ocr_line' id='line_1_53' title="bbox 277 5129 1847 5207; baseline -0.006 -16"><span class='ocrx_word' id='word_1_464' title='bbox 277 5138 402 5193; x_wconf 85' lang='lat' dir='ltr'><strong>mala</strong></span> <span class='ocrx_word' id='word_1_465' title='bbox 429 5141 694 5196; x_wconf 86' lang='lat' dir='ltr'><strong>oriuntur.</strong></span> <span class='ocrx_word' id='word_1_466' title='bbox 722 5137 860 5205; x_wconf 83' lang='lat' dir='ltr'><strong>Quid</strong></span> <span class='ocrx_word' id='word_1_467' title='bbox 889 5136 1086 5207; x_wconf 88' lang='lat' dir='ltr'><strong>porro?</strong></span> <span class='ocrx_word' id='word_1_468' title='bbox 1118 5142 1344 5204; x_wconf 88' lang='lat' dir='ltr'><strong>putasne</strong></span> <span class='ocrx_word' id='word_1_469' title='bbox 1368 5131 1575 5201; x_wconf 88' lang='lat' dir='ltr'><strong>aliquos</strong></span> <span class='ocrx_word' id='word_1_470' title='bbox 1603 5143 1726 5184; x_wconf 87' lang='lat' dir='ltr'><strong>esse</strong></span> <span class='ocrx_word' id='word_1_471' title='bbox 1752 5129 1847 5182; x_wconf 85' lang='lat' dir='ltr'><strong>bo—</strong></span> 
     </span>
    </p>
   </div>
   <div class='ocr_carea' id='block_1_54' title="bbox 277 5221 1847 5293">
    <p class='ocr_par' dir='ltr' id='par_1_54' title="bbox 277 5221 1847 5293">
     <span class='ocr_line' id='line_1_54' title="bbox 277 5221 1847 5293; baseline -0.006 -11"><span class='ocrx_word' id='word_1_472' title='bbox 277 5230 403 5284; x_wconf 87' lang='lat' dir='ltr'><strong>nos?</strong></span> <span class='ocrx_word' id='word_1_473' title='bbox 429 5230 559 5286; x_wconf 75' lang='lat' dir='ltr'><strong>Nam</strong></span> <span class='ocrx_word' id='word_1_474' title='bbox 589 5232 634 5286; x_wconf 89' lang='lat' dir='ltr'><strong>si</strong></span> <span class='ocrx_word' id='word_1_475' title='bbox 660 5244 820 5285; x_wconf 92' lang='lat' dir='ltr'><strong>nemo</strong></span> <span class='ocrx_word' id='word_1_476' title='bbox 848 5229 1040 5293; x_wconf 87' lang='lat' dir='ltr'><strong>bonus,</strong></span> <span class='ocrx_word' id='word_1_477' title='bbox 1074 5225 1218 5282; x_wconf 90' lang='lat' dir='ltr'><strong>unde</strong></span> <span class='ocrx_word' id='word_1_478' title='bbox 1248 5223 1340 5279; x_wconf 88' lang='lat' dir='ltr'><strong>tibi</strong></span> <span class='ocrx_word' id='word_1_479' title='bbox 1367 5222 1470 5278; x_wconf 88' lang='lat' dir='ltr'><strong>hoc</strong></span> <span class='ocrx_word' id='word_1_480' title='bbox 1494 5221 1723 5277; x_wconf 86' lang='lat' dir='ltr'><strong>nomen?</strong></span> <span class='ocrx_word' id='word_1_481' title='bbox 1751 5237 1847 5276; x_wconf 84' lang='lat' dir='ltr'><strong>un-</strong></span> 
     </span>
    </p>
   </div>
   <div class='ocr_carea' id='block_1_55' title="bbox 278 5310 1846 5385">
    <p class='ocr_par' dir='ltr' id='par_1_55' title="bbox 278 5310 1846 5385">
     <span class='ocr_line' id='line_1_55' title="bbox 278 5310 1846 5385; baseline -0.004 -13"><span class='ocrx_word' id='word_1_482' title='bbox 278 5318 339 5373; x_wconf 88' lang='lat' dir='ltr'><strong>de</strong></span> <span class='ocrx_word' id='word_1_483' title='bbox 373 5320 588 5378; x_wconf 79' lang='lat' dir='ltr'><strong>laudes?</strong></span> <span class='ocrx_word' id='word_1_484' title='bbox 624 5322 721 5378; x_wconf 90' lang='lat' dir='ltr'><strong>Sin</strong></span> <span class='ocrx_word' id='word_1_485' title='bbox 750 5329 928 5375; x_wconf 88' lang='lat' dir='ltr'><strong>autem</strong></span> <span class='ocrx_word' id='word_1_486' title='bbox 973 5333 1100 5375; x_wconf 89' lang='lat' dir='ltr'><strong>vere</strong></span> <span class='ocrx_word' id='word_1_487' title='bbox 1135 5327 1260 5374; x_wconf 88' lang='lat' dir='ltr'><strong>sunt</strong></span> <span class='ocrx_word' id='word_1_488' title='bbox 1297 5315 1422 5371; x_wconf 89' lang='lat' dir='ltr'><strong>boni</strong></span> <span class='ocrx_word' id='word_1_489' title='bbox 1444 5314 1663 5385; x_wconf 88' lang='lat' dir='ltr'><strong>,procul</strong></span> <span class='ocrx_word' id='word_1_490' title='bbox 1684 5310 1846 5367; x_wconf 89' lang='lat' dir='ltr'><strong>dubio</strong></span> 
     </span>
    </p>
   </div>
   <div class='ocr_carea' id='block_1_56' title="bbox 279 5405 1843 5486">
    <p class='ocr_par' dir='ltr' id='par_1_56' title="bbox 279 5405 1843 5486">
     <span class='ocr_line' id='line_1_56' title="bbox 279 5405 1843 5486; baseline -0.008 -17"><span class='ocrx_word' id='word_1_491' title='bbox 279 5412 437 5468; x_wconf 84' lang='lat' dir='ltr'><strong>malus</strong></span> <span class='ocrx_word' id='word_1_492' title='bbox 475 5415 844 5486; x_wconf 84' lang='lat' dir='ltr'><strong>increpabant.</strong></span> <span class='ocrx_word' id='word_1_493' title='bbox 873 5412 979 5468; x_wconf 89' lang='lat' dir='ltr'><strong>Sed</strong></span> <span class='ocrx_word' id='word_1_494' title='bbox 1008 5411 1053 5466; x_wconf 93' lang='lat' dir='ltr'><strong>si</strong></span> <span class='ocrx_word' id='word_1_495' title='bbox 1083 5411 1260 5465; x_wconf 89' lang='lat' dir='ltr'><strong>nullus</strong></span> <span class='ocrx_word' id='word_1_496' title='bbox 1286 5417 1477 5479; x_wconf 89' lang='lat' dir='ltr'><strong>sponte</strong></span> <span class='ocrx_word' id='word_1_497' title='bbox 1505 5420 1601 5462; x_wconf 90' lang='lat' dir='ltr'><strong>sua</strong></span> <span class='ocrx_word' id='word_1_498' title='bbox 1630 5405 1701 5459; x_wconf 88' lang='lat' dir='ltr'><strong>sit</strong></span> <span class='ocrx_word' id='word_1_499' title='bbox 1727 5417 1843 5458; x_wconf 90' lang='lat' dir='ltr'><strong>ma-</strong></span> 
     </span>
    </p>
   </div>
   <div class='ocr_carea' id='block_1_57' title="bbox 282 5493 1846 5576">
    <p class='ocr_par' dir='ltr' id='par_1_57' title="bbox 282 5493 1846 5576">
     <span class='ocr_line' id='line_1_57' title="bbox 282 5493 1846 5576; baseline -0.003 -24"><span class='ocrx_word' id='word_1_500' title='bbox 282 5500 372 5565; x_wconf 88' lang='lat' dir='ltr'><strong>lus,</strong></span> <span class='ocrx_word' id='word_1_501' title='bbox 402 5522 567 5575; x_wconf 84' lang='lat' dir='ltr'><strong>neque</strong></span> <span class='ocrx_word' id='word_1_502' title='bbox 591 5523 621 5562; x_wconf 87' lang='lat' dir='ltr'><strong>a</strong></span> <span class='ocrx_word' id='word_1_503' title='bbox 650 5508 832 5576; x_wconf 80' lang='lat' dir='ltr'><strong>seipse</strong></span> <span class='ocrx_word' id='word_1_504' title='bbox 858 5504 983 5559; x_wconf 90' lang='lat' dir='ltr'><strong>talis</strong></span> <span class='ocrx_word' id='word_1_505' title='bbox 1011 5502 1101 5569; x_wconf 90' lang='lat' dir='ltr'><strong>sit,</strong></span> <span class='ocrx_word' id='word_1_506' title='bbox 1131 5501 1330 5572; x_wconf 83' lang='lat' dir='ltr'><strong>injuste</strong></span> <span class='ocrx_word' id='word_1_507' title='bbox 1354 5506 1500 5554; x_wconf 87' lang='lat' dir='ltr'><strong>certe</strong></span> <span class='ocrx_word' id='word_1_508' title='bbox 1523 5495 1649 5553; x_wconf 90' lang='lat' dir='ltr'><strong>boni</strong></span> <span class='ocrx_word' id='word_1_509' title='bbox 1676 5493 1846 5548; x_wconf 81' lang='lat' dir='ltr'><strong>malos</strong></span> 
     </span>
    </p>
   </div>
   <div class='ocr_carea' id='block_1_58' title="bbox 285 5586 1846 5666">
    <p class='ocr_par' dir='ltr' id='par_1_58' title="bbox 285 5586 1846 5666">
     <span class='ocr_line' id='line_1_58' title="bbox 285 5586 1846 5666; baseline -0.004 -20"><span class='ocrx_word' id='word_1_510' title='bbox 285 5591 613 5666; x_wconf 78' lang='lat' dir='ltr'><strong>increpabnut</strong></span> <span class='ocrx_word' id='word_1_511' title='bbox 639 5640 654 5663; x_wconf 91' lang='lat'><strong>,</strong></span> <span class='ocrx_word' id='word_1_512' title='bbox 687 5607 742 5653; x_wconf 91' lang='lat' dir='ltr'><strong>et</strong></span> <span class='ocrx_word' id='word_1_513' title='bbox 784 5596 883 5652; x_wconf 88' lang='lat' dir='ltr'><strong>hac</strong></span> <span class='ocrx_word' id='word_1_514' title='bbox 908 5595 979 5651; x_wconf 90' lang='lat' dir='ltr'><strong>de</strong></span> <span class='ocrx_word' id='word_1_515' title='bbox 1007 5609 1166 5650; x_wconf 87' lang='lat' dir='ltr'><strong>causa</strong></span> <span class='ocrx_word' id='word_1_516' title='bbox 1200 5593 1299 5663; x_wconf 87' lang='lat' dir='ltr'><strong>ipsi</strong></span> <span class='ocrx_word' id='word_1_517' title='bbox 1339 5590 1463 5646; x_wconf 88' lang='lat' dir='ltr'><strong>mali</strong></span> <span class='ocrx_word' id='word_1_518' title='bbox 1501 5598 1678 5645; x_wconf 90' lang='lat' dir='ltr'><strong>erunt.</strong></span> <span class='ocrx_word' id='word_1_519' title='bbox 1708 5586 1846 5654; x_wconf 86' lang='lat' dir='ltr'><strong>Quid</strong></span> 
     </span>
    </p>
   </div>
   <div class='ocr_carea' id='block_1_59' title="bbox 287 5676 1847 5758">
    <p class='ocr_par' dir='ltr' id='par_1_59' title="bbox 287 5676 1847 5758">
     <span class='ocr_line' id='line_1_59' title="bbox 287 5676 1847 5758; baseline -0.004 -20"><span class='ocrx_word' id='word_1_520' title='bbox 287 5685 413 5739; x_wconf 88' lang='lat' dir='ltr'><strong>enim</strong></span> <span class='ocrx_word' id='word_1_521' title='bbox 453 5689 697 5758; x_wconf 83' lang='lat' dir='ltr'><strong>iujustius</strong></span> <span class='ocrx_word' id='word_1_522' title='bbox 738 5688 830 5743; x_wconf 91' lang='lat' dir='ltr'><strong>illo</strong></span> <span class='ocrx_word' id='word_1_523' title='bbox 867 5688 957 5758; x_wconf 88' lang='lat' dir='ltr'><strong>qui</strong></span> <span class='ocrx_word' id='word_1_524' title='bbox 999 5684 1265 5741; x_wconf 84' lang='lat' dir='ltr'><strong>innocenti</strong></span> <span class='ocrx_word' id='word_1_525' title='bbox 1313 5683 1537 5738; x_wconf 89' lang='lat' dir='ltr'><strong>crimina</strong></span> <span class='ocrx_word' id='word_1_526' title='bbox 1580 5676 1847 5735; x_wconf 80' lang='lat' dir='ltr'><strong>intentat?</strong></span> 
     </span>
    </p>
   </div>
   <div class='ocr_carea' id='block_1_60' title="bbox 288 5772 1847 5851">
    <p class='ocr_par' dir='ltr' id='par_1_60' title="bbox 288 5772 1847 5851">
     <span class='ocr_line' id='line_1_60' title="bbox 288 5772 1847 5851; baseline -0.008 -12"><span class='ocrx_word' id='word_1_527' title='bbox 288 5778 423 5839; x_wconf 73' lang='lat' dir='ltr'><strong>Quod</strong></span> <span class='ocrx_word' id='word_1_528' title='bbox 450 5783 490 5836; x_wconf 69' lang='lat' dir='ltr'><strong>si</strong></span> <span class='ocrx_word' id='word_1_529' title='bbox 522 5785 676 5837; x_wconf 83' lang='lat' dir='ltr'><strong>etiam</strong></span> <span class='ocrx_word' id='word_1_530' title='bbox 710 5784 1045 5851; x_wconf 82' lang='lat' dir='ltr'><strong>increpantes</strong></span> <span class='ocrx_word' id='word_1_531' title='bbox 1075 5777 1198 5834; x_wconf 90' lang='lat' dir='ltr'><strong>boni</strong></span> <span class='ocrx_word' id='word_1_532' title='bbox 1229 5787 1373 5846; x_wconf 86' lang='lat' dir='ltr'><strong>sunt,</strong></span> <span class='ocrx_word' id='word_1_533' title='bbox 1406 5786 1461 5830; x_wconf 92' lang='lat' dir='ltr'><strong>et</strong></span> <span class='ocrx_word' id='word_1_534' title='bbox 1486 5774 1588 5831; x_wconf 88' lang='lat' dir='ltr'><strong>hoc</strong></span> <span class='ocrx_word' id='word_1_535' title='bbox 1618 5772 1847 5829; x_wconf 80' lang='lat' dir='ltr'><strong>maxime</strong></span> 
     </span>
    </p>
   </div>
   <div class='ocr_carea' id='block_1_61' title="bbox 1291 346 2520 411">
    <p class='ocr_par' dir='ltr' id='par_1_61' title="bbox 1291 346 2520 411">
     <span class='ocr_line' id='line_1_61' title="bbox 1291 346 2520 411; baseline -0.006 -1"><span class='ocrx_word' id='word_1_536' title='bbox 1291 353 1358 411; x_wconf 73' lang='grc' dir='ltr'><strong>ΙΝ</strong></span> <span class='ocrx_word' id='word_1_537' title='bbox 1399 346 1811 408; x_wconf 71' lang='lat' dir='ltr'><strong>MATTll/EUM</strong></span> <span class='ocrx_word' id='word_1_538' title='bbox 1840 348 2069 405; x_wconf 68' lang='grc'><strong>1101111..</strong></span> <span class='ocrx_word' id='word_1_539' title='bbox 2115 348 2251 406; x_wconf 76' lang='lat' dir='ltr'><strong>LIX.</strong></span> <span class='ocrx_word' id='word_1_540' title='bbox 2294 350 2364 405; x_wconf 87' lang='lat' dir='ltr'><strong>al.</strong></span> <span class='ocrx_word' id='word_1_541' title='bbox 2409 349 2520 405; x_wconf 69' lang='lat' dir='ltr'><strong>LX.</strong></span> 
     </span>
    </p>
   </div>
   <div class='ocr_carea' id='block_1_62' title="bbox 3452 353 3556 411">
    <p class='ocr_par' dir='ltr' id='par_1_62' title="bbox 3452 353 3556 411">
     <span class='ocr_line' id='line_1_62' title="bbox 3452 353 3556 411; baseline 0.019 -3"><span class='ocrx_word' id='word_1_542' title='bbox 3452 353 3556 411; x_wconf 72' lang='lat'><strong>578</strong></span> 
     </span>
    </p>
   </div>
   <div class='ocr_carea' id='block_1_63' title="bbox 1962 462 3546 534">
    <p class='ocr_par' dir='ltr' id='par_1_63' title="bbox 1962 462 3546 534">
     <span class='ocr_line' id='line_1_63' title="bbox 1962 462 3546 534; baseline 0.002 -19"><span class='ocrx_word' id='word_1_543' title='bbox 1962 462 2175 516; x_wconf 85' lang='lat' dir='ltr'><strong>illorum</strong></span> <span class='ocrx_word' id='word_1_544' title='bbox 2215 462 2493 531; x_wconf 80' lang='lat' dir='ltr'><strong>probitatis</strong></span> <span class='ocrx_word' id='word_1_545' title='bbox 2534 469 2904 533; x_wconf 81' lang='lat' dir='ltr'><strong>argumentum</strong></span> <span class='ocrx_word' id='word_1_546' title='bbox 2941 471 3020 517; x_wconf 86' lang='lat' dir='ltr'><strong>est</strong></span> <span class='ocrx_word' id='word_1_547' title='bbox 3053 465 3213 518; x_wconf 88' lang='lat' dir='ltr'><strong>etiam</strong></span> <span class='ocrx_word' id='word_1_548' title='bbox 3243 462 3382 534; x_wconf 63' lang='lat' dir='ltr'><strong>apud</strong></span> <span class='ocrx_word' id='word_1_549' title='bbox 3416 468 3546 518; x_wconf 65' lang='lat' dir='ltr'><strong>iust-</strong></span> 
     </span>
    </p>
   </div>
   <div class='ocr_carea' id='block_1_64' title="bbox 1962 554 3548 627">
    <p class='ocr_par' dir='ltr' id='par_1_64' title="bbox 1962 554 3548 627">
     <span class='ocr_line' id='line_1_64' title="bbox 1962 554 3548 627; baseline 0.002 -19"><span class='ocrx_word' id='word_1_550' title='bbox 1962 555 2168 626; x_wconf 77' lang='lat' dir='ltr'><strong>pientes</strong></span> <span class='ocrx_word' id='word_1_551' title='bbox 2189 594 2206 619; x_wconf 96' lang='lat'><strong>,</strong></span> <span class='ocrx_word' id='word_1_552' title='bbox 2240 554 2364 608; x_wconf 92' lang='lat' dir='ltr'><strong>hinc</strong></span> <span class='ocrx_word' id='word_1_553' title='bbox 2388 554 2726 610; x_wconf 84' lang='lat' dir='ltr'><strong>manifestum</strong></span> <span class='ocrx_word' id='word_1_554' title='bbox 2753 564 2837 610; x_wconf 87' lang='lat' dir='ltr'><strong>est</strong></span> <span class='ocrx_word' id='word_1_555' title='bbox 2859 598 2874 622; x_wconf 95' lang='lat'><strong>,</strong></span> <span class='ocrx_word' id='word_1_556' title='bbox 2905 558 3172 612; x_wconf 90' lang='lat' dir='ltr'><strong>nemiuem</strong></span> <span class='ocrx_word' id='word_1_557' title='bbox 3203 572 3453 627; x_wconf 88' lang='lat' dir='ltr'><strong>umquam</strong></span> <span class='ocrx_word' id='word_1_558' title='bbox 3484 575 3548 611; x_wconf 71' lang='lat' dir='ltr'><strong>ex</strong></span> 
     </span>
    </p>
   </div>
   <div class='ocr_carea' id='block_1_65' title="bbox 1961 644 3543 719">
    <p class='ocr_par' dir='ltr' id='par_1_65' title="bbox 1961 644 3543 719">
     <span class='ocr_line' id='line_1_65' title="bbox 1961 644 3543 719; baseline 0.004 -23"><span class='ocrx_word' id='word_1_559' title='bbox 1961 644 2280 699; x_wconf 80' lang='lat' dir='ltr'><strong>necessitate</strong></span> <span class='ocrx_word' id='word_1_560' title='bbox 2309 646 2472 700; x_wconf 86' lang='lat' dir='ltr'><strong>fuisse</strong></span> <span class='ocrx_word' id='word_1_561' title='bbox 2497 647 2713 701; x_wconf 88' lang='lat' dir='ltr'><strong>malum.</strong></span> <span class='ocrx_word' id='word_1_562' title='bbox 2743 647 2797 702; x_wconf 91' lang='lat' dir='ltr'><strong>Si</strong></span> <span class='ocrx_word' id='word_1_563' title='bbox 2825 657 2943 716; x_wconf 91' lang='lat' dir='ltr'><strong>post</strong></span> <span class='ocrx_word' id='word_1_564' title='bbox 2971 647 3087 702; x_wconf 56' lang='lat' dir='ltr'><strong>base</strong></span> <span class='ocrx_word' id='word_1_565' title='bbox 3109 649 3288 702; x_wconf 87' lang='lat' dir='ltr'><strong>omnia</strong></span> <span class='ocrx_word' id='word_1_566' title='bbox 3316 664 3543 719; x_wconf 76' lang='lat' dir='ltr'><strong>qumras.</strong></span> 
     </span>
    </p>
   </div>
   <div class='ocr_carea' id='block_1_66' title="bbox 1963 733 3549 810">
    <p class='ocr_par' dir='ltr' id='par_1_66' title="bbox 1963 733 3549 810">
     <span class='ocr_line' id='line_1_66' title="bbox 1963 733 3549 810; baseline 0.004 -21"><span class='ocrx_word' id='word_1_567' title='bbox 1963 733 2238 789; x_wconf 88' lang='lat' dir='ltr'><strong>Undenam</strong></span> <span class='ocrx_word' id='word_1_568' title='bbox 2270 735 2446 789; x_wconf 88' lang='lat' dir='ltr'><strong>mala?</strong></span> <span class='ocrx_word' id='word_1_569' title='bbox 2471 751 2533 791; x_wconf 86' lang='lat' dir='ltr'><strong>ex</strong></span> <span class='ocrx_word' id='word_1_570' title='bbox 2564 737 2775 806; x_wconf 86' lang='lat' dir='ltr'><strong>ignavia</strong></span> <span class='ocrx_word' id='word_1_571' title='bbox 2803 738 2976 792; x_wconf 88' lang='lat' dir='ltr'><strong>dicam</strong></span> <span class='ocrx_word' id='word_1_572' title='bbox 2997 780 3014 802; x_wconf 93' lang='lat'><strong>,</strong></span> <span class='ocrx_word' id='word_1_573' title='bbox 3040 754 3105 793; x_wconf 85' lang='lat' dir='ltr'><strong>ex</strong></span> <span class='ocrx_word' id='word_1_574' title='bbox 3137 736 3373 805; x_wconf 85' lang='lat' dir='ltr'><strong>desidia,</strong></span> <span class='ocrx_word' id='word_1_575' title='bbox 3404 740 3549 810; x_wconf 88' lang='lat' dir='ltr'><strong>quod</strong></span> 
     </span>
    </p>
   </div>
   <div class='ocr_carea' id='block_1_67' title="bbox 1958 824 3550 900">
    <p class='ocr_par' dir='ltr' id='par_1_67' title="bbox 1958 824 3550 900">
     <span class='ocr_line' id='line_1_67' title="bbox 1958 824 3550 900; baseline 0.003 -21"><span class='ocrx_word' id='word_1_576' title='bbox 1958 838 2079 879; x_wconf 90' lang='lat' dir='ltr'><strong>cum</strong></span> <span class='ocrx_word' id='word_1_577' title='bbox 2124 824 2280 882; x_wconf 76' lang='lat' dir='ltr'><strong>malis</strong></span> <span class='ocrx_word' id='word_1_578' title='bbox 2321 840 2635 894; x_wconf 79' lang='lat' dir='ltr'><strong>versemur,</strong></span> <span class='ocrx_word' id='word_1_579' title='bbox 2667 827 2810 898; x_wconf 92' lang='lat' dir='ltr'><strong>quod</strong></span> <span class='ocrx_word' id='word_1_580' title='bbox 2851 828 3103 883; x_wconf 88' lang='lat' dir='ltr'><strong>virtutem</strong></span> <span class='ocrx_word' id='word_1_581' title='bbox 3146 829 3550 900; x_wconf 83' lang='lat' dir='ltr'><strong>despiciamus;</strong></span> 
     </span>
    </p>
   </div>
   <div class='ocr_carea' id='block_1_68' title="bbox 1960 913 3552 990">
    <p class='ocr_par' dir='ltr' id='par_1_68' title="bbox 1960 913 3552 990">
     <span class='ocr_line' id='line_1_68' title="bbox 1960 913 3552 990; baseline 0.003 -21"><span class='ocrx_word' id='word_1_582' title='bbox 1960 913 2086 970; x_wconf 87' lang='lat' dir='ltr'><strong>hinc</strong></span> <span class='ocrx_word' id='word_1_583' title='bbox 2120 915 2260 970; x_wconf 83' lang='lat' dir='ltr'><strong>mala</strong></span> <span class='ocrx_word' id='word_1_584' title='bbox 2284 956 2301 983; x_wconf 94' lang='lat'><strong>,</strong></span> <span class='ocrx_word' id='word_1_585' title='bbox 2336 916 2446 971; x_wconf 90' lang='lat' dir='ltr'><strong>imo</strong></span> <span class='ocrx_word' id='word_1_586' title='bbox 2480 916 2641 972; x_wconf 86' lang='lat' dir='ltr'><strong>etiam</strong></span> <span class='ocrx_word' id='word_1_587' title='bbox 2680 918 2823 988; x_wconf 91' lang='lat' dir='ltr'><strong>quod</strong></span> <span class='ocrx_word' id='word_1_588' title='bbox 2866 928 3109 989; x_wconf 66' lang='lat' dir='ltr'><strong>quaerant</strong></span> <span class='ocrx_word' id='word_1_589' title='bbox 3147 919 3364 990; x_wconf 87' lang='lat' dir='ltr'><strong>quidam</strong></span> <span class='ocrx_word' id='word_1_590' title='bbox 3409 921 3552 976; x_wconf 82' lang='lat' dir='ltr'><strong>unde</strong></span> 
     </span>
    </p>
   </div>
   <div class='ocr_carea' id='block_1_69' title="bbox 1922 1008 3552 1083">
    <p class='ocr_par' dir='ltr' id='par_1_69' title="bbox 1922 1008 3552 1083">
     <span class='ocr_line' id='line_1_69' title="bbox 1922 1008 3552 1083; baseline 0.004 -24"><span class='ocrx_word' id='word_1_591' title='bbox 1922 1054 1926 1059; x_wconf 89' lang='lat'><strong>.</strong></span> <span class='ocrx_word' id='word_1_592' title='bbox 1960 1009 2097 1063; x_wconf 89' lang='lat' dir='ltr'><strong>mala</strong></span> <span class='ocrx_word' id='word_1_593' title='bbox 2121 1009 2246 1065; x_wconf 92' lang='lat' dir='ltr'><strong>sint.</strong></span> <span class='ocrx_word' id='word_1_594' title='bbox 2274 1008 2442 1065; x_wconf 87' lang='lat' dir='ltr'><strong>Nemo</strong></span> <span class='ocrx_word' id='word_1_595' title='bbox 2465 1011 2609 1065; x_wconf 88' lang='lat' dir='ltr'><strong>enim</strong></span> <span class='ocrx_word' id='word_1_596' title='bbox 2638 1020 2784 1065; x_wconf 86' lang='lat' dir='ltr'><strong>recte</strong></span> <span class='ocrx_word' id='word_1_597' title='bbox 2805 1011 3120 1080; x_wconf 89' lang='lat' dir='ltr'><strong>viventium,</strong></span> <span class='ocrx_word' id='word_1_598' title='bbox 3141 1027 3435 1083; x_wconf 88' lang='lat' dir='ltr'><strong>eorumque</strong></span> <span class='ocrx_word' id='word_1_599' title='bbox 3460 1012 3552 1082; x_wconf 87' lang='lat' dir='ltr'><strong>qui</strong></span> 
     </span>
    </p>
   </div>
   <div class='ocr_carea' id='block_1_70' title="bbox 1960 1098 3542 1171">
    <p class='ocr_par' dir='ltr' id='par_1_70' title="bbox 1960 1098 3542 1171">
     <span class='ocr_line' id='line_1_70' title="bbox 1960 1098 3542 1171; baseline 0.002 -18"><span class='ocrx_word' id='word_1_600' title='bbox 1960 1098 2202 1155; x_wconf 90' lang='lat' dir='ltr'><strong>modeste</strong></span> <span class='ocrx_word' id='word_1_601' title='bbox 2227 1108 2283 1156; x_wconf 89' lang='lat' dir='ltr'><strong>et</strong></span> <span class='ocrx_word' id='word_1_602' title='bbox 2313 1098 2655 1156; x_wconf 89' lang='lat' dir='ltr'><strong>continenter</strong></span> <span class='ocrx_word' id='word_1_603' title='bbox 2678 1102 2839 1156; x_wconf 91' lang='lat' dir='ltr'><strong>vitam</strong></span> <span class='ocrx_word' id='word_1_604' title='bbox 2871 1116 3030 1171; x_wconf 85' lang='lat' dir='ltr'><strong>agere</strong></span> <span class='ocrx_word' id='word_1_605' title='bbox 3059 1102 3421 1169; x_wconf 89' lang='lat' dir='ltr'><strong>instituerunt,</strong></span> <span class='ocrx_word' id='word_1_606' title='bbox 3448 1103 3542 1157; x_wconf 86' lang='lat' dir='ltr'><strong>hu-</strong></span> 
     </span>
    </p>
   </div>
   <div class='ocr_carea' id='block_1_71' title="bbox 1966 1189 3548 1262">
    <p class='ocr_par' dir='ltr' id='par_1_71' title="bbox 1966 1189 3548 1262">
     <span class='ocr_line' id='line_1_71' title="bbox 1966 1189 3548 1262; baseline -0.006 -15"><span class='ocrx_word' id='word_1_607' title='bbox 1966 1189 2781 1262; x_wconf 71' lang='lat' dir='ltr'><strong>jusmodiqutestionesmovet;</strong></span> <span class='ocrx_word' id='word_1_608' title='bbox 2807 1191 2901 1246; x_wconf 91' lang='lat' dir='ltr'><strong>sed</strong></span> <span class='ocrx_word' id='word_1_609' title='bbox 2917 1191 3010 1261; x_wconf 91' lang='lat' dir='ltr'><strong>qui</strong></span> <span class='ocrx_word' id='word_1_610' title='bbox 3039 1190 3222 1259; x_wconf 90' lang='lat' dir='ltr'><strong>iniqua</strong></span> <span class='ocrx_word' id='word_1_611' title='bbox 3240 1192 3461 1250; x_wconf 84' lang='lat' dir='ltr'><strong>audent,</strong></span> <span class='ocrx_word' id='word_1_612' title='bbox 3493 1193 3548 1237; x_wconf 87' lang='lat' dir='ltr'><strong>et</strong></span> 
     </span>
    </p>
   </div>
   <div class='ocr_carea' id='block_1_72' title="bbox 1970 1276 3548 1353">
    <p class='ocr_par' dir='ltr' id='par_1_72' title="bbox 1970 1276 3548 1353">
     <span class='ocr_line' id='line_1_72' title="bbox 1970 1276 3548 1353; baseline -0.007 -15"><span class='ocrx_word' id='word_1_613' title='bbox 1970 1283 2385 1338; x_wconf 82' lang='lat' dir='ltr'><strong>excusationem</strong></span> <span class='ocrx_word' id='word_1_614' title='bbox 2405 1283 2419 1317; x_wconf 83' lang='lat'><strong>&#39;</strong></span> <span class='ocrx_word' id='word_1_615' title='bbox 2445 1282 2741 1353; x_wconf 87' lang='lat' dir='ltr'><strong>quamdam</strong></span> <span class='ocrx_word' id='word_1_616' title='bbox 2756 1294 3215 1351; x_wconf 83' lang='lat' dir='ltr'><strong>supervacaneam</strong></span> <span class='ocrx_word' id='word_1_617' title='bbox 3236 1279 3315 1333; x_wconf 88' lang='lat' dir='ltr'><strong>sic</strong></span> <span class='ocrx_word' id='word_1_618' title='bbox 3329 1276 3548 1345; x_wconf 84' lang='lat' dir='ltr'><strong>excogi-</strong></span> 
     </span>
    </p>
   </div>
   <div class='ocr_carea' id='block_1_73' title="bbox 1971 1367 3547 1440">
    <p class='ocr_par' dir='ltr' id='par_1_73' title="bbox 1971 1367 3547 1440">
     <span class='ocr_line' id='line_1_73' title="bbox 1971 1367 3547 1440; baseline -0.007 -10"><span class='ocrx_word' id='word_1_619' title='bbox 1971 1382 2088 1430; x_wconf 85' lang='lat' dir='ltr'><strong>tare</strong></span> <span class='ocrx_word' id='word_1_620' title='bbox 2102 1373 2315 1440; x_wconf 86' lang='lat' dir='ltr'><strong>volunt,</strong></span> <span class='ocrx_word' id='word_1_621' title='bbox 2329 1387 2653 1429; x_wconf 89' lang='lat' dir='ltr'><strong>aranearum</strong></span> <span class='ocrx_word' id='word_1_622' title='bbox 2672 1373 2808 1428; x_wconf 86' lang='lat' dir='ltr'><strong>telas</strong></span> <span class='ocrx_word' id='word_1_623' title='bbox 2826 1380 3038 1429; x_wconf 88' lang='lat' dir='ltr'><strong>texunt.</strong></span> <span class='ocrx_word' id='word_1_624' title='bbox 3062 1369 3167 1425; x_wconf 83' lang='lat' dir='ltr'><strong>Sed</strong></span> <span class='ocrx_word' id='word_1_625' title='bbox 3184 1384 3282 1424; x_wconf 91' lang='lat' dir='ltr'><strong>nos</strong></span> <span class='ocrx_word' id='word_1_626' title='bbox 3297 1367 3421 1423; x_wconf 90' lang='lat' dir='ltr'><strong>illas</strong></span> <span class='ocrx_word' id='word_1_627' title='bbox 3435 1381 3547 1420; x_wconf 89' lang='lat' dir='ltr'><strong>non</strong></span> 
     </span>
    </p>
   </div>
   <div class='ocr_carea' id='block_1_74' title="bbox 1963 1461 3553 1532">
    <p class='ocr_par' dir='ltr' id='par_1_74' title="bbox 1963 1461 3553 1532">
     <span class='ocr_line' id='line_1_74' title="bbox 1963 1461 3553 1532; baseline 0 -17"><span class='ocrx_word' id='word_1_628' title='bbox 1963 1462 2140 1516; x_wconf 87' lang='lat' dir='ltr'><strong>verbis</strong></span> <span class='ocrx_word' id='word_1_629' title='bbox 2167 1461 2347 1529; x_wconf 90' lang='lat' dir='ltr'><strong>modo,</strong></span> <span class='ocrx_word' id='word_1_630' title='bbox 2371 1461 2467 1516; x_wconf 90' lang='lat' dir='ltr'><strong>sed</strong></span> <span class='ocrx_word' id='word_1_631' title='bbox 2492 1462 2744 1532; x_wconf 88' lang='lat' dir='ltr'><strong>operibus</strong></span> <span class='ocrx_word' id='word_1_632' title='bbox 2770 1461 3154 1531; x_wconf 89' lang='lat' dir='ltr'><strong>dirumpamns.</strong></span> <span class='ocrx_word' id='word_1_633' title='bbox 3182 1461 3299 1516; x_wconf 88' lang='lat' dir='ltr'><strong>Non</strong></span> <span class='ocrx_word' id='word_1_634' title='bbox 3322 1462 3465 1518; x_wconf 91' lang='lat' dir='ltr'><strong>enim</strong></span> <span class='ocrx_word' id='word_1_635' title='bbox 3488 1476 3553 1515; x_wconf 86' lang='lat' dir='ltr'><strong>ex</strong></span> 
     </span>
    </p>
   </div>
   <div class='ocr_carea' id='block_1_75' title="bbox 1950 1551 3552 1615">
    <p class='ocr_par' dir='ltr' id='par_1_75' title="bbox 1950 1551 3552 1615">
     <span class='ocr_line' id='line_1_75' title="bbox 1950 1551 3552 1615; baseline 0 -9"><span class='ocrx_word' id='word_1_636' title='bbox 1950 1552 2282 1608; x_wconf 83' lang='lat' dir='ltr'><strong>necessitate</strong></span> <span class='ocrx_word' id='word_1_637' title='bbox 2307 1563 2430 1607; x_wconf 92' lang='lat' dir='ltr'><strong>sunt</strong></span> <span class='ocrx_word' id='word_1_638' title='bbox 2472 1553 2643 1607; x_wconf 64' lang='lat' dir='ltr'><strong>istaec.</strong></span> <span class='ocrx_word' id='word_1_639' title='bbox 2676 1551 2806 1606; x_wconf 85' lang='lat' dir='ltr'><strong>Nam</strong></span> <span class='ocrx_word' id='word_1_640' title='bbox 2839 1553 2883 1607; x_wconf 91' lang='lat' dir='ltr'><strong>si</strong></span> <span class='ocrx_word' id='word_1_641' title='bbox 2914 1568 2977 1607; x_wconf 84' lang='lat' dir='ltr'><strong>ex</strong></span> <span class='ocrx_word' id='word_1_642' title='bbox 3010 1552 3325 1607; x_wconf 83' lang='lat' dir='ltr'><strong>necessitate</strong></span> <span class='ocrx_word' id='word_1_643' title='bbox 3353 1561 3552 1615; x_wconf 90' lang='lat' dir='ltr'><strong>essent,</strong></span> 
     </span>
    </p>
   </div>
   <div class='ocr_carea' id='block_1_76' title="bbox 1962 1640 3641 1718">
    <p class='ocr_par' dir='ltr' id='par_1_76' title="bbox 1962 1640 3641 1718">
     <span class='ocr_line' id='line_1_76' title="bbox 1962 1640 3641 1718; baseline -0.001 -21"><span class='ocrx_word' id='word_1_644' title='bbox 1962 1658 2068 1697; x_wconf 88' lang='lat' dir='ltr'><strong>non</strong></span> <span class='ocrx_word' id='word_1_645' title='bbox 2096 1642 2317 1699; x_wconf 82' lang='lat' dir='ltr'><strong>dixisset</strong></span> <span class='ocrx_word' id='word_1_646' title='bbox 2340 1640 2587 1699; x_wconf 85' lang='lat' dir='ltr'><strong>Christus</strong></span> <span class='ocrx_word' id='word_1_647' title='bbox 2617 1661 2631 1699; x_wconf 90' lang='lat'><strong>:</strong></span> <span class='ocrx_word' id='word_1_648' title='bbox 2667 1642 2755 1698; x_wconf 75' lang='grc' dir='ltr'><strong>γω</strong></span> <span class='ocrx_word' id='word_1_649' title='bbox 2785 1643 2977 1697; x_wconf 78' lang='lat' dir='ltr'><strong>homini</strong></span> <span class='ocrx_word' id='word_1_650' title='bbox 3005 1644 3083 1697; x_wconf 87' lang='lat' dir='ltr'><strong>illi</strong></span> <span class='ocrx_word' id='word_1_651' title='bbox 3112 1660 3202 1714; x_wconf 86' lang='lat' dir='ltr'><strong>per</strong></span> <span class='ocrx_word' id='word_1_652' title='bbox 3225 1660 3371 1714; x_wconf 86' lang='lat' dir='ltr'><strong>quem</strong></span> <span class='ocrx_word' id='word_1_653' title='bbox 3401 1660 3555 1697; x_wconf 77' lang='lat' dir='ltr'><strong>sctm-</strong></span> <span class='ocrx_word' id='word_1_654' title='bbox 3634 1710 3641 1718; x_wconf 32' lang='grc' dir='ltr'>ι</span> 
     </span>
    </p>
   </div>
   <div class='ocr_carea' id='block_1_77' title="bbox 1960 1734 3556 1806">
    <p class='ocr_par' dir='ltr' id='par_1_77' title="bbox 1960 1734 3556 1806">
     <span class='ocr_line' id='line_1_77' title="bbox 1960 1734 3556 1806; baseline 0 -18"><span class='ocrx_word' id='word_1_655' title='bbox 1960 1735 2134 1790; x_wconf 83' lang='lat' dir='ltr'><strong>datam</strong></span> <span class='ocrx_word' id='word_1_656' title='bbox 2161 1737 2311 1789; x_wconf 83' lang='lat' dir='ltr'><strong>venit.</strong></span> <span class='ocrx_word' id='word_1_657' title='bbox 2342 1736 2465 1791; x_wconf 89' lang='lat' dir='ltr'><strong>Illos</strong></span> <span class='ocrx_word' id='word_1_658' title='bbox 2491 1735 2690 1806; x_wconf 87' lang='lat' dir='ltr'><strong>quippe</strong></span> <span class='ocrx_word' id='word_1_659' title='bbox 2716 1735 2889 1790; x_wconf 91' lang='lat' dir='ltr'><strong>solum</strong></span> <span class='ocrx_word' id='word_1_660' title='bbox 2919 1736 3146 1789; x_wconf 87' lang='lat' dir='ltr'><strong>miseros</strong></span> <span class='ocrx_word' id='word_1_661' title='bbox 3174 1734 3444 1803; x_wconf 68' lang='lat' dir='ltr'><strong>prmdicat,</strong></span> <span class='ocrx_word' id='word_1_662' title='bbox 3464 1735 3556 1805; x_wconf 90' lang='lat' dir='ltr'><strong>qui</strong></span> 
     </span>
    </p>
   </div>
   <div class='ocr_carea' id='block_1_78' title="bbox 1959 1826 3558 1899">
    <p class='ocr_par' dir='ltr' id='par_1_78' title="bbox 1959 1826 3558 1899">
     <span class='ocr_line' id='line_1_78' title="bbox 1959 1826 3558 1899; baseline 0 -17"><span class='ocrx_word' id='word_1_663' title='bbox 1959 1841 2031 1882; x_wconf 88' lang='lat' dir='ltr'><strong>ex</strong></span> <span class='ocrx_word' id='word_1_664' title='bbox 2061 1827 2203 1883; x_wconf 89' lang='lat' dir='ltr'><strong>malo</strong></span> <span class='ocrx_word' id='word_1_665' title='bbox 2235 1828 2512 1899; x_wconf 91' lang='lat' dir='ltr'><strong>proposito</strong></span> <span class='ocrx_word' id='word_1_666' title='bbox 2535 1835 2715 1899; x_wconf 86' lang='lat' dir='ltr'><strong>agunt.</strong></span> <span class='ocrx_word' id='word_1_667' title='bbox 2747 1826 2804 1884; x_wconf 91' lang='lat' dir='ltr'><strong>Si</strong></span> <span class='ocrx_word' id='word_1_668' title='bbox 2835 1842 2964 1883; x_wconf 87' lang='lat' dir='ltr'><strong>vero</strong></span> <span class='ocrx_word' id='word_1_669' title='bbox 2990 1827 3154 1895; x_wconf 89' lang='lat' dir='ltr'><strong>dicat,</strong></span> <span class='ocrx_word' id='word_1_670' title='bbox 3177 1826 3280 1883; x_wconf 83' lang='lat' dir='ltr'><strong>Per</strong></span> <span class='ocrx_word' id='word_1_671' title='bbox 3296 1843 3466 1898; x_wconf 79' lang='lat' dir='ltr'><strong>quem,</strong></span> <span class='ocrx_word' id='word_1_672' title='bbox 3490 1840 3558 1882; x_wconf 80' lang='lat' dir='ltr'><strong>ne</strong></span> 
     </span>
    </p>
   </div>
   <div class='ocr_carea' id='block_1_79' title="bbox 1960 1917 3556 1990">
    <p class='ocr_par' dir='ltr' id='par_1_79' title="bbox 1960 1917 3556 1990">
     <span class='ocr_line' id='line_1_79' title="bbox 1960 1917 3556 1990; baseline 0 -19"><span class='ocrx_word' id='word_1_673' title='bbox 1960 1918 2192 1973; x_wconf 82' lang='lat' dir='ltr'><strong>mireris.</strong></span> <span class='ocrx_word' id='word_1_674' title='bbox 2238 1917 2355 1974; x_wconf 84' lang='lat' dir='ltr'><strong>Non</strong></span> <span class='ocrx_word' id='word_1_675' title='bbox 2391 1918 2536 1975; x_wconf 89' lang='lat' dir='ltr'><strong>enim</strong></span> <span class='ocrx_word' id='word_1_676' title='bbox 2576 1928 2849 1990; x_wconf 90' lang='lat' dir='ltr'><strong>tamquam</strong></span> <span class='ocrx_word' id='word_1_677' title='bbox 2887 1919 2993 1974; x_wconf 88' lang='lat' dir='ltr'><strong>alio</strong></span> <span class='ocrx_word' id='word_1_678' title='bbox 3037 1934 3132 1988; x_wconf 81' lang='lat' dir='ltr'><strong>per</strong></span> <span class='ocrx_word' id='word_1_679' title='bbox 3161 1918 3334 1989; x_wconf 90' lang='lat' dir='ltr'><strong>ipsum</strong></span> <span class='ocrx_word' id='word_1_680' title='bbox 3363 1926 3556 1988; x_wconf 85' lang='lat' dir='ltr'><strong>agente</strong></span> 
     </span>
    </p>
   </div>
   <div class='ocr_carea' id='block_1_80' title="bbox 1961 2007 3558 2081">
    <p class='ocr_par' dir='ltr' id='par_1_80' title="bbox 1961 2007 3558 2081">
     <span class='ocr_line' id='line_1_80' title="bbox 1961 2007 3558 2081; baseline -0.001 -16"><span class='ocrx_word' id='word_1_681' title='bbox 1961 2008 2063 2065; x_wconf 91' lang='lat' dir='ltr'><strong>hoc</strong></span> <span class='ocrx_word' id='word_1_682' title='bbox 2107 2010 2278 2078; x_wconf 90' lang='lat' dir='ltr'><strong>dicit,</strong></span> <span class='ocrx_word' id='word_1_683' title='bbox 2322 2010 2418 2067; x_wconf 84' lang='lat' dir='ltr'><strong>sed</strong></span> <span class='ocrx_word' id='word_1_684' title='bbox 2462 2018 2732 2081; x_wconf 78' lang='lat' dir='ltr'><strong>tamquam</strong></span> <span class='ocrx_word' id='word_1_685' title='bbox 2775 2010 2892 2081; x_wconf 90' lang='lat' dir='ltr'><strong>ipse</strong></span> <span class='ocrx_word' id='word_1_686' title='bbox 2936 2018 3102 2065; x_wconf 90' lang='lat' dir='ltr'><strong>totum</strong></span> <span class='ocrx_word' id='word_1_687' title='bbox 3144 2008 3363 2065; x_wconf 83' lang='lat' dir='ltr'><strong>efficiat.</strong></span> <span class='ocrx_word' id='word_1_688' title='bbox 3405 2007 3558 2071; x_wconf 88' lang='lat' dir='ltr'><strong>Solet</strong></span> 
     </span>
    </p>
   </div>
   <div class='ocr_carea' id='block_1_81' title="bbox 1959 2099 3552 2171">
    <p class='ocr_par' dir='ltr' id='par_1_81' title="bbox 1959 2099 3552 2171">
     <span class='ocr_line' id='line_1_81' title="bbox 1959 2099 3552 2171; baseline -0.002 -16"><span class='ocrx_word' id='word_1_689' title='bbox 1959 2100 2155 2171; x_wconf 87' lang='lat' dir='ltr'><strong>quippe</strong></span> <span class='ocrx_word' id='word_1_690' title='bbox 2179 2102 2451 2171; x_wconf 90' lang='lat' dir='ltr'><strong>Scriptura</strong></span> <span class='ocrx_word' id='word_1_691' title='bbox 2477 2100 2582 2155; x_wconf 87' lang='lat' dir='ltr'><strong>Per</strong></span> <span class='ocrx_word' id='word_1_692' title='bbox 2602 2117 2748 2171; x_wconf 85' lang='lat' dir='ltr'><strong>quem</strong></span> <span class='ocrx_word' id='word_1_693' title='bbox 2768 2100 2969 2163; x_wconf 91' lang='lat' dir='ltr'><strong>dicere,</strong></span> <span class='ocrx_word' id='word_1_694' title='bbox 2995 2108 3053 2154; x_wconf 94' lang='lat' dir='ltr'><strong>ut</strong></span> <span class='ocrx_word' id='word_1_695' title='bbox 3072 2100 3112 2153; x_wconf 84' lang='lat' dir='ltr'><strong>A</strong></span> <span class='ocrx_word' id='word_1_696' title='bbox 3135 2115 3243 2170; x_wconf 90' lang='lat' dir='ltr'><strong>quo</strong></span> <span class='ocrx_word' id='word_1_697' title='bbox 3262 2099 3552 2170; x_wconf 85' lang='lat' dir='ltr'><strong>signiticet;</strong></span> 
     </span>
    </p>
   </div>
   <div class='ocr_carea' id='block_1_82' title="bbox 1960 2189 3552 2264">
    <p class='ocr_par' dir='ltr' id='par_1_82' title="bbox 1960 2189 3552 2264">
     <span class='ocr_line' id='line_1_82' title="bbox 1960 2189 3552 2264; baseline -0.001 -17"><span class='ocrx_word' id='word_1_698' title='bbox 1960 2204 2019 2247; x_wconf 87' lang='lat' dir='ltr'><strong>ut</strong></span> <span class='ocrx_word' id='word_1_699' title='bbox 2033 2193 2245 2264; x_wconf 87' lang='lat' dir='ltr'><strong>quando</strong></span> <span class='ocrx_word' id='word_1_700' title='bbox 2264 2193 2392 2248; x_wconf 89' lang='lat' dir='ltr'><strong>dicit</strong></span> <span class='ocrx_word' id='word_1_701' title='bbox 2409 2208 2423 2245; x_wconf 93' lang='lat'>:</span> <span class='ocrx_word' id='word_1_702' title='bbox 2440 2191 2653 2247; x_wconf 84' lang='lat' dir='ltr'><strong>Possedi</strong></span> <span class='ocrx_word' id='word_1_703' title='bbox 2670 2192 2920 2247; x_wconf 84' lang='lat' dir='ltr'><strong>hominem</strong></span> <span class='ocrx_word' id='word_1_704' title='bbox 2940 2208 3030 2263; x_wconf 85' lang='lat' dir='ltr'><strong>per</strong></span> <span class='ocrx_word' id='word_1_705' title='bbox 3043 2189 3209 2244; x_wconf 84' lang='lat' dir='ltr'><strong>Deum</strong></span> <span class='ocrx_word' id='word_1_706' title='bbox 3225 2189 3379 2262; x_wconf 83' lang='lat' dir='ltr'><strong>(Gen.</strong></span> <span class='ocrx_word' id='word_1_707' title='bbox 3399 2190 3455 2245; x_wconf 67' lang='grc'><strong>4.</strong></span> <span class='ocrx_word' id='word_1_708' title='bbox 3473 2190 3552 2261; x_wconf 79' lang='lat' dir='ltr'><strong>l);</strong></span> 
     </span>
    </p>
   </div>
   <div class='ocr_carea' id='block_1_83' title="bbox 1958 2282 3549 2356">
    <p class='ocr_par' dir='ltr' id='par_1_83' title="bbox 1958 2282 3549 2356">
     <span class='ocr_line' id='line_1_83' title="bbox 1958 2282 3549 2356; baseline -0.003 -17"><span class='ocrx_word' id='word_1_709' title='bbox 1958 2300 2065 2339; x_wconf 90' lang='lat' dir='ltr'><strong>non</strong></span> <span class='ocrx_word' id='word_1_710' title='bbox 2094 2287 2424 2353; x_wconf 89' lang='lat' dir='ltr'><strong>secundam,</strong></span> <span class='ocrx_word' id='word_1_711' title='bbox 2458 2285 2552 2341; x_wconf 90' lang='lat' dir='ltr'><strong>sed</strong></span> <span class='ocrx_word' id='word_1_712' title='bbox 2582 2285 2806 2356; x_wconf 88' lang='lat' dir='ltr'><strong>primam</strong></span> <span class='ocrx_word' id='word_1_713' title='bbox 2834 2298 3050 2339; x_wconf 89' lang='lat' dir='ltr'><strong>causam</strong></span> <span class='ocrx_word' id='word_1_714' title='bbox 3081 2297 3305 2353; x_wconf 87' lang='lat' dir='ltr'><strong>ponens.</strong></span> <span class='ocrx_word' id='word_1_715' title='bbox 3336 2282 3403 2336; x_wconf 86' lang='lat' dir='ltr'><strong>Et</strong></span> <span class='ocrx_word' id='word_1_716' title='bbox 3430 2297 3549 2336; x_wconf 87' lang='lat' dir='ltr'><strong>rur-</strong></span> 
     </span>
    </p>
   </div>
   <div class='ocr_carea' id='block_1_84' title="bbox 1958 2372 3549 2447">
    <p class='ocr_par' dir='ltr' id='par_1_84' title="bbox 1958 2372 3549 2447">
     <span class='ocr_line' id='line_1_84' title="bbox 1958 2372 3549 2447; baseline -0.003 -16"><span class='ocrx_word' id='word_1_717' title='bbox 1958 2391 2070 2442; x_wconf 90' lang='lat' dir='ltr'><strong>sus,</strong></span> <span class='ocrx_word' id='word_1_718' title='bbox 2101 2375 2287 2431; x_wconf 87' lang='lat' dir='ltr'><strong>Nonne</strong></span> <span class='ocrx_word' id='word_1_719' title='bbox 2315 2394 2404 2447; x_wconf 87' lang='lat' dir='ltr'><strong>per</strong></span> <span class='ocrx_word' id='word_1_720' title='bbox 2432 2375 2595 2432; x_wconf 84' lang='lat' dir='ltr'><strong>Deam</strong></span> <span class='ocrx_word' id='word_1_721' title='bbox 2624 2376 2967 2447; x_wconf 79' lang='lat' dir='ltr'><strong>manifestatio</strong></span> <span class='ocrx_word' id='word_1_722' title='bbox 2988 2391 3159 2430; x_wconf 83' lang='lat' dir='ltr'><strong>eorum</strong></span> <span class='ocrx_word' id='word_1_723' title='bbox 3183 2383 3258 2429; x_wconf 85' lang='lat' dir='ltr'><strong>est</strong></span> <span class='ocrx_word' id='word_1_724' title='bbox 3284 2372 3436 2445; x_wconf 82' lang='lat' dir='ltr'><strong>(Gen.</strong></span> <span class='ocrx_word' id='word_1_725' title='bbox 3458 2373 3549 2428; x_wconf 73' lang='lat'><strong>40.</strong></span> 
     </span>
    </p>
   </div>
   <div class='ocr_carea' id='block_1_85' title="bbox 1957 2466 3549 2538">
    <p class='ocr_par' dir='ltr' id='par_1_85' title="bbox 1957 2466 3549 2538">
     <span class='ocr_line' id='line_1_85' title="bbox 1957 2466 3549 2538; baseline -0.003 -15"><span class='ocrx_word' id='word_1_726' title='bbox 1957 2468 2053 2536; x_wconf 80' lang='lat'><strong>8)?</strong></span> <span class='ocrx_word' id='word_1_727' title='bbox 2081 2468 2166 2534; x_wconf 88' lang='lat' dir='ltr'><strong>Et,</strong></span> <span class='ocrx_word' id='word_1_728' title='bbox 2200 2466 2396 2522; x_wconf 77' lang='lat' dir='ltr'><strong>Fidelis</strong></span> <span class='ocrx_word' id='word_1_729' title='bbox 2426 2467 2563 2522; x_wconf 82' lang='lat' dir='ltr'><strong>Dens</strong></span> <span class='ocrx_word' id='word_1_730' title='bbox 2581 2507 2596 2531; x_wconf 96' lang='lat'><strong>,</strong></span> <span class='ocrx_word' id='word_1_731' title='bbox 2627 2484 2717 2538; x_wconf 87' lang='lat' dir='ltr'><strong>per</strong></span> <span class='ocrx_word' id='word_1_732' title='bbox 2739 2484 2886 2538; x_wconf 84' lang='lat' dir='ltr'><strong>quem</strong></span> <span class='ocrx_word' id='word_1_733' title='bbox 2908 2467 3072 2521; x_wconf 76' lang='lat' dir='ltr'><strong>vocati</strong></span> <span class='ocrx_word' id='word_1_734' title='bbox 3098 2466 3215 2522; x_wconf 85' lang='lat' dir='ltr'><strong>estis</strong></span> <span class='ocrx_word' id='word_1_735' title='bbox 3240 2468 3293 2521; x_wconf 87' lang='lat' dir='ltr'><strong>in</strong></span> <span class='ocrx_word' id='word_1_736' title='bbox 3322 2482 3549 2520; x_wconf 78' lang='lat' dir='ltr'><strong>commu-</strong></span> 
     </span>
    </p>
   </div>
   <div class='ocr_carea' id='block_1_86' title="bbox 1958 2558 2979 2631">
    <p class='ocr_par' dir='ltr' id='par_1_86' title="bbox 1958 2558 2979 2631">
     <span class='ocr_line' id='line_1_86' title="bbox 1958 2558 2979 2631; baseline -0.001 -19"><span class='ocrx_word' id='word_1_737' title='bbox 1958 2561 2257 2613; x_wconf 85' lang='lat' dir='ltr'><strong>nicationem</strong></span> <span class='ocrx_word' id='word_1_738' title='bbox 2283 2558 2406 2613; x_wconf 79' lang='lat' dir='ltr'><strong>Filii</strong></span> <span class='ocrx_word' id='word_1_739' title='bbox 2434 2561 2515 2615; x_wconf 86' lang='lat' dir='ltr'><strong>sui</strong></span> <span class='ocrx_word' id='word_1_740' title='bbox 2555 2561 2638 2631; x_wconf 85' lang='lat' dir='ltr'><strong>(l.</strong></span> <span class='ocrx_word' id='word_1_741' title='bbox 2671 2558 2788 2614; x_wconf 83' lang='lat' dir='ltr'><strong>Cor.</strong></span> <span class='ocrx_word' id='word_1_742' title='bbox 2817 2561 2868 2615; x_wconf 82' lang='lat' dir='ltr'><strong>l.</strong></span> <span class='ocrx_word' id='word_1_743' title='bbox 2899 2559 2979 2624; x_wconf 88' lang='lat'><strong>9).</strong></span> 
     </span>
    </p>
   </div>
   <div class='ocr_carea' id='block_1_87' title="bbox 2028 2649 3549 2708">
    <p class='ocr_par' dir='ltr' id='par_1_87' title="bbox 2028 2649 3549 2708">
     <span class='ocr_line' id='line_1_87' title="bbox 2028 2649 3549 2708; baseline -0.002 -1"><span class='ocrx_word' id='word_1_744' title='bbox 2028 2654 2083 2707; x_wconf 66' lang='grc' dir='ltr'><strong>ὁ.</strong></span> <span class='ocrx_word' id='word_1_745' title='bbox 2126 2652 2270 2706; x_wconf 79' lang='lat' dir='ltr'><strong>Mala</strong></span> <span class='ocrx_word' id='word_1_746' title='bbox 2308 2669 2409 2707; x_wconf 91' lang='lat' dir='ltr'><strong>non</strong></span> <span class='ocrx_word' id='word_1_747' title='bbox 2449 2669 2512 2708; x_wconf 78' lang='lat' dir='ltr'><strong>ea:</strong></span> <span class='ocrx_word' id='word_1_748' title='bbox 2545 2653 2839 2708; x_wconf 81' lang='lat' dir='ltr'><strong>necessitate</strong></span> <span class='ocrx_word' id='word_1_749' title='bbox 2874 2661 3012 2706; x_wconf 81' lang='lat' dir='ltr'><strong>sunt.</strong></span> <span class='ocrx_word' id='word_1_750' title='bbox 3038 2680 3107 2692; x_wconf 86' lang='lat'><strong>--</strong></span> <span class='ocrx_word' id='word_1_751' title='bbox 3134 2649 3203 2706; x_wconf 87' lang='lat' dir='ltr'><strong>Ut</strong></span> <span class='ocrx_word' id='word_1_752' title='bbox 3230 2658 3408 2706; x_wconf 84' lang='lat' dir='ltr'><strong>autem</strong></span> <span class='ocrx_word' id='word_1_753' title='bbox 3452 2650 3549 2706; x_wconf 78' lang='lat' dir='ltr'><strong>di-</strong></span> 
     </span>
    </p>
   </div>
   <div class='ocr_carea' id='block_1_88' title="bbox 1956 2739 3545 2812">
    <p class='ocr_par' dir='ltr' id='par_1_88' title="bbox 1956 2739 3545 2812">
     <span class='ocr_line' id='line_1_88' title="bbox 1956 2739 3545 2812; baseline -0.001 -15"><span class='ocrx_word' id='word_1_754' title='bbox 1956 2756 2076 2797; x_wconf 83' lang='lat' dir='ltr'><strong>scas</strong></span> <span class='ocrx_word' id='word_1_755' title='bbox 2117 2756 2221 2798; x_wconf 91' lang='lat' dir='ltr'><strong>non</strong></span> <span class='ocrx_word' id='word_1_756' title='bbox 2252 2756 2316 2798; x_wconf 88' lang='lat' dir='ltr'><strong>ex</strong></span> <span class='ocrx_word' id='word_1_757' title='bbox 2354 2743 2673 2798; x_wconf 87' lang='lat' dir='ltr'><strong>necessitate</strong></span> <span class='ocrx_word' id='word_1_758' title='bbox 2703 2743 2840 2797; x_wconf 89' lang='lat' dir='ltr'><strong>mala</strong></span> <span class='ocrx_word' id='word_1_759' title='bbox 2868 2755 3022 2807; x_wconf 85' lang='lat' dir='ltr'><strong>esse,</strong></span> <span class='ocrx_word' id='word_1_760' title='bbox 3053 2739 3175 2795; x_wconf 88' lang='lat' dir='ltr'><strong>andi</strong></span> <span class='ocrx_word' id='word_1_761' title='bbox 3206 2755 3269 2795; x_wconf 87' lang='lat' dir='ltr'><strong>ea</strong></span> <span class='ocrx_word' id='word_1_762' title='bbox 3309 2757 3429 2812; x_wconf 70' lang='lat' dir='ltr'><strong>qua:</strong></span> <span class='ocrx_word' id='word_1_763' title='bbox 3458 2757 3545 2796; x_wconf 88' lang='lat' dir='ltr'><strong>se-</strong></span> 
     </span>
    </p>
   </div>
   <div class='ocr_carea' id='block_1_89' title="bbox 1954 2830 3550 2904">
    <p class='ocr_par' dir='ltr' id='par_1_89' title="bbox 1954 2830 3550 2904">
     <span class='ocr_line' id='line_1_89' title="bbox 1954 2830 3550 2904; baseline 0.001 -19"><span class='ocrx_word' id='word_1_764' title='bbox 1954 2842 2209 2903; x_wconf 91' lang='lat' dir='ltr'><strong>quuntur.</strong></span> <span class='ocrx_word' id='word_1_765' title='bbox 2257 2832 2391 2887; x_wconf 86' lang='lat' dir='ltr'><strong>Nam</strong></span> <span class='ocrx_word' id='word_1_766' title='bbox 2435 2841 2713 2904; x_wconf 85' lang='lat' dir='ltr'><strong>postquam</strong></span> <span class='ocrx_word' id='word_1_767' title='bbox 2760 2832 2880 2887; x_wconf 88' lang='lat' dir='ltr'><strong>illos</strong></span> <span class='ocrx_word' id='word_1_768' title='bbox 2925 2833 3148 2886; x_wconf 90' lang='lat' dir='ltr'><strong>miseros</strong></span> <span class='ocrx_word' id='word_1_769' title='bbox 3187 2830 3435 2898; x_wconf 88' lang='lat' dir='ltr'><strong>dixerat,</strong></span> <span class='ocrx_word' id='word_1_770' title='bbox 3478 2834 3550 2889; x_wconf 88' lang='lat' dir='ltr'><strong>ita</strong></span> 
     </span>
    </p>
   </div>
   <div class='ocr_carea' id='block_1_90' title="bbox 1956 2923 3550 3002">
    <p class='ocr_par' dir='ltr' id='par_1_90' title="bbox 1956 2923 3550 3002">
     <span class='ocr_line' id='line_1_90' title="bbox 1956 2923 3550 3002; baseline 0 -23"><span class='ocrx_word' id='word_1_771' title='bbox 1956 2926 2127 2997; x_wconf 89' lang='lat' dir='ltr'><strong>pergit</strong></span> <span class='ocrx_word' id='word_1_772' title='bbox 2157 2943 2170 2979; x_wconf 87' lang='lat'><strong>:</strong></span> <span class='ocrx_word' id='word_1_773' title='bbox 2203 2926 2258 2982; x_wconf 84' lang='lat'><strong>8.</strong></span> <span class='ocrx_word' id='word_1_774' title='bbox 2301 2925 2364 2982; x_wconf 85' lang='lat' dir='ltr'><strong>Si</strong></span> <span class='ocrx_word' id='word_1_775' title='bbox 2402 2942 2584 2979; x_wconf 85' lang='lat' dir='ltr'><strong>manus</strong></span> <span class='ocrx_word' id='word_1_776' title='bbox 2612 2934 2700 3002; x_wconf 85' lang='lat' dir='ltr'><strong>tua</strong></span> <span class='ocrx_word' id='word_1_777' title='bbox 2734 2924 2810 2978; x_wconf 79' lang='lat' dir='ltr'><strong>vel</strong></span> <span class='ocrx_word' id='word_1_778' title='bbox 2850 2940 2939 2992; x_wconf 85' lang='lat' dir='ltr'><strong>pes</strong></span> <span class='ocrx_word' id='word_1_779' title='bbox 2974 2933 3089 2977; x_wconf 86' lang='lat' dir='ltr'><strong>tuas</strong></span> <span class='ocrx_word' id='word_1_780' title='bbox 3115 2923 3428 2978; x_wconf 75' lang='lat' dir='ltr'><strong>scandalizat</strong></span> <span class='ocrx_word' id='word_1_781' title='bbox 3463 2935 3510 2979; x_wconf 82' lang='lat' dir='ltr'><strong>te</strong></span> <span class='ocrx_word' id='word_1_782' title='bbox 3531 2966 3550 2991; x_wconf 91' lang='lat'><strong>,</strong></span> 
     </span>
    </p>
   </div>
   <div class='ocr_carea' id='block_1_91' title="bbox 1953 3014 3550 3088">
    <p class='ocr_par' dir='ltr' id='par_1_91' title="bbox 1953 3014 3550 3088">
     <span class='ocr_line' id='line_1_91' title="bbox 1953 3014 3550 3088; baseline 0 -18"><span class='ocrx_word' id='word_1_783' title='bbox 1953 3017 2192 3071; x_wconf 80' lang='lat' dir='ltr'><strong>abscinde</strong></span> <span class='ocrx_word' id='word_1_784' title='bbox 2219 3033 2278 3070; x_wconf 90' lang='lat' dir='ltr'><strong>ea</strong></span> <span class='ocrx_word' id='word_1_785' title='bbox 2302 3056 2318 3081; x_wconf 95' lang='lat'><strong>,</strong></span> <span class='ocrx_word' id='word_1_786' title='bbox 2347 3026 2393 3071; x_wconf 90' lang='lat' dir='ltr'><strong>et</strong></span> <span class='ocrx_word' id='word_1_787' title='bbox 2429 3017 2621 3088; x_wconf 85' lang='lat' dir='ltr'><strong>projice</strong></span> <span class='ocrx_word' id='word_1_788' title='bbox 2649 3016 2738 3070; x_wconf 89' lang='lat' dir='ltr'><strong>abs</strong></span> <span class='ocrx_word' id='word_1_789' title='bbox 2766 3026 2834 3070; x_wconf 85' lang='lat' dir='ltr'><strong>te.</strong></span> <span class='ocrx_word' id='word_1_790' title='bbox 2866 3014 3066 3069; x_wconf 83' lang='lat' dir='ltr'><strong>Bonum</strong></span> <span class='ocrx_word' id='word_1_791' title='bbox 3101 3016 3232 3068; x_wconf 88' lang='lat' dir='ltr'><strong>enim</strong></span> <span class='ocrx_word' id='word_1_792' title='bbox 3276 3015 3365 3069; x_wconf 86' lang='lat' dir='ltr'><strong>tibi</strong></span> <span class='ocrx_word' id='word_1_793' title='bbox 3392 3027 3467 3070; x_wconf 85' lang='lat' dir='ltr'><strong>est</strong></span> <span class='ocrx_word' id='word_1_794' title='bbox 3497 3020 3550 3070; x_wconf 87' lang='lat' dir='ltr'><strong>in</strong></span> 
     </span>
    </p>
   </div>
   <div class='ocr_carea' id='block_1_92' title="bbox 1952 3105 3550 3178">
    <p class='ocr_par' dir='ltr' id='par_1_92' title="bbox 1952 3105 3550 3178">
     <span class='ocr_line' id='line_1_92' title="bbox 1952 3105 3550 3178; baseline -0.002 -16"><span class='ocrx_word' id='word_1_795' title='bbox 1952 3108 2108 3162; x_wconf 74' lang='lat' dir='ltr'><strong>vitam</strong></span> <span class='ocrx_word' id='word_1_796' title='bbox 2131 3108 2328 3178; x_wconf 75' lang='lat' dir='ltr'><strong>ingredi</strong></span> <span class='ocrx_word' id='word_1_797' title='bbox 2354 3108 2571 3160; x_wconf 78' lang='lat' dir='ltr'><strong>debilem</strong></span> <span class='ocrx_word' id='word_1_798' title='bbox 2587 3107 2663 3161; x_wconf 87' lang='lat' dir='ltr'><strong>vel</strong></span> <span class='ocrx_word' id='word_1_799' title='bbox 2687 3106 2947 3171; x_wconf 83' lang='lat' dir='ltr'><strong>claudum,</strong></span> <span class='ocrx_word' id='word_1_800' title='bbox 2974 3122 3126 3176; x_wconf 87' lang='lat' dir='ltr'><strong>quam</strong></span> <span class='ocrx_word' id='word_1_801' title='bbox 3147 3105 3276 3161; x_wconf 85' lang='lat' dir='ltr'><strong>duos</strong></span> <span class='ocrx_word' id='word_1_802' title='bbox 3297 3106 3451 3177; x_wconf 83' lang='lat' dir='ltr'><strong>pedes</strong></span> <span class='ocrx_word' id='word_1_803' title='bbox 3472 3108 3550 3160; x_wconf 72' lang='lat' dir='ltr'><strong>vel</strong></span> 
     </span>
    </p>
   </div>
   <div class='ocr_carea' id='block_1_93' title="bbox 1951 3195 3544 3267">
    <p class='ocr_par' dir='ltr' id='par_1_93' title="bbox 1951 3195 3544 3267">
     <span class='ocr_line' id='line_1_93' title="bbox 1951 3195 3544 3267; baseline -0.002 -16"><span class='ocrx_word' id='word_1_804' title='bbox 1951 3199 2081 3252; x_wconf 81' lang='lat' dir='ltr'><strong>duas</strong></span> <span class='ocrx_word' id='word_1_805' title='bbox 2110 3214 2288 3251; x_wconf 84' lang='lat' dir='ltr'><strong>manus</strong></span> <span class='ocrx_word' id='word_1_806' title='bbox 2314 3198 2576 3251; x_wconf 83' lang='lat' dir='ltr'><strong>habentem</strong></span> <span class='ocrx_word' id='word_1_807' title='bbox 2601 3198 2729 3250; x_wconf 83' lang='lat' dir='ltr'><strong>mitti</strong></span> <span class='ocrx_word' id='word_1_808' title='bbox 2753 3198 2807 3250; x_wconf 90' lang='lat' dir='ltr'><strong>in</strong></span> <span class='ocrx_word' id='word_1_809' title='bbox 2836 3197 3003 3267; x_wconf 88' lang='lat' dir='ltr'><strong>ignem</strong></span> <span class='ocrx_word' id='word_1_810' title='bbox 3028 3206 3295 3250; x_wconf 66' lang='lat' dir='ltr'><strong>aaternum.</strong></span> <span class='ocrx_word' id='word_1_811' title='bbox 3323 3195 3377 3252; x_wconf 88' lang='lat'><strong>9.</strong></span> <span class='ocrx_word' id='word_1_812' title='bbox 3408 3195 3475 3251; x_wconf 85' lang='lat' dir='ltr'><strong>Et</strong></span> <span class='ocrx_word' id='word_1_813' title='bbox 3501 3200 3544 3250; x_wconf 85' lang='lat' dir='ltr'><strong>si</strong></span> 
     </span>
    </p>
   </div>
   <div class='ocr_carea' id='block_1_94' title="bbox 1951 3287 3546 3358">
    <p class='ocr_par' dir='ltr' id='par_1_94' title="bbox 1951 3287 3546 3358">
     <span class='ocr_line' id='line_1_94' title="bbox 1951 3287 3546 3358; baseline -0.002 -15"><span class='ocrx_word' id='word_1_814' title='bbox 1951 3290 2127 3343; x_wconf 85' lang='lat' dir='ltr'><strong>oculus</strong></span> <span class='ocrx_word' id='word_1_815' title='bbox 2153 3297 2269 3341; x_wconf 85' lang='lat' dir='ltr'><strong>tuus</strong></span> <span class='ocrx_word' id='word_1_816' title='bbox 2294 3288 2469 3342; x_wconf 72' lang='lat' dir='ltr'><strong>dexter</strong></span> <span class='ocrx_word' id='word_1_817' title='bbox 2495 3287 2808 3342; x_wconf 76' lang='lat' dir='ltr'><strong>scandalizat</strong></span> <span class='ocrx_word' id='word_1_818' title='bbox 2846 3296 2923 3354; x_wconf 89' lang='lat' dir='ltr'><strong>te,</strong></span> <span class='ocrx_word' id='word_1_819' title='bbox 2950 3302 3069 3340; x_wconf 86' lang='lat' dir='ltr'><strong>erue</strong></span> <span class='ocrx_word' id='word_1_820' title='bbox 3093 3303 3204 3340; x_wconf 86' lang='lat' dir='ltr'><strong>eam</strong></span> <span class='ocrx_word' id='word_1_821' title='bbox 3223 3327 3239 3350; x_wconf 95' lang='lat'><strong>,</strong></span> <span class='ocrx_word' id='word_1_822' title='bbox 3276 3297 3321 3341; x_wconf 87' lang='lat' dir='ltr'><strong>et</strong></span> <span class='ocrx_word' id='word_1_823' title='bbox 3352 3289 3546 3358; x_wconf 78' lang='lat' dir='ltr'><strong>projire</strong></span> 
     </span>
    </p>
   </div>
   <div class='ocr_carea' id='block_1_95' title="bbox 1950 3376 3543 3445">
    <p class='ocr_par' dir='ltr' id='par_1_95' title="bbox 1950 3376 3543 3445">
     <span class='ocr_line' id='line_1_95' title="bbox 1950 3376 3543 3445; baseline -0.003 -11"><span class='ocrx_word' id='word_1_824' title='bbox 1950 3381 2041 3434; x_wconf 81' lang='lat' dir='ltr'><strong>abs</strong></span> <span class='ocrx_word' id='word_1_825' title='bbox 2066 3389 2116 3434; x_wconf 88' lang='lat' dir='ltr'><strong>te</strong></span> <span class='ocrx_word' id='word_1_826' title='bbox 2135 3381 2180 3434; x_wconf 76' lang='grc'><strong>⁸.</strong></span> <span class='ocrx_word' id='word_1_827' title='bbox 2207 3378 2404 3434; x_wconf 86' lang='lat' dir='ltr'><strong>Bonum</strong></span> <span class='ocrx_word' id='word_1_828' title='bbox 2425 3379 2513 3433; x_wconf 85' lang='lat' dir='ltr'><strong>tibi</strong></span> <span class='ocrx_word' id='word_1_829' title='bbox 2539 3388 2613 3433; x_wconf 83' lang='lat' dir='ltr'><strong>est</strong></span> <span class='ocrx_word' id='word_1_830' title='bbox 2636 3395 2755 3431; x_wconf 87' lang='lat' dir='ltr'><strong>cum</strong></span> <span class='ocrx_word' id='word_1_831' title='bbox 2779 3395 2881 3432; x_wconf 86' lang='lat' dir='ltr'><strong>uno</strong></span> <span class='ocrx_word' id='word_1_832' title='bbox 2905 3376 3051 3432; x_wconf 82' lang='lat' dir='ltr'><strong>oculo</strong></span> <span class='ocrx_word' id='word_1_833' title='bbox 3075 3377 3128 3430; x_wconf 89' lang='lat' dir='ltr'><strong>in</strong></span> <span class='ocrx_word' id='word_1_834' title='bbox 3153 3376 3304 3430; x_wconf 77' lang='lat' dir='ltr'><strong>vitam</strong></span> <span class='ocrx_word' id='word_1_835' title='bbox 3332 3377 3543 3445; x_wconf 72' lang='lat' dir='ltr'><strong>intrare,</strong></span> 
     </span>
    </p>
   </div>
   <div class='ocr_carea' id='block_1_96' title="bbox 1949 3468 3542 3543">
    <p class='ocr_par' dir='ltr' id='par_1_96' title="bbox 1949 3468 3542 3543">
     <span class='ocr_line' id='line_1_96' title="bbox 1949 3468 3542 3543; baseline -0.002 -17"><span class='ocrx_word' id='word_1_836' title='bbox 1949 3488 2102 3543; x_wconf 82' lang='lat' dir='ltr'><strong>quam</strong></span> <span class='ocrx_word' id='word_1_837' title='bbox 2140 3471 2267 3525; x_wconf 85' lang='lat' dir='ltr'><strong>duos</strong></span> <span class='ocrx_word' id='word_1_838' title='bbox 2302 3469 2479 3525; x_wconf 85' lang='lat' dir='ltr'><strong>oculos</strong></span> <span class='ocrx_word' id='word_1_839' title='bbox 2519 3470 2781 3524; x_wconf 85' lang='lat' dir='ltr'><strong>habentem</strong></span> <span class='ocrx_word' id='word_1_840' title='bbox 2819 3468 2949 3523; x_wconf 90' lang='lat' dir='ltr'><strong>mitti</strong></span> <span class='ocrx_word' id='word_1_841' title='bbox 2996 3468 3048 3522; x_wconf 88' lang='lat' dir='ltr'><strong>in</strong></span> <span class='ocrx_word' id='word_1_842' title='bbox 3096 3469 3351 3522; x_wconf 81' lang='lat' dir='ltr'><strong>caminum</strong></span> <span class='ocrx_word' id='word_1_843' title='bbox 3390 3469 3542 3539; x_wconf 81' lang='lat' dir='ltr'><strong>ignis.</strong></span> 
     </span>
    </p>
   </div>
   <div class='ocr_carea' id='block_1_97' title="bbox 1949 3559 3607 3628">
    <p class='ocr_par' dir='ltr' id='par_1_97' title="bbox 1949 3559 3607 3628">
     <span class='ocr_line' id='line_1_97' title="bbox 1949 3559 3607 3628; baseline -0.002 -9"><span class='ocrx_word' id='word_1_844' title='bbox 1949 3563 2067 3619; x_wconf 86' lang='lat' dir='ltr'><strong>Non</strong></span> <span class='ocrx_word' id='word_1_845' title='bbox 2093 3563 2165 3619; x_wconf 91' lang='lat' dir='ltr'><strong>de</strong></span> <span class='ocrx_word' id='word_1_846' title='bbox 2190 3561 2447 3618; x_wconf 90' lang='lat' dir='ltr'><strong>membris</strong></span> <span class='ocrx_word' id='word_1_847' title='bbox 2470 3561 2586 3618; x_wconf 76' lang='lat' dir='ltr'><strong>lucc</strong></span> <span class='ocrx_word' id='word_1_848' title='bbox 2605 3561 2735 3617; x_wconf 84' lang='lat' dir='ltr'><strong>dicit</strong></span> <span class='ocrx_word' id='word_1_849' title='bbox 2764 3581 2779 3618; x_wconf 88' lang='lat'><strong>:</strong></span> <span class='ocrx_word' id='word_1_850' title='bbox 2805 3560 2984 3627; x_wconf 85' lang='lat' dir='ltr'><strong>absit;</strong></span> <span class='ocrx_word' id='word_1_851' title='bbox 3012 3559 3106 3615; x_wconf 86' lang='lat' dir='ltr'><strong>sed</strong></span> <span class='ocrx_word' id='word_1_852' title='bbox 3129 3560 3198 3616; x_wconf 89' lang='lat' dir='ltr'><strong>de</strong></span> <span class='ocrx_word' id='word_1_853' title='bbox 3226 3561 3446 3628; x_wconf 88' lang='lat' dir='ltr'><strong>amicis,</strong></span> <span class='ocrx_word' id='word_1_854' title='bbox 3476 3562 3547 3615; x_wconf 88' lang='lat' dir='ltr'><strong>de</strong></span> <span class='ocrx_word' id='word_1_855' title='bbox 3574 3564 3607 3593; x_wconf 73' lang='grc' dir='ltr'><em>ί</em></span> 
     </span>
    </p>
   </div>
   <div class='ocr_carea' id='block_1_98' title="bbox 1952 3648 3542 3725">
    <p class='ocr_par' dir='ltr' id='par_1_98' title="bbox 1952 3648 3542 3725">
     <span class='ocr_line' id='line_1_98' title="bbox 1952 3648 3542 3725; baseline -0.004 -16"><span class='ocrx_word' id='word_1_856' title='bbox 1952 3653 2261 3725; x_wconf 83' lang='lat' dir='ltr'><strong>propinquis</strong></span> <span class='ocrx_word' id='word_1_857' title='bbox 2284 3693 2303 3720; x_wconf 92' lang='lat'><strong>,</strong></span> <span class='ocrx_word' id='word_1_858' title='bbox 2339 3667 2477 3724; x_wconf 84' lang='lat' dir='ltr'><strong>quos</strong></span> <span class='ocrx_word' id='word_1_859' title='bbox 2511 3651 2664 3724; x_wconf 86' lang='lat' dir='ltr'><strong>quasi</strong></span> <span class='ocrx_word' id='word_1_860' title='bbox 2704 3651 2824 3707; x_wconf 90' lang='lat' dir='ltr'><strong>vice</strong></span> <span class='ocrx_word' id='word_1_861' title='bbox 2859 3648 3222 3706; x_wconf 87' lang='lat' dir='ltr'><strong>membrorum</strong></span> <span class='ocrx_word' id='word_1_862' title='bbox 3263 3649 3542 3707; x_wconf 83' lang='lat' dir='ltr'><strong>habemus.</strong></span> 
     </span>
    </p>
   </div>
   <div class='ocr_carea' id='block_1_99' title="bbox 1949 3742 3544 3816">
    <p class='ocr_par' dir='ltr' id='par_1_99' title="bbox 1949 3742 3544 3816">
     <span class='ocr_line' id='line_1_99' title="bbox 1949 3742 3544 3816; baseline -0.003 -13"><span class='ocrx_word' id='word_1_863' title='bbox 1949 3745 2066 3803; x_wconf 88' lang='lat' dir='ltr'><strong>Hoc</strong></span> <span class='ocrx_word' id='word_1_864' title='bbox 2093 3745 2254 3802; x_wconf 88' lang='lat' dir='ltr'><strong>etiam</strong></span> <span class='ocrx_word' id='word_1_865' title='bbox 2280 3760 2443 3816; x_wconf 88' lang='lat' dir='ltr'><strong>supra</strong></span> <span class='ocrx_word' id='word_1_866' title='bbox 2468 3744 2622 3810; x_wconf 83' lang='lat' dir='ltr'><strong>dixit,</strong></span> <span class='ocrx_word' id='word_1_867' title='bbox 2654 3753 2709 3800; x_wconf 92' lang='lat' dir='ltr'><strong>et</strong></span> <span class='ocrx_word' id='word_1_868' title='bbox 2731 3758 2875 3800; x_wconf 91' lang='lat' dir='ltr'><strong>nunc</strong></span> <span class='ocrx_word' id='word_1_869' title='bbox 2900 3742 3051 3799; x_wconf 92' lang='lat' dir='ltr'><strong>dicit.</strong></span> <span class='ocrx_word' id='word_1_870' title='bbox 3081 3742 3222 3797; x_wconf 84' lang='lat' dir='ltr'><strong>Nihil</strong></span> <span class='ocrx_word' id='word_1_871' title='bbox 3248 3743 3444 3814; x_wconf 85' lang='lat' dir='ltr'><strong>quippe</strong></span> <span class='ocrx_word' id='word_1_872' title='bbox 3472 3746 3544 3798; x_wconf 77' lang='lat' dir='ltr'><strong>ita</strong></span> 
     </span>
    </p>
   </div>
   <div class='ocr_carea' id='block_1_100' title="bbox 1949 3833 3545 3906">
    <p class='ocr_par' dir='ltr' id='par_1_100' title="bbox 1949 3833 3545 3906">
     <span class='ocr_line' id='line_1_100' title="bbox 1949 3833 3545 3906; baseline -0.001 -13"><span class='ocrx_word' id='word_1_873' title='bbox 1949 3837 2195 3903; x_wconf 88' lang='lat' dir='ltr'><strong>noxium,</strong></span> <span class='ocrx_word' id='word_1_874' title='bbox 2224 3847 2284 3892; x_wconf 90' lang='lat' dir='ltr'><strong>ut</strong></span> <span class='ocrx_word' id='word_1_875' title='bbox 2310 3836 2646 3892; x_wconf 89' lang='lat' dir='ltr'><strong>consuetudo</strong></span> <span class='ocrx_word' id='word_1_876' title='bbox 2674 3849 2979 3905; x_wconf 89' lang='lat' dir='ltr'><strong>pravorum.</strong></span> <span class='ocrx_word' id='word_1_877' title='bbox 3006 3833 3138 3889; x_wconf 84' lang='lat' dir='ltr'><strong>Nam</strong></span> <span class='ocrx_word' id='word_1_878' title='bbox 3165 3849 3284 3906; x_wconf 75' lang='lat' dir='ltr'><strong>quae</strong></span> <span class='ocrx_word' id='word_1_879' title='bbox 3311 3838 3545 3893; x_wconf 85' lang='lat' dir='ltr'><strong>necessi-</strong></span> 
     </span>
    </p>
   </div>
   <div class='ocr_carea' id='block_1_101' title="bbox 1950 3927 3539 4000">
    <p class='ocr_par' dir='ltr' id='par_1_101' title="bbox 1950 3927 3539 4000">
     <span class='ocr_line' id='line_1_101' title="bbox 1950 3927 3539 4000; baseline -0.004 -12"><span class='ocrx_word' id='word_1_880' title='bbox 1950 3941 2032 3988; x_wconf 87' lang='lat' dir='ltr'><strong>tas</strong></span> <span class='ocrx_word' id='word_1_881' title='bbox 2052 3945 2158 3985; x_wconf 91' lang='lat' dir='ltr'><strong>non</strong></span> <span class='ocrx_word' id='word_1_882' title='bbox 2184 3937 2379 4000; x_wconf 90' lang='lat' dir='ltr'><strong>potest,</strong></span> <span class='ocrx_word' id='word_1_883' title='bbox 2400 3943 2546 3999; x_wconf 66' lang='lat' dir='ltr'><strong>saepe</strong></span> <span class='ocrx_word' id='word_1_884' title='bbox 2565 3928 2796 3984; x_wconf 89' lang='lat' dir='ltr'><strong>amicitia</strong></span> <span class='ocrx_word' id='word_1_885' title='bbox 2820 3937 3015 3998; x_wconf 89' lang='lat' dir='ltr'><strong>potest,</strong></span> <span class='ocrx_word' id='word_1_886' title='bbox 3042 3937 3151 3982; x_wconf 91' lang='lat' dir='ltr'><strong>tum</strong></span> <span class='ocrx_word' id='word_1_887' title='bbox 3173 3928 3239 3983; x_wconf 90' lang='lat' dir='ltr'><strong>ad</strong></span> <span class='ocrx_word' id='word_1_888' title='bbox 3259 3927 3539 3996; x_wconf 90' lang='lat' dir='ltr'><strong>damnum,</strong></span> 
     </span>
    </p>
   </div>
   <div class='ocr_carea' id='block_1_102' title="bbox 1950 4021 3540 4092">
    <p class='ocr_par' dir='ltr' id='par_1_102' title="bbox 1950 4021 3540 4092">
     <span class='ocr_line' id='line_1_102' title="bbox 1950 4021 3540 4092; baseline -0.002 -13"><span class='ocrx_word' id='word_1_889' title='bbox 1950 4032 2061 4079; x_wconf 92' lang='lat' dir='ltr'><strong>tum</strong></span> <span class='ocrx_word' id='word_1_890' title='bbox 2090 4023 2156 4078; x_wconf 89' lang='lat' dir='ltr'><strong>ad</strong></span> <span class='ocrx_word' id='word_1_891' title='bbox 2188 4023 2491 4078; x_wconf 90' lang='lat' dir='ltr'><strong>utilitatem.</strong></span> <span class='ocrx_word' id='word_1_892' title='bbox 2524 4021 2756 4092; x_wconf 89' lang='lat' dir='ltr'><strong>Ideoque</strong></span> <span class='ocrx_word' id='word_1_893' title='bbox 2780 4037 2875 4077; x_wconf 87' lang='lat' dir='ltr'><strong>eos</strong></span> <span class='ocrx_word' id='word_1_894' title='bbox 2900 4023 2990 4092; x_wconf 93' lang='lat' dir='ltr'><strong>qui</strong></span> <span class='ocrx_word' id='word_1_895' title='bbox 3019 4021 3173 4077; x_wconf 87' lang='lat' dir='ltr'><strong>nobis</strong></span> <span class='ocrx_word' id='word_1_896' title='bbox 3199 4024 3344 4078; x_wconf 87' lang='lat' dir='ltr'><strong>noxii</strong></span> <span class='ocrx_word' id='word_1_897' title='bbox 3375 4033 3500 4077; x_wconf 91' lang='lat' dir='ltr'><strong>sunt</strong></span> <span class='ocrx_word' id='word_1_898' title='bbox 3526 4066 3540 4084; x_wconf 85' lang='lat'><em>.</em></span> 
     </span>
    </p>
   </div>
   <div class='ocr_carea' id='block_1_103' title="bbox 1947 4113 3541 4186">
    <p class='ocr_par' dir='ltr' id='par_1_103' title="bbox 1947 4113 3541 4186">
     <span class='ocr_line' id='line_1_103' title="bbox 1947 4113 3541 4186; baseline -0.004 -12"><span class='ocrx_word' id='word_1_899' title='bbox 1947 4133 2071 4175; x_wconf 89' lang='lat' dir='ltr'><strong>cum</strong></span> <span class='ocrx_word' id='word_1_900' title='bbox 2099 4118 2261 4172; x_wconf 89' lang='lat' dir='ltr'><strong>multa</strong></span> <span class='ocrx_word' id='word_1_901' title='bbox 2287 4116 2626 4172; x_wconf 87' lang='lat' dir='ltr'><strong>vehementia</strong></span> <span class='ocrx_word' id='word_1_902' title='bbox 2652 4114 2971 4171; x_wconf 86' lang='lat' dir='ltr'><strong>abscindere</strong></span> <span class='ocrx_word' id='word_1_903' title='bbox 2987 4114 3158 4186; x_wconf 86' lang='lat' dir='ltr'><strong>jubet,</strong></span> <span class='ocrx_word' id='word_1_904' title='bbox 3181 4113 3281 4170; x_wconf 94' lang='lat' dir='ltr'><strong>hos</strong></span> <span class='ocrx_word' id='word_1_905' title='bbox 3304 4115 3541 4170; x_wconf 87' lang='lat' dir='ltr'><strong>subindi-</strong></span> 
     </span>
    </p>
   </div>
   <div class='ocr_carea' id='block_1_104' title="bbox 1949 4207 3544 4278">
    <p class='ocr_par' dir='ltr' id='par_1_104' title="bbox 1949 4207 3544 4278">
     <span class='ocr_line' id='line_1_104' title="bbox 1949 4207 3544 4278; baseline -0.003 -12"><span class='ocrx_word' id='word_1_906' title='bbox 1949 4226 2081 4266; x_wconf 90' lang='lat' dir='ltr'><strong>cans</strong></span> <span class='ocrx_word' id='word_1_907' title='bbox 2104 4210 2196 4273; x_wconf 88' lang='lat' dir='ltr'><strong>qui</strong></span> <span class='ocrx_word' id='word_1_908' title='bbox 2231 4209 2479 4264; x_wconf 89' lang='lat' dir='ltr'><strong>scandala</strong></span> <span class='ocrx_word' id='word_1_909' title='bbox 2510 4208 2753 4263; x_wconf 81' lang='lat' dir='ltr'><strong>afferent.</strong></span> <span class='ocrx_word' id='word_1_910' title='bbox 2798 4207 2986 4262; x_wconf 81' lang='lat' dir='ltr'><strong>Viden‘</strong></span> <span class='ocrx_word' id='word_1_911' title='bbox 3008 4207 3278 4278; x_wconf 88' lang='lat' dir='ltr'><strong>quomodo</strong></span> <span class='ocrx_word' id='word_1_912' title='bbox 3307 4208 3544 4262; x_wconf 89' lang='lat' dir='ltr'><strong>futurum</strong></span> 
     </span>
    </p>
   </div>
   <div class='ocr_carea' id='block_1_105' title="bbox 1949 4298 3540 4371">
    <p class='ocr_par' dir='ltr' id='par_1_105' title="bbox 1949 4298 3540 4371">
     <span class='ocr_line' id='line_1_105' title="bbox 1949 4298 3540 4371; baseline -0.002 -14"><span class='ocrx_word' id='word_1_913' title='bbox 1949 4317 2017 4357; x_wconf 88' lang='lat' dir='ltr'><strong>ex</strong></span> <span class='ocrx_word' id='word_1_914' title='bbox 2045 4301 2309 4357; x_wconf 71' lang='lat' dir='ltr'><strong>soandalis</strong></span> <span class='ocrx_word' id='word_1_915' title='bbox 2332 4302 2587 4356; x_wconf 87' lang='lat' dir='ltr'><strong>damnum</strong></span> <span class='ocrx_word' id='word_1_916' title='bbox 2615 4299 2846 4370; x_wconf 88' lang='lat' dir='ltr'><strong>depellat</strong></span> <span class='ocrx_word' id='word_1_917' title='bbox 2865 4340 2882 4365; x_wconf 90' lang='lat'><strong>,</strong></span> <span class='ocrx_word' id='word_1_918' title='bbox 2914 4298 3040 4353; x_wconf 91' lang='lat' dir='ltr'><strong>dum</strong></span> <span class='ocrx_word' id='word_1_919' title='bbox 3071 4298 3347 4371; x_wconf 68' lang='lat' dir='ltr'><strong>prmdicit,</strong></span> <span class='ocrx_word' id='word_1_920' title='bbox 3374 4314 3540 4356; x_wconf 63' lang='lat' dir='ltr'><strong>even.</strong></span> 
     </span>
    </p>
   </div>
   <div class='ocr_carea' id='block_1_106' title="bbox 1951 4389 3531 4460">
    <p class='ocr_par' dir='ltr' id='par_1_106' title="bbox 1951 4389 3531 4460">
     <span class='ocr_line' id='line_1_106' title="bbox 1951 4389 3531 4460; baseline -0.002 -12"><span class='ocrx_word' id='word_1_921' title='bbox 1951 4402 2067 4450; x_wconf 88' lang='lat' dir='ltr'><strong>tura</strong></span> <span class='ocrx_word' id='word_1_922' title='bbox 2097 4393 2183 4449; x_wconf 90' lang='lat' dir='ltr'><strong>illa</strong></span> <span class='ocrx_word' id='word_1_923' title='bbox 2214 4407 2356 4456; x_wconf 85' lang='lat' dir='ltr'><strong>esse,</strong></span> <span class='ocrx_word' id='word_1_924' title='bbox 2389 4401 2448 4446; x_wconf 89' lang='lat' dir='ltr'><strong>ut</strong></span> <span class='ocrx_word' id='word_1_925' title='bbox 2472 4391 2739 4446; x_wconf 88' lang='lat' dir='ltr'><strong>neminem</strong></span> <span class='ocrx_word' id='word_1_926' title='bbox 2771 4391 2824 4445; x_wconf 91' lang='lat' dir='ltr'><strong>in</strong></span> <span class='ocrx_word' id='word_1_927' title='bbox 2851 4389 3055 4445; x_wconf 89' lang='lat' dir='ltr'><strong>desidia</strong></span> <span class='ocrx_word' id='word_1_928' title='bbox 3080 4389 3358 4459; x_wconf 82' lang='lat' dir='ltr'><strong>degentem</strong></span> <span class='ocrx_word' id='word_1_929' title='bbox 3387 4405 3531 4460; x_wconf 76' lang='lat' dir='ltr'><strong>repe</strong></span> 
     </span>
    </p>
   </div>
   <div class='ocr_carea' id='block_1_107' title="bbox 1951 4480 3533 4552">
    <p class='ocr_par' dir='ltr' id='par_1_107' title="bbox 1951 4480 3533 4552">
     <span class='ocr_line' id='line_1_107' title="bbox 1951 4480 3533 4552; baseline -0.003 -11"><span class='ocrx_word' id='word_1_930' title='bbox 1951 4485 2111 4550; x_wconf 89' lang='lat' dir='ltr'><strong>riaut,</strong></span> <span class='ocrx_word' id='word_1_931' title='bbox 2138 4482 2232 4539; x_wconf 88' lang='lat' dir='ltr'><strong>sed</strong></span> <span class='ocrx_word' id='word_1_932' title='bbox 2263 4489 2637 4552; x_wconf 88' lang='lat' dir='ltr'><strong>exspectantes</strong></span> <span class='ocrx_word' id='word_1_933' title='bbox 2661 4481 2748 4535; x_wconf 91' lang='lat' dir='ltr'><strong>illa</strong></span> <span class='ocrx_word' id='word_1_934' title='bbox 2778 4480 2997 4552; x_wconf 88' lang='lat' dir='ltr'><strong>vigilent</strong></span> <span class='ocrx_word' id='word_1_935' title='bbox 3019 4521 3037 4547; x_wconf 88' lang='lat'><strong>,</strong></span> <span class='ocrx_word' id='word_1_936' title='bbox 3065 4480 3207 4551; x_wconf 89' lang='lat' dir='ltr'><strong>quod</strong></span> <span class='ocrx_word' id='word_1_937' title='bbox 3234 4481 3533 4552; x_wconf 61' lang='lat' dir='ltr'><strong>praedixerit</strong></span> 
     </span>
    </p>
   </div>
   <div class='ocr_carea' id='block_1_108' title="bbox 1952 4570 3544 4642">
    <p class='ocr_par' dir='ltr' id='par_1_108' title="bbox 1952 4570 3544 4642">
     <span class='ocr_line' id='line_1_108' title="bbox 1952 4570 3544 4642; baseline -0.006 -11"><span class='ocrx_word' id='word_1_938' title='bbox 1952 4574 2182 4632; x_wconf 87' lang='lat' dir='ltr'><strong>maxima</strong></span> <span class='ocrx_word' id='word_1_939' title='bbox 2212 4573 2325 4629; x_wconf 89' lang='lat' dir='ltr'><strong>fore</strong></span> <span class='ocrx_word' id='word_1_940' title='bbox 2361 4573 2538 4628; x_wconf 89' lang='lat' dir='ltr'><strong>mala?</strong></span> <span class='ocrx_word' id='word_1_941' title='bbox 2577 4572 2692 4627; x_wconf 83' lang='lat' dir='ltr'><strong>Non</strong></span> <span class='ocrx_word' id='word_1_942' title='bbox 2718 4573 2861 4627; x_wconf 88' lang='lat' dir='ltr'><strong>enim</strong></span> <span class='ocrx_word' id='word_1_943' title='bbox 2901 4571 3216 4642; x_wconf 87' lang='lat' dir='ltr'><strong>simpliciter</strong></span> <span class='ocrx_word' id='word_1_944' title='bbox 3248 4571 3417 4640; x_wconf 90' lang='lat' dir='ltr'><strong>dixit,</strong></span> <span class='ocrx_word' id='word_1_945' title='bbox 3454 4570 3544 4625; x_wconf 78' lang='lat' dir='ltr'><strong>Va:</strong></span> 
     </span>
    </p>
   </div>
   <div class='ocr_carea' id='block_1_109' title="bbox 1951 4664 3539 4736">
    <p class='ocr_par' dir='ltr' id='par_1_109' title="bbox 1951 4664 3539 4736">
     <span class='ocr_line' id='line_1_109' title="bbox 1951 4664 3539 4736; baseline -0.004 -12"><span class='ocrx_word' id='word_1_946' title='bbox 1951 4667 2141 4724; x_wconf 81' lang='lat' dir='ltr'><strong>mundo</strong></span> <span class='ocrx_word' id='word_1_947' title='bbox 2167 4684 2198 4720; x_wconf 90' lang='lat' dir='ltr'><strong>a</strong></span> <span class='ocrx_word' id='word_1_948' title='bbox 2233 4666 2507 4732; x_wconf 83' lang='lat' dir='ltr'><strong>scandatis,</strong></span> <span class='ocrx_word' id='word_1_949' title='bbox 2535 4665 2629 4721; x_wconf 87' lang='lat' dir='ltr'><strong>sed</strong></span> <span class='ocrx_word' id='word_1_950' title='bbox 2654 4673 2934 4736; x_wconf 84' lang='lat' dir='ltr'><strong>postquam</strong></span> <span class='ocrx_word' id='word_1_951' title='bbox 2958 4664 3266 4721; x_wconf 87' lang='lat' dir='ltr'><strong>ostenderat</strong></span> <span class='ocrx_word' id='word_1_952' title='bbox 3290 4680 3539 4735; x_wconf 88' lang='lat' dir='ltr'><strong>magnam</strong></span> 
     </span>
    </p>
   </div>
   <div class='ocr_carea' id='block_1_110' title="bbox 1951 4755 3542 4830">
    <p class='ocr_par' dir='ltr' id='par_1_110' title="bbox 1951 4755 3542 4830">
     <span class='ocr_line' id='line_1_110' title="bbox 1951 4755 3542 4830; baseline -0.005 -14"><span class='ocrx_word' id='word_1_953' title='bbox 1951 4760 2165 4817; x_wconf 85' lang='lat' dir='ltr'><strong>illorum</strong></span> <span class='ocrx_word' id='word_1_954' title='bbox 2183 4757 2494 4830; x_wconf 89' lang='lat' dir='ltr'><strong>perniciem.</strong></span> <span class='ocrx_word' id='word_1_955' title='bbox 2515 4756 2648 4811; x_wconf 89' lang='lat' dir='ltr'><strong>Cum</strong></span> <span class='ocrx_word' id='word_1_956' title='bbox 2670 4763 2848 4812; x_wconf 89' lang='lat' dir='ltr'><strong>autem</strong></span> <span class='ocrx_word' id='word_1_957' title='bbox 2871 4757 3125 4812; x_wconf 88' lang='lat' dir='ltr'><strong>miserum</strong></span> <span class='ocrx_word' id='word_1_958' title='bbox 3148 4755 3400 4826; x_wconf 62' lang='lat' dir='ltr'><strong>praedicat</strong></span> <span class='ocrx_word' id='word_1_959' title='bbox 3417 4773 3542 4810; x_wconf 89' lang='lat' dir='ltr'><strong>eum</strong></span> 
     </span>
    </p>
   </div>
   <div class='ocr_carea' id='block_1_111' title="bbox 1950 4845 3541 4923">
    <p class='ocr_par' dir='ltr' id='par_1_111' title="bbox 1950 4845 3541 4923">
     <span class='ocr_line' id='line_1_111' title="bbox 1950 4845 3541 4923; baseline -0.002 -18"><span class='ocrx_word' id='word_1_960' title='bbox 1950 4851 2041 4923; x_wconf 88' lang='lat' dir='ltr'><strong>qui</strong></span> <span class='ocrx_word' id='word_1_961' title='bbox 2086 4849 2337 4906; x_wconf 86' lang='lat' dir='ltr'><strong>scandala</strong></span> <span class='ocrx_word' id='word_1_962' title='bbox 2380 4847 2621 4913; x_wconf 85' lang='lat' dir='ltr'><strong>invehit,</strong></span> <span class='ocrx_word' id='word_1_963' title='bbox 2659 4846 2831 4917; x_wconf 85' lang='lat' dir='ltr'><strong>majus</strong></span> <span class='ocrx_word' id='word_1_964' title='bbox 2861 4846 2985 4901; x_wconf 90' lang='lat' dir='ltr'><strong>hinc</strong></span> <span class='ocrx_word' id='word_1_965' title='bbox 3018 4845 3134 4902; x_wconf 87' lang='lat' dir='ltr'><strong>fore</strong></span> <span class='ocrx_word' id='word_1_966' title='bbox 3162 4847 3541 4903; x_wconf 88' lang='lat' dir='ltr'><strong>detrimentum</strong></span> 
     </span>
    </p>
   </div>
   <div class='ocr_carea' id='block_1_112' title="bbox 1951 4940 3539 5011">
    <p class='ocr_par' dir='ltr' id='par_1_112' title="bbox 1951 4940 3539 5011">
     <span class='ocr_line' id='line_1_112' title="bbox 1951 4940 3539 5011; baseline -0.005 -9"><span class='ocrx_word' id='word_1_967' title='bbox 1951 4945 2208 5002; x_wconf 84' lang='lat' dir='ltr'><strong>ostendit.</strong></span> <span class='ocrx_word' id='word_1_968' title='bbox 2236 4944 2368 5001; x_wconf 85' lang='lat' dir='ltr'><strong>Nam</strong></span> <span class='ocrx_word' id='word_1_969' title='bbox 2399 4959 2519 4999; x_wconf 89' lang='lat' dir='ltr'><strong>cum</strong></span> <span class='ocrx_word' id='word_1_970' title='bbox 2547 4942 2698 5011; x_wconf 90' lang='lat' dir='ltr'><strong>dicit,</strong></span> <span class='ocrx_word' id='word_1_971' title='bbox 2736 4941 3088 4996; x_wconf 81' lang='lat' dir='ltr'><strong>Verumtamen</strong></span> <span class='ocrx_word' id='word_1_972' title='bbox 3113 4956 3189 4997; x_wconf 72' lang='lat' dir='ltr'><strong>va:</strong></span> <span class='ocrx_word' id='word_1_973' title='bbox 3214 4940 3406 4995; x_wconf 88' lang='lat' dir='ltr'><strong>homini</strong></span> <span class='ocrx_word' id='word_1_974' title='bbox 3432 4943 3539 5007; x_wconf 81' lang='lat' dir='ltr'><strong>illi,</strong></span> 
     </span>
    </p>
   </div>
   <div class='ocr_carea' id='block_1_113' title="bbox 1953 5033 3543 5110">
    <p class='ocr_par' dir='ltr' id='par_1_113' title="bbox 1953 5033 3543 5110">
     <span class='ocr_line' id='line_1_113' title="bbox 1953 5033 3543 5110; baseline -0.004 -15"><span class='ocrx_word' id='word_1_975' title='bbox 1953 5053 2205 5110; x_wconf 86' lang='lat' dir='ltr'><strong>magnum</strong></span> <span class='ocrx_word' id='word_1_976' title='bbox 2235 5038 2432 5093; x_wconf 90' lang='lat' dir='ltr'><strong>indicat</strong></span> <span class='ocrx_word' id='word_1_977' title='bbox 2454 5036 2805 5107; x_wconf 87' lang='lat' dir='ltr'><strong>supplicium;</strong></span> <span class='ocrx_word' id='word_1_978' title='bbox 2837 5050 3011 5105; x_wconf 89' lang='lat' dir='ltr'><strong>neque</strong></span> <span class='ocrx_word' id='word_1_979' title='bbox 3037 5033 3088 5089; x_wconf 92' lang='lat' dir='ltr'><strong>id</strong></span> <span class='ocrx_word' id='word_1_980' title='bbox 3115 5035 3451 5090; x_wconf 89' lang='lat' dir='ltr'><strong>solummodo</strong></span> <span class='ocrx_word' id='word_1_981' title='bbox 3474 5034 3543 5089; x_wconf 84' lang='lat' dir='ltr'><strong>fa-</strong></span> 
     </span>
    </p>
   </div>
   <div class='ocr_carea' id='block_1_114' title="bbox 1951 5113 3543 5199">
    <p class='ocr_par' dir='ltr' id='par_1_114' title="bbox 1951 5113 3543 5199">
     <span class='ocr_line' id='line_1_114' title="bbox 1951 5113 3543 5199; baseline -0.003 -12"><span class='ocrx_word' id='word_1_982' title='bbox 1951 5132 2060 5197; x_wconf 91' lang='lat' dir='ltr'><strong>cit,</strong></span> <span class='ocrx_word' id='word_1_983' title='bbox 2087 5130 2182 5187; x_wconf 85' lang='lat' dir='ltr'><strong>sed</strong></span> <span class='ocrx_word' id='word_1_984' title='bbox 2207 5129 2437 5199; x_wconf 86' lang='lat' dir='ltr'><strong>exempli</strong></span> <span class='ocrx_word' id='word_1_985' title='bbox 2464 5128 2829 5184; x_wconf 81' lang='lat' dir='ltr'><strong>additamenta</strong></span> <span class='ocrx_word' id='word_1_986' title='bbox 2857 5128 3103 5184; x_wconf 89' lang='lat' dir='ltr'><strong>timorem</strong></span> <span class='ocrx_word' id='word_1_987' title='bbox 3133 5113 3312 5199; x_wconf 80' lang='lat' dir='ltr'><strong>auget.</strong></span> <span class='ocrx_word' id='word_1_988' title='bbox 3343 5127 3543 5182; x_wconf 85' lang='lat' dir='ltr'><strong>Deinde</strong></span> 
     </span>
    </p>
   </div>
   <div class='ocr_carea' id='block_1_115' title="bbox 1956 5219 3543 5291">
    <p class='ocr_par' dir='ltr' id='par_1_115' title="bbox 1956 5219 3543 5291">
     <span class='ocr_line' id='line_1_115' title="bbox 1956 5219 3543 5291; baseline -0.003 -12"><span class='ocrx_word' id='word_1_989' title='bbox 1956 5224 2039 5280; x_wconf 87' lang='lat' dir='ltr'><strong>Itis</strong></span> <span class='ocrx_word' id='word_1_990' title='bbox 2066 5238 2174 5279; x_wconf 81' lang='lat' dir='ltr'><strong>nm</strong></span> <span class='ocrx_word' id='word_1_991' title='bbox 2202 5232 2506 5290; x_wconf 91' lang='lat' dir='ltr'><strong>contentus,</strong></span> <span class='ocrx_word' id='word_1_992' title='bbox 2532 5221 2674 5277; x_wconf 86' lang='lat' dir='ltr'><strong>viam</strong></span> <span class='ocrx_word' id='word_1_993' title='bbox 2702 5230 2986 5287; x_wconf 90' lang='lat' dir='ltr'><strong>monstrat,</strong></span> <span class='ocrx_word' id='word_1_994' title='bbox 3015 5236 3117 5291; x_wconf 89' lang='lat' dir='ltr'><strong>qua</strong></span> <span class='ocrx_word' id='word_1_995' title='bbox 3148 5219 3400 5276; x_wconf 86' lang='lat' dir='ltr'><strong>scandala</strong></span> <span class='ocrx_word' id='word_1_996' title='bbox 3424 5234 3543 5289; x_wconf 87' lang='lat' dir='ltr'><strong>pos-</strong></span> 
     </span>
    </p>
   </div>
   <div class='ocr_carea' id='block_1_116' title="bbox 1955 5311 3540 5387">
    <p class='ocr_par' dir='ltr' id='par_1_116' title="bbox 1955 5311 3540 5387">
     <span class='ocr_line' id='line_1_116' title="bbox 1955 5311 3540 5387; baseline -0.006 -15"><span class='ocrx_word' id='word_1_997' title='bbox 1955 5317 2125 5373; x_wconf 76' lang='lat' dir='ltr'><strong>simus</strong></span> <span class='ocrx_word' id='word_1_998' title='bbox 2148 5315 2403 5387; x_wconf 74' lang='lat' dir='ltr'><strong>effugere.</strong></span> <span class='ocrx_word' id='word_1_999' title='bbox 2432 5315 2687 5384; x_wconf 61' lang='lat' dir='ltr'><strong>Quasnam</strong></span> <span class='ocrx_word' id='word_1_1000' title='bbox 2718 5314 2804 5369; x_wconf 89' lang='lat' dir='ltr'><strong>illa</strong></span> <span class='ocrx_word' id='word_1_1001' title='bbox 2829 5313 2949 5368; x_wconf 85' lang='lat' dir='ltr'><strong>est?</strong></span> <span class='ocrx_word' id='word_1_1002' title='bbox 2984 5311 3262 5384; x_wconf 86' lang='lat' dir='ltr'><strong>improbos</strong></span> <span class='ocrx_word' id='word_1_1003' title='bbox 3284 5352 3300 5379; x_wconf 93' lang='lat'><strong>,</strong></span> <span class='ocrx_word' id='word_1_1004' title='bbox 3333 5311 3500 5382; x_wconf 88' lang='lat' dir='ltr'><strong>inquit</strong></span> <span class='ocrx_word' id='word_1_1005' title='bbox 3525 5350 3540 5378; x_wconf 87' lang='lat'><strong>,</strong></span> 
     </span>
    </p>
   </div>
   <div class='ocr_carea' id='block_1_117' title="bbox 1954 5405 3543 5480">
    <p class='ocr_par' dir='ltr' id='par_1_117' title="bbox 1954 5405 3543 5480">
     <span class='ocr_line' id='line_1_117' title="bbox 1954 5405 3543 5480; baseline -0.005 -15"><span class='ocrx_word' id='word_1_1006' title='bbox 1954 5410 2199 5480; x_wconf 78' lang='lat' dir='ltr'><strong>quamvis</strong></span> <span class='ocrx_word' id='word_1_1007' title='bbox 2237 5407 2524 5463; x_wconf 87' lang='lat' dir='ltr'><strong>admodum</strong></span> <span class='ocrx_word' id='word_1_1008' title='bbox 2567 5406 2661 5463; x_wconf 91' lang='lat' dir='ltr'><strong>tibi</strong></span> <span class='ocrx_word' id='word_1_1009' title='bbox 2704 5407 2814 5463; x_wconf 92' lang='lat' dir='ltr'><strong>sint</strong></span> <span class='ocrx_word' id='word_1_1010' title='bbox 2852 5407 3044 5473; x_wconf 89' lang='lat' dir='ltr'><strong>amici,</strong></span> <span class='ocrx_word' id='word_1_1011' title='bbox 3073 5407 3143 5463; x_wconf 87' lang='lat' dir='ltr'><strong>ab</strong></span> <span class='ocrx_word' id='word_1_1012' title='bbox 3182 5405 3411 5460; x_wconf 86' lang='lat' dir='ltr'><strong>amicitia</strong></span> <span class='ocrx_word' id='word_1_1013' title='bbox 3457 5414 3543 5459; x_wconf 89' lang='lat' dir='ltr'><strong>tua</strong></span> 
     </span>
    </p>
   </div>
   <div class='ocr_carea' id='block_1_118' title="bbox 1958 5494 3544 5571">
    <p class='ocr_par' dir='ltr' id='par_1_118' title="bbox 1958 5494 3544 5571">
     <span class='ocr_line' id='line_1_118' title="bbox 1958 5494 3544 5571; baseline -0.004 -15"><span class='ocrx_word' id='word_1_1014' title='bbox 1958 5501 2249 5569; x_wconf 87' lang='lat' dir='ltr'><strong>abscinde;</strong></span> <span class='ocrx_word' id='word_1_1015' title='bbox 2272 5500 2719 5571; x_wconf 90' lang='lat' dir='ltr'><strong>ineluctabileqne</strong></span> <span class='ocrx_word' id='word_1_1016' title='bbox 2743 5498 2835 5554; x_wconf 91' lang='lat' dir='ltr'><strong>tibi</strong></span> <span class='ocrx_word' id='word_1_1017' title='bbox 2857 5498 3012 5554; x_wconf 87' lang='lat' dir='ltr'><strong>all‘ert</strong></span> <span class='ocrx_word' id='word_1_1018' title='bbox 3031 5497 3389 5554; x_wconf 89' lang='lat' dir='ltr'><strong>ratiocinium.</strong></span> <span class='ocrx_word' id='word_1_1019' title='bbox 3411 5494 3544 5550; x_wconf 83' lang='lat' dir='ltr'><strong>Nam</strong></span> 
     </span>
    </p>
   </div>
   <div class='ocr_carea' id='block_1_119' title="bbox 2026 5645 2988 5711">
    <p class='ocr_par' dir='ltr' id='par_1_119' title="bbox 2026 5645 2988 5711">
     <span class='ocr_line' id='line_1_119' title="bbox 2026 5645 2988 5711; baseline -0.001 -16"><span class='ocrx_word' id='word_1_1020' title='bbox 2026 5649 2044 5681; x_wconf 76' lang='grc' dir='ltr'>ί</span> <span class='ocrx_word' id='word_1_1021' title='bbox 2074 5646 2128 5711; x_wconf 83' lang='lat' dir='ltr'><strong>in</strong></span> <span class='ocrx_word' id='word_1_1022' title='bbox 2154 5646 2315 5698; x_wconf 85' lang='lat' dir='ltr'><strong>Editis</strong></span> <span class='ocrx_word' id='word_1_1023' title='bbox 2340 5649 2493 5711; x_wconf 76' lang='lat' dir='ltr'><strong>vulgo</strong></span> <span class='ocrx_word' id='word_1_1024' title='bbox 2518 5651 2704 5711; x_wconf 79' lang='lat' dir='ltr'><strong>legitur</strong></span> <span class='ocrx_word' id='word_1_1025' title='bbox 2726 5645 2988 5711; x_wconf 73' lang='lat' dir='ltr'><strong>ignaviam.</strong></span> 
     </span>
    </p>
   </div>
   <div class='ocr_carea' id='block_1_120' title="bbox 2024 5685 3555 5774">
    <p class='ocr_par' dir='ltr' id='par_1_120' title="bbox 2024 5685 3555 5774">
     <span class='ocr_line' id='line_1_120' title="bbox 2024 5685 3555 5774; baseline -0.004 -16"><span class='ocrx_word' id='word_1_1026' title='bbox 2024 5685 3063 5774; x_wconf 44' lang='lat' dir='ltr'><strong>asesumam&#39;azg&#39;t.,&#39;t;;;;&quot;zz;a..</strong></span> <span class='ocrx_word' id='word_1_1027' title='bbox 3103 5718 3228 5756; x_wconf 82' lang='lat' dir='ltr'><strong>unus</strong></span> <span class='ocrx_word' id='word_1_1028' title='bbox 3274 5708 3467 5768; x_wconf 75' lang='lat' dir='ltr'><strong>taetn‘,</strong></span> <span class='ocrx_word' id='word_1_1029' title='bbox 3506 5708 3555 5753; x_wconf 90' lang='lat' dir='ltr'><strong>iu</strong></span> 
     </span>
    </p>
   </div>
   <div class='ocr_carea' id='block_1_121' title="bbox 1967 5774 2426 5824">
    <p class='ocr_par' dir='ltr' id='par_1_121' title="bbox 1967 5774 2426 5824">
     <span class='ocr_line' id='line_1_121' title="bbox 1967 5774 2426 5824; baseline 0 0"><span class='ocrx_word' id='word_1_1030' title='bbox 1967 5774 2134 5824; x_wconf 70' lang='lat' dir='ltr'><strong>Graeco</strong></span> <span class='ocrx_word' id='word_1_1031' title='bbox 2156 5775 2426 5824; x_wconf 82' lang='lat' dir='ltr'><strong>omisimus.</strong></span> 
     </span>
    </p>
   </div>
  </div>
