4034 6402
501 373 608 426 579

496 501 539 552 si
564 494 719 552 amici
743 493 816 547 tui
839 495 1108 550 maneant,
1130 497 1301 549 neque
1317 480 1436 533 illos
1452 475 1763 537 lttcraheris,
1783 484 1834 528 et
1859 475 2086 540 tcipsum

498 591 708 659 perdes.
741 585 798 640 Si
827 579 1124 639 abscindas,
1158 575 1383 629 salutem
1415 578 1470 624 tu
1498 568 1688 625 saltem
1715 563 2082 634 consequeris.

497 653 876 747 Quamobrem,
907 672 951 726 si
977 667 1269 737 cujuspiam
1297 673 1348 717 te
1373 659 1604 714 amicitia
1629 655 1805 720 laedat,
1835 653 2087 709 exscinde

496 746 640 826 illum
665 769 761 821 abs
789 776 859 820 te.
887 764 1016 818 Nam
1041 761 1082 813 si
1107 757 1343 812 membra
1371 762 1549 808 nostra
1574 746 1858 818 aliquando
1878 746 2088 800 abscin-

505 866 690 925 t'inms,
721 873 840 913 cmn
873 840 1184 908 insanabilia
1214 855 1338 902 sunt
1365 853 1680 910 cmtertsque
1708 837 1962 893 membris
1991 851 2084 890 uo—

494 965 637 1014 cent,
663 951 828 1005 multo
850 947 1018 1016 magis
1042 944 1242 996 amicos
1269 949 1548 993 removere
1571 941 1801 1002 Oportet.
1828 929 1881 984 Si
1909 939 2083 982 autem

493 1063 558 1101 ex
592 1054 775 1096 natura
805 1047 988 1095 essent
1016 1035 1184 1098 mala,
1220 1031 1406 1086 inutile
1435 1027 1692 1081 monitum
1722 1032 1777 1078 et
1802 1020 2082 1075 consilium

493 1148 654 1201 esset,
680 1131 946 1204 superflua
971 1128 1344 1200 praedictorum
1367 1121 1544 1176 cautio
1565 1136 1576 1170 :
1596 1119 1639 1173 si
1667 1132 1771 1172 non
1793 1111 2081 1183 superﬂua,

493 1240 542 1281 ιιι
580 1243 702 1280 vere
729 1240 834 1278 non
861 1218 1126 1290 superflua
1154 1224 1254 1279 est,
1289 1213 1459 1282 palam
1487 1219 1567 1264 est
1592 1205 1880 1275 nequitiam
1903 1219 1966 1258 ex
1992 1217 2086 1257 νο-

492 1322 693 1373 lunlate
723 1332 863 1369 esse.
899 1312 982 1367 10.
1030 1308 1205 1364 Videte
1245 1323 1306 1358 ne
1339 1301 1666 1357 contemnatis
1710 1313 1867 1350 unum
1906 1310 1970 1348 ea:
2007 1293 2086 1346 Itis

495 1409 712 1479 pusillis.
747 1406 870 1459 Dico
901 1419 1031 1456 entm
1059 1398 1214 1462 vobis,
1245 1397 1361 1467 quia
1392 1392 1562 1463 angeli
1589 1405 1761 1443 eorum
1787 1401 1980 1456 semper
2007 1385 2084 1438 vi-

492 1476 609 1556 dent
640 1499 818 1572 facient
841 1496 1014 1550 Patris
1040 1492 1136 1545 mei
1155 1490 1239 1555 qui
1265 1489 1317 1540 in
1345 1486 1478 1539 cwlis
1503 1493 1593 1536 est.
1624 1479 1849 1535 Pusillus
1873 1476 1956 1531 hic
1977 1491 2082 1530 nou

493 1609 618 1647 vere
640 1569 841 1660 parvos
865 1597 1040 1649 vocat,
1069 1583 1160 1637 sed
1188 1595 1281 1634 eos
1305 1578 1391 1647 qui
1421 1575 1558 1645 apud
1588 1573 1783 1626 multos
1811 1570 1946 1624 tales
1971 1569 2085 1623 exi-

494 1688 816 1746 stimantur,
851 1692 1110 1749 pauperes
1139 1674 1292 1736 dico,
1328 1671 1488 1730 viles,
1523 1669 1758 1736 ignotos,
1794 1660 2084 1734 (quomodo

494 1775 634 1829 enim
683 1772 907 1842 pusillus
941 1768 1008 1820 sit
1046 1765 1132 1834 qui
1179 1773 1288 1816 toto
1331 1759 1528 1813 mundo
1568 1756 1775 1825 dignior
1807 1752 1928 1807 est?
1953 1765 2086 1821 quo-

495 1868 654 1922 mudu
678 1863 897 1933 pusillus
919 1860 1005 1922 sit,
1030 1859 1118 1927 qui
1142 1866 1224 1911 est
1247 1855 1336 1908 Dei
1360 1849 1620 1917 amicus?)
1643 1847 1735 1901 sed
1757 1847 1832 1900 sic
1853 1845 2085 1914 appellat

493 1974 588 2011 eos
615 1956 700 2025 qui
742 1954 792 2006 in
826 1950 966 2020 vulgi
997 1948 1248 2016 opinione
1279 1944 1412 1998 tales
1450 1949 1592 1995 sunt.
1633 1938 1818 2008 Neque
1844 1937 1986 1992 enim
2016 1934 2084 1988 de

493 2051 673 2104 untltis
705 2045 967 2116 loquitur,
999 2041 1092 2096 sed
1121 2048 1174 2094 et
1202 2037 1269 2092 de
1301 2050 1408 2090 uno
1435 2042 1673 2094 tantum;
1705 2029 1936 2100 indeque
1963 2043 2084 2081 rur-

492 2156 586 2196 sus
611 2140 843 2195 excludit
884 2134 1254 2190 scandalorum
1296 2128 1522 2198 plurium
1563 2131 1966 2179 nocumentum.
2019 2117 2085 2174 Ut

491 2233 633 2288 enim
664 2231 834 2284 malos
861 2229 1059 2296 fugere,
1089 2225 1164 2278 sic
1193 2223 1358 2276 bonos
1385 2220 1670 2278 honorare,
1699 2214 1906 2268 lucrum
1933 2212 2085 2265 alfcrt

493 2327 783 2383 maximum
813 2338 826 2373 :
861 2335 922 2375 ac
949 2319 1137 2388 duplex
1187 2315 1308 2369 inde
1339 2312 1540 2367 utilitas
1573 2306 1863 2364 attendenti
1894 2319 2079 2375 prove-

490 2407 601 2480 nit:
630 2415 794 2468 altera
825 2428 887 2465 ex
919 2426 983 2464 eo
1008 2408 1150 2480 quod
1177 2402 1649 2462 scandalizautium
1675 2397 1937 2453 amicitias
1965 2395 2083 2464 quis

493 2519 798 2568 rcmoxcat;
823 2504 987 2556 altera
1010 2516 1076 2555 ex
1099 2515 1161 2553 eo
1185 2497 1324 2567 quod
1350 2504 1562 2550 sanctos
1585 2490 1777 2543 haheat
1803 2489 1854 2541 in
1879 2487 2085 2539 honore

493 2617 556 2654 ac
587 2596 903 2652 reverentia.
936 2592 1135 2646 Deinde
1161 2589 1262 2641 alia
1292 2587 1451 2640 etiam
1480 2584 1687 2638 ratiuue
1717 2581 1836 2634 illos
1861 2591 2085 2631 venera-

495 2695 630 2746 hiles
659 2687 853 2748 rcddit,
883 2687 1068 2740 dicens
1094 2701 1105 2736 :
1139 2681 1272 2746 Quia
1300 2677 1466 2748 angeli
1496 2691 1667 2728 eorum
1696 2687 1891 2739 semper
1917 2668 2084 2721 vident

495 2785 675 2853 facient
718 2777 886 2832 Patris
927 2775 1023 2828 mei
1059 2773 1145 2840 qui
1173 2780 1246 2824 est
1288 2771 1338 2820 in
1378 2767 1533 2820 ca-lis.
1581 2764 1715 2817 llinc
1746 2759 2083 2814 manifestum

493 2886 571 2927 est
602 2915 617 2936 ,
667 2879 880 2926 sanctos
923 2880 1110 2921 omnes
1149 2863 1220 2917 ibi
1264 2860 1480 2930 angelos
1529 2857 1745 2910 habere.
1795 2849 2086 2922 Apostolus

493 2965 636 3018 cuitu
664 2961 738 3016 ait
761 2959 828 3014 de
854 2957 1096 3015 muliere,
1125 2961 1374 3020 oportere
1399 2961 1515 3002 eam
1542 2952 1855 3014 potestatem
1876 2981 1890 3004 ,
1919 2939 1971 2995 id
2004 2947 2083 2993 est

493 3054 756 3114 velamen,
787 3062 952 3116 super
979 3051 1132 3112 caput
1163 3039 1359 3094 habere
1383 3045 1599 3107 propter
1617 3031 1837 3102 angelos
1857 3030 1933 3101 (Ι.
1961 3029 2081 3083 Cor.

495 3144 582 3198 ll.
608 3141 695 3212 lO)
720 3157 734 3204 ;
760 3147 814 3193 et
834 3137 1075 3207 Moyses:
1101 3131 1288 3187 Statuit
1312 3128 1547 3181 terminos
1569 3124 1791 3194 gentium
1811 3119 2084 3175 secundum

494 3249 760 3290 numerum
785 3230 1079 3300 angelorum
1111 3223 1204 3278 Dei
1234 3222 1420 3294 (Deut.
1450 3219 1537 3274 3‘2.
1571 3215 1666 3289 8
1698 3216 1794 3270 llic
1823 3228 1953 3268 vero
1976 3227 2082 3267 non

491 3329 561 3383 de
592 3324 798 3394 angulis
828 3329 1030 3376 tantum
1061 3315 1311 3386 loquitur,
1343 3310 1437 3366 sed
1463 3310 1531 3365 de
1556 3307 1759 3376 angelis
1784 3304 2083 3373 superemi-

493 3393 764 3473 ueutihus.
791 3411 924 3468 Cum
951 3419 1129 3463 autem
1160 3404 1326 3468 dicit,
1361 3401 1564 3454 Facient
1595 3397 1768 3450 Patris
1794 3395 1920 3457 mei,
1954 3393 2084 3448 nihil

493 3507 636 3561 aliud
671 3519 830 3574 quam
863 3500 1119 3568 majorem
1153 3495 1396 3548 fiduciam
1424 3502 1478 3546 et
1507 3490 1806 3543 libertatem
1835 3485 2002 3551 dicit,
2032 3493 2085 3539 et

495 3599 718 3654 multum
746 3595 1026 3648 honorem.
1075 3589 1161 3642 ll.
1206 3584 1347 3638 Venit
1375 3583 1508 3638 enim
1539 3577 1708 3633 Filius
1735 3578 1952 3632 hominis
1978 3575 2085 3630 sal-

493 3710 606 3747 uum
635 3691 799 3760 facere
823 3685 959 3758 quod
991 3683 1224 3754 perierat.
1274 3677 1428 3732 Aliud
1469 3689 1651 3729 rursus
1680 3670 1835 3725 affert
1865 3668 2082 3723 ratiocio

494 3787 638 3839 nium
665 3782 842 3852 priore
867 3777 1093 3840 lirmius,
1121 3782 1175 3828 et
1197 3769 1502 3842 parabolam
1524 3765 1725 3834 adjicit,
1745 3777 1846 3832 qua
1875 3761 2086 3815 Patrem

493 3877 695 3932 indm-it
737 3873 850 3927 lucc
891 3869 1177 3922 volentem.
1223 3864 1309 3917 12.
1348 3859 1484 3928 Quid
1511 3859 1644 3914 enin:
1678 3857 1815 3909 vobis
1849 3854 2045 3908 videtur
2067 3895 2083 3919 ,

494 3966 684 4034 inquit,
718 3963 762 4017 si
793 3961 976 4032 ruerint
1002 3957 1154 4012 alicui
1183 3953 1373 4008 homini
1399 3960 1592 4004 centum
1618 3965 1752 4012 oves,
1782 3956 1827 3999 et
1847 3945 2088 3998 erraverit

495 4076 597 4112 una
643 4073 705 4110 ea:
743 4053 868 4124 ipsis
893 4093 906 4116 ,
939 4066 1104 4104 nontte
1146 4047 1430 4115 relinquens
1466 4042 1741 4110 nonaginta
1772 4054 1945 4092 novem
1967 4078 1984 4102 ,
2019 4036 2089 4089 ad

495 4160 686 4202 montes
729 4149 979 4216 profectus
1019 4140 1199 4210 quaerit
1236 4134 1527 4190 errantem?
1553 4133 1638 4186 15.
1671 4131 1734 4184 Et
1761 4131 1805 4183 si
1827 4129 2088 4199 contigerit

495 4253 549 4294 ut
588 4238 807 4292 inveniat
837 4251 946 4288 eam
972 4276 984 4295 ,
1017 4231 1198 4302 gaudet
1228 4243 1378 4295 super
1415 4242 1474 4278 ea
1510 4224 1702 4292 magis,
1745 4237 1896 4292 quam
1938 4235 2089 4288 super

497 4330 774 4400 nonaginta
800 4340 972 4378 novem
996 4364 1012 4389 ,
1043 4336 1155 4392 qua:
1180 4335 1279 4372 non
1306 4323 1617 4370 erraverunt.
1659 4314 1748 4368 14.
1785 4310 1869 4364 Ita
1891 4327 1991 4364 non
2016 4319 2090 4364 est

494 4424 725 4476 voluntas
747 4433 916 4472 coram
944 4414 1096 4468 Patre
1118 4422 1278 4466 vestro
1295 4410 1334 4472 ί,
1362 4417 1416 4461 ut
1443 4415 1609 4476 pereat
1633 4421 1761 4458 unus
1781 4403 1843 4457 de
1867 4403 2090 4475 parvulis

499 4517 624 4568 istis.
659 4511 843 4567 Viden‘
869 4517 996 4578 quot
1022 4504 1196 4558 modis
1224 4517 1320 4556 nos
1346 4500 1558 4554 inducat
1584 4497 1649 4552 ad
1672 4512 1854 4553 curam
1881 4495 1962 4549 vel
1989 4495 2090 4549 mi-

500 4608 765 4659 nimarum
792 4597 1048 4653 fratrum?
1070 4594 1144 4649 Ne
1169 4594 1342 4662 itaque
1362 4591 1582 4655 dixeris,
1608 4586 1852 4643 IErarius
1869 4594 1950 4640 est
1975 4584 2088 4650 ille,

499 4707 589 4748 aut
617 4693 922 4747 calceorqu
953 4696 1122 4749 sutor,
1153 4683 1385 4753 agricola
1405 4723 1420 4748 ,
1451 4679 1728 4749 insipiens,
1761 4686 1819 4732 ut
1845 4677 1966 4732 ideo
1993 4675 2092 4730 de-

500 4786 695 4855 spicias
723 4783 890 4838 illum.
919 4779 995 4834 Ne
1016 4779 1157 4832 enim
1186 4775 1240 4829 in
1267 4773 1396 4829 illud
1424 4773 1547 4826 mali
1576 4770 1799 4832 incidas,
1825 4766 2093 4838 perpende

503 4886 635 4946 quot
663 4873 834 4928 modis
865 4883 915 4926 te
943 4870 1176 4933 inducat,
1209 4877 1265 4920 ut
1293 4865 1534 4919 modeste
1560 4877 1688 4932 agas
1710 4871 1762 4916 et
1788 4876 1972 4916 eorum
2001 4874 2096 4914 cu-

503 4983 615 5021 ram
644 4978 817 5035 guras.
847 4963 1077 5017 Puerum
1109 4960 1159 5012 in
1189 4957 1364 5010 medio
1395 4954 1618 5020 statuit,
1652 4962 1705 5007 et
1739 4953 1812 5005 ait
1839 4969 1852 5004 :
1883 4949 2094 5004 Efﬁcia-

504 5058 634 5112 miui
668 5065 725 5109 ut
766 5054 1005 5124 parvuli;
1041 5061 1128 5117 et,
1175 5050 1487 5116 Quicumque
1521 5045 1795 5110 susceperit
1829 5042 2094 5114 paruulum

506 5154 694 5214 talem,
728 5163 806 5200 me
843 5145 1085 5212 suscipit;
1109 5151 1162 5197 ct
1187 5183 1200 5204 ,
1233 5140 1332 5205 Qui
1369 5135 1783 5192 scandalizaverit
1808 5175 1823 5194 ,
1854 5141 2093 5187 extrema

507 5242 758 5312 patietur.
795 5237 976 5305 Neque
999 5241 1281 5289 contentus
1309 5230 1405 5284 fuit
1428 5229 1673 5297 exemplo
1701 5225 1878 5291 molae,
1907 5222 2001 5278 sed
2034 5221 2102 5277 il-

510 5334 598 5389 lud
642 5331 728 5384 Va:
752 5328 975 5389 addidit,
1007 5335 1165 5395 atque
1193 5323 1308 5377 illos
1337 5321 1650 5376 abscindere
1675 5319 1852 5388 jussit,
1887 5315 2095 5372 etiamsi

509 5439 763 5482 manuum
793 5434 847 5478 et
877 5421 1150 5476 oculorum
1182 5419 1300 5472 loco
1331 5414 1483 5471 uobis
1512 5424 1715 5469 essent.
1759 5412 2099 5479 Rursumque

509 5519 574 5571 ah
602 5515 802 5584 angelis
824 5556 837 5578 ,
869 5512 1062 5583 quibus
1089 5509 1360 5564 couunissi
1399 5516 1524 5562 sunt
1551 5505 1605 5558 hi
1646 5504 1838 5559 fratres
1869 5512 2057 5556 tenues
2081 5539 2096 5563 ,

511 5615 568 5661 ut
606 5608 726 5659 illus
757 5609 808 5660 in
839 5606 1012 5675 pretio
1055 5604 1344 5658 habeamus
1371 5599 1630 5668 impellit,
1676 5613 1882 5651 necnon
1911 5609 1975 5649 ex
2003 5607 2097 5647 sua

515 5701 785 5752 Voluntate
810 5709 969 5768 atque
997 5697 1242 5767 passione
1264 5694 1407 5756 (naut
1435 5708 1556 5749 cum
1583 5689 1735 5758 dicit,
1769 5688 1910 5743 Venit
1934 5685 2099 5740 Filius

584 5830 604 5861 ‘
637 5830 749 5892 Alii,
771 5839 905 5883 Patre.
929 5846 1048 5882 meo.

1214 366 1270 416 S.
1309 359 1585 417 JOANNIS
1623 354 2097 413 Clll‘tYSOSTUMl
2140 353 2458 409 AltfilllEP.
2499 353 3030 410 COXSTANTINOP.

3685 348 3785 410 58.“

2194 471 2411 524 hominis
2433 471 2627 524 saluum
2652 473 2817 538 facere
2839 471 2976 538 quod
3000 469 3234 538 perimit,
3257 484 3474 525 crucem
3493 473 3778 542 significas.

2191 561 2640 631 quemadmodum
2684 570 2737 614 ιιι
2782 559 2976 615 Paulus
3017 563 3090 613 ait
3117 603 3130 621 ,
3178 560 3247 615 de
3290 562 3452 616 fratre
3493 565 3775 618 scribens:

2194 655 2413 724 PrOpter
2439 671 2584 725 quem
2615 654 2843 708 Christus
2885 664 3109 706 mortuus
3135 664 3205 706 est
3238 653 3429 726 [Ιίοηι.
3466 656 3549 709 14.
3593 655 3774 726 15]).

2190 765 2244 802 et
2265 747 2331 802 de
2358 746 2514 801 Patre
2541 746 2581 809 ί,
2616 745 2756 815 quod
2789 760 2892 798 non
2927 745 3022 812 ipsi
3056 745 3279 812 placeat,
3313 745 3357 798 si
3389 753 3607 815 pereat;
3639 757 3780 801 etes

2187 841 2457 896 communi
2487 839 2893 901 eousuetttdine,
2925 837 3066 907 quod
3097 848 3298 907 pastor,
3329 839 3526 891 relictis
3562 837 3630 890 iis
3661 853 3784 904 quze

2190 934 2349 988 salva:
2370 940 2540 993 erant,
2566 946 2684 985 eam
2707 939 2912 998 qttmrat
2935 946 3052 998 qua!
3079 937 3369 996 erraverat,
3398 942 3448 983 et
3473 946 3595 984 eum
3630 935 3782 985 inve-

2189 1023 2330 1078 nerit
2348 1064 2363 1089 ,
2396 1023 2620 1076 multum
2654 1021 2864 1075 ltctetur
2885 1019 2955 1075 de
2983 1021 3152 1074 salute
3177 1019 3315 1088 ejus.

2259 1118 2313 1173 5.
2341 1116 2398 1172 Si
2428 1129 2557 1183 ergo
2587 1114 2726 1168 Deus
2755 1111 2826 1167 ita
2848 1111 3044 1182 gaudet
3067 1111 3136 1165 de
3168 1110 3390 1180 parvulo
3413 1111 3504 1180 qui
3533 1123 3784 1181 repertus

2190 1217 2293 1274 est,
2326 1222 2422 1262 cur
2450 1216 2500 1260 tu
2523 1204 2754 1275 deepicis
2776 1218 2870 1258 eos
2891 1217 3027 1273 quos
3055 1203 3189 1256 Deus
3217 1213 3323 1256 tam
3353 1202 3582 1257 sollicite
3604 1214 3780 1269 curat,

2188 1316 2309 1355 cum
2358 1297 2643 1369 oporteret
2673 1296 2905 1350 animam
2954 1295 3121 1364 ipsam
3169 1295 3381 1349 tradere
3426 1311 3524 1364 pro
3561 1311 3672 1348 uno
3716 1311 3781 1350 es

2188 1391 2427 1466 parvulis
2464 1389 2620 1443 istis?
2648 1387 2752 1442 Sed
2802 1388 3043 1440 inlirmus
3077 1397 3159 1440 est
3201 1395 3257 1440 et
3296 1385 3635 1440 imbecillus?
3662 1386 3784 1439 Ideo

2190 1483 2422 1537 maxime
2452 1481 2582 1534 nihil
2611 1494 2714 1532 nou
2739 1478 2999 1546 agendum
3025 1485 3125 1538 est,
3156 1487 3214 1530 ut
3241 1476 3388 1531 illum
3410 1492 3615 1531 serves.
3649 1477 3780 1531 Nam

2189 1584 2243 1629 et
2273 1574 2384 1642 ipse
2410 1571 2695 1640 nonaginta
2720 1583 2908 1624 novem
2948 1568 3148 1623 relictis
3173 1568 3384 1632 ovibus,
3412 1569 3479 1622 ad
3510 1569 3658 1622 illam
3693 1585 3781 1623 ve-

2190 1666 2286 1727 nit,
2317 1678 2414 1718 nec
2456 1663 2625 1731 potuit
2663 1669 2738 1715 tot
2782 1659 3056 1713 hominum
3104 1659 3248 1712 salus
3291 1658 3448 1712 unius
3490 1660 3781 1728 perniciem

2189 1754 2500 1807 obscurare.
2533 1751 2702 1806 Lucas
2733 1766 2863 1804 vero
2891 1751 3060 1821 ipsmu
3089 1765 3205 1804 eam
3231 1749 3469 1804 humeris
3494 1752 3782 1806 sustulisse

2188 1849 2282 1910 ait,
2323 1856 2376 1900 et
2425 1845 2593 1915 majus
2639 1843 2889 1914 gaudium
2935 1842 3116 1898 haberi
3159 1858 3320 1912 super
3363 1859 3469 1896 uno
3498 1853 3782 1912 peccatore

2190 1937 2556 2007 pmnitentiam
2605 1945 2829 2004 agente,
2878 1949 3036 2004 quam
3073 1949 3234 2003 super
3273 1934 3557 2003 nonaginta
3588 1949 3779 1988 novem

2183 2031 2345 2101 justis
2374 2029 2522 2102 (an.
2557 2029 2644 2083 15.
2674 2028 2726 2083 5.
2761 2029 2839 2090 7).
2886 2025 3016 2081 Cum
3049 2041 3176 2081 vero
3203 2035 3486 2097 propterea
3517 2027 3660 2098 illos,
3692 2042 3780 2095 qut

2189 2125 2304 2178 sani
2335 2132 2390 2178 ct
2422 2121 2552 2175 salvi
2577 2130 2748 2183 erant,
2780 2119 3014 2187 reliquit,
3058 2126 3112 2171 et
3139 2117 3207 2173 de
3231 2117 3332 2171 hoc
3361 2105 3583 2172 reducti)
3613 2119 3780 2186 magis

2189 2216 2481 2270 delectatus
2514 2223 2616 2278 est,
2647 2211 2864 2265 umltam
2907 2210 3137 2263 ostendit
3177 2210 3274 2262 hac
3313 2209 3363 2262 iu
3389 2226 3444 2261 re
3470 2224 3678 2262 curam.
3708 2207 3781 2261 Ne

2190 2307 2365 2374 itaque
2403 2305 2535 2357 tales
2565 2304 2770 2356 animas
2813 2300 3160 2370 negligamus.
3202 2299 3326 2353 llaec
3362 2299 3559 2368 quippe
3600 2300 3780 2353 omnia

2193 2397 2330 2452 hanc
2356 2397 2426 2450 ob
2453 2409 2666 2450 causam
2697 2393 2832 2446 dicta
2872 2403 3017 2446 sunt.
3061 2391 3190 2445 Nam
3219 2407 3338 2444 cttm
3371 2394 3606 2444 minatur
3631 2407 3777 2453 euut,

2189 2492 2279 2560 qui
2311 2504 2415 2543 non
2447 2486 2697 2557 parvulus
2731 2486 2990 2547 efficitur.
3039 2500 3142 2538 non
3184 2485 3498 2539 intraturum
3535 2485 3588 2538 in
3619 2487 3778 2539 caelos

2195 2595 2333 2645 esse,
2368 2589 2422 2634 et
2464 2594 2583 2632 cum
2626 2577 2819 2630 molam
2867 2585 3148 2636 memorat,
3181 2575 3541 2645 arrogantium
3583 2576 3776 2629 fastum

2189 2670 2444 2741 deprimit
2471 2667 2623 2738 (nihil
2667 2667 2809 2722 enim
2849 2667 2921 2720 ita
2949 2667 3155 2720 caritati
3199 2677 3492 2735 repugnat,
3533 2677 3594 2720 ut
3633 2683 3777 2720 arro-

2189 2762 2390 2832 gantia)
2428 2776 2443 2825 ;
2487 2775 2606 2814 cum
2634 2773 2762 2814 vero
2795 2758 2942 2821 dicit,
2978 2757 3193 2811 Necesse
3221 2767 3290 2810 est
3316 2769 3368 2810 ut
3398 2759 3598 2810 veniant
3627 2775 3776 2810 scan-

2190 2855 2329 2916 dala,
2359 2853 2722 2923 vigilantiores
2753 2849 2963 2915 reddit;
2997 2865 3059 2903 ac
3088 2865 3208 2903 cum
3240 2849 3443 2915 adjicit,
3479 2847 3569 2902 Va:
3594 2849 3674 2902 illi
3693 2866 3779 2916 per

2189 2962 2337 3017 quem
2358 2941 2658 2998 scandalum
2679 2941 2833 3005 venit,
2859 2939 2908 2992 id
2933 2946 3086 2995 curat
3117 2947 3175 2993 ut
3203 2938 3392 3007 singuli
3422 2938 3674 2994 studeant
3714 2953 3776 2993 nc

2192 3051 2287 3107 per
2313 3050 2372 3090 se
2392 3033 2700 3088 scandalum
2733 3030 2942 3093 veniat;
2988 3045 3109 3083 cum
3155 3028 3302 3097 jubet
3329 3039 3504 3083 autem
3537 3029 3776 3084 exscindi

2189 3141 2284 3182 eos
2313 3127 2402 3196 qui
2449 3122 2832 3183 scandalizant,
2862 3120 3087 3175 salutem
3123 3119 3410 3174 faciliorem
3433 3119 3628 3185 ellicit;
3657 3135 3774 3173 cum

2190 3217 2427 3290 prayeiptt
2441 3230 2508 3270 ne
2521 3215 2770 3268 minimos
2787 3221 3213 3272 contemnamus,
3235 3226 3331 3265 nec
3345 3211 3502 3264 modo
3514 3210 3796 3280 prmeipit,’

2189 3309 2284 3364 sed
2328 3323 2448 3365 cum
2479 3305 2815 3361 vehementia
2843 3305 2988 3375 (nam
3031 3303 3122 3367 ait,
3169 3301 3339 3356 Videte
3362 3319 3425 3355 ne
3448 3304 3776 3355 contemnam

2191 3418 2350 3456 unum
2374 3417 2437 3454 ea:
2463 3399 2541 3452 his
2575 3397 2842 3465 minimis),
2872 3406 2923 3450 et
2968 3409 3088 3449 cum
3119 3393 3266 3457 dicit,
3302 3394 3481 3463 Augeli
3509 3410 3684 3447 eorum
3711 3395 3777 3446 oi-

2189 3493 2307 3546 denl
2333 3489 2514 3561 faciem
2548 3487 2716 3541 Patris
2746 3487 2878 3549 mei;
2924 3494 2998 3550 et,
3050 3483 3175 3539 Ideo
3201 3485 3313 3538 ueni
3353 3499 3484 3554 ego;
3513 3495 3588 3550 et,
3627 3483 3777 3538 Pater

2190 3597 2332 3635 meus
2359 3581 2452 3634 hoc
2479 3580 2582 3633 vult
2609 3593 2627 3632 :
2659 3578 2779 3632 illus
2809 3577 2900 3648 qui
2928 3591 3114 3632 eorum
3153 3591 3339 3632 curam
3383 3575 3611 3632 habituri
3655 3584 3775 3630 sunt

2190 3671 2559 3740 diligentiores
2585 3667 2780 3723 reddit.

2262 3761 2400 3816 Deus
2426 3770 2670 3830 quantum
2696 3758 2908 3810 salutent
2934 3756 3192 3810 hominum
3217 3765 3376 3809 curet.
3403 3754 3637 3810 Salutem
3662 3771 3777 3826 pro-

2189 3855 2316 3910 ximi
2344 3869 2436 3908 nos
2475 3868 2656 3906 curare
2684 3859 2897 3920 oportet.
2922 3879 2994 3888 —
3026 3848 3210 3904 Viden‘
3231 3859 3429 3918 quanto
3464 3863 3622 3917 muro
3661 3847 3776 3901 illos

2191 3944 2644 4004 circummunivit,
2690 3951 2745 3997 et
2782 3950 3032 4010 quantam
3062 3941 3141 3995 vel
3189 3939 3433 3993 viliorum
3463 3947 3518 3993 et
3548 3953 3774 4007 perennc

2193 4040 2323 4092 tiutn
2347 4033 2759 4092 sollicitudinem
2787 4041 2956 4103 gerat,
2987 4033 3124 4086 mala
3157 4032 3491 4085 conuuinaus
3521 4031 3775 4085 intolera-

2192 4130 2322 4185 bilia
2351 4129 2416 4183 iis
2443 4127 2533 4196 qui
2565 4127 2909 4196 supplantant
2942 4124 3106 4193 ipsos,
3144 4131 3197 4176 et
3227 4137 3416 4192 magna
3462 4123 3777 4190 promittens

2193 4222 2332 4276 bona
2371 4221 2438 4275 iis
2471 4218 2558 4288 qui
2593 4217 2902 4272 ministrant
2935 4215 3062 4281 illis,
3108 4215 3356 4284 ipsosque
3386 4220 3590 4275 curant,
3624 4212 3778 4280 idque

2193 4330 2292 4370 suo
2328 4322 2491 4382 atque
2534 4310 2704 4364 Patris
2745 4307 2992 4378 exemplo
3036 4305 3352 4360 confirmat?
3395 4303 3546 4358 Iluuc
3583 4312 3641 4355 et.
3685 4315 3776 4355 nos

2196 4408 2500 4466 imitemur,
2544 4401 2673 4457 nihil
2717 4407 3027 4455 recusantes
3069 4411 3254 4452 eorum
3301 4411 3421 4464 qua:
3467 4393 3682 4448 humilia
3727 4400 3778 4446 et

2194 4497 2456 4553 laboriosa
2488 4494 2738 4548 videntur
2770 4505 2866 4561 pro
2910 4487 3162 4543 fratribus
3202 4486 3474 4555 suscipere
3503 4502 3516 4537 :
3555 4485 3652 4539 sed
3681 4482 3777 4538 etsi

2195 4591 2506 4645 ministrare
2533 4594 2796 4657 oporteat,
2835 4582 2950 4636 sive
2977 4595 3192 4650 parvus,
3236 4579 3348 4633 sive
3391 4577 3511 4630 vilis
3551 4573 3777 4630 fueritis

2195 4682 2349 4753 cujus
2374 4695 2533 4736 causa
2567 4679 2669 4732 hoc
2709 4691 2845 4748 opus
2885 4673 3214 4743 suscipitur;
3253 4669 3592 4741 quantumvis
3631 4667 3777 4722 labo-

2195 4773 2337 4828 riosa
2381 4786 2470 4826 res
2517 4769 2705 4833 fuerit;
2749 4767 2850 4822 etsi
2894 4773 3137 4834 oporteat
3176 4769 3383 4816 montes
3409 4771 3464 4815 et
3490 4757 3776 4828 prmcipitia

2199 4862 2544 4938 pertransire,
2569 4861 2745 4916 omnia
2764 4859 3062 4913 tolereutur
3078 4871 3174 4925 pro
3192 4854 3362 4908 salute
3385 4852 3585 4906 fratris.
3614 4849 3776 4905 Tanta

2197 4956 2394 5028 quippe
2423 4963 2506 5009 est
2537 4954 2644 5007 Deo
2660 4967 2784 5007 cura
2807 4949 2876 5004 de
2903 4948 3099 5010 anima,
3125 4954 3270 5000 utne
3288 4943 3426 4999 Filio
3444 4941 3660 5012 quidem
3685 4953 3778 4994 suo

2201 5046 2498 5119 pepercerit
2527 5044 2703 5113 (Rom.
2751 5042 2803 5096 8.
2837 5039 2952 5110 '52).
2984 5038 3164 5105 Quare
3191 5035 3418 5091 obsecro
3438 5074 3452 5096 ,
3498 5032 3670 5103 primo
3702 5029 3776 5084 di-

2199 5139 2376 5196 luculo
2403 5150 2525 5191 cum
2569 5150 2596 5188 a
2627 5133 2788 5187 domo
2821 5129 3135 5194 exierimus,
3179 5128 3319 5180 hunc
3365 5141 3527 5179 unum
3564 5135 3774 5193 scopum

2200 5232 2512 5294 habeamus,
2539 5236 2593 5281 et
2624 5227 2760 5280 hanc
2786 5223 3055 5295 prtccipue
3096 5217 3531 5282 sollicitudinem,
3565 5225 3622 5269 ut
3648 5212 3779 5285 peri-

2199 5324 2472 5379 clitantem
2500 5317 2809 5386 eripiamus.
2837 5313 2954 5368 Non
3004 5312 3196 5380 loquor
3225 5309 3312 5364 hic
3337 5308 3404 5362 de
3433 5306 3666 5362 sensibili
3695 5317 3777 5372 pc-

2202 5415 2409 5470 riculo:
2443 5412 2545 5466 hoc
2587 5409 2729 5464 enim
2769 5423 2836 5462 ne
2859 5405 3152 5476 periculum
3179 5401 3392 5473 quidem
3436 5410 3554 5463 est;
3593 5398 3681 5453 sed
3713 5395 3777 5449 de

2205 5506 2441 5576 periculo
2460 5503 2670 5561 animus.
2689 5498 2831 5570 quod
2871 5496 3176 5551 hominibus
3199 5503 3348 5564 parat
3367 5491 3628 5546 diabolus.
3659 5486 3782 5541 Nam

2204 5607 2491 5658 mercator,
2526 5602 2582 5647 ut
2621 5606 2750 5661 opes
2789 5597 2996 5658 augeat,
3030 5587 3248 5658 pelagus
3283 5589 3613 5648 transmeat;
3655 5579 3772 5634 arti-

2271 5815 2286 5848 =
2323 5810 2436 5871 Alii,
2463 5813 2507 5859 et
2531 5806 2592 5857 tle
2617 5804 2810 5870 spiritu.
