4034 6404
307 344 399 401 531

306 464 518 534 lexque,
543 468 601 517 ut
631 475 742 515 rem
771 457 1081 513 familiarem
1111 453 1417 526 ampliﬁcet,
1451 453 1579 508 nihil
1619 466 1724 506 non
1756 451 1882 518 agit.

304 554 412 609 Nos
441 554 619 622 itaque
648 566 716 606 ne
750 549 976 604 salutem
1009 556 1246 602 nostram
1291 543 1500 613 operari
1529 543 1657 598 satis
1693 539 1888 594 habea-

305 661 444 709 mus,
487 643 587 697 hoc
626 643 786 696 modo
821 641 962 696 enim
1004 639 1146 694 illam
1191 636 1645 692 labefactaremus.
1681 632 1890 688 Etenim

305 738 358 791 in
389 737 530 791 bello
561 745 615 791 et
638 736 752 788 acie
792 733 946 786 miles
974 730 1065 802 qui
1092 729 1144 785 id
1177 745 1337 784 unum
1365 735 1536 793 curat,
1569 734 1626 780 ut
1657 724 1774 795 fuga
1800 738 1886 777 sa-

303 835 396 888 luti
444 848 556 888 sua:
585 830 851 896 consulat,
898 829 1033 883 alios
1073 841 1255 882 secum
1294 823 1498 894 perdit;
1545 836 1667 876 eum
1705 828 1891 874 contra

301 939 553 981 strenuus
597 923 822 994 quisque
862 923 952 992 qui
999 935 1098 992 pro
1138 919 1256 973 aliis
1301 933 1448 972 arma
1492 913 1738 983 sumpsit,
1768 927 1888 967 cum

301 1021 418 1074 aliis
449 1019 681 1087 seipsum
708 1030 919 1086 quoque
947 1020 1142 1068 servat.
1172 1011 1307 1067 Cum
1348 1011 1527 1080 itaque
1569 1021 1656 1062 res
1695 1013 1892 1060 nostra:

297 1113 502 1167 bellum
529 1110 656 1175 sint,
679 1118 732 1162 et
762 1107 957 1162 bellum
979 1105 1214 1161 omnium
1233 1103 1574 1166 acerrimum,
1596 1099 1738 1155 acies
1759 1112 1888 1168 quo-

300 1219 405 1274 que
431 1212 485 1258 et
509 1215 706 1273 pugna,
752 1207 808 1253 ut
845 1199 964 1253 Rex
1007 1205 1188 1252 noster
1219 1194 1396 1266 jussit,
1431 1193 1500 1248 ita
1542 1191 1609 1246 ad
1655 1204 1888 1262 pugnam

301 1295 546 1351 instructi
589 1302 794 1348 stemus
821 1293 870 1346 itt
904 1293 1038 1358 acie,
1069 1289 1134 1345 ad
1161 1288 1335 1344 etcdes
1369 1296 1423 1342 et
1450 1286 1763 1355 sanguinem
1793 1298 1889 1353 pa-

301 1391 420 1455 rati,
449 1387 516 1444 ad
553 1388 790 1443 omnium
821 1385 1045 1440 salutem
1087 1382 1453 1453 respicientes,
1497 1377 1890 1434 commilitones

301 1481 606 1547 incitantes,
653 1479 832 1549 lapsos
855 1477 1142 1547 erigentes.
1189 1475 1320 1528 Nam
1361 1471 1512 1527 multi
1538 1485 1600 1526 ex
1637 1468 1888 1524 fratribus

300 1571 498 1626 nostris
530 1571 584 1625 in
616 1570 714 1624 hac
746 1584 916 1638 pugna
943 1569 1122 1636 jacent
1164 1565 1448 1629 vulnerati,
1479 1562 1736 1633 sanguine
1765 1577 1888 1630 per-

300 1665 422 1729 fusi,
450 1678 713 1733 nemoque
736 1672 889 1716 ettrat
929 1661 1068 1723 illos,
1108 1673 1215 1712 non
1254 1673 1285 1712 e
1328 1660 1485 1726 vulgo
1522 1654 1733 1723 aliquis,
1780 1668 1886 1707 non

300 1756 573 1820 sacerdos,
602 1770 706 1808 non
738 1754 870 1807 alius
887 1753 1080 1823 quivis,
1106 1765 1210 1804 non
1236 1759 1511 1818 patronus,
1538 1763 1640 1801 non
1661 1746 1884 1809 anticus,

300 1862 406 1901 non
434 1848 598 1900 frater
641 1862 653 1898 :
700 1844 796 1899 sed
839 1841 1030 1913 singuli
1077 1855 1171 1897 sua
1217 1849 1418 1894 tantum
1457 1846 1721 1908 spectant.
1764 1837 1888 1892 Ideo

301 1947 482 1993 nostra
511 1938 816 1992 minuimus.
846 1934 1038 1990 Nostra
1060 1933 1254 2004 quippe
1286 1931 1515 1987 maxima
1547 1929 1756 1995 fiducia,
1787 1944 1888 1982 no-

299 2042 409 2088 stra
437 2031 553 2086 laus
577 2038 679 2096 est,
708 2029 750 2084 si
789 2043 894 2083 non
921 2035 1102 2082 nostra
1135 2033 1341 2080 tantum
1379 2031 1647 2079 curemus.
1688 2020 1888 2076 Idcirco

299 2123 549 2178 imbecilli
577 2130 630 2176 et
657 2126 957 2190 cxpugnatu
995 2116 1176 2173 faciles
1209 2131 1394 2172 sumus
1422 2125 1477 2170 et
1502 2113 1810 2169 hominibus
1834 2121 1887 2167 et

299 2213 533 2278 diabolo,
560 2212 682 2282 quia
708 2209 848 2283 quod
881 2210 1002 2265 huic
1031 2207 1106 2263 rei
1131 2206 1453 2263 contrarium
1472 2213 1553 2260 est
1570 2204 1884 2275 quxrimus,

298 2321 405 2360 non
435 2319 532 2360 nos
555 2313 736 2358 mutuo
772 2302 1069 2372 obtegimus
1109 2307 1164 2355 et
1199 2297 1674 2354 circummunimus
1701 2311 1795 2367 per
1821 2296 1886 2350 il-

298 2401 404 2454 lam
444 2414 563 2469 qua:
608 2396 901 2452 secundum
944 2395 1109 2450 Deum
1155 2402 1236 2448 est
1261 2395 1577 2456 caritatem;
1619 2387 1715 2445 sed
1755 2388 1887 2442 alios

299 2492 452 2546 nobis
479 2489 765 2562 quaerimus
803 2487 1051 2543 amicitim
1076 2486 1347 2550 obtentus,
1370 2483 1460 2538 alii
1487 2498 1516 2536 a
1544 2481 1883 2552 cognatione,

298 2585 389 2639 alii
417 2599 446 2636 a
473 2581 876 2643 consuetudine,
925 2580 1014 2634 alii
1052 2594 1081 2633 a
1110 2578 1406 2643 consortio,
1450 2576 1538 2630 alii
1581 2592 1609 2630 a
1653 2575 1882 2629 vicinia:

298 2684 353 2729 et
401 2690 738 2746 quacumque
782 2673 887 2727 alia
929 2671 998 2727 de
1036 2685 1195 2726 causa
1237 2670 1412 2740 potius
1461 2668 1620 2724 amici
1662 2682 1884 2732 sumus,

293 2784 455 2839 quam
485 2785 551 2822 ex
581 2770 795 2838 pietate,
821 2782 941 2821 cum
970 2781 1034 2821 ex
1076 2766 1162 2820 illa
1193 2765 1304 2820 sola
1337 2771 1582 2834 oporteat
1626 2763 1888 2818 amicitias

293 2862 440 2935 iungi
480 2878 494 2923 ;
553 2875 693 2915 nunc
738 2859 1064 2914 contrarium
1110 2858 1322 2924 evenit,
1369 2855 1568 2911 Iudicis
1614 2863 1668 2910 et
1713 2853 1886 2925 genti-

292 2956 399 3009 bus
439 2953 724 3024 aliquando
776 2967 962 3008 sumus
1004 2950 1163 3007 amici
1215 2950 1390 3021 p0tius
1429 2953 1584 3019 quam
1635 2947 1885 3002 Ecclesia:

291 3049 442 3105 filiis.

367 3143 421 3198 6.
451 3141 650 3197 Caritas
689 3153 735 3197 et
769 3141 1039 3196 tolerantia
1065 3155 1185 3211 erga
1211 3138 1497 3209 proximum
1522 3131 1883 3191 commendan-

289 3247 398 3292 tur.
431 3235 637 3290 Fratres
678 3236 838 3291 nostri
867 3251 1000 3305 saepe
1024 3232 1264 3288 monendi
1303 3241 1439 3308 sunt.
1469 3259 1540 3271 —
1565 3228 1758 3291 Etiam,
1797 3225 1886 3279 in—

293 3332 483 3401 quies;
515 3345 638 3384 nam
679 3330 768 3384 ille
795 3328 1068 3396 improbos
1095 3334 1198 3389 est,
1231 3326 1315 3380 hic
1341 3338 1466 3378 vero
1495 3324 1667 3378 bonus
1689 3330 1745 3376 et
1773 3334 1888 3373 tno-

291 3425 501 3478 destus.
530 3423 666 3490 Quid
705 3422 882 3478 dicis?
929 3421 1227 3490 improbum
1253 3418 1472 3473 fratrem
1501 3431 1662 3471 vocas
1693 3423 1767 3478 tu,
1799 3414 1884 3468 cui

291 3517 520 3571 vetitum
552 3523 633 3570 est
663 3515 742 3570 vel
763 3529 883 3569 raea
913 3515 1142 3570 vocare?
1173 3521 1346 3568 necte
1365 3511 1546 3582 pudet,
1568 3525 1666 3565 nec
1690 3508 1885 3565 erube-

289 3609 403 3661 scis
433 3607 650 3661 fratrem
684 3607 989 3672 traducens,
1012 3605 1312 3660 membrum
1335 3613 1504 3667 tuum,
1533 3617 1654 3657 eum
1676 3601 1766 3671 qui
1789 3615 1886 3656 eo-

290 3702 418 3756 dem
439 3711 596 3756 natus
613 3709 877 3770 estpartu,
899 3700 985 3769 qui
1009 3709 1088 3753 est
1105 3697 1345 3768 ejusdem
1374 3709 1573 3751 mensae
1599 3695 1888 3764 particeps?

290 3792 403 3848 Sed
443 3793 488 3848 si
531 3792 749 3848 fratrem
797 3791 1090 3846 secundum
1129 3803 1344 3844 carnem
1401 3790 1631 3853 habeas,
1678 3784 1887 3840 etiamsi

292 3883 445 3937 mille
483 3883 685 3937 scelera
715 3882 976 3945 admittat,
1019 3881 1164 3935 illum
1207 3877 1375 3940 foves,
1421 3885 1476 3933 et
1522 3878 1567 3931 si
1617 3875 1706 3930 ille
1749 3876 1886 3929 mala

291 3976 439 4031 fama
489 3977 712 4040 laboret,
761 3985 916 4046 putas
961 3984 1012 4029 te
1056 3972 1336 4029 dedecoris
1380 3986 1500 4026 esse
1540 3979 1883 4024 consortem:

290 4068 628 4140 spiritualem
660 4083 789 4122 vero
817 4068 1058 4132 fratrem,
1087 4080 1245 4134 quem
1275 4063 1558 4119 calumniis
1589 4061 1886 4130 impetitum

291 4160 587 4217 defendere
616 4168 906 4229 oporteret,
937 4156 1230 4212 innumeris
1261 4169 1455 4210 oneras
1499 4151 1799 4207 maledictis
1836 4159 1891 4205 et

292 4251 785 4313 criminationibus,
831 4249 1130 4319 improbutn
1182 4261 1360 4300 vocas.
1411 4243 1692 4313 Improbus
1720 4241 1886 4304 enim,

293 4347 494 4418 inquis,
515 4345 732 4400 difficile
754 4343 1027 4398 toleratur.
1046 4339 1201 4411 Atqui
1226 4339 1345 4394 ideo
1366 4337 1530 4392 debes
1554 4336 1627 4390 illi
1655 4334 1888 4389 amicitia

291 4438 469 4510 iungi,
501 4446 558 4491 ut
598 4451 720 4492 eum
762 4450 792 4489 a
835 4434 961 4488 vitio
996 4446 1293 4497 removeas,
1327 4438 1384 4484 ut
1413 4435 1694 4484 convertas
1733 4434 1787 4480 ct
1822 4423 1887 4478 ad

292 4533 551 4585 virtutem
577 4528 821 4583 reducas.
855 4526 922 4580 At
965 4539 1072 4580 non
1103 4523 1457 4592 obtemperat,
1491 4517 1686 4588 inquis,
1719 4530 1890 4586 neque

291 4622 580 4679 consilium
621 4619 870 4674 admittit.
910 4617 1062 4674 Unde
1088 4615 1190 4670 hoc
1218 4613 1395 4668 nosti?
1436 4627 1504 4666 an
1533 4610 1774 4664 hortatus
1808 4621 1886 4673 es,

291 4725 350 4771 et
380 4713 668 4768 emendare
703 4709 986 4765 studuisti?
1012 4707 1266 4762 Hortatus
1312 4719 1454 4774 smpe
1483 4717 1621 4766 sum,
1659 4699 1887 4770 inquies.

293 4807 560 4877 Quaties?
598 4805 827 4874 Saepius,
866 4803 1033 4858 semel
1061 4811 1116 4858 et
1147 4802 1360 4856 iterum.
1406 4796 1597 4866 Papze!
1640 4794 1762 4849 idne
1790 4808 1890 4847 sa:-

295 4900 420 4970 pius
444 4896 643 4953 vocas?
670 4895 893 4950 Etiamsi
937 4909 1030 4963 per
1059 4903 1222 4948 totam
1249 4891 1411 4944 vitam
1445 4888 1494 4943 id
1522 4887 1759 4951 fecisses,
1793 4899 1892 4939 nec

294 4989 552 5054 deﬁcere,
576 5002 675 5044 nec
696 4987 980 5056 chperare
997 4983 1295 5055 oportebat.
1319 4981 1434 5036 Non
1457 4979 1604 5034 vides
1624 4976 1892 5049 quomodo

297 5095 405 5137 nos
433 5081 572 5135 Deus
597 5095 812 5148 semper
853 5077 1098 5133 hortetur
1129 5091 1222 5146 per
1264 5072 1552 5144 prophetas
1577 5114 1592 5138 ,
1626 5086 1721 5140 per
1757 5086 1890 5140 apo-

295 5173 493 5237 stolos,
523 5186 620 5241 per
644 5169 1033 5240 evangelistas?
1062 5166 1199 5236 Quid
1232 5164 1428 5238 igitur?
1455 5179 1580 5218 num
1610 5163 1728 5218 ideo
1750 5171 1894 5218 recte

300 5280 613 5335 Operamur,
643 5279 768 5317 num
801 5264 853 5318 in
874 5260 1121 5316 omnibus
1154 5256 1627 5328 obtemperamus?
1655 5255 1890 5309 Minime.

300 5357 441 5414 Num
470 5356 591 5410 ideo
621 5355 708 5410 ille
751 5357 913 5408 linem
959 5353 1081 5408 fecit
1122 5347 1492 5405 admouendi?
1529 5363 1654 5400 num
1692 5345 1893 5399 tacuit?

302 5455 500 5505 Annon
541 5448 766 5518 singulis
791 5447 980 5501 diebus
1005 5444 1154 5508 dicit,
1189 5441 1308 5496 Non
1352 5440 1556 5511 potestis
1578 5437 1690 5493 Deo
1712 5440 1896 5493 servire

303 5557 353 5601 et
402 5558 652 5598 mamonc
683 5541 836 5612 (Luc.
889 5540 976 5594 16.
1019 5539 1130 5609 i3),
1164 5546 1219 5592 et
1245 5535 1438 5591 crescit
1467 5545 1643 5588 tamen
1672 5533 1723 5587 in
1762 5533 1897 5586 mulc

305 5644 380 5698 tis
405 5640 644 5714 pecuniae
687 5637 946 5706 cupiditas
981 5645 1138 5705 atque
1184 5629 1460 5703 tyrannis?
1502 5629 1616 5684 Non
1660 5627 1897 5698 quotidie

305 5734 524 5799 clamat,
564 5730 811 5786 Dimittile
842 5738 891 5782 et
919 5728 1196 5782 dimittetur
1237 5725 1371 5779 vobis
1401 5721 1611 5794 (Matth.
1638 5719 1691 5774 6.
1725 5720 1900 5790 H).et

311 5842 415 5881 nos
443 5825 610 5897 magis
639 5822 963 5880 eﬂ‘eramur?
1006 5823 1198 5875 Annon
1227 5817 1463 5887 quotidie
1490 5825 1670 5872 mouet
1695 5823 1751 5870 ut
1771 5829 1898 5868 con-

632 5915 906 5982 [Ἀτλοι.
956 5911 1074 5971 (in.
1126 5904 1342 5964 L\'lll.

1297 335 1364 392 IN
1401 333 1808 392 MATTHIEUM
1851 332 2081 390 llOillL.
2130 335 2267 393 LIX.
2311 338 2383 394 al.
2428 339 2541 396 LX.

3489 346 3599 404 εἰκῖ

2004 452 2346 522 cupiscentia:
2371 465 2425 510 et
2453 457 2648 513 illicitae
2673 460 2926 531 voluptati
2983 464 3331 534 imperemus,
3359 479 3412 524 et
3434 486 3522 526 mu
3540 470 3597 526 lti

2001 542 2119 612 plus
2139 561 2296 614 quam
2327 549 2471 616 porci
2498 548 2549 602 in
2579 551 2679 605 hoc
2718 561 2934 620 peccato
2957 555 3313 613 volutantur?
3343 562 3593 621 Attamen

2003 635 2093 690 ille
2123 634 2324 691 hortari
2353 654 2458 693 non
2495 652 2686 696 cessat.
2724 642 2833 700 Cur
2857 661 2986 716 ergo
3021 663 3128 702 non
3157 649 3271 705 hare
3298 663 3478 708 mente
3504 670 3592 710 re-

2003 726 2267 782 voivituus
2291 744 2389 784 nec
2411 729 2657 799 dicimus,
2694 735 2858 790 Deum
2882 737 3034 794 nobis
3069 754 3287 810 semper
3322 744 3463 814 loqui
3493 761 3593 801 nec

2000 815 2280 884 desistere,
2311 822 2523 876 etiamsi
2569 833 2626 879 ut
2653 826 2940 896 plurimum
2981 845 3087 885 non
3119 813 3590 906 obtentperemusl

2003 906 2124 1002 ideo
2151 909 2384 976 dicebat,
2415 911 2581 968 Pauci
2609 927 2725 970 sunt
2751 921 2836 988 qui
2859 921 2988 974 salvi
3012 923 3139 990 [iant
3171 923 3323 993 (Luc.
3354 929 3441 982 15.
3471 929 3585 1002 23).

1999 1000 2054 1054 Si
2084 1003 2226 1055 enim
2252 1019 2356 1058 non
2389 1007 2583 1062 sufﬁcit
2611 1010 2676 1064 ad
2699 1012 2924 1068 salutem
2947 1015 3102 1071 nobis
3124 1017 3209 1071 illa
3239 1020 3406 1075 virtus
3429 1000 3588 1092 quam

1999 1106 2242 1149 seorsum
2288 1111 2622 1168 exercemus,
2654 1103 2746 1158 sed
2775 1115 2987 1174 oportet
3015 1108 3148 1164 alios
3175 1111 3384 1168 virtutis
3411 1116 3590 1172 socios

1996 1184 2262 1243 adducere
2295 1206 2308 1242 :
2338 1205 2458 1246 cum
2501 1209 2600 1248 nec
2639 1205 2898 1262 nostram,
2949 1215 3048 1255 nee
3083 1200 3312 1259 aliorum
3355 1207 3586 1264 salutem

1995 1281 2382 1346 curaverimus,
2412 1283 2540 1353 quid
2570 1286 2833 1356 patiemur
2854 1289 2877 1341 ?
2897 1291 3038 1346 unde
3060 1293 3247 1348 salutis
3268 1310 3415 1366 spem
3437 1297 3588 1353 dein-

1994 1382 2122 1438 ceps
2171 1370 2527 1430 habebimus?
2581 1376 2687 1432 Sed
2734 1379 2860 1449 quid
2910 1381 3011 1438 hac
3055 1383 3124 1439 de
3167 1401 3226 1441 re
3280 1389 3536 1445 criminor
3569 1433 3584 1456 ,

1995 1461 2210 1528 quando
2255 1478 2322 1519 ne
2364 1467 2826 1526 contubernalium
2877 1473 3093 1543 quidem
3140 1486 3445 1534 nostrorum
3495 1497 3584 1536 ra-

1999 1554 2194 1610 tionem
2229 1556 2390 1612 ullam
2424 1558 2702 1627 habemus,
2753 1566 2954 1632 uxoris,
2998 1566 3248 1637 ftliorum,
3277 1585 3581 1640 servorum,

1994 1646 2088 1700 sed
2119 1662 2224 1702 non
2255 1649 2324 1703 de
2355 1648 2453 1716 his,
2483 1652 2579 1707 sed
2607 1653 2674 1709 de
2707 1655 2826 1710 aliis
2855 1657 3091 1714 futilibus
3126 1661 3344 1716 solliciti
3375 1678 3581 1730 sumus,

1993 1736 2266 1792 ebriorum
2300 1739 2485 1808 instar,
2531 1752 2588 1798 ut
2620 1757 2827 1802 crescat
2867 1761 3143 1805 servorum
3185 1767 3460 1818 numerus,
3492 1755 3586 1825 qui

1993 1827 2298 1898 diligentius
2329 1833 2484 1888 nobis
2525 1837 2784 1904 serviant,
2837 1839 3037 1910 filiique
3077 1857 3324 1914 magnam
3365 1860 3395 1899 a
3427 1847 3584 1903 nobis

1994 1919 2348 1979 hereditatem
2379 1927 2664 1998 accipiant,
2695 1946 2832 1985 uxor
2866 1933 2992 1988 item
3019 1949 3152 1990 auro
3191 1935 3392 2008 fulgeat
3418 1944 3582 1996 vesti-

1993 2013 2198 2085 busque
2229 2019 2497 2088 pretiosis,
2529 2038 2702 2093 neque
2733 2023 2802 2080 de
2834 2027 2988 2082 nobis
3015 2043 3198 2085 curam
3227 2031 3391 2088 ullam
3419 2032 3584 2090 habe-

1993 2121 2132 2170 mus,
2172 2109 2265 2163 sed
2293 2110 2360 2166 de
2388 2111 2729 2170 facultatibus
2774 2126 2974 2172 tantum
3025 2121 3267 2175 nostris?
3310 2122 3384 2178 De
3417 2141 3583 2181 uxore

1991 2205 2138 2253 certe
2164 2199 2307 2255 nulla
2333 2203 2660 2272 sollicitudo,
2689 2207 2782 2261 sed
2808 2207 2877 2264 de
2907 2210 3066 2267 rebus
3093 2227 3312 2268 uxorem
3339 2215 3584 2274 ambien-

1994 2289 2133 2344 tibus
2155 2291 2236 2346 vel
2257 2294 2603 2363 ornantibus;
2626 2297 2960 2371 idipsumque
2979 2301 3047 2358 de
3069 2303 3251 2360 liberis
3271 2304 3581 2363 dicendum.

1991 2379 2225 2437 Perinde
2250 2392 2410 2455 atque
2439 2387 2484 2441 si
2520 2388 2640 2458 quis
2665 2389 2924 2446 caducam
2949 2393 2964 2424 ¹
2994 2392 3212 2448 domum
3243 2397 3462 2464 habens,
3487 2413 3582 2454 cu-

1987 2472 2076 2542 jus
2116 2475 2254 2530 mttri
2285 2478 2454 2532 ruinae
2482 2479 2712 2549 proximi
2742 2491 2885 2549 sunt,
2921 2482 3043 2539 illos
3074 2485 3372 2543 instaurare
3410 2489 3583 2561 negli-

1991 2580 2143 2635 gens,
2179 2583 2371 2638 magna
2421 2571 2473 2624 in
2515 2571 2737 2627 circuitu
2785 2574 2900 2644 ejus
2950 2585 3100 2646 septa
3149 2580 3349 2650 erigat;
3398 2590 3491 2637 aut
3535 2584 3582 2638 si

1991 2668 2285 2728 tngrotante
2306 2675 2552 2731 corpore,
2588 2663 2763 2734 ipsum
2797 2666 3012 2736 quidem
3047 2669 3300 2740 negligat,
3329 2672 3454 2728 dum
3482 2688 3548 2727 au
3567 2703 3585 2716 η

1992 2767 2082 2808 rea
2126 2753 2445 2811 vestimenta
2497 2757 2596 2826 ipsi
2640 2768 2823 2830 parat;
2854 2769 2947 2817 aut
2973 2763 3016 2816 si
3045 2761 3261 2819 domina
3291 2766 3480 2821 morbo
3510 2768 3585 2823 la-

1992 2843 2240 2912 borante,
2283 2848 2616 2917 ancillarum,
2670 2851 3024 2924 telarumque,
3067 2870 3318 2912 vasorum
3354 2861 3585 2930 supelle-

1990 2937 2240 3010 ctilisque
2291 2956 2476 2996 curam
2521 2952 2706 3014 gerat,
2755 2945 2870 3016 ipsa
2918 2948 3104 3003 relicta
3155 2961 3423 3020 gemente.
3470 2953 3585 3009 [loc

1993 3044 2135 3084 nunc
2157 3032 2338 3088 videre
2359 3042 2441 3089 est
2468 3034 2519 3088 in
2551 3036 2727 3092 anima
2749 3047 2952 3106 nostra,
2977 3055 3094 3111 quae
3118 3043 3260 3098 male
3281 3044 3585 3116 misereque

1993 3121 2175 3190 habet,
2205 3123 2302 3189 ira,
2337 3125 2726 3192 maledicentia,
2753 3129 2998 3187 absurdis
3023 3133 3422 3203 cupiditatibus,
3447 3153 3582 3193 vana

1990 3215 2181 3284 gloria,
2211 3215 2423 3286 jurgiis,
2454 3216 2600 3272 humi
2631 3219 2838 3289 dcjecta
2867 3232 2920 3277 et
2951 3232 3136 3290 tracta,
3175 3225 3243 3279 ab
3279 3226 3582 3298 hujusntodi

1994 3306 2119 3360 leris
2147 3305 2395 3373 laniatur,
2431 3307 2557 3364 dum
2589 3324 2706 3376 nos,
2751 3311 2836 3365 illa
2867 3312 2917 3367 in
2951 3315 3098 3369 hisce
3143 3317 3344 3373 morbis
3372 3320 3579 3386 relicta,

1993 3398 2210 3454 domum
2239 3398 2667 3472 domcSticosque
2697 3419 2965 3461 curamus.
3009 3406 3073 3460 Et
3098 3408 3140 3462 si
3166 3424 3289 3470 ursa
3316 3411 3454 3465 Clum
3479 3427 3578 3465 att-

1993 3491 2208 3563 fugerit,
2237 3493 2428 3549 domos
2465 3496 2784 3562 claudimus,
2819 3515 2914 3568 per
2943 3499 3089 3556 vicos
3117 3503 3404 3568 currimus,
3433 3519 3503 3558 ne
3531 3505 3585 3559 in

1993 3601 2111 3642 eam
2139 3586 2436 3642 incidamus
2469 3605 2482 3641 :
2514 3604 2658 3645 nunc
2688 3600 2866 3645 autem
2891 3608 2998 3646 non
3027 3609 3130 3648 una
3159 3593 3292 3662 fera,
3324 3595 3418 3650 sed
3444 3599 3584 3650 ntul-

1996 3676 2379 3747 tishujusmodi
2414 3680 2618 3736 scilicet
2637 3683 3067 3752 cogitationibus,
3091 3686 3322 3740 animam
3346 3698 3583 3742 nostram

1992 3771 2334 3834 laniantibus.
2369 3773 2571 3828 nullum
2605 3774 2794 3829 horum
2821 3791 3037 3831 sensum
3066 3775 3341 3832 habemus.
3368 3777 3423 3832 lu
3453 3779 3588 3834 urbe

1993 3863 2210 3933 quidem
2243 3874 2443 3920 tantam
2470 3864 2705 3921 {crurum
2732 3883 2916 3922 curam
2963 3866 3253 3933 habemus,
3285 3879 3343 3925 ut
3370 3885 3462 3926 eas
3500 3873 3584 3925 vel

1995 3957 2045 4010 in
2070 3957 2287 4012 deserto
2316 3957 2432 4012 loco
2463 3958 2543 4012 vel
2590 3958 2640 4011 in
2671 3958 2849 4014 caveis
2881 3958 3238 4028 includamus,
3267 3977 3586 4016 caveamus-

1994 4069 2097 4124 que
2121 4068 2189 4107 ne
2216 4052 2267 4106 in
2298 4051 2444 4108 curia
2489 4051 2754 4115 civitatis,
2804 4068 2904 4107 nec
2934 4053 2986 4106 in
3032 4052 3170 4121 foro,
3207 4069 3303 4110 nec
3343 4055 3395 4110 in
3443 4055 3587 4125 regia

1994 4155 2295 4211 versentur,
2325 4142 2417 4198 sed
2447 4145 2628 4212 procul
2660 4144 2848 4215 ligatas
2868 4143 3203 4200 detineamus
3232 4163 3246 4198 :
3273 4147 3322 4201 in
3351 4147 3584 4202 animant

1996 4252 2145 4304 vero,
2176 4251 2294 4307 qua:
2324 4236 2527 4290 curiam
2567 4250 2740 4300 suam,
2768 4236 2968 4306 regiam
3001 4243 3056 4291 et
3077 4235 3328 4306 judiciale
3358 4237 3585 4292 tribunal

1998 4330 2176 4395 habet,
2201 4331 2527 4386 emittuntur
2542 4328 2691 4396 ferae,
2715 4331 2855 4385 circa
2882 4340 3116 4386 mentem
3165 4335 3332 4401 ipsam
3365 4332 3588 4386 solium-

1995 4441 2098 4495 quc
2126 4426 2324 4496 regium
2355 4423 2666 4486 clamantes,
2697 4423 2877 4479 turbas
2902 4423 3109 4478 dantes.
3142 4422 3265 4477 Ideo
3287 4423 3464 4476 omnia
3494 4437 3590 4477 sus

1995 4517 2168 4589 deque
2196 4527 2504 4582 vertuntur;
2539 4517 2719 4573 omnia
2747 4515 2975 4570 tumultu
3007 4516 3158 4584 plena
3183 4515 3324 4568 intus
3351 4524 3405 4568 et
3432 4513 3585 4581 foris,

1997 4610 2306 4681 nullumque
2335 4609 2622 4665 discrimen
2646 4625 2742 4663 nos
2770 4609 2908 4663 inter
2935 4617 2988 4662 et
3011 4606 3193 4662 urbem
3221 4607 3434 4661 incursu
3460 4607 3587 4662 bar-

1998 4705 2248 4760 barorum
2279 4703 2643 4767 devastatam;
2692 4699 3028 4770 idipsumque
3068 4696 3128 4751 fit
3170 4711 3233 4752 ac
3259 4696 3323 4760 si,
3353 4695 3591 4751 dracone

1998 4798 2048 4851 in
2083 4796 2210 4852 nido
2249 4795 2577 4850 avicularum
2623 4792 2907 4858 insidente,
2950 4790 3175 4845 avicula:
3218 4791 3346 4859 ipsa:
3373 4789 3592 4844 avolent

2001 4888 2220 4959 trepidat
2247 4895 2301 4944 et
2330 4888 2670 4957 perturbatae,
2701 4899 2802 4940 nec
2843 4897 2950 4954 quo
2978 4897 3038 4936 se
3081 4883 3131 4936 in
3179 4889 3327 4936 tanto
3359 4883 3590 4937 tumultu

1998 4979 2260 5050 recipiant
2287 4979 2560 5034 habentes.

2074 5072 2125 5126 7.
2177 5071 2390 5126 Mortalis
2419 5069 2718 5124 exhortatio.
2747 5066 3001 5121 Juvenum
3032 5065 3248 5137 impetus
3279 5081 3311 5118 a
3341 5065 3593 5138 principio

2000 5167 2325 5222 coercendus.
2351 5193 2424 5206 —
2450 5164 2626 5230 Quare
2665 5163 2913 5227 obsecro,
2942 5162 3231 5214 draconem
3259 5158 3590 5219 occidamus.

2001 5262 2139 5318 feras
2186 5259 2549 5323 includamus,
2591 5255 2934 5321 suti‘ocemus,
2982 5253 3307 5324 jugulemus,
3339 5262 3396 5308 et
3434 5251 3595 5306 hasce

2003 5357 2170 5410 malas
2207 5353 2559 5424 cogitationes
2601 5349 2780 5422 gladio
2820 5347 3040 5418 spiritus
3065 5344 3437 5400 confodiamtls
3476 5360 3490 5396 :
3523 5359 3593 5398 ne

2003 5449 2156 5504 nobis
2203 5446 2325 5502 talia
2377 5445 2734 5500 eomminetur
2780 5439 3060 5510 propheta,
3114 5437 3290 5507 qualia
3336 5434 3537 5490 Judaea:
3575 5453 3592 5488 τ

2069 5566 2084 5597 ι
2110 5562 2260 5612 Savil.
2310 5559 2457 5622 longe
2506 5557 2658 5622 variat
2681 5569 2694 5605 :
2717 5560 2798 5622 ¹δεῖ
2847 5550 2970 5622 nihil
3003 5543 3594 5622 deunpbispsollicitalmulr

2003 5607 2543 5690 autprouidentus’ﬁcd
2563 5621 2624 5669 de
2648 5617 2787 5690 cultri
2801 5612 2996 5690 uxoris,
3016 5610 3229 5690 tri/ritas
3250 5607 3504 5690 διφθέρᾳ.
3513 5607 3596 5690 μβ

2003 5669 2154 5753 ἦ)ξὶίᾶ
2171 5669 2514 5753 temporalibus
2553 5677 2829 5753 corrtntodis.
2842 5669 3065 5753 ΙΡθνϋιάιε
3089 5678 3230 5753 atque
3252 5669 3596 5753 siqui-spado-

2005 5733 2590 5812 crit—riiretcftticiquaedazn
2615 5743 2820 5812 desunt;
2842 5735 3000 5812 locum
3039 5749 3103 5786 ex
3143 5733 3594 5812 Mestrejs‘ti‘ttthnus.

2007 5794 2619 5876 iiiiitiiéiétftéfgéndum
2645 5794 3093 5863 esset,'putchram,
3119 5808 3223 5859 pro,
3247 5794 3501 5845 caducam.

3237 5880 3277 5942 8
