4034 6398
464 324 569 381 535

455 447 812 503 'Onocetttauri
833 445 938 500 itlic
959 439 1325 512 triputliabunt,
1344 448 1390 493 et
1411 436 1552 492 ericii
1574 444 1619 489 et
1638 433 1881 487 dracones
1904 430 1921 500 (
1933 429 2053 489 Isai.

403 604 411 611 O
464 545 552 598 15.
581 538 695 614 22).
726 539 862 594 Sunt
888 537 1052 602 cnim,
1080 540 1202 587 sunt
1250 531 1493 586 homines
1535 524 1911 582 onocentauris
1958 538 2050 593 pe-

462 635 632 704 jores,
660 633 809 701 quasi
843 630 895 684 in
926 628 1142 682 deserto
1183 625 1444 688 viventes,
1479 617 1841 682 caleitrantes,
1866 614 2051 684 quales

467 725 578 780 fere
605 733 727 777 sunt
753 720 890 792 apud
929 733 1028 774 nos
1051 719 1298 788 juvenes.
1329 712 1462 768 Nam
1503 709 1630 764 feris
1649 706 1880 777 correpti
1904 705 2052 774 cupi-

459 816 756 880 «litatibus,
807 800 876 868 ita
923 810 1228 882 prosiliunt,
1279 807 1351 862 ita
1394 804 1697 867 calcitrant,
1741 799 1859 853 sine
1902 798 2054 852 freno

463 911 880 969 circumeuntes,
914 904 1221 972 nullamque
1263 896 1444 954 decori
1481 894 1738 950 rationem
1772 891 2050 945 habentes.

464 1005 520 1058 ln
549 1015 708 1056 causa
736 1005 862 1054 sunt
889 1007 1086 1068 patres,
1119 994 1208 1064 qui
1247 1003 1507 1062 equorum
1535 985 1828 1041 domitores
1857 989 2054 1051 cogunt

469 1105 529 1151 ut
555 1093 948 1152 studiosissime
976 1102 1143 1160 equos
1185 1099 1313 1142 suos
1341 1083 1564 1139 dement
1591 1087 1648 1135 et
1674 1077 1924 1147 dirigant,
1957 1088 2056 1130 nec

463 1191 648 1244 sinunt
672 1187 897 1258 equinos
919 1183 1092 1254 pullos
1120 1178 1408 1236 indomitos
1428 1175 1481 1230 in
1507 1173 1788 1245 juventute
1813 1181 2051 1233 manere,

461 1285 558 1338 sed
591 1281 800 1337 frenum
840 1277 1104 1348 injiciunt,
1147 1282 1446 1342 cantet-aque
1488 1263 1791 1337 bujusmodi
1821 1261 1998 1317 omnia
2025 1275 2055 1314 a

461 1375 728 1446 principio
759 1372 1049 1438 adhibent;
1078 1369 1214 1424 filios
1250 1374 1429 1421 autem
1459 1376 1585 1418 suos
1610 1360 1836 1430 juvenes
1876 1356 2058 1411 sinunt

466 1466 704 1522 infrenes
732 1463 982 1529 circuire,
1006 1462 1426 1530 intemperanter
1452 1452 1644 1510 scortis
1662 1459 1716 1506 et
1742 1450 1874 1506 aleis
1902 1447 2055 1504 dedi-

466 1567 570 1626 tos,
601 1565 761 1626 atque
798 1555 977 1625 iniqua
1009 1552 1212 1608 theatra
1242 1548 1582 1619 frequentare
1620 1560 1684 1600 ac
1725 1539 2002 1611 deturpari
2040 1556 2053 1592 :

460 1666 588 1705 cum
623 1664 717 1720 par
761 1647 949 1702 fuisset
995 1644 1090 1710 illi,
1120 1659 1188 1699 nc
1221 1651 1398 1697 scorta
1426 1639 1620 1705 adiret,
1650 1650 1874 1691 uxorem
1901 1632 2054 1697 dare,

467 1755 692 1796 uxorem
718 1747 920 1795 castam
969 1745 1025 1793 et
1073 1734 1388 1806 prudentem
1413 1773 1426 1796 ,
1477 1745 1597 1802 quin
1637 1728 1812 1784 virum
1846 1740 2000 1781 suum
2027 1740 2059 1780 a

471 1833 609 1887 mala
637 1830 974 1900 absurdaque
997 1825 1384 1883 consuetudine
1413 1823 1671 1893 abigeret,
1700 1829 1754 1874 et
1781 1832 1920 1888 equo
1950 1815 2057 1872 fre-

469 1941 595 1980 num
624 1933 789 1979 esset.
820 1921 935 1976 Non
961 1921 1102 1975 enim
1133 1917 1348 1973 aliunde
1376 1914 1754 1970 fornicationes
1779 1918 1834 1966 et
1853 1908 2060 1964 adulte-

465 2020 550 2073 ria
577 2025 754 2071 ortum
791 2014 1008 2078 habent,
1031 2026 1188 2082 quam
1221 2024 1287 2065 ex
1309 2009 1554 2078 iuvenum
1584 2003 1814 2060 licentia.
1845 2001 1978 2056 Nam
2013 1999 2057 2055 si

470 2111 561 2166 ille
589 2123 808 2165 uxorem
847 2106 1040 2160 habeat
1077 2101 1414 2174 prudentem,
1447 2108 1502 2154 et
1545 2095 1854 2153 domesticae
1897 2093 1976 2148 rei
2007 2101 2062 2147 et

469 2201 626 2256 famae
653 2197 1166 2266 existimationisque
1211 2208 1322 2248 sua:
1353 2205 1535 2248 curam
1568 2187 1804 2244 habebit.
1837 2185 1944 2242 Sed
1966 2184 2058 2255 ju-

468 2293 620 2350 venis
650 2300 753 2357 est,
786 2292 1015 2360 inquies.
1043 2288 1166 2344 Scio
1200 2293 1258 2342 et
1274 2301 1394 2356 ego.
1421 2283 1552 2338 Nam
1582 2283 1626 2338 si
1655 2282 1804 2336 Isaac
1833 2279 2057 2349 quadra-

469 2388 612 2457 ginta
641 2399 810 2440 annos
833 2393 990 2440 natus
1011 2396 1262 2453 sponsam
1291 2379 1444 2435 duxit
1469 2377 1622 2452 (Gen.
1655 2375 1748 2432 25.
1779 2374 1894 2446 20),
1918 2383 1973 2429 et
2007 2375 2061 2428 in

466 2479 774 2550 virginitate
795 2485 961 2532 totam
1004 2475 1151 2531 illam
1193 2482 1405 2528 aetatem
1447 2472 1572 2542 egit,
1615 2468 1784 2524 multo
1812 2467 1977 2538 magis
2008 2467 2060 2520 in

470 2580 613 2627 statu
644 2570 830 2642 gratia:
851 2569 1077 2639 juvenes
1103 2566 1491 2639 philosOphiam
1523 2564 1666 2617 illam
1699 2575 1950 2618 exercere
1969 2574 2064 2629 par

467 2672 636 2719 esset.
667 2661 771 2719 Sed
803 2659 930 2732 quid
977 2659 1199 2713 faciam?
1237 2655 1380 2711 Nihil
1410 2655 1611 2710 curatis
1641 2653 1762 2706 illos
1804 2651 1854 2705 in
1883 2649 2078 2735 conti-1

471 2755 650 2810 nentia
680 2753 934 2816 retinere,
976 2749 1069 2805 sed
1099 2748 1233 2802 nihil
1263 2747 1410 2817 pensi
1445 2744 1673 2810 habetis,
1708 2742 1834 2796 dum
1868 2739 2061 2794 videtis

469 2849 592 2903 illos
616 2845 910 2916 deturpari,
938 2842 1154 2910 foedari,
1182 2841 1543 2910 scelestosque
1571 2837 1683 2893 ﬁeri
1710 2853 1724 2889 :
1755 2849 1929 2904 neque
1957 2834 2062 2890 sci-

471 2941 539 2994 tis
585 2939 686 2992 hoc
740 2935 1064 2992 matrimonii
1115 2933 1321 2988 lucrum
1367 2945 1507 2997 esse,
1540 2937 1601 2984 ut
1645 2941 1843 2997 corpus
1869 2939 2061 2994 purum

471 3037 714 3086 servetur
740 3047 753 3082 :
787 3028 887 3082 nisi
914 3026 1017 3081 hoc
1040 3031 1203 3089 esset,
1227 3023 1370 3078 nulla
1397 3029 1539 3078 esset
1561 3018 1811 3075 connubii
1838 3017 2058 3073 utilitas.

471 3121 580 3178 Vos
605 3129 812 3187 contra,
838 3128 1118 3190 postquam
1145 3114 1440 3171 innumeris
1463 3112 1684 3168 maculis
1712 3108 1892 3166 fmdati
1915 3118 2058 3174 sunt,

471 3225 596 3269 tunc
625 3215 731 3268 illis
759 3226 980 3267 uxorem
1010 3209 1182 3275 datis,
1229 3207 1387 3276 idque
1419 3205 1613 3261 frustra
1649 3211 1703 3258 et
1731 3201 1850 3256 sine
1878 3213 2057 3255 causa.

469 3309 574 3364 Sed
616 3305 1031 3378 exspectandum
1077 3311 1185 3370 est,
1233 3302 1473 3370 inquies,
1526 3297 1700 3353 donec
1741 3294 2062 3364 conspicuus

469 3401 683 3466 evadat,
711 3410 765 3455 et
793 3400 846 3453 in
870 3396 1116 3454 civilibus
1143 3393 1372 3463 negotiis
1402 3390 1584 3445 clarus
1612 3387 1702 3442 sit.
1732 3385 1940 3441 Anima:
1967 3399 2063 3437 au-

469 3501 578 3547 tem
628 3491 767 3544 illius
806 3489 1068 3542 rationem
1100 3483 1301 3539 nullam
1331 3479 1560 3545 habetis,
1615 3475 1868 3545 illamque
1915 3473 2060 3543 deje-

472 3595 612 3638 ctam
643 3583 759 3636 sine
783 3580 895 3636 ullo
925 3593 1085 3634 sensu
1120 3573 1446 3644 conspicitis.
1485 3569 1610 3625 Ideo
1637 3566 1815 3623 omnia
1849 3575 2061 3634 pertur-

471 3675 688 3732 batione
714 3671 1050 3741 tumultuque
1088 3669 1240 3739 plena
1272 3673 1416 3730 sunt,
1461 3663 1585 3733 quia
1633 3660 1721 3716 illa
1752 3658 2058 3729 negligitur,

470 3767 595 3838 quia
635 3782 755 3837 quae
782 3763 1085 3821 necessaria
1111 3769 1237 3817 sunt
1265 3775 1370 3814 non
1410 3763 1686 3822 curantur,
1708 3753 1834 3808 dum
1856 3768 1918 3806 ea
1940 3767 2059 3822 quae

470 3858 670 3915 nullius
694 3867 818 3913 sunt
848 3855 1003 3926 pretii
1050 3868 1239 3924 magna
1275 3847 1643 3906 sollicitudine
1673 3845 1941 3900 fovemur.
1977 3845 2060 3898 An

470 3953 645 4007 nescis
677 3961 728 4006 te
757 3949 891 4004 nihil
919 3948 1026 4003 filio
1066 3958 1172 4002 tam
1197 3943 1432 4017 optabile
1459 3943 1589 3998 dare
1616 3954 1796 4011 posse,
1825 3953 1986 4009 quam
2014 3938 2058 3993 si

472 4043 623 4097 illum
649 4056 834 4096 serves
855 4054 1048 4113 purum
1075 4053 1105 4093 a
1132 4035 1430 4093 meretricia
1461 4030 1849 4090 consuetudine
1874 4030 1887 4060 ¹
1917 4028 1940 4082 ?
1965 4028 2057 4084 Ni-

534 4285 548 4316 ¹
588 4289 734 4343 Unus,
758 4280 801 4333 si
823 4279 960 4331 illum
997 4292 1156 4343 serves
1178 4275 1466 4343 meretricia:
1488 4272 1751 4338 iniquitatis
1774 4272 2057 4330 immunem,

471 4353 516 4396 et
540 4339 727 4411 purum'
738 4344 799 4394 ab
823 4340 1058 4393 amatoria
1081 4339 1396 4400 turpitudine.

501 4461 1835 4486 ____________________—-

1247 325 1302 381 S.
1346 319 1623 379 JOA'NNIS
1662 313 2132 373 CHRYSOSTOMI
2174 315 2486 373 ARCHIEP.
2528 320 3063 379 CONSTANTINOP.

3651 328 3754 384 538

2169 431 2237 485 hil
2267 433 2462 502 quippe
2501 442 2605 489 tam
2654 436 2945 505 pretiosum
2996 447 3098 505 est,
3151 455 3307 509 quam
3352 442 3570 496 anima:
3621 445 3756 510 Quid

2162 525 2293 578 enim
2340 527 2543 596 prodest
2579 528 2770 582 homini
2816 530 2860 584 si
2903 531 3148 585 mundum
3196 533 3481 587 universum
3511 534 3751 601 lucretur,

2166 621 2358 676 animm
2388 638 2506 677 vero
2545 638 2654 675 sua:
2691 623 3061 676 detrimentum
3108 625 3343 691 patiatur
3391 621 3613 694 (Matth.
3657 626 3742 678 ιϋ.

2163 711 2297 781 ‘26)?
2332 713 2527 768 Verum
2559 715 2741 769 omnia
2777 717 3034 786 pervertit
3069 727 3122 772 et
3151 716 3346 785 dejecit
3376 717 3739 787 pecuniarum

2165 819 2340 871 amor,
2377 804 2576 876 Deique
2610 809 2859 863 timorem
2887 808 3152 873 decussit,
3191 809 3332 864 sicut
3361 817 3628 878 tyrannus
3661 825 3748 861 ar-

2167 909 2304 959 cem,
2354 896 2433 950 sic
2466 898 2676 953 animas
2707 913 3002 970 occupans.
3054 900 3268 955 Idcirco
3312 908 3366 955 et
3417 900 3654 954 ﬁliorum
3692 907 3751 954 et

2161 997 2398 1043 nostram
2427 988 2742 1060 negligimus
2771 990 3020 1056 salutem,
3050 989 3100 1044 id
3128 1005 3290 1044 unum
3315 999 3592 1057 curantes,
3618 1005 3754 1059 quo-

2159 1081 2320 1136 modo
2345 1081 2708 1150 opulentiores
2741 1080 2938 1149 effecti,
2973 1081 3188 1136 divitias
3217 1081 3337 1136 aliis
3365 1081 3750 1150 relinquamus,

2159 1183 2214 1228 et
2242 1175 2314 1229 illi
2357 1174 2508 1240 aliis,
2540 1173 2703 1243 hique
2740 1190 2950 1228 rursum
2993 1175 3240 1245 posteris,
3274 1174 3456 1244 sicque
3489 1173 3748 1242 pecunia-

2160 1282 2278 1320 rum
2307 1279 2360 1321 et
2386 1268 2786 1337 possessionum
2813 1268 3233 1332 transmissorcs,
3262 1279 3318 1322 ut
3343 1267 3412 1320 ita
3445 1265 3640 1333 dicam,
3675 1265 3753 1320 ef-

2163 1360 2393 1426 (icimur,
2426 1375 2530 1415 non
2564 1374 2925 1429 possessores.
2974 1359 3109 1415 Hinc
3156 1375 3346 1431 magna
3399 1360 3700 1429 insipientia
3733 1375 3751 1426 ;

2162 1450 2286 1506 hinc
2313 1449 2465 1505 liberi
2498 1451 2669 1506 servis
2697 1451 2916 1507 viliores
2947 1451 3098 1506 fiunt.
3127 1450 3260 1506 Nam
3289 1464 3475 1505 servos
3513 1450 3613 1504 etsi
3645 1465 3752 1503 non

2163 1543 2400 1612 ipsorum
2426 1557 2606 1608 causa,
2641 1545 2808 1597 nostri
2838 1544 3008 1613 gratia
3047 1553 3224 1598 tamen
3265 1542 3590 1611 castigamus
3626 1557 3640 1593 :
3686 1541 3751 1594 li-

2162 1632 2279 1689 beri
2319 1641 2498 1688 autem
2534 1647 2640 1688 non
2667 1633 2780 1703 pari
2812 1631 3064 1687 fruuntur
3092 1631 3443 1702 providentia,
3475 1630 3568 1686 sed
3594 1647 3624 1686 a
3652 1647 3752 1686 no-

2161 1726 2246 1782 bis
2271 1727 2465 1782 minori
2491 1741 2650 1797 quam
2679 1727 2818 1782 servi
2849 1728 2900 1780 in
2928 1725 3100 1796 pretio
3141 1725 3424 1779 habentur.
3454 1723 3656 1794 Ecquid
3687 1722 3754 1780 de

2163 1819 2333 1874 servis
2355 1819 2584 1889 loquor?
2601 1817 2824 1874 Liberos
2851 1818 3024 1872 minus
3045 1831 3204 1888 quam
3229 1815 3460 1885 pecudes
3481 1827 3751 1880 curamus,

2163 1911 2232 1967 de
2257 1911 2421 1967 asinis
2445 1919 2502 1966 et
2527 1911 2680 1981 equis
2718 1909 2888 1979 magis
2915 1908 3128 1964 solliciti
3174 1923 3380 1974 sumus,
3409 1921 3568 1977 quam
3595 1905 3664 1960 de
3694 1905 3754 1959 ti-

2166 2004 2268 2059 liis.
2297 2003 2492 2058 Malum
2515 2003 2558 2058 si
2579 2003 2700 2074 quis
2726 2001 2940 2070 habeat,
2963 2000 3188 2056 multum
3215 2010 3367 2055 curat
3389 2011 3445 2054 ut
3465 2013 3753 2070 agasonem

2165 2097 2238 2152 illi
2267 2096 2525 2166 optimum
2555 2095 2852 2166 provideat,
2885 2110 2989 2150 non
3014 2094 3331 2164 improbum,
3361 2109 3467 2148 non
3493 2093 3752 2159 furacem,

2166 2205 2272 2244 non
2303 2190 2676 2255 temulentum,
2725 2203 2831 2243 non
2878 2188 3010 2243 artis
3053 2203 3164 2241 suae
3206 2186 3552 2256 imperitum:
3581 2187 3625 2240 si
3655 2202 3754 2240 au-

2167 2289 2274 2336 tem
2304 2280 2414 2337 [ilio
2439 2280 2783 2351 ptedagogum
2809 2279 2938 2335 dare
2973 2293 3108 2348 opus
3151 2278 3240 2344 sit,
3282 2292 3409 2331 casu
3435 2285 3490 2331 et
3517 2277 3633 2330 sine
3660 2275 3754 2331 de-

2164 2374 2307 2430 lectu
2333 2373 2546 2429 obvium
2568 2386 2833 2444 quemque
2859 2371 3186 2440 excipimus;
3216 2370 3314 2425 etsi
3342 2369 3442 2424 hac
3470 2377 3582 2424 arte
3609 2369 3754 2424 nulla

2165 2465 2238 2521 sit
2261 2465 2454 2534 major.
2497 2465 2636 2531 Quid
2680 2479 2776 2534 par
2823 2463 2898 2518 illi
2927 2463 3025 2517 arti
3067 2477 3188 2532 quae
3216 2459 3509 2532 dirigenda:
3537 2460 3750 2525 animae,

2167 2567 2220 2614 et
2243 2557 2590 2614 etformandae
2615 2556 2829 2628 juvenis
2857 2555 3020 2609 menti
3057 2563 3112 2610 et
3136 2553 3302 2608 indoli
3331 2553 3623 2608 incumbit?
3651 2553 3755 2619 Qui

2170 2651 2259 2706 tali
2287 2651 2582 2706 instructus
2609 2659 2692 2705 est
2737 2649 3005 2713 facultate,
3048 2647 3164 2717 plus
3191 2645 3479 2716 diligentia:
3507 2643 3756 2700 exhibeat

2167 2751 2403 2813 oportet,
2430 2757 2588 2812 quam
2620 2740 2795 2812 quivis
2827 2739 2998 2810 pictor
3021 2747 3113 2792 aut
3147 2737 3454 2791 statuarius.
3483 2737 3550 2790 At
3579 2751 3674 2790 nos
3704 2734 3757 2791 id

2167 2836 2296 2891 nihil
2323 2849 2594 2900 curamus,
2621 2832 2714 2888 sed
2759 2831 2811 2888 id
2854 2845 3018 2886 unum
3059 2837 3362 2899 spectamus
3392 2869 3405 2892 ,
3436 2836 3495 2882 ut
3523 2827 3757 2896 linguam

2166 2927 2388 2983 ediscat.
2433 2923 2674 2995 lllodque
2715 2923 3005 2993 satagimus
3040 2928 3242 2977 tantum
3275 2935 3433 2988 opum
3476 2918 3756 2989 acquiren-

2165 3019 2352 3074 darum
2379 3033 2560 3073 causa.
2592 3015 2710 3071 Non
2737 3015 2878 3071 enim
2911 3022 2966 3068 ut
2991 3013 3133 3083 loqui
3163 3013 3358 3078 valeat,
3387 3011 3480 3067 sed
3510 3019 3568 3065 ut
3595 3026 3758 3080 pecu-

2165 3122 2282 3177 nias
2311 3119 2545 3190 colligat,
2592 3117 2826 3187 linguam
2869 3113 3092 3178 ediscit;
3126 3112 3196 3166 ita
3242 3119 3300 3164 ut
3341 3109 3385 3166 si
3436 3109 3634 3178 absque
3678 3107 3758 3160 ln-

2165 3211 2360 3284 quendi
2407 3209 2654 3266 facultate
2701 3215 2922 3279 possent
2966 3205 3266 3269 ditescere,
3321 3201 3452 3257 nihil
3501 3200 3638 3254 hanc
3677 3198 3760 3254 di-

2165 3303 2442 3373 sciplinam
2485 3314 2817 3356 curaremus.
2855 3296 3042 3353 Viden’
3069 3306 3266 3366 quanta
3308 3294 3378 3349 sit
3413 3292 3766 3365 pecuniarum

2169 3393 2443 3465 tyrannis?
2468 3389 2738 3463 quomodo
2764 3389 2942 3444 omnia
2970 3386 3204 3452 invadat,
3236 3384 3583 3452 hominesque
3615 3393 3759 3436 tarn-

2165 3500 2325 3556 quam
2367 3483 2628 3550 mancipia
2669 3479 2910 3551 quaedam
2942 3479 3114 3532 vineta
3145 3474 3321 3530 trahat
3358 3489 3466 3545 quo
3497 3471 3664 3527 velit?
3692 3473 3761 3526 At

2165 3577 2307 3648 quod
2336 3577 2540 3634 lucrum
2570 3574 2726 3629 nobis
2753 3589 2821 3629 ex
2855 3581 2934 3627 tot
2975 3567 3473 3626 criminatimiibus?
3504 3565 3606 3621 Nos
3633 3580 3761 3619 ver-

2165 3670 2248 3725 bis
2278 3669 2422 3724 illam
2452 3666 2786 3739 tyrannidem
2836 3665 3139 3734 impetimus
3165 3680 3179 3716 :
3209 3660 3295 3715 illa
3327 3659 3489 3715 rebus
3527 3673 3624 3713 nos
3659 3673 3764 3713 su-

2167 3773 2338 3836 perat.
2367 3763 2634 3818 Catterum
2684 3774 2854 3830 neque
2906 3759 2982 3812 sic
3026 3755 3357 3811 cessabimus
3403 3752 3544 3807 illam
3581 3750 3763 3805 verbis

2165 3858 2471 3927 exagitare:
2504 3862 2558 3910 et
2579 3853 2620 3908 si
2645 3851 2772 3922 quid
2802 3851 3044 3905 oratione
3067 3859 3476 3916 consequamur,
3504 3850 3558 3898 et
3580 3857 3678 3897 nos
3705 3851 3762 3895 et

2165 3965 2262 4004 vos
2288 3945 2646 4011 lucrabimur;
2688 3944 2770 3997 sin
2815 3944 2866 3997 in
2907 3941 3183 4011 proposito
3214 3934 3588 4008 perseveretis,
3615 3934 3767 4004 quod

2165 4040 2334 4096 nostri
2356 4036 2516 4092 officii
2545 4042 2660 4090 erat
2688 4032 3088 4105 perfecerimus.
3120 4029 3260 4084 Deus
3290 4034 3467 4082 autem
3513 4033 3566 4080 et
3595 4039 3689 4078 vos
3726 4039 3759 4078 a

2166 4129 2355 4187 morbo
2381 4129 2474 4182 illo
2522 4127 2732 4191 Lberet,
2766 4134 2819 4179 et
2848 4123 3003 4178 nobis
3041 4120 3092 4175 id
3117 4118 3377 4183 conferat,
3411 4125 3468 4172 ut
3514 4117 3566 4170 in
3607 4115 3764 4170 vobis

2164 4227 2458 4297 gloriemur
2483 4240 2496 4276 :
2522 4218 2776 4291 quoniam
2803 4217 2900 4286 ipsi
2929 4215 3094 4286 gloria
3112 4222 3166 4268 et
3190 4212 3469 4282 imperium
3493 4210 3544 4264 in
3561 4208 3762 4264 saecula

2166 4317 2504 4372 saeculorum.
2540 4315 2731 4366 Amen.

1841 4439 3762 4472 __________.___.—.—————————————-—-

1686 4534 2030 4599 HOMILIA
2071 4531 2208 4592 LX.
2255 4529 2339 4592 al.
2386 4526 2551 4587 LXI.

465 4698 594 4753 Cm
628 4699 714 4752 18.
761 4711 811 4749 ν.
858 4694 946 4750 15.
1001 4692 1062 4748 Si
1113 4688 1388 4762 peccaverit
1414 4687 1466 4740 in
1493 4695 1540 4741 te
1568 4688 1726 4758 frater
1750 4693 1884 4746 mut,
1907 4679 2053 4746 vade,

540 4789 739 4859 corripe
762 4787 907 4842 illum
936 4786 1064 4838 inter
1090 4792 1137 4837 te
1159 4791 1205 4836 et
1229 4783 1396 4853 ipsum
1420 4779 1606 4835 solum.
1640 4775 1700 4831 Si
1730 4786 1778 4830 te
1796 4773 2012 4828 audierit
2040 4812 2057 4839 ,

541 4883 764 4934 lucratus
789 4895 840 4932 es
870 4880 1076 4949 fratrem
1107 4884 1283 4940 tuum;
1310 4872 1389 4925 sin
1417 4885 1517 4924 non
1544 4867 1783 4930 audierit,
1807 4873 1915 4920 etc.

543 4974 596 5029 i.
629 4973 760 5040 Quia
792 4971 902 5026 acri
929 4970 1170 5024 oratione
1208 4966 1469 5021 adversus
1503 4975 1598 5017 eos
1623 4958 1716 5030 qui
1734 4958 1858 5013 aliis
1881 4954 2054 5011 offen-

473 5063 652 5119 diculo
677 5072 858 5117 essent
884 5073 1034 5126 usus,
1061 5057 1294 5128 undique
1323 5055 1444 5110 illos
1471 5059 1737 5108 terruerat
1761 5091 1776 5115 ,
1809 5062 1877 5103 ne
1901 5045 2058 5101 dein~

472 5171 601 5226 ceps
631 5152 806 5223 supini
839 5157 1117 5205 manerent
1144 5150 1179 5204 ii
1208 5149 1300 5220 qui
1322 5143 1667 5202 scandalizati
1691 5141 1932 5206 fuerant,
1965 5152 2059 5192 ne-

470 5266 574 5320 que
603 5247 706 5304 rati
748 5253 917 5299 totum
965 5243 1018 5297 in
1059 5242 1192 5299 alios
1234 5239 1537 5310 conjectum
1586 5235 1786 5298 fuisse,
1822 5233 1873 5288 in
1915 5228 2056 5284 aliud

470 5343 658 5396 vitium
685 5342 1100 5408 prorumperent
1124 5333 1457 5387 luxuriantes
1479 5371 1493 5394 ,
1527 5335 1583 5384 et
1609 5341 1668 5382 se
1693 5323 1840 5381 cultu
1866 5321 2056 5392 dignos

471 5438 606 5500 rati,
635 5431 689 5488 in
725 5427 1082 5498 arrogantiam
1109 5423 1424 5479 devenirent
1441 5463 1457 5487 ,
1483 5419 1608 5476 vide
1635 5416 1903 5489 quomodo
1932 5414 2053 5468 illos

470 5526 764 5596 reprimat,
786 5521 1080 5592 jubeatque
1116 5513 1546 5585 redargutionem
1591 5511 1730 5564 inter
1765 5508 1900 5563 duos
1941 5515 2054 5560 tan-

470 5629 581 5670 tum
613 5614 724 5668 ficri
756 5629 769 5668 :
804 5627 871 5668 ne
903 5609 1130 5682 plurium
1155 5603 1459 5660 testimonio
1485 5601 1782 5672 graviorem
1805 5597 2055 5654 redderet

467 5703 858 5760 accusationem
883 5743 900 5770 ,
927 5710 981 5758 et
1007 5697 1326 5770 petulantior
1356 5695 1444 5750 ille
1470 5697 1640 5748 factus
1661 5732 1675 5758 ,
1705 5700 1892 5746 curatu
1910 5687 2053 5742 difﬁ-

471 5797 625 5852 cilior
651 5795 800 5849 foret.
837 5796 964 5851 Ideo
991 5795 1102 5848 ait:
1146 5789 1282 5845 Inter
1313 5797 1360 5844 te
1387 5797 1432 5843 et
1457 5787 1624 5856 ipsum
1650 5784 1831 5840 solum.
1869 5781 1930 5838 Si
1953 5797 2048 5835 au-

2168 4674 2315 4728 dierit
2338 4715 2351 4734 ,
2395 4671 2620 4726 lucratus
2661 4668 2759 4722 erit
2793 4668 2999 4720 fratrem
3028 4674 3192 4718 tuum.
3222 4661 3356 4731 Quid
3387 4669 3471 4716 est
3497 4658 3624 4715 illud
3651 4701 3663 4723 ,
3696 4661 3760 4715 Si

2167 4765 2429 4820 audierit?
2457 4763 2512 4818 Si
2544 4777 2604 4815 se
2631 4759 2961 4815 damnaverit
2986 4799 3000 4823 ,
3031 4757 3074 4811 si
3117 4771 3430 4826 persuasum
3479 4753 3673 4807 habeat
3698 4769 3760 4808 se

2165 4871 2438 4930 peccasse.
2469 4853 2722 4908 Lucratus
2748 4868 2801 4906 es
2832 4854 3040 4922 fratrem
3063 4858 3223 4902 luunt.
3251 4846 3366 4902 Non
3397 4846 3546 4913 dicit,
3570 4859 3761 4915 patrias

2163 4947 2435 5019 expetiisti
2477 4954 2732 5016 quantum
2782 4942 2910 4996 satis
2940 4949 3054 4995 erat
3077 4981 3092 5003 ,
3126 4937 3222 4994 sed
3248 4979 3262 5003 ,
3292 4937 3542 4991 Lucratus
3561 4953 3613 4990 es
3643 4936 3757 5005 fra~

2163 5051 2290 5095 trem
2321 5048 2499 5093 tuum:
2533 5044 2589 5091 ut
2613 5032 2862 5091 ostendat
2887 5048 2950 5088 ex
2981 5031 3258 5086 inimicitia
3286 5043 3569 5085 commune
3592 5026 3759 5082 detri-

2163 5143 2407 5191 mentum
2427 5131 2580 5188 oriri.
2614 5129 2730 5186 Non
2760 5127 2905 5182 enim
2935 5125 3103 5192 dixit,
3136 5123 3397 5180 Lucratus
3426 5131 3508 5177 est
3536 5121 3623 5176 ille
3644 5120 3757 5175 sei-

2164 5243 2341 5299 psum,
2371 5224 2488 5291 sed,
2517 5223 2594 5278 Tu
2624 5223 2797 5290 ipsum
2829 5219 3067 5272 lucratus
3091 5231 3151 5272 es
3175 5233 3188 5280 ;
3217 5215 3410 5286 quibus
3437 5213 3676 5268 declarat
3704 5221 3758 5266 et

2163 5319 2306 5374 hunc
2336 5326 2391 5373 et
2431 5317 2577 5371 illum
2607 5312 2988 5368 detrimentum
3015 5317 3170 5362 antea
3198 5320 3385 5376 passos
3414 5319 3554 5368 esse,
3588 5303 3754 5358 alium

2161 5409 2347 5465 fratris
2370 5449 2385 5473 ,
2416 5407 2579 5461 alium
2622 5403 2811 5460 salutis
2853 5416 2984 5456 suae.
3028 5398 3108 5454 Ad
3138 5398 3241 5453 hoc
3283 5395 3596 5452 hortabatur
3630 5409 3756 5449 eum

2163 5499 2378 5557 scderet
2402 5498 2457 5552 in
2487 5504 2670 5552 monte
2694 5511 2709 5548 :
2738 5493 2900 5548 modo
2931 5493 3115 5546 laesum
3139 5489 3203 5543 ad
3231 5487 3514 5542 la'dentem
3539 5485 3756 5539 mittens

2161 5604 2215 5651 et
2255 5595 2439 5650 dicens
2466 5612 2478 5647 :
2509 5592 2570 5647 Si
2597 5590 2665 5644 ad
2705 5591 2870 5644 altare
2914 5598 3055 5642 stans
3099 5582 3394 5639 recordatus
3437 5580 3592 5651 fuerit
3634 5579 3756 5650 quia

2161 5690 2321 5756 frater
2347 5694 2464 5738 tuus
2491 5683 2636 5736 habet
2662 5680 2853 5751 aliquid
2881 5679 3148 5734 adversum
3175 5686 3241 5742 te,
3266 5673 3411 5739 vade,
3431 5671 3758 5742 reconciliare

2158 5778 2309 5848 fratri
2357 5787 2440 5832 tuo
2487 5774 2701 5849 (Matth.
2735 5773 2787 5830 5.
2820 5773 2910 5828 25.
2938 5770 3075 5841 2-5);
3123 5768 3283 5824 modo
3329 5767 3514 5822 ltcsum
3560 5761 3756 5834 jubens
