4034 6408
523 339 634 394 585

521 477 763 545 proximo
790 472 1061 528 dimittere
1087 487 1102 528 :
1149 469 1358 524 Dimitte
1381 465 1524 522 nobis
1552 466 1717 520 debita
1743 472 1915 516 nostra
1935 504 1950 525 ,
1977 458 2110 515 sicut

521 579 565 622 et
591 584 682 622 nos
712 565 1010 619 dimittimus
1036 561 1338 618 debitoribus
1362 560 1567 624 nostris,
1594 556 1808 628 (Matth.
1837 555 1891 610 ϐ’.
1917 550 2027 624 12),
2056 552 2106 605 id

519 662 696 715 dicere
711 658 908 714 docuit.
933 657 1027 711 llic
1055 670 1180 710 vero
1199 655 1357 708 alium
1388 649 1670 723 quemdam
1690 647 1905 702 modum
1932 646 2105 700 aﬂ'ert.

520 753 632 808 Non
655 751 798 805 enim
816 749 1119 815 lindentem,
1140 747 1232 802 sed
1259 747 1443 801 lassmn
1463 743 1660 797 inducit
1679 741 1744 795 ad
1765 743 1957 809 ipsum.
1977 736 2108 790 Nam

521 847 640 916 quia
657 843 744 898 ille
763 843 873 916 ,qui
888 843 1116 908 lzrserat,
1132 856 1236 895 non
1253 838 1405 894 facile
1419 837 1651 892 venisset
1667 833 1730 888 ad
1750 828 2108 888 excusandum

522 957 611 1004 se,
643 938 953 1009 pudefactus
979 943 1032 990 et
1059 935 1398 996 erubescens,
1433 931 1615 984 laesum
1643 927 1709 982 ad
1739 925 1888 981 illum
1909 921 2067 977 trahit
2093 937 2106 986 ;

525 1046 697 1102 neque
726 1028 920 1084 frustra
947 1069 962 1096 ,
995 1026 1086 1082 sed
1120 1034 1176 1079 ut
1204 1023 1397 1078 factum
1427 1020 1700 1076 resarciat.
1730 1016 1912 1086 Neque
1939 1013 2066 1068 dicit
2093 1055 2108 1079 ,

523 1128 725 1180 Accusa
748 1166 763 1189 ,
792 1137 905 1186 nec,
935 1120 1175 1188 lucrepa,
1200 1116 1305 1182 rel,
1338 1116 1528 1170 Poenas
1554 1120 1776 1182 repete;
1801 1106 2108 1176 scd,Argue.

526 1217 617 1271 Ille
649 1213 978 1285 namqueira
1005 1220 1060 1265 ct
1085 1208 1286 1281 pudore
1312 1222 1411 1262 ceu
1442 1203 1672 1276 quodam
1702 1213 1895 1271 sopore
1934 1197 2112 1253 ebrius

524 1310 818 1363 retinetur:
869 1314 921 1359 te
961 1319 1088 1357 vero
1127 1301 1283 1355 decet
1333 1312 1521 1353 sanum
1570 1295 1718 1350 illum
1765 1299 2112 1362 mgrotantem

527 1400 674 1455 adire
698 1441 712 1464 ,
742 1398 1006 1466 privatum
1032 1394 1289 1464 judicium
1321 1390 1644 1446 constituere
1669 1429 1682 1451 ,
1714 1384 2116 1452 reincdiumque

526 1489 872 1560 acceptabile.
929 1486 1060 1542 Illud
1087 1485 1231 1540 enim
1257 1525 1271 1551 ,
1303 1482 1494 1553 Argue,
1520 1479 1652 1534 nihil
1681 1477 1820 1533 aliud
1848 1486 1927 1531 cst
1956 1490 2115 1546 quam

526 1586 803 1640 Peccatum
832 1583 882 1637 in
910 1580 1220 1636 memoriam
1241 1591 1453 1641 revoca,
1472 1575 1558 1630 die
1583 1574 1630 1628 ei
1650 1588 1766 1644 qua:
1789 1573 1856 1627 ab
1881 1572 1969 1626 illo
1997 1585 2116 1641 pas-

526 1680 701 1732 sussis
721 1675 798 1730 :id
816 1674 956 1746 quod
985 1673 1028 1730 si
1058 1672 1268 1729 decenti
1291 1671 1452 1727 modo
1483 1669 1592 1732 ﬁat,
1611 1683 1731 1738 pars
1759 1664 2001 1735 quzcdain
2025 1663 2119 1717 de-

528 1767 782 1822 fensionis
805 1773 903 1833 est,
937 1781 1055 1837 quae
1085 1765 1150 1819 ad
1180 1761 1669 1819 reconciliationem
1699 1756 1942 1829 impellit.
1976 1753 2114 1823 Quid

529 1863 706 1932 igitur,
734 1861 776 1915 si
812 1876 920 1915 non
956 1873 1162 1914 morem
1205 1865 1387 1930 gerat,
1414 1866 1468 1911 ct
1515 1855 1558 1911 si
1595 1852 1758 1908 durus
1784 1866 1845 1906 ac
1875 1849 2117 1921 pertinax

527 1952 723 2010 fuerit?
751 1955 835 2011 16.
867 1953 1080 2008 Assume
1100 1963 1256 2007 tecum
1285 1967 1440 2004 unum
1461 1957 1548 2003 aut
1577 1949 1723 2010 duos,
1743 1946 1865 2000 utin
1893 1961 1978 1999 ore
1999 1944 2118 1997 duo-

529 2065 640 2102 rum
660 2045 853 2103 testium
869 2056 958 2100 stet
975 2063 1121 2100 omne
1137 2045 1357 2100 verbum.
1386 2042 1516 2098 Nam
1536 2048 1736 2113 quanto
1755 2037 2118 2109 impudentior

530 2151 581 2194 et
599 2140 922 2212 petulantior
955 2137 1130 2206 fuerit,
1151 2147 1294 2193 tanto
1307 2136 1477 2207 magis
1493 2134 1559 2190 ad
1577 2133 1838 2188 medelam
1868 2131 2120 2187 festinare

528 2239 764 2300 oportet,
793 2246 898 2286 non
934 2231 1001 2285 ad
1035 2231 1166 2284 iram
1196 2239 1250 2284 et
1280 2227 1718 2299 indignationem.
1759 2224 1892 2280 Nam
1923 2233 1978 2279 et
2002 2237 2119 2278 me-

531 2321 702 2389 dicus,
736 2337 856 2376 cum
889 2321 1188 2392 graviorem
1213 2319 1402 2374 viderit
1429 2318 1677 2373 morbum
1704 2359 1718 2384 ,
1749 2333 1854 2371 non
1885 2314 2116 2377 desistit,

533 2428 634 2467 nec
677 2427 819 2484 agre
859 2413 994 2479 fert,
1022 2410 1115 2467 sed
1148 2421 1274 2466 tunc
1316 2411 1484 2480 magis
1512 2424 1634 2464 sese
1678 2416 1934 2480 apparat,
1981 2404 2120 2476 quod

535 2508 695 2561 etiam
729 2507 814 2561 hic
842 2505 1017 2562 facere
1045 2506 1306 2576 principit.
1353 2505 1486 2572 Quia
1515 2504 1659 2559 enim
1685 2502 1830 2558 solus
1860 2499 2123 2556 inﬁrmior

532 2599 677 2655 visus
703 2614 762 2655 es
789 2641 805 2666 ,
833 2615 900 2654 ex
925 2599 1292 2655 additamento
1318 2597 1506 2652 fortior
1529 2605 1666 2652 esto.
1699 2595 1830 2651 Nam
1859 2593 1967 2649 duo
1994 2593 2122 2647 satis

531 2700 657 2745 sunt
693 2691 759 2746 ad
788 2699 1099 2763 peccantem
1141 2689 1590 2761 redarguendiim.
1626 2687 1814 2743 Viden'
1854 2685 2123 2754 quomodo

533 2801 640 2839 non
668 2784 781 2840 Izcsi
811 2784 988 2838 solum
1013 2823 1029 2848 ,
1073 2781 1167 2837 sed
1197 2783 1357 2837 etiam
1387 2779 1632 2836 ltedentis
1663 2779 1944 2833 utilitatem
1977 2793 2123 2847 qua:-

534 2875 656 2930 rat?
683 2875 812 2929 Nam
841 2876 1001 2930 lassus
1028 2874 1116 2929 ille
1139 2884 1222 2929 est
1244 2914 1260 2940 ,
1289 2873 1429 2944 quia
1458 2871 1648 2928 morbo
1673 2881 1860 2941 captus
1890 2871 2006 2936 fuit,
2034 2869 2125 2940 qui

535 2977 776 3038 a‘grotat,
810 2967 1108 3022 infirmatur
1141 2976 1194 3022 et
1222 2966 1422 3022 deficit.
1465 2964 1588 3020 Ideo
1625 2980 1770 3035 sarpe
1797 2963 1863 3019 ad
1893 2965 2033 3019 hunc
2063 2964 2126 3018 il-

536 3061 642 3114 lum
673 3061 842 3127 ducit,
871 3061 1159 3132 aliquando
1181 3061 1352 3115 solum
1376 3103 1389 3126 ,
1419 3057 1703 3129 aliquando
1729 3073 1851 3112 cum
1883 3057 2002 3112 aliis
2027 3075 2038 3110 :
2073 3065 2127 3112 ct

535 3155 578 3210 si
609 3153 1057 3226 perseveraverit,
1089 3167 1211 3207 cum
1240 3151 1496 3207 Ecclesia.
1533 3151 1620 3206 17.
1652 3147 1768 3216 Dic,
1799 3150 1989 3220 inquit,
2021 3146 2126 3202 Ec-

537 3249 724 3302 clcsitv.
770 3247 903 3302 Nam
949 3246 994 3302 si
1036 3246 1288 3317 patientis
1316 3245 1490 3300 solum
1531 3242 1812 3299 utilitatem
1840 3251 2125 3314 quareret,

539 3357 644 3395 non
666 3341 878 3410 juberet
903 3341 1202 3412 scptuagies
1228 3340 1426 3412 septies
1457 3337 1737 3410 pceniteuti
1768 3338 1976 3393 veniam
2001 3353 2128 3392 con-

537 3431 732 3488 cedere
783 3431 994 3502 tMatth.
1024 3433 1112 3487 18.
1141 3429 1288 3507 22);
1332 3448 1437 3486 non
1485 3432 1671 3498 toties;
1720 3445 1892 3502 neque
1938 3438 2016 3486 tot
2055 3429 2132 3484 illi

541 3521 908 3578 constituisset
934 3521 1106 3577 morbi
1134 3522 1510 3577 emendatores
1537 3538 1549 3574 :
1581 3522 1676 3576 sed
1703 3539 1766 3576 ex
1800 3520 1973 3591 primo
2017 3521 2130 3576 col-

544 3613 723 3685 loquio
752 3614 899 3669 illum
925 3614 1251 3670 obstinatum
1277 3624 1586 3671 manentem
1614 3615 1754 3669 foras
1786 3613 2128 3686 reliquisset:

545 3723 686 3763 nunc
715 3723 842 3764 vero
879 3717 932 3764 et
957 3709 1123 3764 semel
1163 3717 1216 3764 et
1241 3708 1323 3764 bis
1348 3716 1401 3762 et
1442 3717 1523 3763 ter
1551 3708 1698 3762 illum
1725 3723 1915 3764 curare
1939 3707 2131 3777 jubet,

546 3818 687 3858 nunc
710 3803 882 3857 solum
952 3817 1094 3856 nunc
1122 3816 1242 3857 cum
1270 3801 1480 3856 duobus
1499 3839 1517 3868 ,
1549 3816 1690 3855 nunc
1719 3815 1841 3855 cum
1873 3799 2131 3870 pluribus.

547 3897 670 3953 Ideo
700 3913 820 3953 cum
848 3897 917 3953 de
946 3896 1185 3953 externis
1209 3897 1404 3966 agitur,
1436 3895 1566 3949 nihil
1601 3895 1708 3950 tale
1736 3893 1899 3960 dicit,
1928 3893 2042 3958 sed,
2075 3891 2136 3946 Si

547 3991 658 4060 quis
685 4001 730 4044 te
755 3991 1022 4061 percutiat,
1058 3990 1310 4060 inquit,in
1331 3989 1595 4044 maxillam
1619 3989 1896 4051 dexteram,
1930 3997 2063 4041 uerte
2091 3986 2135 4040 ei

549 4095 593 4136 et
615 4083 808 4148 aliam;
839 4082 926 4138 hic
950 4097 1079 4137 vero
1111 4097 1214 4136 non
1241 4083 1339 4135 sic.
1364 4079 1518 4148 Quod
1546 4081 1707 4136 etiam
1738 4079 1935 4135 Paulus
1970 4079 2133 4133 dicit:

551 4177 689 4243 Quid
720 4175 843 4229 mihi
869 4184 916 4230 et
941 4175 1005 4230 de
1033 4174 1251 4230 externis
1264 4173 1503 4245 judicare
1529 4172 1603 4244 (I.
1629 4171 1746 4227 Cor.
1772 4173 1828 4227 5.
1851 4170 1978 4244 I2)?
2010 4171 2142 4226 Fra-

552 4280 660 4322 tres
691 4282 818 4322 vcro
847 4277 900 4322 et
928 4281 1154 4337 arguere
1197 4275 1252 4320 et
1289 4274 1536 4320 avertere
1562 4265 1715 4335 jubet
1741 4306 1755 4331 ,
1805 4279 1868 4318 ac
1897 4263 1999 4318 Nisi
2039 4262 2139 4318 ob-

555 4371 872 4432 temperent,
899 4359 1214 4415 abscindere
1238 4401 1254 4427 ,
1285 4369 1343 4413 ut
1370 4359 1571 4430 pudore
1608 4356 2000 4412 sulfundantur.
2029 4356 2142 4412 Iloe

551 4466 607 4510 et
633 4456 745 4525 ipse
770 4455 892 4509 facit
913 4455 1017 4519 hic,
1040 4469 1162 4511 cum
1187 4453 1254 4511 de
1281 4453 1534 4510 fratribus
1563 4454 1732 4524 legem
1759 4452 1942 4507 statuit
1965 4469 1977 4505 :
2010 4461 2144 4505 tres-

554 4563 658 4619 que
689 4548 786 4618 ipsi
814 4548 996 4603 statuit
1019 4547 1272 4603 doctores
1310 4556 1365 4602 et
1389 4546 1620 4617 judiccs,
1653 4546 1741 4615 qui
1768 4545 1996 4599 doceant
2024 4558 2143 4614 quin

555 4641 608 4695 in
641 4641 950 4695 teinnlentia
985 4650 1286 4711 perpetrata
1317 4649 1459 4696 sunt.
1491 4639 1624 4694 Nam
1670 4639 1770 4694 etsi
1800 4638 1914 4710 ipse
1940 4646 2024 4692 est
2052 4637 2144 4709 qui

555 4733 734 4787 omnia
766 4731 994 4787 absurda
1026 4733 1115 4788 illa
1164 4731 1293 4788 fecit
1319 4742 1373 4788 et
1401 4732 1654 4802 loquutus
1679 4738 1794 4797 est,
1820 4730 1938 4786 aliis
1965 4739 2144 4786 tamen

556 4837 692 4892 Opus
736 4820 895 4878 habet
924 4823 1016 4893 qui
1059 4822 1325 4890 doceant,
1359 4831 1544 4894 utpote
1568 4822 1782 4888 ebrius;
1816 4838 1938 4876 nam
1971 4823 2048 4877 ira
2095 4831 2149 4878 et

559 4925 835 4987 peccatum
868 4916 1146 4988 plusquam
1174 4918 1406 4973 ebrietas
1449 4926 1686 4972 mentem
1716 4916 1932 4971 turbant
1952 4957 1967 4982 ,
2013 4927 2066 4971 et
2094 4917 2148 4971 in

559 5010 819 5080 majorem
850 5011 1108 5066 insaniam
1133 5011 1444 5080 eonjieiunt.
1477 5009 1608 5065 Nam
1639 5011 1762 5082 quis
1797 5009 1994 5065 Davide
2021 5024 2146 5079 pru-

559 5105 772 5159 dentior
798 5111 916 5158 erat
955 5103 1035 5173 (Ξ.
1083 5101 1210 5174 Reg.
1245 5100 1370 5163 1‘2)?
1417 5102 1670 5157 Attamen
1709 5117 1829 5157 cum
1872 5113 2144 5173 peccaret,

562 5198 693 5254 nihil
723 5199 906 5263 sensit,
941 5198 1082 5268 quod
1111 5196 1547 5266 concupiscentia
1577 5197 1757 5251 omnia
1785 5196 1901 5265 ejus
1932 5197 2150 5250 ratioci-

563 5291 647 5345 nia
693 5297 1048 5361 occupasset,
1099 5299 1153 5344 et
1195 5304 1294 5346 ceu
1320 5289 1497 5345 fumus
1523 5287 1740 5359 quidam
1769 5288 1886 5357 ejus
1914 5288 2151 5342 animum

563 5382 816 5452 repleret.
861 5380 1196 5450 Quapropter
1221 5378 1440 5435 lucerna
1484 5395 1618 5448 opus
1658 5379 1845 5433 habuit
1885 5393 1983 5449 per
2029 5393 2155 5448 pro-

567 5475 780 5544 phetam
802 5473 1051 5540 adducta,
1080 5488 1142 5527 ac
1165 5471 1342 5528 verbis
1359 5487 1478 5541 quae
1503 5469 1711 5526 facinus
1739 5470 1838 5541 ipsi
1872 5471 1925 5524 in
1953 5484 2156 5525 memo-

566 5567 702 5620 riam
729 5564 1068 5620 reducerent.
1107 5563 1231 5620 Ideo
1259 5563 1358 5620 hos
1385 5579 1526 5619 nunc
1551 5563 1616 5619 ad
1646 5572 1956 5634 peccantem
1984 5561 2154 5618 addu—

567 5656 676 5724 cit,
713 5655 802 5727 qui
829 5655 896 5713 de
925 5657 1087 5729 gestis
1109 5658 1219 5713 suis
1244 5656 1415 5729 ipsum
1441 5657 1795 5728 alloquamur.

1515 329 1578 386 IN
1621 324 2022 386 MATTIIASUM
2070 319 2299 377 1103111..
2345 323 2456 380 LX.
2499 326 2568 381 al.
2611 327 2747 382 LXI;

3701 335 3820 391 565'

2289 436 2340 492 2.
2377 440 2482 493 Cur
2506 447 2682 494 autem
2733 442 2872 494 hunc
2895 439 3048 510 jubet
3094 457 3353 512 arguere,
3387 446 3697 501 non-alium
3746 449 3802 501 ‘3

2214 527 2344 595 Quia
2377 528 2517 584 hunc
2538 537 2720 600 utpote
2741 545 2770 583 ει
2801 545 2859 586 se
2880 531 3062 586 licsmn
3091 544 3144 588 et
3167 533 3354 602 injuria
3380 535 3650 603 affectum,
3687 555 3800 592 mo-

2213 620 2448 676 deratius
2484 631 2603 676 erat
2657 622 3000 678 toleraturus.
3045 623 3157 692 Non
3196 627 3339 680 enim
3383 629 3495 695 pari
3527 628 3706 683 animo
3737 631 3806 684 ab

2215 709 2415 766 aliode
2442 711 2634 781 injuria
2655 713 2809 768 alteri
2839 715 3013 769 oblata
3036 731 3094 770 se
3127 715 3376 787 redargui
3407 719 3654 788 patiatur,
3683 737 3806 774 cuin

2216 803 2448 857 maxime
2472 803 2619 857 solus
2648 813 2730 860 est
2761 806 2805 859 is
2832 806 2919 875 qui
2961 806 3252 877 redarguit.
3277 808 3411 862 Cum
3437 819 3616 864 autem
3652 809 3695 864 is
3717 812 3806 880 qui

2215 894 2454 948 rationes
2489 894 2555 948 ab
2596 895 2711 965 ipso
2751 897 3030 966 expetendi
3067 898 3154 968 jus
3189 899 3366 966 habet,
3406 900 3572 970 ipsius
3609 917 3806 957 curare

2216 985 2439 1039 salutem
2467 986 2696 1056 videtur,
2721 988 2766 1043 is
2794 990 3022 1044 maxime
3052 991 3288 1046 omnium
3331 1001 3503 1062 potest
3551 993 3719 1049 illum-
3740 997 3804 1050 ad

2218 1076 2646 1145 resipiscentiam
2674 1094 2884 1144 vocare,
2925 1095 3046 1136 eum
3092 1081 3267 1136 videat
3299 1081 3400 1138 hoc
3440 1097 3545 1137 non
3595 1100 3806 1153 pinnam

2217 1168 2523 1236 expetendi,
2551 1169 2644 1224 sed
2690 1171 3005 1226 emendandi
3035 1173 3204 1244 gratia
3236 1173 3371 1230 ﬁeri.
3403 1175 3526 1231 Ideo
3563 1191 3669 1232 non
3697 1188 3810 1232 sta-

2219 1258 2313 1312 tim
2341 1257 2476 1313 duos
2503 1259 2756 1316 accedere
2775 1261 2950 1332 jubet,
2975 1263 3070 1318 sed
3115 1279 3235 1320 cum
3267 1266 3467 1335 primus
3488 1267 3617 1320 nihil
3651 1269 3810 1337 profi-

2218 1363 2340 1403 cere
2382 1358 2594 1418 potest:
2653 1367 2824 1421 neque
2873 1363 2997 1408 tunc
3037 1354 3432 1410 multitudinem
3475 1357 3670 1423 mittit,
3716 1360 3810 1414 sed
3885 1341 3893 1348 ’

2221 1456 2386 1510 usque
2412 1442 2476 1496 ad
2501 1441 2636 1498 duos
2666 1443 2833 1510 addit,
2867 1445 2950 1499 ch
2968 1446 3129 1500 etiam
3152 1462 3316 1501 unum
3339 1464 3353 1512 ;
3376 1463 3498 1502 cuin
3521 1459 3696 1504 autem
3717 1450 3814 1505 lius

2223 1533 2560 1602 despexerit,
2597 1543 2720 1591 tunc
2747 1536 2812 1591 ad
2842 1536 3139 1592 Ecclesium
3187 1539 3333 1594 illinn
3371 1542 3551 1596 mittit.
3582 1543 3669 1599 Sic
3714 1545 3813 1598 ad-

2226 1628 2441 1682 modum
2469 1637 2622 1683 curat
2667 1645 2736 1686 ne
2786 1633 3010 1701 proximi
3063 1643 3279 1702 peccata
3332 1635 3682 1705 evulgcntur;
3716 1638 3814 1690 etsi

2223 1721 2457 1790 potuerit
2507 1737 2536 1776 a
2593 1721 2855 1792 principio
2902 1723 3028 1777 illud
3073 1724 3300 1794 jubere,
3352 1741 3418 1781 ne
3462 1727 3512 1781 id
3544 1727 3593 1780 in
3631 1729 3818 1798 vulgus

2222 1823 2500 1878 manaret,
2535 1830 2638 1868 non
2671 1814 2795 1870 fecit
2823 1859 2837 1881 ,
2867 1816 2958 1871 sed
2990 1826 3108 1886 post
3132 1833 3288 1871 imam
3327 1819 3660 1889 alteramque
3698 1835 3813 1874 mo-

2224 1906 2478 1962 tuitionem
2527 1907 2577 1962 id
2627 1909 2883 1978 principii.
2938 1910 3075 1976 Quid
3129 1921 3305 1965 autem
3359 1912 3458 1966 sibi
3494 1913 3609 1966 vult
3644 1913 3814 1972 illud.

2224 1997 2289 2051 lu
2320 2014 2404 2052 ore
2437 1999 2657 2053 duorum
2686 2001 2762 2054 vel
2788 2001 2941 2054 trium
2977 2002 3176 2054 testium
3221 2001 3370 2056 stabit
3397 2019 3544 2057 omne
3574 2005 3775 2057 uerbum
3798 2008 3823 2058 ξ’

2224 2087 2478 2144 Idoneum
2521 2089 2687 2144 habes
2722 2091 3128 2160 testimonium,
3185 2092 3391 2162 inquit,
3442 2104 3493 2148 te
3547 2103 3716 2150 totum
3772 2097 3824 2150 id

2223 2184 2365 2253 quod
2405 2198 2571 2255 penes
2615 2192 2665 2238 te
2714 2191 2831 2238 erat
2874 2183 3100 2251 fecisse,
3151 2184 3391 2255 nihilque
3438 2185 3704 2242 omisisse.
3764 2189 3824 2241 Si

2225 2286 2393 2330 autem
2439 2293 2530 2330 uec
2570 2275 2660 2330 hos
2700 2276 2938 2340 audierit,
2979 2275 3061 2329 dic
3100 2273 3376 2343 Ecclesiae,
3431 2277 3480 2332 id
3520 2285 3638 2342 est,
3688 2294 3826 2347 pra:-

2225 2369 2446 2423 sidibus.
2482 2367 2630 2436 Quod
2666 2368 2709 2421 si
2750 2365 3031 2421 Ecclesium
3063 2384 3163 2421 non
3188 2367 3446 2433 audierit,
3474 2369 3535 2423 sit
3566 2368 3654 2422 tibi
3683 2369 3824 2438 quasi

2225 2462 2450 2516 ethnicus
2497 2470 2542 2515 et
2589 2461 2906 2531 publicanus.
2955 2460 3098 2515 Talis
3143 2461 3285 2517 enim
3329 2461 3490 2517 homo
3536 2464 3818 2517 incurabili

2226 2555 2416 2609 morbo
2432 2553 2656 2608 laborat.
2681 2552 2760 2607 Tu
2786 2566 2917 2608 vero
2940 2552 3068 2608 mihi
3099 2553 3390 2625 perpende.
3424 2555 3692 2625 quomodo
3724 2571 3822 2625 pa-

2228 2646 2498 2702 blicnnum
2527 2645 2722 2715 ubique
2754 2646 2804 2700 in
2839 2646 3142 2716 exemplum
3171 2647 3419 2717 nequitia}
3448 2647 3696 2701 maxima:
3722 2663 3821 2719 po-

2230 2749 2338 2795 nat.
2371 2741 2501 2796 Nam
2529 2757 2688 2812 supra
2715 2739 2850 2795 dixit
2880 2760 2893 2796 :
2937 2739 3126 2796 Nonne
3147 2749 3193 2795 et
3219 2740 3476 2811 publicani
3501 2741 3594 2794 hoc
3633 2741 3828 2813 faciunt

2232 2833 2250 2904 (
2277 2832 2462 2887 Matth.
2507 2834 2562 2889 5.
2607 2833 2676 2888 46
2698 2832 2748 2901 )?
2775 2841 2828 2887 et
2857 2846 3175 2904 progressus
3193 2847 3405 2888 rursum
3442 2849 3453 2885 :
3484 2830 3753 2887 Publii-ani
3782 2843 3828 2888 et

2232 2929 2513 2981 meretrices
2539 2927 2820 2997 prtecedent
2846 2943 2932 2980 vos
2954 2927 3005 2980 in
3037 2942 3189 2998 regno
3215 2925 3452 2980 carlorum
3475 2923 3494 2998 (
3518 2925 3702 2980 Matth.
3737 2928 3827 2980 2|.

2233 3020 2295 3075 51
2320 3018 2374 3090 );
2405 3020 2456 3074 id
2481 3029 2583 3085 est,
2617 3021 2706 3089 qui
2737 3020 2966 3074 maxime
2995 3019 3369 3088 improbantur
3388 3029 3437 3074 et
3470 3018 3831 3074 condemnau-

2236 3121 2338 3166 tur.
2369 3110 2602 3165 Audiant
2633 3111 2704 3164 illi
2735 3113 2823 3181 qui
2857 3108 2920 3164 ad
2943 3118 3182 3180 quaestus
3211 3110 3422 3180 iniquos
3452 3120 3674 3164 currunt
3697 3153 3710 3175 ,
3737 3111 3826 3178 qui

2233 3201 2439 3257 fmuora
2467 3201 2762 3257 femoribus
2785 3201 3060 3272 adjiciunt.
3094 3202 3203 3256 Cur
3233 3216 3394 3272 porro
3436 3217 3559 3256 cmn
3589 3203 3827 3271 publica-

2236 3296 2319 3352 nis
2366 3297 2523 3350 istum
2559 3295 2738 3350 locat"
2781 3294 2853 3350 Ut
2879 3295 3062 3348 laesum
3091 3292 3433 3361 consoletur,
3465 3302 3519 3350 et
3549 3293 3688 3348 hunc
3730 3302 3834 3348 ter-

2238 3393 2370 3437 reat.
2400 3380 2536 3436 Num
2565 3381 2680 3435 ha'c
2724 3379 2838 3435 sola
2881 3379 3087 3450 punitio
3137 3380 3261 3433 est?
3290 3376 3504 3434 Minime
3537 3397 3550 3433 :
3583 3379 3676 3434 sed
3712 3381 3832 3432 audi

2237 3476 2513 3546 sequentia
2542 3492 2556 3528 :
2589 3474 2674 3529 18.
2708 3472 3075 3542 Quodcumque
3098 3471 3425 3542 alligaveritis
3445 3487 3597 3542 super
3623 3481 3832 3537 terram,

2239 3569 2330 3623 erit
2355 3569 2564 3640 ligatum
2591 3577 2635 3622 et
2673 3567 2724 3620 in
2751 3566 2907 3620 etc-lis.
2955 3564 3072 3620 Non
3113 3563 3248 3619 dixit
3280 3564 3533 3619 Ecclesia!
3582 3564 3792 3634 pra‘suli
3820 3606 3834 3628 ,

2241 3661 2411 3732 Alliga
2436 3661 2603 3727 illum,
2638 3659 2754 3722 sed,
2789 3659 2842 3713 Si
2873 3657 3196 3728 alligaveris,
3239 3657 3285 3711 ei
3316 3655 3407 3726 qui
3435 3656 3593 3711 Imsus
3619 3656 3720 3712 fuit
3748 3665 3831 3710 to-

2243 3764 2353 3808 tum
2395 3754 2742 3823 permittens:
2779 3761 3011 3820 tuncque
3037 3749 3244 3803 vincula
3282 3763 3388 3802 non
3419 3749 3674 3804 dissoluta
3719 3765 3837 3804 ma-

2245 3855 2390 3900 nent.
2425 3843 2682 3898 Extrema
2711 3843 2889 3912 itaque
2920 3841 3150 3911 patietur
3182 3840 3341 3894 mala.
3385 3839 3490 3896 Sed
3524 3854 3628 3895 non
3677 3843 3720 3894 is
3750 3842 3840 3911 qui

2242 3936 2433 3991 detulit
2460 3935 2510 3988 in
2535 3948 2694 3988 causa
2723 3942 2823 4000 est,
2848 3948 3032 3988 verum
3057 3932 3101 3986 is
3123 3931 3213 4002 qui
3246 3932 3414 3987 noluit
3443 3932 3836 4001 obtemperare.

2244 4029 2407 4084 Vides
2439 4025 2708 4099 quomodo
2735 4025 2878 4081 hunc
2905 4024 3100 4095 duplici
3133 4025 3450 4080 necessitate
3492 4025 3752 4089 vinxerit,
3790 4034 3843 4078 ct

2245 4121 2494 4192 prt’est‘lli
2526 4135 2678 4192 pinna
2699 4163 2714 4187 ,
2747 4127 2800 4174 ct
2825 4118 3001 4173 futuro
3034 4117 3334 4188 supplicio?
3365 4118 3488 4172 llaec
3514 4132 3674 4187 porro
3695 4133 3844 4188 οωιηο

2247 4216 2476 4269 minatus
2504 4223 2608 4280 est,
2627 4228 2695 4268 ne
2719 4213 2867 4268 Istinc
2893 4210 3158 4276 accidant,
3195 4209 3290 4265 sed
3316 4221 3561 4265 metuens
3591 4219 3644 4264 et
3672 4211 3845 4264 minus

2247 4317 2301 4364 et
2322 4308 2640 4377 ejectionem
2684 4305 2753 4360 ah
2802 4305 3060 4370 Ecclesia,
3115 4313 3170 4358 et
3210 4303 3505 4372 periculum
3531 4318 3595 4358 ex
3629 4303 3844 4359 vinculo

2250 4409 2484 4470 partum,
2515 4411 2615 4452 nec
2643 4412 2748 4450 non
2781 4395 2909 4450 illud
2943 4397 2995 4449 in
3030 4395 3176 4450 ca‘lls
3203 4393 3492 4460 vinculum,
3520 4393 3845 4448 moderatior

2250 4491 2343 4556 sit,
2373 4504 2494 4543 cum
2518 4488 2634 4542 huic
2664 4487 2817 4551 sciat,
2845 4487 2944 4542 etsi
2975 4499 3078 4540 non
3124 4500 3151 4538 a
3189 4485 3470 4555 principio,
3504 4486 3555 4539 in
3602 4486 3846 4540 multitu-

2250 4585 2375 4640 dine
2409 4592 2584 4638 tamen
2606 4581 2926 4652 judiciorum
2959 4580 3090 4634 iram
3133 4579 3384 4650 deponat.
3424 4579 3628 4634 Idcirco
3656 4591 3709 4634 et
3740 4582 3847 4650 pt'i-

2253 4691 2398 4730 mum
2451 4683 2505 4729 et
2553 4672 2846 4728 secundum
2893 4681 2947 4726 et
2997 4671 3213 4726 tertium
3243 4672 3518 4725 constituit
3549 4671 3846 4740 judicium,

2253 4782 2425 4839 neque
2454 4765 2632 4820 statim
2669 4764 2815 4818 illum
2856 4762 3161 4833 prmscindit
3184 4806 3199 4828 ,
3230 4773 3287 4816 ut
3307 4762 3349 4817 si
3384 4763 3555 4833 primo
3582 4780 3686 4818 non
3714 4765 3848 4820 ohe-

2254 4858 2402 4926 diat,
2449 4856 2685 4914 secundo
2738 4855 2929 4918 cedat;
2977 4855 3057 4909 sin
3108 4854 3240 4909 illud
3294 4857 3587 4925 reSpnerit,
3633 4857 3848 4912 tertium

2254 4953 2474 5016 timeat;
2525 4949 2569 5003 si
2613 4949 2768 5017 hujus
2825 4947 3024 5002 nullam
3068 4947 3331 5003 rationem
3374 4947 3599 5016 habeat,
3659 4965 3725 5003 ex
3767 4947 3850 5002 fu-

2255 5053 2377 5098 turo
2416 5040 2615 5112 judicio
2655 5048 2918 5094 terreatur
2943 5080 2956 5106 ,
3008 5039 3125 5094 sive
3155 5053 3222 5092 ex
3253 5038 3344 5093 Dei
3376 5039 3641 5094 sententia
3685 5039 3853 5094 etul-

2260 5138 2423 5192 tione.

2331 5229 2515 5282 Preces
2566 5241 2802 5296 magnam
2839 5224 2936 5276 vim
2986 5240 3018 5276 a
3067 5225 3338 5278 concordia
3379 5231 3626 5277 muttiant.
3683 5223 3854 5289 Quare

2260 5337 2358 5373 non
2405 5333 2602 5388 semper
2648 5315 2999 5370 exaudiamur.
3049 5315 3250 5370 Amoris
3283 5333 3402 5387 erga
3432 5315 3716 5385 proximum
3741 5331 3856 5384 quae

2261 5429 2416 5466 causa
2459 5427 2565 5464 esse
2602 5408 2797 5463 debeat.
2829 5408 3080 5461 Amicitia:
3129 5408 3366 5462 humana:
3409 5406 3622 5460 vanitas.
3655 5404 3862 5460 Amoris

2260 5503 2538 5558 Christiani
2559 5502 2709 5556 ratio.
2730 5531 2799 5541 —-
2819 5500 2904 5555 19.
2937 5498 3132 5555 lterum
3159 5508 3325 5553 autem
3349 5498 3460 5551 dico
3486 5495 3641 5563 vobis,
3675 5499 3793 5567 quia
3813 5499 3858 5551 si

2267 5595 2363 5652 duo
2380 5611 2443 5650 ea:
2463 5594 2598 5650 vobis
2619 5592 2957 5649 consenserint
2973 5606 3124 5659 super
3149 5599 3356 5655 terram,
3375 5587 3438 5642 de
3451 5588 3589 5641 omni
3613 5605 3668 5642 re
3681 5605 3857 5659 quam-

2299 5756 2346 5864 l}
2381 5755 2453 5804 sic
2477 5751 2617 5804 sai-il.
2646 5759 2697 5803 et
2720 5757 2910 5806 tlss.;at
2935 5745 3118 5809 Morel,
3141 5752 3185 5797 et
3210 5759 3304 5797 non
3328 5745 3425 5797 alio
3450 5754 3608 5809 modo,
3637 5759 3743 5810 pro,
3763 5757 3857 5800 non

2320 5828 2433 5864 ιι-τηι.

2265 5828 2433 5865 (ιιιι-ῖηι.

2805 5887 2829 5904 δ
