4034 6412
289 295 397 356 537

284 432 496 486 (ltitique
524 415 776 487 petierint,
819 413 903 480 [iet
932 412 1003 468 eis
1028 428 1058 466 a
1086 409 1244 467 Patre
1272 426 1381 465 meo
1419 410 1504 482 qui
1534 410 1585 464 in
1616 411 1752 465 ca'lis
1781 418 1872 464 est.

284 510 373 564 20.
411 507 507 562 Ubi
534 509 664 561 enim
688 506 876 576 fuerint
901 504 1002 558 duo
1030 503 1105 556 vel
1132 515 1230 558 tres
1268 504 1556 574 congregati
1594 503 1648 557 in
1676 502 1877 556 nomine

285 617 414 666 meo,
439 602 504 655 ibi
524 616 633 654 sum
653 601 704 653 in
733 597 894 651 medio
914 613 1106 651 eorum.
1142 594 1325 651 Vidcn‘
1350 595 1619 666 quomodo
1648 594 1867 650 aliunde

284 698 445 750 etiam
471 694 641 750 solvat
678 690 1011 757 inimicitias;
1042 686 1356 745 Simultates
1408 689 1578 755 tollat,
1603 697 1657 743 et
1684 697 1867 742 mutuo

279 787 465 857 jungat
488 825 502 849 ,
532 799 637 840 non
660 790 861 838 tantum
888 797 951 837 ex
983 782 1171 835 timore
1187 780 1298 851 jam
1328 780 1454 835 dicti
1479 779 1744 850 supplicii,
1776 777 1872 833 sed

284 881 445 935 etiam
466 894 534 933 ex
562 877 715 932 bouis
756 892 851 947 per
885 875 1160 931 caritatem
1208 874 1390 944 partis.
1423 873 1556 929 Nam
1593 883 1869 944 postquam

287 970 635 1025 calumniosis
676 968 765 1023 illa
795 968 1151 1024 comminatus
1176 977 1279 1033 est,
1310 967 1397 1022 hic
1426 982 1613 1037 magna
1641 981 1866 1022 concor-

282 1063 385 1116 diu:
414 1061 628 1132 praemia
653 1059 859 1126 statuit,
884 1058 1145 1130 siquidem
1174 1059 1231 1126 ii,
1275 1059 1366 1131 qui
1414 1069 1599 1114 mutuo
1644 1058 1783 1116 inter
1809 1073 1868 1114 se

278 1154 639 1217 consentiunt,
662 1168 690 1204 a
721 1151 877 1205 Patre
917 1151 1204 1220 impetrant
1230 1149 1375 1221 quod
1396 1157 1604 1220 petunt,
1635 1158 1690 1204 et
1714 1149 1869 1205 Chri-

277 1255 415 1299 stum
429 1245 480 1298 iu
501 1243 679 1299 medio
692 1242 907 1299 habent.
927 1245 1008 1297 An
1032 1257 1291 1313 nusquam
1311 1242 1416 1297 duo
1433 1252 1615 1298 mutuo
1634 1258 1866 1299 consen-

189 1324 196 1331 ⁴
280 1339 475 1391 ιςίθιιιοε
501 1335 663 1391 sunt?
691 1334 869 1389 Multis
898 1335 953 1389 in
987 1334 1118 1389 locis
1142 1336 1343 1404 utique,
1367 1334 1474 1388 imo
1499 1333 1633 1389 forte
1651 1334 1863 1405 ubique.

281 1426 562 1493 Quomodo
621 1426 783 1496 igitur
812 1441 917 1480 non
957 1424 1136 1479 omnia
1166 1424 1494 1495 impetrant?
1527 1424 1659 1493 Quia
1690 1425 1869 1479 multm

280 1528 405 1574 sunt
453 1533 627 1575 causa:
652 1533 757 1572 non
810 1516 1150 1588 impetrandi.
1198 1518 1328 1572 Nam
1381 1532 1524 1587 saepe
1546 1517 1632 1572 illa
1685 1525 1869 1587 petunt

280 1626 401 1681 qua:
428 1609 724 1667 concedere
752 1624 857 1665 non
881 1608 1116 1678 expedit.
1158 1608 1362 1679 Ecquid
1404 1608 1634 1675 miraris,
1679 1609 1721 1663 si
1776 1608 1865 1663 alii

284 1716 398 1756 non
442 1703 745 1771 impetrent,
778 1698 992 1769 quando
1022 1699 1217 1754 Paulus
1243 1700 1402 1755 etiam
1435 1698 1486 1753 id
1521 1714 1707 1770 passus
1749 1707 1865 1768 est,

282 1810 402 1850 cum
425 1794 627 1849 audivit
652 1811 665 1848 :
696 1792 891 1862 Str/ﬁcit
920 1792 1008 1845 tibi
1039 1795 1205 1861 gratia
1227 1807 1340 1846 mea
1358 1832 1371 1855 ,
1395 1791 1553 1847 virtus
1592 1791 1724 1845 enim
1757 1807 1868 1844 mea

280 1888 339 1943 in
367 1886 685 1957 inﬁrmitate
703 1885 979 1955 perﬁcitur
997 1881 1072 1952 (ἰ.
1093 1882 1219 1939 Cor.
1240 1882 1328 1937 1⁸2.
1348 1880 1430 1951 9)?
1448 1880 1557 1935 Aut
1574 1881 1648 1934 illi
1664 1881 1758 1950 qui
1781 1896 1867 1949 pe-

287 1987 408 2032 tunt
427 1990 535 2031 non
553 1976 702 2046 digni
721 1982 850 2032 sunt
872 1973 942 2030 iis
956 1972 1284 2045 tequiparari
1307 1973 1399 2043 qui
1420 1972 1533 2029 haec
1553 1973 1863 2038 audierunt,

286 2086 389 2126 nee
406 2085 472 2124 ex
494 2084 553 2125 se
570 2067 809 2125 all‘erunt
828 2083 892 2124 ea
906 2082 1029 2138 quae
1046 2072 1438 2137 competerent;
1459 2065 1574 2135 ipse
1590 2078 1719 2119 vero
1730 2077 1866 2134 apo-

285 2163 554 2218 stolorum
575 2159 786 2217 similes
803 2157 1072 2229 requirit:
1097 2157 1220 2213 ideo
1253 2156 1349 2222 ait,
1369 2153 1453 2209 Ea:
1478 2154 1643 2221 vobis,
1667 2154 1869 2210 virtute

286 2253 553 2324 praeditis,
576 2251 671 2322 qui
704 2249 1006 2321 angelicam
1032 2248 1199 2304 vitam
1233 2245 1523 2302 exhibetis.
1547 2245 1658 2300 Aut
1677 2255 1868 2300 contra

289 2345 548 2403 laedentes
569 2359 626 2400 se
656 2351 977 2415 precantur,
1007 2341 1268 2396 ultionem
1294 2347 1347 2394 et
1367 2337 1693 2409 supplicium
1724 2336 1870 2407 ipso-

295 2454 413 2494 rum
449 2436 817 2507 postulantes,
848 2434 901 2490 id
929 2433 1076 2504 quod
1105 2440 1189 2488 est
1220 2430 1586 2502 prohibitum:
1611 2445 1738 2486 nam
1768 2430 1868 2496 ait,

285 2528 586 2584 Precamini
609 2542 702 2597 pro
716 2525 945 2581 inimicis
959 2523 1141 2578 vestris
1160 2520 1321 2590 (Mat.
1341 2522 1394 2576 5.
1417 2521 1531 2592 44).
1543 2521 1648 2576 Aut
1667 2521 1873 2577 siueul-

289 2623 336 2676 la
351 2619 665 2692 poenitentia
679 2625 988 2689 peccantes,
1001 2613 1426 2670 miscricordiam
1443 2623 1652 2684 petunt,
1664 2629 1786 2684 qua:
1797 2622 1876 2668 ta-

289 2728 413 2768 men
427 2728 534 2768 non
548 2710 824 2781 impetrari
842 2716 1040 2779 potest,
1056 2723 1163 2763 non
1181 2707 1346 2762 modo
1367 2706 1474 2763 illis
1496 2706 1867 2777 precantibus,

289 2806 384 2860 sed
402 2805 570 2861 etiam
591 2803 699 2858 alio
717 2816 781 2857 ex
812 2801 883 2857 iis
906 2801 999 2870 qui
1028 2798 1168 2869 apud
1192 2798 1360 2854 Deum
1390 2797 1644 2853 ﬁduciam
1667 2797 1871 2853 habent

291 2914 391 2966 pro
426 2896 561 2968 ipsis
588 2894 930 2965 postulante:
965 2891 1430 2962 quemadmodum
1460 2888 1726 2945 Jeremias
1743 2904 1865 2944 cum

285 3000 387 3057 pro
407 2987 610 3045 Judaeis
627 2992 966 3056 precaretur,
987 2982 1226 3038 audivit:
1254 2980 1383 3037 Noli
1402 2999 1555 3037 orare
1566 2999 1661 3048 pro
1673 2982 1868 3053 populo

283 3072 396 3135 hoc,
444 3068 563 3140 quia
612 3084 713 3121 non
755 3077 801 3122 te
838 3067 1108 3121 exaudiam
1162 3065 1312 3137 (Jer.
1361 3067 1448 3121 11.
1492 3065 1621 3137 id).
1652 3066 1709 3124 Si
1741 3084 1869 3124 vero

285 3172 474 3217 cuncta
498 3160 690 3226 adsint,
720 3169 775 3216 et
799 3159 944 3214 utilia
975 3167 1145 3230 petas,
1191 3158 1439 3231 quodque
1472 3174 1637 3231 penes
1692 3168 1746 3217 te
1788 3170 1870 3216 est

281 3254 493 3321 alTeras,
516 3252 677 3307 vitam
705 3250 868 3307 ducas
893 3250 1262 3322 apostolicam,
1289 3251 1631 3306 concordiam
1659 3261 1713 3307 et
1732 3253 1871 3307 cari-

282 3354 445 3400 tatem
476 3358 600 3414 erga
627 3343 927 3414 proximum
956 3356 1159 3407 serves,
1184 3342 1448 3414 postulata
1476 3342 1819 3414 consequeris
1852 3361 1865 3396 :

284 3436 543 3506 benignus
573 3435 769 3504 quippe
803 3441 887 3489 est
911 3433 1189 3490 Dominus.

354 3529 428 3599 5.,
442 3525 642 3581 Deinde
670 3526 790 3596 quia
812 3523 966 3587 dixit,
1014 3524 1057 3578 Α
1086 3522 1243 3577 Patre
1274 3539 1383 3577 meo
1403 3565 1417 3588 ,
1449 3532 1506 3577 ut
1538 3521 1783 3578 ostendat
1811 3536 1870 3577 se

284 3634 516 3691 quoque,
549 3633 649 3673 nec
676 3616 835 3672 modo
862 3616 1099 3679 Patrem,
1150 3615 1414 3684 postulata
1437 3614 1682 3670 daturum
1710 3628 1831 3669 esse
1850 3655 1865 3679 ,

281 3711 559 3782 subiunxit
586 3728 598 3763 :
632 3708 730 3765 Ubi
754 3709 884 3765 enim
902 3707 1004 3762 duo
1032 3708 1107 3762 uel
1151 3716 1250 3761 tres
1298 3707 1581 3779 congregati
1601 3705 1787 3774 fuerint
1817 3707 1870 3759 in

284 3805 485 3861 nomine
515 3819 648 3869 meo,
689 3801 796 3856 illic
838 3816 951 3855 sum
984 3800 1039 3854 in
1081 3797 1246 3854 medio
1273 3814 1467 3854 eorum.
1503 3798 1641 3867 Quid
1666 3798 1868 3869 igitur?

286 3910 463 3952 nonne
508 3902 634 3950 sunt
670 3893 774 3950 duo
805 3891 886 3947 vel
915 3901 1024 3948 tres
1049 3890 1356 3962 congregati
1389 3890 1440 3947 in
1478 3890 1693 3946 nomine
1712 3891 1870 3960 ejus?

287 3989 422 4045 Sunt
464 3985 701 4057 quidem,
757 3983 849 4039 sed
879 3997 1023 4040 raro.
1051 3979 1169 4036 Non
1194 3982 1337 4038 enim
1356 3981 1423 4036 de
1446 3990 1711 4038 conventu
1736 3982 1868 4037 sim-

291 4078 498 4148 pliciter
527 4075 675 4140 dicit,
710 4086 881 4143 neqrte
912 4072 1016 4128 hoc
1044 4079 1248 4127 tantum
1279 4072 1543 4141 postulat;
1568 4071 1663 4129 sed
1683 4073 1865 4138 etiam,

288 4179 347 4225 ut
372 4181 533 4239 supra
574 4165 681 4221 dixi
707 4206 722 4232 ,
754 4164 887 4218 alias
913 4176 1123 4234 quoque
1152 4162 1394 4217 virtutes.
1442 4161 1645 4219 Deinde
1686 4173 1739 4216 ut
1768 4160 1870 4217 hoc

288 4264 458 4331 ipsum
485 4272 604 4313 cum
633 4269 820 4326 magna
877 4253 1214 4311 accuratione
1254 4260 1418 4321 petat.
1461 4250 1591 4306 Nam
1619 4250 1760 4321 quod
1785 4251 1867 4305 di-

287 4356 389 4422 cit,
420 4348 723 4423 huiusmodi
754 4357 837 4404 est
869 4365 881 4401 :
907 4347 961 4403 Si
1003 4346 1123 4417 quis
1151 4360 1237 4399 me
1279 4345 1508 4414 priorem
1536 4360 1749 4400 causam
1776 4345 1870 4399 ha-

289 4448 411 4499 beat
454 4442 652 4496 amoris
680 4454 806 4510 erga
854 4437 1176 4509 proximum,
1222 4450 1343 4490 cum
1385 4435 1476 4491 illo
1503 4450 1619 4502 ero,
1663 4436 1707 4490 si
1738 4436 1870 4491 alias

285 4548 496 4608 quoque
516 4533 743 4588 virtutes
759 4528 1047 4601 possideat.
1072 4526 1222 4583 Nunc
1245 4535 1421 4583 autem
1445 4527 1704 4597 plurimos
1724 4527 1871 4583 vide-

291 4642 408 4682 mus
431 4667 448 4694 ,
476 4625 563 4696 qui
607 4623 741 4679 alias
771 4622 1018 4676 amicitia:
1064 4634 1253 4676 causas
1302 4618 1518 4675 habent.
1550 4620 1698 4675 Alius
1726 4620 1869 4676 enim

287 4720 409 4789 quia
459 4725 667 4773 amatur
686 4723 853 4780 amat;
900 4713 1036 4769 alius
1079 4712 1201 4784 quia
1253 4712 1543 4768 honoratus
1571 4713 1705 4779 fuit;
1734 4714 1870 4769 alius

290 4809 412 4879 quia
444 4808 496 4862 in
524 4807 699 4878 aliquo
726 4804 967 4861 saeculari
990 4804 1201 4875 negotio
1227 4803 1487 4873 quispiam
1508 4804 1556 4860 ei
1576 4804 1716 4861 utilis
1737 4802 1867 4870 fuit;

287 4901 423 4955 alius
448 4898 517 4953 ob
541 4897 698 4952 aliam
728 4896 954 4951 similem
978 4910 1191 4952 causam
1212 4911 1229 4962 ;
1272 4903 1329 4949 at
1372 4894 1590 4952 difﬁcile
1610 4904 1692 4951 est
1715 4911 1870 4965 repe-

290 4992 398 5046 rire
427 4988 731 5060 quempiam
763 4987 854 5058 qui
903 4986 1201 5057 proximum
1251 4994 1468 5057 propter
1517 4986 1786 5044 Christum
1815 4998 1873 5044 ut

291 5087 506 5154 oportet
530 5086 692 5135 amet.
726 5078 942 5133 Plurimi
963 5077 1105 5133 enim
1133 5078 1479 5134 saecularibus
1504 5080 1729 5151 negotiis
1755 5097 1873 5135 mu-

292 5184 381 5232 tuo
408 5172 564 5229 vincti
588 5179 731 5227 sunt.
764 5169 960 5226 Verum
991 5184 1096 5225 non
1146 5171 1342 5226 Paulus
1384 5171 1462 5227 sic
1503 5172 1751 5239 amabat,
1779 5172 1870 5228 sed

1087 294 1142 349 S.
1176 291 1455 351 JOANNIS
1493 292 1966 351 CllRYSOSTOllI
2001 296 2315 355 ARCillEP.
2358 302 2891 363 CONSTANTINOP.

3462 314 3567 375 588

1982 422 2198 484 propter
2220 414 2519 483 Christum;
2541 420 2660 477 ideo
2681 424 2923 493 quamvis
2941 438 3046 480 non
3072 434 3275 482 tantum
3295 440 3567 488 amaretur

1977 514 2233 573 quantum
2256 508 2468 564 amabat
2489 554 2502 576 ,
2533 527 2637 567 uou
2665 513 2913 571 dissolvit
2959 517 3258 583 caritatem,
3285 519 3409 590 quia
3439 522 3568 576 vali-

1976 594 2098 649 dam
2125 600 2321 654 aumris
2355 600 2587 657 radicem
2614 604 2837 675 jccerat.
2867 609 2934 662 At
2963 624 3103 665 nunc
3125 624 3213 666 res
3259 625 3363 666 non
3391 613 3460 668 ita
3506 630 3568 670 se

1977 687 2135 743 habet
2162 708 2175 746 :
2206 691 2299 746 sed
2328 692 2371 746 si
2403 695 2581 749 omnia
2604 697 2944 766 ρχιιιοτυωιιε
2968 741 2983 766 ,
3016 700 3153 771 apud
3198 702 3393 757 multos
3420 703 3564 760 inve.

1974 779 2185 838 niemus
2210 784 2459 841 amicitiae
2482 803 2670 842 causas
2698 789 2858 862 longe
2888 790 3151 849 diversas.
3182 792 3334 861 Quod
3372 795 3417 848 si
3448 796 3566 866 quis

1974 872 2101 927 mihi
2128 875 2448 933 concederet
2478 879 2529 935 in
2560 889 2703 935 tanta
2733 882 3068 939 multitudine
3090 901 3200 940 rem
3223 888 3529 942 examinare
3548 931 3564 958 ,

1975 965 2318 1022 ostenderem
2346 969 2542 1025 multos
2572 972 2921 1028 satcclaribus.
2945 974 3012 1029 de
3037 976 3213 1033 causis
3244 988 3429 1033 mutuo
3473 978 3556 1034 de

1972 1057 2182 1113 vinctos
2211 1074 2350 1117 esse.
2372 1060 2428 1116 ld
2453 1064 2592 1134 quod
2618 1065 2776 1120 etiam
2807 1067 3144 1123 manifestum
3169 1077 3330 1125 estex
3360 1070 3424 1124 iis
3446 1086 3565 1141 quae

1971 1149 2361 1206 inimicitiarum
2390 1167 2564 1208 causre
2592 1164 2734 1209 sunt.
2762 1155 2895 1224 Quia
2938 1173 3004 1212 ex
3044 1157 3201 1214 ﬂuxis
3250 1156 3556 1230 hujusmodi

1971 1241 2135 1298 rebus
2162 1252 2347 1300 mutuo
2377 1244 2608 1302 devincti
2639 1258 2761 1305 sunt
2783 1291 2796 1313 ,
2828 1250 2950 1305 hinc
2981 1252 3039 1305 lit
3065 1260 3121 1309 ut
3147 1268 3245 1307 nec
3266 1251 3559 1320 ferventer,

1972 1349 2069 1389 nec
2095 1346 2350 1405 perpetuo
2377 1338 2676 1395 vinciantur
2706 1363 2717 1398 :
2750 1342 2844 1397 sed
2874 1344 2955 1399 vel
2980 1346 3323 1413 contumelia,
3353 1348 3432 1401 vel
3464 1363 3561 1418 pe-

1969 1426 2243 1482 cuniarum
2275 1428 2676 1499 detrimentum,
2719 1433 2803 1489 vel
2835 1434 3051 1502 invidia,
3080 1436 3164 1491 vel
3196 1453 3344 1492 vana:
3369 1437 3555 1509 gloria:

1969 1534 2139 1587 amor,
2170 1521 2253 1576 vel
2281 1522 2407 1592 quid
2435 1524 2609 1580 simile
2629 1567 2642 1589 ,
2677 1526 2720 1582 si
2742 1527 2979 1591 accidat,
3031 1528 3319 1584 amicitiam
3366 1529 3549 1585 solvit.

1967 1609 2081 1666 Non
2110 1612 2253 1666 enim
2291 1614 2619 1682 spiritualem
2649 1616 2852 1671 invenit
2897 1617 3151 1673 radicem.
3198 1618 3329 1688 ρυω
3367 1621 3413 1677 si
3440 1621 3564 1676 talis

1968 1710 2141 1767 esset,
2172 1703 2314 1759 nulla
2358 1706 2691 1763 saecularium
2740 1724 2918 1764 rerum
2957 1711 3249 1779 spiritualia
3300 1713 3558 1785 solveret.

1968 1794 2173 1850 Caritas
2196 1798 2336 1851 enim
2385 1813 2447 1852 ea
2467 1840 2482 1864 ,
2522 1815 2641 1869 qua:
2668 1810 2884 1871 propter
2917 1800 3186 1857 Christum
3211 1812 3294 1858 est
3313 1843 3328 1867 ,
3373 1805 3556 1869 ﬁrma,

1969 1885 2171 1940 stabilis
2195 1886 2493 1958 invictaque
2522 1898 2624 1953 est,
2656 1891 2892 1962 nihilque
2911 1893 3053 1947 illam
3076 1894 3271 1964 poterit
3295 1895 3552 1962 avellere,

1970 1991 2074 2032 non
2113 1978 2412 2046 calumnias,
2446 1995 2550 2034 non
2580 1982 2834 2052 pericula,
2866 1997 2971 2038 non
2999 1992 3218 2052 mortes,
3258 1999 3363 2040 non
3414 1983 3560 2040 aliud

1969 2067 2091 2138 quid
2119 2069 2310 2123 simile.
2340 2068 2559 2127 Etiamsi
2585 2071 2727 2127 enim
2755 2073 2843 2144 qui
2867 2072 2945 2128 sic
2963 2083 3108 2128 amat
3129 2090 3396 2131 aerumnas
3417 2075 3560 2131 mille

1977 2161 2271 2223 pateretur,
2292 2171 2408 2210 non
2428 2155 2729 2225 desisteret,
2750 2173 2969 2214 causam
2995 2164 3200 2218 amoris
3235 2165 3318 2219 sui
3345 2180 3563 2237 semper

1976 2243 2047 2298 ob
2062 2244 2249 2299 oculos
2277 2243 2502 2300 habens.
2523 2244 2656 2300 Nam
2671 2248 2763 2318 qui
2782 2260 2927 2305 amat
2944 2259 3002 2305 ut
3021 2262 3255 2320 ametur,
3277 2253 3321 2308 si
3340 2255 3468 2324 quid
3493 2257 3569 2310 in.

1974 2344 2187 2404 gratum
2207 2335 2431 2397 viderit.
2452 2336 2615 2390 solvit
2630 2352 2869 2393 amorem
2894 2358 2906 2393 :
2929 2342 3022 2411 qui
3049 2358 3177 2398 vero
3196 2344 3320 2399 lude
3346 2346 3566 2403 vinctus

1973 2433 2079 2491 est,
2101 2442 2379 2497 nunquam
2418 2426 2680 2481 discedet.
2706 2427 2829 2484 ldeo
2850 2430 3054 2488 Paulus
3077 2433 3295 2491 dicebat
3317 2454 3328 2490 :
3351 2435 3563 2493 Caritas

1975 2533 2259 2587 numquam
2277 2515 2478 2570 excidit
2494 2517 2540 2586 (1
2555 2515 2700 2573 .Cor.
2727 2521 2811 2575 l3.
2830 2521 3058 2590 8).Quid
3079 2525 3224 2579 enim
3244 2526 3424 2581 dicere
3439 2542 3563 2600 pos-

1972 2614 2087 2668 sis?
2120 2629 2187 2668 an
2230 2613 2370 2683 quod
2423 2613 2717 2670 honoratus
2746 2623 2798 2670 te
2826 2616 3147 2672 contumelia
3173 2617 3448 2672 olfecerit?
3477 2619 3563 2673 vel

1970 2703 2110 2774 quod
2137 2703 2394 2759 beneﬂcio
2415 2703 2660 2770 allecms,
2714 2713 2768 2760 te
2805 2705 3054 2762 occidere
3084 2707 3353 2762 voluerit?
3387 2707 3491 2763 Sed
3517 2709 3563 2764 si

1970 2803 2188 2865 propter
2215 2793 2484 2850 Christum
2529 2794 2705 2865 diligis
2726 2837 2742 2862 ,
2795 2795 2846 2851 id
2880 2805 2931 2851 te
2973 2796 3038 2850 ad
3070 2796 3325 2868 majorem
3357 2798 3561 2854 inducit

1971 2888 2271 2944 caritatem.
2295 2888 2427 2943 Nam
2454 2904 2572 2958 quae
2595 2888 2647 2945 in
2677 2890 2794 2945 aliis
2815 2889 3155 2947 dilectionem
3186 2902 3452 2961 evertunt,
3479 2893 3566 2948 hic.

1971 2981 2112 3039 illam
2148 2982 2451 3038 conciliant.
2494 2982 2813 3050 Quomodo?
2841 2982 3041 3049 Primo,
3090 2984 3212 3055 quia
3261 2985 3383 3041 talis
3406 2986 3566 3040 homo

1972 3071 2239 3127 mercedis
2271 3072 2363 3127 tibi
2393 3087 2553 3128 causa
2606 3083 2723 3138 est;
2776 3072 3032 3140 secundo,
3083 3075 3204 3145 quia
3245 3074 3333 3129 ille
3378 3074 3565 3145 majori

1970 3171 2088 3233 eget
2118 3177 2220 3231 ope
2250 3171 2303 3218 et
2328 3163 2643 3218 ministerio.
2680 3162 2880 3219 Idcirco
2910 3165 2999 3235 qui
3038 3164 3116 3220 sic
3144 3173 3309 3234 amat,
3341 3182 3444 3221 non
3473 3180 3565 3236 ge-

1971 3267 2074 3308 nus
2098 3252 2358 3323 explorat,
2407 3268 2514 3309 non
2565 3254 2813 3324 patriam,
2856 3269 2960 3310 non
2991 3253 3226 3321 divitias,
3260 3271 3365 3311 non
3392 3271 3563 3326 quan-

1972 3353 2081 3401 tum
2134 3344 2459 3413 redametur,
2507 3360 2613 3401 non
2662 3345 2804 3401 aliud
2858 3347 3036 3401 simile
3079 3345 3350 3416 quidpiam
3403 3365 3416 3400 :
3466 3346 3561 3402 sed

1972 3435 2178 3491 etiamsi
2205 3435 2328 3490 odio
2352 3436 2634 3504 habeatur,
2684 3436 2893 3493 etiamsi
2923 3435 3241 3492 contumelia
3268 3436 3562 3502 afﬁciatur,

1972 3528 2176 3585 etiamsi
2228 3527 2534 3595 occidatur,
2606 3528 2661 3583 in
2706 3542 2889 3584 amore
2935 3537 3270 3599 perseverat,
3318 3528 3564 3584 idoneam

1973 3620 2175 3676 habens
2204 3619 2415 3675 amandi
2443 3635 2658 3675 causam
2683 3661 2696 3685 ,
2724 3635 2961 3675 amorem
2991 3619 3186 3676 Christi
3208 3636 3223 3675 :
3242 3628 3566 3690 quaprOpter

1972 3712 2039 3766 ad
2070 3711 2216 3766 illum
2243 3710 2538 3782 respiciens
2561 3718 2666 3766 stat
2691 3711 2847 3777 ﬁxus,
2876 3710 3081 3777 ﬁrmus,
3107 3710 3411 3765 immobilis.
3436 3709 3571 3766 Nam

1972 3801 2217 3856 Christus
2247 3800 2322 3856 sic
2348 3798 2534 3855 dilexit
2567 3800 2832 3865 inimicos,
2856 3800 3109 3871 ingratos,
3132 3799 3567 3864 contumeliosos,

1975 3891 2339 3962 blasphemos,
2387 3905 2448 3948 se
2476 3890 2738 3957 odientes,
2769 3906 2863 3947 eos
2892 3892 2981 3959 qui
3027 3906 3095 3946 ne
3143 3891 3416 3961 respicere
3441 3890 3566 3961 qui-

1973 3984 2094 4041 dem
2120 3985 2270 4040 illum
2296 3983 2648 4049 sustinebant,
2672 3984 2759 4054 qui
2791 3983 2931 4055 ligna
2959 3990 3015 4040 et
3042 3983 3245 4054 lapides
3286 3982 3386 4053 ipsi
3412 3991 3568 4038 ante-

1974 4077 2279 4148 ponebant;
2308 4075 2407 4131 hos
2433 4075 2616 4131 dilexit
2644 4090 2896 4146 suprema
2921 4074 3173 4142 caritate,
3205 4076 3289 4131 cul
3339 4090 3434 4146 par
3480 4074 3566 4129 iu-

1975 4171 2142 4226 veniri
2172 4170 2375 4241 nequit.
2406 4168 2537 4224 Nam
2566 4168 2640 4223 ait
2669 4186 2682 4222 :
2713 4167 2969 4239 Majorem
3013 4169 3109 4221 hac
3134 4169 3393 4222 caritatem
3418 4183 3567 4221 nemo

1976 4262 2156 4329 habet,
2204 4270 2260 4315 ut
2299 4261 2523 4314 animam
2563 4276 2708 4315 suam
2751 4270 2905 4331 ponat
2946 4261 3056 4331 quis
3105 4276 3199 4328 pro
3236 4259 3412 4314 amicis
3461 4260 3571 4313 suis

1977 4353 2171 4427 (Joan.
2206 4353 2290 4409 15.
2319 4352 2442 4423 {5).
2492 4351 2615 4407 Illos
2653 4367 2780 4408 vero
2821 4352 2911 4422 qui
2959 4352 3129 4422 ipsum
3158 4352 3564 4415 cruciﬁxerunt,

1976 4444 2169 4516 quique
2198 4452 2344 4499 tanto
2386 4444 2565 4499 furore
2604 4451 2787 4498 contra
2833 4443 3008 4514 ipsum
3052 4443 3404 4509 insanierunt,
3447 4443 3569 4498 vide

1975 4546 2230 4607 quantum
2260 4545 2429 4591 curet.
2482 4534 2615 4591 Nam
2668 4535 2879 4591 Patrem
2920 4536 3216 4607 alloquens,
3261 4536 3339 4591 sic
3371 4534 3439 4590 de
3466 4535 3569 4589 illis

1977 4628 2052 4683 ait
2082 4644 2096 4681 :
2124 4625 2336 4681 Dimitte
2362 4627 2502 4692 illis;
2527 4626 2752 4681 nesciunt
2779 4625 2910 4681 enim
2932 4627 3051 4693 quid
3072 4627 3262 4697 faciunt
3285 4624 3446 4698 (Luc.
3472 4625 3569 4680 23.

1977 4717 2110 4791 3b).
2148 4718 2447 4789 Discipulos
2473 4733 2683 4789 quoque
2715 4727 2897 4787 postea
2934 4718 3001 4772 ad
3042 4718 3187 4788 ipsos
3229 4718 3393 4774 misit.
3423 4716 3570 4774 lianc

1980 4810 2138 4880 igitur
2161 4824 2262 4865 nos
2288 4823 2498 4878 quoque
2523 4809 2800 4864 caritatem
2841 4809 3135 4876 imitemur,
3156 4818 3212 4862 et
3234 4808 3369 4863 hanc
3395 4810 3568 4879 respi-

1979 4900 2201 4964 ciamus,
2231 4909 2289 4954 ut
2318 4899 2612 4954 imitatores
2638 4898 2835 4955 Christi
2865 4899 3061 4964 elfecti,
3085 4909 3138 4954 et
3168 4899 3281 4954 hmo
3312 4908 3367 4953 ct
3395 4898 3569 4955 futura

1984 4991 2123 5046 bona
2152 5007 2560 5061 consequamur,
2589 4993 2756 5061 gratia
2788 5000 2843 5047 et
2866 4990 3193 5061 benignitate
3223 4991 3431 5045 Domini
3473 5006 3567 5044 no-

1980 5082 2225 5141 striJesu
2256 5082 2477 5148 Christi,
2522 5083 2604 5139 cui
2639 5083 2805 5154 gloria
2850 5091 2907 5137 et
2941 5083 3221 5153 imperium
3271 5083 3324 5139 in
3376 5085 3569 5140 saecla

1981 5177 2315 5231 set-ulmum.
2358 5176 2550 5230 Amen.

1526 5399 1871 5461 HOMILIA
1912 5399 2081 5463 LXI.
2126 5401 2218 5463 al.
2258 5400 2455 5462 LXII.

298 5552 426 5611 Car.
458 5554 543 5609 18.
574 5570 629 5608 v.
659 5554 748 5609 21.
784 5551 924 5606 Tum:
963 5549 1201 5604 accedens
1252 5549 1318 5602 ad
1365 5548 1508 5602 illuni
1564 5547 1744 5603 Petrus
1791 5549 1873 5601 (li-

368 5645 443 5703 xit
469 5660 486 5696 :
522 5644 737 5699 Domine
756 5685 771 5709 ,
799 5644 988 5714 quoties
1019 5640 1237 5711 peccabit
1263 5641 1313 5694 in
1341 5656 1421 5692 me
1448 5643 1604 5711 frater
1630 5638 1767 5692 uicus
1786 5680 1801 5703 ,
1832 5648 1875 5692 et

376 5736 624 5789 dimittam
651 5736 734 5791 ei?
760 5751 914 5806 usque
938 5732 1156 5803 septies?
1184 5731 1274 5786 22.
1309 5730 1446 5785 Dicit
1472 5731 1514 5784 ci
1539 5730 1690 5784 Jesus
1708 5772 1725 5798 ,
1760 5728 1877 5785 Non

2054 5552 2167 5605 dico
2207 5551 2296 5605 tibi
2318 5567 2475 5621 usque
2501 5549 2684 5617 septies
2706 5589 2722 5614 ,
2749 5552 2838 5602 sed
2864 5564 3018 5618 usque
3043 5549 3322 5619 septuagics
3359 5546 3557 5619 septies.

2055 5637 2106 5689 1.
2129 5634 2370 5703 Magnum
2393 5632 2519 5704 quid
2540 5647 2599 5688 sc
2619 5632 2801 5687 dicere
2824 5635 3041 5702 putabat
3063 5632 3274 5693 Petrus.
3302 5631 3421 5686 ideo
3441 5648 3566 5702 qua-

1984 5726 2027 5781 si
2058 5741 2168 5782 rcm
2210 5726 2474 5796 ingentem
2517 5730 2760 5779 statuens
2803 5723 3012 5777 intulit:
3050 5722 3219 5793 Usque
3255 5724 3477 5793 septies?
3508 5723 3569 5779 ιιι
