4034 6412
343 323 440 378 539

343 437 480 508 quod
509 437 682 493 facere
709 435 913 507 jussisti
935 478 947 501 ,
983 434 1149 504 inquit
1174 474 1188 499 ,
1219 433 1428 503 quoties
1457 429 1690 484 faciam?
1718 427 1848 482 Nam
1877 425 1920 479 si

343 544 554 600 semper
597 529 931 600 peccaverit,
986 539 1234 596 stepeque
1277 523 1508 577 monitus
1552 519 1919 591 paenitentiam

343 622 542 692 egerit,
578 621 786 691 quoties
814 619 926 673 htec
953 633 1051 674 nos
1080 617 1307 671 tolerare
1334 613 1528 685 jubes?
1558 613 1637 667 Illi
1663 611 1803 666 enim
1833 609 1922 680 qui

343 726 442 766 nec
461 711 826 781 pmnitentiam
850 711 976 779 agit,
1002 723 1101 763 nec
1117 708 1348 776 seipsum
1371 705 1610 768 damnat,
1637 703 1922 758 terminum

342 805 600 875 posuisti,
631 803 812 857 dicens
837 821 850 856 :
895 803 974 857 Sit
1001 803 1090 855 tibi
1115 801 1263 870 quasi
1291 799 1517 852 ethnicus
1546 806 1594 851 et
1623 796 1923 865 publicanus

343 897 552 968 (Matth.
576 896 799 966 18.17);
823 896 944 950 huic
967 910 1094 949 vero
1120 910 1223 948 non
1252 895 1400 958 item,
1425 893 1517 947 sed
1540 891 1744 961 jussisti
1770 892 1919 945 illum

342 991 567 1045 admitti.
592 990 811 1059 Quoties
836 991 996 1060 igitur
1019 990 1191 1058 ipsum
1220 987 1386 1042 feram
1409 987 1710 1042 convictum
1733 995 1782 1041 et
1810 1002 1922 1055 pa:-

339 1084 636 1138 nitentem?
658 1081 918 1136 sollicitae
963 1097 1129 1149 usijue
1172 1081 1400 1150 septies?
1428 1081 1562 1148 Quid
1585 1080 1744 1150 igitur
1765 1079 1920 1133 Citri-

341 1185 455 1229 stus
482 1174 743 1240 benignus
770 1173 859 1228 ille
891 1181 943 1227 et
972 1173 1144 1226 bonus
1223 1173 1369 1228 Deus
1398 1173 1415 1203 ¹
1442 1172 1466 1225 ?
1545 1170 1665 1226 Non
1695 1171 1808 1224 dico
1835 1170 1923 1224 tibi

339 1282 496 1335 usque
519 1266 700 1333 septies
723 1281 740 1318 :
769 1266 857 1318 sed
882 1280 1038 1334 usque
1062 1264 1344 1334 septuagies
1360 1265 1561 1333 septies.
1594 1263 1709 1317 Non
1733 1278 1919 1317 nume-

338 1373 459 1412 rum
511 1357 694 1412 statuit
738 1356 858 1421 hic,
904 1355 999 1410 sed
1042 1355 1273 1424 infinite,
1330 1364 1586 1426 perpetuo
1626 1365 1678 1410 et
1709 1370 1922 1424 semper

339 1450 597 1514 denotat;
643 1449 779 1503 sicut
803 1448 944 1502 enim
976 1448 1169 1502 millies
1210 1463 1352 1518 saepe
1398 1448 1594 1516 stepius
1622 1447 1918 1516 signiﬁcat,

340 1541 410 1593 ita
434 1548 487 1593 et
510 1538 707 1594 dictum
730 1539 995 1607 superius.
1029 1537 1158 1592 Illud
1187 1538 1330 1592 enim
1357 1555 1370 1591 :
1405 1537 1605 1593 Sterilis
1633 1539 1822 1607 peperit
1845 1554 1923 1591 se-

338 1644 473 1701 ptem
516 1628 535 1702 (
555 1633 607 1687 l.
639 1629 762 1702 Reg.
795 1631 850 1685 2.
878 1630 980 1700 5),
1014 1630 1080 1685 de
1122 1631 1302 1684 multis
1335 1631 1384 1684 in
1414 1630 1686 1700 Scriptura
1717 1629 1916 1685 intelli-

336 1725 498 1793 g'tur.
528 1720 710 1792 Itaque
733 1722 1104 1776 remissionem
1138 1737 1241 1776 non
1271 1737 1494 1776 numero
1513 1722 1794 1784 conclusit,
1825 1722 1919 1776 sed

336 1823 596 1883 perpetuo
645 1821 699 1867 et
745 1827 958 1883 semper
1011 1811 1410 1868 concedendam
1470 1812 1775 1883 significat:
1820 1812 1922 1869 hoc

337 1907 480 1958 enim
514 1921 608 1976 per
634 1915 942 1976 sequentem
977 1907 1278 1976 parabolam
1311 1906 1528 1962 indicat.
1551 1907 1629 1962 Ne
1653 1906 1924 1962 videretur

334 1997 480 2051 enim
513 2013 762 2068 magnum
791 1999 914 2068 quid
947 2009 1001 2054 et
1029 2014 1315 2055 onerosum
1348 2001 1636 2071 prmcipere
1667 2001 1918 2069 dicendo,

335 2091 641 2160 Septuagies
684 2092 881 2162 septies,
917 2091 1122 2147 addidit
1151 2093 1287 2149 hanc
1322 2094 1646 2164 parabolam,
1681 2096 1835 2151 simul
1869 2097 1917 2152 id

334 2181 481 2251 quod
511 2181 720 2237 dixerat
747 2182 1056 2251 insinuans,
1088 2191 1142 2239 et
1165 2193 1286 2240 eum
1319 2186 1405 2254 qui
1437 2185 1535 2240 hac
1561 2187 1628 2241 de
1655 2201 1811 2242 causa
1839 2188 1917 2242 al-

336 2282 450 2324 tum
487 2281 699 2342 saperet
727 2274 1023 2344 reprimens
1043 2317 1058 2339 ,
1103 2275 1496 2345 ostendensque
1528 2293 1637 2332 rem
1668 2293 1772 2332 non
1803 2292 1921 2332 esse

333 2363 588 2428 arduam,
621 2363 725 2418 imo
754 2365 908 2420 valde
939 2365 1168 2422 facilem.
1203 2367 1327 2423 ideo
1356 2368 1736 2437 benignitatem
1768 2386 1916 2425 suam

335 2454 388 2507 iu
435 2454 665 2509 medium
705 2456 961 2523 adduxit,
998 2467 1056 2514 ut
1091 2474 1158 2513 ex
1195 2461 1592 2530 comparatione
1629 2461 1838 2527 discas,
1873 2473 1923 2517 te

333 2547 580 2616 quamvis
607 2550 907 2619 septuagies
932 2553 1131 2620 septies
1161 2550 1396 2606 dimittas
1413 2594 1427 2616 ,
1457 2552 1565 2606 imo
1591 2553 1770 2606 omnia
1795 2567 1920 2622 pec-

332 2649 456 2692 cata
502 2640 744 2709 proximo
784 2655 996 2710 semper
1029 2641 1304 2698 condones
1324 2685 1337 2708 ,
1367 2644 1514 2712 quasi
1544 2644 1740 2697 stillam
1773 2658 1924 2712 aqua:

332 2728 527 2797 pelago
554 2739 912 2798 comparatam
933 2773 948 2798 ,
983 2731 1090 2785 imo
1130 2731 1288 2802 longe
1317 2733 1580 2787 minorem
1607 2747 1728 2787 esse
1757 2733 1922 2788 mise-

332 2818 622 2874 ricordiam
655 2820 796 2874 illam
818 2862 831 2886 ,
863 2822 906 2874 si
933 2837 1057 2880 cum
1088 2822 1348 2878 immensa
1382 2824 1475 2878 Dei
1505 2824 1742 2878 bonitate
1771 2839 1923 2878 com-

332 2918 558 2980 paretur
580 2951 596 2978 ,
629 2926 730 2981 qua
763 2926 897 2983 opus
937 2912 1134 2979 habes,
1168 2929 1288 2969 cum
1332 2915 1528 2970 debeas
1569 2916 1623 2970 in
1661 2915 1922 2983 judicium

331 2999 529 3055 abduci
550 3009 604 3054 et
625 3002 856 3056 rationes
877 3003 1117 3059 reddere.
1145 3004 1269 3060 Ideo
1297 3005 1574 3076 subjunxit
1601 3025 1612 3060 :
1644 3006 1734 3062 25.
1765 3007 1926 3062 Simi-

333 3092 380 3145 le
413 3101 486 3146 est
507 3109 714 3164 regnum
740 3097 978 3150 caelorum
1004 3098 1196 3150 homini
1222 3098 1348 3168 regi,
1380 3099 1467 3167 qui
1492 3098 1648 3152 voluit
1673 3099 1922 3153 rationem

333 3203 524 3254 ponere
545 3203 658 3240 cum
687 3190 839 3243 servis
865 3192 989 3244 suis.
1019 3190 1115 3245 24.
1145 3190 1214 3244 Et
1237 3207 1351 3244 cum
1378 3191 1603 3260 coepisset
1629 3208 1814 3263 ponere
1835 3209 1920 3246 ra-

332 3283 545 3342 tionem,
571 3282 766 3336 oblatus
791 3291 860 3336 est
885 3284 927 3336 ci
957 3300 1089 3338 unus
1110 3284 1196 3353 qui
1228 3284 1432 3338 debebat
1463 3283 1632 3338 decem
1661 3285 1823 3339 millia
1846 3295 1922 3338 ta-

331 3372 492 3424 lenta.
522 3370 613 3426 25.
646 3371 765 3426 Non
791 3359 1006 3428 habente
1033 3386 1204 3428 autem
1230 3391 1287 3428 eo
1315 3375 1448 3429 unde
1479 3375 1709 3430 redderet
1732 3418 1746 3440 ,
1769 3377 1924 3447 jussit

331 3463 483 3516 eradi
514 3479 661 3530 eum,
691 3474 739 3517 et
766 3481 974 3519 uxorem
997 3467 1018 3497 ¹
1050 3475 1096 3520 et
1126 3466 1259 3535 filios
1287 3475 1332 3520 et
1362 3467 1532 3520 omnia
1560 3483 1673 3536 qua:
1701 3467 1918 3524 haberet.

332 3555 542 3628 Deinde
557 3570 676 3610 cum
701 3557 1123 3612 misericordiam
1140 3559 1474 3628 impetrasset
1499 3559 1608 3623 ille,
1628 3559 1718 3614 28.
1745 3558 1927 3630 Egres-

330 3664 422 3700 sus
450 3663 738 3701 conservum
776 3648 1032 3704 debentem
1060 3651 1153 3705 sibi
1197 3662 1389 3705 centum
1438 3653 1668 3707 denarios
1696 3651 1922 3719 suffoca-

330 3739 464 3802 bat;
501 3755 667 3809 quare
694 3749 992 3797 commotus
1032 3742 1315 3811 dominus,
1364 3744 1534 3816 ipsum
1568 3746 1618 3799 in
1649 3762 1920 3802 carcerem

329 3831 530 3901 conjici
556 3832 733 3901 jussit,
767 3834 938 3890 donec
970 3844 1137 3890 totum
1168 3836 1418 3891 solveret.
1453 3836 1634 3893 Viden'
1663 3847 1916 3909 quantum

329 3927 399 3980 sit
430 3923 717 3981 discrimen
746 3927 884 3982 inter
911 3935 1126 3998 peccata
1154 3928 1206 3982 iu
1238 3929 1530 3995 hominem,
1558 3941 1610 3984 et
1638 3930 1689 3984 in
1717 3931 1920 3985 Deum?

329 4017 605 4084 Quantum
623 4019 826 4074 scilicet
845 4019 1130 4076 discrimen
1161 4021 1299 4076 inter
1311 4021 1496 4077 decem
1517 4023 1914 4090 millia-talenta,

329 4122 382 4167 et
409 4119 627 4166 centum
650 4110 926 4179 denarios;
955 4113 1063 4168 imo
1099 4115 1264 4168 multo
1291 4115 1480 4184 majus.
1512 4113 1566 4168 Id
1592 4124 1770 4170 autem
1797 4130 1919 4171 eve-

330 4206 410 4257 nit
447 4211 557 4257 tum
585 4218 648 4259 ex
680 4202 978 4259 differentia
1012 4221 1358 4275 personarum
1380 4249 1395 4272 ,
1429 4217 1536 4261 tum
1568 4223 1632 4263 ex
1667 4216 1915 4277 peccato-

328 4312 455 4353 rum
489 4296 802 4366 frequentia.
829 4297 1057 4354 Homine
1087 4315 1316 4368 namque
1341 4299 1550 4354 vidente
1574 4341 1587 4366 ,
1619 4314 1914 4364 cessamus,

329 4404 436 4444 nec
462 4403 687 4457 peccare
717 4390 1009 4455 audemus;
1047 4391 1155 4446 Deo
1181 4401 1358 4446 autem
1399 4392 1636 4461 quotidie
1667 4391 1913 4458 vidente,

330 4497 442 4534 non
475 4495 724 4536 veremur
745 4523 758 4545 ,
789 4481 894 4536 imo
922 4481 1080 4537 etiam
1110 4483 1288 4536 omnia
1329 4483 1590 4553 intrepide
1619 4481 1844 4537 facimus
1865 4493 1918 4537 et

326 4571 580 4624 dicimus.
612 4570 792 4640 Neque
819 4572 942 4627 hinc
969 4573 1127 4627 modo
1149 4615 1162 4636 ,
1190 4574 1283 4627 sed
1309 4575 1467 4628 etiam
1499 4589 1528 4628 a
1558 4575 1837 4629 beneficiis
1864 4585 1917 4630 et

324 4665 394 4717 ab
433 4661 637 4718 honore
665 4679 773 4733 qtto
802 4663 1026 4718 fruimur
1054 4665 1294 4735 graviora
1337 4674 1552 4732 peccata
1595 4665 1910 4720 redduntur.

327 4753 396 4810 Et
426 4754 472 4808 si
519 4741 727 4810 discere
769 4755 965 4822 vultis,
999 4755 1266 4825 quomodo
1309 4755 1416 4810 sint
1459 4755 1621 4810 millia
1671 4756 1910 4822 talenta,

326 4845 440 4898 imo
469 4845 634 4899 multo
662 4845 813 4914 plura
846 4846 897 4899 in
944 4846 1109 4899 Deum
1157 4855 1370 4915 peccata
1392 4886 1405 4907 .
1437 4844 1490 4899 id
1521 4846 1701 4914 paucis
1731 4847 1909 4914 expri-

324 4952 478 4992 mere
495 4945 750 5006 satagunt.
781 4936 884 4991 Sed
906 4938 1067 4991 timeo
1089 4951 1156 4991 ue
1174 4937 1256 5001 iis,
1282 4936 1369 5006 qui
1391 4935 1457 4989 ad
1477 4936 1764 5005 nequitiam
1789 4950 1915 5005 pro-

325 5028 378 5081 ni
410 5041 569 5089 sunt,
599 5028 796 5096 quique
837 5027 1143 5098 frequenter
1183 5035 1405 5098 peccant
1428 5068 1441 5090 ,
1474 5027 1730 5097 majorem
1771 5042 1910 5096 prac-

325 5121 484 5177 beam
519 5121 783 5175 licentiam
804 5163 818 5186 ,
854 5137 986 5176 neve
1017 5122 1367 5176 modestiores
1397 5122 1449 5176 in
1480 5120 1908 5188 deSperationem

325 5212 642 5282 conjiciam,
667 5221 721 5266 et
750 5229 816 5266 ne
843 5213 1067 5282 idipsum
1099 5213 1239 5284 quod
1267 5213 1508 5282 discipuli
1535 5215 1712 5268 dicant
1737 5231 1748 5266 :
1785 5213 1909 5280 Quis

325 5315 486 5375 potest
515 5306 700 5359 salvari
721 5304 1000 5377 (Marulli.
1020 5305 1136 5377 26)?
1153 5306 1504 5361 Nihilominus
1524 5315 1696 5360 tamen
1715 5305 1910 5372 dicam,

323 5408 382 5452 ut
415 5412 510 5451 eos
532 5397 620 5465 qui
648 5397 926 5451 attendunt
953 5398 1252 5453 securiores
1278 5408 1330 5452 et
1357 5399 1750 5454 mansuetiores
1783 5397 1907 5452 red-

323 5488 472 5544 dam.
503 5486 632 5541 Nam
656 5489 741 5557 qui
770 5487 1046 5542 ineurabili
1077 5487 1263 5543 morbo
1291 5488 1533 5544 laborant
1559 5499 1612 5546 et
1639 5490 1759 5544 sine
1791 5503 1912 5545 scn-

374 5671 391 5700 ¹
425 5668 534 5725 Atii,
559 5667 718 5716 Bonus
745 5661 990 5717 Dominus.

376 5730 398 5762 ⁸
426 5729 595 5779 Morci.
627 5743 771 5791 male,
797 5729 946 5793 jussit
968 5727 1109 5779 randi
1137 5741 1354 5780 uxorem.

1370 314 1435 370 IN
1474 309 1886 369 M-\TTll£UM
1931 308 2158 364 lIOMIL.
2202 310 2335 366 LXI.
2379 312 2448 366 al.
2490 311 2648 367 LXII.

3506 313 3614 368 ὅθί)

2034 441 2094 482 su
2121 438 2260 493 sunt,
2294 429 2439 484 hisce
2467 429 2596 485 nihil
2627 431 2848 501 permoti
2882 433 3204 500 rationibus,
3238 449 3267 488 a
3297 434 3526 506 nequitia
3555 449 3610 493 et

2032 519 2237 590 ignavia
2259 535 2353 575 sua
2382 538 2484 576 non
2513 523 2796 589 recedunt;
2827 525 2872 580 si
2899 519 3075 581 autem
3105 527 3228 582 inde
3253 529 3508 598 majorem
3535 546 3615 584 su-

2030 622 2178 666 mant
2221 613 2554 682 negligentitc
2603 618 2937 670 occasionem
2960 658 2974 681 ,
3010 616 3061 670 id
3095 633 3198 672 non
3239 617 3392 674 dictis
3423 619 3612 688 hujus-

2031 703 2195 770 modi,
2221 704 2312 759 sed
2335 721 2518 760 eorum
2543 707 2812 762 stoliditati
2839 708 3173 764 tribuendum
3197 720 3280 766 est
3303 728 3314 764 :
3343 727 3462 781 qua:
3485 727 3613 767 vero

2030 795 2308 862 dicentur,
2353 805 2582 852 attentos
2622 800 2912 866 reprimere
2937 808 2991 855 et
3028 800 3094 855 ad
3139 802 3606 872 eompuuctionem

2030 889 2293 944 deducere
2336 899 2619 960 poterunt;
2662 895 3045 949 mansuetiores
3073 910 3203 949 vero
3223 940 3236 961 ,
3266 911 3386 950 eum
3421 912 3606 966 pecea-

2032 991 2203 1037 torum
2233 983 2426 1038 molem
2455 984 2702 1052 viderint,
2735 995 2787 1040 et
2814 987 2917 1041 vim
2945 989 3272 1056 poenitenlite
3298 989 3606 1050 didicerint,

2031 1072 2128 1144 ipsi
2158 1076 2324 1145 magis
2344 1075 2543 1131 dabunt
2571 1093 2786 1147 Operam
2816 1096 2828 1131 :
2863 1079 3086 1149 ideoque
3115 1080 3240 1135 illud
3269 1081 3446 1136 dicere
3475 1097 3598 1150 ope-

2029 1183 2102 1222 ra:
2146 1168 2372 1239 pretium
2403 1168 2578 1225 fuerit.
2629 1169 2900 1224 Proferam
2944 1186 3072 1226 vero
3103 1179 3318 1240 peccata
3339 1215 3353 1239 ,
3381 1181 3433 1227 et
3460 1188 3605 1242 quae-

2027 1275 2254 1328 cumque
2283 1260 2333 1314 in
2368 1261 2530 1314 Deum
2559 1301 2573 1325 ,
2603 1270 2656 1316 et
2685 1277 3032 1331 qutecumque
3058 1261 3111 1317 in
3141 1262 3384 1317 homines
3415 1277 3605 1333 perpe-

2029 1361 2228 1408 tramus
2256 1370 2268 1406 :
2302 1369 2405 1407 non
2433 1354 2642 1424 propria
2670 1369 2858 1423 ponam
2877 1395 2892 1422 ,
2917 1354 3007 1409 sed
3029 1354 3366 1420 communia;
3398 1355 3606 1424 propria

2026 1455 2204 1500 autem
2237 1446 2488 1516 deinceps
2515 1463 2579 1502 ex
2607 1448 2931 1501 conscientia
2962 1461 3056 1501 sua
3087 1449 3280 1517 singuli
3308 1447 3522 1503 addent.
3551 1447 3605 1502 Id

2028 1554 2154 1592 vero
2202 1537 2421 1604 faciam,
2466 1548 2743 1609 postquam
2795 1540 2886 1594 Dei
2936 1540 3194 1595 beneficia
3241 1556 3603 1610 pra‘posuero.

2027 1633 2154 1696 Quae
2180 1639 2305 1684 Stlnl
2325 1645 2453 1702 ergo
2477 1631 2567 1686 Dei
2593 1631 2890 1686 beneficia?
2919 1632 3035 1701 Ipse
3056 1630 3179 1686 fecit
3205 1647 3301 1685 nos
3321 1649 3384 1685 ex
3408 1632 3572 1686 nihilo
3590 1673 3605 1698 ,

2029 1725 2254 1779 visibilia
2283 1727 2459 1779 ontnia
2490 1734 2708 1795 propter
2740 1739 2835 1780 nos
2864 1725 3129 1790 condidit,
3163 1725 3384 1789 caelum,
3417 1739 3564 1778 mare
3587 1765 3602 1788 ,

2030 1825 2245 1882 terram,
2275 1831 2475 1882 aerem,
2503 1827 2555 1872 et
2582 1832 2699 1885 qum
2726 1817 2776 1870 in
2810 1817 2873 1872 iis
2899 1818 3241 1871 continentur
3269 1816 3467 1878 omnia,
3494 1815 3606 1870 aui-

2027 1909 2218 1973 malia,
2262 1910 2504 1977 plautas,
2553 1909 2794 1971 semina;
2837 1923 2959 1962 nam
3005 1907 3252 1961 brevitati
3287 1905 3607 1961 studendum

2026 2002 2096 2056 oh
2123 2003 2435 2055 immensam
2458 2015 2681 2070 operum
2708 1999 2937 2069 copiam.
2966 2000 3212 2054 Animam
3241 1999 3508 2053 viventem
3529 2005 3606 2050 ta-

2027 2095 2130 2149 lem
2181 2093 2332 2147 nobis
2378 2102 2580 2147 tantum
2632 2092 2942 2162 inSpiravit,
2977 2090 3277 2162 paradisum
3311 2091 3607 2160 plantavit,

2026 2186 2336 2256 adjutrieem
2355 2184 2496 2239 dedit
2521 2195 2574 2239 et
2598 2186 2648 2238 in
2679 2185 2830 2238 bruta
2859 2183 3146 2238 animantia
3174 2183 3472 2253 imperium.
3493 2183 3608 2252 glo-

2027 2281 2102 2333 ria
2131 2288 2182 2334 ct
2214 2278 2415 2332 honore
2445 2276 2738 2333 coronavit.
2781 2275 2988 2330 Deinde
3030 2276 3330 2342 hominem,
3362 2275 3451 2343 qui
3482 2288 3605 2343 erga

2030 2372 2422 2428 benefactorcm
2469 2386 2622 2427 suum
2669 2371 2905 2442 ingratus
2933 2376 3211 2434 evaserat,
3243 2367 3432 2438 majori
3464 2367 3606 2421 dono

2027 2468 2268 2536 dignatus
2297 2475 2400 2521 cst.

2099 2558 2156 2610 2.
2198 2557 2364 2624 Culpa
2387 2557 2570 2610 Adami
2591 2565 2888 2626 quaulorum
2906 2572 3059 2610 causa
3086 2555 3349 2609 bonorum.
3387 2553 3606 2605 Militum

2028 2665 2210 2703 mores.
2231 2649 2494 2716 Artiﬁcum
2528 2651 2751 2719 fraudes.
2769 2678 2836 2687 —
2851 2647 2925 2702 Ne
2939 2648 3039 2702 hoc
3059 2655 3262 2701 tantum
3278 2643 3607 2706 consideres,

2028 2738 2167 2810 qunti
2188 2738 2403 2808 ejecerit
2420 2754 2484 2792 ex
2507 2737 2873 2807 paradiso,sed
2894 2739 3097 2792 lucrum
3119 2735 3242 2790 inde
3262 2745 3467 2806 partum
3491 2748 3609 2804 per-

2029 2830 2221 2901 pende.
2242 2829 2529 2900 Postquam
2548 2831 2689 2885 enim
2707 2830 2863 2900 ejecit
2881 2845 2943 2884 ex
2965 2829 3291 2898 paradiso,et
3307 2825 3508 2880 infinita
3525 2825 3609 2878 illa

2028 2925 2166 2980 bona
2199 2923 2418 2993 largitus
2441 2933 2522 2977 est
2551 2923 2987 2991 meonomiasque
3013 2920 3206 2984 varias,
3230 2919 3423 2974 Filium
3451 2932 3605 2972 suum

2029 3016 2172 3072 misit
2191 3031 2286 3086 pro
2302 3016 2366 3070 iis
2383 3016 2468 3085 qui
2489 3014 2762 3070 beneﬁciis
2776 3013 2948 3068 affecti
2974 3014 3144 3081 ipsum
3163 3010 3406 3073 oderant,
3423 3008 3607 3064 cadum

2031 3111 2184 3166 nobis
2203 3110 2488 3179 aperuit,et
2509 3107 2808 3178 paradisum
2827 3107 2998 3175 ipsum
3026 3102 3405 3172 expandit,nos
3436 3101 3608 3156 inimi-

2027 3202 2380 3271 co=,ingratos
2403 3201 2538 3255 filios
2553 3199 2748 3254 cfl'eeit.
2766 3196 2887 3252 Ideo
2897 3211 3037 3250 nunc
3053 3203 3350 3266 opportune
3368 3195 3604 3249 dicatur:

2031 3295 2076 3349 ο
2093 3294 2308 3348 altitudo
2335 3293 2622 3347 divitiarum
2654 3301 2700 3345 et
2726 3292 2989 3360 sapientiae
3009 3299 3052 3344 et
3073 3289 3292 3343 scientia:
3315 3286 3407 3340 Dei
3426 3287 3603 3357 (Rom.

2028 3387 2232 3459 H.515)!
2253 3386 2504 3454 Deditque
2522 3385 2672 3439 nobis
2686 3382 2940 3453 baptisma
2961 3383 3013 3436 in
3034 3381 3399 3437 remissionem
3419 3393 3604 3448 pecca-

2027 3475 2424 3549 torum,eripuit
2439 3492 2466 3529 a
2486 3472 3011 3545 suppliciis,hcredes
3028 3472 3171 3541 regni
3191 3471 3481 3536 constituit,
3491 3469 3603 3524 mil-

2029 3569 2096 3624 lia
2128 3569 2368 3638 promisit
2395 3569 2529 3622 b0na
2562 3576 2706 3622 recte
2734 3566 3013 3637 agentibus
3036 3607 3050 3632 ,
3077 3579 3290 3619 manum
3313 3563 3549 3633 porrexit
3578 3604 3594 3631 ,

2027 3662 2390 3732 bpiritumque
2412 3659 2600 3715 infudit
2629 3659 2680 3713 in
2712 3658 2872 3714 corda
2903 3667 3102 3712 nostra.
3137 3656 3274 3725 Quid
3303 3657 3460 3726 igitur
3482 3665 3603 3726 post

2029 3763 2108 3809 tot
2131 3762 2376 3823 tantaque
2407 3751 2585 3806 bona?
2612 3749 2880 3821 quomodo
2918 3763 3016 3805 nos
3055 3749 3275 3804 aﬂ'ectos
3299 3764 3418 3803 esse
3448 3763 3606 3818 opor-

2025 3844 2207 3899 teret?
2237 3859 2362 3898 num
2415 3845 2457 3897 si
2499 3841 2735 3912 quotidie
2765 3841 3057 3895 moriamur
3102 3855 3198 3910 pro
3247 3840 3360 3906 illo,
3391 3842 3481 3908 qui
3511 3856 3608 3896 nos

2027 3945 2230 3992 tantum
2273 3935 2462 4006 diligit.
2506 3935 2798 4003 condignas
2847 3933 3064 4003 gratias,
3097 3933 3204 3986 imo
3233 3932 3316 3986 vel
3344 3933 3604 3986 tantillum

2023 4030 2186 4087 debiti
2215 4027 2542 4084 referemus?
2588 4026 2931 4096 Nequaquam
2963 4042 2975 4076 :
3007 4039 3145 4078 nam
3168 4023 3295 4078 illud
3345 4024 3504 4078 etiam
3554 4024 3606 4078 in

2025 4123 2229 4177 lucrum
2257 4121 2409 4174 nobis
2439 4119 2598 4175 cedit.
2627 4118 2906 4188 Quomodo
2933 4119 3090 4188 igitur
3105 4117 3276 4173 affecti
3294 4132 3499 4185 sumus,
3517 4118 3605 4186 qui

2024 4215 2093 4270 ita
2119 4214 2255 4269 affici
2284 4211 2637 4268 deberemus?
2673 4211 2922 4280 Quotidie
2965 4213 3106 4282 leges
3149 4209 3264 4280 ejus
3320 4211 3603 4264 violamus.

2024 4307 2222 4362 Verum
2254 4321 2320 4360 ne
2340 4305 2556 4376 indigne
2586 4303 2789 4370 feratis,
2813 4303 2856 4357 si
2882 4303 3212 4373 peccantium
3236 4302 3470 4369 linguam
3490 4315 3607 4369 per-

2022 4401 2288 4456 strinxere
2322 4417 2334 4453 :
2377 4413 2482 4453 non
2511 4397 2654 4452 enim
2675 4411 2771 4451 vos
2805 4396 2988 4450 incuso
3019 4404 3240 4458 tantum,
3273 4392 3365 4448 sed
3403 4400 3457 4446 et
3489 4408 3603 4447 me-

2023 4493 2215 4562 ipsttm.
2255 4489 2536 4546 Undenam
2565 4489 2724 4542 vultis
2771 4487 3019 4556 incipiam
3045 4486 3067 4540 ?
3093 4502 3156 4539 an
3188 4500 3215 4537 a
3250 4484 3452 4540 servis?
3479 4501 3544 4538 an
3575 4501 3603 4538 a

2023 4584 2202 4639 liberis
2226 4584 2250 4637 ?
2271 4597 2298 4636 a
2330 4581 2624 4636 militibus?
2658 4596 2686 4635 a
2710 4580 2929 4650 privatis
2963 4578 3303 4632 hominibus?
3330 4592 3358 4630 a
3402 4577 3603 4646 princi—

2022 4674 2214 4746 pibus?
2257 4689 2284 4727 a
2327 4672 2589 4727 subditis?
2614 4688 2642 4726 a
2675 4670 3017 4726 mulieribus?
3044 4686 3072 4723 a
3101 4669 3263 4724 viris?
3287 4684 3316 4722 a
3347 4668 3605 4723 senibus?

2021 4783 2050 4822 a
2071 4766 2352 4838 juvenibus
2378 4765 2432 4818 ίῖ
2454 4780 2483 4818 a
2512 4780 2614 4834 qua
2641 4764 2834 4819 mlatc?
2868 4779 2895 4816 a
2924 4779 3030 4832 quo
3067 4761 3297 4831 genere?
3319 4776 3348 4814 a
3389 4777 3488 4830 qua
3518 4761 3600 4813 di-

2019 4858 2260 4928 gnitate?
2286 4873 2313 4911 a
2341 4872 2446 4928 quo
2475 4855 2683 4911 studio?
2718 4855 2954 4908 Vultisne
2978 4868 3006 4907 a
3035 4853 3290 4906 militibus
3319 4851 3604 4919 incipiam?

2020 4951 2236 5019 ln'quot
2264 4957 2478 5019 peccata
2509 4947 2562 5000 hi
2595 4945 2830 5016 quotidie
2853 4960 2954 5000 non
2989 4944 3282 5013 proruunt?
3311 4941 3602 4998 Contume-

2024 5044 2122 5099 lias
2152 5053 2205 5096 et
2231 5041 2466 5096 convicia
2497 5039 2750 5097 inferunt,
2783 5038 3072 5097 insaniunt,
3106 5035 3293 5089 alienis
3325 5033 3600 5088 calamita-

2022 5131 2161 5187 tibus
2214 5133 2566 5192 delectantur,
2619 5127 2757 5198 lupis
2805 5126 3028 5191 similes,
3059 5125 3264 5180 scelere
3316 5137 3600 5191 numquam

2020 5225 2206 5288 vacui,
2237 5221 2336 5275 nisi
2379 5223 2497 5290 quis
2528 5219 2722 5273 dixerit
2746 5234 2894 5273 mare
2921 5217 3166 5272 fluctibus
3212 5231 3420 5270 vacare.
3470 5214 3600 5280 Qua:

2018 5316 2179 5370 animi
2203 5313 2457 5384 :rgritudo
2489 5328 2595 5365 non
2625 5311 2744 5364 illos
2773 5308 3051 5379 exagitat?
3077 5309 3194 5377 quis
3225 5307 3445 5362 morbus
3491 5321 3596 5358 non

2017 5413 2249 5463 animam
2281 5407 2514 5473 ipsorum
2546 5403 2798 5458 obsidet?
2821 5401 3138 5472 IEqualibus
3161 5399 3302 5454 enim
3327 5396 3587 5460 invident,

2017 5513 2167 5552 vana:
2192 5495 2372 5567 gloriae
2395 5495 2608 5549 student
2633 5511 2647 5560 ;
2680 5493 2919 5548 subditos
2945 5492 3043 5548 sibi
3072 5506 3229 5560 avare
3255 5485 3593 5554 defraudaut,

2019 5591 2084 5649 iis
2123 5591 2213 5663 qui
2239 5589 2445 5661 litigant
2473 5598 2527 5644 et
2565 5588 2630 5644 ad
2654 5603 2712 5644 se
2741 5587 2891 5659 quasi
2918 5585 2982 5642 ad
3011 5594 3220 5656 portum
3247 5579 3577 5651 confugiunt,

2088 5749 2103 5783 ί
2139 5743 2326 5809 Morel.,
2349 5758 2377 5794 τι
2396 5745 2577 5806 niteris.
