4034 6406
480 292 581 349 591

484 408 663 463 hostili
686 416 743 462 et
777 404 989 476 pet-jure
1019 402 1197 458 animo
1214 410 1355 456 sunt.
1378 403 1519 468 Quot
1537 398 1674 468 apud
1692 397 1813 453 illos
1835 394 2071 467 rapinm?

480 509 612 568 quin
643 497 895 556 fraudes?
921 505 1050 567 quot
1092 496 1479 566 sycophantiis,
1505 502 1560 548 et
1593 489 1946 545 fraudulenta:
1977 504 2072 545 ne-

483 590 852 661 gotiationes?
887 597 1021 658 quot
1072 586 1407 641 adulationes
1456 581 1727 638 serviles?
1781 580 2020 651 Agedum
2052 621 2066 645 ,

481 682 678 738 Chriin
710 683 877 752 legem
906 679 1128 749 singulis
1147 688 1392 748 aptemus
1424 695 1438 731 :
1474 675 1572 742 Qui
1590 676 1771 729 dixerit
1792 674 1942 742 fratri
1955 690 2063 738 suo,

492 772 677 840 Fatue,
709 788 823 827 reus
844 771 935 826 erit
961 771 1201 841 gehenna:
1220 770 1368 840 ignis.
1392 768 1491 833 Qui
1509 766 1783 837 respexerit
1811 766 2069 819 mulierem

485 867 554 921 aa'
578 863 1034 937 concupiscendum
1060 880 1191 931 eant,
1210 864 1323 934 jmu
1355 862 1626 917 nutritam:
1651 872 1721 915 est
1743 877 1852 914 cant
1882 862 1932 915 in
1957 878 2069 915 cor-

481 963 545 1015 de
583 975 694 1015 suo.
756 957 874 1013 Nisi
917 957 1031 1027 quis
1058 957 1399 1010 Immiliaverit
1423 971 1477 1009 se
1515 955 1644 1009 sicut
1670 954 1934 1025 parvulus,
1966 970 2067 1008 non

483 1052 690 1104 intrabit
732 1055 786 1104 in
824 1066 1035 1120 regnum
1064 1048 1305 1103 cwlorum
1337 1046 1551 1115 (Matth.
1584 1046 1636 1102 5.
1668 1045 1758 1100 2‘2.
1784 1046 1874 1100 28.
1901 1054 1946 1099 et
1979 1045 2064 1101 l8.

479 1143 558 1209 4).
591 1141 652 1194 lli
684 1156 809 1195 vero
838 1140 1142 1210 arrogantia
1175 1148 1396 1193 utuntur
1421 1137 1674 1191 adversus
1696 1136 1936 1191 subditos
1963 1134 2064 1190 sibi

482 1233 724 1295 traditos,
759 1241 1071 1296 trementes,
1098 1240 1153 1285 et
1171 1229 1535 1295 formidantes,
1567 1227 1762 1299 quibus
1788 1236 1913 1283 sunt
1939 1228 2067 1297 ipsis

481 1325 607 1379 feris
656 1325 1001 1380 acerbiores:
1037 1322 1169 1378 nihil
1206 1338 1300 1392 pro
1339 1320 1554 1375 Christo
1587 1321 1859 1385 iacientes,
1888 1321 2064 1374 omnia

482 1430 578 1484 pro
605 1423 812 1481 ventre,
851 1430 948 1484 pro
971 1413 1226 1484 pecuniis.
1250 1428 1349 1484 pro
1374 1428 1508 1467 vana
1533 1412 1721 1483 gloria.
1755 1413 1838 1466 An
1862 1411 2063 1467 scelera

478 1524 663 1562 eorum
699 1506 876 1561 verbis
926 1505 1196 1561 numerari
1228 1504 1472 1575 possint?
1498 1505 1634 1571 Quid
1667 1504 1939 1559 irrisiones
1962 1520 2069 1560 me.

480 1615 720 1665 morem,
777 1599 943 1654 risum
993 1598 1258 1665 eﬂ‘usum,
1302 1597 1673 1668 intempestiva
1728 1596 1989 1667 colloquia
2021 1597 2062 1666 ¹,

477 1694 729 1746 obscaena
783 1689 958 1746 dicta?
1009 1689 1140 1745 Nam
1185 1689 1253 1745 de
1288 1689 1515 1744 avaritia
1567 1687 1697 1743 nihil
1740 1688 2060 1744 dicendum:

478 1784 926 1857 quemadmodum
956 1785 1099 1839 enim
1124 1784 1158 1837 ii
1182 1783 1270 1855 qui
1299 1783 1351 1837 in
1372 1783 1640 1838 montibus
1655 1792 1775 1837 sunt
1791 1782 2060 1848 monachi,

480 1895 549 1933 ne
593 1877 770 1933 sciunt
819 1877 1034 1948 quidem
1067 1876 1194 1947 quid
1235 1877 1305 1930 sit
1334 1876 1553 1931 avaritia
1590 1894 1603 1934 :
1640 1876 1710 1931 ita
1753 1885 1807 1932 et
1840 1876 2060 1942 isti,scd

478 1969 749 2025 enutrario
775 1969 956 2026 modo.
1002 1968 1079 2023 llli
1108 1967 1250 2024 enim
1272 1968 1413 2038 quod
1443 1967 1623 2037 procul
1652 1966 1717 2023 ab
1745 1966 1847 2024 hoc
1874 1968 2065 2023 morbo

477 2062 605 2128 sint,
633 2059 684 2115 id
713 2061 992 2132 ignorant;
1041 2059 1095 2115 bi
1139 2075 1266 2114 vero
1293 2059 1444 2130 quasi
1474 2058 1574 2114 hoc
1599 2059 1789 2114 morbo
1816 2059 1970 2125 ebrii,
1997 2075 2064 2115 ne

476 2151 714 2206 sentiunt
756 2150 971 2221 quidem
1000 2159 1257 2221 quantum
1284 2150 1351 2205 sit
1380 2150 1578 2205 malum
1609 2168 1623 2205 ε
1651 2151 1886 2220 nequitia
1919 2150 2062 2206 enim

476 2245 547 2300 ita
576 2259 788 2300 omnem
818 2245 1067 2319 virtutem
1099 2244 1167 2300 ab
1186 2244 1268 2300 eis
1292 2244 1514 2315 expulit,
1546 2254 1852 2315 tantamque
1885 2259 2063 2316 tyran-

476 2334 654 2390 nidem
676 2345 913 2402 exercet,
942 2345 1001 2391 ut
1024 2335 1326 2392 furentibus
1356 2337 1458 2392 illis
1486 2337 1688 2393 nullum
1706 2337 1909 2393 crimen
1936 2352 2062 2407 gra-

479 2442 542 2481 ve
566 2427 810 2483 videatur
838 2441 978 2484 esse.
1032 2426 1138 2483 Sed
1186 2426 1271 2481 bis
1302 2427 1521 2494 relictis,
1555 2427 1786 2486 vultisne
1830 2428 1896 2483 ad
1926 2428 2062 2484 alios

476 2520 832 2578 medeatiores
861 2519 1221 2578 accedamus?
1247 2522 1360 2591 Age
1409 2521 1588 2591 igitur,
1614 2521 1861 2590 Opificum
1888 2520 2060 2575 artifi-

475 2628 702 2685 cumque
722 2629 889 2684 gcnus
912 2612 1188 2669 adeamus.
1214 2613 1276 2668 Hi
1300 2612 1442 2668 enim
1465 2614 1697 2668 maxime
1724 2612 1970 2669 videntur
1995 2630 2060 2670 ex

471 2708 627 2777 justis
657 2706 926 2763 laboribus
959 2706 1348 2777 sudoribusque
1379 2706 1539 2760 vitam
1570 2706 1670 2761 sibi
1720 2722 1930 2776 parare.
1953 2706 2064 2763 Ve-

475 2816 593 2854 rum
642 2799 695 2854 hi
741 2812 954 2870 quoque
993 2798 1095 2854 nisi
1134 2798 1232 2854 sibi
1275 2797 1587 2867 attendant,
1621 2798 1788 2855 multa
1814 2799 1937 2857 inde
1958 2800 2059 2857 sibi

472 2891 611 2946 mala
631 2898 928 2961 congerunt
960 2906 974 2944 :
1008 2905 1130 2945 nam
1156 2889 1316 2961 justis
1350 2890 1602 2960 operibus
1644 2890 1882 2962 iniquum
1928 2907 2061 2948 ven-

473 2983 631 3039 dendi
661 2992 716 3040 et
756 2982 968 3040 emendi
1001 2982 1215 3038 modum
1242 2982 1516 3054 adjiciunt,
1548 2994 1601 3039 et
1627 2999 1771 3055 saepe
1821 2986 2059 3042 avaritiae

470 3077 768 3147 iuramenta
790 3119 803 3141 ,
837 3075 1067 3147 periuria
1091 3116 1107 3144 ,
1135 3076 1412 3132 mendacia
1458 3077 1821 3147 superaddunt
1851 3094 1866 3131 :
1899 3077 2059 3148 hujus

472 3173 595 3227 vitae
620 3170 780 3227 rebus
804 3169 1001 3226 addicti
1031 3178 1293 3240 terraeque
1321 3168 1488 3237 afﬁxi,
1515 3169 1647 3226 nihil
1677 3186 1782 3226 non
1810 3179 1973 3243 agunt
2003 3183 2060 3227 ut

471 3262 724 3331 pecunias
753 3262 1025 3333 colligant,
1057 3276 1159 3317 nec
1182 3270 1373 3316 curant
1395 3277 1491 3317 eas
1513 3262 1834 3333 pauperibus
1865 3278 2051 3335 eroga-

471 3369 549 3420 re,
573 3366 896 3422 semperque
921 3351 1207 3407 facultates
1221 3367 1419 3424 augere
1431 3352 1667 3408 student.
1691 3353 1822 3422 Quis
1841 3371 2061 3411 enarra-

471 3445 541 3498 rit
586 3443 827 3499 convicia
858 3443 942 3498 his
969 3442 1037 3497 de
1065 3442 1242 3498 causis
1287 3443 1494 3513 prolata
1517 3485 1530 3509 ,
1557 3444 1930 3511 contumelias,
1960 3444 2055 3501 fm-

472 3551 625 3598 nora,
655 3550 864 3600 usuras,
898 3543 1051 3605 pacta
1082 3535 1300 3590 multam
1324 3533 1566 3590 fraudem
1596 3534 1865 3604 habentia,
1886 3537 2060 3607 impu-

470 3629 655 3683 dentes
682 3627 1109 3698 negotiationes?

539 3722 592 3776 5.
636 3718 957 3775 Prwdiorwn
987 3736 1296 3791 possessores
1316 3720 1495 3791 iniqui.
1528 3752 1598 3763 —
1626 3722 1821 3778 Verum
1851 3724 1896 3779 si
1949 3724 2059 3795 plu-

468 3824 572 3880 cel,
621 3813 704 3870 his
757 3814 993 3881 omissis,
1029 3815 1097 3870 ad
1146 3815 1284 3871 alios
1325 3816 1635 3885 veniamus,
1667 3818 1756 3887 qui
1807 3818 2055 3875 videntur

467 3908 720 3978 justiores
743 3922 882 3965 esse.
917 3909 1144 3977 Quinam
1170 3908 1243 3965 illi
1258 3919 1381 3963 sunt
1401 3909 1425 3964 ‘l
1450 3909 1549 3976 Qui
1577 3924 1735 3980 agros
1758 3911 2054 3980 possident,

465 4010 521 4055 et
545 4015 611 4056 ex
645 4010 802 4056 terrm
824 3999 1083 4056 fructibus
1108 4001 1360 4057 ditantur.
1408 4001 1544 4070 Quid
1575 4003 1680 4058 illis
1707 4003 1944 4075 iniquius
1970 4021 2056 4060 re-

468 4092 744 4160 periatur?
775 4093 831 4150 Si
853 4093 971 4162 quis
986 4094 1131 4150 enim
1153 4094 1422 4165 perquirat
1442 4110 1548 4165 quo
1571 4105 1725 4165 pacto
1739 4111 1861 4151 cum
1889 4098 2055 4153 mise-

471 4186 547 4240 ris
571 4185 820 4256 agricolis
843 4200 902 4241 se
928 4194 1149 4256 gerant,
1176 4185 1297 4242 illos
1318 4186 1561 4241 barbaris
1590 4187 1933 4245 immaniores
1961 4190 2058 4244 de-

469 4277 782 4347 prebendet.
834 4276 966 4333 Nam
999 4278 1064 4333 iis
1101 4277 1190 4348 qui
1221 4279 1360 4333 fame
1404 4277 1739 4334 tabescentes
1765 4295 1860 4349 per
1890 4288 2055 4337 totam

469 4372 629 4424 vitam
661 4369 907 4425 laborant
927 4410 942 4433 ,
973 4368 1252 4440 vectigalia
1298 4369 1580 4439 imponunt
1619 4368 1974 4428 intolerabilia
2001 4378 2057 4427 et

462 4472 746 4533 perpetua,
803 4463 1176 4533 laboriosaqne
1219 4462 1534 4530 ministeria,
1584 4464 1740 4534 quasi
1792 4464 1959 4520 asinis
1999 4473 2056 4520 et

467 4555 647 4623 mulis,
677 4555 784 4609 imo
809 4557 961 4627 quasi
993 4554 1258 4625 lapidibus
1288 4556 1526 4625 ipsorum
1556 4557 1874 4626 corporibus
1899 4566 2056 4615 uten-

359 4714 371 4723 _
464 4659 569 4716 tos,
597 4663 772 4720 neque
800 4648 882 4704 vel
911 4649 1178 4705 tantillum
1206 4651 1474 4720 respirare
1503 4650 1739 4707 sinentes
1758 4691 1774 4715 ,
1821 4650 1916 4706 sed
1942 4651 2055 4708 sive

466 4742 581 4812 agri
634 4740 862 4810 feraces,
893 4741 1008 4799 sive
1050 4741 1260 4798 steriles
1285 4742 1426 4809 sint,
1451 4742 1568 4814 pari
1594 4740 1755 4799 modo
1779 4750 2049 4815 torquent,

462 4847 568 4887 nec
612 4833 700 4887 vel
748 4834 1027 4889 minimum
1065 4834 1234 4890 venite
1265 4834 1394 4903 ipsis
1424 4834 1758 4903 concedunt;
1789 4851 1894 4906 quo
1927 4834 2053 4905 quid

466 4923 826 4979 miserabilius
858 4924 1037 4992 fuerit,
1062 4924 1279 4997 quando
1308 4935 1417 4981 tota
1446 4925 1623 4981 hieme
1670 4926 1723 4981 in
1779 4927 2053 4983 laboribus

464 5025 737 5072 transacta
758 5059 774 5084 ,
807 5017 1029 5088 frigore,
1064 5019 1325 5075 imbribus
1350 5035 1413 5075 ac
1440 5020 1635 5091 vigiliis
1660 5021 1850 5089 attriti,
1874 5022 2057 5078 vacuis

466 5106 741 5177 manibus,
786 5107 964 5165 adhuc
1009 5109 1283 5167 debitores
1332 5112 1608 5179 recedunt,
1650 5122 2057 5182 procuratorum

470 5208 738 5254 tormenta
759 5240 774 5264 ,
807 5199 1132 5269 raptationes
1156 5242 1172 5269 ,
1202 5203 1516 5258 exactiones
1535 5245 1551 5269 ,
1583 5203 1934 5259 abductioues
1957 5246 1972 5272 ,
2005 5214 2062 5261 et

465 5290 795 5347 inevitabilia
821 5291 1117 5347 ministeria
1146 5294 1315 5364 magis
1351 5295 1632 5361 timentes,
1663 5312 1823 5368 quam
1857 5307 2059 5354 tantam

467 5388 686 5454 famem,
720 5395 1035 5456 tantumque
1063 5386 1430 5458 naufragium?
1452 5388 1582 5459 Quis
1611 5392 1944 5447 euarraverit
1972 5406 2062 5448 ne-

463 5479 784 5548 gotiationes
811 5488 866 5533 et
893 5479 1214 5534 commercia
1243 5494 1363 5549 quin
1390 5496 1486 5551 per
1511 5480 1633 5537 illos
1659 5484 1952 5540 exercent?
1981 5484 2058 5540 Ex

469 5569 708 5636 ipsorum
739 5570 1011 5626 laboribus
1029 5570 1312 5627 toreularia
1328 5582 1384 5627 et
1406 5572 1794 5631 subtorcularia
1822 5577 2058 5649 replent,

535 5723 556 5757 ι
596 5725 699 5786 alii,
724 5726 951 5781 dissoluta
971 5726 1151 5795 cellarii.
1161 5729 1227 5783 ia.

1216 285 1271 341 s.
1311 282 1587 341 JOANNIS
1622 278 2092 336 custvsosrout
2118 251 2451 339 ‘Aucuter.
2494 286 3024 351 CONSTANTINOP.

3644 309 3739 367 3.292

2182 395 2308 450 dum
2332 414 2436 455 non
2466 402 2649 461 sinunt
2678 408 2823 477 ipsos
2851 411 2932 465 vel
2960 427 3176 482 parvam
3205 429 3507 470 mensuram
3535 418 3735 480 domum

2178 488 2400 556 referre,
2428 494 2521 549 sed
2551 506 2718 553 totum
2747 500 2974 559 fructum
3003 504 3183 576 inique
3208 507 3259 561 in
3286 507 3443 564 doliis
3458 512 3567 568 suis
3584 513 3741 572 inclu-

2180 580 2332 677 dunt,
2365 588 2734 661 modicamque
2766 595 3044 663 pecuniam
3097 612 3192 667 pro
3219 597 3320 655 hac
3345 615 3401 654 re
3441 600 3564 671 ipsis
3590 606 3740 677 proji-

2173 674 2340 728 ciuut.
2372 676 2516 734 Nova
2542 697 2751 753 quoque
2777 690 3082 758 excogitant
3102 707 3277 748 usura-'2
3303 707 3515 763 genera,
3545 712 3655 766 qua:
3679 674 3740 756 ne

2174 770 2453 836 gentilium
2499 775 2715 844 quidem
2744 778 2950 849 legibus
2975 785 3353 852 permittuntur
3372 829 3387 854 ,
3415 793 3741 862 usurariaque

2174 870 2290 915 acta
2321 865 2620 921 rescribunt
2670 873 3018 940 exsecranda,
3046 876 3241 947 quibus
3275 893 3381 934 non
3411 883 3739 940 centesimam

2174 952 2356 1053 sortis,
2390 956 2483 1010 sed
2514 956 2790 1015 dimidium
2813 966 3032 1035 exigunt
3062 984 3075 1020 :
3106 976 3160 1021 et
3189 966 3322 1034 hinc,
3351 985 3472 1025 cum
3500 972 3562 1039 is,
3590 988 3618 1028 a
3645 991 3742 1044 quo

2173 1053 2412 1114 CXIgllnl,
2453 1056 2510 1101 et
2536 1063 2756 1106 uxorem
2807 1062 2862 1110 et
2906 1055 3105 1137 liberos
3149 1059 3297 1127 alat,
3330 1076 3630 1135 pauperque
3657 1067 3738 1133 sit,

2173 1137 2261 1206 qui
2286 1138 2397 1193 suis
2426 1140 2699 1202 laboribus
2724 1156 2780 1203 et
2815 1162 2996 1205 aream
3028 1161 3082 1207 et
3107 1154 3391 1211 toreularia
3421 1156 3619 1227 implet.
3644 1160 3740 1217 Sed

2172 1229 2306 1286 nihil
2336 1232 2527 1290 horum
2556 1239 2809 1310 cogitant.
2838 1243 3016 1311 Quare
3041 1255 3341 1317 opportune
3363 1251 3664 1322 prophetam
3693 1256 3739 1310 in

2172 1326 2406 1383 medium
2453 1329 2778 1389 adducamus
2808 1334 3099 1406 dicentem,
3126 1338 3450 1414 Obstupesce,
3478 1345 3669 1415 calum,
3698 1356 3741 1402 et

2172 1422 2420 1491 horresce,
2452 1434 2587 1481 terra
2610 1444 2629 1483 :
2655 1430 2707 1483 in
2737 1442 2991 1501 quantam
3038 1435 3304 1491 feritatem
3351 1453 3522 1508 genus
3567 1439 3741 1495 huma-

2171 1530 2301 1571 num
2328 1518 2606 1590 prorupit?
2628 1520 2751 1578 Haec
2777 1537 2936 1593 porro
2965 1524 3105 1591 dico,
3135 1543 3242 1584 non
3264 1530 3404 1601 quod
3426 1539 3585 1599 artes,
3614 1534 3742 1603 agri—

2169 1607 2433 1663 culturam
2469 1619 2524 1665 et
2549 1612 2790 1668 militiam
2820 1616 3092 1685 criminer,
3115 1620 3211 1676 sed
3256 1635 3356 1677 nos
3401 1621 3565 1693 ipsos.
3616 1624 3740 1681 Nam

2171 1696 2453 1757 Cornelius
2477 1705 2723 1761 centurio
2749 1718 2897 1776 erat,
2922 1719 2978 1765 et
3002 1710 3197 1768 Paulus
3222 1715 3504 1783 coriarius,
3533 1726 3587 1772 et
3632 1727 3742 1788 post

2172 1793 2605 1863 prmdicationem
2633 1810 2748 1856 arte
2773 1817 2867 1857 sua
2900 1803 3187 1872 utebatur;
3216 1819 3269 1863 et
3291 1808 3457 1864 David
3482 1825 3574 1865 rex
3601 1821 3739 1878 erat;

2167 1883 2270 1941 Joh
2314 1902 2442 1941 vero
2484 1889 2773 1947 multorum
2810 1893 3131 1964 prtediorum
3162 1896 3433 1964 dominus,
3464 1901 3743 1956 innumeris

2172 1975 2446 2034 fruebatur
2473 1981 2758 2051 reditibus,
2782 1986 2975 2056 quibus
3002 1987 3135 2042 nihil
3155 1988 3346 2044 horum
3372 1991 3743 2061 impedimento

2170 2071 2268 2126 fuit
2293 2071 2362 2127 ad
2388 2073 2636 2130 virtutem
2670 2077 2971 2134 colendam.
3028 2078 3154 2136 Haec
3181 2081 3360 2153 itaque
3386 2085 3564 2138 omnia
3601 2083 3743 2154 cogi-

2171 2170 2345 2219 tantes
2373 2206 2387 2230 ,
2416 2164 2707 2237 decemque
2732 2170 2896 2226 millia
2928 2172 3125 2228 talenta
3148 2174 3202 2228 in
3230 2182 3464 2230 mentem
3496 2191 3742 2232 revocan-

2169 2266 2271 2325 tes,
2304 2257 2429 2317 hiue
2479 2261 2765 2318 incitemur
2810 2274 2871 2319 ut
2914 2281 3079 2337 pauca
3123 2267 3212 2323 illa
3266 2276 3321 2324 et
3364 2269 3486 2324 vilia
3512 2270 3745 2341 proximo

2169 2353 2522 2410 remittamus.
2569 2354 2700 2410 Nam
2747 2358 2987 2413 rationes
3018 2359 3170 2416 nobis
3196 2360 3485 2417 reddendae
3511 2369 3662 2417 erunt
3681 2361 3745 2416 de

2169 2447 2451 2515 praeceptis
2495 2448 2649 2504 nobis
2703 2450 2930 2518 traditis,
2970 2466 3071 2507 nec
3124 2454 3417 2523 poterimus
3451 2497 3466 2520 ,
3501 2454 3744 2526 quidquid

2169 2535 2382 2591 tandem
2427 2537 2715 2605 faciamus,
2744 2541 2927 2597 omnia
2974 2543 3301 2614 persolvere.
3343 2545 3574 2616 Ideoque
3603 2546 3747 2601 nobis

2170 2629 2310 2685 Deus
2336 2631 2474 2687 viam
2504 2631 2716 2690 facilem
2746 2637 2977 2705 aperuit,
3011 2653 3111 2708 qua
3142 2639 3321 2693 omnia
3347 2640 3561 2696 solvere
3580 2639 3745 2710 possi-

2167 2737 2308 2788 mus,
2338 2725 2658 2781 oblivionem
2686 2727 2809 2783 dico
2835 2729 3169 2799 iujuriarum.
3200 2729 3271 2787 Ut
3294 2731 3457 2802 igitur
3479 2731 3603 2785 illud
3635 2745 3747 2800 pro-

2168 2815 2235 2870 be
2251 2816 2539 2883 discamus,
2569 2818 2850 2876 audiamus
2878 2821 3017 2876 ultra
3041 2821 3311 2893 progressi
3341 2824 3645 2894 parabolam
3674 2830 3748 2875 to-

2164 2916 2293 2963 tam.
2334 2908 2547 2966 Oblatas
2583 2922 2675 2978 est,
2705 2914 2847 2969 enim
2868 2956 2883 2980 ,
2913 2915 3111 2984 inquit,
3141 2933 3272 2971 unus
3299 2918 3389 2986 qui
3422 2916 3628 2972 debebat
3677 2916 3748 2970 illi

2164 3004 2334 3057 decem
2362 3004 2524 3059 millia
2551 3005 2761 3061 talenta.
2781 3005 2903 3062 Non
2928 3008 3138 3062 [tabente
3165 3019 3331 3064 autem
3363 3010 3457 3065 illo
3484 3013 3616 3064 unde
3641 3008 3748 3062 red-

2164 3096 2321 3163 deret,
2356 3097 2512 3168 jussit
2560 3115 2672 3153 eum
2716 3101 2885 3169 vendi,
2916 3111 2962 3155 et
2988 3116 3197 3156 uxorem
3227 3106 3356 3172 ejus,
3380 3112 3426 3157 et
3448 3104 3603 3172 ﬁlios.
3647 3102 3749 3157 Cur

2166 3204 2383 3244 uxorem
2403 3192 2626 3261 quaeso?
2649 3193 2761 3249 Non
2791 3208 2858 3250 ex
2883 3193 3197 3250 crudelitate
3219 3195 3300 3249 vel
3328 3195 3745 3251 inhumanitate:

2166 3298 2286 3338 nam
2318 3284 2368 3338 iu
2396 3284 2540 3341 aliud
2577 3285 2956 3342 detrimentum
2999 3285 3296 3354 incidisset,
3325 3303 3449 3344 cum
3481 3303 3614 3343 uxor
3638 3287 3749 3357 ejus

2164 3389 2217 3433 et
2266 3379 2379 3450 ipsa
2422 3394 2578 3435 serva
2626 3388 2796 3447 esset;
2843 3381 2939 3437 sed
2988 3396 3052 3437 ex
3083 3380 3336 3438 ineffabili
3387 3380 3744 3453 providentia.

2167 3469 2288 3526 Vult
2316 3472 2457 3526 enim
2485 3470 2631 3526 illum
2663 3473 2751 3527 tali
2778 3473 3195 3528 comminatione
3225 3475 3666 3543 perterrefaeere,
3695 3478 3750 3526 ut

2162 3564 2227 3620 ad
2254 3563 2658 3636 supplicandum
2706 3565 3000 3633 induceret,
3032 3580 3099 3622 ne
3138 3565 3483 3621 venderetur.
3529 3566 3584 3622 Si
3610 3565 3749 3619 enim

2165 3668 2382 3730 propter
2405 3658 2641 3715 debitum
2668 3659 2718 3714 id
2747 3659 2993 3725 fecisset,
3024 3675 3131 3714 non
3158 3661 3436 3715 annuisset
3475 3660 3592 3730 ejus
3617 3660 3750 3730 peti-

2166 3753 2317 3817 tioni,
2361 3767 2535 3823 neque
2570 3752 2795 3824 gratiam
2840 3751 3096 3808 dedisset.
3143 3752 3251 3808 Cur
3295 3767 3425 3823 ergo
3469 3761 3747 3823 antequam

2161 3848 2396 3904 rationes
2437 3847 2574 3903 date
2607 3855 2787 3903 essent
2813 3847 3050 3903 debitum
3096 3862 3203 3900 non
3235 3845 3476 3901 dimisit?
3502 3845 3573 3903 Ut
3597 3844 3750 3900 doce-

2163 3950 2246 3997 ret
2288 3952 2485 4013 quanto
2532 3943 2704 4012 ipsum
2749 3941 2928 3998 debito
2971 3941 3299 4005 absolveret;
3329 3950 3387 3995 ut
3428 3939 3529 3996 hac
3552 3940 3750 3994 ratione

2162 4034 2252 4091 ille
2278 4033 2634 4105 indulgentior
2654 4034 2793 4091 circa
2822 4048 3140 4089 conservum
3172 4042 3334 4088 esset.
3354 4032 3411 4088 Si
3442 4032 3588 4088 enim
3611 4037 3753 4101 post-

2162 4142 2319 4198 quam
2363 4124 2527 4181 debiti
2567 4124 2988 4197 magnitudinem
3028 4123 3234 4189 didicit,
3268 4133 3323 4179 et
3368 4123 3643 4194 ingentem
3671 4135 3752 4176 re-

2164 4218 2497 4286 missionem,
2528 4231 2845 4273 conservum
2887 4231 3041 4271 suum
3085 4225 3190 4270 tam
3232 4231 3421 4286 aspere
3469 4215 3619 4287 egit:
3654 4213 3753 4268 nisi

2164 4311 2309 4366 illum
2339 4310 2532 4366 talibus
2554 4309 2804 4366 remediis
2831 4310 2977 4378 prius
2999 4308 3289 4372 lenivlsset,
3313 4323 3419 4379 quo
3442 4323 3549 4365 non
3572 4304 3752 4363 crude-

2162 4403 2327 4458 litatis
2354 4418 2697 4473 processurus
2722 4402 2871 4458 erat?
2898 4401 3035 4471 Quid
3060 4402 3218 4472 igitur
3249 4401 3377 4457 ille?
3410 4399 3505 4456 26.
3542 4399 3753 4453 Parion.

2164 4497 2283 4548 tiam
2329 4495 2457 4549 habe
2485 4499 2537 4550 in
2578 4510 2674 4560 me,
2704 4504 2749 4549 et
2777 4495 2947 4548 omnia
2990 4494 3199 4548 reddam
3237 4493 3342 4547 tibi.
3384 4492 3475 4548 27.
3521 4492 3756 4547 Miserius

2163 4597 2328 4640 autem
2365 4586 2599 4641 dominus
2632 4586 2759 4641 servi
2789 4586 2948 4651 illius,
2978 4585 3167 4638 dimisit
3191 4601 3325 4648 eum,
3358 4595 3404 4640 et
3433 4584 3660 4639 debitum
3684 4584 3758 4637 di-

2164 4678 2296 4730 misit
2321 4679 2387 4734 ei.
2414 4675 2661 4733 VidiStin‘
2688 4691 2897 4732 rursum
2928 4675 3265 4747 benignitatis
3296 4672 3759 4747 magnitudinem?

2168 4771 2482 4826 Dilationem
2538 4779 2738 4823 tantum
2786 4768 3001 4839 petebat
3048 4781 3269 4833 servus;
3317 4767 3408 4822 ille
3455 4782 3588 4823 vero
3640 4765 3762 4836 plus

2168 4878 2327 4933 quam
2354 4863 2568 4932 petebat
2590 4862 2874 4928 concessit,
2893 4861 3264 4918 remissionem
3288 4862 3446 4916 totius
3473 4859 3644 4917 debiti
3684 4868 3761 4913 at-

2168 4967 2273 5025 que
2313 4953 2546 5009 veniam.
2596 4953 2677 5009 Ab
2705 4952 2856 5008 initio
2882 4967 3075 5023 nempe
3100 4951 3230 5009 dare
3268 4951 3509 5018 volebat,
3538 4949 3637 5006 sed
3667 4963 3763 5005 no-

2170 5049 2309 5104 lebat
2336 5049 2535 5104 donum
2561 5063 2627 5104 ex
2656 5062 2714 5104 se
2754 5056 2919 5102 totum
2950 5061 3071 5102 esse
3091 5089 3105 5114 ,
3133 5045 3229 5103 sed
3256 5046 3374 5117 ejus
3410 5043 3765 5116 supplicatio-

2167 5158 2287 5196 nem
2350 5140 2718 5208 iutervenire,
2770 5156 2838 5195 ne
2892 5141 3236 5196 incoronatns
3282 5139 3372 5195 ille
3429 5138 3762 5194 discederet.

2164 5234 2316 5303 Quod
2344 5243 2519 5291 tamen
2561 5242 2727 5289 totum
2754 5248 2819 5289 ex
2852 5232 2961 5287 Deo
2987 5246 3127 5297 esse,
3157 5231 3368 5288 etiamsi
3392 5231 3484 5287 ille
3512 5244 3765 5300 procum.

2168 5327 2301 5382 bens
2344 5327 2759 5397 supplicaverit,
2801 5341 2961 5381 causa
3011 5325 3376 5382 concessionis
3416 5320 3767 5379 declaravit:

2170 5419 2406 5476 Misertus
2449 5420 2613 5489 enim,
2640 5421 2828 5493 inquit,
2869 5420 3070 5475 dimisit
3096 5418 3195 5474 illi.
3241 5420 3493 5473 Attamen
3522 5417 3604 5472 sic
3633 5430 3768 5486 quo—

2168 5528 2274 5583 que
2317 5511 2529 5568 volebat
2578 5523 2638 5568 ut
2675 5513 2766 5568 ille
2810 5512 3007 5584 aliquid
3053 5511 3302 5567 conferre
3348 5510 3651 5575 videretur,
3705 5521 3772 5561 ne

2171 5605 2336 5661 nimio
2359 5604 2661 5660 afﬁceretur
2706 5604 2950 5676 pudore;
2980 5615 3146 5677 utque
3188 5604 3403 5676 propria
3451 5604 3770 5660 calamitate

2173 5695 2478 5766 institutus,
2513 5697 2789 5769 indulgens
2815 5711 3081 5756 conservo
3111 5695 3271 5752 foret.
