4034 6440
192 371 289 428 593

258 489 309 542 4.
347 483 608 540 Paraboia
649 482 1046 540 misericordiam
1090 482 1343 537 consecuti
1385 492 1431 534 et
1480 488 1652 548 postea
1687 495 1777 532 ne-

188 579 353 651 gantis
378 586 766 632 commentatur.
795 604 865 616 -——
893 574 1176 644 ﬂuensque
1217 588 1344 644 ergo
1377 572 1464 626 ille
1513 572 1684 625 bonus
1730 580 1780 623 et

188 679 441 739 acceptus
472 667 604 722 fuit:
638 684 759 722 nam
783 666 1057 723 confessus
1082 675 1167 722 est
1187 674 1241 720 et
1273 663 1518 735 promisit
1544 677 1602 718 se
1626 661 1780 716 debi-

190 773 302 816 tum
324 760 657 816 redditurum
689 776 829 826 esse,
856 758 1102 830 procidit,
1122 768 1176 813 et
1199 758 1423 828 rogavit,
1444 764 1780 826 suapeccata

189 852 492 917 damnavit,
525 852 802 921 debitiqne
825 848 1237 920 magnitudinem
1267 848 1517 919 agnovit:
1550 846 1643 902 sed
1664 862 1784 917 quae

186 954 484 1015 sequuntur
511 943 721 1015 indigna
743 944 1007 1014 prioribus
1021 952 1166 998 sunt.
1185 943 1441 1012 Egressus
1463 941 1666 1006 statim,
1685 953 1785 994 nec

185 1037 360 1092 multo
376 1035 565 1107 elapso
585 1044 848 1106 tempore,
871 1034 965 1090 sed
985 1034 1186 1099 statim,
1207 1050 1327 1089 cum
1352 1047 1591 1102 pricsens
1611 1032 1785 1086 adhuc

186 1127 512 1185 beneficium
547 1136 731 1196 esset,
767 1128 944 1194 dono,
975 1142 1181 1182 necnon
1209 1126 1457 1182 libertate
1493 1139 1522 1180 a
1562 1111 1783 1178 domino

186 1222 285 1276 sibi
317 1234 576 1277 concessa
599 1220 664 1275 ad
692 1220 981 1290 nequitiam
1014 1234 1141 1274 usus
1160 1226 1262 1274 est.
1286 1216 1376 1273 28.
1404 1215 1530 1271 Cum
1550 1216 1785 1269 invenis—

186 1322 261 1365 set
300 1313 448 1369 enim
494 1328 651 1367 unum
678 1328 742 1367 ea:
785 1311 1035 1366 conservis
1059 1352 1074 1374 ,
1119 1311 1206 1380 qui
1235 1306 1440 1365 debebat
1468 1307 1546 1362 illi
1584 1314 1784 1360 centum

190 1404 432 1457 denarios
455 1446 471 1470 ,
502 1402 786 1470 sulfocabat
832 1419 944 1457 eum
977 1402 1188 1457 dicens:
1216 1400 1395 1457 Redde
1436 1403 1571 1469 quod
1611 1398 1778 1452 debes.

195 1493 446 1548 Vidistin’
485 1493 686 1548 domini
735 1492 1195 1549 misericordiam?
1225 1491 1453 1547 vidistiu’
1473 1489 1615 1546 servi
1655 1504 1781 1543 cru-

189 1586 466 1642 delitatem
488 1585 510 1640 ?
533 1586 729 1642 Audite
752 1586 839 1656 qui
886 1600 986 1656 pro
1015 1584 1252 1654 pecuniis
1283 1583 1397 1637 haec
1424 1581 1617 1636 facitis.
1648 1579 1780 1634 Cum

191 1679 335 1735 enim
363 1693 463 1747 pro
490 1678 722 1749 peccatis
744 1678 797 1733 id
821 1694 926 1732 non
961 1676 1121 1732 liceat
1149 1675 1356 1739 facere,
1385 1683 1584 1745 quanto
1607 1673 1782 1727 minus

192 1787 287 1842 pro
314 1771 605 1843 pecuniis?
630 1771 765 1838 Quid
805 1770 965 1842 igitur
1001 1769 1134 1824 ille?
1175 1768 1267 1823 29.
1312 1766 1620 1822 Patienliam
1658 1764 1784 1819 habe

191 1864 241 1916 in
269 1880 367 1927 me,
391 1872 438 1917 et
458 1863 628 1916 omnia
655 1861 862 1916 reddam
885 1862 992 1917 tibi.
1020 1858 1112 1916 Ille
1137 1876 1265 1916 vero
1287 1876 1354 1914 ne
1378 1858 1538 1915 verba
1567 1856 1782 1928 quidem

189 1956 459 2010 reveritus
489 1961 596 2018 est,
627 1968 722 2025 per
746 1970 863 2023 qua:
893 1952 1005 2023 ipse
1027 1960 1271 2007 servatus
1299 1948 1490 2006 fuerat.
1518 1948 1648 2004 Nam
1669 1948 1782 2020 ipse

192 2045 274 2101 his
312 2046 471 2101 dictis
499 2061 527 2098 a
559 2045 746 2100 decem
779 2045 1002 2098 millium
1037 2044 1358 2098 talentorum
1403 2041 1586 2096 debito
1625 2041 1782 2095 abso-

192 2137 336 2193 lutus
361 2149 480 2194 est:
513 2152 611 2192 nec
635 2147 843 2208 portum
868 2134 1137 2207 cognovit,
1161 2150 1257 2205 per
1271 2149 1428 2205 quem
1448 2132 1780 2202 naufragium

191 2229 465 2301 effugisset
489 2246 502 2284 :
534 2245 633 2285 nec
662 2227 1068 2302 supplicationis
1096 2225 1285 2281 modus
1313 2225 1512 2281 domini
1542 2223 1782 2295 benigni-

190 2334 352 2381 tatem
385 2325 438 2379 in
470 2332 705 2379 mentem
759 2321 859 2392 ipsi
906 2319 1173 2376 revocavit
1200 2336 1214 2385 ;
1262 2316 1358 2373 sed
1390 2317 1481 2372 illa
1508 2317 1686 2371 omnia
1714 2331 1782 2373 ex

189 2418 409 2472 avaritia
436 2458 451 2481 ,
481 2414 802 2471 crudelitate
831 2421 884 2469 et
928 2413 1124 2468 duritie
1166 2410 1424 2481 abjiciens
1466 2425 1529 2464 ex
1561 2409 1739 2464 animo
1762 2449 1777 2475 ,

188 2509 300 2565 {era
332 2509 521 2579 quavis
546 2508 739 2563 saevius
767 2521 1084 2561 conservum
1116 2503 1428 2559 sull'ocabat.
1461 2501 1596 2570 Quid
1626 2500 1778 2567 facis,

187 2617 220 2656 ο
249 2600 452 2657 homo?
481 2614 586 2655 non
607 2599 775 2656 sentis
800 2640 816 2667 ,
863 2610 920 2654 ut
949 2598 1176 2668 teipsum
1223 2596 1456 2665 decipias
1479 2637 1495 2662 ,
1542 2594 1778 2665 gladium

187 2701 375 2748 contra
409 2701 462 2747 te
489 2692 675 2762 adigas
699 2732 713 2757 ,
745 2706 807 2746 ac
836 2690 1156 2747 sententiam
1186 2689 1495 2758 donumque
1521 2687 1781 2743 revoces?

187 2784 288 2839 Sed
323 2784 453 2839 nihil
482 2783 673 2839 horum
700 2783 991 2854 cogitavit,
1022 2797 1121 2836 nec
1146 2796 1323 2835 rerum
1349 2794 1564 2835 suarum
1595 2794 1779 2835 recor-

188 2876 345 2932 datus
386 2886 465 2932 (‘Sl
487 2917 502 2939 ,
538 2890 713 2944 neque
739 2875 901 2929 cessit
940 2873 1160 2928 omnino
1185 2889 1197 2928 :
1227 2888 1548 2944 quamquam
1577 2887 1683 2928 non
1712 2870 1781 2927 de

188 2971 405 3039 paribus
435 2969 748 3040 supplicatio
762 2978 897 3023 erat.
920 2967 1017 3022 llic
1033 2983 1263 3038 namque
1295 2981 1391 3036 pro
1410 2966 1595 3022 decem
1623 2965 1782 3020 milti-

189 3064 286 3119 bus
316 3064 553 3129 talentis,
578 3064 666 3119 ille
698 3079 793 3132 pro
820 3077 1034 3131 centum
1061 3063 1296 3119 denariis
1326 3062 1780 3131 precabatur;ille

189 3170 507 3211 conservum
532 3196 547 3222 ,
580 3154 668 3211 hic
713 3155 1029 3221 dominum;
1063 3154 1151 3209 hic
1178 3154 1466 3224 perfectam
1504 3152 1776 3209 remissio-

191 3263 312 3303 nem
338 3248 565 3316 aceepit,
601 3247 695 3301 ille
709 3246 1020 3301 dilationem
1054 3245 1305 3316 petebat:
1338 3254 1384 3298 et
1414 3262 1475 3298 ne
1498 3244 1641 3298 illam
1661 3245 1776 3315 qui-

189 3343 300 3395 dem
328 3340 411 3393 hic
434 3340 675 3393 concessit
698 3338 816 3395 illi:
841 3338 928 3395 '50.
961 3337 1027 3393 In
1057 3354 1305 3392 carcerem
1334 3338 1475 3392 enim
1497 3336 1641 3391 illum
1658 3354 1781 3391 con-

191 3433 324 3506 fecit.
362 3432 452 3486 3|.
492 3429 726 3486 Videntes
751 3441 918 3485 autem
943 3431 1186 3493 conservi,
1218 3438 1606 3486 accusaverunt
1628 3428 1775 3484 illum

189 3522 327 3593 apud
351 3521 651 3587 dominum,
688 3520 986 3591 dominoque
1011 3518 1347 3574 retulerunt‘.
1367 3519 1443 3574 Ne
1470 3519 1776 3575 hominibus

190 3614 404 3685 quidem
433 3611 536 3667 hoc
564 3611 821 3681 placebat,
843 3611 1036 3667 nedum
1065 3611 1195 3667 Deo.
1213 3614 1329 3670 Una
1344 3629 1475 3686 ergo
1486 3612 1779 3666 contrista-

191 3704 229 3757 ti
245 3710 378 3758 sunt
390 3704 474 3758 vel
496 3702 569 3757 illi
592 3703 682 3773 qui
713 3703 843 3758 nihil
862 3702 1147 3758 debebant.
1168 3700 1303 3770 Quid
1335 3718 1465 3772 ergo
1488 3701 1775 3757 dominus?

190 3793 274 3849 52.
326 3793 485 3850 Serve
510 3811 723 3865 nequam
747 3792 767 3824 ¹
788 3836 803 3861 ,
832 3812 979 3849 autne
1017 3795 1238 3849 debitum
1281 3794 1409 3849 illud
1454 3794 1622 3848 dimisi
1651 3794 1774 3860 tibi,

188 3887 304 3956 quia
350 3887 541 3955 rogasti
584 3903 682 3940 me.
732 3886 817 3941 53.
867 3885 1054 3940 Nonne
1113 3887 1335 3957 oportuit
1375 3895 1424 3939 et
1465 3895 1514 3940 te
1552 3886 1779 3941 misereri

188 3980 413 4034 conservi
435 3980 529 4045 tui,
551 3979 679 4033 sicut
698 3990 745 4032 et
773 3996 863 4050 ego
884 3979 956 4033 tui
979 3980 1210 4034 misertus
1228 3996 1339 4033 sum
1361 3979 1387 4033 ?
1409 3978 1541 4034 Vide
1562 3994 1773 4035 rursum

188 4070 649 4127 mansuetudinem
677 4069 897 4125 domini.
916 4068 1049 4125 Cum
1071 4070 1161 4125 illo
1179 4069 1381 4140 judicio
1402 4069 1701 4139 contendit,
1722 4078 1778 4126 et

186 4180 308 4221 sese
341 4151 566 4235 purgat,
590 4163 790 4218 donum
817 4174 1165 4219 revocaturus
1189 4181 1204 4226 ;
1233 4163 1340 4218 imo
1374 4178 1505 4220 vero
1530 4179 1633 4219 non
1662 4164 1776 4233 ipse

185 4258 480 4324 revocavit,
509 4258 603 4313 sed
637 4256 681 4311 is
705 4257 792 4326 qui
819 4265 1121 4327 acceperat.
1151 4254 1277 4312 Ideo
1305 4256 1468 4312 dicit:
1502 4254 1662 4310 Omne
1682 4257 1776 4312 de-

183 4352 346 4404 bitum
370 4350 501 4404 illud
526 4350 696 4404 dimisi
716 4351 805 4403 tibi
828 4391 843 4416 ,
869 4351 990 4416 quia
1007 4350 1199 4420 rogasti
1218 4366 1316 4402 me.
1344 4349 1528 4403 Nonne
1554 4351 1775 4421 oportuit

184 4450 231 4496 et
258 4451 308 4495 te
334 4441 562 4495 misereri
604 4442 828 4495 conservi
870 4441 987 4495 tui?
1017 4440 1126 4495 Etsi
1170 4441 1318 4496 enim
1356 4455 1640 4495 onerosum
1681 4442 1773 4495 tibi

185 4534 450 4598 videatur,
471 4542 526 4589 at
548 4533 785 4603 oportuit
810 4532 876 4587 ad
903 4532 1107 4587 lucrum
1139 4533 1404 4602 respicere
1425 4531 1532 4601 jam
1555 4531 1771 4597 factum,

185 4636 239 4680 et
264 4625 333 4679 ad
361 4624 616 4680 futurum.
652 4624 719 4679 Et
744 4624 787 4678 si
817 4638 1105 4679 onerosum
1151 4624 1220 4678 sit
1250 4631 1574 4692 prmceptum
1593 4665 1610 4689 ,
1636 4639 1774 4693 pra:-

188 4717 354 4770 mium
382 4716 617 4785 cogitare
647 4714 921 4784 oportuit;
944 4714 1177 4784 atquein
1202 4722 1383 4768 mente
1407 4729 1642 4778 versare,
1667 4730 1771 4769 non

185 4807 326 4877 quod
360 4805 456 4861 ille
481 4805 576 4860 tibi
600 4804 855 4861 damnum
883 4805 1097 4872 inferat,
1128 4805 1222 4860 sed
1250 4804 1391 4875 quod
1420 4804 1583 4860 Deum
1608 4814 1661 4860 tu
1692 4805 1774 4860 oi-

187 4898 396 4964 feudas,
424 4912 584 4968 quem
609 4897 838 4968 simplici
859 4897 1164 4967 precatione
1188 4896 1432 4965 placasti.
1455 4897 1522 4951 Et
1542 4897 1585 4951 si
1612 4899 1771 4953 etiam

186 4990 264 5045 sic
298 4989 393 5044 tibi
417 5004 706 5044 onerosum
734 4988 967 5054 videtur,
998 4989 1044 5043 si
1077 4997 1126 5042 te
1152 4987 1396 5043 lmdentis
1423 4989 1628 5043 amicus
1655 4993 1769 5053 tias,

184 5082 345 5150 longe
370 5081 585 5150 gravius
611 5081 715 5137 erit
751 5080 805 5135 iu
833 5079 1133 5152 gehennam
1169 5080 1406 5137 incidere
1431 5099 1445 5134 :
1475 5089 1529 5136 et
1567 5081 1612 5136 si
1643 5081 1773 5136 illud

183 5173 282 5242 ipsi
311 5172 611 5240 retulisses,
634 5181 763 5229 tunc
778 5171 1145 5244 cognovisscs,
1171 5171 1222 5226 id
1248 5173 1416 5227 multo
1446 5171 1615 5228 levius
1629 5187 1771 5228 esse.

182 5266 248 5320 Et
273 5280 399 5320 cum
428 5264 595 5319 millia
620 5264 819 5319 talenta
848 5263 1109 5331 deberet,
1139 5264 1280 5319 Deus
1307 5279 1411 5319 non
1433 5264 1637 5319 vocavit
1663 5280 1773 5320 ma-

181 5356 335 5423 lum,
366 5369 468 5411 nec
508 5354 700 5425 injuria
740 5354 919 5410 ali'ecit
939 5396 954 5419 ,
988 5355 1082 5410 sed
1113 5354 1366 5410 misertus
1410 5364 1495 5410 est
1520 5372 1535 5411 :
1561 5356 1774 5426 quando

180 5457 363 5503 autem
391 5448 532 5503 circa
575 5462 899 5504 conservum
942 5447 1190 5501 immanis
1230 5445 1452 5502 eﬂ'ectus
1486 5456 1608 5513 est,
1650 5454 1775 5504 tunc

181 5539 340 5607 dicit,
368 5537 525 5595 Serve
551 5555 786 5610 nequam.
810 5537 1026 5605 Audite,
1048 5538 1194 5593 avari
1218 5555 1235 5606 ;
1268 5552 1391 5594 nam
1417 5552 1514 5595 vos
1538 5537 1655 5594 haec
1691 5554 1776 5594 re-

246 5697 269 5763 ξ
285 5694 424 5763 Haec,
450 5695 746 5763 dominoque
773 5694 1059 5763 retulerunt,
1081 5710 1193 5758 quae
1231 5695 1279 5747 in
1321 5698 1471 5749 Savil.
1501 5706 1551 5750 et
1583 5700 1781 5763 optimis

177 5757 324 5805 codd.
351 5758 553 5815 absunt,
577 5756 628 5807 in
655 5756 831 5809 (ἐνΜο
852 5756 1127 5807 omisimus.

241 5821 263 5852 ¹
286 5821 407 5881 Alli,
440 5822 593 5872 Serve
615 5831 825 5888 nequam
845 5824 891 5869 et
913 5816 1098 5884 ignave.

1181 366 1245 422 IN
1284 361 1683 422 ΜᾹΤΤΙΙᾹΞΠΜ
1722 360 1948 417 ιιθδωλ.
1991 364 2122 420 LXI.
2165 367 2235 420 al.
2280 366 2434 423 LXll.

3382 375 3481 432 ἔξω

1890 479 2142 547 spiciuut.
2173 483 2852 546 Audite,immisericordes
2878 496 2930 544 et
2955 489 3221 557 crudeles,
3253 507 3346 546 vos
3377 510 3481 549 non

1889 573 2008 629 aliis
2036 590 2157 631 esse
2182 577 2429 635 crudeles
2454 621 2469 644 ,
2501 581 2595 635 sed
2623 582 2773 637 vobis
2800 583 2945 652 ipsis.
2972 581 3104 638 Cum
3130 600 3259 655 ergo
3292 587 3479 641 voluc-

1888 666 1962 721 ris
2003 666 2222 737 injurias
2256 669 2308 724 in
2342 683 2572 727 mentem
2603 689 2885 742 revocare,
2910 677 3140 746 cogitate
3167 687 3351 733 contra
3395 688 3478 732 te-

1890 756 2061 826 ipsum
2092 758 2208 814 illas
2240 776 2498 816 revocare
2521 805 2536 827 ,
2571 779 2674 819 non
2704 777 2886 821 contra
2917 767 3112 833 alium;
3141 776 3192 822 te
3223 775 3308 821 tua
3351 783 3475 838 pec-

1888 857 2003 901 cata
2051 849 2305 918 colligere
2329 893 2342 914 .
2376 868 2480 908 non
2531 853 2777 922 proximi.
2808 855 2889 910 Tu
2937 855 3190 926 quidem,
3222 857 3475 927 quidquid

1887 948 2072 993 contra
2104 940 2249 994 illum
2281 943 2395 1013 agis
2415 986 2429 1006 ,
2459 955 2513 997 ut
2537 945 2693 999 homo
2716 947 2859 1016 agis,
2883 955 2937 1002 ct
2966 947 3016 1001 in
3045 949 3293 1016 pra-senti
3327 949 3426 1002 vita
3458 964 3474 1014 ;

1890 1031 2032 1087 Deus
2061 1048 2188 1088 vero
2216 1051 2321 1089 non
2353 1037 2451 1101 sic,
2484 1038 2575 1093 sed
2600 1038 2785 1107 majori
2814 1050 2864 1094 te
2893 1049 2946 1095 et
2968 1051 3171 1095 :eterno
3199 1041 3307 1097 illic
3346 1057 3473 1111 sup-

1890 1124 2048 1194 plicio
2067 1124 2263 1182 afficiet
2292 1144 2305 1181 :
2330 1144 2450 1181 nam
2483 1130 2556 1183 ait
2590 1150 2603 1184 :
2630 1130 2718 1185 5i.
2753 1128 2990 1184 Tradidit
3014 1147 3129 1185 eum
3158 1131 3429 1187 tortoribus
3453 1173 3471 1197 ,

1888 1214 2048 1269 donec
2086 1231 2232 1270 omne
2275 1216 2500 1277 debitum
2530 1220 2875 1289 persolveret;
2916 1221 2966 1276 id
3009 1230 3125 1287 est,
3171 1232 3474 1293 perpetuo;

1888 1321 2175 1377 numquam
2217 1312 2357 1364 enim
2388 1309 2577 1365 solvet.
2608 1311 2742 1378 Quia
2771 1327 2835 1367 ex
2867 1309 3125 1368 beneﬁcio
3153 1327 3257 1367 non
3289 1314 3468 1368 melior

1887 1400 2141 1468 evasisti,
2176 1417 2336 1456 unum
2382 1402 2736 1473 relinquitur,
2772 1412 2829 1458 ut
2850 1404 3110 1476 supplicio
3150 1404 3473 1461 emenderis.

1887 1492 2036 1548 Licet
2054 1494 2258 1564 gratim,
2282 1505 2337 1550 et
2362 1495 2502 1551 dona
2533 1495 2628 1551 Dei
2655 1498 2770 1552 sine
2792 1496 3100 1568 pmnitcntia
3128 1497 3269 1552 sint:
3292 1505 3345 1550 at
3370 1506 3483 1550 tan-

1888 1592 1996 1639 tum
2029 1584 2194 1640 valuit
2228 1586 2459 1657 nequitia
2486 1626 2502 1653 ,
2554 1595 2611 1641 ut
2648 1586 2788 1641 hanc
2824 1586 2997 1658 legem
3043 1586 3295 1643 soberet.
3337 1584 3474 1655 Quid

1885 1693 2012 1749 ergo
2043 1678 2356 1748 injuriarum
2385 1680 2755 1737 recordatione
2798 1680 3033 1737 deterius
3055 1721 3072 1748 ,
3115 1696 3233 1748 qua:
3273 1677 3475 1734 donum

1886 1769 2124 1825 divinum
2151 1771 2257 1827 tale
2280 1787 2344 1827 ac
2367 1781 2569 1827 tantum
2600 1782 2849 1829 evertere
2882 1773 3091 1843 possit?
3117 1772 3299 1843 Neque
3325 1771 3476 1827 illum

1886 1862 2221 1933 simpliciter,
2268 1864 2361 1920 sed
2389 1865 2555 1921 iratus
2596 1866 2833 1921 tradidit.
2880 1865 3107 1934 Quando
3146 1867 3287 1922 enim
3314 1865 3479 1945 jussit

1887 1955 2036 2010 illum
2060 1956 2239 2023 vendi,
2266 1973 2373 2012 non
2401 1956 2697 2012 irativerba
2724 1964 2915 2024 erant;
2949 1956 3068 2013 ideo
3097 1972 3203 2012 non
3233 1955 3282 2011 id
3315 1957 3432 2011 fecit
3457 1974 3473 2020 ;

1886 2045 1979 2101 sed
2005 2045 2103 2101 hoc
2126 2047 2341 2102 occasio
2369 2047 2586 2118 grandis
2615 2047 2992 2102 misericordiae
3021 2046 3154 2101 fuit:
3182 2060 3322 2101 nunc
3348 2060 3475 2101 vero

1885 2136 2265 2209 indignationis
2294 2153 2497 2209 magna:
2523 2139 2784 2193 sententia
2816 2148 2915 2204 est,
2941 2137 3181 2208 supplicii
3209 2149 3367 2208 atque
3393 2137 3475 2192 ul-

1887 2231 2064 2287 tionis.
2094 2229 2231 2298 Quid
2256 2246 2385 2302 ergo
2411 2230 2511 2286 sibi
2539 2233 2649 2285 vult
2675 2230 2964 2302 parabola?
2992 2230 3078 2286 55.
3114 2229 3204 2284 Sic
3225 2231 3360 2284 vobis
3390 2234 3473 2301 [αα
3562 2242 3567 2247 ’

1885 2322 1978 2374 ciet
2025 2320 2185 2375 Pater
2229 2338 2367 2377 meus
2391 2361 2408 2389 ,
2456 2323 2664 2393 inquit,
2692 2321 2788 2376 nisi
2819 2321 3108 2377 remiseritis
3135 2321 3475 2392 unusquisque

1886 2412 2037 2482 fratri
2065 2430 2157 2467 suo
2183 2412 2247 2466 de
2274 2414 2427 2469 corde
2454 2424 2614 2468 vestro
2643 2422 2849 2485 peucata
2878 2413 3125 2483 ipsorum.
3157 2404 3273 2467 Non
3302 2412 3432 2467 dixit
3455 2455 3471 2473 ,

1885 2504 2043 2560 Pater
2090 2515 2303 2569 vester;
2359 2503 2493 2571 sed,
2543 2503 2700 2559 Pater
2751 2521 2909 2558 meus.
2954 2502 3070 2558 Non
3103 2503 3242 2557 eiiim
3283 2503 3474 2574 dignus

1884 2606 1968 2652 est
1997 2597 2074 2652 sic
2103 2597 2376 2668 improbus
2403 2606 2458 2652 et
2485 2596 2804 2652 inhumanus
2828 2637 2844 2665 ,
2876 2596 2963 2667 qui
2995 2596 3161 2651 Deum
3194 2605 3346 2651 vocet
3371 2595 3471 2650 Pa-

1884 2698 2040 2745 trem.

1955 2784 2009 2839 5.
2046 2784 2157 2838 Duo
2185 2783 2344 2854 igitur
2373 2781 2460 2838 hic
2490 2782 2699 2853 qua-rit,
2726 2789 2782 2836 ut
2811 2791 3026 2852 peccata
3054 2790 3233 2836 nostra
3256 2779 3475 2833 damne-

1885 2892 2023 2940 mus,
2049 2888 2099 2931 et
2123 2875 2239 2929 aliis
2264 2876 2639 2940 remittamus;
2672 2883 2726 2928 et
2752 2874 2852 2930 hoc
2881 2881 3102 2943 propter
3129 2872 3277 2939 illud,
3310 2886 3366 2926 ut
3397 2871 3471 2925 fa-

1883 2968 2037 3024 cilius
2076 2967 2203 3022 itlud
2229 2967 2298 3021 sit
2333 2966 2479 3037 (nam
2507 2966 2597 3036 qui
2626 2966 2820 3035 cogitat
2854 2975 3067 3035 peccata
3109 2979 3204 3018 sua
3230 3004 3244 3028 ,
3286 2962 3479 3017 indul-

1881 3060 2090 3130 gentior
2123 3059 2224 3113 erit
2251 3056 2552 3127 conservo)
2576 3073 2590 3123 ;
2622 3071 2794 3126 neque
2832 3055 3006 3111 solum
3037 3068 3132 3109 ore
3156 3097 3169 3120 ,
3193 3054 3285 3108 sed
3313 3051 3476 3109 corde

1883 3151 2257 3208 dimittendum
2285 3158 2387 3214 est,
2418 3164 2487 3205 ne
2514 3158 2699 3205 contra
2723 3163 2820 3203 nos
2843 3147 3076 3219 gladium
3106 3147 3378 3217 alligamus
3404 3147 3474 3199 ob

1883 3244 2197 3315 injuriarum
2243 3241 2580 3297 memoriam.
2622 3239 2759 3308 Quid
2798 3241 2939 3295 enim
2974 3239 3065 3293 tibi
3102 3247 3307 3291 tantum
3346 3239 3472 3291 mali

1883 3337 2061 3393 intulit
2083 3336 2173 3408 qui
2214 3334 2435 3391 oll'cndit
2457 3335 2474 3366 ί
2497 3376 2513 3401 ,
2553 3341 2808 3404 quantum
2836 3330 2930 3385 tibi
2961 3330 3123 3385 infers
3147 3372 3161 3394 ,
3191 3345 3310 3384 cum
3336 3330 3471 3384 iram

1881 3430 2060 3484 animo
2103 3443 2282 3483 versas
2304 3467 2320 3494 ,
2348 3434 2402 3482 et
2440 3424 2758 3481 sententiain
2802 3424 2892 3479 Dei
2926 3431 2977 3479 te
3003 3422 3345 3477 damnantem
3376 3421 3468 3476 tibi

1879 3521 2109 3577 attrabis
2130 3521 2153 3573 ἱ)
2178 3519 2311 3575 Nam
2340 3517 2386 3573 si
2414 3526 2470 3572 tu
2493 3516 2677 3587 vigiles
2704 3525 2756 3571 et
2778 3513 3166 3585 philosopheris
3184 3554 3199 3579 ,
3232 3513 3283 3568 in
3311 3520 3473 3581 caput

1880 3616 2021 3670 illius
2051 3613 2246 3667 malum
2279 3617 2574 3682 torquetur,
2602 3618 2656 3664 et
2681 3608 2725 3663 is
2752 3608 2864 3678 ipse
2889 3610 2992 3662 erit
3019 3608 3107 3677 qui
3134 3604 3274 3661 male
3300 3605 3469 3675 patie-

1881 3714 2002 3762 tur:
2051 3704 2134 3757 sin
2174 3712 2229 3758 tu
2278 3714 2592 3772 perseveres
2639 3698 2864 3754 moleste
2891 3706 2945 3752 et
2971 3697 3205 3769 graviter
3248 3695 3464 3761 ferens,

1878 3798 2027 3854 solus
2054 3796 2305 3851 damnum
2337 3792 2541 3849 referes
2558 3831 2576 3857 ,
2611 3807 2715 3846 non
2742 3791 2810 3845 ab
2836 3791 2929 3846 illo
2952 3833 2967 3857 ,
2996 3789 3090 3845 sed
3117 3805 3146 3843 a
3177 3788 3367 3859 teipse.
3392 3788 3471 3846 Ne

1879 3886 2078 3941 dixeris
2109 3900 2259 3955 ergo,
2289 3883 2371 3938 Me
2396 3882 2718 3938 contumelia
2746 3879 2919 3935 all‘ecit
2937 3921 2952 3945 ,
2984 3879 3337 3936 calumniatus
3363 3888 3466 3943 est,

1879 3978 2159 4032 innumera
2203 3975 2381 4029 intulit
2420 3973 2597 4028 mala:
2634 3981 2836 4043 quanto
2865 3971 3009 4026 enim
3049 3970 3199 4042 plura
3225 3969 3423 4025 dixeris
3447 4010 3466 4037 ,

1881 4080 2029 4126 tanto
2073 4067 2242 4141 magis
2274 4068 2571 4125 beneficum
2614 4065 2763 4121 illum
2813 4063 3073 4120 ostendis.
3118 4063 3466 4120 Occasionem

1878 4165 2074 4235 quippe
2104 4161 2195 4217 tibi
2225 4160 2371 4217 dedit
2397 4168 2614 4230 peccata
2662 4157 3005 4229 deponendi;
3051 4159 3120 4211 ita
3165 4164 3223 4212 ut
3266 4163 3469 4227 quanto

1880 4255 2049 4325 magis
2077 4262 2128 4309 te
2155 4251 2355 4308 laeserit
2378 4293 2393 4315 ,
2424 4258 2571 4306 tanto
2597 4249 2855 4321 majorem
2886 4256 3227 4320 peccatorum
3258 4248 3351 4303 tibi
3385 4263 3469 4303 re-

1878 4348 2188 4403 missionem
2233 4344 2560 4404 conciliabit.
2598 4343 2730 4399 Nam
2773 4343 2817 4399 si
2862 4342 3122 4408 velimus,
3170 4357 3329 4398 nemo
3370 4356 3468 4397 nos

1880 4441 2077 4497 lardere
2117 4440 2311 4511 poterit
2339 4438 2419 4511 (a)
2451 4456 2464 4493 :
2493 4437 2587 4494 sed
2612 4446 2666 4494 et
2704 4437 2803 4508 ipsi
2829 4437 3025 4493 inimici
3059 4436 3208 4491 nobis
3232 4435 3468 4491 maxime

1879 4545 2120 4604 prosunt.
2153 4531 2358 4602 Ecquid
2389 4530 2459 4587 de
2502 4530 2809 4587 hominibus
2835 4529 3069 4600 loquor?
3108 4529 3229 4599 Ipso
3254 4527 3467 4583 diabolo

1877 4628 2004 4700 quid
2044 4627 2353 4683 sceleratius
2380 4625 2505 4681 est?
2542 4628 2789 4680 Atlanteo
2816 4625 2885 4680 ab
2919 4623 3014 4679 illo
3051 4636 3295 4693 magnam
3330 4621 3466 4677 bene

1877 4720 2070 4792 agendi
2097 4720 2434 4775 occasionem
2465 4726 2804 4782 mutuamur,
2830 4723 2890 4771 ut
2917 4714 3017 4771 Job
3037 4715 3364 4784 comprobat.
3408 4713 3464 4769 Si

1877 4827 2040 4883 porro
2075 4811 2320 4866 diabolus
2348 4809 2560 4865 occasio
2586 4819 2669 4864 est
2705 4823 3046 4874 coronarum,
3075 4821 3172 4862 cur
3193 4807 3465 4862 inimicum

1878 4904 2076 4961 times?
2104 4903 2240 4959 Vide
2272 4911 2470 4974 quanta
2500 4900 2757 4967 lucreris,
2790 4899 2918 4954 dum
2960 4899 3296 4955 inimicorum
3346 4915 3464 4952 mo-

1878 4998 2059 5055 lestias
2086 4995 2196 5053 fers
2234 4998 2515 5067 patienter.
2545 4994 2723 5050 Primo
2753 4992 2966 5064 quidem
2992 5032 3009 5059 ,
3039 4991 3093 5068 id
3118 4991 3258 5062 quod
3288 4994 3464 5048 maxi-

1878 5106 2023 5146 mum
2052 5096 2135 5146 est
2156 5128 2172 5154 ,
2212 5097 2549 5158 peccatorum
2576 5085 2984 5151 remissionem;
3012 5084 3248 5141 secundo
3288 5101 3472 5155 perse-

1878 5181 2171 5237 vcrantiam
2200 5191 2254 5235 et
2300 5178 2608 5250 patientiam
2634 5218 2648 5240 ,
2699 5178 2860 5232 tertio
2878 5219 2893 5242 ,
2924 5178 3386 5233 mansuetudinem
3415 5189 3469 5234 et

1879 5274 2280 5345 benignitatem.
2309 5271 2409 5339 Qui
2434 5269 2576 5326 enim
2603 5269 2774 5326 nescit
2798 5269 2954 5325 irasci
2980 5268 3235 5324 adversus
3265 5284 3357 5324 eos
3376 5270 3469 5340 qui

1880 5382 1942 5423 se
1986 5363 2304 5431 offundunt,
2349 5362 2520 5417 multo
2546 5361 2715 5432 magis
2757 5375 2883 5432 erga
2921 5359 3124 5415 amicos
3166 5361 3309 5415 mitis
3347 5362 3466 5413 erit.

1880 5462 2112 5529 Quarto,
2141 5455 2284 5525 quod
2306 5468 2521 5526 semper
2547 5456 2624 5508 ira
2656 5452 2805 5507 vacui
2835 5452 3025 5521 simus,
3054 5451 3139 5507 cui
3171 5452 3310 5506 bono
3339 5449 3469 5504 nihil

1900 5594 1907 5601 ε
1946 5568 2157 5645 IHSavil,
2183 5566 2308 5630 Quid
2330 5565 2461 5618 enim
2481 5567 2684 5631 oﬂ‘ensor
2715 5563 2804 5616 tibi
2831 5569 3016 5617 tantum
3039 5563 3155 5616 ntali
3178 5561 3361 5627 btrerre
3382 5574 3467 5625 ρο-

1879 5638 2021 5763 nite?)
2052 5690 2278 5763 δοιθιιιειε
2300 5690 2482 5763 die.th
2527 5689 2870 5763 ειιηγξρείεωίν
2918 5697 3064 5763 Ne!!!"
3106 5684 3468 5763 ιωέίίωξηξδὲλι

2078 5762 2176 5814 Qua
2198 5754 2264 5806 de
2284 5765 2344 5805 re
2369 5754 2545 5805 l.brum
2561 5750 2733 5805 edidit.
2752 5750 2970 5815 V.supra
2993 5757 3141 5799 ‘l‘omo
3161 5750 3208 5809 3,
3236 5750 3328 5800 col.
3362 5750 3467 5799 £59-
