4034 6418
612 359 716 416 595

617 500 712 553 par
740 497 857 536 esse
891 483 1072 551 possit.
1109 479 1237 533 Nam
1287 479 1375 547 qui
1411 490 1696 546 numquam
1738 473 2020 534 irascitur,
2057 470 2202 524 nullo

617 591 850 631 maerore
881 575 1155 643 premitur,
1189 581 1246 627 ut
1279 571 1532 641 liquidum
1559 579 1659 632 est,
1691 582 1866 636 neque
1897 568 2054 618 vitam
2083 573 2203 634 aget

615 669 666 722 in
707 668 852 720 vanis
899 666 1168 719 laboribus
1221 664 1646 731 doloribusque:
1699 659 1788 729 qui
1830 659 1972 712 enim
2024 657 2203 711 odisse

615 759 804 821 nescit,
831 772 928 811 nec
956 757 1142 810 dolore
1165 755 1412 818 afﬁcitur,
1434 753 1525 807 sed
1550 751 1754 807 deliciis
1780 750 2030 819 milleque
2049 748 2202 803 bonis

614 851 817 903 l'roitur.
848 849 1026 917 Itaque
1050 862 1148 902 nos
1165 847 1309 914 ipsos
1329 845 1589 914 supplicio
1616 841 1898 903 allicimus,
1920 839 2044 893 dum
2068 839 2203 892 alios

613 943 736 997 odio
768 942 1062 1007 habemus;
1090 940 1227 996 sicut
1255 947 1310 994 et
1349 938 1504 993 nobis
1535 935 1790 990 benelicia
1832 931 2158 988 conferimus
2183 972 2196 996 ,

612 1035 735 1088 dum
781 1033 1072 1103 diligimus.
1121 1031 1200 1086 Ad
1246 1031 1400 1095 inec,
1444 1026 1760 1082 venerabilis
1803 1025 1930 1095 ipsis
1974 1022 2202 1076 inimicis

611 1127 716 1182 eris
741 1168 754 1190 ,
789 1125 999 1180 etiamsi
1026 1124 1299 1178 daemones
1326 1129 1508 1176 essent
1533 1137 1546 1186 ;
1577 1119 1683 1173 imo
1705 1118 1880 1188 potius
1899 1157 1914 1181 ,
1948 1116 1991 1169 si
2029 1114 2100 1168 ita
2128 1113 2202 1167 sis

610 1221 830 1276 allectus
855 1262 869 1286 ,
904 1233 1062 1273 nemo
1093 1217 1188 1271 tibi
1229 1215 1477 1271 inimicus
1507 1214 1607 1268 erit
1636 1230 1650 1268 :
1701 1210 1837 1282 quod
1879 1217 2055 1263 autem
2077 1222 2198 1262 om-

612 1315 758 1368 nium
803 1311 1093 1366 maximum
1125 1311 1462 1380 primumque
1491 1317 1573 1362 est
1596 1349 1608 1370 ,
1640 1305 1737 1361 Dei
1778 1301 2200 1358 misericordiam

615 1408 705 1460 tibi
738 1404 960 1460 attrahis
983 1421 997 1458 :
1027 1411 1186 1474 atque
1214 1401 1419 1457 etiamsi
1454 1397 1776 1470 peccaveris,
1802 1395 2009 1451 veniam
2037 1395 2204 1463 impe-

614 1499 818 1560 trabis;
868 1497 912 1550 si
954 1497 1088 1550 bene
1120 1495 1293 1564 egeris
1337 1491 1596 1563 majorem
1642 1503 1884 1544 assumes
1932 1484 2198 1539 ﬁduciam.

614 1589 744 1644 Illud
768 1606 895 1659 ergo
925 1602 1290 1656 assequamur,
1321 1585 1586 1639 nemiuem
1620 1581 1742 1637 odio
1774 1579 1990 1644 habere,
2023 1585 2080 1632 ut
2105 1592 2202 1632 nos

616 1684 754 1738 Deus
780 1691 959 1736 amet:
991 1689 1047 1735 ut
1069 1679 1276 1734 etiamsi
1297 1679 1481 1733 decem
1508 1676 1730 1730 millium
1765 1673 2085 1728 talentorum
2116 1670 2202 1724 de-

615 1777 814 1830 bitorcs
853 1776 1048 1839 simus,
1080 1773 1245 1827 nostri
1278 1772 1615 1826 misereatur.
1643 1767 1746 1823 Sed
1775 1767 1932 1820 lzcsus
1959 1763 2103 1818 fuisti
2135 1763 2201 1818 ab

613 1869 752 1924 illo?
779 1869 1028 1923 Miserere
1060 1867 1208 1921 illum
1236 1907 1250 1930 ,
1295 1879 1394 1919 nec
1437 1863 1562 1918 odio
1593 1862 1788 1915 habeas
1814 1877 1828 1925 ;
1859 1861 1980 1929 iuge
2011 1857 2156 1912 illum
2183 1897 2197 1920 ,

614 1977 712 2015 nec
743 1960 1024 2014 averseris.
1059 1959 1172 2013 Non
1201 1958 1342 2012 enim
1367 1964 1420 2010 tu
1448 1954 1713 2009 oll'endisti
1747 1953 1935 2018 Deum,
1961 1950 2054 2006 sed
2077 1949 2197 2014 ille;

614 2062 668 2104 tu
716 2066 842 2106 vero
883 2050 1046 2119 probe
1097 2065 1206 2104 rem
1247 2047 1496 2119 gessisti,
1539 2047 1583 2100 si
1617 2045 1878 2116 patienter
1909 2043 2112 2098 tuleris.
2144 2041 2199 2096 In

611 2152 842 2197 mentem
875 2156 1086 2206 revoca,
1117 2141 1387 2195 Christum
1407 2180 1421 2206 ,
1452 2154 1573 2194 cum
1600 2147 1743 2194 esset
1770 2135 2159 2207 cruciﬁgendus
2183 2176 2200 2198 ,

613 2252 708 2305 pro
736 2235 913 2304 seipso
945 2232 1186 2304 gavisum
1212 2275 1227 2300 ,
1259 2243 1311 2288 et
1338 2248 1435 2303 pro
1466 2232 1900 2302 cruciligentibus
1942 2230 2203 2300 lacryma-

610 2337 718 2383 tum
747 2327 930 2383 fuisse.
970 2326 1058 2383 Sic
1088 2340 1186 2381 nos
1233 2333 1444 2395 oportet
1489 2339 1608 2380 esse
1634 2323 1889 2379 allectos:
1931 2330 1984 2376 et
2004 2331 2202 2392 quanto

610 2423 782 2492 magis
826 2421 1106 2487 laedimur,
1147 2426 1297 2473 tanto
1333 2417 1499 2488 magis
1526 2417 1783 2472 debemus
1808 2431 1906 2471 nos
1947 2415 2200 2470 lwdentes

610 2515 831 2569 delle-re.
863 2512 1025 2567 Nobis
1065 2513 1208 2566 enim
1241 2509 1405 2564 multa
1437 2509 1561 2563 inde
1603 2509 1740 2564 bona
1772 2506 2068 2570 accedunt;
2098 2507 2202 2560 illis

612 2623 740 2661 vero
771 2614 977 2660 contra.
1026 2603 1132 2658 Sed
1162 2618 1342 2658 coram
1371 2601 1620 2656 omnibus
1650 2599 1989 2656 contumeliis
2025 2598 2204 2654 all'ecit

616 2709 673 2754 et
698 2697 1036 2753 verberavit?
1057 2696 1198 2765 Ergo
1219 2711 1398 2749 coram
1419 2693 1668 2749 onmibus
1693 2708 1812 2748 sese
1835 2691 2134 2761 deturpavit
2150 2700 2204 2745 et

613 2788 982 2844 dehonestavit
1006 2830 1020 2853 ,
1054 2798 1106 2842 et
1135 2787 1279 2841 mille
1311 2795 1679 2840 accusatorum
1709 2800 1799 2839 ora
1822 2785 2059 2853 aperuit,
2089 2784 2204 2854 plu-

615 2897 806 2952 resque
828 2879 920 2935 tibi
949 2879 1123 2933 texuit
1143 2892 1369 2932 coronas
1396 2919 1410 2941 ,
1439 2877 1635 2932 multos
1659 2876 1928 2945 patientia:
1951 2886 2053 2930 tua:
2075 2891 2204 2946 prte-

612 2989 777 3029 eones
802 2972 1035 3042 collegit.
1063 2971 1168 3026 Sed
1195 2969 1335 3039 apud
1365 2969 1498 3024 alios
1520 2983 1605 3023 me
1632 2966 1986 3022 calumniatus
2011 2976 2114 3023 est.
2139 2968 2203 3022 Et

612 3068 737 3138 quid
763 3067 864 3122 hoc
886 3108 899 3129 ,
929 3082 1048 3121 eum
1083 3066 1225 3120 Deus
1255 3065 1323 3119 sit
1357 3063 1425 3118 de
1454 3062 1537 3117 his
1567 3062 1800 3117 rationes
1828 3061 2158 3132 expetiturus
2182 3105 2197 3129 ,

614 3177 719 3214 non
747 3167 923 3212 autem
966 3157 1040 3212 illi
1067 3157 1153 3228 qui
1181 3155 1508 3211 audierunt?
1546 3154 1657 3210 Sibi
1689 3169 1919 3224 namque
1947 3153 2044 3224 ipsi
2071 3170 2201 3224 sup-

612 3252 752 3322 plicii
791 3265 1004 3305 causam
1030 3249 1268 3315 curavit,
1294 3257 1350 3302 ut
1379 3263 1483 3302 non
1515 3246 1676 3302 modo
1703 3246 1770 3301 de
1810 3246 1920 3300 suis
1950 3245 2158 3300 delictis
2182 3287 2196 3312 ,

1327 353 1382 407 S.
1428 351 1707 408 ιολκκιε»
1741 349 2212 406 ΟΙΙΙῖΥΞΟΞΤΟΜῖ
2253 349 2570 409 ARCIIIEP.
2613 355 3151 414 CONSTANTl-NOP.
3762 371 3850 428 εδδ

2313 471 2406 525 sed
2435 473 2500 526 de
2529 473 2590 527 iis
2621 475 2779 529 etiam
2803 518 2815 538 ,
2846 492 2965 545 qua:
3008 486 3190 531 contra
3221 491 3279 531 se
3307 476 3547 546 loquutus
3575 491 3648 535 est
3672 525 3684 547 ,
3709 491 3838 542 ratio.

2309 581 2431 620 nem
2456 567 2522 621 sit
2546 569 2866 622 redditurus.
2901 570 2975 624 ’l'e
3000 570 3088 624 ille
3118 571 3257 642 apud
3281 571 3518 627 homines
3540 575 3852 637 calumniatus

2307 667 2389 716 est
2409 702 2422 726 ,
2452 661 2564 728 ipse
2588 677 2716 716 vero
2741 662 2879 731 apud
2914 663 3078 716 Deum
3107 672 3188 718 est
3214 674 3508 718 accusatus.
3547 665 3597 721 Si
3625 683 3741 723 vero
3757 669 3852 725 lucc

2309 750 2401 804 tibi
2435 767 2538 804 non
2561 751 2668 806 sint
2699 755 2849 817 satis,
2879 754 3052 823 cogita
3084 755 3363 810 Dominum
3395 772 3604 827 quoque
3623 766 3756 814 tuum
3775 777 3842 816 ca-

2308 843 2520 898 lumniis
2546 844 2841 914 impetitum
2866 845 3051 912 fuisse,
3076 857 3127 901 et
3149 863 3179 901 a
3203 857 3385 902 satana
3406 856 3459 902 et
3478 849 3542 901 ab
3559 849 3848 921 hominibus,

2306 944 2466 1004 atque
2493 935 2630 1005 apud
2654 950 2747 990 eos
2777 952 2910 1006 quos
2941 938 3170 992 maxime
3193 938 3442 1009 diligebat
3466 957 3479 1001 ;
3513 941 3645 996 illius
3673 959 3848 1014 quoque

2307 1026 2619 1096 Unigenitus
2666 1028 2930 1084 similiter.
2973 1029 3096 1085 Ideo
3145 1031 3389 1086 dicebat:
3427 1032 3485 1086 Si
3519 1043 3699 1104 patrem
3727 1039 3852 1106 fanti-

2307 1119 2401 1174 lias
2424 1119 2697 1174 Beelzebub
2727 1131 3049 1189 vocaverunt,
3089 1124 3244 1176 multo
3277 1123 3434 1196 magis
3463 1124 3740 1180 domesticos
3762 1129 3855 1198 ejus

2308 1211 2519 1283 (Matth.
2549 1213 2632 1270 l0.
2656 1213 2771 1285 ‘25).
2803 1214 2986 1282 Neque
3031 1216 3200 1270 solum
3239 1217 3585 1273 calumniatus
3626 1220 3759 1274 illum
3786 1233 3854 1277 est

2306 1305 2568 1376 malignus
2620 1305 2862 1374 dzemon,
2892 1305 2986 1360 sed
3035 1307 3166 1362 ﬁdes
3203 1307 3279 1362 illi
3319 1308 3550 1364 adhibita
3590 1319 3700 1366 est:
3727 1313 3853 1368 calu-

2305 1398 2644 1467 mniatusque
2667 1407 2768 1462 est,
2790 1413 2895 1452 non
2919 1398 2982 1452 de
3005 1399 3162 1453 rebus
3181 1399 3350 1466 nihili,
3369 1399 3462 1455 sed
3481 1400 3544 1454 de
3562 1403 3749 1472 magnis
3767 1406 3852 1458 cri-

2307 1489 2559 1544 minibus.
2586 1489 2716 1544 Nam
2754 1499 2808 1545 et
2847 1489 3231 1546 daemoniacum
3275 1492 3422 1547 illum
3451 1495 3678 1560 vocavit,
3707 1506 3753 1551 et
3779 1496 3854 1553 de-

2305 1591 2579 1650 eeptorem
2613 1592 2667 1636 ct
2689 1582 2798 1636 Deo
2825 1584 3208 1638 adversarium.
3239 1583 3308 1637 At
3332 1593 3602 1655 postquam
3632 1585 3854 1643 bcnelicia

2305 1674 2576 1728 contulisti
2602 1716 2616 1740 ,
2652 1676 2790 1731 male
2823 1692 3010 1745 passus
3032 1677 3134 1732 es?
3164 1675 3394 1746 Ideoque
3421 1678 3643 1734 maxime
3681 1697 3765 1750 pro
3784 1682 3852 1736 in-

2301 1769 2496 1837 juriam
2528 1769 2789 1825 inlerente
2815 1771 2937 1841 luge
2963 1813 2977 1835 ,
3011 1786 3107 1841 pro
3139 1771 3308 1840 teipso
3333 1772 3523 1841 gaude,
3554 1773 3669 1844 quia
3695 1776 3855 1831 similis

2310 1861 2416 1916 Deo
2442 1862 2608 1916 lactus
2635 1878 2692 1918 es
2718 1906 2732 1929 ,
2765 1863 2865 1931 Qui
2889 1863 3045 1918 solem
3075 1881 3221 1918 suum
3251 1863 3375 1916 oriri
3403 1868 3524 1940 facit
3547 1884 3690 1938 super
3720 1869 3856 1922 malos

2307 1967 2352 2008 et
2377 1955 2530 2010 bonos
2560 1956 2773 2025 (Matth.
2799 1959 2852 2012 5.
2883 1959 2997 2028 45).
3032 1959 3183 2028 Quod
3211 1963 3254 2016 si
3287 1963 3452 2018 Deum
3497 1963 3681 2018 imitari
3719 1979 3854 2032 supra

2305 2047 2444 2104 vires
2473 2056 2589 2103 tuas
2615 2064 2733 2104 esse
2758 2049 3031 2106 videatur:
3059 2068 3378 2123 quamquam
3421 2055 3650 2110 studioso
3685 2054 3731 2108 id
3769 2069 3854 2109 non

2306 2139 2524 2195 difﬁcile
2551 2142 2619 2195 sit
2645 2159 2658 2195 :
2683 2150 2914 2196 attamen
2934 2143 2977 2196 si
3006 2143 3054 2196 id
3080 2143 3171 2198 tibi
3196 2144 3474 2200 sublimius
3500 2160 3613 2200 esse
3629 2145 3854 2210 videatur,

2304 2247 2422 2300 age,
2455 2239 2504 2286 te
2530 2230 2595 2285 ad
2623 2247 2912 2287 conservos
2942 2233 3197 2290 ducamus
3222 2255 3234 2291 :
3260 2236 3324 2290 ad
3346 2235 3651 2306 Josepbum,
3681 2237 3761 2308 qui
3788 2237 3856 2291 in-

2307 2340 2524 2379 numera
2570 2341 2794 2395 passus,
2848 2325 3039 2383 fratres
3090 2344 3218 2384 suos
3262 2329 3556 2399 beneﬁciis
3583 2330 3776 2400 adfecit;
3804 2330 3859 2385 ad

2307 2417 2547 2488 Moysen,
2582 2417 2670 2487 qui
2703 2427 2821 2488 post
2852 2418 2998 2475 miile
3024 2419 3268 2487 insidias,
3303 2437 3401 2490 pro
3428 2422 3622 2478 Iudaeis
3645 2431 3860 2491 precatus

2307 2519 2387 2564 est
2413 2525 2426 2568 :
2461 2509 2528 2563 ad
2559 2509 2772 2564 beatum
2798 2511 3042 2578 Paulum,
3071 2512 3158 2582 qui
3190 2529 3308 2583 queo
3333 2529 3521 2583 passus
3541 2514 3719 2570 abillis
3740 2521 3859 2567 esset

2306 2615 2621 2655 enumerare
2650 2616 2754 2654 non
2796 2610 3038 2671 poterat,
3070 2613 3123 2657 et
3153 2611 3329 2658 tamen
3361 2606 3577 2674 optabat
3603 2605 3853 2659 anathema

2306 2707 2425 2747 esse
2452 2708 2546 2761 pro
2574 2693 2676 2746 illis
2705 2693 2876 2762 (Rom.
2904 2695 2957 2750 9.
2983 2695 3134 2765 '5);ad
3163 2695 3494 2768 Stephanum
3525 2700 3611 2769 qui
3632 2697 3859 2768 lapidatus

2305 2794 2402 2846 est.
2431 2794 2482 2840 et
2511 2787 2715 2854 rogavit
2745 2797 2802 2840 ut
2845 2787 2946 2841 hoc
2979 2798 3252 2857 peccatum
3303 2791 3662 2845 remitteretur
3689 2789 3776 2843 eis.
3807 2786 3861 2840 Et

2309 2874 2420 2931 haec
2439 2876 2613 2930 omnia
2641 2878 2900 2946 cogitans,
2934 2879 3064 2932 iram
3085 2895 3298 2934 omnem
3324 2880 3482 2950 cjice,
3505 2889 3560 2934 ut
3582 2881 3710 2934 Deus
3727 2877 3857 2931 nobis

2307 2967 2483 3022 omnia
2517 2977 2729 3037 peccata
2749 2971 3006 3035 remittat,
3035 2971 3202 3040 gratia
3227 2980 3280 3024 et
3298 2971 3656 3027 misericordia
3684 2968 3862 3024 Domini

2307 3060 2475 3114 nostri
2505 3061 2630 3116 Jesu
2657 3060 2852 3116 Christi
2879 3105 2893 3126 ,
2925 3064 3139 3132 quicum
3181 3062 3324 3118 Patri
3354 3071 3412 3118 et
3450 3063 3662 3132 Spiritui
3704 3069 3862 3116 sancto

2305 3155 2493 3225 gloria,
2517 3155 2820 3224 imperium,
2847 3155 3039 3224 honor,
3068 3171 3208 3211 nunc
3227 3165 3281 3212 et
3304 3171 3542 3228 semper,
3556 3164 3608 3211 et
3630 3155 3677 3211 in
3697 3151 3862 3209 sucula

2308 3247 2648 3302 saeculorum.
2680 3249 2872 3301 Amen.

1810 3455 2155 3516 HOMILIA
2200 3454 2396 3515 LXII.
2443 3455 2528 3515 al.
2567 3455 2793 3516 LXIII.

611 3589 734 3642 Car.
775 3587 858 3642 l9.
889 3603 942 3641 ν.
976 3587 1026 3640 l.
1057 3586 1120 3639 Et
1147 3589 1334 3656 factum
1364 3593 1433 3638 est
1457 3624 1472 3649 ,
1504 3599 1616 3636 cum
1663 3589 2054 3634 consummasset
2107 3579 2203 3633 Je-

681 3695 766 3730 διεδ
794 3679 886 3732 hos
911 3693 1184 3741 semioncs,
1215 3675 1443 3746 migravit
1469 3691 1499 3726 a
1527 3671 1763 3738 Galilwa,
1789 3681 1834 3726 et
1855 3671 1984 3724 venit
2005 3671 2056 3724 in
2077 3671 2203 3739 ﬁnes

679 3771 877 3825 Jndtca:
903 3781 1044 3823 trans
1070 3767 1370 3823 Iordanem.

682 3868 732 3918 -l.
780 3863 911 3919 Cum
952 3861 1022 3916 ob
1061 3862 1269 3917 illorum
1312 3859 1562 3915 invidiam
1610 3857 1919 3925 frequenter
1961 3853 2203 3910 Judtcam

609 3957 928 4026 reliquisset,
955 3970 1094 4010 nunc
1119 3953 1330 4009 tandem
1359 3953 1410 4007 in
1439 3968 1500 4008 ea
1528 3952 1862 4015 immoratur,
1886 3948 2008 4020 quia
2038 3962 2205 4017 prope

609 4059 723 4102 erat
747 4047 1006 4116 passionis
1030 4055 1238 4115 tempus
1263 4060 1392 4100 :nec
1416 4053 1591 4098 tamen
1615 4042 2001 4112 Jerosolymam
2025 4055 2204 4094 ascen-

609 4139 708 4208 dit,
741 4139 832 4194 sed
867 4139 917 4194 in
949 4139 1141 4193 ﬁnibus
1175 4137 1373 4192 Judma:
1409 4146 1670 4192 versatur.
1712 4135 1777 4189 Et
1817 4135 2116 4189 venientem
2144 4131 2200 4186 2.

614 4231 856 4302 Srquutw
879 4239 995 4284 sunt
1021 4246 1134 4283 eum
1162 4229 1320 4284 turba:
1346 4229 1518 4283 multa:
1537 4270 1552 4294 ,
1585 4239 1630 4281 et
1661 4229 1854 4281 curavit
1879 4243 1983 4282 eos.
2019 4226 2205 4294 Neque

610 4323 868 4377 doctrina:
899 4320 1202 4385 tradendae,
1236 4335 1409 4391 neque
1438 4319 1604 4390 signis
1629 4317 1848 4374 edendis
1874 4333 2088 4387 semper
2118 4318 2202 4371 in-

609 4415 849 4479 cumbit;
878 4413 970 4470 sed
1003 4413 1162 4468 modo
1192 4413 1312 4479 hoc,
1347 4412 1506 4467 modo
1535 4412 1660 4466 illud
1687 4411 1813 4480 agit,
1844 4419 1902 4465 ut
1937 4411 2090 4465 saluti
2119 4425 2205 4465 se.

607 4507 885 4578 qnentinm
915 4515 970 4561 et
999 4506 1312 4561 merentium
1352 4504 1450 4559 sibi
1482 4503 1625 4558 varie
1655 4502 1980 4574 provideret,
2005 4517 2110 4573 quo
2139 4518 2206 4558 ex

608 4601 776 4671 signis
808 4600 912 4654 ﬁde
950 4599 1142 4670 dignus
1183 4599 1437 4670 magister
1467 4597 1518 4652 in
1551 4597 1614 4652 iis
1644 4612 1762 4668 qua:
1801 4596 2014 4652 dicebat
2053 4611 2204 4650 com-

610 4693 948 4762 probaretur,
981 4707 1044 4745 ex
1073 4690 1314 4746 doctrina
1347 4703 1474 4744 vero
1503 4687 1778 4758 signorum
1808 4687 2014 4742 lucrum
2046 4702 2206 4757 auge-

609 4797 712 4840 ret.
745 4784 857 4839 lloc
885 4793 1063 4839 autem
1092 4792 1208 4838 erat
1245 4783 1364 4837 illos
1403 4779 1467 4836 ad
1513 4779 1604 4835 Dei
1634 4779 1993 4848 cognitionem
2033 4777 2206 4833 addu-

607 4891 752 4930 cere.
789 4875 865 4930 'I'u
903 4891 1031 4930 vero
1071 4875 1196 4928 mihi
1234 4874 1395 4930 etiam
1436 4871 1560 4926 illud
1603 4871 1908 4942 perpende,
1939 4869 2207 4940 quomodo

612 4968 797 5038 plebes
846 4967 1079 5037 integras
1123 4983 1228 5021 uno
1273 4965 1435 5020 verbo
1482 4972 1895 5035 prmtercurrant
1927 4962 2202 5033 discipuli,

610 5075 716 5112 non
743 5059 1057 5114 nominatim
1079 5058 1315 5124 singulos
1334 5057 1424 5128 qui
1455 5056 1623 5110 sanati
1655 5055 1864 5109 fuerant
1894 5052 2206 5109 referentes.

611 5148 728 5204 Non
761 5150 1010 5205 dicebant
1035 5149 1200 5215 enim,
1234 5151 1329 5205 Hic
1369 5159 1421 5203 et
1463 5148 1571 5211 hic,
1604 5147 1720 5214 sed,
1755 5146 1923 5211 Multi,
1955 5145 2209 5201 ducentes

613 5254 667 5296 ut
701 5259 730 5296 a
765 5243 904 5298 l‘astu
931 5258 1231 5298 caveamus.
1265 5243 1498 5298 Sanahat
1523 5251 1700 5296 autem
1732 5240 1979 5296 Christus
2010 5249 2066 5293 ut
2107 5239 2211 5294 illis

615 5334 982 5397 benefaceret,
1013 5349 1076 5387 ac
1108 5349 1201 5402 per
1241 5333 1360 5386 illos
1405 5332 1524 5386 aliis
1566 5331 1768 5386 multis.
1799 5330 1931 5384 Nam
1959 5332 2086 5384 dum
2120 5329 2153 5382 ii
2179 5345 2210 5384 a

616 5425 818 5480 morbis
845 5432 1196 5485 curarentur,
1228 5423 1346 5476 aliis
1378 5423 1493 5478 hinc
1532 5422 1741 5478 occasio
1769 5432 1886 5476 erat
1909 5464 1923 5488 ,
1955 5431 2014 5476 ut
2045 5422 2211 5477 Deum

614 5526 1039 5588 cognoscerent;
1070 5517 1164 5572 sed
1195 5531 1300 5571 non
1328 5516 1651 5582 Phariswis;
1686 5517 1793 5570 imo
1821 5517 1892 5569 illi
1931 5525 2212 5587 prepterea

618 5613 785 5680 magis
811 5611 1126 5674 cll'erantur,
1158 5619 1208 5664 et
1235 5608 1494 5664 accedunt
1522 5608 1585 5662 ad
1613 5623 1732 5663 eum
1764 5608 2002 5663 tentandi
2027 5623 2210 5662 musa.

621 5703 753 5766 Quia
798 5703 938 5757 enim
985 5717 1104 5773 quae
1150 5701 1284 5756 iacta
1327 5699 1535 5756 fuerant
1568 5714 1759 5769 capere
1792 5716 1895 5753 non
1927 5708 2210 5769 poterant,

625 5791 950 5855 problemata
984 5793 1082 5863 ipsi
1126 5802 1450 5863 proponunt.
1483 5791 1612 5846 Nam
1643 5790 1958 5846 accedentes
1993 5792 2057 5846 ad
2094 5806 2215 5847 cum

2311 3587 2366 3634 et
2397 3587 2660 3634 tentantes
2685 3577 2931 3634 dicebant
2955 3597 2967 3633 :
2991 3580 3043 3635 3.
3070 3580 3130 3636 Si
3155 3581 3267 3636 licet
3293 3582 3488 3638 homini
3511 3597 3800 3654 quacumque
3817 3597 3867 3634 ea

2309 3687 2463 3725 causa
2509 3687 2716 3726 uxorem
2763 3671 3032 3726 dimittere.
3083 3672 3128 3728 Ο
3176 3673 3497 3729 stultitiam!
3543 3675 3785 3729 Putabant
3819 3687 3866 3725 se

2308 3777 2466 3832 posse
2495 3763 2879 3833 qumstionibus
2909 3763 3018 3818 suis
3049 3763 3144 3833 ipsi
3176 3779 3236 3819 os
3261 3765 3535 3832 claudere,
3558 3763 3752 3822 etiamsi
3774 3763 3865 3834 jam

2309 3856 2678 3926 experimento
2707 3857 3019 3912 didicissent
3045 3864 3301 3927 quantum
3341 3857 3393 3913 in
3439 3859 3520 3914 bis
3560 3859 3710 3914 rebus
3747 3856 3869 3910 vale-

2309 3956 2410 4002 ret.
2429 3947 2560 4001 Cum
2579 3947 2777 4002 scilicet
2798 3947 2864 4002 de
2881 3947 3102 4002 sabbato
3121 3948 3280 4004 multa
3298 3948 3661 4005 disseruerunt
3680 3946 3866 4020 (Matth.

2310 4039 2449 4106 42);
2479 4055 2598 4095 cum
2640 4039 2924 4105 dixerunt,
2956 4039 3284 4112 Blasphemat
3321 4041 3549 4111 (Matth.
3582 4042 3633 4097 9.
3673 4042 3738 4109 3)
3762 4081 3774 4104 ,
3800 4039 3868 4092 vel

2308 4132 2524 4202 quando
2551 4131 2836 4196 dicebant,
2882 4131 3200 4187 Dwmouium
3249 4134 3394 4188 habet
3426 4134 3614 4205 (Joan.
3649 4133 3729 4188 10.
3756 4129 3868 4196 20);

2309 4239 2430 4277 cum
2456 4223 2744 4293 discipulos
2773 4223 3117 4291 increpabant
3139 4224 3278 4294 quod
3313 4241 3409 4294 per
3435 4236 3547 4280 sata
3571 4225 3866 4282 incederent,

2309 4329 2430 4368 cum
2461 4314 2526 4368 de
2557 4315 2716 4368 illotis
2742 4316 2988 4370 manibus
3026 4315 3232 4385 loquuti
3271 4329 3396 4371 sunt
3429 4317 3650 4388 (Matth.
3681 4314 3759 4369 19..
3784 4312 3869 4377 2),

2312 4406 2506 4474 ubique
2533 4406 2650 4461 illos
2680 4408 2999 4477 reprimens,
3033 4408 3504 4480 impudentemque
3544 4411 3764 4478 linguam
3792 4405 3870 4458 ob-

2311 4508 2541 4560 struens,
2574 4497 2651 4552 sic
2677 4499 2882 4554 remisit
2913 4515 3004 4554 eos
3033 4499 3222 4571 (Marc.
3258 4502 3308 4556 7.
3338 4502 3417 4569 5).
3455 4504 3692 4557 Attamen
3724 4510 3873 4566 neque

2313 4591 2382 4645 ita
2412 4591 2725 4647 abscedunt.
2752 4592 2893 4647 Talis
2919 4595 3117 4664 quippe
3139 4606 3221 4649 est
3251 4596 3508 4664 nequitia,
3537 4596 3652 4651 talis
3681 4592 3872 4652 invidia,

2312 4685 2592 4754 impudens
2627 4702 2818 4756 nempe
2851 4697 3010 4756 atque
3040 4687 3286 4757 petulans
3311 4705 3324 4743 :
3349 4689 3560 4744 etiamsi
3593 4688 3773 4742 millies
3802 4696 3875 4736 re-

2314 4779 2592 4848 primatur,
2621 4777 2816 4834 millies
2842 4794 3052 4833 rursum
3086 4779 3266 4836 instat.

2386 4868 2769 4925 Pharisaeorum
2806 4874 3014 4928 astutia.
3042 4904 3112 4914 -—
3137 4872 3216 4927 Tu
3259 4887 3386 4928 vero
3428 4873 3556 4928 mihi
3597 4869 3878 4927 consideres

2313 4962 2472 5016 velim
2516 4961 2946 5033 interrogationis
2987 4965 3391 5035 malignitatem.
3426 4965 3540 5020 Non
3573 4965 3707 5020 enim
3747 4961 3878 5014 dixe-

2317 5063 2440 5108 runt
2463 5055 2510 5108 ei
2544 5075 2555 5108 :
2589 5055 2798 5110 .lussisti
2829 5072 3045 5111 uxorem
3075 5073 3180 5113 non
3208 5058 3510 5122 dimittere;
3540 5060 3646 5128 jam
3667 5055 3797 5111 enim
3822 5052 3880 5103 de

2319 5147 2417 5202 hac
2443 5148 2559 5218 lege
2587 5148 2914 5204 disseruerat
2943 5169 2955 5204 :
2982 5159 3214 5208 attamen
3249 5152 3534 5208 verborum
3565 5153 3764 5206 illorum
3786 5159 3880 5200 non

2317 5243 2696 5308 meminerunt,
2731 5243 2822 5297 sed
2855 5243 2976 5298 inde
3006 5244 3229 5314 profecti
3258 5258 3418 5311 sunt;
3448 5261 3629 5300 verum
3662 5249 3881 5311 putantes

2318 5348 2377 5388 se
2406 5333 2634 5402 majores
2662 5334 2880 5389 insidias
2918 5347 3197 5405 paraturos
3226 5352 3348 5392 esse
3367 5382 3380 5400 ,
3410 5353 3531 5391 cum
3562 5336 3752 5390 vellent
3775 5344 3881 5383 eum

2320 5425 2411 5477 illo
2436 5425 2680 5494 redigere
2706 5435 2764 5480 ut
2789 5437 2974 5481 contra
3005 5428 3173 5498 legem
3205 5429 3532 5498 loqueretur,
3568 5446 3668 5480 nou
3699 5427 3880 5480 dicunt,

2320 5516 2426 5569 Cur
2458 5515 2558 5570 hoc
2585 5525 2640 5570 et
2669 5517 2770 5572 hoc
2799 5519 3070 5573 statuisti?
3099 5520 3190 5575 sed
3218 5522 3368 5592 quasi
3411 5521 3541 5575 nihil
3582 5521 3776 5574 dictum
3810 5530 3882 5568 es-

2320 5616 2421 5675 set,
2457 5609 2804 5678 interrogant,
2837 5610 2893 5665 Si
2922 5611 3096 5678 liceat,
3129 5623 3406 5682 Sperantes
3437 5613 3584 5667 illum
3613 5627 3669 5666 se
3695 5610 3789 5666 hoc
3815 5605 3884 5658 tli-

2320 5699 2464 5755 xisse
2494 5714 2598 5755 non
2638 5702 3041 5758 recordaturum
3068 5719 3185 5759 esse
3211 5723 3224 5766 ;
3259 5721 3483 5775 cumque
3512 5703 3676 5774 parati
3699 5704 3882 5759 essent.

2323 5795 2366 5850 si
2411 5794 2651 5862 diceret,
2685 5796 2844 5854 licere
2881 5797 3152 5854 dimittere
3175 5841 3189 5868 ,
3224 5801 3298 5855 illi
3337 5813 3606 5872 Opponere
3638 5810 3750 5866 qum
3785 5792 3886 5860 ίιιεθ
