2017 3208
121 162 167 191 5¹ι7
616 156 647 183 ΙΝ
668 152 871 182 ΜΑΤΤΙΙΑΞΕΜ
895 152 925 179 Ill

979 151 1008 179 L.
1030 152 1109 179 LXII.
1129 153 1164 179 al.
1188 152 1280 180 LXIII.

120 220 223 247 dixerat
233 239 240 249 ,
256 218 298 245 his
313 217 400 243 verbis
415 225 421 242 :
435 214 490 242 Cur
509 213 640 241 contraria
660 210 769 238 dixisti?
783 210 805 237 si
820 209 912 236 eadunt

121 272 210 292 rursus
223 272 284 299 qua:
297 263 370 298 pritts
381 262 492 294 diceret,
504 259 621 294 Moysent
634 258 759 291 olsj'lccre.
771 256 838 290 Quid
851 263 915 290 ergo

121 311 182 338 ille?
202 310 260 337 Non
281 309 346 336 dicit
363 316 369 333 :
384 307 436 334 Cur
455 314 494 333 me
513 305 613 332 tentatis
626 325 632 337 ,
649 303 787 339 hypocrita:
801 302 914 337 (Matt/1.

119 358 163 384 22.
181 355 255 390 18)?
272 355 297 382 id
318 353 388 389 quod
413 358 504 387 postea
524 351 611 378 dixit:
633 349 679 376 scd
700 348 743 375 ltic
765 356 817 374 tton
840 348 913 374 item.

121 403 229 438 Quare?
244 402 279 431 Ut
297 409 358 428 cum
375 399 491 436 polentia
505 405 553 425 sua
566 395 796 424 mansuetudinem
810 401 916 429 qttoque

120 449 284 477 ostenderet.
297 447 388 482 Neque
400 446 470 473 enint
486 451 591 477 semper
606 446 685 475 tacet,
699 450 731 469 tte
744 445 836 476 putent
850 440 874 466 id
888 447 917 466 se

121 497 219 528 latere;
236 502 322 529 neque
337 500 443 527 semper
456 491 600 526 redarguit,
614 494 643 516 ut
658 496 706 516 nos
720 488 815 515 doceat
827 487 916 513 omnia

121 547 260 570 mansuete
274 548 335 568 esse
355 539 473 566 ferenda.
493 536 632 572 Quomodo
647 543 710 570 ergo
732 534 784 562 illis
805 541 916 568 respon-

121 589 187 617 det?
200 589 226 616 4.
244 587 304 615 Non
318 587 428 621 legistis,
444 585 502 620 quia
523 584 566 619 qui
588 583 647 616 fecit
662 582 801 613 hominem,
819 588 918 607 mascu-

122 635 176 662 lum
191 639 214 660 et
229 633 348 669 [emittant
370 632 427 667 fecit
448 630 511 657 eos?
527 629 560 656 Et
582 629 646 656 dixit
660 636 669 654 :
682 628 709 655 5.
727 627 865 662 Propterea
877 634 918 653 te-

122 680 217 714 Iinquet
227 680 301 705 homo
314 683 411 713 patrem
421 685 493 704 suum
504 681 526 703 et
537 680 641 702 matrem
651 682 734 706 suum,
750 678 772 700 et
783 672 919 699 adluerebit

122 729 197 755 uxori
216 735 279 758 suat.
294 731 318 753 et
340 730 411 752 erunt
425 726 476 753 duo
489 725 515 751 in
532 732 606 751 carne
619 731 670 750 una
684 722 759 759 (Gen.
774 722 801 749 2.
818 721 873 757 ‘24).
891 722 918 748 t5.

123 775 216 810 Itaque
225 775 281 809 jam
294 782 344 800 non
354 778 411 800 sunt
424 771 483 802 duo,
494 772 539 798 sed
552 780 602 797 una
613 778 683 797 caro.
697 769 771 803 Quod
782 777 839 804 ergo
851 768 920 795 Deus

122 820 266 856 conjunxit,
291 819 365 845 homo
383 827 432 845 non
452 821 558 852 separet.
573 816 640 843 Vide
659 816 814 850 sapientiam
835 814 918 848 magi-

123 867 183 893 stri.
205 866 384 899 Interrogatus
403 863 488 895 ettint,
507 862 536 889 Si
558 861 625 892 licet.
650 869 702 888 nott
725 860 815 887 statim
838 859 919 891 dicit,

123 911 182 940 Non
197 912 274 943 licet,
292 918 326 938 ne
341 910 578 945 perturbarentur;
594 907 639 934 scd
654 911 794 941 antequattt
811 910 919 932 sentcn-

124 958 188 985 tiam
205 957 321 988 diceret,
337 963 384 990 per
398 959 552 990 apparatum
569 953 642 980 illum
657 953 682 979 id
698 951 798 986 liquido
811 951 919 982 statuit,

123 1002 271 1032 ostendens
285 1001 369 1028 Patris
385 1001 424 1028 sui
439 1007 498 1027 esse
520 1003 681 1034 prtcceptum
692 1018 700 1030 ,
716 1005 764 1024 nec
776 996 858 1032 Moysi
873 996 921 1022 ad-

127 1054 263 1076 versatum
276 1055 305 1074 se
322 1047 371 1073 hoc
387 1045 556 1081 praecepisse.
573 1043 762 1071 Animadverte
780 1046 868 1069 autem
889 1041 922 1068 il-

126 1095 181 1123 lum
199 1102 251 1121 non
265 1102 279 1120 a
294 1093 430 1120 creatione
448 1091 535 1118 solum
555 1090 620 1117 illttd
640 1089 772 1116 affirmare
783 1108 791 1120 ,
807 1087 853 1115 sed
866 1091 893 1114 et
907 1094 921 1113 a

126 1146 260 1176 praecepto
279 1139 347 1173 ejus.
367 1137 424 1165 Nott
444 1137 515 1164 enim
529 1136 612 1168 dixit,
630 1136 715 1169 ipsuut
731 1133 826 1161 fecisse
839 1140 921 1159 unmn

125 1191 229 1214 tantum
243 1185 377 1213 hominem
392 1190 524 1217 unamque
538 1181 674 1208 mulierem
686 1188 694 1212 ;
706 1179 753 1207 sed
764 1179 844 1206 etiam
855 1186 923 1213 prte-

124 1232 248 1266 cepisse,
261 1236 290 1257 ut
304 1237 372 1257 unus
388 1229 433 1256 utti
446 1227 626 1262 copularetur.
642 1225 671 1253 Si
686 1224 813 1251 voluisset
834 1228 921 1250 autent

126 1277 198 1306 hanc
212 1277 319 1309 dimitti,
333 1276 412 1303 aliam
426 1275 497 1307 duci,
513 1281 573 1301 cum
594 1279 675 1300 unum
700 1271 835 1298 hominem
850 1270 921 1302 fecit,

126 1324 225 1352 multas
249 1323 354 1351 fecisset
377 1321 515 1349 mulieres.
539 1319 615 1347 Nunc
635 1322 723 1345 autem
743 1321 770 1344 et
789 1324 822 1344 ex
844 1316 924 1343 modo

125 1371 271 1400 creationis
289 1375 316 1397 et
337 1377 370 1397 ex
391 1368 476 1396 fortna
495 1366 559 1402 legis
579 1365 713 1397 ostendit,
730 1371 810 1391 unum
826 1362 924 1390 debere

125 1426 235 1453 semper
248 1424 310 1443 cum
331 1423 379 1442 una
402 1414 521 1441 habitare
533 1434 540 1445 ,
556 1419 642 1447 neque
657 1417 781 1446 umquam
795 1409 924 1444 separari.

127 1464 160 1491 Et
176 1463 236 1490 vide
249 1460 382 1497 quomodo
396 1460 466 1488 dicat
481 1468 488 1486 :
505 1458 553 1491 Qui
571 1458 628 1492 fecit
643 1465 659 1483 a
674 1455 808 1491 principio,
825 1463 926 1481 mascu-

125 1510 182 1535 lum
198 1513 221 1534 et
234 1507 353 1543 feminam
367 1505 424 1540 fecit
438 1511 497 1534 eos;
513 1503 563 1530 hoc
575 1506 630 1534 est,
643 1509 675 1529 ex
691 1508 741 1527 una
759 1499 848 1527 radice.
863 1499 925 1526 facti

126 1557 208 1586 sunt,
223 1557 250 1580 ct
269 1552 295 1579 itt
311 1559 392 1579 unum
408 1557 504 1586 corpus
525 1552 717 1576 convenerunt.
738 1545 821 1572 Erunt
835 1545 923 1578 enim,

127 1599 232 1634 inquit,
247 1599 297 1625 duo
310 1598 336 1624 in
350 1605 425 1623 carne
444 1604 504 1622 anu.
525 1594 624 1621 Deinde
644 1592 788 1619 ostendens
806 1595 925 1618 tremen-

126 1646 190 1674 dutn
207 1653 268 1673 esse
284 1645 352 1671 Itane
367 1644 450 1678 legem
466 1648 602 1673 accusare,
618 1640 755 1674 ipsamqtte
769 1638 855 1673 legem
871 1641 926 1663 sta-

128 1697 219 1723 tuens,
235 1698 287 1717 non
302 1689 378 1720 dixit.
394 1688 432 1715 Ne
446 1687 603 1722 disjungalis
620 1686 707 1720 igitur,
725 1692 758 1711 tte
773 1682 903 1718 separetis
917 1689 924 1708 :

128 1738 175 1765 Sed
193 1737 278 1772 quid?
293 1736 367 1769 Quod
381 1735 449 1762 Deus
466 1734 607 1769 conjunxit,
623 1733 697 1759 homo
712 1739 762 1758 non
776 1735 881 1766 separet.
897 1729 926 1756 Si

129 1784 250 1820 Moyseut
263 1789 392 1818 opponas,
404 1789 453 1816 ego
465 1781 509 1807 tibi
524 1780 622 1815 Moysis
634 1779 774 1806 Dominum
787 1777 895 1804 afferant
905 1777 925 1809 ί,

129 1831 250 1865 itemque
264 1837 279 1856 a
296 1834 414 1863 tempore
434 1826 555 1854 firmaho.
578 1825 646 1852 Nam
670 1824 741 1851 Deus
761 1831 775 1849 a
798 1822 927 1858 principio

129 1877 280 1904 masculum
293 1880 318 1902 el
334 1875 459 1902 feminam
475 1873 535 1901 fecit
548 1880 595 1900 eos
611 1871 693 1907 (Gen.
709 1871 734 1898 I.
747 1870 780 1897 27
792 1871 800 1904 )
814 1878 819 1896 :
835 1877 866 1897 ac
880 1877 927 1896 ve-

130 1923 278 1951 tustissima
294 1921 335 1949 lex
352 1925 393 1947 est
404 1942 410 1953 ,
428 1920 489 1947 licet
507 1918 627 1945 videatur
642 1924 713 1944 nunc
724 1924 739 1943 a
754 1923 797 1944 me
813 1916 926 1950 primum

131 1967 233 1999 indttci,
246 1972 273 1994 et
285 1966 483 1993 accuratissime
496 1969 593 1991 statuta
608 1963 664 1989 fuit.
678 1962 769 1997 Neque
782 1962 852 1988 enim
865 1962 928 1987 sim-

131 2014 240 2050 pliciter
254 2012 393 2040 mulierem
408 2011 439 2037 :td
457 2011 539 2037 virum
553 2009 673 2041 adduxit,
685 2008 732 2035 sed
746 2007 824 2042 jussit
836 2011 862 2034 et
873 2014 929 2033 ma-

132 2066 202 2088 trem
220 2065 247 2087 et
260 2063 363 2095 patrem
386 2058 545 2092 relinqui-re.
569 2056 661 2090 Neque
676 2055 708 2082 ad
724 2055 863 2082 mulierem
879 2060 930 2080 ac-

131 2107 233 2134 cedere
247 2110 349 2133 tantum
362 2104 457 2139 jussit,
471 2103 516 2130 sed
532 2107 558 2130 et
579 2102 616 2129 illi
633 2101 770 2128 adhaerere
781 2120 789 2133 ,
804 2107 837 2127 ex
851 2098 931 2126 modo

132 2153 241 2181 dicendi
254 2151 370 2186 disjungi
392 2158 445 2178 non
465 2157 543 2185 posse
559 2148 708 2175 declarans.
723 2146 814 2181 Neque
828 2145 853 2173 id
867 2145 931 2172 satis

133 2199 245 2230 habuit,
260 2197 308 2225 sed
323 2202 349 2224 et
363 2196 442 2223 aliam
462 2196 589 2229 majorem
603 2192 821 2226 conjunctionem
836 2190 931 2225 exqui-

133 2246 197 2272 sivit
211 2254 218 2272 :
233 2244 314 2271 Erunt
327 2243 377 2269 duo
391 2243 418 2269 in
429 2250 504 2268 carne
518 2250 576 2270 tum.
593 2240 686 2275 inquit.

169 2291 197 2318 Ξ.
219 2289 319 2317 Deinde
341 2289 426 2323 prisca
448 2288 556 2315 recitata
578 2287 634 2320 lege
646 2306 653 2317 ,
669 2293 728 2320 qum
745 2289 771 2311 et
790 2283 890 2311 rebus'
907 2286 935 2310 et

135 2337 227 2365 verbis
246 2336 351 2363 inducta
369 2334 436 2366 fuit,
452 2338 594 2369 postquam
613 2331 685 2358 illam
709 2330 761 2357 fide
779 2329 886 2365 dignam
901 2336 933 2355 ex

135 2383 305 2418 Legislatm-e
319 2381 528 2410 dentonstravit,
545 2386 604 2404 cmtt
620 2381 750 2412 potestate
765 2374 838 2402 illam
851 2374 934 2401 inter-

137 2434 269 2465 pretatur,
282 2433 310 2455 et.
324 2426 408 2462 legem
424 2426 508 2452 sattcit
521 2425 612 2451 dicens
626 2433 632 2450 :
646 2422 806 2457 Quapropter
816 2421 872 2456 jam
885 2428 936 2447 non

136 2481 194 2502 sunt
209 2474 272 2507 duo,
286 2474 330 2501 sed
345 2481 395 2499 una
409 2480 478 2498 caro.
492 2470 566 2498 Sicut
580 2477 642 2504 ergo
655 2475 763 2495 carnem
775 2474 865 2494 secare
879 2473 937 2492 sce-

137 2521 238 2548 lestum
253 2525 311 2552 est,
325 2520 360 2545 ita
380 2523 407 2545 et
426 2524 536 2543 uxorem
557 2515 683 2542 dirimere
704 2513 832 2547 ittiquunt.
846 2511 936 2546 Neque

138 2567 184 2594 hic
197 2566 282 2596 stetit,
296 2564 343 2592 sed
357 2564 440 2591 Deum
454 2569 559 2597 quoque
571 2560 660 2588 attulit
670 2559 761 2587 dicens
774 2568 781 2585 ι
795 2558 870 2592 Quod
879 2566 937 2592 ergo

140 2613 211 2639 Deus
225 2611 355 2646 conjunxit
365 2630 372 2640 .
388 2610 461 2636 Itomo
476 2616 526 2635 nou
540 2610 657 2641 separet;
672 2605 818 2632 ostendens
833 2604 896 2631 illud
912 2609 938 2630 et

139 2664 236 2685 contra
260 2661 379 2683 naturam
401 2659 427 2681 ct
447 2658 539 2681 contra
559 2653 644 2687 legem
659 2658 719 2678 esse
734 2659 740 2676 :
755 2655 847 2677 contra
861 2654 937 2676 natu-

140 2712 219 2737 raut,
236 2703 296 2738 quia
314 2709 365 2728 una
382 2708 445 2728 caro
461 2700 627 2729 dissecatur;
643 2701 736 2724 contra
757 2695 842 2730 legem
855 2714 862 2727 ,
877 2695 937 2728 quia

141 2758 205 2778 cum
221 2750 291 2776 Deus
304 2746 473 2783 conjuuxerit
484 2766 492 2778 ,
506 2749 531 2772 et
544 2743 653 2779 jusserit
667 2750 720 2769 non
734 2748 859 2775 separare
869 2761 876 2774 ,
892 2747 939 2766 vos

176 2827 186 2842 ι
207 2825 302 2856 Αιίιμςι
314 2828 419 2856 Moysen:
427 2828 543 2854 opponat,
556 2827 600 2853 ego
618 2827 666 2846 non
687 2820 761 2851 affero
772 2818 816 2844 tibi
827 2823 938 2850 Moyst'm,

143 2856 190 2883 sed

178 2899 190 2914 '
208 2902 272 2923 unus
280 2898 364 2926 habet,
378 2895 463 2927 literis,
476 2901 529 2928 pro,
542 2893 621 2919 rebus.

303 2945 441 2975 ΡΑτιιοι..
465 2943 524 2974 Gtt.
549 2940 647 2973 LVIII
654 2962 661 2970 .

1711 156 1761 182 59$

969 209 993 236 id
1018 208 1104 237 iaeere
1125 210 1244 239 tentatis,
1264 209 1330 243 Quid
1352 210 1429 245 igitur
1452 218 1512 245 post
1535 211 1591 238 lu-c
1612 212 1761 239 facit-udum

967 254 1042 281 erat?
1062 263 1149 282 nonne
1168 255 1357 290 quiescendum
1371 263 1386 287 ,ι
1403 262 1490 283 nonne
1512 256 1641 283 laudanda
1657 265 1687 284 ea
1703 266 1762 292 qua:

967 300 1037 327 dicta
1051 300 1147 328 erant?
1161 308 1250 328 nonne
1263 301 1389 328 admirari
1404 302 1544 337 oportebat
1565 302 1636 329 illaut
1657 304 1757 338 sapien-

969 347 1052 373 tiam?
1067 355 1155 374 ttotttte
1169 347 1358 382 obstupescere
1371 347 1404 375 de
1419 352 1489 375 tanta
1503 356 1563 375 cum
1577 348 1655 379 Patre
1668 357 1761 377 conso-

969 391 1078 420 nantia?
1092 393 1146 420 Sed
1162 393 1226 419 nihil
1240 393 1335 420 hormtt
1352 394 1460 427 faciunt,
1474 399 1498 421 et
1510 395 1585 429 quasi
1598 396 1764 423 contentiosa

969 439 1065 465 aiunt:
1081 439 1107 466 7.
1125 439 1257 472 Quomodo
1277 448 1336 474 ergo
1359 439 1459 475 Moyses
1474 441 1552 475 jussit
1571 441 1633 467 (lure
1652 441 1764 468 libellum

970 486 1068 520 repudii
1078 507 1086 519 ,
1099 491 1122 513 et
1137 486 1262 513 dimittere
1281 486 1352 513 illam
1368 487 1461 521 (Deut.
1480 488 1524 515 24.
1540 488 1594 523 I)?
1608 489 1664 517 Hoc
1685 498 1765 525 porro

970 538 1022 558 tton
1038 531 1073 558 illi
1087 531 1222 559 debebant
1231 532 1356 566 objicere,
1371 533 1416 559 sed
1429 533 1550 561 Christus
1564 535 1614 561 illis
1630 540 1763 563 :attamen

971 585 1023 604 non
1037 578 1121 613 carpit
1135 579 1202 611 illos,
1219 586 1304 614 neque
1316 579 1380 606 dicit
1392 580 1440 612 eis,
1453 580 1522 608 Nthil
1533 580 1584 608 ltoc
1597 581 1629 608 :td
1644 590 1686 609 me
1697 591 1703 613 ;
1716 583 1763 609 sed

972 625 1040 652 hanc
1061 625 1238 660 objectioncnt
1259 626 1349 652 solvit.
1374 627 1452 661 Atqui
1477 627 1498 653 si
1518 628 1654 661 oppositus
1674 628 1764 655 Veteri

971 672 1144 700 Testamento
1158 672 1268 703 fuisset,
1284 680 1335 699 non
1353 681 1400 707 pro
1415 673 1506 709 Moyse
1523 660 1702 708 disputasset;
1719 683 1764 701 ne-

972 725 1024 752 que
1037 726 1068 745 ex
1086 719 1117 745 iis
1130 726 1190 753 qua:
1204 718 1286 745 semel
1304 720 1337 745 ab
1359 719 1433 745 ittitio
1448 719 1516 746 facta
1537 725 1615 751 sunt,
1631 720 1702 748 dicta
1719 728 1764 748 sua

971 764 1175 798 confirmasset,
1196 772 1282 799 neque
1303 765 1444 792 ostendere
1468 766 1613 792 stnduisset
1637 774 1682 792 sua
1705 775 1764 793 cum

973 811 1066 845 priscis
1088 810 1142 837 illis
1162 811 1324 838 consentire.
1342 811 1396 838 Etsi
1414 819 1478 839 vero
1497 813 1578 838 multa
1597 813 1646 839 alia
1663 813 1766 847 Moyses

971 856 1089 890 jusserit,
1107 862 1161 883 tuttt
1175 857 1209 884 dc
1221 857 1297 889 cibis,
1314 862 1369 884 tum
1382 857 1414 884 de
1428 856 1543 885 sabbatis
1557 867 1562 890 ;
1577 866 1624 884 rur
1639 866 1766 892 nusquam

974 902 1045 929 illum
1060 902 1109 936 ipsi
1128 906 1276 937 opponunt,
1292 908 1319 929 ut
1334 903 1384 930 ltoc
1398 903 1476 930 loco?
1489 903 1554 936 Quia
1575 904 1600 930 id
1614 904 1766 936 studebant,

975 951 1002 974 ut
1022 948 1138 975 virorum
1159 948 1355 975 multitudinem
1377 954 1469 976 contra
1494 950 1567 976 illnttt
1591 951 1766 977 concitarent.

974 994 1039 1021 Nam
1055 994 1118 1021 illud
1129 993 1213 1021 Judaei
1228 993 1409 1022 intliti'ereuter
1423 995 1609 1028 observabant,
1624 1004 1769 1030 omnesque

975 1040 999 1067 id
1014 1040 1092 1075 vulgo
1107 1039 1270 1067 factitabant.
1289 1040 1350 1068 Ideo
1361 1048 1421 1068 cum
1440 1041 1521 1068 multa
1536 1042 1561 1068 itt
1578 1047 1667 1069 monte
1682 1042 1767 1069 disse-

974 1087 1079 1119 ruisset,
1097 1086 1176 1121 hujus
1190 1092 1290 1113 tantunt
1308 1087 1423 1114 mandati
1440 1095 1510 1114 ttunc
1524 1089 1684 1115 mentionem
1700 1088 1785 1115 fecer

975 1138 1045 1160 runt.
1061 1133 1184 1160 Attamen
1201 1132 1341 1160 ineﬂ'abilis
1354 1133 1397 1160 illa
1410 1133 1544 1168 Sapientia
1560 1140 1608 1168 pro
1622 1133 1662 1159 Itis
1678 1134 1769 1160 defen-

975 1180 1077 1207 sionem
1100 1184 1176 1214 parat
1195 1183 1222 1206 et
1241 1178 1304 1206 dicit
1321 1188 1327 1206 :
1343 1178 1370 1206 8.
1393 1178 1519 1212 Quoniam
1537 1179 1635 1213 Moyses
1650 1180 1683 1205 ad
1696 1180 1769 1205 duri-

975 1228 1036 1253 tiam
1051 1226 1134 1252 cordis
1149 1225 1224 1252 t'estri
1238 1226 1273 1251 ita
1291 1225 1344 1260 lege
1365 1225 1492 1260 praecepit.
1514 1220 1604 1259 Neque
1621 1225 1692 1251 illutn
1707 1225 1769 1251 sinit

976 1272 1144 1299 accusatione
1164 1271 1254 1306 itttpcti
1270 1280 1277 1298 :
1292 1279 1352 1298 nam
1370 1272 1425 1306 ipse
1441 1276 1497 1298 erat
1511 1272 1554 1305 qui
1571 1273 1652 1306 legem
1671 1272 1706 1297 illi
1722 1271 1768 1297 de-

976 1318 1070 1350 derat;
1089 1317 1136 1344 sed
1159 1317 1232 1344 illuttt
1250 1325 1264 1344 a
1284 1317 1359 1352 culpa
1382 1317 1494 1349 liberat,
1508 1322 1533 1343 et
1549 1322 1630 1343 totum
1650 1326 1673 1342 ιιι
1693 1323 1771 1351 caput

977 1364 1083 1391 illorum
1096 1364 1245 1397 convertit;
1260 1363 1330 1398 qttod
1343 1363 1422 1390 etiam
1437 1363 1533 1397 ubique
1548 1362 1618 1389 facit.
1634 1362 1698 1389 Nam
1710 1371 1771 1390 cum

976 1410 1121 1445 discipulos
1136 1410 1223 1445 spicas
1236 1410 1363 1437 vellentes
1375 1410 1593 1442 criminarentur,
1610 1410 1681 1444 ipsos
1694 1417 1772 1436 accu-

978 1462 1082 1484 satores
1103 1457 1128 1483 itt
1152 1456 1228 1490 culpa
1251 1463 1312 1483 esse
1333 1456 1471 1483 ostendit:
1488 1460 1515 1482 et
1533 1463 1594 1483 cum
1616 1455 1773 1482 incusabant

977 1503 1047 1539 qttod
1068 1503 1148 1530 illotis
1164 1503 1287 1530 manibus
1301 1503 1506 1535 manducarent,
1524 1503 1596 1537 ipsos
1610 1510 1671 1530 esse
1687 1507 1774 1529 trans-

977 1556 1115 1585 gressores
1138 1548 1347 1583 comprobabut,
1363 1553 1390 1576 et
1410 1556 1470 1576 cum
1491 1548 1524 1576 de
1545 1548 1655 1575 sabbato
1667 1568 1675 1581 ,
1693 1552 1774 1583 atque

977 1594 1090 1629 ubique,
1112 1599 1140 1621 ut
1162 1594 1213 1621 ltoc
1233 1594 1302 1621 loco.
1327 1593 1428 1621 Deinde
1448 1593 1508 1628 quia
1534 1593 1559 1620 id
1580 1593 1649 1628 quod
1670 1592 1774 1620 dixerat

977 1647 1121 1668 onerosum
1134 1644 1200 1672 erat,
1215 1639 1410 1674 admodumqu
1431 1638 1490 1666 illos
1503 1638 1638 1673 carpebat,
1652 1638 1684 1665 ad
1698 1643 1773 1666 vete-

978 1693 1034 1713 rem
1050 1693 1142 1713 rursus
1157 1685 1241 1720 legeut
1257 1692 1408 1712 sermonem
1422 1684 1476 1711 cito
1492 1684 1636 1717 transfert,
1650 1689 1773 1719 repetens

979 1732 1005 1759 id
1021 1731 1091 1767 quod
1110 1739 1191 1766 supra
1206 1731 1273 1757 dixit
1286 1739 1291 1757 :
1307 1730 1328 1757 Α
1348 1730 1472 1765 principio
1494 1735 1576 1756 autent
1592 1737 1641 1756 non
1656 1729 1704 1764 fuit
1718 1729 1774 1761 sic;

980 1779 1005 1806 id
1021 1782 1062 1806 est
1072 1799 1079 1811 ,
1095 1786 1128 1805 ex
1142 1777 1221 1805 rebus
1235 1778 1299 1812 ipsis
1314 1777 1446 1803 contraria
1463 1777 1534 1804 Deus
1548 1784 1561 1801 a
1577 1775 1707 1810 principio
1720 1779 1775 1801 sta-

980 1826 1038 1853 tuit.
1059 1825 1098 1853 Ne
1119 1824 1238 1852 dicerent
1256 1824 1327 1851 enim
1345 1829 1352 1850 :
1367 1823 1444 1851 Unde
1466 1823 1551 1857 palant
1576 1822 1652 1849 nobis
1672 1822 1724 1849 erit
1742 1821 1776 1848 ob

980 1872 1104 1900 duritiam
1128 1875 1245 1898 nostram
1271 1871 1320 1898 hoc
1342 1870 1442 1897 dixisse
1464 1869 1605 1904 Muysem?
1631 1869 1692 1896 hinc
1717 1869 1776 1895 illos

981 1925 1088 1946 rursum
1102 1917 1263 1951 coutpriutit.
1280 1916 1345 1943 Nattt
1367 1916 1388 1942 si
1409 1915 1466 1942 It:er
1486 1916 1526 1942 lex
1544 1914 1675 1949 praecipua
1690 1914 1776 1941 utilis-

981 1971 1032 1998 que
1048 1963 1149 1994 fuisset,
1166 1971 1217 1988 ttott
1234 1961 1277 1988 illa
1291 1961 1341 1988 alia
1355 1968 1368 1987 a
1385 1960 1515 1995 principio
1528 1959 1588 1986 data
1603 1959 1695 1986 fuisset
1708 1968 1714 1985 :
1727 1967 1777 1986 ttec

982 2011 1020 2037 sic
1033 2010 1202 2037 ell'ormasset
1219 2009 1298 2040 Deus,
1315 2015 1401 2042 neque
1414 2007 1474 2034 talia
1489 2007 1590 2034 diceret
1604 2015 1610 2033 :
1624 2006 1651 2034 9.
1666 2005 1721 2042 Ego
1731 2013 1778 2032 au-

983 2063 1031 2083 tem
1043 2056 1099 2082 dico
1113 2056 1191 2088 vobis,
1205 2056 1264 2089 quia
1278 2054 1428 2088 quicumque
1441 2053 1565 2080 dimiserit
1576 2061 1680 2080 uxorem
1694 2060 1776 2082 suam.

983 2111 1085 2137 excepto
1096 2110 1172 2128 causa
1184 2100 1366 2136 fornicationis,
1381 2105 1404 2126 et
1418 2099 1494 2126 alium
1507 2099 1616 2131 (luxurii,
1630 2098 1777 2125 mox/tatur.

984 2149 1126 2183 Postquam
1139 2148 1198 2174 illos
1208 2147 1242 2174 ad
1254 2147 1388 2174 silentium
1401 2145 1537 2180 compulit,
1549 2152 1609 2171 cunt
1622 2143 1780 2171 auctoritate

985 2195 1070 2230 legem
1082 2195 1183 2227 statuit,
1199 2199 1225 2220 ιιι
1238 2202 1298 2221 cum
1311 2193 1344 2221 de
1354 2192 1431 2225 cibis,
1444 2196 1471 2219 et
1482 2199 1543 2218 cum
1553 2191 1587 2217 de
1597 2190 1707 2217 sabbato
1718 2196 1779 2225 θεε-

985 2246 1036 2269 ret.
1053 2241 1117 2268 Nam
1132 2241 1165 2268 de
1180 2240 1246 2266 cibis
1256 2260 1263 2271 ,
1279 2244 1419 2274 postquam
1435 2237 1494 2264 illos
1506 2236 1705 2268 confutaverat,
1719 2242 1779 2262 cum

987 2288 1072 2315 turbis
1086 2287 1219 2318 disseruit,
1235 2286 1337 2316 dicens,
1355 2292 1407 2311 tton
1422 2283 1446 2310 id
1461 2282 1532 2318 quod
1547 2281 1694 2317 ingreditur
1706 2280 1780 2308 coin-

987 2334 1097 2369 quinare
1107 2332 1242 2360 hominem
1254 2331 1361 2365 (Matth.
1375 2330 1416 2357 15.
1430 2328 1473 2363 Il)
1484 2337 1491 2361 ;
1504 2328 1576 2355 etde
1586 2327 1707 2359 sabbato,
1719 2333 1780 2353 cum

988 2380 1046 2407 illos
1061 2379 1260 2410 confutavisset,
1276 2376 1339 2404 dicit
1358 2385 1364 2402 :
1379 2375 1469 2410 Itaque
1484 2374 1540 2401 licet
1553 2374 1579 2400 in
1592 2372 1694 2400 sabbato
1707 2370 1783 2397 benc-

989 2427 1072 2461 facere
1084 2424 1190 2460 (Matth.
1206 2423 1247 2450 12.
1264 2422 1306 2457 I5)
1319 2431 1325 2449 :
1341 2421 1384 2448 ltic
1399 2427 1504 2455 quaque
1515 2419 1608 2446 eodem
1622 2417 1713 2445 modo.
1728 2416 1780 2444 Sed

988 2471 1059 2506 quod
1082 2471 1118 2498 ibi
1138 2469 1249 2501 accidit,
1270 2468 1312 2494 hic
1332 2474 1436 2501 quoque
1451 2465 1547 2493 evenit.
1564 2464 1639 2491 Sicut
1655 2463 1726 2490 enint
1748 2463 1782 2489 ibi

989 2516 1088 2544 Jud:eis
1102 2515 1234 2547 refutatis,
1248 2513 1369 2548 discipuli
1389 2511 1485 2538 turbati
1500 2515 1572 2544 sunt,
1586 2514 1613 2537 et
1626 2509 1784 2537 accedentes

990 2563 1022 2590 ad
1035 2570 1096 2590 eum
1109 2569 1169 2589 cum
1185 2561 1263 2588 Petro
1274 2559 1398 2586 dixerunt
1412 2567 1418 2585 :
1435 2557 1541 2592 Expone
1553 2556 1624 2584 nobis
1637 2556 1785 2590 parabolant

991 2609 1056 2636 hanc
1070 2607 1183 2643 (Matth.
1197 2608 1239 2634 15.
1256 2604 1307 2641 56)
1323 2614 1329 2631 :
1343 2605 1382 2632 sic
1396 2611 1466 2631 nunc
1477 2610 1584 2639 quoque
1599 2602 1695 2629 turbati
1710 2601 1785 2628 dice-

991 2655 1055 2682 battt
1068 2661 1076 2678 ε
1090 2654 1134 2681 10.
1150 2653 1179 2680 Si
1190 2653 1224 2686 ita
1236 2656 1272 2679 est
1286 2659 1363 2677 causa
1374 2649 1493 2682 hominis,
1509 2648 1609 2684 e1pedit
1620 2655 1671 2674 non
1682 2646 1783 2674 nubere.

993 2700 1096 2728 Etenim
1110 2706 1179 2727 nunc
1193 2698 1287 2725 melius
1297 2704 1376 2732 quam
1387 2701 1463 2723 antea
1474 2696 1574 2722 dictum
1585 2693 1783 2721 intellexerunt.

994 2746 1108 2780 Ideoque
1122 2750 1184 2772 tunc
1198 2744 1328 2771 siluerunt
1341 2752 1347 2775 ;
1363 2750 1433 2770 ttunc
1446 2749 1520 2774 vero,
1535 2740 1597 2775 quia
1612 2738 1727 2773 objectio
1741 2745 1786 2764 te-

993 2792 1154 2828 sponsibque
1166 2791 1264 2827 prodiit
1274 2811 1282 2823 ρ
1295 2794 1321 2818 et
1337 2788 1509 2824 interrogatio
1523 2794 1583 2815 eutn
1597 2784 1785 2820 explicatione,

994 2840 1089 2875 lexque
1101 2839 1199 2866 clarior
1214 2838 1280 2865 facta
1300 2841 1357 2869 est,
1373 2839 1538 2870 mterrogaut
1560 2834 1634 2860 illum
1652 2836 1680 2859 et
1697 2830 1787 2867 palam

994 2884 1177 2914 contradicere
1189 2892 1242 2912 non
1258 2884 1357 2911 audent
1371 2890 1379 2909 :
1390 2881 1460 2917 quod
1473 2886 1563 2907 autem
1576 2887 1607 2905 ea
1621 2878 1647 2905 in
1663 2885 1692 2906 re
1705 2883 1786 2912 grave

1601 2930 1622 2960 9
