4034 6402
574 351 679 409 599

571 476 621 521 et
652 479 938 521 onerosum
971 462 1196 528 videtur,
1223 461 1275 516 in
1301 461 1534 517 medium
1560 458 1848 519 adducunt.
1875 457 2117 513 dicentes
2148 474 2161 511 :

571 558 636 618 Si
665 558 738 612 ita
758 570 828 615 est
849 574 1003 613 causa
1023 554 1241 611 heminis
1262 570 1376 608 cum
1401 569 1577 618 uxore,
1606 568 1707 606 non
1733 550 1933 622 expedit
1959 550 2162 607 nubere.

572 657 706 714 Nam
734 653 889 708 valde
911 664 1198 705 onerosum
1218 648 1497 703 videbatur
1520 660 1739 700 uxorem
1761 644 1904 698 omni
1929 642 2164 713 nequitia

576 748 786 818 plenam
815 744 1033 810 habere,
1061 751 1116 798 ει
1146 740 1393 807 tolerare,
1424 738 1846 808 indomitamque
1874 735 2043 791 feram
2079 736 2165 791 in.

575 853 660 895 ιιιε
689 851 925 893 servare.

645 933 700 987 5.
745 929 1089 1001 Virginitatem
1132 925 1365 983 Christus
1405 924 1601 980 occulte
1637 922 1886 996 quomodo
1931 921 2160 976 suadeat.

574 1026 750 1090 Suum
772 1023 1009 1077 mutilare
1031 1038 1214 1094 corpus
1244 1024 1405 1091 nefas.
1433 1019 1675 1073 Doctrina
1701 1018 1765 1071 de
1788 1017 1894 1086 [ato
1925 1026 1971 1069 et
1998 1032 2168 1070 neces-

572 1120 720 1172 sitate
747 1114 1049 1188 perniciosa.
1081 1142 1155 1153 —
1179 1112 1243 1166 Et
1272 1120 1328 1166 ut
1356 1110 1530 1165 discas
1550 1150 1565 1175 ,
1597 1108 1700 1164 hoc
1727 1107 1847 1163 illos
1875 1108 2162 1162 admodum

573 1211 820 1265 turbasse
845 1250 860 1275 ,
886 1208 1095 1263 Marcus
1124 1203 1436 1261 referendus
1475 1213 1557 1258 est
1583 1200 1765 1257 dicens
1793 1200 1911 1255 illos
1939 1199 2163 1254 seorsim

572 1303 678 1372 ipsi
706 1302 955 1373 loquutos
975 1315 1112 1355 esse.
1144 1297 1281 1366 Quid
1307 1307 1406 1361 est,
1443 1296 1505 1353 Si
1539 1295 1612 1350 ita
1647 1305 1720 1350 est
1763 1311 1919 1348 causa
1949 1293 2165 1347 hominis

572 1416 694 1455 cum
710 1413 872 1452 uxore
887 1397 1081 1464 (Marc.
1104 1394 1189 1449 10.
1215 1392 1283 1448 l0
1298 1391 1411 1465 )‘ild
1428 1389 1600 1458 est,Si
1617 1392 1691 1446 ita
1705 1390 1984 1461 conjuncti
2001 1398 2153 1453 sunt,

504 1488 507 1489 ⁷
575 1502 638 1547 ιιι
658 1504 827 1545 unum
853 1489 1001 1553 sint;
1026 1486 1132 1549 vel,
1150 1484 1211 1539 Si
1243 1487 1345 1540 hac
1363 1483 1431 1539 de
1453 1499 1618 1539 causa
1647 1484 1728 1538 sic
1744 1483 1829 1536 vir
1858 1481 2155 1536 adstrictus

577 1592 663 1640 εει
684 1592 741 1637 ιιι
769 1595 985 1651 semper
1014 1578 1425 1649 praevaricetur,
1456 1590 1580 1630 cum
1607 1574 1788 1644 ejieit:
1822 1574 1996 1628 levius
2011 1581 2159 1627 certe

582 1674 910 1744 faciliusque
924 1680 1008 1727 εει
1022 1678 1212 1726 contra
1230 1679 1437 1723 natura:
1449 1666 1950 1736 concupiscentiam
1963 1675 2017 1719 et
2028 1679 2161 1718 con-

584 1779 667 1823 tra
685 1767 928 1837 seipsum
967 1774 1202 1830 certare,
1222 1778 1388 1833 quam
1409 1768 1595 1817 contra
1623 1760 1928 1828 improbam
1961 1756 2162 1811 mulie-

586 1856 886 1924 rem.Quid
906 1857 1072 1927 igitur
1098 1852 1388 1909 Christus?
1407 1850 1525 1906 Non
1553 1852 1713 1917 dixit,
1735 1848 1913 1903 Etiam
1942 1846 2159 1903 facilius

590 1959 673 2006 est
696 1966 711 2014 ;
736 1957 787 2005 e'.
818 1949 924 2005 hoc
945 1946 1130 2014 facito,
1154 1961 1223 2001 ne
1252 1945 1424 2017 legem
1452 1942 1582 1999 illud
1604 1957 1725 1999 esse
1742 1949 2034 2013 putarent:
2064 1939 2159 1996 sed

571 2035 748 2090 intulit
779 2054 793 2088 :
827 2033 950 2090 Non
997 2050 1169 2089 omnes
1212 2034 1465 2101 capiunt,
1506 2030 1594 2086 sed
1619 2029 1799 2101 quibus
1838 2031 2012 2084 datum
2066 2038 2159 2087 est.

568 2126 701 2181 Rem
721 2126 946 2189 extollit,
970 2136 1022 2181 et
1041 2140 1285 2198 magnam
1306 2139 1427 2180 esse
1452 2123 1673 2190 indicat,
1690 2133 1851 2195 atque
1884 2123 1984 2180 hoc
2004 2124 2164 2180 modo

567 2217 787 2272 attrahit
815 2227 868 2273 et
912 2216 1176 2273 hortatur.
1202 2216 1308 2273 Sed
1337 2216 1424 2272 hic
1448 2216 1928 2273 contradictionem
1957 2216 2160 2274 videas.

568 2307 686 2379 lpse
718 2309 863 2365 enim
905 2324 1154 2380 magnum
1184 2307 1311 2363 illud
1345 2323 1468 2364 esse
1496 2307 1658 2372 dicit;
1689 2307 1765 2363 illi
1799 2322 1928 2364 vero
1956 2307 2165 2364 levissi-

567 2418 714 2457 mum
741 2420 755 2457 :
789 2413 1075 2473 utrumque
1108 2411 1256 2458 certe
1290 2400 1577 2457 commode
1617 2400 1854 2467 factum;
1887 2410 1947 2457 ut
1968 2413 2022 2458 et
2050 2402 2164 2473 ipse

566 2506 816 2566 magnum
848 2494 1103 2550 fateretur
1130 2509 1253 2550 esse
1272 2534 1285 2557 ,
1314 2504 1371 2548 ut
1397 2494 1514 2548 illos
1534 2493 1872 2551 ardentiorcs
1899 2493 2157 2561 efﬁceret,

504 2628 505 2631 η
567 2598 625 2642 et
662 2603 727 2643 ex
753 2587 911 2643 dictis
952 2588 1201 2659 superius
1230 2586 1302 2641 illi
1333 2586 1663 2643 levissimum
1705 2586 2073 2655 ostenderent,
2105 2598 2165 2645 ut

567 2680 672 2736 hoc
707 2680 870 2737 modo
910 2681 985 2736 illi
1030 2681 1386 2752 virginitatem
1436 2688 1493 2736 et
1535 2680 1917 2736 continentiam
1947 2680 2163 2752 praefer-

567 2784 706 2830 rent.
732 2772 864 2842 Quia
909 2773 1054 2829 enim
1082 2771 1152 2828 de
1180 2771 1482 2845 virginitate
1525 2772 1669 2843 loqui
1700 2788 1986 2829 onerosum
2015 2773 2163 2829 vide-

566 2864 727 2921 batur
752 2880 873 2921 esse
900 2907 918 2932 ,
945 2882 1014 2921 ex
1047 2864 1177 2920 dura
1224 2866 1355 2937 legis
1404 2867 1726 2923 necessitate
1749 2907 1765 2932 ,
1798 2866 1915 2922 illos
1959 2866 2012 2921 in
2040 2866 2159 2937 ejus

565 2956 912 3027 cupiditatem
956 2957 1195 3012 attraxit.
1228 2956 1430 3013 Deinde
1475 2966 1532 3011 ut
1580 2967 1967 3013 commonstret
2002 2973 2160 3028 posse

564 3049 710 3102 illam
756 3048 992 3114 servari,
1020 3046 1137 3103 ait:
1170 3047 1258 3103 12.
1289 3047 1424 3103 Sunt
1469 3048 1727 3113 eunuchi,
1760 3050 1847 3119 qui
1885 3065 1951 3104 ea:
1991 3057 2161 3104 uentre

564 3138 743 3193 matris
767 3139 841 3192 ita
860 3139 970 3193 nati
1000 3148 1118 3194 sunt
1148 3154 1169 3194 :
1198 3149 1243 3194 et
1265 3147 1385 3194 sunt
1416 3139 1658 3207 eunuchi,
1687 3140 1775 3209 qui
1799 3141 2004 3195 castrati
2041 3150 2158 3196 sunt

561 3230 627 3285 ab
649 3229 967 3285 hominibus.
1004 3240 1049 3285 et
1075 3240 1192 3286 sunt
1218 3231 1460 3299 eunuchi,
1486 3231 1572 3300 qui
1598 3248 1652 3286 se
1679 3239 2019 3288 castrauerunt
2041 3249 2159 3303 pro-

563 3333 675 3394 pter
696 3340 907 3395 regnum
933 3322 1174 3379 celerum
1191 3340 1211 3389 ;
1237 3323 1321 3380 bis
1355 3324 1563 3380 occulte
1597 3324 1718 3380 illos
1765 3325 1831 3380 ad
1860 3324 1963 3381 hoc
1989 3341 2158 3397 genus

562 3414 687 3468 vita:
710 3412 1050 3485 deligendum
1089 3415 1382 3481 inducens,
1413 3426 1467 3471 et
1498 3416 1633 3471 hanc
1673 3417 1925 3472 virtutem
1953 3418 2157 3474 servari

498 3500 501 3505 ’
561 3522 726 3577 posse
751 3506 1006 3576 suadens,
1035 3522 1099 3564 ac
1131 3508 1175 3564 si
1205 3506 1410 3565 diceret
1440 3527 1453 3561 :
1484 3507 1667 3580 Cogita
1700 3510 1826 3581 quid
1857 3510 2081 3577 faceres,
2112 3512 2156 3567 si

563 3616 633 3656 ex
663 3609 848 3655 natura
880 3600 1000 3656 talis
1026 3615 1194 3667 esses,
1224 3609 1318 3656 aut
1347 3602 1391 3656 si
1417 3600 1646 3671 idipsum
1676 3618 1768 3671 per
1794 3602 1898 3656 vim
1924 3613 1976 3658 et
2015 3602 2156 3673 inju-

562 3691 698 3747 riam
728 3707 916 3763 passus
941 3692 1135 3748 esses?
1156 3692 1280 3763 quid
1325 3690 1525 3749 iaceres
1552 3707 1672 3747 cum
1700 3693 1962 3763 ejusmodi
1993 3694 2160 3748 volu-

561 3791 706 3853 ptate
731 3783 973 3854 privatus
995 3823 1011 3850 ,
1043 3783 1242 3839 nullam
1276 3783 1400 3838 hinc
1430 3783 1731 3840 mercedem
1772 3787 2157 3855 exspectares?

560 3874 773 3933 Gratias
801 3875 961 3945 igitur
989 3891 1129 3931 nunc
1175 3891 1273 3946 age
1315 3875 1425 3931 Deo
1449 3917 1462 3938 ,
1492 3876 1633 3947 quod
1678 3891 1774 3946 pro
1818 3876 2068 3933 mercede
2106 3886 2159 3933 et

559 3969 776 4025 coronis
797 3968 926 4023 illud
948 3968 1340 4040 patiaris,quod
1372 3970 1488 4025 sine
1516 3970 1730 4024 coronis
1751 3969 2022 4039 patiuntur
2047 3969 2153 4037 illi;

561 4063 672 4119 imo
700 4077 829 4119 vero
872 4062 1001 4118 illud
1030 4079 1135 4117 non
1180 4063 1250 4117 ita
1276 4061 1501 4128 durum,
1529 4062 1620 4117 sed
1646 4062 1803 4133 longe
1832 4062 2001 4119 levius
2026 4073 2110 4118 est
2139 4080 2153 4117 :

561 4169 689 4210 nam
733 4163 787 4211 et
834 4169 931 4225 spe
988 4155 1191 4225 pra-mii
1222 4195 1238 4221 ,
1285 4164 1340 4210 ει
1381 4162 1541 4209 tanta:
1582 4156 1792 4209 virtutis
1829 4157 2153 4212 conscientia

561 4248 836 4319 mitigatur
861 4290 878 4316 ,
907 4262 1079 4319 neque
1108 4248 1269 4303 tantis
1307 4247 1610 4318 cupiditatis
1638 4247 1882 4303 ﬂuctibus
1900 4249 2154 4318 jactatnr.

565 4339 680 4397 Non
708 4341 859 4399 enim.
897 4341 1008 4409 ipsa
1040 4339 1268 4395 membri
1293 4339 1584 4410 amputatio
1613 4339 1683 4393 ita
1710 4338 1902 4394 ﬂuctus
1928 4341 2044 4395 illos
2071 4356 2158 4397 se—

562 4431 694 4489 dare
718 4440 776 4488 et
804 4432 1239 4502 tranquillitatem
1271 4445 1459 4501 parere
1488 4430 1651 4496 solet,
1679 4440 1738 4486 ut
1779 4432 2002 4487 rationis
2044 4431 2155 4487 fre-

564 4540 730 4591 num;
786 4525 895 4580 imo
942 4524 1100 4595 lenge
1155 4523 1325 4595 magis
1375 4522 1477 4578 hoc
1529 4520 1684 4579 freno
1736 4523 1980 4597 sedatur.
2031 4524 2156 4581 ldco

562 4619 725 4691 igitur
774 4617 892 4674 illos
937 4614 1331 4682 recensuit,ut
1358 4615 1456 4673 hos
1486 4616 1914 4672 incitarctmam
1956 4617 2001 4672 si
2046 4633 2154 4673 non

566 4712 674 4765 huc
700 4710 982 4775 tenderet,
1010 4708 1135 4780 quid
1180 4708 1280 4764 sibi
1327 4708 1489 4765 vellet
1532 4707 1619 4763 illa
1668 4708 2034 4763 cunuchorum
2064 4724 2154 4765 re-

561 4804 792 4860 censio?
814 4804 945 4859 Cum
985 4810 1163 4858 autem
1195 4800 1356 4867 dicit,
1386 4800 1595 4870 Seipsos
1641 4809 1984 4855 castrauerunt
2003 4845 2018 4869 ,
2047 4815 2154 4855 non

563 4892 927 4951 membrorum
970 4891 1390 4963 amputationcm
1437 4889 1601 4954 dicit;
1631 4889 1769 4946 absit
1795 4905 1813 4949 :
1841 4891 1938 4946 sed
1966 4906 2156 4963 prava-

564 5003 682 5042 rum
724 4987 1104 5057 cogitationum
1144 4985 1532 5056 expulsionem.
1560 4982 1693 5042 Nam
1719 4984 1810 5054 qui
1851 4985 2154 5041 membrum

561 5079 792 5146 excidit,
825 5077 1187 5135 maledictioni
1236 5076 1500 5135 obnoxius
1551 5084 1667 5141 est,
1696 5083 1755 5131 ut
1796 5074 1988 5130 Paulus
2035 5077 2153 5132 ait:

565 5169 776 5226 Utinam
809 5168 1172 5224 abscinduntur
1187 5169 1272 5241 qui
1300 5184 1387 5225 uos
1412 5168 1708 5225 conturbant
1734 5166 1755 5240 (
1781 5167 1898 5224 Gal.
1931 5168 1986 5223 5.
2012 5168 2079 5224 12
2105 5167 2153 5240 ).

563 5268 643 5321 Ac
663 5263 787 5334 jure
826 5263 1047 5329 merito;
1079 5276 1203 5317 nam
1232 5263 1321 5333 qui
1354 5261 1475 5321 talis
1500 5270 1603 5326 est,
1634 5261 1821 5317 eadem
1850 5260 2157 5331 aggreditur

562 5370 684 5427 qua:
714 5352 996 5409 homicida:
1014 5394 1031 5421 ,
1058 5361 1114 5409 et
1137 5346 1204 5408 iis
1226 5354 1316 5424 qui
1345 5352 1438 5408 Dei
1468 5352 1794 5409 creationem
1823 5352 2154 5407 calumnian-

562 5459 650 5503 tur
678 5446 767 5502 dat
788 5445 1128 5504 occasionem
1153 5483 1170 5510 ,
1200 5442 1727 5513 Hanichzcorumque
1753 5457 1847 5499 ora
1867 5443 2062 5511 aperit,
2094 5457 2157 5496 ac

563 5538 787 5609 perinde
817 5544 1001 5608 peccat
1026 5544 1188 5606 atque
1213 5535 1246 5590 ii
1267 5535 1406 5606 apud
1432 5534 1678 5604 gentiles,
1706 5533 1797 5603 qui
1826 5533 2152 5590 mutilantur.

565 5630 803 5694 Membra
830 5630 971 5686 enim
994 5636 1273 5700 amputare
1300 5626 1578 5683 diabolica:
1605 5635 1688 5682 est
1715 5628 2039 5696 Operationis
2059 5668 2074 5689 ,
2103 5633 2159 5681 et

564 5722 919 5777 manicarum
942 5719 1265 5782 insidiarum
1308 5732 1444 5787 opus
1490 5717 1684 5773 fuitab
1732 5716 1921 5783 initio;
1964 5726 2022 5776 ut
2060 5716 2154 5778 Dei

568 5809 836 5883 cpiticium
861 5811 1253 5871 calumnicntur
1281 5831 1296 5882 ;
1327 5820 1489 5883 utque
1529 5825 1559 5866 a
1592 5810 1699 5868 Deo
1730 5807 1925 5866 factum
1956 5807 2152 5867 animal

1218 349 1271 402 S.
1315 345 1593 404 JOANNIS
1630 341 2112 400 CHRYSOSTOMI
2152 339 2471 399 ARClllEP.
2514 341 3051 404 CONSTANTINOP.

3751 358 3847 418 600

2276 452 2597 510 labefactent
2623 472 2639 521 ;
2668 465 2727 511 ut
2756 472 2860 512 non
2901 458 3176 531 proposito
3216 459 3504 524 voluntatis
3527 507 3543 534 ,
3570 468 3660 525 sed
3692 488 3848 529 ιιιειιι.

2274 548 2494 604 brorum
2534 558 2736 606 natura:
2763 560 2930 608 totum
2972 555 3271 613 tribuentes
3297 599 3313 624 ,
3340 559 3418 614 sic
3456 562 3605 617 multi
3648 564 3760 621 sine
3786 569 3846 622 ti~

2275 658 2425 698 more
2446 652 2751 713 peccarent,
2777 647 2926 716 quasi
2956 649 3217 703 rationem
3241 665 3345 706 non
3366 662 3548 708 essent
3574 656 3844 714 reddituri:

2273 750 2337 790 ac
2364 736 2648 805 dupliciter
2677 735 2779 792 hoc
2807 737 3005 794 animal
3037 739 3289 796 laederent
3313 784 3327 807 ,
3359 753 3468 798 tum
3514 747 3651 816 quod
3696 765 3848 805 mem-

2274 828 2368 882 bra
2392 838 2748 898 amputarent,
2780 842 2888 886 tum
2913 834 3053 902 quod
3080 836 3366 892 voluntatis
3391 838 3626 895 studium
3650 859 3678 896 a
3710 843 3848 901 bonis

2272 922 2587 977 exbibendis
2637 924 2976 992 impedirent.
3018 927 3167 982 Hane
3203 946 3360 999 porro
3398 931 3645 991 diabolus
3688 935 3846 1008 legem

2271 1017 2588 1082 constituit;
2619 1028 2815 1086 praeter
2852 1018 2994 1073 dicta
3034 1029 3211 1075 autem
3258 1023 3400 1078 aliud
3440 1027 3724 1094 pessimum
3765 1030 3837 1083 du-

2270 1122 2389 1179 gma
2421 1106 2697 1167 inducens.
2718 1124 2908 1179 nempe
2937 1111 3004 1165 de
3033 1111 3140 1166 fato
3165 1125 3217 1168 et
3245 1118 3585 1183 necessitate,
3611 1118 3707 1175 hac
3734 1137 3846 1177 vero

2271 1209 2450 1268 parata
2491 1198 2598 1263 via,
2637 1199 2936 1255 libertatem
2968 1202 3126 1257 nobis
3153 1218 3183 1257 a
3215 1204 3325 1260 Deo
3350 1206 3529 1262 datam
3559 1209 3844 1276 labefactat,

2269 1289 2498 1343 suadens
2528 1289 2651 1343 vitia
2684 1306 2802 1346 esse
2848 1294 3144 1359 naturalia;
3176 1296 3451 1368 multaque
3478 1300 3581 1355 alia
3612 1302 3730 1359 inde
3753 1304 3845 1358 do-

2268 1394 2445 1453 gmata
2476 1399 2635 1453 prava
2671 1384 3029 1442 disseminans
3050 1428 3065 1453 ,
3096 1390 3302 1445 etiamsi
3335 1392 3384 1446 id
3425 1408 3531 1447 non
3562 1407 3741 1466 aperte
3777 1398 3842 1450 fa-

2268 1474 2392 1529 ciat.
2444 1475 2588 1531 'l‘alia
2643 1478 2841 1548 quippe
2893 1488 3016 1533 sunt
3064 1480 3260 1536 diaboli
3316 1485 3840 1553 perniciesatoxixa.

2269 1565 2603 1637 Quapropter
2630 1585 2781 1640 rogo,
2812 1570 3239 1644 hanc'l‘ngiamus
3277 1576 3630 1648 iniquitatem.
3659 1580 3840 1638 Prmter

2268 1672 2331 1714 ea
2358 1660 2501 1713 enim
2530 1676 2648 1730 qua:
2674 1661 2905 1717 diximus
2927 1706 2943 1730 ,
2974 1681 3077 1719 non
3109 1666 3382 1737 mitigatur
3409 1670 3533 1726 inde
3561 1672 3805 1743 Cupiditas
3823 1717 3838 1739 ,

2268 1746 2376 1802 imo
2403 1750 2462 1804 tit
2488 1751 2765 1807 ardentior
2789 1769 2802 1808 :
2829 1768 3039 1825 sperma
3068 1771 3297 1828 namque
3325 1760 3542 1816 aliunde
3571 1763 3737 1820 fontes
3757 1763 3841 1820 ht-

2268 1836 2378 1906 bet,
2401 1850 2455 1895 et
2491 1841 2705 1897 aliunde
2740 1843 2988 1900 fluctibus
3024 1848 3273 1917 agitatur.
3300 1850 3402 1905 Alii
3431 1853 3573 1907 enim
3602 1869 3664 1910 ex
3705 1870 3840 1915 cere-

2268 1930 2388 1999 bro,
2418 1935 2509 1990 alii
2536 1952 2601 1991 ex
2628 1937 2823 1994 lumbis
2850 1951 3072 1995 uestrum
3103 1942 3231 1997 oriri
3272 1943 3480 2002 dicunt.
3511 1948 3578 2002 At
3612 1964 3707 2018 ego
3746 1968 3838 2006 non

2265 2024 2479 2083 aliunde
2502 2026 2730 2085 dixerim
2758 2045 2917 2101 quam
2942 2031 3010 2088 ab
3035 2033 3218 2088 animo
3238 2028 3441 2091 lascivo
3465 2078 3480 2101 ,
3504 2047 3558 2094 ει
3581 2042 3838 2111 cogitatio-

2265 2133 2392 2174 num
2423 2121 2667 2191 neglectu
2696 2142 2712 2178 :
2739 2123 2783 2179 si
2825 2124 3036 2181 animus
3066 2135 3376 2198 temperans
3413 2129 3519 2195 sit,
3541 2130 3737 2186 nullum
3779 2149 3836 2191 ex

2267 2214 2614 2270 naturalibus
2640 2215 2882 2271 motibus
2916 2217 3184 2269 damnum
3216 2216 3417 2269 oritur.
3446 2212 3520 2268 De
3560 2214 3666 2269 illis
3695 2215 3839 2285 igitur

2265 2306 2532 2362 eunuchis
2559 2306 2798 2374 locutus,
2827 2308 2921 2378 qui
2957 2306 3159 2363 frustra
3185 2304 3430 2362 eunuchi
3455 2312 3604 2369 sunt,
3628 2308 3726 2361 nisi
3749 2307 3835 2378 ipsi

2265 2408 2449 2454 mente
2506 2408 2560 2455 et
2604 2399 2790 2455 animo
2841 2408 3210 2471 temperantes
3269 2397 3381 2453 sint
3410 2434 3425 2455 .
3456 2408 3512 2452 et
3547 2398 3613 2454 de
3664 2399 3727 2453 iis
3754 2400 3834 2470 qui

2263 2501 2486 2562 propter
2519 2507 2746 2562 regnum
2776 2492 3038 2547 caelorum
3071 2491 3455 2562 virginitatem
3489 2492 3832 2559 servant,ij

2263 2591 2482 2653 perorat
2513 2582 2601 2638 his
2626 2584 2810 2639 verbis
2837 2602 2852 2639 :
2881 2585 2987 2649 Qui
3014 2585 3205 2653 poterit
3224 2600 3439 2656 capere,
3459 2584 3671 2654 capiat:
3698 2583 3838 2637 hinc-

2262 2690 2370 2746 que
2386 2676 2623 2733 validius
2648 2675 2978 2744 inllammat,
3001 2678 3148 2748 quod
3177 2693 3294 2733 rem
3324 2675 3602 2750 insignem
3627 2685 3673 2730 et
3690 2690 3835 2741 gran-

2260 2768 2385 2823 dem
2409 2784 2529 2825 esse
2553 2769 2916 2837 demonstret,
2953 2784 3053 2826 nec
3082 2786 3194 2826 rem
3222 2771 3368 2826 intra
3403 2772 3539 2841 legis
3556 2767 3833 2824 necessita-

2262 2872 2369 2918 tem
2408 2863 2660 2929 includit,
2689 2862 2760 2918 ob
2787 2862 3122 2919 ineffabilem
3158 2866 3632 2920 mansuetudinem
3667 2875 3828 2917 suam.

2261 2952 2327 3009 Et
2367 2956 2468 3011 hoc
2496 2956 2658 3022 dixit,
2709 2957 2949 3012 maxime
2989 2972 3108 3013 rem
3147 2973 3271 3013 esse
3308 2958 3628 3029 possibilem
3661 2965 3831 3009 osten-

2257 3047 2418 3110 dens,
2452 3056 2512 3103 ιιι
2539 3049 2715 3118 major
2743 3047 2869 3103 inde
2910 3050 3186 3118 cupiditas
3212 3051 3486 3105 voluntati
3517 3056 3793 3105 accrescat.

2332 3138 2387 3193 4.
2433 3137 2625 3210 Magna
2651 3140 2829 3211 gratiae
2865 3155 2960 3210 ape
2983 3150 3094 3212 eget
3126 3141 3413 3212 virginitas.
3445 3172 3519 3183 »-
3541 3141 3644 3198 Sed
3679 3141 3719 3196 si
3755 3155 3832 3196 res

2216 3260 2219 3265 ·
2260 3246 2327 3287 ex
2353 3232 2627 3288 voluntate
2652 3242 2755 3300 est,
2775 3234 3008 3305 inquies.
3031 3233 3302 3304 quomodo
3323 3235 3378 3290 in
3406 3236 3659 3307 principio
3680 3234 3829 3289 dixit:

2264 3322 2386 3378 Non
2413 3340 2583 3379 ainues
2618 3325 2845 3393 capiunt,
2867 3325 2960 3379 sed
2994 3324 3175 3396 quibus
3202 3326 3383 3380 datum
3423 3328 3536 3384 est?
3573 3326 3637 3384 Ut
3677 3327 3832 3382 discas

2263 3432 2511 3487 magnum
2543 3432 2662 3472 esse
2691 3426 2988 3483 certamen,
3012 3433 3116 3472 non
3147 3429 3207 3473 ut
3230 3430 3433 3475 sortem
3454 3418 3726 3491 quamdam
3753 3433 3834 3475 nc-

2261 3509 2549 3564 cessariam
2577 3509 2904 3579 imagineris.
2929 3508 2999 3563 lis
3023 3510 3165 3564 enim
3209 3509 3392 3564 datum
3434 3520 3514 3566 est
3543 3512 3629 3582 qui
3667 3510 3833 3564 volue-
3905 3537 3914 3546 -

2263 3601 2389 3656 rint.
2417 3600 2505 3655 Sic
2532 3615 2699 3672 porro
2735 3599 2903 3668 dixit,
2932 3609 2991 3655 ut
3018 3599 3329 3657 ostenderet
3378 3616 3571 3673 magno
3610 3616 3833 3671 superna:

2260 3689 2445 3761 gratia:
2470 3691 2669 3746 auxilio
2703 3705 2838 3762 opus
2868 3690 3068 3745 habere
3110 3706 3232 3746 eum
3272 3691 3361 3763 qui
3413 3690 3515 3747 hoc
3552 3692 3648 3747 init
3680 3701 3833 3747 certa-

2262 3798 2408 3849 men,
2441 3798 2547 3854 quo
2570 3783 2726 3854 plane
2756 3782 2960 3840 fruetur
2983 3784 3224 3855 quisquis
3251 3785 3504 3841 voluerit.
3535 3785 3675 3842 Solet
3694 3786 3833 3856 quip-

2265 3890 2331 3944 pe
2355 3873 2454 3929 hac
2481 3875 2555 3929 uti
2586 3889 2716 3930 voce
2745 3875 2958 3944 quando
2986 3874 3054 3930 de
3084 3890 3273 3945 magna
3299 3876 3552 3945 quapiam
3579 3890 3634 3930 re
3658 3874 3832 3945 agitur,

2227 4001 2232 4006 -
2260 3975 2320 4021 ut
2342 3966 2556 4036 quando
2574 3965 2703 4022 dicit
2730 3984 2744 4019 :
2783 3964 2934 4021 Vobis
2961 3965 3137 4020 datum
3173 3978 3247 4021 est
3276 3984 3428 4022 nosse
3447 3967 3676 4039 mysteria
3701 3963 3833 4034 (Lar.

2260 4058 2312 4113 8.
2344 4057 2452 4129 10).
2479 4057 2630 4126 Quod
2657 4066 2834 4113 autem
2867 4056 2970 4113 hoc
2998 4058 3066 4112 sit
3096 4073 3281 4113 verum
3306 4100 3322 4124 ,
3353 4073 3422 4114 ex
3465 4056 3704 4130 praesenti
3729 4057 3834 4111 loco

2262 4159 2428 4222 patet.
2475 4150 2608 4205 Nam
2651 4151 2694 4205 si
2743 4164 3035 4219 supernum
3077 4149 3418 4205 solummodo
3456 4160 3595 4206 esset
3632 4148 3831 4212 donum,

2263 4240 2501 4310 nihilque
2531 4240 2599 4295 de
2625 4255 2723 4295 suo
2751 4240 3004 4295 alferrent
3044 4239 3079 4295 ii
3120 4241 3209 4311 qui
3251 4240 3610 4312 virginitatem
3634 4239 3797 4296 colunt
3817 4277 3830 4299 ,

2260 4331 2529 4401 superflue
2557 4330 2686 4401 ipsis
2714 4347 2935 4402 regnum
2957 4332 3208 4387 caelorum
3237 4333 3591 4402 promitteret,
3614 4346 3707 4386 nec
3733 4343 3833 4382 me-

2261 4425 2365 4480 rito
2396 4424 2514 4480 illos
2556 4439 2586 4479 a
2633 4425 2843 4480 caeteris
2886 4425 3147 4480 eunuchis
3197 4424 3570 4496 distingueret.
3603 4423 3679 4477 Tu
3721 4435 3831 4474 vero

2260 4518 2391 4573 mihi
2419 4517 2724 4588 perpende,
2763 4517 3033 4588 quomodo
3076 4517 3218 4573 unde
3258 4516 3348 4572 alii
3381 4518 3611 4586 maligne
3652 4519 3828 4584 agunt.

2260 4612 2350 4667 alii
2379 4612 2667 4667 lucrentur.
2702 4609 2833 4666 Nam
2860 4610 3054 4677 .ludzei,
3082 4626 3201 4665 cum
3232 4609 3363 4665 nihil
3392 4609 3721 4667 didicisSent,
3747 4602 3829 4657 ab-

2262 4703 2439 4758 ierunt
2467 4721 2478 4758 :
2508 4719 2613 4758 non
2655 4703 2795 4758 enim
2822 4712 2881 4757 ut
2918 4702 3187 4757 discerent
3228 4699 3663 4771 interrogabant;
3688 4693 3828 4751 disci-

2259 4794 2369 4866 puli
2394 4810 2524 4850 vcro
2550 4794 2673 4849 inde
2700 4794 2906 4849 lucrum
2934 4794 3255 4849 retulerunt.
3278 4793 3362 4849 15.
3392 4790 3538 4848 Tunc
3565 4790 3712 4846 oblati
3727 4793 3831 4842 sunt

2260 4888 2308 4941 ei
2339 4888 2557 4958 pueruli,
2585 4895 2639 4942 ut
2671 4905 2851 4942 manus
2888 4888 3163 4959 imponeret
3193 4886 3286 4953 eis,
3308 4894 3358 4940 et
3382 4895 3570 4940 oraret.
3600 4877 3832 4951 Discipuli

2260 4988 2428 5032 autent
2468 4979 2850 5050 increpaveruat
2874 4994 2975 5032 eos.
3006 4976 3094 5032 14.
3126 4975 3226 5031 Ille
3246 4991 3362 5030 vero
3392 4975 3522 5030 dixit
3549 4975 3619 5028 eis
3636 4987 3661 5041 _:
3686 4969 3833 5026 Sinite

2262 5073 2497 5143 parvulos
2533 5072 2702 5125 uenire
2725 5072 2794 5126 ad
2835 5085 2954 5135 me;
2984 5070 3162 5124 talium
3188 5079 3261 5124 est
3298 5068 3431 5123 enim
3459 5081 3664 5138 regnum
3693 5060 3829 5116 ett-lo-

2260 5180 2394 5224 rum.
2424 5162 2511 5218 lii.
2544 5161 2612 5216 Et
2635 5178 2751 5216 cum
2776 5161 3094 5233 imposuisset
3120 5160 3191 5214 eis
3212 5176 3414 5225 manus,
3440 5159 3562 5212 abiit
3581 5153 3708 5210 inde.
3732 5150 3828 5205 Cur

2260 5256 2504 5327 discipuli
2548 5270 2744 5325 pueros
2797 5252 3114 5324 abigebant?
3164 5251 3446 5322 Dignitatis
3484 5262 3660 5304 causa.
3705 5239 3827 5312 Quid

2257 5362 2389 5418 θνῧο
2430 5346 2555 5403 ille?
2582 5346 2648 5403 Ut
2675 5345 2868 5402 doceat
2896 5345 3015 5400 illos
3041 5345 3283 5400 modeste
3311 5356 3518 5412 sapere,
3553 5338 3828 5404 fastmnque

2261 5439 2588 5496 mundanum
2615 5439 2965 5505 conculcarc,
2996 5448 3052 5493 et
3093 5437 3314 5506 suscipit
3352 5443 3406 5490 et
3450 5433 3589 5489 ulnis
3616 5425 3828 5497 complo-

2260 5531 2455 5596 ctitur,
2501 5524 2798 5600 talibusque
2844 5544 3069 5599 regnum
3124 5527 3377 5583 culorum
3427 5525 3735 5596 pollicetur;
3783 5513 3829 5568 id

2261 5621 2405 5694 quod
2434 5622 2594 5677 etiam
2627 5621 2756 5677 dixit
2785 5621 3053 5691 superius.
3085 5619 3152 5674 Et
3182 5633 3280 5674 nos
3309 5620 3507 5687 itaque,
3532 5615 3577 5670 si
3608 5612 3831 5665 volumus

2264 5714 2489 5770 heredes
2513 5728 2635 5771 esse
2662 5714 2913 5769 caelorum
2940 5757 2953 5778 ,
2986 5713 3125 5768 hanc
3154 5713 3400 5766 virtutem
3431 5724 3551 5764 cum
3579 5698 3829 5773 diligentia
3870 5742 3871 5745 η

2265 5820 2456 5880 magna
2483 5815 2771 5864 sectemur.
2803 5804 2916 5864 lioc
2952 5813 3034 5862 est
3062 5804 3204 5860 enim
3241 5798 3588 5876 philosophia:
3613 5794 3807 5853 cultum
