4034 6408
328 320 421 378 801
460 312 467 319 ’

322 440 621 512 simplicem
640 448 763 495 esse
783 449 904 493 cum
935 433 1240 506 prudentia:
1261 433 1376 488 haec
1403 432 1510 487 vita
1539 428 1909 499 est-angelica.

327 535 516 591 Anima
554 534 697 588 enim
741 529 967 602 puerulo
1009 527 1255 583 omnibus
1292 523 1457 580 animi
1502 521 1704 579 morbis
1747 533 1911 575 vacua

326 633 442 693 est;
474 641 578 682 non
607 623 923 681 memoriam
951 620 1141 677 retinet
1170 617 1504 689 iniuriarum,
1536 614 1631 670 sed
1661 628 1753 669 cas
1779 610 1913 667 infc-

327 728 505 775 rentes
546 716 656 772 adit
702 724 762 771 ut
801 715 1037 774 amicos,
1068 728 1132 767 ac
1160 712 1202 767 si
1233 710 1362 765 nihil
1408 709 1603 764 factum
1654 712 1816 762 esset.
1846 704 1913 759 Et

324 812 663 883 quantumvis
687 825 716 863 a
739 819 910 864 matre
933 806 1242 862 verberibus
1268 805 1522 867 caedatur,
1553 817 1670 857 eam
1698 815 1912 870 semper

323 905 512 976 qumrit
536 946 550 969 ,
579 912 630 959 et
660 901 906 957 omnibus
933 898 1226 970 anteponit.
1254 895 1310 953 Si
1336 897 1575 967 reginam
1601 892 1701 963 ipsi
1727 901 1909 948 osten-

323 997 423 1053 das
477 996 777 1052 diademate
831 1003 1109 1056 ornatam,
1138 1006 1244 1044 non
1293 987 1541 1059 praeferet
1586 1001 1704 1041 eam
1751 982 1909 1038 matri

320 1088 513 1159 pannis
555 1087 764 1141 detritis
803 1083 1043 1151 vestiuc,
1067 1082 1330 1152 maletque
1379 1078 1523 1135 illam
1553 1077 1805 1133 incultam
1833 1076 1912 1129 vi-

322 1181 455 1235 dere
481 1219 499 1246 ,
527 1194 687 1250 quam
714 1177 949 1243 reginam
982 1172 1259 1245 magniﬁce
1302 1172 1573 1226 amictam.
1602 1169 1736 1225 Nam
1765 1167 1907 1241 quod

320 1290 501 1340 suum,
533 1271 675 1342 quod
703 1271 934 1325 alienum
966 1276 1069 1333 est,
1096 1281 1203 1322 non
1228 1281 1293 1321 ex
1325 1273 1635 1337 paupertate
1662 1263 1744 1319 vel
1769 1261 1907 1317 divi-

321 1369 431 1434 tiis,
459 1367 552 1422 sed
579 1381 643 1421 ex
670 1378 854 1420 amore
900 1362 1167 1416 :cstimarc
1211 1360 1348 1415 solet
1376 1377 1391 1415 :
1422 1368 1476 1414 et
1512 1358 1642 1412 nihil
1671 1357 1788 1426 plus
1816 1371 1907 1412 re-

319 1459 485 1525 quirit
507 1498 523 1523 ,
549 1471 706 1527 quam
738 1453 1058 1517 necessaria,
1092 1461 1253 1522 atque
1274 1460 1333 1505 ut
1358 1452 1494 1507 lacte
1531 1450 1765 1520 repletus
1789 1453 1905 1508 est.

318 1550 502 1605 statim
532 1547 772 1603 abscedit
798 1562 827 1600 a
862 1543 1256 1621 mamma.‘Non
1286 1541 1472 1598 iisdem
1503 1582 1518 1609 ,
1546 1540 1737 1611 quibus
1778 1554 1904 1607 nos,

316 1642 574 1698 aerumnis
630 1640 888 1710 premitur
951 1637 1238 1708 parvulus,
1290 1650 1398 1690 non
1441 1632 1783 1705 pecuniarum
1826 1631 1910 1703 ja-

314 1744 508 1799 ctura,
541 1732 807 1803 rebusque
850 1730 1152 1794 similibus;
1198 1743 1297 1783 nec
1340 1726 1408 1782 de
1455 1725 1678 1791 iisdem,
1711 1724 1907 1795 quibus

320 1843 440 1891 nos,
471 1827 626 1882 lluxis
653 1826 811 1881 rebus
837 1824 1068 1890 laetatur,
1100 1837 1271 1893 neque
1298 1835 1584 1892 corporum
1615 1816 1912 1889 pulchritu-

315 1920 499 1974 dinem
555 1918 798 1972 miratur.
841 1917 967 1972 Idco
1012 1915 1260 1971 dicebat:
1292 1912 1498 1968 Talium
1545 1920 1617 1966 est
1659 1911 1790 1964 enim
1827 1925 1908 1964 re-

314 2030 475 2088 gnum
503 2014 744 2068 calorum
775 2030 795 2065 :
826 2020 884 2065 nt
924 2025 989 2066 ex
1021 2009 1294 2081 proposito
1322 2006 1611 2060 voluntatis
1646 2004 1734 2058 illa
1774 2019 1906 2074 ope-

314 2125 538 2173 remur,
582 2122 701 2177 quze
755 2115 943 2160 natura
987 2120 1082 2158 sua
1130 2101 1281 2175 pueri
1328 2099 1549 2155 faciunt.
1580 2098 1710 2167 Quia
1761 2096 1905 2152 enim

314 2200 573 2257 Pbarismi
613 2213 718 2254 non
748 2196 983 2263 aliunde,
1011 2210 1171 2267 quam
1198 2209 1227 2247 a
1256 2191 1488 2263 nequitia
1520 2199 1572 2245 et
1603 2177 1905 2260 arrogantia

313 2291 383 2346 ad
411 2290 675 2362 agendum
702 2288 1013 2344 ferebantur
1036 2328 1051 2352 ,
1084 2285 1204 2340 ideo
1235 2284 1429 2354 ubique
1458 2280 1749 2355 discipulos
1779 2294 1907 2334 suos

312 2382 590 2451 simplices
631 2394 754 2439 esse
787 2378 981 2449 jubet,
1015 2378 1239 2446 illosque
1265 2373 1567 2430 subindicat
1589 2415 1604 2437 ,
1636 2371 1762 2427 dum
1806 2370 1908 2426 hos

313 2474 565 2531 instituit.
587 2470 728 2527 Nihil
752 2470 896 2525 enim
924 2471 995 2524 ita
1018 2467 1320 2539 superbiam
1350 2467 1485 2538 parit
1510 2508 1525 2531 ,
1557 2474 1617 2520 ut
1645 2464 1908 2535 principa-

314 2578 403 2623 tus
441 2576 495 2624 et
524 2565 678 2637 primi
722 2578 1028 2619 consessus.
1060 2561 1321 2628 Quoniam
1356 2559 1513 2630 igitur
1541 2556 1784 2629 discipuli
1811 2571 1907 2627 per

312 2668 486 2717 totum
512 2668 771 2715 terrarum
802 2658 985 2713 orbem
1013 2655 1238 2711 multum
1267 2653 1488 2709 honoris
1527 2651 1904 2723 consequuturi

310 2761 491 2818 erant,
520 2751 757 2822 ipsorum
778 2749 987 2804 animos
1012 2746 1290 2819 prmvenit,
1323 2760 1423 2801 nec
1442 2744 1572 2800 sinit
1592 2758 1691 2799 eos
1713 2742 1906 2799 huma-

312 2858 451 2900 num
464 2844 594 2914 quid
613 2845 748 2914 pati,
766 2857 866 2898 nec
881 2842 1144 2897 honorem
1159 2856 1191 2896 a
1207 2843 1370 2911 vulgo
1379 2845 1654 2909 expetere,
1671 2835 1757 2892 vel
1774 2842 1903 2891 ante

312 2934 445 2992 illos
461 2951 583 3005 sese
593 2934 805 2991 cﬂ‘errc.
825 2932 960 2989 Nam
975 2932 1193 2989 etiamsi
1207 2932 1322 2987 haec
1338 2945 1505 3002 parva
1516 2928 1804 2985 videantur
1820 2945 1909 2985 cs-

315 3042 393 3093 se,
423 3029 650 3084 atmalis
679 3026 992 3099 ingentibus
1008 3040 1231 3082 causam
1252 3024 1513 3095 praebent.
1538 3020 1631 3077 Sic
1654 3022 1799 3076 enim
1818 3022 1904 3075 in-

312 3118 770 3176 stitutil’hariszei
790 3120 844 3175 in
879 3119 1152 3174 malorum
1178 3117 1397 3173 culmen
1413 3114 1800 3180 ascenderunt,
1815 3127 1906 3167 sa-

313 3207 640 3274 lutationes,
667 3208 878 3279 primos
914 3222 1212 3264 consessus
1228 3215 1283 3260 et
1317 3206 1569 3260 incessus
1588 3202 1798 3258 medios
1817 3216 1907 3256 re-

310 3304 592 3374 quirentes
614 3319 628 3354 :
654 3300 779 3356 hinc
810 3300 861 3354 in
891 3298 1167 3354 ardentem
1189 3295 1371 3367 gloria:
1395 3294 1761 3366 cupiditatem,
1780 3294 1905 3351 inde

309 3412 446 3452 vero
490 3395 541 3451 in
583 3394 908 3461 impietatem
941 3391 1072 3463 lapsi
1115 3397 1259 3445 sunt.
1286 3380 1490 3446 Idcirco
1518 3388 1593 3444 illi
1623 3398 1904 3460 postquam

309 3487 574 3545 tentando
620 3485 957 3541 maledictum
987 3483 1089 3539 sibi
1114 3490 1479 3550 attraxerant,
1518 3492 1905 3539 recesserunt:

309 3581 467 3651 pueri
497 3594 625 3635 vero
655 3576 1082 3633 benedictionem
1108 3575 1365 3642 habuere,
1396 3584 1584 3647 utpote
1603 3575 1708 3632 illis
1730 3575 1906 3631 omni-

307 3672 415 3728 bus
438 3673 731 3739 imtnunes.
762 3670 943 3725 Simus
981 3683 1110 3740 ergo
1153 3682 1251 3723 nos
1295 3676 1353 3722 ut
1398 3668 1582 3737 pueri,
1607 3676 1661 3723 et
1702 3667 1904 3723 malitia

306 3764 562 3820 infantes.
593 3762 779 3833 Neque
807 3761 947 3817 enim
979 3774 1284 3832 possumus,
1312 3775 1416 3813 non
1448 3774 1734 3830 possumus
1759 3767 1906 3816 certe

305 3859 419 3913 alio
444 3856 605 3912 modo
631 3855 823 3912 cadum
846 3853 1028 3909 videre
1061 3870 1074 3905 :
1106 3850 1201 3908 sed
1235 3865 1456 3906 necesse
1488 3865 1706 3919 prorsus
1734 3851 1787 3905 in
1811 3865 1908 3922 ge—

307 3951 547 4007 hennam
578 3948 818 4004 incidere
845 3961 967 4003 eum
1006 3944 1094 4017 qui
1128 3944 1196 3999 sit
1222 3942 1590 3999 fraudulentus
1626 3952 1680 3998 et
1704 3943 1907 4012 impro-

304 4043 431 4097 bus.
463 4040 575 4096 lmo
598 4049 723 4096 ante
751 4039 1048 4111 gehennam
1085 4036 1172 4092 hic
1196 4050 1413 4107 quoque
1451 4044 1688 4090 extrema
1730 4034 1903 4104 patie-

304 4149 453 4189 mur.
477 4131 610 4188 Nam
638 4131 700 4187 Si
721 4130 883 4185 nicius
910 4129 1086 4201 (neris,
1120 4128 1310 4196 inquit,
1341 4127 1478 4181 solus
1506 4126 1708 4180 [tauries
1730 4125 1903 4193 mala;

303 4230 349 4283 si
378 4236 548 4281 autent
575 4227 732 4280 bonus
749 4266 763 4292 ,
793 4234 839 4277 et
882 4224 971 4277 tibi
999 4232 1049 4278 et
1077 4221 1310 4293 proximo
1338 4222 1497 4275 bonus
1516 4222 1612 4276 eris
1640 4218 1821 4290 (Prov.
1846 4219 1901 4272 9.

304 4320 381 4376 £2
400 4317 441 4391 ).
477 4317 882 4372 Animadvertas
907 4315 1107 4376 enim,
1138 4313 1206 4367 ita
1250 4326 1463 4383 quoque
1506 4311 1682 4382 prisce
1724 4319 1900 4366 actum

301 4425 449 4467 esse.
484 4408 624 4464 Nihil
666 4408 809 4463 enim
839 4407 1110 4462 scelestius
1153 4403 1313 4460 Saﬁle
1337 4402 1467 4470 fuit,
1497 4418 1671 4470 neque
1694 4401 1904 4472 simpli-

302 4504 426 4558 cius
458 4499 680 4556 Davide.
711 4499 841 4565 Quis
868 4513 995 4566 ergo
1022 4496 1209 4551 fortior
1247 4494 1385 4549 fuit?
1413 4494 1606 4550 Annon
1636 4494 1719 4550 bis
1747 4493 1901 4549 illum

302 4609 423 4665 prae
450 4591 696 4653 manibus
727 4590 908 4646 habuit
948 4588 1110 4645 David
1134 4629 1150 4652 ,
1183 4598 1236 4644 et
1266 4603 1387 4642 cum
1415 4594 1597 4657 posset
1621 4585 1865 4642 occidere
1883 4626 1899 4652 ,

299 4683 608 4740 abstinuit?
631 4698 821 4739 annon
851 4682 999 4737 ilium
1025 4680 1181 4752 quasi
1216 4695 1412 4752 sagena
1446 4686 1503 4735 et
1528 4694 1745 4734 carcere
1770 4692 1893 4734 con~

298 4777 515 4832 clusum
547 4775 735 4831 habuit
759 4816 774 4844 ,
803 4783 860 4830 ct
888 4775 1126 4845 pepercit
1152 4774 1201 4830 ei
1220 4774 1246 4827 2
1282 4772 1503 4828 Etiamsi
1537 4771 1627 4827 alii
1666 4772 1903 4827 concita-

299 4877 430 4924 rent
454 4867 660 4937 ipsum,
688 4866 899 4923 etiamsi
930 4866 1023 4921 ille
1067 4865 1375 4922 innumeras
1398 4864 1747 4935 querimonia:
1773 4878 1901 4919 cau-

298 4973 397 5015 sas
424 4958 667 5025 haberet,
689 4966 927 5014 attamen
951 4958 1158 5014 salvum
1179 4958 1401 5015 dimisit.
1418 4956 1749 5028 Quamquam
1771 4955 1899 5013 Sail!

280 5052 482 5123 ipsum
509 5066 631 5108 cum
659 5061 771 5107 toto
790 5052 1028 5108 exercitu
1052 5050 1451 5122 insequebatur,
1481 5048 1751 5121 Davidque
1774 5065 1898 5106 cum

296 5143 493 5216 paucis
519 5143 752 5219 fugitivis
774 5146 920 5201 omni
962 5159 1059 5215 spe
1102 5143 1370 5200 destitutis
1408 5141 1624 5198 errabat
1668 5142 1901 5198 interce-

297 5249 460 5308 ptus,
492 5250 527 5293 α
550 5236 671 5295 loco
708 5237 762 5297 in
802 5236 979 5293 locum
1031 5238 1342 5294 transiens:
1373 5242 1608 5292 attamen
1648 5234 1900 5307 fugitivus

297 5342 487 5399 regem
541 5327 859 5404 superavit:
889 5329 1013 5399 quia
1058 5329 1153 5385 ille
1193 5344 1314 5385 cum
1354 5328 1697 5400 simplicitate
1722 5368 1740 5395 ,
1769 5327 1897 5383 Saitl

300 5435 426 5479 cum
450 5420 650 5479 malitia
671 5420 1169 5477 castrametabatur.
1183 5419 1319 5489 Quid
1339 5420 1482 5476 enim
1505 5420 1784 5476 scelestius
1805 5419 1906 5474 illo

298 5512 464 5570 fuerit
482 5553 499 5581 ,
525 5513 619 5583 qui
647 5513 840 5569 ducem
868 5514 1137 5570 exercitus
1164 5513 1247 5569 sui
1266 5556 1281 5580 ,
1311 5513 1400 5585 qui
1431 5514 1607 5569 omnia
1634 5513 1774 5569 bella
1803 5529 1893 5569 re.

299 5613 392 5661 cte
417 5605 658 5676 gerebat,
686 5621 811 5663 cum
843 5607 1088 5664 victoriis
1113 5616 1171 5663 et
1198 5607 1549 5679 tropais,,qui
1577 5606 1789 5663 labores
1813 5605 1894 5663 fe-

300 5696 478 5767 rebat,
502 5706 561 5756 et
586 5713 820 5757 coronas
854 5699 969 5772 regi
998 5700 1240 5773 parabat,
1268 5699 1506 5757 tentabat
1531 5698 1780 5757 occidere
1801 5700 1828 5755 ἲ

1348 317 1413 374 ΙΝ
1449 312 1857 372 ΜΑΤΤΗίΕυΜ
1898 310 2128 370 IIOMIL.
2174 317 2327 376 LXII.
2363 324 2432 379 al.
2472 326 2656 386 LXIII.

3503 350 3603 407 (ἱοὲ

2097 432 2152 488 5.
2197 432 2398 492 lnrirlia
2439 439 2582 497 bonis
2620 461 2818 517 quoque
2871 451 2976 506 suis
3038 453 3326 514 insidiatur.
3361 491 3435 504 —
3466 465 3607 523 Talis

2018 524 2216 627 quippe
2241 538 2323 627 est
2349 530 2557 627 invidia
2587 552 2602 588 :
2633 537 2789 594 bonis
2814 540 2925 612 ipsa
2970 548 3199 621 propriis
3236 567 3450 627 semper
3476 558 3598 616 insi-

2019 614 2226 687 diatur,
2256 619 2599 697 invidumque
2629 630 2878 690 tabefacit
2897 677 2913 702 ,
2957 614 3014 693 et
3042 614 3189 698 mille
3212 614 3607 709 calamitatibus

2020 710 2255 768 involvit.
2290 716 2451 775 Miser
2473 736 2602 793 ergo
2632 723 2737 792 ille,
2762 726 2934 785 donec
2960 731 3125 790 David
3152 736 3222 793 ab
3250 739 3342 797 illo
3360 747 3601 803 recessit.

2025 807 2384 867 miserabilem
2408 813 2553 873 illam
2577 832 2762 874 vocem
2786 822 2973 895 lugens
2992 842 3100 884 non
3123 831 3302 888 emisit
3333 853 3347 890 :
3372 834 3604 893 Nimium

2016 908 2268 968 comatur,
2298 901 2597 977 alienigena
2621 908 2807 967 bellum
2835 916 2961 972 milii
2982 917 3242 991 inferunt,
3275 935 3325 980 et
3352 925 3605 986 Dominus

2016 994 2217 1046 recessit
2236 1011 2269 1048 a
2290 1011 2369 1051 me
2396 996 2416 1068 (
2444 998 2493 1053 l.
2531 1000 2660 1073 Reg.
2690 1003 2780 1060 28.
2813 1007 2879 1063 15
2896 1006 2943 1081 ).
2971 1010 3270 1084 Antequam
3298 1017 3466 1076 David
3491 1021 3573 1077 dis

2016 1085 2230 1142 cederet
2252 1129 2268 1154 ,
2301 1105 2408 1145 non
2450 1091 2635 1150 incidit
2683 1096 2735 1152 in
2763 1097 2993 1172 bellum,
3020 1105 3117 1163 sed
3157 1109 3210 1164 in
3239 1113 3525 1171 securitate
3552 1126 3605 1169 et

2096 1178 2259 1275 gloria
2284 1180 2543 1253 degebat:
2571 1186 2737 1257 gloria
2764 1192 2959 1264 quippe
2984 1195 3136 1254 ducis
3159 1200 3212 1256 in
3234 1217 3411 1275 regem
3431 1215 3609 1265 trans-

2015 1267 2142 1369 ibat.
2174 1269 2356 1369 Neque
2381 1275 2522 1332 enim
2556 1288 2811 1351 tyrannus
2831 1294 2947 1340 erat
2965 1286 3158 1359 David,
3181 1267 3355 1364 neque
3375 1297 3547 1369 ipsum
3572 1316 3601 1353 a

2014 1361 2151 1417 solio
2191 1363 2425 1435 dejicere
2466 1371 2701 1427 tcntabat
2744 1389 2759 1441 ;
2794 1376 2887 1432 sed
2927 1391 3026 1449 pro
3066 1380 3158 1437 illo
3197 1361 3453 1455 praeclare
3488 1407 3602 1447 rem

1982 1452 1985 1455 “
2012 1454 2231 1524 gerebat
2255 1499 2271 1522 ,
2306 1459 2446 1516 bene
2471 1476 2593 1535 erga
2632 1465 2784 1522 illum
2810 1468 3031 1529 affectus
3055 1490 3070 1530 :
3102 1473 3156 1531 id
3183 1452 3323 1548 quod
3351 1481 3512 1538 etiam
3535 1499 3602 1540 ex

2013 1553 2362 1651 sequentibus
2394 1556 2735 1651 manifestum
2764 1561 2882 1620 fuit.
2913 1564 3047 1622 Nam
3079 1571 3333 1651 quamdiu
3377 1575 3479 1630 sub
3508 1577 3600 1633 illo

2017 1642 2281 1699 militabat
2305 1687 2320 1711 ,
2348 1644 2450 1718 legi
2478 1647 2708 1709 fortasse
2736 1655 3085 1727 subiectionis
3104 1642 3240 1723 illud
3276 1666 3568 1723 attribuent
3586 1710 3603 1735 ,

2016 1735 2102 1805 qui
2132 1751 2237 1792 non
2264 1749 2515 1797 accurate
2534 1758 2646 1798 rem
2673 1747 2955 1817 explorant
2985 1767 3000 1806 :
3027 1752 3122 1808 sed
3151 1764 3432 1827 postquam
3455 1758 3604 1816 illum

2013 1844 2044 1886 c
2070 1846 2235 1901 regno
2258 1848 2357 1889 suo
2376 1837 2615 1906 expulit,
2639 1840 2764 1912 quid
2797 1842 2944 1898 illum
2975 1843 3331 1916 impediebat,
3356 1851 3481 1921 quid
3529 1854 3604 1909 illi

2014 1924 2273 1981 suadebat
2316 1936 2430 1982 uta
2480 1929 2623 1986 bello
2666 1933 2765 2002 ipsi
2810 1934 3092 1993 inferendo
3135 1940 3469 1999 abstineret?
3498 1945 3607 2002 imo

2014 2033 2164 2086 vero,
2192 2021 2320 2091 quid
2342 2038 2448 2079 non
2475 2025 2728 2083 incitabat
2749 2038 2806 2084 ut
2827 2045 3013 2087 necem
3039 2032 3111 2089 illi
3136 2034 3389 2095 inferret?
3410 2039 3604 2095 Annon

2013 2112 2203 2176 semel,
2258 2112 2343 2170 bis
2391 2123 2445 2170 ct
2489 2118 2834 2190 pluries‘ipsi
2864 2122 3142 2179 insidiatus
3168 2137 3285 2181 erat
3331 2128 3605 2200 improbus

2014 2204 2142 2260 ille?
2183 2221 2360 2262 annon
2392 2209 2664 2266 beneficiis
2687 2213 2950 2269 allectus?
2986 2229 3163 2273 annon
3192 2235 3317 2288 erga
3339 2221 3603 2280 insontem

2013 2296 2073 2353 id
2099 2302 2320 2371 egerat?
2344 2317 2521 2358 annon
2552 2320 2675 2361 cum
2706 2307 2942 2376 periculo
2969 2323 3067 2364 suo
3091 2310 3218 2367 Saﬁl
3251 2315 3527 2387 regnabat,
3550 2327 3604 2373 et

2016 2391 2196 2447 salvus
2236 2394 2392 2449 erat?
2423 2410 2600 2452 annon
2630 2398 2726 2453 illo
2755 2399 2966 2457 vivente
2990 2411 3047 2458 et
3091 2403 3388 2474 imperante
3416 2423 3603 2464 erran-

2013 2485 2139 2542 dum
2179 2502 2392 2559 semper
2431 2491 2529 2560 ipsi
2556 2502 2672 2547 erat
2710 2501 2765 2549 et
2793 2493 3099 2565 fugiendum
3124 2538 3140 2565 ,
3167 2512 3231 2555 ac
3257 2498 3326 2557 de
3349 2503 3604 2558 extremis

2015 2581 2466 2652 periclitandum?
2501 2584 2640 2640 Nihil
2679 2594 2855 2643 tamen
2901 2604 3084 2644 eorum
3137 2590 3310 2661 ipsum
3353 2592 3605 2652 inducere

2014 2675 2186 2744 potuit
2202 2683 2258 2730 ut
2272 2676 2504 2747 gladium
2526 2688 2832 2736 cruentaret
2852 2697 2867 2735 :
2890 2680 2997 2737 imo
3016 2681 3373 2740 dormientem
3393 2685 3604 2755 videns,

2013 2775 2228 2838 captum
2255 2778 2312 2824 et
2337 2769 2512 2826 solum
2539 2771 2593 2826 in
2618 2771 2797 2829 medio
2838 2789 3061 2830 suorum
3092 2818 3108 2843 ,
3140 2791 3263 2831 cum
3294 2788 3456 2848 caput
3482 2778 3604 2848 ejus

2013 2862 2381 2933 contingeret,
2423 2863 2687 2937 multique
2713 2876 2895 2922 essent
2934 2867 3022 2938 qui
3054 2869 3203 2924 illum
3227 2869 3604 2937 concitabant,

2012 2951 2368 3026 dicebantque
2410 2955 2503 3013 Dei
2532 2967 2662 3014 nutu
2707 2959 2863 3015 talem
2908 2961 3006 3017 sibi
3036 2965 3486 3035 opportunitatem
3524 2964 3604 3020 of-

2015 3043 2162 3113 ferri,
2195 3048 2284 3104 ille
2309 3058 2363 3105 et
2390 3050 2674 3109 incitantes
2701 3069 2758 3109 se
2790 3054 3104 3126 increpavit,
3136 3067 3189 3113 et
3214 3073 3243 3112 a
3266 3059 3413 3114 ctedc
3437 3059 3603 3116 absti-

2012 3141 2163 3209 nuit,
2193 3142 2508 3215 salvumque
2546 3154 2602 3203 et
2639 3162 2830 3203 sanum
2867 3149 3038 3219 ipsum
3082 3150 3336 3222 reliquit:
3367 3167 3431 3209 ac
3455 3133 3604 3224 quasi

2012 3234 2255 3302 corporis
2280 3234 2394 3303 ejus
2418 3245 2617 3302 custos,
2649 3253 2715 3296 ac
2744 3248 3017 3308 protector
3035 3281 3053 3307 ,
3080 3256 3186 3297 non
3216 3240 3385 3298 hostis
3411 3243 3570 3301 fuerit
3588 3287 3603 3309 ,

2013 3326 2091 3380 sic
2115 3327 2407 3383 exercitum
2436 3330 2707 3385 accusavit
2733 3331 2874 3400 quod
2903 3348 3082 3404 regem
3107 3335 3447 3404 prodidisset.
3468 3338 3605 3408 Quid

2014 3420 2138 3476 huic
2157 3422 2338 3478 animo
2365 3439 2460 3494 par
2476 3423 2675 3480 fuerit?
2693 3441 2811 3497 quae
2830 3428 3184 3484 mansuetudo
3205 3430 3328 3486 huic
3352 3432 3605 3503 aequalis?

2015 3511 2068 3567 Id
2087 3514 2228 3568 enim
2251 3530 2315 3569 ex
2337 3515 2513 3582 dictis,
2534 3516 2807 3589 multoque
2825 3519 2993 3589 magis
3012 3535 3076 3575 ex
3104 3520 3166 3575 iis
3203 3535 3325 3590 qua:
3340 3521 3499 3579 modo
3520 3522 3599 3579 Im

2011 3611 2100 3659 cta
2123 3616 2270 3674 sunt,
2285 3606 2760 3678 conspicetelicct.
2779 3608 2993 3665 Sienim
3026 3612 3344 3683 pravitatem
3370 3624 3604 3670 nostram

2014 3699 2438 3765 consideremus,
2461 3709 2586 3756 tunc
2608 3702 2798 3758 melius
2817 3714 3121 3760 sanctorum
3145 3706 3391 3763 virtutem
3412 3723 3607 3780 cogno-

2015 3806 2246 3848 scemus.
2279 3793 2618 3865 Quapropter
2663 3794 2890 3851 obsecro
2919 3808 2975 3850 nt
3002 3797 3066 3853 ad
3097 3796 3306 3853 illorum
3354 3799 3607 3855 imitatio-

2016 3898 2138 3939 nem
2170 3898 2471 3940 curramus.
2502 3885 2635 3941 Nam
2673 3887 2716 3941 si
2754 3886 2981 3956 gloriam
3008 3904 3158 3944 amas
3181 3928 3197 3954 ,
3236 3898 3292 3945 et
3320 3889 3442 3947 ideo
3470 3906 3607 3963 pro—

2013 3973 2158 4031 ximo
2189 3983 2280 4031 tuo
2326 3976 2595 4033 insidiaris
2620 4019 2636 4044 ,
2674 3987 2802 4033 tunc
2848 3979 3082 4036 maxime
3128 3980 3217 4036 illa
3262 3980 3458 4038 frueris
3485 3999 3606 4041 cum

2013 4066 2235 4138 gloriam
2270 4082 2531 4138 respuens
2550 4109 2566 4135 ,
2594 4068 2663 4124 ab
2691 4068 2899 4125 insidiis
2926 4070 3267 4128 abstinueris.
3293 4072 3443 4130 Sicut
3460 4076 3617 4141 enim

2014 4157 2361 4229 pecuniarum
2407 4169 2746 4231 contemptus
2775 4162 3015 4218 avaritiae
3043 4165 3345 4222 contrarius
3374 4176 3456 4223 est
3487 4184 3502 4223 :
3532 4167 3609 4222 sic

2013 4252 2237 4323 gloriam
2286 4254 2542 4324 consequi
2585 4262 2641 4310 et
2681 4255 2904 4326 ghriam
2955 4271 3137 4313 amare
3163 4267 3294 4312 sunt.
3316 4259 3607 4315 culinaria.

2016 4345 2083 4401 Et
2129 4349 2174 4402 si
2203 4345 2419 4416 placet,
2450 4346 2669 4418 singula
2702 4357 3024 4404 scrutemur.
3064 4347 3382 4417 Quiaenim
3431 4351 3610 4407 nullus

2012 4439 2167 4496 nobis
2192 4439 2331 4496 inest
2352 4438 2610 4511 gehennae
2631 4440 2809 4506 timor,
2840 4454 3015 4512 neque
3033 4440 3193 4513 regni.
3208 4440 3459 4497 caelorum
3478 4458 3607 4497 cura

2013 4534 2144 4603 ulla,
2179 4549 2277 4605 age
2292 4575 2306 4600 ,
2324 4550 2392 4588 ex
2418 4533 2769 4605 praesentibus
2786 4534 2852 4589 ad
2870 4533 2959 4588 illa
2976 4547 3075 4590 vos
3118 4533 3452 4590 inducamus.
3474 4536 3607 4605 Qui-

2012 4643 2157 4692 nam,
2181 4640 2388 4697 quteso,
2411 4624 2615 4680 ridiculi
2635 4625 2792 4680 sunt?
2811 4639 2987 4679 nonne
3003 4623 3039 4679 ii
3069 4624 3156 4695 qui
3183 4633 3404 4695 preptcr
3431 4625 3611 4680 multi-

2016 4718 2216 4775 tudinis
2236 4731 2421 4772 auram
2449 4724 2612 4787 agunt
2624 4715 2655 4768 ‘1‘
2671 4714 2899 4782 Quinam
2916 4728 3044 4769 vero
3070 4713 3356 4770 laudandi?
3373 4729 3549 4770 nonne
3571 4716 3613 4771 ii

2008 4814 2099 4885 qui
2118 4812 2392 4885 vulgarem
2409 4809 2619 4867 laudem
2635 4807 3019 4864 contemnunt?
3036 4807 3174 4879 Ergo
3189 4806 3233 4864 si
3254 4822 3405 4864 vana:
3422 4808 3608 4880 gloriae

2010 4923 2164 4963 amor
2210 4903 2597 4977 vituperandus
2635 4909 2720 4959 est
2744 4940 2761 4968 ,
2793 4909 2849 4958 et
2895 4900 2941 4957 si
2984 4916 3136 4956 vana:
3175 4901 3357 4971 gloria:
3382 4902 3609 4973 cupidus

2012 5013 2120 5056 non
2148 5005 2325 5069 potest
2349 5011 2410 5053 ea
2439 4996 2493 5050 in
2520 5010 2580 5051 re
2618 4994 2790 5048 latere
2812 5033 2829 5059 ,
2864 4991 3021 5063 plane
3062 4992 3446 5064 vituperandus
3472 4993 3602 5058 erit,

2008 5106 2268 5163 amorque
2307 5088 2495 5162 gloriae
2534 5086 2637 5144 erit
2665 5086 2743 5141 illi
2770 5100 2928 5143 causa
2960 5084 3262 5142 dedecoris.
3290 5084 3475 5156 Neque
3502 5086 3606 5142 hac

2009 5187 2183 5243 solum
2213 5183 2282 5240 de
2305 5197 2465 5239 causa
2492 5180 2908 5248 dehonestatur,
2950 5178 3044 5237 sed
3073 5180 3234 5236 etiam
3269 5180 3410 5254 quod
3438 5180 3604 5236 multa

2009 5280 2183 5351 turpia
2214 5286 2270 5335 et
2303 5277 2521 5335 servilia
2563 5273 2742 5331 facere
2787 5282 3031 5345 cogatur.
3057 5272 3149 5330 Sic
3177 5273 3338 5329 etiam
3367 5287 3600 5340 omnes,

2008 5374 2105 5445 qui
2131 5373 2281 5429 lucro
2321 5385 2421 5428 ceu
2452 5368 2697 5425 furentes
2722 5365 2967 5433 student,
2990 5365 3060 5422 ab
3083 5380 3271 5422 amore
3295 5363 3429 5421 lucri
3457 5378 3603 5434 saepe

2009 5465 2132 5522 laedi
2176 5462 2354 5522 solent
2391 5479 2408 5518 :
2450 5460 2647 5518 multas
2701 5458 2901 5530 quippe
2948 5457 3163 5514 fraudes
3208 5456 3497 5521 adhibent,
3543 5463 3601 5511 et

2006 5574 2167 5630 quam
2199 5555 2418 5615 minima
2450 5554 2598 5611 lucra
2626 5566 2817 5623 magna
2849 5551 3061 5623 pariunt
3083 5549 3423 5606 detrimenta.
3454 5547 3598 5617 Qua-

2006 5662 2230 5725 propter
2258 5650 2363 5707 hoc
2387 5651 2559 5720 ipsum
2591 5650 2644 5704 in
2685 5647 3028 5718 proverbium
3064 5643 3292 5700 transiit.
3324 5640 3415 5698 Sic
3432 5641 3599 5699 etiam

2007 5745 2207 5806 lascivo
2231 5785 2247 5813 ,
2275 5740 2750 5816 impcdimentoad
2782 5739 3115 5812 voluptatem
3150 5746 3238 5793 est
3262 5736 3377 5809 ipse
3400 5735 3596 5794 nimius
