4034 6404
427 290 532 348 603

424 400 648 457 affectus
677 419 692 456 :
723 415 848 457 nam
875 402 1007 457 viles
1033 400 1153 457 illos
1173 400 1513 457 etl'eminatos
1553 399 1705 470 quasi
1750 396 2010 467 mancipia

424 493 678 549 mulieres
710 495 989 550 traducunt
1017 510 1031 557 ;
1060 508 1230 564 neque
1251 492 1538 564 dignantur
1558 491 1665 546 illis
1693 499 1750 544 ut
1769 488 1896 543 viris
1916 486 2012 551 uti,

424 586 666 657 colaphis
694 599 749 642 et
777 588 947 658 sputis
973 586 1422 650 dehonestantes,
1452 587 1873 654 circumagentes
1892 622 1907 645 ,
1934 581 2014 634 ri-

423 680 614 733 dentes
641 678 759 732 illos
778 719 793 741 ,
825 687 985 747 atque
1008 680 1182 734 omnia
1212 679 1340 748 ipsis
1385 678 1726 748 imperantes.
1757 675 1844 730 Sic
1880 668 2015 727 nibii

425 769 606 826 viEius.
628 770 757 826 nihil
776 770 1032 841 ahjcctius
1046 780 1327 842 arrogante
1351 786 1413 826 ac
1433 785 1583 824 vanae
1597 768 1778 839 gloria:
1799 765 2012 837 cupido,

428 862 517 931 qui
546 861 645 915 sibi
678 862 920 917 sublimis
958 871 1012 918 et
1041 863 1181 918 altus
1209 862 1436 918 videtur.
1467 862 1599 917 Nam
1626 860 2013 916 contentiosum

423 962 506 1007 est
542 952 830 1008 humanum
857 970 1023 1026 genus
1043 998 1059 1025 ,
1088 963 1143 1010 et
1171 955 1300 1010 nulli
1329 956 1398 1010 ita
1429 955 1743 1009 adversatur
1769 958 1825 1006 ut
1859 965 2015 1005 arro-

422 1043 566 1111 ganti
592 1085 607 1110 ,
636 1043 904 1114 superbo,
937 1055 992 1100 et
1035 1047 1218 1118 gloria:
1257 1060 1433 1102 servo.
1467 1045 1582 1115 lpse
1611 1058 1738 1098 vero
1765 1084 1783 1115 ι
1832 1051 1889 1096 ιιι
1915 1040 2015 1096 sibi

424 1134 915 1206 illum‘arrogantim
939 1136 1154 1192 modum
1176 1146 1372 1201 servet,
1401 1137 1553 1207 quasi
1574 1133 1823 1205 mancipii
1844 1132 2017 1188 ofﬁcia

422 1223 559 1293 apud
588 1224 782 1281 multos
812 1225 1068 1295 exhibet,
1112 1226 1362 1281 adulatur
1387 1269 1402 1294 ,
1433 1235 1733 1282 assentator
1755 1265 1771 1291 ,
1811 1231 1866 1279 et
1900 1221 2017 1292 plus

433 1352 2757 1380 Μ

1148 290 1203 345 S.
1245 287 1525 345 JOANNIS
1561 280 2041 345 CHRYSOSTOMI
2078 279 2395 336 ARCIIIEP.
2435 279 2968 339 CONSTANTINOP.

3596 286 3693 343 σοι

2120 408 2278 461 quam
2308 392 2342 447 ii
2367 393 2457 462 qui
2488 408 2596 448 tere
2625 394 2791 463 empti
2821 404 2981 462 sunt,
3011 408 3070 450 se
3111 394 3436 464 gravissimm
3461 404 3696 456 servituti

2119 484 2357 554 sabjicit.
2391 485 2514 542 llzce
2537 501 2664 555 ergo
2691 487 2867 540 omnia
2893 502 3012 543 cum
3043 486 3305 554 sciamus,
3352 488 3513 544 hosce
3539 490 3701 561 depo-

2121 589 2310 629 natnus
2351 575 2604 643 all'ectus,
2644 593 2711 631 ne
2738 584 2793 631 et
2830 576 2915 632 hic
2954 593 3138 647 poenas
3165 577 3386 646 demus,
3414 589 3469 636 et
3495 581 3600 641 illic
3645 584 3697 640 il

2122 676 2381 722 mtcrnum
2420 667 2739 723 cruciemur.
2789 669 3009 724 Virtutis
3046 684 3175 740 ergo
3213 679 3478 727 amatores
3515 673 3697 729 simus.

2120 760 2209 815 Sic
2237 760 2379 815 enim
2420 760 2582 816 etiam
2608 768 2734 815 ante
2762 762 2984 832 regnum
3005 802 3021 827 ,
3049 762 3336 817 maximum
3364 764 3450 821 hic
3475 761 3696 831 fructum

2122 850 2472 921 decerpemus
2490 892 2504 914 ,
2533 861 2587 906 et
2612 851 2737 906 illuc
2763 853 3053 922 migrantes
3079 853 3293 908 aeternis
3321 856 3584 924 potientur
3603 856 3699 911 bo-

2122 942 2205 998 uis
2235 961 2248 997 :
2274 959 2395 1014 qua:
2420 945 2618 998 utinam
2649 959 2835 999 onmes
2860 958 3282 1014 consequamur,
3328 947 3498 1016 gratia
3526 956 3579 1001 et
3603 948 3700 1001 mi-

2122 1036 2410 1092 sericordia
2433 1036 2645 1091 Domini
2669 1036 2797 1092 Jesu
2816 1036 3038 1103 Christi,
3060 1037 3142 1093 cui
3164 1038 3329 1109 gloria
3349 1048 3403 1094 et
3424 1039 3698 1110 imperium

2124 1130 2177 1185 in
2202 1130 2395 1186 saecula
2421 1129 2757 1185 saeculorum.
2783 1129 2974 1184 Amen.

1577 1429 1924 1494 HOMILIA
1965 1424 2191 1487 LXIII.
2212 1440 2215 1443 ‘
2234 1423 2319 1486 al.
2365 1424 2593 1486 LXIV.

424 1582 554 1638 CAP.
598 1580 693 1639 l9!
727 1600 781 1639 v.
824 1583 917 1640 16.
959 1582 1025 1638 Et
1071 1600 1181 1640 ecce
1219 1601 1349 1638 unus
1394 1582 1637 1637 accedens
1701 1578 1828 1633 dixit
1895 1575 2013 1629 illi:

501 1672 752 1745 Magister
797 1676 923 1730 bone
942 1717 956 1744 ,
1006 1676 1131 1747 quid
1153 1675 1386 1746 faciendo
1425 1674 1576 1728 vitam
1604 1682 1842 1728 aeternam
1873 1671 2014 1725 here-

499 1766 668 1822 ditabo
683 1767 709 1822 ?

500 1906 555 1959 l.
580 1904 925 1960 Pec'uniarum
941 1922 1084 1960 amor
1107 1906 1356 1960 malorum
1375 1904 1598 1960 omnium
1622 1904 1790 1959 radix.
1808 1902 2014 1970 —-Qui-

429 1997 550 2053 dam
594 2000 738 2053 hunc
778 1998 1030 2068 juvenem
1087 2008 1146 2053 ut
1187 1997 1575 2053 fraudulentum
1620 2005 1674 2052 et
1716 1996 2014 2066 improbum

427 2088 816 2156 criminantur,
850 2098 907 2144 ut
950 2089 1037 2159 qui
1075 2089 1310 2145 tentandi
1358 2103 1515 2143 causa
1557 2086 1741 2143 Jesum
1783 2086 2014 2141 adierit:

429 2197 531 2252 ego
569 2196 696 2237 vero
722 2181 871 2236 illum
899 2196 1116 2236 avarum
1157 2192 1212 2237 et
1238 2181 1578 2251 pecuniarum
1616 2188 1883 2235 amantem
1933 2177 2018 2232 di-

428 2286 553 2328 cere
599 2287 707 2327 non
758 2271 997 2327 dubitem
1025 2315 1041 2340 ,
1090 2272 1307 2343 quando
1351 2270 1596 2327 Christus
1652 2272 1814 2327 talem
1862 2270 2011 2325 illum

430 2378 553 2421 esse
597 2364 1026 2423 demonstravit:
1054 2365 1448 2422 fraudulentum
1490 2380 1619 2420 vero
1648 2379 2016 2437 nequaquam,

426 2455 860 2529 quandoquidem
910 2473 1016 2511 non
1062 2464 1230 2511 tutum
1262 2468 1344 2512 est
1387 2456 1455 2515 de
1497 2457 1720 2512 occultis
1768 2456 2022 2511 audacter

431 2547 695 2617 judicare,
724 2564 847 2603 cum
873 2550 1104 2604 maxime
1132 2549 1199 2604 de
1219 2549 1466 2619 quapiam
1495 2548 1797 2604 accusando
1813 2548 2019 2619 agitur:

434 2628 604 2715 atque
643 2639 801 2693 etiam
844 2640 984 2711 quod
1015 2639 1222 2695 Marcus
1265 2639 1409 2695 illam
1450 2640 1807 2711 suspicionem
1846 2654 2022 2695 remo-

432 2733 571 2787 verit
596 2749 609 2785 :
635 2748 756 2787 nam
787 2733 862 2787 ait
891 2751 905 2787 :
929 2733 1211 2789 Accurrens
1237 2742 1284 2787 et
1303 2733 1638 2803 genuﬂcclens
1658 2731 1865 2803 rogabat
1886 2748 2022 2799 eum;

430 2832 520 2887 et,
552 2824 844 2894 Respiciens
871 2823 1023 2880 Jesus
1048 2824 1224 2880 dilexit
1249 2842 1360 2880 eum
1390 2825 1410 2896 (
1435 2824 1598 2879 ﬂare.
1634 2824 1722 2880 I0.
1757 2823 1844 2878 l7.
1882 2823 1946 2878 2i
1980 2822 2020 2895 ).

433 2915 542 2972 Sed
589 2917 753 2972 multa
793 2926 877 2972 est
918 2918 1261 2987 pecuniarum
1311 2917 1587 2989 tyrannis,
1618 2915 1758 2986 quod
1786 2914 1869 2971 vel
1899 2914 2024 2970 hinc

430 3006 606 3076 palam
633 3014 716 3061 est
745 3024 758 3062 :
790 3006 917 3062 licet
961 3008 1103 3062 enim
1151 3008 1371 3064 virtutes
1417 3008 1547 3062 alias
1585 3006 1823 3061 colamus
1847 3047 1863 3075 ,
1909 3005 2048 3061 btec‘

432 3098 613 3152 omnia
635 3098 772 3154 bona
792 3098 1095 3155 labefactat.
1118 3097 1243 3154 .lurc
1263 3113 1390 3168 ergo
1409 3098 1601 3153 Paulus
1623 3098 1764 3153 illam
1785 3098 2021 3153 omnium

430 3189 691 3245 malorum
718 3190 951 3246 radicem
980 3206 1100 3245 esse
1122 3191 1252 3246 dixit
1280 3207 1295 3246 :
1330 3191 1499 3247 Radix
1518 3191 1647 3245 enim
1667 3192 1888 3245 omnium
1915 3207 1999 3243 ma

431 3273 595 3327 lorum
620 3284 695 3327 est
721 3275 975 3345 avaritia(
1002 3277 1053 3331 1.
1088 3274 1218 3331 Tim.
1251 3276 1304 3330 ii.
1337 3275 1402 3330 10
1500 3275 1675 3343 Quare
1704 3291 1833 3346 ergo
1871 3273 2025 3329 Cltri-

430 3372 545 3419 stus
568 3362 636 3418 ita
660 3365 935 3437 respondit
961 3366 1036 3421 illi
1058 3365 1242 3421 dicens
1266 3378 1279 3415 :
1304 3364 1468 3420 Nemo
1489 3367 1646 3420 bonus
1667 3367 1692 3421 ?
1714 3365 1848 3434 Quia
1872 3366 2020 3421 illum

398 3448 405 3455 “
434 3460 491 3506 ιιι
517 3453 815 3522 simplicem
850 3454 1122 3510 hominem
1152 3454 1380 3509 habebat
1400 3465 1455 3510 et
1480 3456 1655 3526 vulgo,
1683 3463 1738 3511 et
1766 3465 1822 3509 ut
1840 3454 2026 3511 docto-

434 3557 549 3597 rem
579 3541 861 3599 Iudaicum
888 3564 901 3599 :
931 3545 1159 3614 ideoque
1204 3554 1262 3600 ut
1291 3545 1452 3601 homo
1500 3546 1674 3617 ipsum
1716 3546 2021 3617 alloquitur.

431 3632 564 3688 Nam
583 3650 725 3704 sa-pe
741 3636 1344 3709 secundumrogantium
1360 3636 1666 3709 opinionem
1676 3637 1961 3710 respOndet
1982 3641 2022 3706 ’,

433 3731 623 3779 utcum
644 3724 771 3781 dicit
795 3747 808 3781 :
837 3725 947 3783 Nos
966 3726 1237 3782 adoramus
1257 3728 1392 3799 quod
1416 3729 1599 3783 scimus
1621 3728 1797 3802 (loan.
1831 3729 1885 3784 4.
1907 3728 2021 3799 2‘2):

431 3824 483 3869 et
502 3855 518 3880 ,
542 3815 604 3871 Si
626 3833 718 3889 ego
740 3817 1077 3874 testimonium
1107 3817 1339 3890 perhibeo
1366 3819 1429 3872 de
1449 3820 1658 3891 nteipso,
1689 3819 2024 3874 testimonium

433 3924 597 3962 meum
618 3927 717 3965 non
733 3921 806 3964 est
826 3928 994 3966 rerum
1020 3911 1071 3986 (Ι
1080 3929 1195 3966 orm.
1215 3912 1268 3968 5.
1293 3910 1404 3985 51).
1421 3910 1551 3967 Cum
1572 3913 1729 3984 igitur
1744 3913 1837 3979 ait,
1860 3911 2025 3968 Nemo

434 4002 615 4067 bonus,
647 4017 751 4055 non
780 4001 881 4058 hoc
908 4003 1034 4058 dicit
1063 4012 1122 4058 ut
1147 4019 1205 4058 se
1232 4003 1428 4058 bonum
1460 4020 1562 4058 non
1595 4020 1715 4059 esse
1738 4004 2020 4073 signiticet,

440 4090 583 4145 absit
608 4110 621 4147 :
648 4109 754 4147 non
776 4094 916 4150 enim
939 4094 1091 4159 dixit,
1119 4095 1254 4163 Quid
1278 4112 1355 4149 me
1375 4095 1500 4149 dicis
1527 4096 1751 4149 bonum?
1779 4112 1883 4149 non
1907 4112 2023 4151 sum

433 4184 608 4239 bonus
641 4202 654 4238 :
683 4185 775 4240 sed
797 4227 812 4254 ,
841 4185 1006 4242 Nemo
1056 4188 1213 4242 bonus
1244 4188 1448 4259 (Marc.
1489 4189 1571 4244 10.
1605 4190 1672 4244 18
1695 4188 1752 4259 );
1810 4189 1859 4244 id
1902 4200 1980 4245 est
2006 4232 2021 4257 ,

439 4275 619 4331 nullus
649 4276 947 4333 hominum.
981 4276 1098 4349 lpse
1128 4294 1256 4334 vero
1288 4295 1411 4334 cum
1457 4279 1556 4334 hoc
1585 4280 1745 4345 dicit,
1782 4297 1884 4334 non
1927 4282 2025 4335 ho-

437 4367 610 4422 mines
649 4382 680 4423 a
720 4369 961 4430 bonitate
1003 4369 1276 4437 excludit;
1304 4370 1401 4425 sed
1444 4371 1841 4439 comparatione
1889 4369 2024 4426 facta

434 4474 556 4513 eum
582 4459 680 4514 Dei
700 4459 954 4517 bonitate.
979 4461 1311 4535 Quapropter
1336 4461 1537 4531 adjicit,
1566 4459 1683 4516 Nisi
1702 4463 1838 4516 solus
1863 4461 2022 4516 Deus.

434 4550 619 4621 Neque
645 4550 813 4617 dixit,
846 4552 956 4608 Nisi
988 4538 1145 4609 Pater
1173 4569 1324 4608 meus
1348 4594 1363 4619 ,
1396 4563 1451 4607 ut
1480 4546 1653 4607 discas
1677 4593 1690 4618 ,
1719 4552 1887 4624 ipsum
1921 4567 2024 4607 nou

438 4658 501 4697 se
542 4642 727 4713 juveni
768 4643 846 4699 illi
874 4643 1321 4700 manifestavisse.
1363 4644 1451 4700 Sic
1477 4644 1636 4700 etiam
1668 4658 1827 4715 supra
1857 4644 2028 4698 malos

433 4733 646 4790 dicebat
679 4734 925 4791 homines
951 4735 1034 4791 his
1068 4735 1248 4791 verbis
1286 4757 1297 4791 :
1330 4735 1390 4790 Si
1415 4746 1584 4790 autem
1616 4750 1736 4802 vos,
1766 4752 1879 4789 cum
1917 4734 2026 4788 sitis

446 4816 588 4892 mali,
621 4828 774 4881 nostis
795 4829 923 4882 bona
944 4828 1064 4882 data
1087 4827 1210 4882 dare
1230 4828 1351 4898 ﬁliis
1377 4828 1550 4882 vestris
1568 4826 1587 4897 (
1605 4825 1789 4880 Matth.
1823 4827 1872 4880 7.
1904 4827 2022 4897 11).

431 4914 564 4970 Nam
599 4916 705 4972 illic
743 4920 910 4974 malos
939 4920 1184 4986 vocavit,
1211 4934 1315 4974 non
1346 4919 1487 4988 quod
1518 4917 1612 4972 toti
1641 4927 1845 4973 naturm
1874 4918 2027 4972 mall-

380 5004 385 5007 ’
433 5007 562 5061 tiam
589 5006 958 5074 adscriberet;
987 5026 1108 5064 nam
1147 5009 1298 5076 illud,
1336 5008 1470 5074 Vos,
1498 5024 1605 5063 non
1633 5022 1821 5062 omnes
1851 5007 2026 5062 homi-

440 5111 538 5152 nes
568 5086 827 5167 siguillcat
849 5141 863 5166 ,
893 5099 987 5155 sed
1012 5099 1293 5155 hominum
1329 5096 1621 5155 bonitatem
1648 5113 1768 5154 cum
1802 5098 1895 5153 Dei
1926 5100 2020 5154 bo-

433 5187 598 5243 nitate
621 5203 960 5258 comparans,
981 5191 1058 5246 sic
1080 5191 1328 5261 loquutus
1349 5199 1464 5255 est;
1489 5191 1713 5261 ideoque
1733 5188 2023 5259 subjunxit,

438 5277 641 5345 Quanto
679 5278 842 5350 magis
876 5278 1031 5333 Pater
1069 5288 1226 5335 vester
1273 5280 1413 5334 dabit
1452 5279 1583 5336 bona
1610 5279 1888 5352 petentibus
1923 5295 1977 5334 se
2000 5280 2027 5333 ?

434 5367 637 5442 Ecquid
662 5369 812 5425 illum
843 5369 1102 5441 urgebat,
1134 5370 1339 5441 inquies
1359 5412 1375 5439 ,
1403 5381 1494 5426 aut
1516 5371 1641 5442 quid
1667 5369 1935 5426 commodi
1959 5360 2025 5425 ex

436 5457 742 5530 bujusmodi
766 5463 1066 5534 responso?
1088 5462 1346 5519 Paulatim
1373 5462 1519 5518 illum
1544 5462 1611 5517 ad
1638 5463 1826 5518 altiora
1852 5461 2024 5518 addu-

437 5551 552 5619 cit,
594 5550 758 5626 atque
782 5554 1010 5611 instituit
1034 5563 1091 5610 ut
1113 5555 1260 5612 omni
1288 5555 1358 5610 sit
1381 5554 1688 5611 adulatione
1716 5566 1951 5622 vacuus,
1993 5570 2022 5609 a

502 5707 519 5741 '
544 5708 691 5775 Editi,
716 5672 980 5767 secundum
1003 5709 1269 5778 omniane»:
1302 5710 1562 5765 nautarum
1587 5702 1855 5770 respondet.

2121 1572 2453 1644 terrenisque
2474 1571 2744 1628 abducens
2766 1572 2875 1627 Deo
2901 1572 3190 1643 coniungit.
3217 1571 3514 1642 suadetque
3533 1571 3699 1625 lutnra

2117 1677 2376 1732 qumrere,
2405 1663 2741 1733 discereque,
2769 1664 2888 1733 quis
2927 1664 2995 1717 sit
3023 1679 3151 1718 vere
3178 1663 3349 1719 bonus
3369 1704 3384 1730 ,
3411 1664 3531 1733 quis
3555 1663 3697 1717 radix

2117 1763 2172 1809 et
2189 1753 2307 1809 fons
2323 1756 2582 1821 omnium,
2606 1756 2809 1825 ipsique
2828 1754 3085 1810 honorem
3106 1754 3322 1810 referre.
3342 1753 3474 1808 Nam
3496 1754 3702 1824 quando

2119 1846 2286 1913 dicit,
2318 1844 2492 1900 Nolite
2529 1847 2826 1917 magistrum
2854 1863 3031 1900 vocare
3073 1862 3221 1916 super
3247 1855 3435 1898 terram
3475 1844 3697 1913 (Matth.

2119 1936 2210 1993 25.
2240 1934 2344 2009 9),
2373 1944 2481 1991 tum
2507 1938 2559 1992 in
2582 1938 3031 2007 comparationem
3053 1937 3132 1992 sui
3153 1937 3221 1991 ita
3245 1936 3525 2004 dicit,-tum
3545 1938 3698 1992 etiam

2121 2039 2179 2084 ut
2207 2028 2415 2085 discant
2449 2029 2589 2100 quod
2616 2031 2687 2084 sit
2726 2030 2954 2100 primum
2995 2043 3171 2084 rerum
3212 2029 3450 2083 omnium
3478 2029 3698 2083 initimn.

2121 2120 2303 2190 Neque
2338 2121 2480 2177 enim
2511 2121 2775 2176 modicum
2804 2121 3014 2191 juvenis
3056 2120 3146 2174 ille
3187 2118 3447 2174 hactenus
3475 2118 3700 2174 studium

2122 2214 2432 2270 ostenderat
2502 2226 2558 2270 et
2594 2229 2831 2269 amorem
2858 2256 2872 2279 ,
2907 2214 2976 2269 ita
3005 2222 3061 2268 ut
3085 2255 3101 2280 ,
3148 2227 3271 2267 eum
3315 2212 3407 2267 alii
3444 2220 3702 2268 tentarent

2123 2308 2416 2375 Christum,
2450 2309 2541 2365 alii
2573 2323 2669 2379 pro
2697 2308 2899 2364 morbis
2925 2318 3016 2363 aut
3045 2307 3157 2362 suis
3184 2315 3274 2363 aut
3300 2306 3526 2361 aliorum
3555 2320 3699 2359 acce-

2121 2401 2345 2470 derent,
2377 2402 2490 2471 ipse
2521 2416 2617 2470 pro
2648 2400 2753 2455 vita
2789 2409 2990 2455 aeterna
3035 2399 3242 2454 veniret
3280 2407 3443 2469 atque
3480 2397 3697 2453 interro-

2121 2502 2291 2564 garet.
2337 2492 2556 2563 Pinguis
2594 2501 2740 2548 certe
2767 2498 2908 2546 terra
2938 2499 2991 2546 et
3030 2490 3219 2545 fertilis
3260 2505 3391 2561 ager
3413 2499 3560 2556 erat,
3611 2488 3700 2544 sed

2123 2586 2400 2655 spinarum
2445 2584 2730 2639 multitudo
2770 2599 2953 2638 semen
2982 2581 3281 2636 sull‘ocavit.
3330 2580 3701 2636 Animadverte

2124 2674 2266 2731 enim
2311 2690 2471 2744 quam
2518 2674 2589 2730 sit
2628 2682 2842 2744 paratus
2886 2672 2950 2727 ad
2992 2671 3350 2727 obedientium
3401 2671 3700 2727 mandatis:

2129 2768 2265 2836 Quid
2292 2768 2559 2841 faciendo,
2601 2767 2802 2838 inquit,
2833 2767 2987 2820 vitam
3013 2774 3256 2821 aeternam
3293 2754 3703 2836 possideboi’Sic

2127 2866 2405 2929 promptus
2448 2874 2570 2915 esse
2600 2857 2665 2913 ad
2690 2856 2984 2929 parendum
3012 2855 3306 2910 videbatur.
3339 2854 3491 2923 Quod
3520 2853 3562 2909 si
3589 2861 3702 2908 ten-

2128 2958 2244 3006 tans
2269 2950 2623 3013 accessisset,
2655 2946 2785 3003 illud
2827 2957 2971 3003 certe
3000 2946 3153 3001 nobis
3191 2944 3517 3001 declarasset
3552 2958 3704 2998 cvan-

2125 3043 2332 3114 gelista,
2359 3040 2805 3113 quemadmodum
2835 3048 2891 3095 et
2913 3039 2964 3093 in
2992 3038 3109 3093 aliis
3140 3035 3388 3103 faciebat,
3417 3045 3473 3092 ut
3501 3036 3551 3090 in
3580 3034 3703 3105 legis

2125 3132 2366 3189 doctore.
2396 3131 2452 3187 Si
2479 3147 2609 3187 vero
2649 3130 2764 3201 ipse
2788 3129 3043 3193 siluisset,
3077 3142 3182 3181 non
3213 3126 3427 3181 sivisset
3470 3124 3703 3180 Christus

2127 3227 2299 3298 ipsum
2329 3225 2492 3280 latere
2512 3266 2527 3289 ,
2557 3223 2654 3280 sed
2681 3224 2764 3278 vel
2790 3230 2974 3292 aperte
2999 3221 3170 3289 ipsum
3203 3218 3559 3289 redarguisset
3577 3258 3594 3284 ,
3622 3213 3705 3270 vel

2126 3318 2335 3375 occulte
2361 3317 2656 3388 tetigisset,
2704 3330 2770 3370 ne
2800 3314 3068 3369 videretur
3092 3310 3370 3382 decepisse
3408 3320 3462 3366 et
3504 3311 3662 3365 latere
3684 3348 3699 3372 ,

2128 3410 2315 3480 sicque
2341 3409 2502 3463 ltesus
2531 3406 2712 3462 fuisse.
2747 3405 2802 3460 Si
2824 3405 2965 3459 enim
2997 3412 3207 3459 tentans
3237 3403 3572 3467 accessisset,
3602 3415 3702 3455 non

2127 3512 2362 3557 maerens
2387 3499 2456 3553 ob
2481 3499 2570 3552 illa
2600 3513 2717 3567 qua:
2762 3497 3000 3551 audierat
3042 3495 3375 3550 recessisset.
3416 3494 3526 3549 lloc
3568 3490 3702 3547 enim

2127 3607 2414 3662 numquam
2442 3607 2507 3645 ex
2537 3589 2819 3644 Pharisaeis
2846 3587 3037 3658 aliquis
3061 3595 3144 3642 est
3169 3601 3381 3657 passus,
3411 3585 3503 3642 sed
3524 3582 3704 3640 conlu-

2128 3685 2222 3739 tali
2247 3684 2415 3754 magis
2436 3681 2863 3752 indignabantur.
2893 3680 2988 3734 llic
3006 3694 3134 3734 vero
3163 3693 3266 3733 non
3295 3679 3394 3742 sic,
3424 3677 3517 3733 sed
3549 3675 3705 3730 tristis

2127 3775 2275 3841 abit;
2320 3773 2459 3845 quod
2492 3773 2700 3843 signum
2733 3785 2839 3825 non
2871 3785 3089 3840 parvum
3116 3775 3225 3831 est.
3256 3768 3432 3837 ipsum
3458 3780 3560 3821 non
3589 3779 3702 3821 cum

2130 3864 2270 3921 mala
2314 3865 2591 3920 "voluntate
2637 3861 2965 3928 accessisse,
3009 3859 3103 3915 sed
3150 3874 3271 3915 cum
3321 3856 3701 3915 imbecilliore,

2126 3969 2181 4014 et
2224 3972 2350 4013 vere
2395 3957 2557 4011 vitam
2606 3952 3009 4022 concupivisse;
3059 3950 3153 4007 sed
3186 3949 3501 4020 gravissimo
3545 3944 3704 4001 fuisse

2128 4050 2318 4106 morbo
2379 4049 2672 4103 detentum.
2728 4044 2864 4100 Cum
2912 4044 3136 4099 dixisset
3187 4055 3318 4111 ergo
3368 4040 3573 4096 Jesus:
3617 4035 3699 4091 l7.

2130 4144 2190 4199 Si
2231 4144 2303 4197 vis
2342 4141 2410 4195 ad
2452 4142 2606 4195 vitam
2639 4142 2861 4203 intrare,
2903 4153 3045 4191 serva
3079 4136 3319 4189 mandata
3355 4148 3375 4188 :
3415 4133 3543 4188 dicit
3580 4130 3701 4195 ille,

2130 4234 2415 4301 Quaenam?
2463 4247 2570 4288 non
2637 4240 2847 4285 tentans
2887 4270 2904 4293 ,
2970 4227 3148 4293 absit;
3210 4224 3304 4282 sed
3347 4223 3488 4296 quod
3525 4219 3702 4278 existi-

2128 4335 2300 4381 maret
2340 4324 2444 4379 alia
2491 4321 2732 4394 quaedam
2783 4334 2904 4376 esse
2954 4317 3200 4394 mandata
3248 4325 3445 4387 pneter
3486 4312 3701 4382 legalis,

2128 4433 2247 4489 qum
2286 4416 2447 4471 vitam
2477 4414 2577 4469 sibi
2608 4420 2829 4484 possent
2871 4410 3093 4476 amsrre;
3121 4409 3260 4479 quod
3305 4406 3573 4463 desiderio
3612 4403 3705 4456 lla-

2126 4508 2328 4580 grantis
2353 4515 2485 4562 erat.
2521 4504 2755 4569 Deinde,
2786 4518 2906 4557 cum
2944 4501 3169 4556 dixisset
3191 4499 3353 4554 Iesus
3397 4497 3527 4566 legis
3557 4507 3701 4547 matt-

2126 4599 2244 4653 data
2271 4639 2286 4663 ,
2338 4595 2612 4666 respondit
2635 4593 2728 4649 ille
2757 4608 2776 4647 :
2800 4593 2892 4647 20.
2931 4590 3055 4644 ch
3079 4591 3248 4644 omnia
3277 4589 3469 4643 servavi
3499 4585 3560 4638 ab
3587 4582 3705 4637 ado-

2127 4689 2365 4742 lescentia
2390 4702 2522 4741 mea.
2553 4683 2735 4754 Neque
2764 4681 2850 4738 hic
2877 4683 3035 4737 linem
3065 4680 3211 4744 fecit.
3241 4680 3334 4736 sed
3363 4693 3544 4733 rursus
3568 4689 3705 4745 quae-

2127 4780 2273 4847 sivit,
2313 4780 2450 4848 Quid
2477 4778 2646 4832 adhuc
2665 4777 2790 4830 mihi
2812 4775 2948 4830 deest
2968 4774 2993 4828 .’
3016 4772 3159 4844 quod
3189 4782 3245 4828 et
3277 4772 3450 4844 ipsum
3496 4770 3700 4839 signum

2127 4882 2243 4928 erat
2287 4871 2433 4927 illum
2497 4869 2764 4925 desiderio
2807 4868 3061 4937 ﬂagrasse
3103 4881 3117 4918 :
3162 4878 3262 4920 nec
3318 4876 3537 4934 parvum
3581 4854 3702 4913 illud

2128 4971 2264 5029 erat,
2291 4961 2435 5032 quod
2462 4959 2563 5017 sibi
2594 4965 2804 5029 putaret
2829 4955 3026 5026 aliquid
3053 4955 3262 5021 deesse,
3293 4967 3465 5023 neque
3496 4953 3702 5021 putaret

2127 5056 2256 5110 satis
2281 5066 2402 5108 esse
2432 5066 2517 5118 ea,
2543 5065 2662 5119 quae
2690 5048 2830 5102 dicta
2859 5048 3085 5111 fuerant,
3110 5055 3168 5100 ut
3193 5053 3431 5114 optatum
3457 5050 3704 5107 asseque-

2128 5154 2293 5200 retur.
2323 5142 2461 5211 Quid
2506 5156 2633 5212 ergo
2659 5138 2904 5195 Christus
2927 5137 2953 5191 ‘i
2980 5137 3112 5205 Quia
3151 5150 3399 5207 magnum
3440 5128 3703 5204 quidpiam

2128 5243 2492 5305 praecepturus
2515 5243 2632 5288 erat
2655 5273 2670 5299 ,
2698 5231 2914 5302 praemia
2948 5230 3096 5298 prius
3138 5226 3430 5299 proponit,
3456 5234 3512 5281 et
3536 5221 3661 5276 dicit
3686 5233 3702 5272 :

2126 5328 2219 5383 ‘21.
2249 5326 2309 5383 Si
2331 5327 2402 5381 vis
2422 5328 2673 5396 perfectus
2698 5339 2824 5386 esse,
2851 5322 2998 5384 vade,
3031 5320 3186 5374 vende
3202 5321 3372 5374 omnia
3399 5310 3517 5388 aut:
3535 5312 3700 5374 habes,

2128 5431 2176 5476 et
2223 5420 2290 5474 da
2318 5417 2625 5490 pauperibus
2654 5433 2673 5475 :
2704 5426 2753 5471 et
2782 5414 2985 5470 habebis
3024 5414 3321 5469 thesaurum
3359 5412 3413 5467 in
3449 5408 3619 5464 aclis:
3658 5408 3713 5456 et»

2129 5513 2238 5568 veni
2257 5555 2271 5581 ,
2303 5526 2507 5582 sequere
2530 5525 2626 5563 me.

2198 5605 2252 5658 2.
2295 5603 2479 5658 Viden‘
2508 5611 2639 5672 quot
2680 5600 2879 5665 bravia,
2912 5605 3058 5671 quot
3102 5610 3330 5654 coronas
3375 5592 3497 5648 huic
3533 5583 3700 5643 stadio

2129 5697 2347 5756 tribuit?
2375 5693 2433 5755 Si
2464 5708 2589 5754 vero
2617 5700 2892 5763 tentasset,
2922 5704 3031 5749 non
3057 5691 3172 5751 haec
3201 5690 3276 5748 illi
3300 5687 3540 5747 dixisset.
3561 5677 3699 5737 Nunc
