4034 6412
356 414 454 473 605

359 541 520 591 autem
563 536 618 582 et
660 522 809 590 dicit,
848 527 904 575 et
948 526 1007 571 ut
1042 513 1190 569 illum
1227 503 1478 593 attrahat,
1528 509 1773 565 magnam
1821 495 1924 593 tpSt

362 583 651 682 mercedem
666 583 921 675 ostendit,
942 617 1218 675 totumque
1237 588 1354 671 ejus
1369 590 1627 650 voluntati
1653 583 1929 682 relinquit,

361 717 456 774 sub
476 712 657 768 umbra
689 706 917 778 quadam
957 700 1263 768 relinquens
1300 705 1364 745 ea
1388 702 1507 758 qua:
1537 684 1589 738 in
1616 680 1715 736 hac
1744 674 1931 731 admo-

361 910 624 957 certameu
669 903 723 949 et
772 890 1007 945 laborem
1037 884 1260 942 diceret,
1301 872 1541 931 bravium
1567 863 1820 957 ostendit,
1850 859 1935 913 di-

361 1006 524 1046 cens:
554 986 614 1041 Si
664 985 737 1037 vis
784 982 1031 1052 perfectus
1076 988 1202 1038 esse,
1250 977 1305 1023 et
1357 975 1482 1020 tunc
1530 957 1733 1028 adjicit,
1771 951 1939 1007 Vende

363 1082 524 1136 omnia
550 1093 659 1149 φατε
679 1075 850 1138 habes,
881 1081 924 1122 et
956 1069 1023 1122 da
1053 1059 1392 1140 pauperibus;
1414 1054 1699 1135 statimque
1721 1044 1933 1116 prtemia

363 1176 507 1238 dicit,
556 1143 873 1237 llabcbisque
901 1164 1190 1217 thesaurum
1228 1148 1282 1208 in
1324 1151 1467 1216 ctelo,
1499 1158 1544 1203 et
1576 1143 1707 1208 ueni,
1735 1153 1940 1210 sequere

365 1284 457 1320 ine.
482 1264 611 1319 Nam
637 1261 715 1317 vel
746 1259 895 1329 sequi
925 1256 1090 1316 illum,
1124 1263 1311 1321 magna
1342 1258 1547 1300 merces
1571 1249 1673 1294 est.
1701 1236 1762 1290 Et
1789 1234 1941 1287 habe-

364 1344 435 1414 bis
463 1358 753 1410 thesaurum
790 1350 843 1403 in
881 1346 1035 1402 uelis.
1073 1343 1207 1413 Quia
1229 1340 1372 1396 enim
1397 1336 1469 1399 de
1491 1329 1725 1404 pecuniis
1762 1339 1940 1381 sermo

362 1451 495 1504 erat,
522 1438 784 1505 illumque
808 1435 1147 1499 hortabatur,
1164 1439 1223 1486 ut
1242 1447 1301 1486 se
1318 1429 1573 1483 omnibus
1591 1425 1945 1496 exspoliaret,

362 1533 652 1587 ostendens
665 1544 772 1583 non
787 1545 887 1584 sua
904 1527 1004 1582 sibi
1028 1524 1250 1591 auferri,
1272 1523 1364 1577 sed
1382 1519 1590 1593 augeri,
1608 1521 1772 1574 etiam
1790 1516 1944 1588 plura

362 1624 434 1679 illi
471 1623 587 1686 dat,
612 1636 776 1692 quam
806 1619 921 1688 ipse
946 1615 1525 1687 prteberejuberetur;
1571 1625 1746 1679 neque
1787 1607 1943 1678 plura

263 1718 276 1736 ⁶
368 1709 546 1776 modo,
574 1708 667 1763 sed
695 1718 841 1761 tanto
871 1703 1092 1775 majora,
1125 1709 1323 1773 quanto
1363 1697 1533 1767 majus
1567 1694 1757 1749 czelum
1785 1706 1944 1763 quam

370 1814 504 1859 terra
549 1810 650 1868 est,
696 1799 805 1855 imo
833 1795 959 1866 quid
1001 1793 1243 1850 ulterius.
1272 1789 1602 1846 Thesaurum
1641 1796 1817 1839 autem
1848 1797 1947 1850 ap-

370 1898 551 1969 pellat,
598 1893 800 1966 prazmii
841 1888 1224 1963 prsestantiam,
1273 1882 1639 1945 stabilitatem,
1686 1875 1946 1932 securita-

368 1999 580 2059 temque
605 1986 720 2056 ejus
749 1984 1046 2047 declarans,
1076 1988 1329 2051 quantum
1370 1991 1464 2047 per
1493 1973 1720 2027 ltumana
1762 1967 1946 2023 subin-

366 2084 547 2139 dicare
577 2089 782 2152 poterat
809 2075 1064 2132 audienti.
1095 2072 1211 2128 Non
1238 2086 1364 2140 ergo
1393 2067 1522 2122 satis
1560 2074 1644 2121 est
1671 2062 1948 2135 pecuniam

366 2187 743 2235 contemnere;
788 2170 881 2225 sed
926 2175 1133 2239 oportet
1180 2177 1440 2235 pauperes
1497 2159 1676 2220 alere;
1724 2164 1778 2209 et
1825 2162 1950 2208 ante

367 2266 546 2322 omnia
572 2263 840 2319 Christum
869 2261 1041 2331 sequi,
1078 2257 1127 2311 id
1154 2242 1256 2315 est,
1283 2253 1458 2309 omnia
1491 2250 1636 2322 jussa
1664 2248 1779 2316 ejus
1802 2261 1951 2311 com-

367 2359 535 2430 plere,
566 2371 685 2412 esse
710 2352 947 2426 quotidie
977 2361 1214 2422 paratum
1241 2345 1307 2400 ad
1336 2338 1532 2406 ezcd'es,
1554 2350 1608 2396 et
1627 2340 1694 2395 ad
1724 2347 1950 2394 mortem

366 2450 749 2520 quotidianam.
800 2446 890 2499 Ait
917 2445 1057 2498 enim
1093 2459 1106 2495 :
1141 2438 1202 2495 Si
1244 2438 1356 2510 quis
1383 2436 1490 2489 vult
1517 2442 1627 2505 post
1664 2448 1741 2485 me
1764 2430 1949 2511 venire,

365 2544 577 2614 abneget
602 2541 942 2610 semetipsum,
973 2546 1017 2589 et
1041 2534 1186 2589 tollat
1213 2547 1410 2587 crucem
1443 2545 1606 2593 suam,
1646 2537 1691 2580 et
1714 2510 1965 2603 sequatur

365 2635 620 2707 nte-(Luc.
650 2633 703 2699 9.
735 2632 852 2703 25);
885 2628 1025 2701 quod
1065 2626 1301 2695 profecto
1331 2622 1635 2678 n‘iandatum
1681 2620 1961 2689 proprium

367 2729 627 2786 fundemli
666 2727 978 2795 sanguinem
1027 2726 1196 2789 majus
1223 2727 1324 2781 est,
1354 2732 1511 2787 quam
1542 2713 1781 2786 pecunire
1820 2726 1955 2767 con-

368 2832 601 2892 temptus
630 2838 642 2875 :
674 2821 762 2891 qui
787 2828 960 2874 tamen
986 2832 1089 2869 non
1120 2828 1301 2884 parum
1332 2809 1539 2866 confert
1567 2808 1634 2862 ad
1664 2806 1788 2862 illud
1809 2802 1963 2858 asses

363 2914 661 2987 quendam.
709 2912 799 2965 ‘22.
842 2907 970 2965 Cum
1017 2907 1239 2961 audisset
1287 2913 1455 2957 autem
1486 2898 1801 2962 adolescens,
1832 2897 1955 2950 abiit

365 3008 547 3061 tristis.
578 3003 729 3072 Quod
779 3018 885 3056 non
916 3001 1031 3055 sine
1070 3011 1229 3057 causa
1255 2993 1511 3065 accidisse
1541 2991 1613 3047 illi
1641 2988 1958 3060 signiﬁcavit

363 3097 691 3169 evangelista
713 3096 895 3149 «licens
934 3109 948 3144 :
978 3088 1202 3144 Habebat
1222 3083 1355 3143 enim
1392 3083 1726 3155 possessiones
1748 3079 1954 3134 multas.

434 3191 633 3246 Divites
660 3186 944 3258 cupidiores
970 3192 1084 3237 sunt
1107 3196 1258 3244 quant
1277 3179 1359 3250 qui
1385 3176 1581 3230 modica
1605 3172 1828 3246 gaudent
1851 3172 1959 3241 [or-

364 3292 504 3338 tuna.
542 3282 784 3341 Avaritia;
801 3279 873 3333 vis
901 3268 1109 3346 quanta.
1138 3304 1209 3315 —
1234 3272 1349 3328 Non
1376 3271 1453 3326 sic
1478 3269 1620 3323 enim
1652 3267 1958 3322 detinentur

365 3378 423 3443 ii,
455 3376 655 3446 quibus
684 3368 862 3445 paucae
891 3371 1191 3435 facultates,
1222 3378 1279 3423 ut
1308 3366 1339 3419 ii
1367 3364 1453 3435 qui
1478 3363 1845 3445 multa'rcrum
1867 3371 1960 3412 co-

364 3439 451 3540 pia
473 3439 738 3522 l‘ruuntur
768 3479 782 3520 :
811 3473 935 3517 tunc
958 3465 1100 3517 enim
1120 3458 1399 3515 violentior
1423 3439 1715 3539 cupiditas:
1740 3451 1789 3506 id
1816 3446 1957 3521 quod

364 3557 583 3616 dicendi
627 3555 786 3611 ﬁnem
816 3570 921 3609 non
967 3553 1177 3617 faciam,
1223 3564 1416 3619 nempe
1450 3536 1760 3602 accessione
1792 3555 1958 3612 opum

364 3652 631 3722 majorem
650 3647 868 3704 accendi
883 3647 1170 3708 ﬁannnam,
1194 3654 1247 3698 et
1262 3653 1594 3712 possessores
1618 3635 1961 3708 pauperiores

367 3745 534 3812 efﬁci,
571 3744 691 3815 quia
720 3743 960 3813 pluribus
988 3738 1345 3808 corripiuntur
1369 3732 1765 3803 cupiditatibus,
1797 3740 1852 3784 et
1880 3731 1963 3783 ἰιι-

365 3840 663 3912 digentiam
707 3836 875 3907 magis
917 3834 1172 3890 sentiunt.
1219 3830 1314 3886 llic
1353 3827 1746 3882 animadvertas
1775 3823 1957 3887 velim,

366 3941 629 4002 quantam
659 3928 875 3984 morbus
902 3928 1006 3980 vim
1037 3922 1356 3980 exhibuerit.
1387 3920 1537 3976 Illum
1569 3919 1709 3973 enim
1731 3915 1961 3987 quicum

366 4024 573 4097 gaudio
610 4031 665 4078 et
705 4022 980 4076 alacritate
1025 4026 1346 4077 accesserat,
1398 4013 1485 4068 ubi
1528 4011 1770 4068 Christus
1806 4005 1966 4077 jussit

370 4116 636 4188 pecunias
663 4113 916 4176 abiicere,
945 4113 1014 4188 ita
1042 4109 1218 4163 obruit
1242 4095 1295 4161 et
1324 4096 1622 4181 afll'ixit,,ut
1650 4118 1717 4157 ne
1735 4114 1962 4168 respon-

368 4207 588 4262 sionem
630 4204 843 4276 quidem
876 4185 1048 4268 daret,
1093 4199 1185 4254 sed
1215 4199 1400 4261 silens,
1432 4195 1619 4258 tristis,
1663 4203 1718 4250 et
1746 4204 1968 4248 mmstus

370 4299 572 4353 abiret.
605 4296 739 4364 Quid
773 4295 930 4364 igitur
954 4290 1234 4347 Christus?
1260 4290 1350 4344 23.
1388 4288 1553 4356 Quam
1576 4284 1776 4356 di/ﬁcile
1794 4283 1969 4355 divites

371 4392 643 4447 intrabunt
679 4391 733 4443 in
777 4404 987 4459 regnum
1039 4382 1309 4440 crelorum!
1338 4398 1440 4435 non
1480 4370 1732 4459 pecunias
1761 4378 1971 4446 vitupe—

373 4498 532 4548 rans,
567 4479 661 4536 sed
688 4494 782 4535 eos
807 4452 895 4548 qui
919 4477 1224 4532 detinentur
1245 4472 1312 4528 ab
1337 4471 1485 4543 ipsis.
1508 4470 1562 4526 Si
1585 4452 1802 4525 difficile
1830 4466 1969 4522 divi—

373 4588 483 4640 tes,
510 4577 673 4646 longe
701 4571 970 4628 difﬁcilius
1011 4555 1192 4624 avari.
1228 4565 1360 4621 Nam
1405 4565 1448 4620 si
1488 4578 1582 4637 sua
1632 4577 1735 4616 non
1769 4558 1970 4630 largiri.

374 4669 832 4742 impedimentum
876 4673 961 4721 est
996 4662 1062 4717 ad
1111 4676 1333 4733 regnum
1360 4655 1768 4728 assequendum,
1800 4653 1976 4707 aliena

286 4750 292 4755 ’
374 4777 603 4834 rapere,
632 4757 803 4831 cogita
825 4763 1080 4827 quantum
1109 4755 1282 4824 ignem
1322 4748 1643 4805 accumulet.
1668 4747 1777 4801 Cur
1796 4752 1975 4799 autem

375 4850 667 4920 discipulis
710 4847 860 4911 dicit,
903 4844 1122 4900 difﬁcile
1160 4841 1377 4897 divitem
1420 4840 1471 4894 in
1498 4835 1716 4908 regnum
1758 4837 1974 4899 intrare,

376 4944 475 5015 qui
509 4953 771 5013 pauperes
797 4946 970 5002 erant,
1004 4934 1241 5005 nihilque
1263 4928 1640 5003 possidebant?
1668 4927 1834 4982 Docet
1861 4925 1982 4979 illos

380 5053 453 5092 ne
475 5035 551 5091 de
578 5040 888 5104 paupertate
910 5027 1249 5091 erubescant,
1278 5023 1334 5081 et
1372 5025 1629 5099 rationem
1661 5019 1854 5085 reddit,
1885 5032 1984 5073 cur

381 5129 530 5187 nihil
558 5141 652 5182 eos
682 5124 881 5180 habere
921 5118 1246 5193 permiserit.
1284 5116 1568 5184 Postquam
1608 5121 1785 5166 autem
1826 5108 1981 5175 dixit,

379 5236 506 5277 rem
537 5230 657 5272 esse
682 5212 977 5278 difficilem,
995 5225 1109 5267 rem
1133 5225 1237 5263 non
1259 5222 1417 5278 posse
1439 5203 1576 5271 ﬁeri,
1598 5212 1777 5275 postea
1806 5211 1988 5257 osten-

376 5309 489 5377 dit,
527 5323 629 5363 nec
656 5305 816 5361 modo
860 5303 975 5361 ﬁeri
1004 5318 1111 5359 non
1152 5313 1329 5370 posse,
1373 5298 1468 5353 sed
1495 5313 1562 5352 ex
1590 5294 1987 5367 comparatione

383 5403 536 5458 facta
566 5398 752 5455 cameli
778 5407 937 5466 atque
965 5411 1111 5459 acus,
1142 5390 1339 5462 aliquid
1359 5390 1496 5447 ultra
1519 5389 1716 5446 addere
1740 5388 1987 5443 videtur:

384 5510 523 5551 nam
558 5492 649 5557 ait,
673 5491 763 5546 Ἃ.
810 5488 1038 5553 Facilius
1065 5497 1138 5542 est
1180 5485 1426 5540 cautelam
1471 5500 1560 5554 per
1590 5468 1827 5557 foramen
1868 5494 1990 5534 acus

386 5580 653 5649 transire,
692 5600 841 5656 quam
888 5579 1092 5636 divitem
1138 5580 1329 5633 intrare
1376 5579 1432 5632 in
1473 5592 1683 5648 regnum
1720 5566 1991 5630 calorum.

387 5677 566 5737 Unde
607 5675 905 5731 ostenditur
932 5687 1040 5727 non
1084 5686 1270 5741 parum
1299 5667 1563 5724 mercedis
1592 5666 1765 5737 parari
1808 5664 1992 5720 diviti-

1349 389 1413 444 1N
1450 376 1861 443 MAT'I‘IIA‘LUM
1899 370 2131 429 IIOMIL.
2172 368 2356 425 LXIII.
2397 365 2469 423 al.
2511 362 2692 421 LXIV.

3520 353 3622 407 606

2037 485 2127 556 qui
2158 481 2211 537 id
2240 491 2585 549 suscepturus
2624 482 2786 531 esset.
2829 469 3156 528 Perturbatis
3197 483 3324 539 ergo
3352 461 3624 538 discipulis

2036 544 2212 631 dixit:
2243 571 2333 627 26.
2383 544 2496 624 liae
2538 567 2678 637 apud
2725 565 2951 620 homines
3004 559 3314 630 impossibile
3355 571 3448 625 est,
3487 544 3635 632 apud.

2038 668 2204 722 Deum
2227 675 2397 720 autent
2425 662 2593 718 omnia
2611 658 2867 732 possibilia
2890 665 3026 711 sunt.
3054 655 3164 710 Cur
3182 664 3358 708 autem
3379 652 3625 722 discipuli
3722 654 3727 659 '

2042 760 2354 827 turbantur,
2403 755 2492 826 qui
2538 766 2836 825 pauperes,
2878 751 2985 804 imo
3026 747 3311 803 admodum
3365 761 3628 817 pauperes

2042 853 2202 910 sunt?
2225 868 2321 909 cur
2347 866 2475 921 ergo
2504 846 2814 904 turbantur“?
2844 840 2919 899 De
2933 843 3217 898 multorum
3235 840 3430 896 amissa
3456 838 3627 897 salute

2041 947 2307 1010 dolentes,
2333 943 2421 1013 qui
2455 954 2639 1015 magna
2678 952 2803 1007 erga
2834 950 3022 991 omnes
3045 935 3263 988 caritate
3290 930 3626 1000 tenebantur,

2043 1047 2097 1093 et
2118 1036 2227 1107 jam
2252 1012 2622 1104 magistrorum
2641 1030 2843 1084 viscera
2871 1026 3142 1098 gerebant.
3168 1023 3452 1080 Timebant
3472 1008 3639 1093 igitur

2045 1128 2446 1194 tremebantque
2472 1137 2567 1194 pro
2595 1130 2706 1177 toto
2733 1120 2883 1182 orbe,
2916 1117 3003 1172 tali
3049 1116 3311 1172 sententia
3351 1112 3627 1180 commoti,

2044 1220 2114 1274 ita
2147 1229 2202 1271 ut
2228 1217 2388 1271 multa
2420 1221 2637 1285 egi-rent
2660 1210 3044 1266 consolatione.
3074 1206 3185 1274 Qua
3214 1206 3280 1260 de
3305 1220 3462 1260 causa
3487 1211 3631 1272 post-

2043 1326 2227 1380 quam’
2254 1308 2400 1378 prius
2438 1306 2742 1375 inspexerat
2792 1316 2903 1364 res,
2936 1300 3070 1354 dixit
3098 1315 3113 1352 :
3147 1297 3272 1364 Qua:
3301 1294 3631 1366 impossibilia

2043 1413 2157 1458 sunt
2185 1402 2324 1473 apud
2366 1399 2612 1460 homines,
2654 1394 2914 1466 possibilia
2941 1402 3059 1447 sunt
3099 1390 3241 1461 apud
3274 1388 3434 1443 Deum
3463 1388 3482 1460 (
3500 1380 3630 1442 Luc.

2048 1497 2137 1551 18.
2160 1466 2274 1565 Τί).
2301 1490 2544 1548 iucundo
2568 1490 2709 1543 enim
2740 1503 2804 1541 ac
2823 1494 3099 1540 mansueto
3120 1494 3338 1553 aspectu
3364 1482 3483 1536 illos
3509 1466 3641 1535 hor-i

2046 1602 2170 1642 rore
2214 1583 2376 1639 animi
2424 1592 2610 1651 captos
2659 1580 2805 1650 prius
2842 1577 3166 1635 censolatus,
3196 1583 3251 1628 et
3277 1572 3517 1643 auguStia
3546 1572 3631 1627 illa
3681 1620 3689 1625 .

2048 1677 2221 1731 soluta
2273 1675 2425 1747 (hoc
2480 1671 2624 1726 enim
2671 1669 2985 1740 significavit
3047 1667 3370 1736 evangelista
3425 1663 3633 1729 dicens,

2050 1763 2400 1838 Respiciens),
2454 1773 2577 1817 tunc
2619 1761 2797 1816 verbis
2836 1760 2957 1813 illos
3003 1757 3174 1827 erigit,
3222 1756 3314 1811 Dei
3345 1755 3635 1824 potentiam

2051 1861 2103 1914 in
2134 1858 2364 1913 medium
2394 1856 2687 1921 adducens,
2716 1863 2771 1909 et
2790 1853 2868 1908 sic
2895 1851 3140 1912 ﬁduciam
3171 1848 3379 1921 indidit.
3419 1847 3476 1902 Si
3510 1848 3638 1902 velis

2051 1961 2226 2007 autem
2259 1950 2475 2005 modum
2506 1962 2718 2017 quoque
2740 1944 3001 2008 ediscere,
3031 1951 3086 1997 et
3105 1956 3210 2013 quo
3228 1949 3381 2011 pacto
3407 1939 3479 2006 id,
3498 1924 3637 2010 quod

2054 2043 2379 2114 impossibile
2419 2049 2519 2105 est,
2551 2037 2804 2108 possibile
2837 2036 2946 2100 fiat,
2993 2034 3141 2088 audi.
3203 2032 3317 2087 Non
3345 2037 3488 2089 enim
3521 2031 3641 2086 ideo

2052 2136 2207 2200 dixit,
2258 2150 2374 2206 qua:
2418 2131 2763 2203 impossibilia
2806 2137 2930 2184 sunt
2979 2126 3323 2193 hominibus,
3368 2125 3640 2197 possibilia

2046 2230 2172 2283 'csse
2204 2228 2332 2291 Deo,
2366 2236 2421 2280 ut
2452 2225 2630 2278 animo
2656 2221 2926 2286 concidas,
2957 2226 3006 2274 et
3033 2219 3102 2272 ab
3131 2218 3195 2272 iis
3219 2217 3367 2287 quasi
3395 2218 3642 2288 impossi.

2054 2319 2248 2375 bilibus
2287 2319 2534 2385 absistas,
2579 2314 2670 2371 sed
2711 2324 2768 2369 ut
2798 2312 3061 2367 intellecta
3097 2304 3346 2367 facinoris
3375 2296 3642 2380 magnitu-

2054 2409 2199 2474 dine,
2243 2409 2451 2465 facilius
2490 2423 2605 2463 rem
2652 2403 3011 2477 aggrediaris,
3055 2410 3110 2458 et
3150 2401 3397 2456 invocato
3447 2401 3554 2456 Deo
3585 2398 3653 2455 ut

2056 2515 2214 2572 opem
2247 2500 2346 2555 tibi
2378 2500 2430 2552 in
2460 2497 2548 2551 his
2577 2495 2823 2565 pulchris
2866 2491 3263 2549 certaminibus
3292 2500 3535 2563 praestet,
3564 2489 3652 2546 vi-

2055 2603 2168 2649 tam
2198 2588 2587 2661 consequaris.
2697 2586 2702 2591 ’
2892 2598 2911 2603 ’ν
3080 2646 3085 2651 ,
3342 2643 3350 2653 ⁸

2129 2682 2185 2739 3.
2223 2679 2504 2750 Quomodo
2531 2678 2690 2749 igitur
2718 2675 2768 2731 id
2800 2676 2915 2730 fieri
2941 2674 3145 2746 possit?
3171 2674 3226 2729 Si
3253 2689 3384 2744 opes
3404 2662 3643 2745 abjicias,

2058 2775 2102 2830 si
2129 2760 2382 2844 pecunias
2405 2785 2650 2835 evacues,
2694 2769 2737 2823 si
2765 2785 2792 2821 a
2819 2770 2957 2824 mala
2997 2768 3424 2837 concupiscentia
3455 2768 3646 2823 absce-

2060 2867 2175 2922 das.
2213 2865 2365 2933 Quod
2408 2866 2549 2919 enim
2597 2863 2646 2917 id
2687 2877 2791 2917 non
2833 2862 2932 2916 soli
2963 2861 3071 2916 Deo
3115 2862 3396 2924 tribuatur,
3424 2862 3517 2917 sed
3546 2860 3647 2917 hoc

2059 2960 2183 3016 ideo
2201 2959 2415 3021 dixerit,
2441 2967 2501 3013 ut
2535 2958 2611 3013 rei
2654 2938 3023 3031 difficultatem
3066 2950 3407 3024 exprimeret,
3436 2954 3558 3010 audi
3583 2970 3648 3012 ea

2061 3067 2180 3122 quae
2205 3059 2514 3121 sequuntur.
2546 3049 2707 3105 Petro
2750 3063 2981 3117 namque
3007 3046 3238 3110 dicente,
3277 3046 3370 3101 27.
3399 3044 3528 3101 Ecce
3556 3030 3667 3101 nos.

2062 3143 2358 3214 reliquimus
2383 3143 2574 3208 omnia,
2622 3152 2669 3194 et
2691 3141 2889 3212 sequuti
2902 3156 3074 3195 sumus
3092 3149 3157 3202 te,
3184 3147 3239 3196 et
3263 3139 3648 3210 interrogante,

2066 3238 2202 3305 Quid
2226 3254 2346 3307 ergo
2373 3238 2467 3291 erit
2482 3237 2632 3291 'uobis
2650 3236 2675 3288 ?
2701 3233 3002 3289 niercedem
3033 3234 3135 3287 illis
3156 3231 3651 3302 statuens.'suhjun-

2063 3334 2137 3387 xit
2167 3351 2180 3385 :
2210 3330 2299 3386 29.
2346 3329 2408 3383 Et
2436 3331 2737 3400 quicumque
2769 3327 3023 3396 reliquerit
3052 3326 3257 3379 domum
3278 3324 3357 3380 uel
3380 3342 3550 3394 agros,
3572 3317 3650 3380 uel

2063 3429 2265 3495 fratres,
2296 3423 2371 3477 vel
2400 3438 2612 3485 sorores,
2646 3418 2723 3476 uel
2751 3429 2962 3489 patrem,
2994 3418 3071 3472 vel
3094 3428 3323 3480 matrem,
3362 3417 3651 3488 centuplum

2063 3516 2276 3588 accipiet
2301 3517 2354 3569 in
2379 3513 2616 3586 praesenti
2643 3511 2851 3575 siccato,
2881 3519 2927 3564 et
2951 3510 3109 3588 tritam
3147 3519 3390 3563 teternum
3421 3508 3650 3574 posside-

2064 3582 2274 3685 bit.'Sic
2319 3582 2459 3677 quod
2487 3595 2816 3685 impossibile
2843 3584 2960 3666 est,“
2978 3584 3036 3656 ﬁt
3077 3600 3346 3671 possibile.
3377 3599 3480 3654 Sed
3517 3582 3673 3670 quo?

2065 3702 2247 3764 modo,
2269 3700 2498 3771 inquies,
2519 3700 2633 3754 haec
2660 3684 2963 3766 relinquere
2987 3694 3235 3765 possibile
3251 3694 3367 3749 est?
3387 3694 3655 3763 quomodo

2066 3804 2242 3865 potest
2267 3795 2330 3856 is.
2358 3792 2447 3864 qui
2471 3799 2613 3845 tanta
2638 3789 2978 3854 pecuniarum
2996 3783 3286 3865 cupiditate
3306 3784 3526 3839 obrutus
3549 3780 3673 3852 est,‘

2068 3890 2247 3945 statim
2277 3901 2554 3954 emergere
2569 3884 2594 3936 ?
2616 3882 2671 3939 Si
2696 3860 3382 3953 incipiatjope‘s‘erae-tare,
3407 3886 3460 3933 et
3478 3892 3657 3946 super...

2068 3981 2170 4036 ﬁua
2199 3978 2502 4049 prmeidere.
2539 3976 2621 4032 lta‘
2642 3960 2784 4045 enim
2814 3982 2868 4029 et
2898 3956 3118 4027 ulterius
3144 3969 3416 4043 procedet,
3441 3979 3496 4025 et
3523 3967 3659 4024 faci-
3696 3958 3701 3963 ’

2040 4075 2171 4129 ,lius
2204 4081 2384 4143 postea
2406 4061 2609 4124 c’ur‘rct.

2142 4134 2336 4220 Anarus
2379 4160 2634 4218 sitibundo
2679 4169 2725 4214 et
2766 4156 3067 4232 febricitanti
3096 4156 3307 4224 similis,
3337 4134 3492 4212 simili
3510 4144 3681 4210 modo-

2072 4252 2330 4315 curandus
2360 4265 2451 4312 est.
2475 4285 2547 4296 —
2567 4254 2646 4309 Ne
2686 4251 2863 4323 itaque
2888 4240 3079 4305 ‘siinul'
3102 4234 3275 4305 totum
3292 4230 3297 4243 ’
3315 4248 3661 4321 aggrediaris,

2074 4353 2170 4409 sed
2218 4349 2417 4405 sensim
2460 4334 2527 4401 et.
2561 4327 2810 4417 paulatim
2851 4358 2947 4413 per
2990 4342 3126 4397 hanc
3170 4342 3366 4396 sealam
3405 4338 3662 4408 ascende,

2074 4459 2193 4516 quze
2207 4442 2274 4497 ad
2295 4424 2483 4496 caelum
2508 4447 2561 4493 te
2587 4436 2821 4497 adducit,
2840 4434 2884 4488 si
2907 4431 3240 4511 difﬁcilegtibi
3265 4428 3475 4485 videtur
3496 4439 3664 4485 totum

2076 4508 2235 4592 simul
2264 4531 2497 4602 assequi.
2529 4520 2986 4597 Quemadmodum
3015 4508 3158 4577 enim
3198 4520 3582 4577 febricitantes.
3612 4530 3668 4577 et

2078 4629 2371 4702 qui'acrem
2407 4623 2568 4680 bilem
2597 4620 2737 4677 intus
2778 4618 2978 4673 habent
3006 4616 3407 4689 exuberantem,
3439 4630 3560 4670 cum
3588 4615 3667 4669 ci-

2080 4695 2206 4778 bum
2233 4729 2289 4776 et
2316 4725 2498 4789 potum
2542 4714 2781 4777 sorbent,
2812 4725 2920 4765 non
2950 4708 3110 4763 modo
3154 4695 3260 4760 non
3290 4707 3431 4761 sitim
3462 4705 3670 4762 exstin-

2080 4822 2270 4887 guunt,
2293 4809 2385 4867 sed
2416 4809 2576 4864 etiam
2601 4803 2868 4860 ﬂammam
2900 4792 3228 4855 succendunt
3259 4815 3274 4852 :
3305 4798 3385 4854 sic
3421 4806 3475 4853 et
3502 4798 3687 4867 avari,

2083 4876 2206 4973 eum
2232 4914 2357 4970 huic
2381 4926 2559 4984 pravae
2586 4892 2880 4976 cupiditati,
2902 4901 3009 4958 bile
3027 4899 3241 4963 acriori,
3272 4876 3526 4969 pecunias
3541 4896 3674 4953 affe-

2085 5000 2232 5076 runt’,
2277 5005 2420 5061 illam
2452 5000 2618 5071 magis
2662 4996 3010 5053 inﬂammant.
3055 4989 3194 5047 Nihil
3222 4984 3380 5046 enim
3424 4989 3505 5048 sic
3531 4988 3695 5066 illam,

2088 5099 2260 5162 sedat,
2295 5107 2354 5152 ut
2382 5097 2426 5150 si
2450 5096 2650 5149 interea
2667 5106 2694 5145 a
2718 5088 2850 5144 lucri
2873 5084 3164 5165 cupiditate
3187 5083 3511 5149 discedatur,
3539 5082 3679 5137 sicut

2089 5194 2250 5250 etiam
2273 5205 2451 5248 acrem
2478 5186 2639 5241 bilem
2662 5182 2815 5239 sedat
2845 5180 2997 5235 cibus
3029 5177 3269 5234 modicus
3296 5184 3350 5249 et
3375 5167 3672 5231 evacuatio.

2089 5286 2196 5345 Sed
2223 5282 2373 5351 illud,
2401 5279 2628 5351 inquies,
2653 5271 2922 5347 quomodo
2943 5270 3074 5326 ﬁet?
3179 5259 3379 5339 cogites
3401 5274 3472 5330 te,
3490 5279 3681 5337 quam-

2092 5379 2181 5433 diu
2213 5346 2410 5434 divitiis
2428 5346 2636 5436 afﬁnes,
2665 5346 3485 5439 numquamsitimiexstinguere
3500 5370 3693 5437 posse,

2219 5429 2601 5542 plusbabendi
2621 5429 2882 5531 cupidine
2916 5434 2969 5512 in
2995 5434 3176 5510 tabem
3209 5452 3481 5537 lapsorum
3521 5436 3642 5502 esse
3664 5429 3695 5503 τ’

2098 5564 2144 5620 si
2193 5529 2370 5618 autem
2417 5571 2551 5631 Opes
2593 5529 2928 5630 deposueris,
2969 5545 3111 5605 hanc
3132 5529 3499 5631 mgritudinem
3525 5553 3685 5611 posse

2098 5657 2388 5728 deponere.
2437 5622 2556 5707 [Soli
2599 5622 2727 5718 ergo
2775 5644 2924 5715 plura
2970 5640 3175 5703 circum
3206 5622 3482 5719 aggerem,
3520 5647 3591 5688 ne
3616 5646 3682 5688 ea

387 5718 505 5829 bris
1864 5755 1995 5813 illud
2101 5718 2440 5822 persequaris
2463 5755 2586 5815 qua:
2609 5753 2719 5795 non
2749 5740 2976 5838 ppssunt
3007 5724 3355 5838 apprehendi,
3394 5734 3450 5783 et
3472 5725 3690 5830 incora—

386 5879 528 5923 esse
549 5860 798 5928 asseruit,
822 5868 880 5916 ut
899 5858 998 5935 deo
1015 5866 1214 5931 araret,
1238 5868 1425 5928 magna
1443 5869 1577 5926 opus
1590 5868 1711 5910 esse
1724 5840 1901 5924 gratia
1918 5849 1992 5919 ei,

2105 5817 2202 5901 bili
2228 5817 2420 5898 morbo
2445 5834 2681 5900 labores,
2728 5818 2924 5898 talique
2964 5822 3113 5886 rabie
3139 5829 3423 5894 correptus
3448 5817 3691 5877 omnium
