4034 6394
380 309 486 369 607

383 424 721 483 miserrimus
741 422 836 477 sis.
866 414 1306 492 Besponde’mihi
1334 397 1356 475 ’τ
1385 432 1543 489 quem
1579 416 1821 473 dicamus
1862 424 1976 471 tor-

384 517 534 588 queri
565 526 617 571 ct
658 513 905 579 cruciari,
939 528 1131 567 eumne
1152 513 1241 582 qui
1266 511 1466 566 lautum
1489 510 1665 566 cibum
1710 519 1767 565 et
1794 521 1974 581 potum

384 606 585 677 cupiat,
610 623 707 661 nec
736 604 902 675 possit
926 603 1121 673 optatis
1142 601 1248 658 frui
1275 621 1289 658 :
1318 618 1385 657 an
1407 618 1531 657 eum
1559 602 1649 673 qui
1671 599 1977 672 huiusmodi

387 697 873 768 concupiscentiam
915 711 1023 750 non
1058 694 1255 750 habet?
1294 693 1486 748 Procul
1524 692 1686 747 dubio
1724 693 1980 763 concupi-

386 806 648 859 scentem,
680 793 770 864 qui
802 808 905 847 non
936 791 1103 862 possit
1126 806 1189 846 ea
1218 805 1337 861 qua:
1376 787 1707 859 concupiscit
1743 787 1974 857 assequi.

386 886 518 943 Nam
564 888 634 941 ita
682 887 934 941 miserum
983 894 1087 952 est,
1132 883 1603 955 concupiscentem
1651 890 1835 954 optato
1879 882 1979 937 frui

387 995 493 1034 non
514 994 691 1050 posse,
723 994 820 1032 nec
843 978 1112 1033 sitientem
1141 977 1346 1041 bibere,
1372 985 1427 1031 ut
1446 974 1746 1046 gehennam
1777 975 1983 1031 descri-

389 1073 517 1128 bere
564 1072 747 1127 voleus
787 1069 1051 1135 Christus,
1090 1068 1197 1126 hoc
1234 1069 1378 1124 illam
1419 1067 1580 1123 modo
1618 1068 1889 1140 depingat,
1928 1076 1984 1123 et

390 1164 609 1221 divitem
643 1164 857 1218 inducat
900 1163 1094 1219 ardore
1133 1163 1449 1228 cruciatum,
1497 1162 1586 1232 qui
1630 1176 1751 1216 cum
1779 1169 1981 1232 guttam

385 1271 539 1325 aqum
588 1264 850 1324 posceret,
898 1269 999 1309 nec
1036 1254 1124 1308 illa
1176 1253 1276 1308 frui
1324 1262 1523 1324 posset,
1555 1253 1623 1307 ita
1665 1251 1984 1322 puniebatur

387 1343 554 1417 (Luc.
585 1346 700 1416 16).
729 1346 913 1416 itaque
944 1344 1009 1411 is,
1039 1345 1126 1416 qui
1159 1344 1411 1414 pecunias
1441 1343 1687 1414 despicit,
1720 1342 1983 1413 cupidita-

390 1446 500 1492 tem
527 1436 767 1504 sedavit;
796 1438 882 1508 qui
903 1445 1077 1491 autem
1106 1435 1372 1491 ditescere
1400 1436 1566 1506 cupit,
1592 1444 1647 1489 et
1672 1435 1824 1505 plura
1850 1449 1982 1489 con-

387 1545 600 1599 gerere,
634 1531 776 1585 illam
802 1530 968 1600 magis
994 1529 1156 1593 auxit,
1190 1538 1242 1582 et
1272 1543 1557 1597 numquam
1582 1526 1740 1582 linem
1771 1526 1984 1594 assequi

389 1620 533 1675 valet
551 1620 604 1673 ις
634 1619 842 1674 etiamsi
871 1619 1013 1675 enim
1046 1619 1320 1674 innumera
1348 1619 1546 1673 talenta
1567 1618 1853 1688 acceperit,
1880 1617 1984 1672 alia

391 1713 505 1785 pari
533 1728 756 1769 numero
784 1713 1144 1782 concupiscit;
1192 1712 1235 1767 si
1258 1710 1373 1766 h:cc
1398 1720 1773 1781 consequatur,
1800 1725 1988 1766 rursus

390 1805 554 1876 duplo
589 1807 737 1877 plura
764 1805 1057 1868 desiderat,
1093 1805 1339 1874 ultraque
1370 1818 1707 1874 progressus,
1753 1812 1985 1869 montes,

392 1907 612 1964 terram,
641 1913 790 1952 mare
819 1904 875 1952 et
902 1896 1079 1952 omnia
1110 1896 1208 1951 sibi
1240 1911 1428 1950 aurum
1469 1893 1607 1951 efﬁci
1649 1904 1817 1966 optat,
1848 1910 1989 1950 novo

390 2002 446 2047 et
468 1989 687 2047 terrihili
741 1990 934 2045 furoris
972 2005 1168 2062 genere
1212 1990 1522 2053 insaniens,
1571 1990 1660 2061 qui
1698 2004 1984 2059 numquam

395 2085 564 2154 possit
582 2084 867 2154 exstingui.
896 2085 1069 2155 Atque
1090 2095 1148 2138 ut
1178 2084 1373 2149 discas,
1402 2099 1508 2140 non
1534 2084 1858 2151 accessione,
1890 2084 1986 2141 sed

393 2176 750 2233 ahstractione
792 2177 892 2231 hoc
919 2177 1114 2230 malum
1145 2177 1259 2232 sisti
1303 2192 1459 2247 posse
1494 2194 1507 2231 :
1540 2177 1587 2232 si
1617 2187 1669 2233 te
1701 2178 1991 2249 aliquando

393 2269 625 2325 absurda
671 2269 884 2324 volandi
933 2269 1129 2340 cupido
1174 2270 1487 2337 incesseret,
1536 2271 1807 2342 quomodo
1844 2272 1987 2327 illam

393 2363 797 2435 restingueres?
834 2378 903 2419 an
950 2379 1072 2419 cum
1114 2363 1217 2418 alis
1254 2364 1480 2434 aliisque
1523 2365 1892 2421 instrumentis
1921 2366 1987 2421 ad

395 2457 498 2511 hoc
527 2455 901 2511 concinnatis?
922 2470 989 2509 an
1017 2456 1111 2510 tibi
1143 2455 1536 2526 persuadendo,
1562 2472 1676 2512 rem
1703 2473 1809 2531 non
1834 2472 1991 2528 posse

394 2550 534 2613 ﬁeri,
583 2564 683 2604 nec
730 2550 868 2602 ultra
901 2547 952 2601 id
995 2547 1305 2603 tentandum
1354 2547 1513 2603 esse?
1541 2547 1652 2604 Hac
1684 2548 1799 2605 sine
1827 2547 1995 2604 dubio

392 2641 665 2697 suasione.
704 2639 928 2704 Verum,
973 2639 1204 2711 inquies,
1254 2638 1381 2694 illud
1429 2638 1759 2709 impossibile
1788 2650 1890 2696 est.
1921 2643 1990 2697 At

392 2728 958 2804 longeimpossibilius
994 2740 1077 2787 est
1114 2730 1240 2786 huic
1276 2730 1552 2801 cupiditati
1594 2730 1878 2787 terminum
1906 2733 1990 2787 in-

395 2823 600 2878 venire.
641 2821 873 2878 Facilius
911 2820 1107 2894 quippe
1151 2829 1255 2888 est,
1298 2821 1544 2877 homines
1587 2822 1787 2888 volare,
1830 2838 1989 2892 quam

395 2914 705 2970 accessione
735 2913 1080 2985 cupiditatem
1109 2913 1352 2984 explere.
1392 2912 1619 2981 Quando
1647 2915 1792 2970 enim
1820 2915 1993 2984 possi-

396 3005 519 3061 bilia
549 3005 938 3072 desideramus,
984 3020 1080 3076 spe
1136 3005 1346 3062 fruendi
1376 3020 1475 3060 nos
1502 3005 1767 3063 consolari
1805 3019 1993 3076 possu-

397 3115 549 3166 mus;
581 3098 796 3170 quando
839 3107 1017 3153 autem
1052 3097 1400 3168 impossibilia
1424 3106 1566 3163 sunt,
1610 3114 1775 3153 unum
1801 3113 1994 3153 curan-

396 3190 521 3245 dum
547 3199 650 3258 est,
680 3197 783 3244 uta
811 3189 1101 3260 cupiditate
1130 3190 1215 3244 illa
1244 3204 1342 3245 nos
1371 3174 1718 3259 abducamus,
1740 3206 1859 3247 cum
1885 3191 1992 3248 alia

399 3281 607 3337 ratione
633 3298 737 3336 non
764 3281 1028 3352 possimus
1049 3280 1212 3335 animi
1238 3282 1676 3352 tranquillitatem
1711 3283 1988 3352 consequi.

397 3371 691 3444 Ne‘itaque
734 3373 788 3428 ia
830 3388 1041 3430 cassum
1081 3372 1393 3440 doleamus,
1430 3383 1692 3446 perpetuo
1729 3374 1991 3433 furentem

400 3467 745 3536 pecuniarum
789 3481 1049 3530 amorem,
1098 3466 1186 3536 qui
1218 3482 1505 3537 numquam
1547 3467 1764 3538 reprimi
1796 3477 1990 3538 potest,

400 3557 727 3627 rejicieutes,
756 3555 823 3611 ad
848 3558 1011 3611 alium
1042 3556 1395 3627 appellamus,
1433 3558 1522 3628 qui
1548 3573 1647 3614 nos
1678 3560 1843 3628 possit
1870 3559 1996 3616 bea-

400 3658 485 3705 tos
526 3647 761 3707 efficere.
794 3649 990 3717 quique
1017 3648 1238 3702 multam
1290 3648 1485 3704 habeat
1533 3649 1873 3717 facilitatem;
1904 3667 1998 3708 su-

404 3756 705 3812 peruosque
733 3738 1015 3796 thesauros
1043 3741 1504 3811 concupiscamus.
1532 3741 1714 3813 Neque
1735 3744 1875 3800 enim
1908 3744 1997 3803 hic

340 3832 345 3836 ’
401 3833 553 3890 labor
580 3841 779 3901 tantus,
808 3843 863 3889 et
897 3834 1102 3891 lucrum
1145 3834 1412 3891 ineliabile
1440 3843 1541 3901 est,
1580 3852 1679 3894 nec
1706 3847 1880 3910 potest
1903 3841 1995 3911 qui

384 3926 581 3997 .vigilat
621 3935 676 3983 et
712 3928 993 3999 pr:csentia
1024 3927 1267 3999 despicit,
1309 3944 1559 3999 umquam
1586 3945 1617 3985 a
1654 3946 1819 4000 scopo
1841 3931 1997 3987 aber-

401 4010 523 4075 rare
548 4037 562 4074 :
595 4026 654 4074 ut
680 4027 866 4074 contra
893 4020 983 4091 qui
1014 4020 1117 4075 illis
1136 4021 1302 4077 servit
1329 4031 1384 4077 et
1407 4020 1618 4079 deditus
1645 4031 1747 4092 est,
1777 4025 1996 4083 omnino

403 4112 473 4165 ab
504 4110 606 4164 illis
636 4109 871 4165 excidet.

432 4200 441 4210 ’
473 4204 527 4259 4.
569 4201 697 4258 llzec
736 4203 913 4274 itaque
952 4203 1131 4259 omnia
1158 4203 1337 4259 animo
1375 4213 1649 4274 reputans,
1681 4206 1873 4261 malam
1906 4221 1997 4276 pe-

400 4296 676 4352 cuniarum
692 4293 1178 4361 concupiscentiam
1200 4296 1267 4349 ab
1291 4292 1469 4350 animo
1492 4305 1582 4350 tuo
1603 4296 1793 4364 abjice.
1817 4297 1999 4368 Neque

402 4387 543 4441 enim
574 4385 754 4441 dicere
780 4385 975 4456 possis,
1007 4385 1151 4439 illam
1186 4386 1321 4439 bona
1350 4388 1630 4456 prmseutla
1661 4389 1809 4454 dare,
1833 4402 1994 4460 atque

405 4493 434 4531 a
464 4476 653 4533 futuris
698 4477 968 4546 spoliare:
1006 4493 1125 4531 nam
1175 4480 1384 4532 etiamsi
1426 4477 1528 4533 hoc
1566 4490 1727 4544 esset,
1759 4491 1998 4538 extrema

405 4580 583 4624 tamen
606 4562 719 4623 haec
742 4577 823 4623 est
850 4584 1004 4638 ptena
1030 4580 1190 4640 atque
1219 4570 1557 4640 supplicium.
1585 4575 1654 4627 At
1681 4589 1784 4628 non
1814 4575 1884 4629 ita
1912 4592 2000 4633 res

405 4680 466 4720 se
495 4664 675 4720 habet.
721 4662 851 4720 Nam
896 4674 1091 4734 praeter
1138 4665 1471 4735 gehennam,
1514 4668 1673 4722 etiam
1713 4678 1998 4739 antequam

406 4757 492 4811 illa
520 4758 786 4824 adveniat,
832 4756 921 4813 hic
949 4765 1000 4812 te
1044 4757 1095 4811 in
1126 4759 1426 4827 graviorem
1479 4759 1732 4816 ultionem
1758 4762 2000 4832 conjicit.

409 4849 622 4903 Etenim
644 4849 1074 4920 concupiscentia
1094 4850 1181 4904 illa
1205 4850 1400 4904 multas
1424 4850 1613 4905 domos
1628 4853 1839 4918 evertit,
1863 4852 2002 4908 bella

408 4937 590 5007 gravia
617 4939 888 5005 excitavit,
911 4948 968 4995 et
994 4940 1225 4996 violenta
1248 4950 1422 4997 morte
1447 4941 1644 4997 multos
1664 4943 1824 4998 vitam
1846 4943 2002 5006 linire

409 5028 624 5099 coegit;
673 5029 781 5083 imo
826 5039 952 5085 ante
994 5029 1110 5085 hanc
1148 5033 1383 5102 pericula
1428 5035 1621 5089 anima:
1666 5035 2001 5093 nobilitatem

409 5119 717 5186 labefactat,
748 5138 998 5193 eumque,
1029 5124 1119 5194 qui
1148 5124 1239 5179 illo
1265 5125 1452 5181 morbo
1482 5135 1668 5196 captus
1696 5133 2009 5196 esset,timi.

413 5211 534 5271 dum
563 5222 616 5270 et
660 5213 908 5285 ignavum
927 5215 971 5279 ³,
1012 5215 1267 5271 audacem
1314 5228 1370 5272 et
1411 5218 1722 5274 mendacem
1754 5228 1809 5277 et
1843 5235 2005 5292 syco-

413 5308 688 5377 phantam,
731 5314 789 5363 et
834 5314 1102 5374 raptorem
1142 5316 1197 5361 et
1220 5321 1460 5373 avarum,
1487 5317 1541 5363 et
1569 5309 1783 5381 quidvis
1819 5320 2002 5367 extre-

412 5414 559 5454 tuum
582 5395 801 5461 dixeris,
835 5411 980 5465 smpe
1004 5395 1199 5450 cﬁ'ecit.
1234 5395 1339 5452 Sed
1369 5397 1675 5469 frequenter
1703 5411 1753 5456 te
1779 5400 2005 5457 fortasse

411 5490 681 5547 demulcet
705 5506 769 5545 ac
808 5488 1004 5560 decipit
1029 5490 1234 5558 argenti
1278 5489 1553 5559 splendor,
1581 5492 1866 5549 multitudo
1894 5509 2006 5550 ser.

414 5588 627 5648 verum,
654 5582 847 5638 mdium
891 5579 1304 5653 magniﬁcentia,
1352 5590 1407 5636 et
1442 5581 1689 5638 clientela
1720 5583 1808 5638 illa
1845 5600 2004 5658 quam

442 5760 449 5765 .
480 5714 506 5783 ξ
534 5712 682 5783 Morel
719 5682 975 5773 sishabet.
990 5718 1039 5766 et
1062 5723 1324 5783 numquam
1344 5725 1376 5764 a
1394 5710 1559 5763 morbo
1581 5682 1832 5766 liberatur.

486 5775 508 5807 ι
539 5774 765 5835 Quidam,
799 5787 992 5829 servum
1027 5780 1075 5826 et
1096 5774 1334 5839 ignarum.
1625 5786 1635 5794 '

1126 301 1184 359 S.
1218 301 1494 360 JOANNIS
1519 298 1993 359 CllRYSOS'l‘OMl
2030 298 2348 357 ABCHIEP.
2390 299 2925 358 CONSTANTINOP.

3561 309 3658 375 608.

2093 417 2147 472 in
2178 416 2293 471 foro
2321 415 2526 472 habes?
2553 416 2704 489 Quod
2733 414 3029 472 remedium
3054 412 3260 473 vulneri
3289 422 3475 475 tanto?
3493 420 3545 478 Si
3570 439 3662 479 cu-

2083 511 2333 579 gitaveris
2374 509 2645 582 quomodo
2675 509 2757 564 his
2793 508 3061 566 afﬁciatur
3087 508 3299 564 anima:
3339 526 3494 583 quam
3520 522 3662 572 tene-

2085 602 2321 668 hrosam,
2342 601 2847 672 desertam,tnrpem
2868 617 2931 656 ac
2950 602 3244 659 deformem
3264 604 3402 659 illam
3427 607 3661 665 reddant:

2086 694 2130 748 si
2162 702 2336 748 tecum
2369 706 2585 766 reputes
2620 704 2815 764 quanta
2846 693 2983 748 mala
3014 694 3152 750 hanc
3189 696 3663 767 concupiscentiam

2084 787 2406 841 comitentur
2436 829 2453 855 ,
2524 802 2645 843 cum
2708 787 2922 858 quantis
2987 786 3260 845 laboribus
3319 799 3375 844 et
3425 792 3667 861 periculis

2087 879 2325 949 pecuniae
2354 888 2670 945 serventur;
2715 877 2826 935 imo
2881 894 3171 950 numquam
3226 895 3392 951 usque
3417 882 3483 937 ad
3512 884 3662 939 finem

2086 981 2401 1039 servantur;
2430 972 2524 1028 sed
2560 988 2681 1027 cum
2724 973 2962 1028 omnium
2990 983 3214 1029 conatus
3239 973 3503 1045 effugeris,
3530 993 3668 1032 mors

2087 1065 2376 1121 adveniens
2423 1066 2473 1119 in
2519 1082 2707 1121 manus
2753 1066 3087 1121 inimicorum
3134 1077 3342 1122 tnormn
3398 1066 3511 1123 haec
3562 1078 3666 1125 tra-

2087 1156 2257 1222 duxit,
2313 1165 2366 1212 te
2413 1172 2542 1213 vero
2584 1158 2651 1212 ah
2678 1156 2761 1212 his
2791 1157 3059 1213 desertum
3082 1156 3297 1228 abripit,
3331 1160 3461 1215 nihil
3486 1160 3668 1217 borum

2087 1247 2438 1315 auferentem,
2481 1250 2580 1304 nisi
2618 1250 2838 1305 vulnera
2869 1249 3158 1321 ulceraque
3189 1259 3419 1317 tantum,
3442 1269 3559 1323 qua:
3585 1270 3668 1309 se-

2088 1354 2210 1394 cum
2260 1338 2499 1396 referens
2544 1341 2720 1394 anima
2766 1340 2891 1397 hinc
2920 1342 3131 1412 migrat.
3161 1341 3294 1397 Cum
3321 1358 3451 1414 ergo
3480 1344 3670 1400 videris

2088 1431 2392 1501 quempiam
2459 1431 2754 1500 magnificis
2814 1433 3053 1487 vestibus
3103 1433 3342 1487 exterius
3389 1433 3668 1505 fulgentem

2090 1521 2365 1592 multoque
2381 1521 2633 1590 stipatum
2654 1509 2923 1586 satellitio,
2942 1522 3058 1594 ejus
3074 1525 3452 1581 conscientiam
3472 1528 3670 1595 evolve,

2090 1614 2389 1686 multasque
2434 1616 2576 1670 intus
2618 1615 2825 1671 videbis
2863 1632 3108 1682 araneas,
3136 1622 3481 1690 cineremque
3520 1619 3674 1689 pluri-

2090 1722 2257 1760 mum.
2285 1703 2468 1777 Cogita
2500 1707 2719 1763 Paulum
2745 1717 2799 1764 et
2827 1707 3045 1763 Petrum
3076 1726 3089 1762 :
3124 1709 3296 1781 cogita
3339 1708 3594 1766 Joannem
3621 1718 3675 1767 et

2091 1795 2299 1863 Eliam;
2331 1798 2437 1851 imo
2469 1798 2642 1867 potius
2671 1798 2842 1868 ipsum
2872 1798 2969 1854 Dei
3000 1798 3217 1865 Filium,
3239 1800 3331 1871 qui
3362 1816 3467 1856 non
3498 1801 3673 1856 habuit

2092 1889 2179 1944 ubi
2201 1898 2359 1959 caput
2382 1907 2534 1946 suum
2566 1891 2870 1949 reclinaret.
2898 1891 3029 1962 Ejus
3056 1893 3294 1948 imitator
3310 1903 3450 1961 esto,
3476 1910 3674 1952 necnon

2091 1980 2207 2049 ejus
2234 1996 2531 2046 servorum.
2576 1994 2627 2039 et
2674 1983 3073 2039 intestimabiles
3102 1984 3220 2039 illas
3246 1985 3458 2041 divitias
3486 1987 3673 2057 cogita.

2090 2070 2243 2140 Quod
2266 2073 2311 2127 si
2334 2081 2614 2144 postquam
2643 2074 2763 2129 illas
2790 2076 3115 2145 respexeris,
3138 2090 3168 2129 a
3189 2077 3539 2132 szecularibus
3565 2078 3676 2133 istis

2091 2164 2291 2221 divitiis
2318 2166 2708 2235 obtenebreris,
2753 2168 2906 2239 quasi
2955 2167 3007 2223 in
3034 2167 3263 2239 quodam
3291 2168 3567 2241 naufragio
3605 2172 3676 2224 fu-

2092 2268 2245 2314 rente
2276 2267 2612 2328 tempestate,
2651 2257 2777 2314 andi
2802 2260 3122 2315 sententiam
3151 2258 3351 2316 Christi
3398 2260 3677 2328 dicentem,

2094 2350 2425 2420 impossibile
2452 2366 2572 2408 esse
2594 2351 2811 2408 divitem
2841 2351 3041 2409 intrare
3067 2353 3119 2409 in
3151 2369 3375 2425 regnum
3409 2355 3677 2411 cwlorum.

2094 2441 2173 2495 Ad
2204 2442 2339 2496 hanc
2371 2443 2687 2497 sententiam
2719 2448 2904 2499 confer
2929 2452 2983 2498 tu
3007 2454 3238 2512 montes,
3269 2455 3491 2515 terram,
3518 2463 3676 2514 mare;

2092 2543 2147 2589 et
2170 2533 2371 2599 omnia,
2403 2534 2449 2588 si
2469 2534 2551 2588 vis
2570 2534 2895 2605 cogitatione
2915 2550 3105 2591 aurum
3123 2536 3301 2603 facito,
3328 2536 3566 2608 nihilque
3592 2553 3681 2608 par

2096 2627 2335 2683 invenies
2354 2628 2674 2684 detrimento
2695 2628 2787 2684 tibi
2812 2628 2937 2685 hinc
2962 2631 3265 2700 importato.
3293 2629 3366 2685 Et
3394 2640 3447 2686 tu
3472 2632 3679 2703 quidem

2094 2728 2171 2774 tot
2202 2735 2468 2776 memoras
2508 2729 2666 2776 terra:
2688 2721 2899 2793 jugera,
2929 2721 3122 2776 domos
3136 2721 3345 2787 decem,
3367 2724 3451 2779 vel
3482 2722 3680 2794 viginti,

2095 2811 2283 2868 balnea
2309 2812 2550 2879 totidem,
2575 2827 2761 2868 servos
2786 2813 2952 2879 mille,
2971 2824 3065 2868 aut
3083 2814 3163 2869 bis
3192 2813 3354 2877 mille,
3391 2830 3579 2869 currus
3603 2830 3684 2869 ar-

2093 2907 2301 2976 genteis
2324 2905 2537 2961 laminis
2557 2905 2641 2961 vel
2656 2921 2788 2962 auro
2807 2916 3051 2978 opertos:
3070 2922 3171 2978 ego
3194 2916 3374 2963 autem
3391 2907 3531 2975 dico,
3550 2907 3684 2980 quod

2096 2999 2140 3052 si
2164 2999 2388 3069 quisque
2405 2996 2553 3053 dives
2569 2999 2707 3053 inter
2725 3013 2839 3064 vos,
2860 2997 2960 3054 hac
2978 2998 3161 3054 relicta
3183 3010 3498 3070 paupertate
3538 2998 3558 3071 (
3579 3000 3684 3056 brec

2096 3093 2238 3148 enim
2273 3104 2556 3163 paupertas
2583 3092 2709 3173 fuit,
2727 3103 3033 3164 comparata
3055 3110 3177 3150 cum
3215 3096 3281 3151 iis
3302 3112 3426 3167 qua:
3451 3096 3684 3153 dicturus

2096 3185 2236 3258 sum)
2252 3195 2418 3241 totum
2433 3185 2731 3257 possideret
2747 3186 2951 3250 orbem,
2973 3184 3018 3240 si
3031 3187 3253 3257 quisque
3272 3195 3345 3241 tot
3360 3186 3577 3243 haberet
3592 3187 3685 3241 hu~

2097 3278 2292 3343 mines,
2323 3286 2455 3349 quot
2481 3287 2608 3333 sunt
2631 3294 2724 3348 per
2748 3288 2912 3334 totam
2942 3287 3137 3334 terram
3160 3288 3215 3333 et
3237 3296 3412 3346 mare,
3436 3283 3479 3337 si
3503 3281 3686 3352 singuli

2098 3379 2297 3427 terram
2328 3380 2383 3427 et
2409 3387 2556 3428 mare
2583 3370 2863 3440 haberent,
2890 3381 2945 3428 et
2966 3372 3161 3443 ubique
3180 3373 3407 3430 aediﬁcia
3428 3386 3483 3430 et
3512 3375 3685 3441 urbes,

2096 3473 2152 3518 et
2176 3472 2385 3533 gentes,
2414 3476 2573 3534 atque
2601 3463 2835 3535 undique
2864 3479 2960 3533 pro
2984 3478 3119 3535 aqua
3152 3473 3207 3521 et
3231 3466 3470 3523 fontibus
3507 3483 3686 3523 aurum

2098 3556 2231 3627 ipsis
2258 3555 2469 3624 ﬂueret,
2502 3557 2624 3612 illos
2651 3558 2741 3628 qui
2766 3557 2836 3613 ita
2876 3557 3069 3613 divites
3089 3567 3292 3625 essent,
3323 3560 3563 3632 singulos
3588 3576 3687 3627 non

2100 3649 2255 3720 pretii
2288 3649 2447 3703 trium
2480 3647 2761 3704 obolorum
2790 3664 2911 3705 esse
2939 3648 3216 3717 ducerem,
3260 3650 3306 3704 si
3339 3665 3511 3718 regno
3538 3652 3688 3707 czelo-

2100 3756 2218 3796 rum
2247 3740 2572 3796 exciderent.
2602 3740 2733 3796 Nam
2756 3739 2805 3797 si
2830 3756 2970 3797 nunc
2999 3740 3070 3796 ita
3095 3739 3357 3798 ﬂuxarum
3392 3741 3688 3797 divitiarum

2099 3833 2276 3905 cupidi
2300 3834 2607 3890 cruciantur
2648 3835 2693 3890 si
2745 3849 2855 3890 non
2892 3834 3194 3905 acquirant,
3254 3835 3299 3889 si
3343 3834 3688 3891 inetfabilium

2101 3925 2362 3982 bonorum
2393 3926 2628 3996 aliquem
2656 3941 2871 3981 sensum
2902 3926 3150 3991 habeant,
3179 3924 3303 3997 quid
3334 3927 3440 3981 illis
3476 3926 3542 3981 ad
3567 3941 3688 3981 con-

2101 4019 2416 4076 solationem
2463 4020 2595 4075 satis
2633 4020 2777 4075 erit?
2801 4019 2943 4075 Nihil
2971 4029 3136 4076 certe.
3181 4019 3261 4075 Ne
3286 4020 3419 4077 mihi
3449 4035 3575 4093 ergo
3604 4034 3690 4089 pe-

2101 4114 2382 4169 cuniarum
2426 4113 2633 4184 copiam
2685 4128 3005 4179 recenseas;
3063 4113 3156 4169 sed
3206 4115 3380 4186 cogita
3435 4122 3687 4187 quantum

2103 4206 2353 4262 damnum
2384 4207 2507 4261 hinc
2538 4206 2786 4260 hauriant
2811 4206 3020 4261 illarum
3052 4215 3341 4273 amatores,
3374 4208 3463 4279 qui
3492 4222 3587 4277 pro
3628 4206 3689 4260 iis

2103 4301 2264 4356 caries
2284 4299 2554 4367 amittunt,
2586 4299 2923 4370 idipsumque
2954 4300 3246 4367 patiuntur,
3277 4314 3340 4355 ac
3378 4300 3423 4355 si
3454 4299 3573 4370 quis
3598 4298 3690 4352 ho-

2105 4409 2237 4449 nore
2286 4393 2399 4460 illo,
2454 4395 2544 4464 qni
2589 4394 2641 4447 in
2690 4393 2835 4464 regia
2886 4392 3136 4456 habetur,
3187 4393 3411 4458 amisso,
3441 4394 3692 4449 stercoris

2104 4502 2355 4541 acervum
2386 4485 2667 4557 possidens
2702 4485 2982 4557 glorietur,
3010 4496 3064 4539 et
3084 4485 3250 4539 altum
3284 4485 3353 4541 de
3380 4485 3472 4540 illo
3502 4486 3689 4556 sapiat.

2104 4577 2281 4632 Nihilo
2307 4578 2449 4632 enim
2482 4578 2689 4639 melior,
2731 4578 2837 4631 imo
2877 4577 3027 4647 pejor
3057 4585 3139 4632 est
3167 4576 3476 4631 divitiarum
3507 4592 3693 4633 cmun-

2107 4668 2210 4733 lus,
2240 4684 2398 4739 quam
2423 4667 2513 4722 ille
2538 4683 2779 4723 acervus.
2807 4666 2940 4722 Nam
2969 4677 3175 4722 stercus
3200 4676 3283 4723 est
3311 4667 3378 4722 ad
3409 4667 3694 4737 agricultu-

2107 4776 2221 4815 ram
2270 4760 2421 4827 utile,
2471 4776 2679 4816 necnon
2720 4760 2787 4815 ad
2832 4759 3021 4815 balnea
3068 4758 3431 4815 calefacienda
3456 4760 3497 4826 ⁸,
3538 4770 3593 4814 et
3630 4756 3694 4812 ad

2107 4853 2351 4923 quaedam
2396 4852 2622 4917 similia;
2650 4867 2837 4907 aurum
2868 4867 2997 4907 vero
3022 4851 3308 4905 suffossum
3336 4850 3403 4906 ad
3434 4849 3565 4905 nihil
3602 4848 3699 4904 lto-

2109 4961 2228 5000 rum
2276 4944 2517 5000 adhiberi
2569 4951 2781 5015 potest:
2811 4953 2971 5014 atque
3014 4943 3215 4997 utinam
3260 4942 3448 4997 inutile
3492 4951 3694 4997 tantum
3764 4982 3769 4986 .

2109 5046 2284 5105 esset;
2318 5054 2461 5094 nunc
2478 5047 2655 5093 autem
2684 5037 2881 5092 multas
2901 5036 3114 5091 habenti
3136 5035 3412 5090 succendit
3431 5033 3693 5098 fornaces,

2109 5133 2211 5188 nisi
2258 5146 2325 5188 eo
2372 5141 2432 5187 ut
2476 5139 2689 5200 Oportet
2731 5140 2949 5185 utatur:
2982 5128 3125 5183 mille
3166 5129 3366 5199 quippe
3394 5128 3533 5182 mala
3577 5125 3697 5181 hinc

2109 5224 2376 5279 oriuntur.
2393 5222 2732 5291 Quapropter
2747 5235 2808 5275 ex
2816 5218 2913 5274 teri
2936 5219 3223 5288 scriptores
3239 5233 3416 5274 arcem
3439 5217 3696 5272 malorum

2109 5316 2385 5372 avaritiam
2427 5326 2655 5382 vocant;
2699 5316 2885 5370 beatus
2910 5329 3038 5368 vero
3066 5312 3282 5381 Paulus,
3312 5312 3469 5384 longe
3508 5309 3701 5366 melius

2110 5420 2310 5466 etcum
2346 5408 2548 5479 majore
2585 5407 2847 5477 emphasi,
2879 5403 3113 5461 radicem
3156 5404 3418 5459 malorum
3461 5402 3697 5457 omnino:

2112 5503 2281 5573 ipsam
2318 5498 2601 5571 appellavit
2629 5496 2719 5571 (l.
2747 5496 2882 5552 Tim.
2909 5497 2965 5552 6.
2994 5497 3064 5553 10
3090 5494 3133 5568 ).
3159 5495 3285 5551 Haec
3313 5496 3490 5566 itaque
3523 5490 3701 5547 omnia

2111 5593 2432 5665 cogitantes,
2454 5590 2769 5645 :emulemur
2788 5606 2850 5646 ea
2871 5604 2990 5661 qua:
3012 5587 3171 5660 digna
3198 5595 3323 5643 sunt
3337 5583 3700 5642 aemulatione:

2110 5713 2374 5837 {attigi}:
2395 5707 2537 5763 Savil.
2558 5707 2827 5774 legendum
2870 5714 3023 5770 esset,
3067 5705 3416 5772 prcparanda,
3441 5714 3547 5767 pro,
3580 5702 3709 5751 σαω-
