4034 6416
315 395 420 452 ως)

312 527 421 570 non
451 505 734 580 magniﬁca
771 497 1016 564 aedilicia,
1065 510 1177 560 non
1216 493 1484 549 uberrima
1528 486 1761 560 praedia;
1811 481 1904 538 sed

313 607 458 661 viros
482 576 574 672 qui
605 610 860 667 magnam
896 591 1038 662 apud
1077 588 1246 645 Deum
1292 585 1538 640 tiduciam
1567 579 1782 641 habent,
1813 576 1903 648 qui

313 699 370 754 in
391 671 527 751 caelo
556 691 746 748 divites
772 694 915 751 sunt,
939 684 1026 755 qui
1069 681 1350 737 thesauros
1374 677 1493 732 illos
1525 671 1818 743 possident,
1843 681 1909 722 ac

315 804 447 846 vero
472 782 714 857 opulenti
738 791 885 844 sunt,
911 777 1001 849 qui
1027 781 1242 846 propter
1265 770 1538 826 Christum
1560 774 1685 820 sunt
1706 775 1905 832 paupe-

325 916 1992 964 _________________________——

1275 375 1342 432 IN
1381 367 1793 440 MATTHEUM
1832 365 2062 422 llOMlL.
2103 359 2288 418 LXIV.
2329 358 2400 414 al.
2445 355 2605 413 LXV.

2024 495 2148 545 res;
2179 487 2237 534 ut
2259 486 2458 532 :eterna
2487 474 2624 528 bona
2649 485 3062 540 consequamur,
3099 468 3269 540 gratia
3292 477 3346 524 et
3372 466 3609 537 benigni-

2021 580 2128 627 tate
2165 567 2386 624 Domini
2436 565 2602 620 nostri
2647 563 2777 619 .lesu
2805 560 3023 628 Christi,
3071 559 3288 632 quicum
3330 558 3474 613 Patri
3507 574 3610 612 una

2015 679 2136 720 cum
2157 661 2355 732 Spiritu
2375 665 2562 712 sancto
2582 655 2770 726 gloria,
2789 652 2980 719 honor,
3008 652 3310 722 imperium,
3342 649 3608 714 adoratio,

2017 773 2157 813 nunc
2201 762 2258 808 et
2293 765 2544 821 semper,
2584 757 2641 804 et
2689 747 2744 802 in
2795 745 2991 802 siccula
3045 743 3385 800 saeculorum.
3420 743 3610 797 Amen.

3503 345 3610 403 (illi

1999 901 3610 927 ______________._____._._.___.._.

1477 996 1814 1064 HOMILIA
1858 991 2082 1055 LXIV.
2129 988 2214 1051 al.
2261 984 2457 1046 LXV.

322 1178 460 1233 Cn.
511 1172 594 1227 l9.
637 1184 693 1222 γ.
733 1167 826 1221 27.
871 1161 1018 1218 Tunc
1059 1156 1370 1230 respondens
1418 1151 1601 1206 Petrus
1648 1147 1776 1202 dixit
1819 1145 1866 1198 ei
1902 1157 1922 1197 :

402 1262 537 1318 Ecce
561 1275 651 1314 nos
675 1258 968 1323 reliquimus
984 1250 1173 1313 omnia,
1203 1257 1248 1301 et
1273 1243 1468 1315 sequuti
1491 1254 1666 1296 sumus
1697 1247 1745 1291 te
1766 1230 1922 1304 ;quid

407 1372 528 1426 ergo
549 1353 642 1406 erit
672 1347 814 1403 nobis
841 1347 866 1400 7

407 1416 757 1514 l."Qita'nam
787 1438 993 1500 Omnia,
1015 1435 1173 1490 beate
1197 1431 1356 1486 Petre
1379 1428 1404 1481 ?
1429 1426 1693 1480 calamum
1719 1421 1744 1475 ‘l
1768 1416 1925 1474 rete?

331 1536 691 1599 naviculam?
749 1528 969 1587 artem?
1023 1524 1266 1581 llmccine
1321 1519 1499 1582 omnia
1550 1516 1686 1571 dicis
1745 1509 1927 1566 mihi?

335 1634 545 1694 Etiam,
588 1626 779 1698 inquit.
830 1621 936 1678 Sed
988 1635 1091 1674 non
1135 1631 1230 1686 per
1255 1611 1618 1668 ambitionem
1646 1604 1928 1677 quamdam

345 1727 466 1782 haec
492 1722 644 1784 dico,
692 1717 785 1773 sed
819 1725 877 1770 ut
913 1728 1010 1783 per
1051 1711 1190 1765 hanc
1233 1703 1707 1773 interrogationem
1737 1710 1934 1767 paupe-

338 1831 458 1871 rum
494 1813 706 1883 plebem
746 1804 1100 1863 introducam.
1127 1801 1261 1868 Quia
1292 1797 1435 1852 enim
1472 1794 1606 1849 dixit
1633 1787 1886 1846 Dominus
1917 1803 1930 1840 :

339 1907 403 1962 Si
446 1880 518 1960 vis
560 1901 806 1974 perfectus
835 1893 962 1962 esse,
995 1893 1151 1948 vende
1177 1907 1292 1961 qua:
1318 1888 1487 1950 habes,
1517 1896 1564 1939 et
1591 1884 1661 1937 da
1686 1880 1931 1952 pauperi-

341 2003 437 2055 bus
457 2041 472 2061 ,
509 1971 568 2052 et:
596 1971 796 2049 habebis
835 1992 1125 2044 thesaurum
1167 1985 1220 2038 in
1263 1982 1387 2037 cwlo
1413 1977 1627 2052 (Matth.
1654 1975 1740 2030 l9.
1768 1973 1835 2028 21
1864 1971 1881 2043 )
1919 1988 1934 2025 :

343 2109 416 2150 ne
445 2092 565 2164 quis
589 2099 881 2158 pauperum
913 2082 1056 2137 dicat
1083 2096 1097 2133 :
1125 2076 1263 2146 Quid
1292 2089 1422 2144 ergo
1447 2071 1470 2126 ?
1497 2071 1541 2125 si
1569 2084 1673 2123 non
1707 2067 1932 2120 habeam

351 2183 747 2257 possessionem
769 2220 783 2246 ,
816 2191 921 2231 non
953 2187 1166 2244 possum
1197 2185 1317 2225 esse
1350 2161 1666 2238 perfectus?
1702 2161 1934 2214 interro-

348 2250 440 2344 gat
472 2274 664 2329 Petrus
685 2311 698 2330 .
731 2277 787 2323 nt
824 2275 879 2322 tu
913 2279 1114 2334 pauper
1137 2261 1310 2316 discas
1331 2300 1346 2325 ,
1377 2256 1506 2311 nihil
1537 2263 1589 2308 te
1619 2251 1743 2306 hinc
1764 2250 1938 2303 minus

348 2366 584 2428 habere;
631 2362 920 2428 interrogat
969 2354 1156 2415 Petrus
1178 2393 1192 2416 ,
1224 2359 1278 2403 nt
1302 2364 1389 2411 ne,
1413 2345 1456 2400 si
1486 2359 1515 2398 a
1559 2343 1714 2398 Petro
1744 2339 1794 2393 id
1825 2337 1941 2392 edi-

351 2475 508 2522 scas,
557 2454 767 2509 dubites
815 2436 1054 2518 (etenim
1098 2440 1440 2512 imperfectus
1474 2435 1656 2490 adhuc
1699 2441 1844 2497 erat,
1877 2439 1945 2484 'et

346 2548 553 2620 Spiritu
599 2541 880 2609 vacuus),
935 2535 1031 2593 sed
1083 2543 1141 2589 ut
1187 2549 1216 2586 a
1251 2531 1508 2600 magistro
1540 2526 1679 2581 Petri
1725 2529 1942 2589 accepta

354 2635 643 2701 sententia,
692 2631 948 2688 conlidas.
993 2622 1451 2695 Quemadmodum
1495 2619 1638 2673 enim
1671 2629 1768 2670 nos
1813 2612 1942 2666 l'aci-

356 2746 499 2797 mus,
527 2743 648 2783 cum
676 2739 774 2796 pro
798 2723 916 2777 aliis
935 2720 1268 2788 disputantes
1289 2730 1374 2768 res
1393 2711 1544 2766 nobis
1565 2706 1904 2763 attribuimns
1929 2720 1942 2756 :

357 2827 439 2880 sic
466 2833 519 2877 et
558 2819 830 2890 apostolus
855 2814 1012 2880 fecit,
1040 2828 1160 2867 cum
1196 2826 1293 2879 pro
1339 2807 1484 2862 orbe
1515 2815 1628 2859 toto
1657 2803 1817 2890 talem
1845 2798 1943 2867 ipsi

358 2911 834 2982 interrogationem
884 2905 1095 2960 obtulit.
1159 2903 1288 2956 Nam
1339 2895 1478 2969 quod
1527 2911 1586 2950 ea
1630 2871 1747 2964 qua:
1788 2890 1854 2944 ad
1891 2905 1950 2944 se

361 2993 678 3077 spectabant
698 2989 808 3071 jam
835 2998 982 3054 clare
1007 2995 1190 3057 sciret,
1225 2992 1396 3061 palam
1416 2999 1496 3043 est
1519 2987 1587 3041 ab
1625 2985 1690 3039 iis
1714 2999 1831 3054 qua:
1860 2997 1950 3036 su-

361 3112 458 3169 pra
511 3094 650 3149 dicta
691 3097 816 3145 sunt
852 3106 866 3142 :
899 3086 1102 3143 etenim
1149 3083 1237 3153 qui
1277 3081 1455 3134 claves
1497 3076 1643 3146 regni
1693 3073 1949 3128 caelorum

362 3189 490 3246 inde
511 3188 624 3258 jam
649 3190 933 3252 acceperat
951 3221 968 3246 ,
995 3178 1170 3233 multo
1192 3174 1361 3243 magis
1406 3170 1472 3223 de
1497 3168 1707 3223 c:rteris
1735 3179 1854 3234 qua:
1897 3162 1948 3216 in

361 3283 499 3339 caelo
557 3287 714 3344 sunt,
769 3273 1041 3331 conﬁdere
1099 3267 1302 3324 debuit.
1346 3261 1726 3318 Animadverte
1773 3267 1951 3311 autem

361 3372 634 3446 quomodo
672 3377 920 3424 accurate
963 3361 1284 3433 reSpondcat
1327 3355 1393 3411 ad
1435 3371 1498 3410 ea
1541 3368 1658 3423 quae
1703 3350 1951 3404 Christus

365 3443 642 3538 qua-rebat
671 3479 683 3514 :
721 3476 844 3515 nam
877 3458 964 3513 ille
989 3471 1018 3510 a
1043 3455 1206 3509 divite
1245 3450 1354 3505 duo
1384 3449 1498 3502 haec
1531 3443 1844 3513 expetebat.
1893 3449 1954 3495 ut

363 3533 460 3616 sua
488 3558 639 3612 daret
670 3551 1011 3626 pauperibus,
1041 3558 1099 3603 et
1127 3553 1444 3615 sequeretur
1469 3554 1546 3593 se.
1590 3536 1821 3604 Ideoque
1847 3533 1949 3588 Pe-

365 3665 480 3708 trus
511 3658 622 3708 lure
650 3651 756 3706 duo
783 3647 961 3718 poeit,
987 3653 1041 3698 et
1069 3639 1212 3711 quod
1237 3634 1584 3705 reliquerint,
1615 3640 1668 3684 et
1697 3627 1838 3699 quod
1872 3641 1960 3680 se-

373 3755 604 3815 quantur
634 3760 648 3808 ;
674 3757 794 3796 nam
821 3739 894 3792 ait
921 3755 934 3791 :
963 3734 1096 3789 Ecce
1125 3747 1214 3784 nos
1238 3727 1534 3795 reliquimus
1561 3723 1729 3777 omnia
1750 3761 1766 3787 ,
1797 3728 1844 3772 et
1878 3733 1959 3772 se-

362 3839 505 3909 quuti
540 3852 713 3891 smnus
755 3843 822 3886 te.
855 3829 986 3883 Nam
1034 3826 1342 3892 relinquunt
1368 3827 1425 3872 ut
1465 3826 1760 3885 sequantur
1783 3853 1798 3878 ,
1829 3809 1958 3865 faci-

365 3995 734 4093 reliquerant,
767 4015 1014 4071 ﬁduciam
1072 4009 1202 4080 ipsis"
1245 4014 1300 4060 et
1341 3995 1952 4074 gaudiinn'conciliavit.

365 4088 503 4184 Quid
551 4128 677 4182 ergo
723 4110 810 4164 ille
838 4111 863 4162 ἲ
899 4105 990 4162 28.
1034 4103 1190 4157 Amen
1229 4099 1341 4152 dico
1385 4095 1522 4149 vobis
1545 4135 1560 4160 ,
1590 4091 1725 4163 quod
1754 4106 1839 4145 vos
1873 4088 1960 4154 qui

366 4207 562 4278 sequuti
600 4204 717 4258 estis
757 4219 856 4267 me,
894 4200 948 4253 in
973 4194 1370 4268 regeneratione,
1406 4206 1519 4243 cum
1558 4187 1743 4241 sederit
1790 4183 1958 4237 Filius

367 4298 584 4352 hominis
606 4297 657 4349 in
677 4294 856 4348 throno
883 4290 1160 4357 maiestatis
1186 4299 1293 4339 suae
1320 4322 1336 4347 ,
1366 4279 1596 4337 sedebitis
1622 4287 1670 4331 et
1683 4294 1787 4338 vos
1804 4291 1958 4344 super

369 4392 578 4446 thronos
617 4387 901 4448 duodecim,
939 4381 1227 4454 judicantes
1264 4375 1530 4429 duodecim
1572 4371 1729 4424 tribus
1761 4366 1948 4422 Israel.

368 4479 506 4550 Quid
541 4477 750 4548 igitur?
795 4491 860 4529 an
888 4473 1074 4534 ludas,
1131 4466 1374 4538 inquies,
1420 4461 1673 4518 sedebit?
1714 4459 1952 4513 Minime.

376 4571 659 4640 Quomodo
691 4567 850 4638 igitur
877 4564 1006 4619 dicit
1030 4603 1044 4627 ,
1091 4558 1157 4614 Et
1184 4575 1268 4613 vos
1293 4573 1446 4627 super
1465 4552 1730 4608 duodecim
1751 4551 1959 4603 thronos

368 4639 602 4721 sedebitis
629 4661 655 4715 γ
688 4657 962 4729 quomodo
989 4651 1271 4724 promissio
1303 4649 1390 4703 illa
1423 4641 1780 4715 implebitur?
1821 4639 1956 4694 Audi

368 4751 663 4827 quomodo.
689 4749 798 4804 Lex
825 4756 902 4803 est
939 4761 970 4800 a
1014 4745 1123 4798 Deo
1164 4741 1356 4812 posita,
1402 4753 1496 4806 per
1516 4733 1800 4790 .leremiam
1831 4745 1958 4800 pro-

371 4825 586 4915 phetam
617 4839 818 4897 .ludaais
864 4839 1034 4903 lecta,
1081 4848 1199 4905 quae
1239 4832 1318 4886 sic
1343 4829 1504 4883 habet
1545 4842 1562 4883 :
1603 4825 1683 4879 Ad
1710 4839 1960 4877 summam

370 4939 553 5005 loquar
577 4949 732 5004 super
776 4941 973 5003 gentem
1019 4937 1066 4983 et
1101 4942 1254 4996 super
1282 4937 1524 4993 regnum,
1561 4929 1617 4972 ut
1653 4919 1886 4989 auferam
1913 4924 1961 4969 et

374 5029 620 5102 perdam;
645 5036 691 5082 et
721 5026 766 5080 si
807 5037 1048 5078 conversa
1075 5019 1228 5093 fuerit
1253 5033 1374 5090 gens
1398 5015 1490 5068 illa
1509 5029 1541 5066 a
1565 5011 1715 5066 matis
1733 5011 1860 5076 suis,
1880 5024 1961 5063 me

369 5127 574 5195 quoque
611 5121 863 5194 pceuitcbit
894 5117 1178 5180 malorum,
1222 5125 1332 5182 qua:
1376 5108 1590 5180 cogitaui
1616 5107 1786 5178 facere
1831 5105 1955 5160 illis.

371 5219 440 5274 Et
464 5217 532 5271 ad
552 5231 797 5271 summam
830 5212 1010 5283 loquar
1044 5224 1197 5278 super
1223 5214 1419 5276 gentem
1440 5212 1487 5258 et
1509 5217 1741 5272 regnum,
1771 5206 1826 5252 ut
1839 5209 1966 5251 rea:-

373 5310 574 5378 dificem
601 5317 648 5362 et
678 5306 902 5378 plantem
936 5318 956 5356 :
985 5311 1032 5355 et
1071 5300 1116 5354 si
1155 5297 1366 5370 fecerint
1391 5295 1584 5348 malum
1618 5293 1671 5346 in
1694 5295 1959 5360 conspectu

372 5419 503 5466 meo,
533 5412 586 5455 ut
612 5418 712 5455 non
734 5399 950 5451 audiant
976 5409 1146 5449 uocem
1173 5405 1354 5453 meam,
1392 5404 1473 5441 me
1491 5401 1686 5456 quoque
1713 5381 1964 5454 paenitebit

373 5503 649 5557 bonorum,
680 5505 794 5560 quia
821 5489 1018 5543 locutus
1043 5501 1155 5540 sum
1177 5493 1232 5535 ut
1263 5486 1480 5554 facerem
1504 5479 1576 5532 eis
1605 5474 1754 5542 (δεῖ.
1786 5472 1875 5527 18.
1899 5471 1962 5525 7-

376 5587 485 5654 10).
520 5584 777 5651 ldipsum,
802 5578 993 5650 inquit,
1017 5574 1245 5631 servabo
1273 5571 1433 5626 etiam
1458 5570 1509 5622 in
1533 5566 1708 5623 bonis.
1737 5562 1960 5618 Etiamsi

375 5681 514 5736 enim
546 5677 733 5732 dixero
762 5686 850 5728 me
880 5667 1333 5726 rcmdiﬁcaturum
1378 5677 1499 5718 esse
1519 5703 1536 5725 ,
1576 5660 1622 5715 si
1650 5673 1710 5712 se
1736 5654 1967 5726 promis-

373 5771 536 5830 sione’
563 5769 811 5837 indignos
855 5763 1216 5826 reddiderint,
1250 5758 1300 5815 id
1329 5773 1436 5812 non
1467 5756 1676 5811 faciam.
1723 5750 1778 5807 ld
1824 5748 1964 5820 quod

376 5871 533 5925 etiam
579 5865 752 5938 primo
790 5859 991 5918 honuni
1033 5854 1223 5913 accidit
1255 5873 1266 5906 :
1297 5851 1510 5907 Tremor
1535 5848 1676 5904 enim
1699 5886 1712 5910 ,
1754 5839 1958 5914 inquit,

2027 1146 2192 1204 vester,
2227 1143 2273 1190 et
2304 1135 2457 1187 timor
2485 1131 2581 1186 erit
2609 1145 2762 1199 super
2789 1131 2926 1200 feras
2961 1126 3118 1196 (Gen.
3144 1126 3198 1183 9.
3227 1125 3286 1197 2)
3308 1137 3509 1196 ;neque
3540 1133 3622 1179 ta-

2029 1243 2150 1282 men
2172 1225 2221 1280 id
2252 1223 2446 1279 laetum
2477 1231 2558 1278 est
2592 1239 2607 1276 :
2634 1235 2754 1282 nam
2780 1219 2867 1274 ille
2896 1223 2955 1272 se
2977 1215 3066 1272 tali
3098 1217 3322 1286 imperio
3350 1216 3624 1285 indignum

2032 1318 2306 1382 reddidit;
2339 1312 2785 1385 quemadmodum
2817 1321 2870 1364 et
2897 1309 3084 1364 Judas.
3120 1308 3196 1364 Ne
3224 1309 3366 1363 enim
3399 1323 3462 1362 ex
3491 1324 3624 1378 sup-

2034 1413 2176 1483 plicii
2205 1409 2466 1465 sententia
2498 1407 2849 1475 deSperantes
2878 1403 3094 1474 quidam
3127 1401 3373 1468 duriores
3400 1400 3622 1466 ﬂerent,

2035 1519 2168 1558 neve
2194 1518 2262 1557 ex
2304 1501 2568 1555 bonorum
2610 1496 2964 1567 promissione
2991 1495 3080 1548 alii
3114 1495 3390 1563 segniores
3429 1493 3623 1550 evade-

2036 1605 2190 1658 rent,
2221 1595 2461 1663 utrisque
2486 1589 2780 1646 remedium
2809 1587 3027 1642 adhibet
3054 1586 3240 1640 dicens
3265 1605 3278 1640 :
3306 1585 3362 1640 Si
3394 1586 3627 1640 minatus

2038 1690 2192 1742 fuero
2212 1727 2228 1749 ,
2257 1699 2326 1740 ne
2349 1683 2606 1752 desperes
2637 1698 2652 1736 :
2700 1689 2852 1752 poles
2877 1679 3018 1733 enim
3049 1678 3415 1746 paenitentiam
3445 1693 3626 1746 agerc,

2039 1777 2463 1846 sententiamque
2484 1788 2656 1828 meam
2686 1773 2917 1836 solvere,
2950 1781 3002 1824 ut
3031 1769 3276 1824 Ninivitae
3307 1787 3322 1823 :
3349 1778 3404 1822 et
3423 1767 3468 1822 si
3499 1769 3621 1823 boni

2041 1869 2311 1940 quidpiam
2341 1866 2666 1937 promittam,
2703 1880 2766 1918 ne
2785 1863 2965 1932 segnis
2985 1863 3058 1915 sis
3085 1861 3154 1918 ob
3184 1861 3592 1931 promissionem
3617 1879 3630 1915 :

2043 1978 2168 2018 nam
2198 1961 2242 2015 si
2271 1958 2520 2029 indignus
2562 1955 2822 2021 reddaris,
2853 1953 2984 2008 nihil
3013 1963 3063 2007 te
3085 1952 3297 2022 juvabit
3326 1951 3628 2021 promissio,

2037 2053 2143 2109 sed
2167 2052 2342 2122 maius
2368 2049 2691 2120 supplicium
2712 2048 2816 2102 erit
2848 2064 2861 2100 :
2886 2061 2984 2116 ego
3013 2045 3156 2100 enim
3191 2045 3443 2113 promitto
3474 2044 3522 2099 ei
3545 2045 3634 2115 qui

2038 2145 2236 2216 dignus
2265 2154 2368 2199 est.
2401 2142 2604 2196 Idcirco
2633 2147 2758 2194 tunc
2781 2151 2994 2208 quoque
3015 2135 3307 2206 discipulos
3330 2135 3632 2205 alloquens,

2049 2254 2155 2292 non
2183 2235 2502 2303 simpliciter
2529 2231 2789 2302 promittit
2813 2245 2828 2293 ;
2863 2244 2968 2282 non
2995 2227 3140 2281 enim
3165 2226 3506 2282 solummodo
3540 2226 3636 2288 ait,

2063 2327 2176 2388 Vos,
2227 2324 2320 2381 sed
2358 2323 2526 2387 addit,
2584 2322 2686 2388 Qui
2715 2319 2914 2388 sequuti
2942 2318 3058 2373 estis
3096 2334 3208 2383 me,
3256 2326 3397 2372 utet
3443 2315 3634 2371 Iudam

2049 2421 2288 2490 cjiceret,
2319 2429 2372 2474 et
2422 2431 2516 2472 eos
2568 2415 2657 2484 qui
2698 2422 2880 2483 postea
2930 2411 3088 2466 futuri
3132 2419 3286 2465 erant
3326 2409 3638 2464 attraheret.

2051 2515 2234 2584 Neque
2262 2512 2404 2568 enim
2439 2509 2506 2563 ad
2544 2507 2666 2562 illos
2703 2506 2900 2560 dictum
2931 2512 3013 2558 est
3040 2504 3205 2565 solos,
3237 2518 3411 2572 neque
3453 2503 3518 2556 ad
3549 2501 3642 2558 Ju-

2053 2607 2212 2669 dam,
2245 2605 2334 2675 qui
2378 2617 2438 2657 se
2477 2600 2750 2670 indignum
2801 2596 3052 2652 reddidit.
3085 2595 3364 2664 Discipulis
3394 2609 3523 2666 ergo
3565 2595 3644 2649 fu-

2055 2708 2172 2753 tura
2223 2693 2486 2766 promittit
2539 2689 2768 2745 dicendo
2823 2705 2838 2742 :
2883 2686 3132 2742 Sedcbitis
3177 2702 3328 2755 super
3380 2685 3645 2739 duodecim

2057 2793 2264 2843 thronos
2295 2802 2314 2840 :
2341 2783 2682 2840 sublimiores
2718 2780 2861 2835 enim
2902 2777 3075 2832 effecti
3124 2777 3255 2830 nihil
3307 2777 3644 2845 prcesentium

2055 2880 2370 2949 quaerebant
2403 2891 2419 2941 ;
2451 2873 2662 2932 caeteris
2694 2881 2871 2926 autem
2919 2869 3201 2940 prmsentia
3247 2854 3460 2939 quoque
3494 2868 3648 2939 polli-

2056 2980 2206 3026 Cetur
2235 2969 2418 3024 dicens
2458 2984 2473 3020 :
2524 2965 2615 3019 29.
2661 2963 2977 3031 Quicumque
3009 2961 3256 3013 dimiserit
3295 2963 3513 3030 fratres,
3561 2967 3649 3013 aut

2057 3077 2278 3124 sorores,
2305 3067 2392 3113 aut
2424 3066 2640 3127 patrem,
2685 3061 2774 3107 aut
2800 3063 3030 3117 matrem,
3063 3060 3152 3104 aut
3180 3067 3407 3112 uxorem,
3456 3061 3544 3104 aut
3583 3053 3646 3118 ﬁ-

2059 3153 2173 3216 lios,
2205 3159 2294 3203 aut
2320 3164 2504 3219 agros,
2537 3155 2744 3216 prapter
2779 3159 2958 3196 nomen
2991 3157 3175 3210 meum,
3207 3142 3494 3208 centuplum
3520 3144 3652 3195 acci-

2061 3249 2161 3318 piet
2191 3246 2239 3298 in
2280 3244 2381 3297 hoc
2413 3241 2646 3303 samulo,
2688 3247 2734 3292 et
2772 3237 2923 3290 vitam
2957 3245 3196 3287 (sternam
3238 3234 3528 3302 possidebit.
3573 3234 3650 3290 Nc

2059 3336 2274 3408 quidam
2309 3334 2452 3390 enim
2487 3331 2640 3394 illud,
2699 3328 2817 3394 Vos,
2865 3327 3169 3386 audientes,
3219 3323 3348 3378 illud
3384 3325 3535 3395 quasi
3583 3325 3652 3380 ad

2059 3428 2352 3499 discipulos
2387 3426 2565 3480 solum
2603 3423 2879 3489 pertinens
2917 3419 3224 3488 acciperent
3265 3415 3284 3490 (
3312 3416 3377 3470 de
3407 3417 3652 3472 maximis

2063 3525 2252 3594 loquor
2293 3530 2348 3575 et
2368 3520 2434 3575 de
2465 3518 2649 3590 primis
2675 3513 2892 3570 sedibus
2923 3511 2979 3582 ),
3022 3511 3073 3564 in
3103 3526 3196 3564 eos
3222 3509 3314 3581 qui
3349 3509 3650 3563 mercedem

2061 3616 2329 3685 accepturi
2378 3620 2532 3668 erant
2573 3621 2876 3664 sermonem
2928 3602 3186 3665 extendit,
3240 3611 3294 3676 et
3341 3603 3655 3671 promissio-

2064 3725 2184 3763 nem
2214 3707 2371 3761 latius
2398 3701 2610 3758 diliudit
2639 3700 2690 3752 in
2724 3708 2892 3752 totum
2917 3695 3121 3755 urbem,
3153 3671 3311 3763 atque
3332 3709 3395 3747 ex
3427 3709 3656 3762 praesen-

2066 3801 2205 3855 tibus
2239 3797 2414 3868 l'utura
2461 3792 2759 3856 conﬁrmat.
2800 3785 3081 3855 Discipulis
3112 3796 3288 3838 autem
3323 3785 3373 3836 in
3403 3783 3653 3848 exordio,

2063 3905 2184 3946 cum
2215 3887 2390 3941 adhuc
2422 3881 2840 3953 imperiectiores
2866 3885 3066 3940 essent,
3090 3889 3155 3928 ex
3197 3873 3550 3943 prmsentibus
3579 3873 3657 3927 lo-

2063 3981 2346 4052 quebatur.
2391 3975 2523 4029 Cum
2579 3972 2723 4047 enim
2767 3967 2991 4023 abduxit
3041 3980 3134 4020 eos
3185 3980 3253 4018 ex
3310 3964 3441 4018 mari
3495 3973 3550 4016 et
3590 3980 3658 4019 ex

2063 4082 2178 4128 arte
2217 4085 2316 4140 sua
2337 4111 2352 4134 ,
2396 4067 2661 4138 jussitque
2688 4060 2988 4123 naviculam
3027 4057 3299 4119 deserere,
3335 4071 3440 4108 non
3470 4055 3654 4120 caelos,

2067 4182 2173 4222 non
2203 4163 2425 4219 thronos
2448 4156 2766 4214 memoravit
2797 4171 2812 4220 ;
2841 4152 2933 4207 sed
2967 4167 3052 4206 res
3085 4158 3398 4219 praesentes,
3424 4148 3609 4202 dicens
3641 4165 3658 4201 :

2067 4260 2278 4324 Faciam
2310 4272 2394 4310 vos
2424 4253 2696 4325 piscatores
2727 4251 2984 4300 hominum
3011 4242 3224 4310 (Matth.
3251 4243 3304 4295 4.
3340 4240 3460 4310 l9);
3509 4250 3656 4309 post-

2064 4366 2222 4422 quam
2250 4356 2428 4402 autem
2463 4345 2582 4399 illos
2611 4338 2953 4394 sublimiores
2975 4333 3247 4397 eli'ecei-at,
3273 4341 3397 4385 tunc
3440 4329 3657 4384 demum

2066 4445 2226 4498 etiam
2255 4439 2324 4494 de
2344 4435 2652 4493 caulestihus
2679 4430 2930 4500 loquitur.

2134 4536 2190 4590 2.
2231 4531 2367 4602 Quid
2395 4530 2496 4584 sibi
2527 4526 2640 4580 vult
2677 4522 2802 4578 illud
2826 4563 2842 4588 ,
2879 4519 3175 4574 Judicanles
3203 4514 3469 4569 duodecim
3500 4514 3658 4566 tribus

2065 4625 2280 4684 Israel?
2329 4624 2382 4678 Id
2427 4631 2530 4683 cst,
2561 4617 3000 4674 condemnantes.
3045 4610 3227 4679 Neque
3263 4609 3402 4662 enim
3430 4616 3488 4662 ut
3513 4606 3659 4675 judi-

2065 4736 2158 4777 ees
2201 4717 2464 4774 sedebant
2497 4730 2510 4768 :
2551 4711 2644 4766 sed
2673 4710 2809 4764 sicut
2842 4706 3080 4775 reginam
3110 4701 3287 4756 Austri
3310 4700 3648 4754 condemna-

2067 4823 2239 4868 turam
2281 4817 2494 4880 gentem
2537 4804 2682 4858 illam
2729 4799 2976 4862 dicebat,
3030 4803 3085 4849 et
3132 4793 3390 4848 Ninivitas
3435 4804 3653 4860 quoque

2065 4905 2514 4962 condemnaturos
2562 4909 2684 4952 esse
2737 4890 2966 4962 (Matth.
3018 4887 3107 4940 12.
3159 4885 3251 4938 42.
3292 4881 3404 4952 41')
3436 4899 3446 4933 :
3481 4881 3574 4948 sic
3606 4891 3660 4935 et

2065 4996 2290 5072 apostoli
2320 4988 2768 5054 condemnabam.
2797 4983 3024 5051 Ideoque
3056 4994 3159 5034 non
3188 4976 3349 5040 dixit,
3381 4974 3578 5030 Gentes
3607 4983 3661 5029 et

2062 5066 2252 5148 orbem
2272 5129 2287 5153 ,
2318 5085 2411 5142 sed
2435 5080 2660 5152 ,Tribus
2688 5075 2872 5131 Israel.
2901 5072 3036 5140 Quia
3065 5070 3210 5124 enim
3251 5066 3303 5122 in
3341 5066 3530 5122 iisdem
3562 5081 3660 5144 nu.

2069 5185 2180 5241 triti
2220 5189 2375 5237 erant
2411 5185 2467 5232 ct
2513 5172 2717 5244 legibus
2755 5176 2810 5224 ct
2856 5165 3102 5221 moribus
3152 5171 3206 5215 et
3245 5159 3498 5214 institutis
3551 5138 3658 5211 tam

2066 5274 2234 5333 Judaei
2269 5287 2426 5342 quam
2470 5262 2735 5337 apostoli,
2778 5273 2898 5314 cum
2929 5255 3096 5312 Judaei
3133 5252 3404 5312 dicerent,
3437 5264 3497 5303 se
3534 5247 3657 5302 ideo

2069 5337 2300 5426 Christo
2322 5361 2542 5418 credere
2581 5372 2686 5411 non
2716 5352 2982 5425 putuisse,
3014 5347 3136 5419 quia
3164 5345 3248 5400 lex
3287 5341 3533 5398 mandata
3571 5337 3656 5408 ip-

2067 5467 2180 5520 sius
2217 5458 2452 5527 recipere
2488 5423 2834 5523 prohibebat,
2872 5441 2957 5496 his
2984 5439 3036 5494 in
3067 5435 3302 5492 medium
3349 5423 3648 5502 productis,

2068 5555 2158 5627 qui
2185 5549 2429 5609 eamdem
2460 5547 2634 5616 legem
2664 5543 2986 5609 acceperant
3008 5541 3060 5588 ct
3081 5527 3438 5587 crediderant,
3467 5535 3657 5576 omnes

2070 5614 2191 5706 illos
2212 5614 2538 5702 condemnat
2569 5655 2582 5693 :
2617 5635 2666 5690 id
2698 5631 2840 5703 quod
2866 5629 3028 5684 etiam
3055 5625 3164 5695 jam
3194 5619 3328 5674 dixit
3360 5632 3379 5671 :
3417 5614 3650 5694 Ideojn-

2069 5744 2204 5798 dices
2251 5737 2402 5795 uestri
2445 5739 2592 5788 erunt
2624 5725 2796 5799 (Ibid.
2828 5739 2876 5779 υ.
2922 5721 2991 5775 27
3020 5720 3059 5790 ).
3111 5715 3178 5770 Et
3224 5709 3349 5784 quid
3404 5723 3656 5777 magnum

2073 5835 2201 5907 ipsis
2247 5827 2526 5904 promisit,
2563 5822 2806 5885 quchs,
2841 5816 2883 5870 si
2918 5812 3004 5877 id,
3052 5803 3192 5880 quod
3239 5803 3436 5859 habent
3479 5800 3660 5872 regina
