4034 6408
567 471 752 529 Austri
782 479 836 528 et
872 468 1140 537 Ninivitrc,
1179 470 1410 526 baluturi
1445 481 1568 526 sunt
1595 471 1619 526 ἳ
1643 470 1806 527 Certe
1839 471 2005 526 multa
2041 469 2144 524 alia

566 565 674 621 illis
716 574 870 619 antea
901 564 1162 634 promisit,
1190 572 1245 618 et
1287 573 1474 634 postea
1513 562 1673 618 etiam
1714 563 1986 633 promittet
2019 579 2034 618 :
2064 577 2151 618 ne

565 672 669 727 que
696 655 824 711 illud
866 656 1038 710 solum
1082 664 1167 711 est
1211 656 1512 726 preeminm.
1565 656 1808 726 Alioquin
1842 667 2018 710 autem
2064 654 2151 710 hic

569 763 777 818 quoque
833 747 1032 817 aliquid
1095 746 1270 818 majus
1324 748 1694 803 snbindicavit.
1747 747 1878 803 Nam
1925 748 1993 803 de
2044 748 2151 803 illis

562 840 876 908 simpliciter
927 840 1061 895 dixit
1110 858 1123 893 :
1175 839 1282 894 Viri
1320 838 1579 895 .Niuivitte
1634 848 1872 910 surgent,
1921 848 1968 893 et
2013 855 2151 893 con-

561 933 869 988 denmabunt
928 934 1296 1003 generationem
1358 933 1535 997 hanc;
1597 942 1684 999 et,
1730 930 1928 1003 Regina
1977 931 2150 984 Austri

562 1026 913 1080 condemnabit
944 1042 963 1080 :
986 1026 1055 1081 de
1085 1027 1166 1081 his
1194 1043 1320 1082 vero
1367 1041 1471 1081 non
1496 1026 1806 1095 simpliciter
1839 1043 1853 1078 :
1890 1023 1982 1079 sed
2010 1040 2145 1093 quo-

558 1117 721 1171 modo
751 1118 776 1167 i
807 1116 933 1172 Cum
969 1119 1152 1171 sederit
1182 1118 1348 1172 Filius
1374 1119 1589 1171 hominis
1616 1119 1670 1171 in
1715 1119 1833 1171 sede
1870 1116 2146 1185 majestatis

556 1227 685 1272 ante,
716 1222 836 1264 tunc
861 1210 1093 1265 stdebitis
1121 1219 1167 1264 et
1192 1227 1276 1265 vos
1304 1226 1455 1281 super
1482 1211 1747 1264 duodecim
1773 1210 1980 1264 thronos
2002 1223 2022 1272 ;
2049 1224 2142 1263 os-

562 1303 791 1357 tendens
820 1302 967 1372 ipsos
1010 1313 1065 1357 et
1105 1312 1520 1372 conregnaturos
1542 1344 1557 1364 ,
1585 1312 1638 1357 et
1662 1302 1846 1372 gloria:
1870 1311 2144 1357 consortes

556 1392 785 1447 futuros.
815 1392 948 1448 Nam
980 1391 1042 1448 Si
1076 1394 1403 1458 sustinemus,
1432 1394 1621 1464 inquit,
1652 1404 1699 1446 et
1728 1393 2142 1464 conregnabimus

560 1484 659 1553 (2.
682 1483 819 1538 Tim.
857 1483 912 1538 2.
944 1484 1070 1558 12).
1100 1484 1284 1554 Neque
1307 1485 1448 1539 enim
1491 1484 1667 1537 throni
1701 1483 1884 1538 sedem
1932 1482 2137 1553 signifi-

556 1585 680 1631 cant
710 1593 723 1629 :
752 1578 901 1631 solus
946 1578 1144 1647 quippe
1173 1578 1286 1645 ipse
1309 1586 1554 1631 sessurus
1594 1585 1647 1629 et
1669 1574 2000 1645 judicaturus
2019 1584 2137 1641 est;

563 1670 662 1726 sed
694 1686 791 1741 per
817 1670 1040 1726 thronos
1067 1670 1186 1725 illos
1206 1670 1464 1725 honorem
1490 1681 1545 1724 et
1570 1668 1791 1740 gloriam
1820 1668 2139 1724 ineli‘abilem

557 1763 894 1834 significavit.
926 1762 1021 1818 His
1051 1763 1230 1833 itaque
1261 1763 1376 1816 hare
1406 1761 1538 1815 dixit
1577 1779 1589 1815 :
1626 1761 1845 1829 reliquis
1871 1774 1998 1814 vero
2024 1775 2140 1815 om-

560 1857 718 1910 nibus
765 1856 927 1908 vitam
969 1864 1262 1921 aeternam,
1308 1862 1361 1909 et
1409 1852 1497 1907 hic
1538 1855 1862 1923 centuplum.
1904 1850 1962 1907 Si
2012 1866 2141 1907 vero

557 1946 802 2012 reliquis,
833 1946 1002 2001 multo
1023 1946 1190 2015 magis
1219 1944 1494 2013 apostolis,
1526 1944 1685 1999 etiam
1718 1944 1769 1998 in
1796 1942 1897 1998 hoc
1918 1943 2137 1998 saeculo.

557 2039 615 2095 Id
642 2040 783 2111 quod
804 2040 964 2094 etiam
994 2040 1188 2094 evenit.
1231 2038 1451 2094 Calamo
1479 2038 1622 2093 enim
1650 2048 1704 2093 et
1727 2038 1931 2093 retibus
1949 2037 2137 2092 dimis-

557 2132 665 2200 sis,
693 2134 932 2189 omnium
966 2133 1104 2187 bona
1139 2134 1192 2187 in
1219 2147 1314 2187 sua
1348 2140 1608 2201 potestate
1634 2131 1919 2197 habebant,
1946 2130 2138 2185 domo-

556 2239 672 2279 rum
702 2223 873 2295 pretia
902 2234 955 2279 et
989 2238 1263 2295 agrorum,
1297 2224 1517 2294 ipsaque
1534 2237 1761 2291 corpora
1781 2222 2135 2276 credentium.

555 2313 687 2370 Nam
730 2315 893 2369 etiam
922 2316 1057 2370 mori
1089 2330 1189 2384 pro
1214 2316 1344 2384 ipsis
1372 2327 1518 2383 saepe
1538 2314 1851 2377 voluissent,
1893 2322 1949 2366 ut
1976 2313 2138 2367 etiam

555 2409 751 2466 Paulus
797 2409 978 2464 multis
1033 2408 1385 2474 testificatur,
1416 2422 1538 2461 cum
1570 2406 1707 2461 dixit
1737 2424 1748 2459 :
1784 2406 1846 2460 Si
1888 2407 2135 2475 possetis,

555 2504 708 2559 etiam
731 2502 904 2557 oculos
925 2514 1115 2556 vestros
1135 2501 1334 2555 avulsas
1360 2502 1483 2553 mihi
1504 2500 1766 2554 dedissetis
1787 2499 1928 2572 (Gal.
1946 2500 2000 2555 4.
2022 2500 2134 2569 15).

556 2594 690 2652 Cum
730 2603 907 2649 autem
946 2593 1103 2658 dicit,
1139 2592 1454 2662 Quicumque
1480 2593 1738 2663 reliquerit
1767 2608 1997 2659 uxorem,
2030 2606 2136 2646 non

556 2688 672 2743 vult
704 2686 998 2743 dirimenda
1025 2701 1146 2741 esse
1167 2685 1502 2739 matrimonia
1528 2701 1542 2749 ;
1573 2684 1666 2739 sed
1695 2684 1833 2738 sicut
1855 2683 1924 2739 de
1962 2683 2139 2737 anima

557 2780 796 2848 dicebat,
841 2779 941 2847 Qui
966 2778 1240 2850 perdiderit
1263 2778 1485 2831 animam
1513 2792 1656 2829 suam
1681 2784 1888 2846 prapter
1914 2790 1994 2828 nte
2010 2816 2027 2842 ,
2054 2775 2138 2828 in-

557 2873 716 2929 veniet
744 2889 852 2926 eam
891 2871 911 2943 (
945 2870 1131 2926 Matth.
1177 2869 1265 2925 10.
1297 2869 1367 2925 59
1398 2869 1417 2940 )
1450 2883 1595 2925 :non
1637 2867 1738 2923 hoc
1784 2868 1918 2922 dixit
1948 2875 2008 2922 ut
2042 2881 2139 2921 nos

557 2968 863 3022 decidamus
894 2980 908 3030 ;
941 2980 1118 3035 neque
1164 2974 1220 3018 ut
1254 2965 1375 3019 ideo
1421 2977 1733 3033 separemus
1775 2961 1919 3015 illam
1960 2976 1992 3016 a
2015 2976 2139 3016 cor-

558 3076 710 3132 pore,
744 3061 836 3117 sed
867 3071 923 3115 ut
952 3060 1200 3114 omnibus
1230 3060 1481 3129 pietatem
1506 3072 1877 3127 pra'ponamus
1910 3074 1924 3110 :
1952 3055 2056 3112 hoc
2083 3064 2141 3112 et

556 3154 625 3209 de
652 3166 821 3208 uxore
864 3160 919 3207 et
961 3150 1028 3206 de
1057 3150 1308 3206 fratribus
1337 3149 1484 3205 dicit.
1525 3149 1744 3204 Videtur
1768 3155 1946 3203 autem
1975 3148 2136 3203 etiam

555 3243 998 3316 persequutiones
1024 3240 1111 3297 hic
1152 3240 1515 3296 snbindicare.
1558 3239 1688 3294 Nam
1718 3239 1840 3311 quia
1863 3238 2011 3294 multi
2047 3253 2141 3309 pa-

554 3346 665 3393 tres
688 3336 944 3407 erantqui
973 3335 1110 3390 lilios
1130 3376 1146 3403 ,
1178 3342 1233 3390 et
1255 3348 1454 3389 uxores
1482 3347 1601 3403 quae
1627 3332 1771 3386 viros
1795 3330 1861 3385 ad
1888 3329 2138 3401 impieta-

557 3439 665 3483 tem
696 3427 977 3482 trahebant
1017 3444 1032 3481 :
1072 3424 1204 3480 Cum
1233 3425 1350 3480 ha-c
1383 3424 1768 3495 praeceperint,
1802 3423 2008 3494 inquit,
2035 3436 2136 3478 nec

556 3534 752 3575 uxores
798 3517 1128 3584 habeantur,
1175 3532 1346 3587 neque
1394 3525 1615 3585 patres,
1649 3513 1789 3584 quod
1840 3525 1896 3568 et
1945 3512 2139 3568 Paulus

556 3610 766 3666 dicebat
815 3626 830 3665 :
880 3607 1114 3677 Inﬁdelis
1149 3623 1265 3662 vero
1294 3608 1338 3661 si
1364 3607 1594 3671 discedit,
1628 3604 1893 3673 discedat(
1915 3605 1966 3660 1.
2012 3602 2135 3659 Cor.

555 3703 612 3760 7.
645 3703 775 3775 15).
821 3702 1025 3758 Eorum
1066 3701 1247 3771 itaque
1274 3699 1486 3756 animos
1520 3698 1766 3769 erigens,
1810 3706 1866 3754 et
1907 3697 2141 3755 suadens

553 3796 662 3852 illis
682 3805 741 3851 ut
769 3805 822 3851 et
851 3795 920 3851 de
945 3810 1003 3850 se
1024 3803 1080 3850 et
1105 3794 1172 3850 de
1198 3801 1308 3849 toto
1333 3792 1465 3848 orbe
1494 3791 1827 3848 conﬁderent
1846 3832 1862 3859 ,
1890 3790 2137 3848 addidit:

553 3887 646 3945 30.
689 3886 840 3941 Multi
870 3898 1042 3940 autem
1067 3895 1213 3941 erunt
1257 3887 1409 3955 primi
1451 3886 1742 3951 nouissimi,
1797 3894 1846 3938 et
1882 3885 2140 3939 novissimi

554 3980 728 4050 primi.
764 3979 875 4033 Hoc
899 3987 1077 4033 autem
1109 3978 1383 4033 indefinite
1402 3986 1457 4033 et
1483 3976 1551 4032 de
1580 3978 1763 4032 multis
1786 3978 1905 4032 aliis
1934 3977 2136 4033 dictum

553 4077 669 4134 est;
717 4068 916 4124 dictum
950 4079 1125 4124 tamen
1167 4067 1265 4123 fuit
1303 4078 1358 4122 et
1390 4068 1457 4123 de
1489 4066 1604 4133 bis,
1633 4075 1689 4122 et
1712 4067 1780 4123 de
1815 4068 2136 4134 Pharisaeis,

555 4164 645 4234 qui
675 4181 780 4219 non
806 4163 1147 4219 crediderunt
1174 4206 1189 4232 ,
1222 4163 1364 4234 quod
1391 4172 1446 4218 et
1485 4164 1538 4218 in
1579 4162 1946 4231 superioribus
1986 4160 2138 4220 dice-

554 4258 682 4315 bat:
715 4255 873 4311 Multi
899 4255 1094 4310 venient
1136 4255 1198 4309 ab
1228 4253 1430 4309 Oriente
1469 4263 1514 4308 et
1555 4252 1844 4318 Occidente,
1877 4263 1923 4308 et
1951 4270 2142 4308 recum-

553 4350 668 4403 bent
711 4363 825 4402 cunt
859 4346 1119 4401 Abraham
1140 4388 1156 4414 ,
1186 4343 1336 4400 Isaac
1372 4354 1418 4400 et
1444 4344 1647 4400 Iacob:
1678 4345 1774 4414 ﬁlii
1802 4354 1970 4399 autem
1994 4344 2139 4417 regni

555 4439 825 4509 ejicientur
866 4441 1005 4511 foras
1041 4437 1278 4509 (Matth.
1310 4437 1364 4493 8.
1400 4437 1460 4491 11
1492 4435 1533 4506 ).
1579 4435 1781 4491 Deinde
1831 4437 2138 4507 parabolam

553 4529 758 4600 adjicit,
780 4542 881 4600 qua
905 4544 1089 4584 eorum
1115 4529 1203 4598 qui
1222 4526 1371 4583 tarde
1391 4534 1654 4582 venerunt
1669 4525 1844 4582 studia
1866 4526 2145 4582 fiduciam-

552 4638 658 4696 que
699 4621 955 4679 incendit.
998 4623 1086 4677 Ait
1139 4621 1322 4678 enim:
1352 4619 1520 4693 (Cap.
1570 4619 1712 4693 XX)
1740 4620 1794 4676 1.
1845 4620 2029 4677 Simile
2068 4630 2144 4678 est

552 4732 765 4789 regnum
804 4715 1042 4770 ctelorum
1081 4714 1273 4768 homini
1300 4713 1679 4783 patrifamilias,
1705 4712 1792 4782 qui
1829 4712 1947 4766 exiit
1977 4713 2141 4782 primo

553 4825 703 4863 mane
725 4808 1005 4863 conducere
1031 4805 1290 4877 operarios
1317 4804 1369 4858 in
1396 4805 1591 4858 vineam
1628 4819 1792 4858 suam.
1822 4803 1882 4858 2.
1911 4802 2142 4858 Conuen-

552 4901 689 4956 tione
729 4911 899 4954 autem
925 4899 1064 4970 facta
1110 4914 1225 4952 cum
1269 4895 1517 4967 operariis
1568 4911 1632 4949 ea:
1667 4895 1878 4949 denario
1917 4894 2141 4963 diurno,

553 4993 689 5046 misit
723 5009 810 5046 eos
829 4992 883 5046 in
923 4993 1120 5047 vineam
1143 5007 1309 5045 suam.
1347 4989 1402 5045 5.
1445 4987 1516 5042 Et
1545 4989 1692 5043 tertia
1716 4988 1844 5042 hora
1868 4989 1990 5043 uidit
2015 4987 2147 5045 alios

554 5074 749 5142 stantes.
769 5086 953 5140 otiosos
972 5128 985 5150 ,
1018 5086 1073 5141 4.
1101 5094 1149 5138 et
1186 5084 1315 5139 dixit
1356 5083 1461 5138 illis
1494 5098 1516 5137 :
1543 5080 1626 5136 Ite
1661 5090 1709 5136 et
1748 5097 1836 5136 vos
1863 5082 1916 5137 in
1946 5082 2145 5136 uincant

557 5196 753 5244 meam,
782 5189 829 5233 et
868 5178 1001 5248 quod
1021 5179 1217 5249 justum
1249 5179 1400 5248 fuerit
1443 5176 1574 5232 dabo
1615 5175 1773 5232 vobis.
1805 5177 1861 5234 5.
1907 5173 1976 5229 Et
2008 5174 2147 5229 circa

554 5284 752 5328 sextam
781 5280 827 5326 et
857 5286 1044 5324 nonam
1079 5269 1255 5323 harant
1290 5269 1407 5338 fecit
1443 5270 1692 5324 similiter.
1723 5268 1778 5324 6.
1811 5268 1959 5324 Circa
1981 5267 2144 5321 unde-

535 5366 740 5419 ‘cimam
765 5371 932 5416 autem
959 5363 1156 5427 horam,
1196 5358 1317 5415 uidit
1337 5361 1468 5415 alios
1495 5371 1683 5415 stantes
1716 5361 1921 5426 otiosos,
1953 5370 2003 5414 et
2024 5357 2146 5415 dicit

557 5455 662 5509 illis
714 5469 734 5509 :
780 5452 917 5519 Quid
944 5452 1027 5506 hic
1068 5453 1213 5507 statis
1250 5461 1356 5506 tota
1392 5452 1478 5506 die
1519 5452 1666 5507 otiosi
1692 5453 1719 5508 2
1761 5453 1814 5508 7.
1849 5451 1938 5507 Illi
1976 5463 2146 5507 autem

561 5548 734 5620 dicunt
758 5548 803 5600 ei
828 5562 848 5601 :
877 5544 1043 5600 Nemo
1082 5562 1173 5599 nos
1197 5544 1458 5600 conduxit.
1493 5542 1627 5598 Dicit
1657 5545 1728 5599 eis
1750 5561 1769 5599 :
1790 5544 1873 5599 Ite
1898 5554 1944 5600 et
1981 5562 2069 5602 vos
2091 5546 2145 5601 in

560 5638 758 5691 rineam
786 5655 973 5704 meum,
1002 5651 1046 5693 et
1071 5637 1206 5708 quod
1222 5639 1424 5708 justum
1451 5637 1601 5708 fuerit
1626 5636 1903 5707 accipietis.
1943 5637 1998 5693 8.
2042 5636 2142 5692 Ve-

570 5744 711 5790 spt‘l'e
733 5739 898 5785 autent
921 5731 1078 5799 facta,
1094 5732 1215 5785 dicit
1241 5730 1476 5785 dominus
1497 5729 1653 5782 vincte
1678 5730 1993 5799 procuratori
2011 5745 2104 5783 suo
2125 5743 2144 5781 .'

579 5813 994 5890 Vorapprrarios
1051 5831 1095 5880 et
1124 5823 1191 5881 da
1230 5824 1301 5882 eis
1327 5821 1636 5885 mercedem,
1664 5821 1910 5893 incipiens
1938 5822 2001 5876 ab
2028 5822 2146 5875 ulti-

1292 354 1351 412 S.
1389 354 1667 414 JOANNIS
1704 355 2172 414 CIIRYSOSTOMl
2213 359 2531 422 ARClllEP.
2568 360 3101 433 CONSTANTINOP.
3172 364 3173 367 η

2274 391 2531 463 runtur.
2568 391 3101 433 υυαδΙΛΝΙΙΝυΡο

2260 476 2355 568 mis
2376 491 2531 568 usque
2554 480 2624 533 ad
2643 484 2851 552 primos.
2873 486 2924 542 9.
2954 489 3079 544 Cum
3100 493 3346 551 uenissent
3364 498 3400 553 ii
3424 501 3512 568 qui
3531 502 3823 560 circumde-

2258 565 2441 660 ciptarn
2479 567 2657 625 horam
2687 587 2953 645 uenerant,
2993 595 3293 653 acceperunt
3319 565 3545 660 singulos
3569 595 3811 657 denarios.

2259 655 2348 711 10.
2393 656 2460 712 Et
2488 663 2734 754 uenientes
2762 668 2914 734 primi
2947 672 3352 731 existimaverunt
3379 655 3515 751 quod
3538 687 3651 754 plus
3672 655 3821 749 essent

2257 752 2531 842 accepturi,
2571 763 2616 806 et
2641 771 2940 827 acceperunt
2966 762 3067 832 ipsi
3094 781 3290 837 quoque
3316 752 3547 842 singulos
3576 777 3800 839 denarios

2263 840 2347 893 11.
2376 850 2425 894 et
2461 844 2761 910 accipientes
2803 854 3183 907 murmurabant
3210 825 3449 917 adversus
3494 825 3819 940 patremfatni:

2258 929 2354 985 lias
2377 974 2391 996 ,
2426 934 2511 989 12.
2560 936 2779 993 dicentes
2809 955 2827 994 :
2863 941 2930 995 Hi
2975 946 3235 1000 novissimi
3264 967 3362 1003 una
3386 929 3513 1006 hora
3541 929 3757 1027 fecerunt
3783 965 3819 1031 ί,

2257 1032 2301 1076 et
2328 1043 2473 1094 pares
2501 1028 2617 1082 illos
2652 1034 2792 1086 nobis
2822 1033 3001 1102 fecisti,
3028 1041 3114 1104 qui
3152 1045 3460 1110 portavimus
3487 1050 3680 1116 pondus
3708 1028 3816 1121 diei,

2256 1127 2301 1170 et
2326 1129 2503 1173 testam
2528 1122 2555 1174 Ρ
2586 1124 2671 1179 15.
2698 1122 2818 1191 Ipse
2838 1138 3002 1181 autent
3023 1135 3328 1202 respondens
3348 1139 3437 1191 uni
3465 1156 3633 1194 eorum
3660 1145 3777 1201 dixit
3801 1165 3820 1204 :

2258 1208 2447 1274 Amice,
2482 1229 2583 1266 non
2613 1215 2745 1284 facio
2776 1217 2863 1270 tibi
2883 1219 3123 1288 injuriam
3158 1240 3177 1276 :
3198 1241 3362 1280 nonne
3388 1244 3451 1282 ea:
3478 1230 3680 1288 denario
3707 1253 3817 1290 con-

2254 1303 2429 1357 venisti
2450 1322 2640 1359 mecum
2672 1307 2698 1361 ?
2723 1309 2810 1363 14.
2850 1308 2992 1365 Tolle
3010 1316 3145 1382 quod
3165 1326 3304 1369 tuum
3324 1330 3418 1382 est,
3453 1332 3500 1375 et
3527 1326 3665 1380 vade.
3704 1327 3817 1386 Volo

2253 1403 2421 1447 autem
2451 1394 2575 1450 dare
2603 1407 2648 1451 et
2672 1398 2849 1455 ultimo
2869 1400 2988 1456 huic
3024 1405 3153 1458 sicut
3177 1417 3225 1460 et
3252 1408 3359 1461 tibi.
3389 1411 3480 1466 15.
3511 1413 3688 1470 Annon
3713 1419 3817 1473 licet

2253 1486 2380 1540 mihi
2407 1489 2543 1559 quod
2565 1491 2677 1545 volo
2716 1494 2883 1563 facere
2910 1496 2962 1548 in
2992 1497 3056 1549 iis
3074 1514 3187 1563 qua:
3213 1517 3323 1554 mea
3349 1514 3472 1556 sunt
3502 1506 3528 1557 ?
3553 1506 3631 1560 An
3656 1510 3815 1564 oculus

2253 1588 2373 1632 tuus
2410 1596 2627 1650 nequam
2656 1594 2761 1649 est,
2801 1587 2923 1654 quia
2959 1603 3050 1657 ego
3084 1589 3241 1643 bonus
3265 1606 3376 1644 sum
3406 1592 3432 1646 Ρ
3460 1594 3544 1648 16.
3576 1591 3661 1649 Ita
3685 1608 3816 1653 erunt

2251 1672 2510 1725 novissimi
2553 1675 2735 1741 primi,
2768 1685 2814 1729 et
2856 1677 3005 1747 primi
3040 1679 3319 1737 novissimi.
3368 1681 3525 1737 Multi
3552 1686 3681 1740 enim
3709 1698 3816 1742 sunt

2239 1768 2444 1828 rocati,
2474 1767 2623 1834 pauci
2650 1782 2764 1820 vero
2788 1768 2952 1822 electi.

2320 1855 2374 1910 5.
2416 1856 2554 1924 Quid
2583 1857 2683 1911 sibi
2716 1860 2825 1913 vult
2852 1862 2965 1914 hanc
2988 1860 3236 1928 parabola
3264 1861 3289 1917 2
3316 1862 3500 1935 Neque
3516 1868 3653 1922 enim
3677 1868 3812 1939 priu-

2246 1947 2386 2016 cipio
2411 1949 2676 2003 consentit
2710 1949 2837 2004 illud
2868 1952 3009 2022 quod
3041 1953 3092 2006 iu
3125 1955 3229 2009 (ine
3252 1954 3470 2024 dicitur,
3498 1959 3590 2014 sed
3616 1942 3810 2017 contra-

2249 2036 2387 2091 rium
2418 2040 2638 2093 omnino
2666 2042 2926 2097 enuntiat.
2967 2043 3025 2098 lu
3070 2043 3169 2099 hac
3210 2046 3354 2100 enim
3404 2049 3617 2106 exhibet
3644 2066 3813 2107 omnes

2249 2127 2434 2182 eadem
2465 2130 2682 2198 praemia
2706 2132 3049 2201 accipientes,
3088 2148 3260 2205 neque
3287 2136 3425 2192 alios
3449 2139 3665 2208 eiectos,
3693 2141 3813 2197 alios

2250 2234 2379 2274 vero
2407 2221 2712 2288 admissos;
2760 2224 2874 2293 ipse
2905 2235 3082 2279 autem
3117 2235 3171 2282 et
3198 2236 3324 2283 ante
3365 2239 3421 2284 et
3460 2241 3581 2300 post
3604 2234 3811 2303 parabo-

2250 2310 2355 2366 lam
2386 2316 2712 2370 contrarium
2742 2314 2877 2372 dixit
2908 2334 2921 2369 :
2955 2315 3119 2371 Erunt
3152 2319 3307 2387 primi
3329 2322 3587 2376 novissimi
3604 2365 3619 2390 ,
3657 2333 3702 2378 et
3724 2340 3809 2379 no-

2247 2405 2440 2460 vissimi
2478 2406 2628 2476 primi
2654 2425 2673 2473 ;
2706 2406 2756 2462 id
2781 2418 2859 2463 est
2881 2448 2896 2473 ,
2929 2408 3055 2479 ipsis
3092 2410 3280 2479 primis
3310 2413 3552 2482 priores,
3578 2416 3679 2471 Illis
3715 2432 3809 2473 non

2250 2497 2435 2567 primis
2463 2497 2821 2565 manentibus,
2846 2498 2939 2554 sed
2972 2508 3092 2570 post
3111 2499 3235 2555 illos
3263 2504 3476 2573 positis.
3506 2504 3654 2573 Quod
3680 2508 3807 2560 enim

2248 2589 2352 2646 hoc
2367 2590 2629 2661 significet
2644 2589 2882 2646 declarat
2900 2592 3086 2648 dicens
3116 2613 3130 2648 :
3166 2592 3318 2648 Multi
3345 2596 3480 2650 enim
3503 2607 3617 2652 sunt
3643 2596 3807 2663 vocati,

2249 2682 2399 2754 pauci
2431 2698 2544 2737 vero
2588 2681 2731 2736 electi
2757 2698 2777 2737 :
2807 2683 2878 2737 ita
2921 2694 2979 2738 ut
3024 2683 3225 2753 duplici
3257 2687 3424 2742 modo
3452 2696 3508 2743 et
3538 2689 3652 2745 illos
3676 2704 3809 2745 mor-

2248 2774 2413 2842 deat,
2440 2785 2495 2831 et
2519 2776 2620 2831 bos
2648 2776 2954 2832 consoletur
2977 2786 3032 2833 et
3059 2776 3320 2834 hortetur.
3362 2781 3619 2837 Parabola
3645 2792 3807 2837 autem

2248 2881 2356 2921 non
2387 2866 2438 2921 id
2463 2864 2630 2933 dicit;
2662 2866 2755 2921 sed
2792 2866 2913 2921 illos
2941 2868 3178 2937 probatis
3213 2870 3360 2936 viris,
3386 2873 3479 2942 qui
3499 2873 3711 2927 multum
3739 2872 3810 2927 la-

2247 2956 2596 3027 boraverint,
2646 2974 2805 3029 pares
2848 2958 3053 3015 futuros
3089 2977 3104 3014 :
3137 2976 3259 3015 nam
3294 2962 3480 3031 aiunt,
3514 2962 3668 3018 Pares
3707 2963 3810 3017 illos

2248 3054 2397 3109 nobis
2417 3051 2607 3122 fecistis
2628 3092 2644 3116 ,
2684 3052 2769 3119 qui
2802 3055 3114 3122 portavimus
3155 3054 3356 3124 pondus
3402 3056 3520 3120 diei,
3557 3066 3603 3110 et
3622 3064 3805 3117 testula.

2248 3140 2381 3212 Quid
2426 3158 2557 3213 ergo
2607 3143 2711 3199 sibi
2764 3143 2876 3198 vult
2929 3144 3228 3215 parabola?
3272 3145 3641 3203 Necessarium
3681 3146 3808 3203 enim

2244 3246 2330 3293 est
2356 3236 2459 3292 hoc
2484 3236 2658 3307 primo
2680 3235 2958 3292 declarare
2976 3277 2994 3305 ,
3020 3245 3076 3293 et
3098 3249 3222 3294 tunc
3258 3239 3387 3295 illud
3418 3241 3701 3298 solvemus.
3724 3239 3807 3294 Vi-

2247 3344 2402 3386 neam
2423 3329 2580 3401 igitur
2607 3329 2854 3385 mandata
2878 3331 2989 3395 Dei,
3010 3332 3267 3401 operandi
3287 3341 3498 3403 tempus
3518 3341 3807 3403 prtesentem

2246 3422 2409 3478 vitam
2435 3422 2673 3493 appellat
2702 3440 2715 3476 :
2758 3424 3033 3494 operarios
3052 3466 3068 3488 ,
3095 3438 3191 3480 eos
3219 3425 3307 3495 qui
3336 3424 3556 3482 diverso
3583 3424 3729 3480 modo
3745 3421 3805 3478 ad

2248 3513 2341 3570 Dei
2369 3522 2633 3585 praecepta
2653 3515 2824 3570 vocati
2845 3524 2970 3570 sunt
2996 3530 3012 3581 ;
3045 3530 3219 3583 mane,
3254 3516 3433 3583 tertia,
3464 3525 3627 3582 sexta,
3659 3528 3803 3581 nona,

2245 3605 2527 3661 undecima
2558 3604 2702 3667 ,bora
2726 3646 2740 3669 ,
2773 3605 2863 3676 qui
2891 3606 3134 3661 diversis
3168 3606 3419 3663 aetatibus
3456 3614 3804 3673 accesserunt,

2244 3706 2302 3753 et
2353 3712 2469 3753 rem
2512 3697 2652 3753 bene
2691 3707 2993 3768 gesserunt.
3025 3696 3129 3753 Sed
3174 3699 3468 3768 quaeritur,
3514 3714 3639 3754 num
3665 3695 3804 3769 primi

2245 3793 2338 3864 qui
2357 3792 2565 3864 probati
2593 3792 2760 3857 fuere,
2788 3801 2843 3847 et
2871 3792 2979 3848 Deo
3010 3791 3276 3860 placuere,
3304 3793 3504 3864 quique
3530 3807 3621 3862 per
3654 3801 3802 3847 totum

2243 3882 2498 3938 diurnum
2534 3880 2770 3937 laborem
2796 3880 3057 3951 splendidi
3084 3882 3268 3949 fuere,
3297 3892 3543 3951 extremo
3579 3879 3804 3951 nequitia:

2241 3973 2433 4031 morbo
2472 3972 2847 4036 laboraverint,
2880 3972 3073 4027 invidia
3106 3987 3297 4042 nempe
3321 3983 3373 4028 et
3412 3973 3600 4028 livore.
3628 3964 3803 4026 Viden-

2246 4076 2328 4122 tes
2369 4064 2513 4121 enim
2551 4064 2671 4118 illos
2695 4063 2880 4118 eadem
2911 4062 3160 4119 mercede
3196 4063 3425 4117 donatos
3448 4104 3463 4127 ,
3504 4063 3717 4118 dicunt:
3745 4057 3805 4112 Ili

2244 4156 2500 4211 novissimi
2524 4170 2626 4208 una
2650 4154 2777 4208 hora
2803 4157 3063 4225 fecerunt,
3089 4162 3134 4206 et
3158 4169 3308 4224 pares
3333 4152 3452 4209 illos
3482 4152 3618 4207 nobis
3641 4148 3802 4224 fecisti,

2245 4253 2332 4322 qui
2349 4253 2659 4322 portavimus
2697 4250 2896 4320 pondus
2920 4250 3020 4304 diei
3046 4291 3061 4315 ,
3095 4260 3141 4305 et
3175 4261 3353 4305 aestum
3377 4253 3404 4305 7
3433 4251 3503 4306 Et
3538 4265 3653 4305 cum
3682 4242 3800 4302 nihil

2245 4341 2426 4397 damni
2464 4341 2768 4411 acciperent
2790 4380 2806 4405 ,
2841 4357 2939 4395 uec
2970 4342 3205 4410 ipsorum
3245 4357 3452 4398 merces
3474 4342 3800 4396 minueretur.

2245 4433 2419 4488 aliena
2447 4433 2583 4488 bona
2604 4448 2755 4503 ωδε-δ
2772 4442 2826 4486 et
2861 4433 3075 4501 indigne
3116 4433 3357 4488 ferebant
3385 4450 3400 4499 ;
3428 4432 3568 4504 quod
3595 4446 3659 4487 ex
3688 4426 3805 4483 invi—

2246 4524 2334 4580 dia
2371 4535 2427 4579 et
2456 4524 2621 4579 livore
2650 4523 2827 4579 ﬁebat.
2870 4522 2950 4578 Ad
2992 4522 3107 4578 haec
3145 4538 3272 4579 vero
3302 4524 3416 4594 ipse
3450 4519 3804 4594 paterfamilias

2247 4629 2347 4685 pro
2369 4615 2501 4685 ipsis
2530 4614 2880 4684 respondens,
2905 4622 2961 4668 et
2989 4615 3244 4669 adversus
3264 4628 3388 4670 eum
3416 4614 3506 4685 qui
3536 4613 3643 4667 haac
3671 4609 3807 4664 disc-

2247 4719 2330 4765 rat
2348 4723 2468 4764 sese
2491 4706 2806 4771 defendens,
2836 4706 3084 4777 nequitia:
3111 4723 3232 4762 eum
3259 4720 3587 4776 summaque
3614 4699 3804 4758 invidae

2245 4800 2484 4866 damnat,
2516 4798 2597 4858 his
2625 4798 2803 4854 verbis
2831 4816 2844 4852 :
2882 4795 3070 4853 Nonne
3093 4815 3157 4852 ea:
3195 4797 3404 4854 denario
3442 4793 3701 4853 convenisti
3723 4803 3804 4844 nte-

2247 4894 2408 4948 cum?
2446 4890 2592 4947 Tolle
2630 4890 2765 4960 quod
2789 4898 2932 4944 luunt
2960 4898 3053 4957 est,
3094 4898 3141 4943 et
3182 4893 3327 4943 vade.
3367 4887 3492 4943 Volo
3521 4895 3679 4941 autem
3700 4879 3804 4934 huic

2246 4983 2429 5038 ultimo
2456 4983 2580 5036 dare
2623 4982 2753 5035 sicut
2801 4992 2848 5035 et
2874 4981 2983 5034 tibi.
3023 4981 3103 5034 An
3128 4980 3307 5035 oculus
3335 4990 3448 5033 tuus
3486 4990 3690 5048 nequam
3719 4978 3803 5037 est,

2245 5076 2368 5147 quia
2393 5091 2484 5147 ego
2510 5071 2669 5128 bonus
2704 5073 2870 5128 sunt?
2909 5071 3046 5140 Quid
3090 5072 3249 5142 igitur
3275 5087 3340 5127 ex
3395 5070 3479 5126 his
3526 5067 3689 5123 verbis
3716 5062 3803 5116 ad-

2248 5166 2516 5229 struitur?
2543 5165 2674 5219 Nam
2703 5172 2757 5219 et
2796 5165 2848 5218 in
2871 5164 2989 5218 aliis
3016 5163 3282 5233 parabolis
3308 5162 3410 5218 hoc
3449 5162 3613 5232 ipsum
3642 5155 3803 5210 videre

2247 5266 2351 5312 est.
2400 5258 2570 5313 Filius
2596 5257 2739 5312 enim
2780 5255 2870 5310 ille
2913 5254 3114 5325 probus
3154 5253 3206 5308 in
3239 5253 3382 5308 hunc
3427 5263 3632 5323 quoque
3657 5241 3804 5300 animi

2250 5351 2498 5407 morbum
2554 5348 2806 5404 incidisse
2845 5345 3161 5417 perhibetur
3185 5387 3200 5413 ,
3247 5343 3458 5416 quando
3498 5340 3629 5395 vidit
3670 5335 3801 5391 illum

2249 5442 2530 5513 prodigum
2579 5439 2830 5503 fratrem,
2884 5437 2970 5506 qui
3003 5436 3174 5492 multo
3207 5433 3479 5491 fruebatur
3507 5432 3730 5487 honore.
3750 5430 3801 5513 et

2249 5509 2452 5603 majore
2496 5545 2657 5601 quam
2689 5529 2804 5599 ipse
2830 5527 3104 5597 habuisset
3130 5527 3148 5596 (
3174 5525 3303 5581 Luc.
3337 5524 3422 5580 15.
3461 5520 3549 5577 28.
3577 5514 3718 5588 sqq).
3747 5509 3805 5603 Ui

2254 5627 2391 5682 enim
2422 5625 2474 5679 hi
2502 5623 2762 5692 majorem
2795 5621 2920 5676 inde
2948 5616 3254 5675 mercedem
3285 5614 3646 5686 accipiebant,
3672 5597 3798 5676 quod

2290 5759 2531 5875 ᾤκισται.
2553 5769 2605 5812 et
2631 5757 2824 5824 quidam
2856 5756 2938 5812 alii
2973 5754 3176 5818 habent,
3211 5750 3397 5818 operati
3416 5754 3540 5811 stult,
3574 5756 3673 5809 νων
3693 5738 3803 5802 [κε’

2249 5841 2270 5871 t'
2276 5840 2378 5876 που.
