4034 6408
570 339 676 393 iilb

569 456 740 525 palam
771 468 851 512 est
881 472 944 512 ex
973 457 1268 522 Pharisao,
1311 460 1398 528 qui
1429 462 1694 517 sexcentis
1723 472 1945 518 ornatus
1972 463 2147 527 Iuniis,

568 559 692 605 tunc
727 551 904 604 omnia
941 551 1194 620 perdidit.
1227 551 1341 620 Ego
1370 568 1496 606 vero
1525 554 1650 623 quid
1697 555 1927 624 amplius
1965 555 2150 608 dicen-

568 645 695 698 dum
749 644 942 699 habeo.
987 643 1173 716 Neque
1215 645 1360 700 enim
1406 662 1508 701 una
1557 647 1729 701 sohmt
1782 663 1870 704 res
1913 649 2153 718 neglecta

561 735 762 790 claudit
809 735 964 792 nobis
988 736 1204 802 cadum,
1249 735 1346 792 sed
1374 738 1420 791 si
1450 738 1541 792 fiat
1566 738 1802 808 quidem,
1830 737 1923 793 sed
1953 754 2058 793 non
2087 754 2150 794 ea

544 842 718 897 quam
743 825 900 882 decet
925 827 1198 895 diligentia
1225 845 1288 884 ac
1319 831 1548 896 fortiore,
1593 831 1827 902 idipsum
1858 832 1983 888 facit
2021 852 2034 887 :
2077 837 2151 890 ait

560 918 701 973 enim
733 934 748 973 :
779 917 902 972 Nisi
928 920 1256 990 abundaverit
1270 921 1473 993 justitia
1513 934 1675 977 uestra
1701 925 1815 996 plus
1839 941 1992 992 quam
2019 928 2146 980 scri-

563 1011 735 1065 barum
763 1020 808 1064 et
834 1011 1238 1080 Pharisaeorum,
1272 1031 1372 1068 non
1391 1014 1643 1070 iutrabitis
1670 1016 1722 1070 ia
1751 1033 1961 1088 regnum
1991 1018 2146 1072 cario-

556 1122 672 1159 rma
705 1105 935 1178 (Matth;
961 1108 1015 1162 5.
1045 1107 1160 1178 ΞΟ).
1209 1106 1392 1179 Itaque
1415 1109 1462 1164 si
1483 1109 1881 1181 eleemosynam
1909 1111 2141 1174 dederis,

557 1213 656 1252 nec
705 1199 858 1267 copia
912 1199 1132 1269 majore,
1183 1215 1344 1270 quam
1394 1200 1491 1266 illi,
1522 1215 1589 1256 eo
1630 1217 1738 1256 non
1782 1202 2028 1256 intrabis.
2079 1201 2146 1257 Et

553 1301 813 1358 quantum
842 1290 916 1345 illi
947 1290 1260 1361 praebebant
1295 1290 1699 1362 eleemosyum?
1745 1292 1858 1348 Hoc
1894 1307 1995 1362 ego
2023 1292 2148 1354 volo

554 1399 698 1440 nunc
721 1383 921 1450 dicere,
947 1393 1006 1439 ut
1027 1385 1116 1455 qui
1141 1400 1249 1440 non
1274 1384 1426 1450 dant,
1457 1384 1525 1440 ad
1557 1384 1792 1441 dandum
1821 1385 2140 1452 excitentur,

553 1477 644 1548 qui
671 1491 798 1531 vero
825 1477 974 1539 dant,
1009 1491 1092 1532 ne
1129 1476 1297 1531 altum
1328 1476 1560 1545 sapiant.
1601 1477 1694 1531 sed
1729 1477 1879 1546 plura
1910 1477 2143 1546 largian-

541 1582 667 1626 .tur.
695 1569 832 1636 Quid
865 1570 1026 1638 igitur
1064 1569 1136 1623 illi
1162 1568 1402 1625 dabant?
1431 1569 1696 1626 Decimum
1725 1584 1902 1624 rerum
1926 1585 2142 1624 suarum

539 1665 825 1728 omnium,
873 1677 938 1716 ac
967 1661 1633 1720 mrsusaliam-dccimsm
1665 1663 1705 1722 ¹.
1754 1672 1809 1716 et
1837 1671 2022 1731 postea
2049 1662 2144 1717 de-

537 1756 756 1814 ,cimaut
783 1755 940 1809 aliam
967 1754 1101 1817 {ita
1129 1760 1189 1807 ut
1215 1751 1325 1808 fere
1353 1755 1565 1808 tertiam
1585 1763 1801 1824 «partem
1831 1754 2141 1809 substantia:

553 1862 668 1902 sum
712 1845 903 1902 darent
941 1863 956 1901 :
1003 1859 1126 1900 nam
1172 1854 1282 1902 tres
1331 1845 1556 1902 decima:
1601 1846 1745 1900 illam
1775 1860 1913 1915 pene
1937 1845 2140 1901 consti-

552 1945 723 1997 tuunt.
777 1937 903 1992 Post
931 1935 1060 1991 haec
1107 1946 1286 1995 autem
1323 1937 1612 2008 primitias,
1661 1937 2034 2007 primogenita,
2083 1945 2140 1992 et

555 2029 660 2085 alia
693 2029 939 2099 plurima,
990 2039 1048 2083 ut
1093 2043 1192 2098 pro
1241 2029 1491 2098 peccatis,
1521 2043 1618 2099 pro
1657 2028 2139 2100 puriﬁcationibtls,

545 2135 668 2192 qua!
707 2122 758 2176 in
792 2119 962 2183 festis,
993 2137 1112 2190 qua:
1140 2121 1190 2174 in
1213 2121 1454 2190 jubilaeo,
1481 2137 1602 2191 qua:
1631 2123 1682 2176 in
1712 2120 2013 2176 debitorum
2044 2121 2139 2178 ab-

546 2213 828 2280 scissione,
881 2221 938 2267 et
981 2227 1261 2268 servorum
1305 2213 1724 2278 dimissionibus,
1771 2224 1824 2270 et
1856 2215 1907 2270 in
1936 2216 2137 2271 mutuis

537 2305 746 2376 absque
792 2305 1018 2362 faenore.
1069 2305 1125 2361 Si
1164 2316 1347 2362 autem
1392 2307 1602 2364 tertiam
1651 2318 2131 2380 erogatus-partem,

541 2398 652 2454 imo
686 2409 742 2454 et
767 2398 1045 2454 dimidium
1080 2399 1227 2469 (nam
1253 2401 1479 2454 collecta
1509 2399 1624 2454 lucc
1647 2403 1825 2455 omnia
1851 2402 2132 2457 dimidium

539 2490 828 2559 officiunt),
870 2488 916 2544 si
941 2489 1045 2561 qui
1088 2489 1367 2544 dimidium
1415 2489 1528 2554 dat,
1578 2491 1712 2544 nihil
1735 2493 1927 2561 .magui
1969 2492 2130 2547 facit:

537 2581 632 2650 qui
663 2597 732 2636 ne
761 2580 1024 2636 decimam
1051 2580 1269 2652 quidem
1310 2591 1749 2651 partemcrogat,
1790 2583 1916 2654 quid
1954 2600 2130 2641 more:

539 2671 716 2734 bitnr‘!
750 2671 880 2726 iure
911 2687 1038 2742 ergo
1062 2671 1223 2736 dixit,
1262 2670 1428 2724 Pauci
1450 2673 1578 2725 salui
1605 2673 1754 2735 ﬁunt.

537 2820 548 2830 ,
611 2763 664 2819 5.
710 2762 785 2818 Ne
808 2763 985 2833 itaque
1013 2762 1374 2834 despiciamus
1400 2764 1942 2822 accuratama'ircndi
1970 2767 2124 2822 ratio-

541 2875 686 2914 nem.
739 2858 796 2912 Si
845 2859 991 2912 enim
1041 2873 1165 2928 pars
1205 2857 1417 2911 virtutis
1461 2858 1698 2927 neglecta
1739 2867 1936 2912 tantam
1974 2859 2128 2914 ali'ert

542 2949 856 3018 perniciem,
902 2947 1309 3018 cumiuudique
1343 2946 1546 3016 judicio
1590 2957 1644 3002 et
1692 2947 2122 3004 condemuationi

539 3041 756 3104 ulmosii
815 3040 1052 3104 erimus,
1083 3039 1370 3110 quomodo
1413 3040 1732 3109 supplicium
1771 3039 2125 3111 enitgiemtts?

536 3149 670 3204 quas
697 3147 827 3189 vero
858 3147 1179 3203 pinnas-non
1207 3131 1453 3186 dabimus
1474 3132 1583 3196 iet,
1600 3147 1869 3202 quaenam,
1893 3133 2121 3203 inquies,

533 3224 688 3280 nobis
714 3225 820 3279 erit
847 3240 972 3294 spes
996 3224 1205 3289 salutis,
1242 3223 1287 3278 si
1318 3224 1522 3294 singula
1547 3241 1665 3295 qua:
1692 3226 2124 3281 enumeravimus

531 3315 838 3394 gehennam
865 3316 1020 3372 nobis
1044 3317 1632 3374 comminanturtlhcc
1666 3319 1963 3374 vobisdieo
1995 3337 2008 3374 :
2035 3335 2124 3374 ve-

533 3424 834 3470 rumtamen
872 3412 916 3466 si
957 3411 1324 3476 attendamus,
1369 3410 1596 3467 salutem
1634 3412 1891 3482 consequi
1935 3428 2122 3482 pusula

534 3517 673 3561 mus.
704 3503 749 3575 si
778 3502 1135 3572 eleetnosynze
1165 3499 1464 3556 remedium
1492 3500 1862 3566 adhibeamus,
1914 3512 1967 3558 ct
2000 3505 2117 3559 ιἰιΙ-

535 3609 662 3648 nera
702 3609 974 3649 curemus.
1005 3592 1137 3648 Non
1164 3593 1307 3649 enim
1333 3593 1513 3648 oleum
1541 3593 1612 3648 ita
1641 3609 1838 3666 corpus
1863 3597 2080 3652 roborat
2105 3639 2119 3661 ,

530 3699 588 3743 ut
619 3687 989 3744 misericordia
1025 3688 1258 3743 animam
1305 3695 1360 3742 et
1403 3687 1610 3742 lirnutm
1640 3697 1695 3743 et
1722 3689 2120 3744 invictam-orna

531 3779 692 3836 uibus
733 3777 930 3848 reddit.
960 3778 1536 3849 inexpugnabilemque
1578 3779 1794 3835 diabolo
1829 3799 1843 3835 :
1874 3781 2120 3836 ubicum-

527 3891 635 3946 que
675 3878 819 3934 enim
862 3878 1087 3948 ceperit,
1129 3876 1310 3931 statim
1348 3875 1621 3942 dilabitur,
1655 3891 1776 3930 cum
1803 3877 2118 3931 oleumnon

527 3973 669 4028 sinat
692 3986 816 4028 eum
837 3971 1103 4027 hamos
1131 3971 1540 4044 apprehendere
1571 3971 1814 4026 manibus
1834 3981 1887 4025 et
1909 3981 2115 4027 tenere.

534 4064 647 4122 Hoc
671 4064 852 4134 itaque
874 4063 994 4120 oleo
1011 4078 1118 4117 nos
1147 4062 1459 4133 frequenter
1489 4079 1774 4134 tingamus.
1820 4063 1953 4118 Nam
1989 4063 2117 4121 illud

527 4165 612 4210 est
648 4155 894 4220 sanitatis
921 4164 1320 4225 argumenti-tn,
1352 4154 1638 4225 lucemque
1669 4155 2042 4211 subministrat
2064 4167 2117 4211 et

525 4247 890 4317 splendorem.
919 4249 986 4302 At
1013 4246 1124 4312 ille,
1159 4245 1389 4316 inquies,
1427 4255 1507 4301 tot
1529 4255 1587 4300 et
1617 4255 1695 4300 tot
1727 4246 1884 4302 habet
1919 4248 2115 4304 mlenta

525 4340 746 4404 attri,et
769 4337 897 4394 nihil
912 4345 1129 4408 erogat.
1161 4338 1226 4392 Et
1253 4336 1384 4408 quid
1406 4336 1508 4392 hoc
1533 4336 1599 4392 ad
1632 4338 1724 4392 te?
1752 4339 1852 4393 Sic
1877 4351 1928 4393 tu
1957 4340 2114 4396 mira-

526 4435 685 4490 bilior
723 4433 856 4499 eris,
901 4432 946 4486 si
975 4447 1043 4488 ex
1085 4438 1396 4502 paupertate
1436 4430 1710 4486 liberalior
1757 4430 1850 4486 illo
1889 4433 1984 4488 sis.
2027 4433 2118 4489 Sic

525 4524 843 4582 Macedonas
883 4506 1088 4584 Paulus
1131 4522 1356 4597 miratus
1396 4531 1479 4578 est
1527 4522 1604 4593 (ἰ.
1631 4522 1750 4577 Cor.
1778 4522 1830 4579 9.
1857 4524 1958 4590 2);
2009 4540 2115 4580 non

524 4619 666 4690 quod
693 4619 1013 4690 largireutur
1035 4659 1051 4684 ,
1093 4617 1189 4674 sed
1223 4617 1364 4687 quod
1403 4631 1469 4670 ex
1509 4625 1826 4687 paupertate
1859 4633 1953 4673 sua
2005 4617 2115 4674 lar-

522 4715 783 4784 girentnr.
948 4765 952 4771 .
1289 4755 1292 4759 -

602 4804 679 4860 De
707 4804 826 4859 aliis
857 4821 958 4858 non
985 4801 1346 4874 iudicandum.
1377 4829 1448 4841 --
1473 4800 1550 4856 Ne
1592 4800 1753 4870 igitur
1777 4801 1846 4855 ad
1875 4801 1999 4856 illos
2024 4817 2116 4859 re-

524 4895 742 4962 spicias,
770 4894 864 4950 sed
895 4894 962 4950 ad
982 4907 1330 4950 cominunem
1358 4891 1598 4948 omnium
1622 4895 1906 4951 doctorem
1933 4896 1953 4926 ²
1971 4936 1986 4961 ,
2021 4896 2111 4966 qui

530 5004 639 5043 non
693 4987 925 5042 habebat
967 4987 1056 5042 ubi
1099 4997 1264 5057 caput
1306 5002 1463 5042 suum
1506 4987 1809 5041 reclinaret.
1866 4987 1933 5042 Et
1979 5003 2114 5054 cur,

528 5080 762 5151 inquies,
803 5079 890 5134 hic
915 5089 971 5134 et
999 5080 1089 5134 ille
1114 5079 1218 5135 hoc
1245 5095 1350 5133 non
1387 5079 1633 5134 faciunt?
1672 5078 1752 5135 Ne
1791 5081 2117 5136 condemnes

529 5173 716 5232 alium,
742 5169 838 5224 sed
867 5169 1094 5240 teipsutu
1121 5171 1445 5226 accusationi
1468 5170 1728 5226 subtrahe
1751 5189 1764 5223 :
1795 5185 1918 5224 nam
1947 5171 2117 5240 majus

527 5263 852 5335 supplicium
902 5263 1027 5327 crit,
1070 5263 1114 5316 si
1161 5272 1386 5316 ca-teros
1433 5263 1800 5323 aceusaseris,
1839 5276 1960 5322 cum
2005 5262 2116 5330 ipse

528 5377 635 5416 non
686 5357 890 5423 facias;
935 5371 1056 5411 cum
1109 5356 1180 5412 de
1219 5355 1341 5410 aliis
1384 5355 1634 5427 judicans
1679 5354 1855 5411 eidem
1902 5355 2114 5410 crimini

591 5537 608 5568 ι
634 5541 762 5589 tunc,
790 5545 849 5582 ac
884 5543 1057 5580 rursus
1077 5528 1223 5580 aliam
1259 5528 1531 5588 decimam,
1557 5529 1606 5576 iu
1631 5527 1794 5577 staret.
1831 5529 2118 5578 omittuntur

526 5610 614 5658 per
638 5593 1073 5658 homoeoteleuton.
1097 5591 1236 5658 Quod
1254 5597 1418 5658 autem
1445 5590 1523 5640 hic
1543 5590 1898 5658 _dicit,_ncmj:e
1936 5591 2119 5639 scribas

529 5651 581 5706 'et
603 5658 868 5705 ruat-istm:
906 5655 1152 5704 dimidiam
1196 5651 1403 5710 singulis
1445 5653 1601 5701 annis
1627 5651 1873 5700 redituuin
1918 5663 2115 5701 suorum

549 5727 718 5787 uertem
736 5722 787 5787 in
803 5717 1088 5787 eleerttosyn
1105 5729 1166 5763 im
1188 5714 1413 5787 dedisse.
1440 5713 1625 5787 nescio.
1643 5727 1702 5760 an
1727 5715 1920 5787 probari
1946 5716 2115 5776 possit.

575 5792 711 5827 erum
736 5781 782 5827 in
808 5776 1126 5827 c-aticionaute
1144 5790 1237 5825 non
1263 5783 1395 5825 tanta
1415 5776 1660 5824 acruratio
1683 5776 1967 5837 postulatur.

591 5843 615 5874 ⁸
643 5841 757 5890 ΑΜ.
781 5842 864 5890 sed
885 5839 952 5888 ad
969 5849 1263 5888 monument
1282 5839 1494 5889 omnium
1517 5837 1765 5886 Dominmu
1790 5846 1833 5887 et
1852 5838 1944 5888 dor
1960 5851 2109 5888 omn.

1399 342 1452 396 S.
1495 341 1774 399 JOANNIS
1797 341 2274 400 CIIRYSOSTUMI
2317 345 2630 403 {\ﬂClllEP.
2674 351 3209 410 lONS'l‘ANTlNOP.

3726 366 3818 426 616

2265 462 2382 531 ipse
2429 465 2693 522 obnoxius
2715 471 2842 525 eris.
2897 470 2954 526 Si
2980 474 3122 528 enim
3154 491 3222 530 ne
3259 476 3451 546 probos
3477 481 3686 552 quidem
3708 501 3814 557 per-

2258 558 2424 646 mittit
2471 557 2538 613 de
2596 560 2716 614 aliis
2769 563 3043 632 judicare,
3098 569 3267 623 multo
3311 573 3488 627 minus
3531 575 3811 646 peccantes.

2257 645 2334 702 Ne
2365 648 2542 718 itaque
2567 649 2635 704 de
2664 651 2784 706 aliis
2804 653 3128 723 judicemus,
3179 675 3247 714 ne
3275 661 3342 715 ad
3371 645 3559 732 segnes
3587 669 3815 738 respicis-

2235 756 2412 808 mus,
2454 743 2552 798 sed
2599 745 2666 799 ad
2718 746 3003 803 Dominum
3053 750 3239 806 Jesum
3277 753 3568 825 Christum,
3620 768 3672 815 et
3710 761 3818 822 inde

2233 833 2558 903 exemplum
2583 850 2879 894 sumamus.
2909 839 3045 894 Num
3087 857 3188 912 ego
3233 853 3286 899 te
3315 843 3586 903 beneﬂciis
3607 854 3816 910 ornari?

2255 942 2380 980 num
2404 942 2505 996 ego
2531 936 2584 984 te
2612 929 2836 995 redemi,
2867 942 2924 986 ut
2951 934 3019 988 ad
3044 950 3129 988 me
3153 937 3447 1007 respicias?
3475 940 3619 996 Alius
3642 952 3719 998 est
3736 948 3815 1015 qui

2255 1015 2370 1070 ba-c
2393 1017 2492 1074 tibi
2521 1020 2699 1073 omnia
2730 1020 2951 1091 largitus
2976 1032 3079 1078 est.
3127 1025 3236 1081 Cur
3266 1027 3451 1082 relicto
3489 1031 3721 1098 Domino,
3756 1037 3814 1095 ad

2251 1123 2573 1164 conservum
2625 1112 2786 1168 vertis
2835 1114 3060 1170 oculos?
3109 1115 3461 1175 Non'audisti
3504 1138 3621 1177 eum
3647 1123 3813 1180 dicen.

2253 1207 2386 1259 tem,
2415 1219 2428 1253 :
2475 1200 2668 1256 Discite
2706 1219 2739 1256 α
2786 1221 2867 1259 me
2911 1207 3033 1274 quia
3081 1209 3217 1265 mitis
3249 1226 3360 1264 sum
3388 1222 3434 1265 et
3459 1215 3659 1269 humilis
3681 1218 3812 1271 corda

2251 1290 2464 1362 (Matth.
2491 1294 2576 1348 ιι.
2602 1293 2736 1365 29)?
2764 1310 2828 1350 ac
2849 1312 3084 1366 rursum,
3119 1300 3220 1367 Qui
3257 1304 3360 1355 vult
3397 1303 3448 1357 in
3485 1305 3616 1360 vobis
3641 1309 3812 1378 primus

2249 1399 2375 1448 esse,
2417 1385 2482 1438 sit
2510 1387 2736 1440 omnium
2779 1388 3055 1445 minister?
3105 1402 3159 1447 et
3197 1409 3430 1459 rursum,
3484 1396 3624 1458 Sit-ut
3665 1398 3811 1454 Filius

2249 1473 2467 1528 hominis
2508 1493 2608 1530 non
2655 1479 2788 1532 venit
2828 1480 3128 1547 ministrari,
3169 1485 3260 1538 sed
3303 1486 3586 1541 ministrare
3615 1487 3806 1559 (Matth.

2247 1563 2338 1618 20.
2367 1565 2457 1618 26.
2482 1565 2623 1635 9.8)?
2665 1569 2741 1622 Ac
2779 1578 2962 1639 postea
3013 1587 3250 1637 rursum,
3295 1590 3362 1630 ne
3393 1576 3664 1633 offendens
3691 1595 3808 1633 cou-

2239 1669 2436 1714 scrvos
2483 1659 2680 1728 pigros.
2730 1660 2782 1713 in
2827 1661 3146 1731 negligentia
3186 1665 3353 1732 vivas,
3394 1668 3461 1722 ab
3507 1670 3570 1723 iis
3605 1681 3655 1725 te
3696 1671 3807 1726 ahs-

2255 1750 2472 1804 trahens
2515 1751 2587 1805 ait
2617 1767 2631 1806 :
2687 1751 2992 1822 Exemptum
3015 1755 3132 1808 dedi
3155 1757 3293 1812 vobis
3331 1763 3593 1828 animum,
3623 1764 3806 1818 utsicut

2243 1855 2337 1910 ego
2364 1841 2484 1909 feci,
2528 1852 2576 1894 et
2597 1857 2684 1896 vos
2705 1844 2907 1911 faciatis
2961 1843 3139 1916 (Joau.
3175 1848 3264 1903 l5.
3297 1849 3409 1920 l5).
3447 1850 3551 1906 Sed
3595 1869 3694 1907 non
3736 1865 3807 1909 est

2241 1931 2338 1986 tibi
2370 1933 2626 2004 magister
2652 1935 2789 1990 ullus
2819 1935 2960 1991 inter
2985 1938 3262 2004 viventes,
3317 1944 3407 2012 qui
3453 1953 3504 1998 tc
3548 1947 3704 2014 possit
3748 1948 3805 2003 ad

2245 2039 2363 2080 eam
2407 2042 2520 2082 rem
2551 2027 2855 2083 deducere?
2896 2030 3062 2100 Major
3085 2047 3215 2102 ergo
3246 2033 3339 2088 tibi
3369 2035 3486 2090 laus
3514 2038 3619 2091 erit
3632 2048 3683 2093 et
3705 2040 3826 2108 ειη--

2242 2117 2342 2182 ris,
2388 2119 2695 2187 quod-sine
2733 2119 2960 2176 doctore
3005 2123 3265 2179 mirabilis
3318 2128 3552 2182 evaseris
3592 2145 3604 2181 :
3649 2139 3803 2199 potest

2241 2211 2384 2266 enim
2412 2211 2540 2266 illud
2570 2211 2710 2274 ﬁeri,
2739 2223 2794 2268 ct
2818 2213 3032 2284 quidem
3065 2215 3237 2282 facile,
3268 2218 3312 2270 si
3339 2219 3582 2284 velimus,
3615 2228 3670 2274 ut
3693 2236 3804 2289 pro-

2239 2302 2397 2358 batur
2448 2319 2517 2359 ει
2559 2304 2623 2358 iis
2664 2305 2765 2376 qui
2817 2307 2974 2375 primi
3021 2307 3084 2360 id.
3124 2309 3485 2378 perfecerunt,
3535 2323 3590 2366 ut
3632 2309 3800 2376 Noe',

2239 2393 2545 2460 Abraham,
2601 2395 2987 2465 Melchisedec,
3043 2398 3174 2463 Job,
3230 2401 3429 2473 aliique
3476 2404 3538 2458 iis
3585 2405 3801 2467 similes,

2235 2501 2379 2556 quos
2408 2502 2588 2557 operm
2615 2490 2847 2557 pretium
2879 2500 2966 2546 est
2990 2492 3228 2560 quotidie
3249 2496 3519 2565 respicere
3543 2513 3556 2560 ;
3595 2497 3682 2552 sed
3709 2512 3800 2552 non

2236 2595 2333 2635 eos
2374 2597 2508 2650 quos
2539 2597 2764 2651 semper
2806 2584 3155 2646 a'ltttlhlttitti,
3195 2595 3258 2641 et
3291 2587 3349 2641 in
3379 2589 3602 2645 ctetibus
3631 2591 3802 2644 vestris

2235 2671 2616 2734 circumfertis.
2680 2674 2821 2729 Nihil
2851 2677 2997 2730 enim
3039 2677 3182 2731 aliud
3212 2678 3409 2750 ubique
3447 2680 3621 2749 audio,
3661 2695 3799 2751 quam

2235 2763 2351 2820 haec
2397 2766 2560 2820 verba
2595 2785 2610 2822 :
2643 2766 2738 2822 Ille
2785 2777 2862 2822 tot
2900 2778 2954 2824 et
2994 2777 3069 2823 tot
3112 2769 3300 2840 jugera
3347 2781 3508 2826 terra:
3548 2771 3798 2842 possidet,

2227 2856 2322 2911 ille
2349 2856 2628 2923 divesest,
2649 2859 2751 2914 'ille
2776 2859 3003 2915 :edilicia
3022 2863 3317 2917 construit.
3359 2861 3476 2918 Cur
3503 2863 3568 2919 ad
3594 2873 3798 2920 externa

2223 2944 2436 3012 inhians,
2463 2961 2496 2999 ο
2522 2946 2712 3000 homo?
2734 2963 2832 3001 cur
2852 2949 2990 3002 alios
3017 2952 3280 3020 respicis?
3303 2952 3361 3007 Si
3387 2955 3468 3010 vis
3491 2956 3622 3012 alios
3645 2958 3795 3027 respi-

2227 3053 2376 3103 cere,
2415 3038 2614 3108 probos
2637 3048 2700 3093 et
2730 3039 2971 3117 illustres
2999 3042 3146 3098 siros
3175 3045 3484 3112 considera,
3518 3049 3608 3120 qui
3646 3059 3791 3105 totam

2233 3130 2404 3200 legem
2419 3140 2681 3186 accurate
2701 3141 2945 3186 servant:
2971 3148 3078 3188 non
3089 3144 3280 3190 autem
3305 3140 3514 3210 εσθαιιί
3544 3141 3680 3195 illam
3705 3141 3794 3196 vio-

2227 3223 2346 3281 lant
2365 3235 2420 3280 et
2439 3240 2564 3280 cum
2585 3226 2850 3282 dedecore
2874 3227 3084 3282 vivunt:
3109 3243 3233 3284 nam
3254 3230 3299 3285 si
3321 3233 3390 3286 ad
3420 3236 3517 3290 hos
3536 3235 3791 3306 respicias,

2232 3320 2394 3375 multa
2425 3318 2549 3375 hinc
2575 3319 2790 3380 haurics
2816 3318 3056 3381 ma'la,'in
3074 3319 3352 3388 ignaviam
3381 3331 3434 3376 et
3463 3319 3791 3389 arrogantiam

2229 3412 2454 3475 incides,
2494 3421 2825 3480 eat-terrisque
2869 3409 3168 3466 damnabis.
3228 3409 3284 3464 Si
3331 3425 3462 3466 vero
3503 3409 3688 3482 probos
3721 3422 3794 3462 re-

2224 3518 2472 3565 censeas,
2518 3503 2585 3557 ad
2619 3504 2998 3568 humilitatem,
3048 3501 3407 3573 diligentiam,
3447 3502 3792 3572 compnnctim

2227 3611 2347 3650 nem
2368 3602 2430 3647 “et
2456 3603 2708 3648 sescenta
2752 3593 2889 3648 bona
2921 3602 2974 3648 te
2998 3593 3300 3662 apparabis.
3356 3594 3492 3648 Audi
3536 3592 3653 3663 quid
3692 3604 3791 3662 pas-

2224 3703 2319 3744 sus
2351 3689 2431 3742 sit
2476 3686 2797 3751 Pharismtts,
2829 3686 2970 3756 quod
3000 3686 3180 3740 missis
3206 3685 3391 3755 probis
3423 3687 3566 3750 viris,
3592 3685 3654 3739 ad
3685 3696 3793 3752 pec-

2224 3791 2434 3836 cantem
2465 3779 2965 3848 respexerityaudi
2991 3788 3048 3832 et
3079 3779 3228 3831 time.
3275 3777 3406 3832 Vide
3451 3792 3604 3848 quam
3650 3774 3792 3829 mira-

2225 3872 2348 3927 bilis
2385 3869 2556 3926 ‘fuerit
2609 3870 2795 3938 David,
2845 3869 2989 3940 quod
3045 3869 3279 3939 majores
3322 3885 3452 3924 suos
3494 3870 3580 3940 qui
3623 3868 3794 3920 virtute

2227 3966 2487 4022 fulserunt
2514 3964 2826 4036 respiceret.
2856 3966 3062 4020 Adceaa
3101 3981 3194 4036 ego
3223 3981 3358 4030 sum,
3410 3963 3597 4033 inquit,
3628 3972 3672 4014 et
3695 3976 3792 4031 per-

2222 4060 2446 4128 egrinus,
2477 4059 2607 4113 sicut
2624 4067 2806 4113 uiuum
2845 4069 3016 4129 patres
3058 4058 3156 4111 mei
3199 4055 3376 4127 (Psal.
3411 4057 3496 4111 58.
3532 4055 3640 4123 l3).
3676 4051 3790 4106 Nam

2222 4160 2279 4206 et
2326 4151 2413 4206 ilic
2439 4159 2495 4206 et
2519 4158 2777 4220 quotquot
2807 4150 2906 4217 ipsi
2933 4149 3137 4203 similes
3158 4157 3335 4212 erant,
3373 4147 3550 4202 missis
3573 4150 3791 4215 peccato-

2222 4243 2401 4304 ribus,
2460 4242 2662 4296 virtute
2703 4241 3026 4311 conspicuos
3074 4239 3220 4293 viros
3259 4237 3588 4308 cogitabat.
3639 4233 3704 4287 Ita
3745 4238 3792 4284 et

2224 4345 2278 4390 tu
2317 4333 2507 4389 facile.
2551 4332 2670 4388 Non
2700 4332 2844 4388 enim
2884 4342 2938 4385 tu
2961 4331 3122 4402 inde:
3159 4329 3322 4386 sedes
3363 4329 3658 4385 alienorum
3677 4322 3792 4378 iaci-

2225 4441 2452 4490 nornm,
2496 4441 2596 4480 nec
2623 4423 2927 4493 :d‘epmattts
2971 4439 3031 4478 es
3074 4423 3168 4477 ad.
3195 4420 3545 4485 examinanda
3585 4419 3788 4474 alierum

2223 4527 2442 4588 peccata
2494 4534 2508 4570 ε
2553 4517 2622 4571 de
2659 4515 2824 4571 rebus
2878 4516 2983 4569 tuis
3024 4515 3291 4585 judicare,
3346 4529 3454 4568 non
3497 4513 3566 4568 de
3597 4508 3787 4564 alienis.

2217 4596 2408 4681 jussus
2429 4623 2510 4664 es.
2540 4606 2681 4662 Nam
2707 4608 2751 4661 si
2775 4623 2869 4661 nos
2896 4608 3038 4676 ipsos
3068 4609 3445 4677 judicaremus,
3473 4606 3548 4661 ait
3574 4605 3676 4667 ille,
3702 4617 3788 4654 non

2223 4704 2393 4771 utique
2421 4701 2775 4773 judicaremur
2803 4717 2821 4754 :
2841 4699 3062 4770 iudicati
3089 4709 3258 4752 autem
3303 4716 3334 4750 a
3383 4697 3614 4758 Domino,
3634 4691 3789 4750 crudis

2221 4811 2336 4847 mur
2359 4794 2438 4865 (Ι.
2467 4791 2586 4846 Car.
2617 4793 2705 4846 Η.
2730 4792 2817 4846 3|.
2835 4789 2961 4862 δεῖ).
3013 4790 3090 4844 Tu
3135 4806 3262 4845 vero
3283 4791 3526 4845 ordinem
3547 4785 3788 4859 perverti-

2222 4886 2324 4946 sti,
2380 4883 2506 4936 dum
2554 4884 2622 4937 de
2685 4882 2917 4953 peccatis
2961 4883 3066 4935 tuis
3116 4883 3410 4950 majoribus
3449 4880 3790 4935 minoribusvc

2225 4975 2427 5032 nullam
2471 4991 2501 5030 ιι
2549 4983 2600 5029 te
2652 4976 2916 5029 rationem
2949 4974 3140 5043 exigis,
3169 4974 3402 5028 aliorum
3443 4989 3567 5028 vero
3595 4977 3786 5042 peccata

2223 5077 2470 5123 accurate
2503 5068 2772 5138 caploras.
2804 5067 3002 5122 \‘erum
3052 5067 3104 5121 id
3143 5081 3211 5122 ne
3245 5068 3380 5124 ultra
3417 5065 3684 5126 faciatws,
3707 5057 3787 5114 sed

2225 5162 2384 5215 missa
2434 5159 2536 5214 hac
2580 5159 2784 5214 ordinis
2817 5158 3243 5228 perturbatione,
3279 5159 3510 5212 tribunal
3557 5157 3605 5210 in
3651 5151 3788 5208 nobis

2225 5253 2352 5322 ipsis
2376 5258 2694 5315 statuamus,
2728 5251 2824 5320 ipsi
2851 5250 3170 5305 delictorum
3208 5260 3512 5305 nostrorum
3541 5245 3675 5317 apud
3701 5255 3788 5297 nos

2224 5345 2388 5413 ipsos,
2416 5353 2777 5405 accusatores.
2819 5340 3050 5412 iudices,
3083 5351 3139 5397 et
3168 5342 3389 5399 ultores.
3419 5340 3474 5395 Si
3521 5340 3597 5394 vis
3625 5345 3785 5390 autem

2223 5437 2451 5490 aliorum
2479 5444 2626 5505 gesta
2658 5436 2991 5498 exatninare,
3037 5435 3176 5490 bona
3221 5451 3405 5504 opera,
3456 5450 3558 5488 nou
3594 5435 3786 5500 μεθείω

2224 5527 2465 5596 explora.
2501 5535 2558 5579 ut
2581 5535 2636 5580 et
2664 5541 2729 5580 es
2764 5527 3024 5581 memoria
3072 5526 3336 5581 scelerum
3383 5533 3698 5581 nostrorum.
3741 5523 3786 5568 cl

2223 5633 2287 5672 ex
2318 5617 2659 5672 munulationc
2690 5617 3002 5686 proborum,
3031 5627 3086 5671 et
3109 5631 3177 5672 ex
3211 5615 3503 5686 incorrupti
3529 5607 3785 5668 tribunalis

2292 5818 2306 5848 ι
2345 5815 2582 5875 Verbum,
2613 5823 2720 5875 Noe,
2748 5813 2890 5863 deest
2916 5815 2964 5865 in
2987 5813 3147 5863 \torel.
