  <div class='ocr_page' id='page_1' title='image "/cluster/home/n/w/nwhite01/storage/ocr_20150623/58:no.7:pt.2/coo.31924054869585/160.png"; bbox 0 0 4034 6424; ppageno 0'>
   <div class='ocr_carea' id='block_1_1' title="bbox 300 377 398 433">
    <p class='ocr_par' dir='ltr' id='par_1_1' title="bbox 300 377 398 433">
     <span class='ocr_line' id='line_1_1' title="bbox 300 377 398 433; baseline -0.01 -1"><span class='ocrx_word' id='word_1_1' title='bbox 300 377 398 433; x_wconf 78' lang='grc'><strong>617</strong></span> 
     </span>
    </p>
   </div>
   <div class='ocr_carea' id='block_1_2' title="bbox 297 491 1876 565">
    <p class='ocr_par' dir='ltr' id='par_1_2' title="bbox 297 491 1876 565">
     <span class='ocr_line' id='line_1_2' title="bbox 297 491 1876 565; baseline -0.001 -18"><span class='ocrx_word' id='word_1_2' title='bbox 297 492 600 565; x_wconf 69' lang='lat' dir='ltr'><strong>pnusentia,</strong></span> <span class='ocrx_word' id='word_1_3' title='bbox 648 491 887 562; x_wconf 86' lang='lat' dir='ltr'><strong>quotidie</strong></span> <span class='ocrx_word' id='word_1_4' title='bbox 919 492 1069 563; x_wconf 82' lang='lat' dir='ltr'><strong>quasi</strong></span> <span class='ocrx_word' id='word_1_5' title='bbox 1112 492 1333 547; x_wconf 75' lang='lat' dir='ltr'><strong>stimulo</strong></span> <span class='ocrx_word' id='word_1_6' title='bbox 1370 492 1712 547; x_wconf 60' lang='lat' dir='ltr'><strong>conscientiae</strong></span> <span class='ocrx_word' id='word_1_7' title='bbox 1744 506 1876 561; x_wconf 86' lang='lat' dir='ltr'><strong>pun-</strong></span> 
     </span>
    </p>
   </div>
   <div class='ocr_carea' id='block_1_3' title="bbox 294 582 1877 653">
    <p class='ocr_par' dir='ltr' id='par_1_3' title="bbox 294 582 1877 653">
     <span class='ocr_line' id='line_1_3' title="bbox 294 582 1877 653; baseline -0.003 -14"><span class='ocrx_word' id='word_1_8' title='bbox 294 584 381 649; x_wconf 86' lang='lat' dir='ltr'><strong>cti,</strong></span> <span class='ocrx_word' id='word_1_9' title='bbox 433 594 486 639; x_wconf 88' lang='lat' dir='ltr'><strong>et</strong></span> <span class='ocrx_word' id='word_1_10' title='bbox 512 583 579 638; x_wconf 90' lang='lat' dir='ltr'><strong>ad</strong></span> <span class='ocrx_word' id='word_1_11' title='bbox 610 583 865 652; x_wconf 84' lang='lat' dir='ltr'><strong>majorem</strong></span> <span class='ocrx_word' id='word_1_12' title='bbox 909 598 1005 638; x_wconf 90' lang='lat' dir='ltr'><strong>nos</strong></span> <span class='ocrx_word' id='word_1_13' title='bbox 1054 583 1403 638; x_wconf 71' lang='lat' dir='ltr'><strong>humilitatem</strong></span> <span class='ocrx_word' id='word_1_14' title='bbox 1443 582 1877 653; x_wconf 83' lang='lat' dir='ltr'><strong>diligentiamque</strong></span> 
     </span>
    </p>
   </div>
   <div class='ocr_carea' id='block_1_4' title="bbox 292 673 1873 744">
    <p class='ocr_par' dir='ltr' id='par_1_4' title="bbox 292 673 1873 744">
     <span class='ocr_line' id='line_1_4' title="bbox 292 673 1873 744; baseline -0.003 -14"><span class='ocrx_word' id='word_1_15' title='bbox 292 674 605 740; x_wconf 81' lang='lat' dir='ltr'><strong>excitantes,</strong></span> <span class='ocrx_word' id='word_1_16' title='bbox 633 674 810 739; x_wconf 82' lang='lat' dir='ltr'><strong>futura</strong></span> <span class='ocrx_word' id='word_1_17' title='bbox 833 688 1224 744; x_wconf 83' lang='lat' dir='ltr'><strong>consequamur</strong></span> <span class='ocrx_word' id='word_1_18' title='bbox 1247 674 1407 742; x_wconf 87' lang='lat' dir='ltr'><strong>bona,</strong></span> <span class='ocrx_word' id='word_1_19' title='bbox 1445 674 1613 744; x_wconf 87' lang='lat' dir='ltr'><strong>gratia</strong></span> <span class='ocrx_word' id='word_1_20' title='bbox 1640 681 1696 728; x_wconf 91' lang='lat' dir='ltr'><strong>et</strong></span> <span class='ocrx_word' id='word_1_21' title='bbox 1721 673 1873 727; x_wconf 88' lang='lat' dir='ltr'><strong>beni-</strong></span> 
     </span>
    </p>
   </div>
   <div class='ocr_carea' id='block_1_5' title="bbox 1190 332 2613 435">
    <p class='ocr_par' dir='ltr' id='par_1_5' title="bbox 1190 332 2613 435">
     <span class='ocr_line' id='line_1_5' title="bbox 1190 332 2613 435; baseline 0.003 -5"><span class='ocrx_word' id='word_1_22' title='bbox 1190 332 1207 349; x_wconf 79' lang='grc'><strong>’</strong></span> <span class='ocrx_word' id='word_1_23' title='bbox 1291 375 1355 430; x_wconf 73' lang='lat' dir='ltr'><strong>lN</strong></span> <span class='ocrx_word' id='word_1_24' title='bbox 1390 372 1797 432; x_wconf 63' lang='grc' dir='ltr'><strong>ΜΑττιιλΕυΜ</strong></span> <span class='ocrx_word' id='word_1_25' title='bbox 1838 374 2071 430; x_wconf 64' lang='lat' dir='ltr'><strong>nomn.</strong></span> <span class='ocrx_word' id='word_1_26' title='bbox 2113 374 2271 429; x_wconf 80' lang='lat' dir='ltr'><strong>va.</strong></span> <span class='ocrx_word' id='word_1_27' title='bbox 2313 377 2384 431; x_wconf 89' lang='lat' dir='ltr'><strong>al.</strong></span> <span class='ocrx_word' id='word_1_28' title='bbox 2431 376 2613 435; x_wconf 80' lang='lat' dir='ltr'><strong>val.</strong></span> 
     </span>
    </p>
   </div>
   <div class='ocr_carea' id='block_1_6' title="bbox 3470 391 3569 445">
    <p class='ocr_par' dir='ltr' id='par_1_6' title="bbox 3470 391 3569 445">
     <span class='ocr_line' id='line_1_6' title="bbox 3470 391 3569 445; baseline 0.02 -4"><span class='ocrx_word' id='word_1_29' title='bbox 3470 391 3569 445; x_wconf 71' lang='lat'><strong>638</strong></span> 
     </span>
    </p>
   </div>
   <div class='ocr_carea' id='block_1_7' title="bbox 1982 490 3568 569">
    <p class='ocr_par' dir='ltr' id='par_1_7' title="bbox 1982 490 3568 569">
     <span class='ocr_line' id='line_1_7' title="bbox 1982 490 3568 569; baseline 0.009 -26"><span class='ocrx_word' id='word_1_30' title='bbox 1982 490 2182 560; x_wconf 81' lang='lat' dir='ltr'><strong>guitate</strong></span> <span class='ocrx_word' id='word_1_31' title='bbox 2210 491 2418 547; x_wconf 85' lang='lat' dir='ltr'><strong>Domini</strong></span> <span class='ocrx_word' id='word_1_32' title='bbox 2453 494 2618 548; x_wconf 87' lang='lat' dir='ltr'><strong>nostri</strong></span> <span class='ocrx_word' id='word_1_33' title='bbox 2641 493 2767 550; x_wconf 79' lang='lat' dir='ltr'><strong>Jesu</strong></span> <span class='ocrx_word' id='word_1_34' title='bbox 2796 496 3019 565; x_wconf 83' lang='lat' dir='ltr'><strong>Christi,</strong></span> <span class='ocrx_word' id='word_1_35' title='bbox 3048 499 3259 569; x_wconf 82' lang='lat' dir='ltr'><strong>quicum</strong></span> <span class='ocrx_word' id='word_1_36' title='bbox 3296 502 3434 557; x_wconf 83' lang='lat' dir='ltr'><strong>Patri</strong></span> <span class='ocrx_word' id='word_1_37' title='bbox 3468 521 3568 558; x_wconf 73' lang='lat' dir='ltr'><strong>una</strong></span> 
     </span>
    </p>
   </div>
   <div class='ocr_carea' id='block_1_8' title="bbox 1982 583 3572 659">
    <p class='ocr_par' dir='ltr' id='par_1_8' title="bbox 1982 583 3572 659">
     <span class='ocr_line' id='line_1_8' title="bbox 1982 583 3572 659; baseline 0.008 -23"><span class='ocrx_word' id='word_1_38' title='bbox 1982 597 2102 637; x_wconf 92' lang='lat' dir='ltr'><strong>cum</strong></span> <span class='ocrx_word' id='word_1_39' title='bbox 2128 583 2326 653; x_wconf 89' lang='lat' dir='ltr'><strong>Spiritu</strong></span> <span class='ocrx_word' id='word_1_40' title='bbox 2350 595 2537 640; x_wconf 91' lang='lat' dir='ltr'><strong>saneto</strong></span> <span class='ocrx_word' id='word_1_41' title='bbox 2560 587 2753 656; x_wconf 81' lang='lat' dir='ltr'><strong>gloria,</strong></span> <span class='ocrx_word' id='word_1_42' title='bbox 2787 590 3093 659; x_wconf 78' lang='lat' dir='ltr'><strong>imperium,</strong></span> <span class='ocrx_word' id='word_1_43' title='bbox 3128 591 3320 659; x_wconf 89' lang='lat' dir='ltr'><strong>honor,</strong></span> <span class='ocrx_word' id='word_1_44' title='bbox 3352 610 3494 650; x_wconf 89' lang='lat' dir='ltr'><strong>nunc</strong></span> <span class='ocrx_word' id='word_1_45' title='bbox 3518 606 3572 649; x_wconf 84' lang='lat' dir='ltr'><strong>et</strong></span> 
     </span>
    </p>
   </div>
   <div class='ocr_carea' id='block_1_9' title="bbox 1981 676 3189 744">
    <p class='ocr_par' dir='ltr' id='par_1_9' title="bbox 1981 676 3189 744">
     <span class='ocr_line' id='line_1_9' title="bbox 1981 676 3189 744; baseline 0.008 -16"><span class='ocrx_word' id='word_1_46' title='bbox 1981 688 2214 744; x_wconf 79' lang='lat' dir='ltr'><strong>semper,</strong></span> <span class='ocrx_word' id='word_1_47' title='bbox 2246 683 2300 730; x_wconf 89' lang='lat' dir='ltr'><strong>et</strong></span> <span class='ocrx_word' id='word_1_48' title='bbox 2326 676 2379 729; x_wconf 90' lang='lat' dir='ltr'><strong>in</strong></span> <span class='ocrx_word' id='word_1_49' title='bbox 2406 677 2599 732; x_wconf 72' lang='lat' dir='ltr'><strong>Su&#39;cula</strong></span> <span class='ocrx_word' id='word_1_50' title='bbox 2624 679 2962 735; x_wconf 65' lang='lat' dir='ltr'><strong>surculorum.</strong></span> <span class='ocrx_word' id='word_1_51' title='bbox 2996 682 3189 738; x_wconf 73' lang='lat' dir='ltr'><strong>Amen.</strong></span> 
     </span>
    </p>
   </div>
   <div class='ocr_carea' id='block_1_10' title="bbox 1419 882 2406 947">
    <p class='ocr_par' dir='ltr' id='par_1_10' title="bbox 1419 882 2406 947">
     <span class='ocr_line' id='line_1_10' title="bbox 1419 882 2406 947; baseline 0.002 -4"><span class='ocrx_word' id='word_1_52' title='bbox 1419 882 1766 944; x_wconf 77' lang='lat' dir='ltr'><strong>HOMILIA</strong></span> <span class='ocrx_word' id='word_1_53' title='bbox 1810 882 2004 943; x_wconf 82' lang='lat' dir='ltr'><strong>LXV.</strong></span> <span class='ocrx_word' id='word_1_54' title='bbox 2050 884 2135 945; x_wconf 88' lang='lat' dir='ltr'><strong>al.</strong></span> <span class='ocrx_word' id='word_1_55' title='bbox 2181 884 2406 947; x_wconf 77' lang='lat' dir='ltr'><strong>LXVI.</strong></span> 
     </span>
    </p>
   </div>
   <div class='ocr_carea' id='block_1_11' title="bbox 286 1004 1872 1075">
    <p class='ocr_par' dir='ltr' id='par_1_11' title="bbox 286 1004 1872 1075">
     <span class='ocr_line' id='line_1_11' title="bbox 286 1004 1872 1075; baseline -0.004 -11"><span class='ocrx_word' id='word_1_56' title='bbox 286 1008 416 1064; x_wconf 70' lang='lat' dir='ltr'><strong>CAP.</strong></span> <span class='ocrx_word' id='word_1_57' title='bbox 448 1007 538 1065; x_wconf 77' lang='grc'><strong>20.</strong></span> <span class='ocrx_word' id='word_1_58' title='bbox 569 1024 620 1063; x_wconf 90' lang='lat' dir='ltr'><strong>v.</strong></span> <span class='ocrx_word' id='word_1_59' title='bbox 655 1009 740 1064; x_wconf 88' lang='grc'><strong>17.</strong></span> <span class='ocrx_word' id='word_1_60' title='bbox 776 1006 839 1061; x_wconf 81' lang='lat' dir='ltr'><strong>Et</strong></span> <span class='ocrx_word' id='word_1_61' title='bbox 876 1007 1151 1062; x_wconf 88' lang='lat' dir='ltr'><strong>ascendens</strong></span> <span class='ocrx_word' id='word_1_62' title='bbox 1187 1007 1337 1060; x_wconf 83' lang='lat' dir='ltr'><strong>Jesus</strong></span> <span class='ocrx_word' id='word_1_63' title='bbox 1365 1004 1757 1075; x_wconf 59' lang='lat' dir='ltr'><strong>Jerosolgmam,</strong></span> <span class='ocrx_word' id='word_1_64' title='bbox 1786 1021 1872 1058; x_wconf 87' lang='lat' dir='ltr'><strong>as-</strong></span> 
     </span>
    </p>
   </div>
   <div class='ocr_carea' id='block_1_12' title="bbox 355 1088 1874 1162">
    <p class='ocr_par' dir='ltr' id='par_1_12' title="bbox 355 1088 1874 1162">
     <span class='ocr_line' id='line_1_12' title="bbox 355 1088 1874 1162; baseline -0.004 -15"><span class='ocrx_word' id='word_1_65' title='bbox 355 1093 571 1162; x_wconf 86' lang='lat' dir='ltr'><strong>sumpsit</strong></span> <span class='ocrx_word' id='word_1_66' title='bbox 596 1091 858 1146; x_wconf 79' lang='lat' dir='ltr'><strong>duodecim</strong></span> <span class='ocrx_word' id='word_1_67' title='bbox 898 1091 1176 1159; x_wconf 74' lang='lat' dir='ltr'><strong>discipulos</strong></span> <span class='ocrx_word' id='word_1_68' title='bbox 1201 1099 1388 1143; x_wconf 84' lang='lat' dir='ltr'><strong>secreto</strong></span> <span class='ocrx_word' id='word_1_69' title='bbox 1412 1090 1465 1143; x_wconf 89' lang='lat' dir='ltr'><strong>in</strong></span> <span class='ocrx_word' id='word_1_70' title='bbox 1504 1088 1622 1154; x_wconf 88' lang='lat' dir='ltr'><strong>via,</strong></span> <span class='ocrx_word' id='word_1_71' title='bbox 1662 1098 1710 1141; x_wconf 88' lang='lat' dir='ltr'><strong>et</strong></span> <span class='ocrx_word' id='word_1_72' title='bbox 1743 1088 1874 1141; x_wconf 72' lang='lat' dir='ltr'><strong>dixit</strong></span> 
     </span>
    </p>
   </div>
   <div class='ocr_carea' id='block_1_13' title="bbox 361 1177 1873 1251">
    <p class='ocr_par' dir='ltr' id='par_1_13' title="bbox 361 1177 1873 1251">
     <span class='ocr_line' id='line_1_13' title="bbox 361 1177 1873 1251; baseline -0.002 -15"><span class='ocrx_word' id='word_1_73' title='bbox 361 1186 436 1236; x_wconf 82' lang='lat' dir='ltr'><strong>eis</strong></span> <span class='ocrx_word' id='word_1_74' title='bbox 466 1198 485 1237; x_wconf 89' lang='lat'><strong><em>:</em></strong></span> <span class='ocrx_word' id='word_1_75' title='bbox 513 1182 600 1238; x_wconf 88' lang='grc'><strong>18.</strong></span> <span class='ocrx_word' id='word_1_76' title='bbox 649 1181 780 1237; x_wconf 78' lang='lat' dir='ltr'><strong>Ecce</strong></span> <span class='ocrx_word' id='word_1_77' title='bbox 824 1182 1141 1237; x_wconf 88' lang='lat' dir='ltr'><strong>ascendimus</strong></span> <span class='ocrx_word' id='word_1_78' title='bbox 1166 1178 1534 1251; x_wconf 80' lang='lat' dir='ltr'><strong>Jerosolymam</strong></span> <span class='ocrx_word' id='word_1_79' title='bbox 1557 1221 1573 1245; x_wconf 87' lang='lat'><strong>,</strong></span> <span class='ocrx_word' id='word_1_80' title='bbox 1619 1188 1662 1233; x_wconf 91' lang='lat' dir='ltr'><strong>et</strong></span> <span class='ocrx_word' id='word_1_81' title='bbox 1707 1177 1873 1233; x_wconf 84' lang='lat' dir='ltr'><strong>Filius</strong></span> 
     </span>
    </p>
   </div>
   <div class='ocr_carea' id='block_1_14' title="bbox 357 1271 1871 1345">
    <p class='ocr_par' dir='ltr' id='par_1_14' title="bbox 357 1271 1871 1345">
     <span class='ocr_line' id='line_1_14' title="bbox 357 1271 1871 1345; baseline -0.003 -17"><span class='ocrx_word' id='word_1_82' title='bbox 357 1274 575 1328; x_wconf 84' lang='lat' dir='ltr'><strong>hominis</strong></span> <span class='ocrx_word' id='word_1_83' title='bbox 619 1274 847 1328; x_wconf 83' lang='lat' dir='ltr'><strong>tradetur</strong></span> <span class='ocrx_word' id='word_1_84' title='bbox 883 1274 1092 1327; x_wconf 86' lang='lat' dir='ltr'><strong>summis</strong></span> <span class='ocrx_word' id='word_1_85' title='bbox 1121 1273 1444 1345; x_wconf 78' lang='lat' dir='ltr'><strong>pontiﬁcibus</strong></span> <span class='ocrx_word' id='word_1_86' title='bbox 1487 1283 1534 1326; x_wconf 89' lang='lat' dir='ltr'><strong>et</strong></span> <span class='ocrx_word' id='word_1_87' title='bbox 1573 1271 1781 1334; x_wconf 84' lang='lat' dir='ltr'><strong>scribis,</strong></span> <span class='ocrx_word' id='word_1_88' title='bbox 1824 1280 1871 1324; x_wconf 89' lang='lat' dir='ltr'><strong>et</strong></span> 
     </span>
    </p>
   </div>
   <div class='ocr_carea' id='block_1_15' title="bbox 353 1363 1871 1433">
    <p class='ocr_par' dir='ltr' id='par_1_15' title="bbox 353 1363 1871 1433">
     <span class='ocr_line' id='line_1_15' title="bbox 353 1363 1871 1433; baseline -0.005 -12"><span class='ocrx_word' id='word_1_89' title='bbox 353 1365 760 1421; x_wconf 83' lang='lat' dir='ltr'><strong>condemuabunt</strong></span> <span class='ocrx_word' id='word_1_90' title='bbox 795 1381 907 1419; x_wconf 86' lang='lat' dir='ltr'><strong>eum</strong></span> <span class='ocrx_word' id='word_1_91' title='bbox 934 1374 1093 1419; x_wconf 87' lang='lat' dir='ltr'><strong>morte</strong></span> <span class='ocrx_word' id='word_1_92' title='bbox 1122 1380 1140 1418; x_wconf 88' lang='lat'><strong><em>:</em></strong></span> <span class='ocrx_word' id='word_1_93' title='bbox 1173 1364 1265 1420; x_wconf 76' lang='lat' dir='ltr'><strong>i9.</strong></span> <span class='ocrx_word' id='word_1_94' title='bbox 1296 1373 1341 1418; x_wconf 90' lang='lat' dir='ltr'><strong>et</strong></span> <span class='ocrx_word' id='word_1_95' title='bbox 1367 1363 1566 1417; x_wconf 88' lang='lat' dir='ltr'><strong>tradent</strong></span> <span class='ocrx_word' id='word_1_96' title='bbox 1593 1380 1707 1416; x_wconf 87' lang='lat' dir='ltr'><strong>eum</strong></span> <span class='ocrx_word' id='word_1_97' title='bbox 1748 1379 1871 1433; x_wconf 76' lang='lat' dir='ltr'><strong>gen-</strong></span> 
     </span>
    </p>
   </div>
   <div class='ocr_carea' id='block_1_16' title="bbox 354 1456 1869 1528">
    <p class='ocr_par' dir='ltr' id='par_1_16' title="bbox 354 1456 1869 1528">
     <span class='ocr_line' id='line_1_16' title="bbox 354 1456 1869 1528; baseline -0.003 -16"><span class='ocrx_word' id='word_1_98' title='bbox 354 1460 487 1515; x_wconf 79' lang='lat' dir='ltr'><strong>tibus</strong></span> <span class='ocrx_word' id='word_1_99' title='bbox 506 1460 574 1513; x_wconf 91' lang='lat' dir='ltr'><strong>ad</strong></span> <span class='ocrx_word' id='word_1_100' title='bbox 592 1457 909 1513; x_wconf 86' lang='lat' dir='ltr'><strong>illudendum</strong></span> <span class='ocrx_word' id='word_1_101' title='bbox 929 1467 977 1512; x_wconf 88' lang='lat' dir='ltr'><strong>et</strong></span> <span class='ocrx_word' id='word_1_102' title='bbox 991 1456 1354 1528; x_wconf 78' lang='lat' dir='ltr'><strong>ﬂagellaudum</strong></span> <span class='ocrx_word' id='word_1_103' title='bbox 1371 1466 1417 1511; x_wconf 90' lang='lat' dir='ltr'><strong>et</strong></span> <span class='ocrx_word' id='word_1_104' title='bbox 1432 1456 1827 1527; x_wconf 83' lang='lat' dir='ltr'><strong>cruciﬁgendum</strong></span> <span class='ocrx_word' id='word_1_105' title='bbox 1849 1469 1869 1508; x_wconf 72' lang='grc' dir='ltr'><em>τ</em></span> 
     </span>
    </p>
   </div>
   <div class='ocr_carea' id='block_1_17' title="bbox 351 1549 946 1619">
    <p class='ocr_par' dir='ltr' id='par_1_17' title="bbox 351 1549 946 1619">
     <span class='ocr_line' id='line_1_17' title="bbox 351 1549 946 1619; baseline -0.003 -15"><span class='ocrx_word' id='word_1_106' title='bbox 351 1560 400 1604; x_wconf 89' lang='lat' dir='ltr'><strong>et</strong></span> <span class='ocrx_word' id='word_1_107' title='bbox 426 1550 572 1605; x_wconf 87' lang='lat' dir='ltr'><strong>tertia</strong></span> <span class='ocrx_word' id='word_1_108' title='bbox 596 1549 678 1604; x_wconf 89' lang='lat' dir='ltr'><strong>die</strong></span> <span class='ocrx_word' id='word_1_109' title='bbox 704 1559 946 1619; x_wconf 81' lang='lat' dir='ltr'><strong>resurget.</strong></span> 
     </span>
    </p>
   </div>
   <div class='ocr_carea' id='block_1_18' title="bbox 352 1636 1866 1710">
    <p class='ocr_par' dir='ltr' id='par_1_18' title="bbox 352 1636 1866 1710">
     <span class='ocr_line' id='line_1_18' title="bbox 352 1636 1866 1710; baseline -0.003 -13"><span class='ocrx_word' id='word_1_110' title='bbox 352 1644 406 1697; x_wconf 80' lang='grc'><strong>1.</strong></span> <span class='ocrx_word' id='word_1_111' title='bbox 424 1640 538 1696; x_wconf 83' lang='lat' dir='ltr'><strong>Non</strong></span> <span class='ocrx_word' id='word_1_112' title='bbox 551 1642 729 1696; x_wconf 83' lang='lat' dir='ltr'><strong>statim</strong></span> <span class='ocrx_word' id='word_1_113' title='bbox 748 1656 813 1696; x_wconf 89' lang='lat' dir='ltr'><strong>ex</strong></span> <span class='ocrx_word' id='word_1_114' title='bbox 838 1641 1058 1697; x_wconf 80' lang='lat' dir='ltr'><strong>Galilaea</strong></span> <span class='ocrx_word' id='word_1_115' title='bbox 1078 1638 1464 1710; x_wconf 81' lang='lat' dir='ltr'><strong>Jemsolymam</strong></span> <span class='ocrx_word' id='word_1_116' title='bbox 1486 1637 1749 1702; x_wconf 88' lang='lat' dir='ltr'><strong>ascendit,</strong></span> <span class='ocrx_word' id='word_1_117' title='bbox 1772 1636 1866 1692; x_wconf 89' lang='lat' dir='ltr'><strong>sed</strong></span> 
     </span>
    </p>
   </div>
   <div class='ocr_carea' id='block_1_19' title="bbox 281 1732 1867 1805">
    <p class='ocr_par' dir='ltr' id='par_1_19' title="bbox 281 1732 1867 1805">
     <span class='ocr_line' id='line_1_19' title="bbox 281 1732 1867 1805; baseline -0.003 -15"><span class='ocrx_word' id='word_1_118' title='bbox 281 1750 401 1790; x_wconf 85' lang='lat' dir='ltr'><strong>cum</strong></span> <span class='ocrx_word' id='word_1_119' title='bbox 449 1734 594 1805; x_wconf 87' lang='lat' dir='ltr'><strong>prius</strong></span> <span class='ocrx_word' id='word_1_120' title='bbox 624 1733 877 1788; x_wconf 84' lang='lat' dir='ltr'><strong>miracula</strong></span> <span class='ocrx_word' id='word_1_121' title='bbox 906 1743 1171 1805; x_wconf 89' lang='lat' dir='ltr'><strong>patrasset</strong></span> <span class='ocrx_word' id='word_1_122' title='bbox 1191 1774 1206 1799; x_wconf 88' lang='lat'><strong>,</strong></span> <span class='ocrx_word' id='word_1_123' title='bbox 1234 1741 1291 1789; x_wconf 91' lang='lat' dir='ltr'><strong>et</strong></span> <span class='ocrx_word' id='word_1_124' title='bbox 1329 1732 1627 1787; x_wconf 70' lang='lat' dir='ltr'><strong>Phariszcos</strong></span> <span class='ocrx_word' id='word_1_125' title='bbox 1649 1746 1867 1802; x_wconf 77' lang='lat' dir='ltr'><strong>repres-</strong></span> 
     </span>
    </p>
   </div>
   <div class='ocr_carea' id='block_1_20' title="bbox 282 1824 1858 1896">
    <p class='ocr_par' dir='ltr' id='par_1_20' title="bbox 282 1824 1858 1896">
     <span class='ocr_line' id='line_1_20' title="bbox 282 1824 1858 1896; baseline -0.001 -16"><span class='ocrx_word' id='word_1_126' title='bbox 282 1829 470 1890; x_wconf 86' lang='lat' dir='ltr'><strong>sisset.</strong></span> <span class='ocrx_word' id='word_1_127' title='bbox 512 1826 906 1895; x_wconf 83' lang='lat' dir='ltr'><strong>discipulosque</strong></span> <span class='ocrx_word' id='word_1_128' title='bbox 932 1825 1000 1881; x_wconf 91' lang='lat' dir='ltr'><strong>de</strong></span> <span class='ocrx_word' id='word_1_129' title='bbox 1029 1833 1339 1896; x_wconf 86' lang='lat' dir='ltr'><strong>paupertate</strong></span> <span class='ocrx_word' id='word_1_130' title='bbox 1366 1824 1669 1895; x_wconf 86' lang='lat' dir='ltr'><strong>alloquntus</strong></span> <span class='ocrx_word' id='word_1_131' title='bbox 1695 1832 1858 1880; x_wconf 89' lang='lat' dir='ltr'><strong>esset.</strong></span> 
     </span>
    </p>
   </div>
   <div class='ocr_carea' id='block_1_21' title="bbox 281 1917 1867 1987">
    <p class='ocr_par' dir='ltr' id='par_1_21' title="bbox 281 1917 1867 1987">
     <span class='ocr_line' id='line_1_21' title="bbox 281 1917 1867 1987; baseline 0 -15"><span class='ocrx_word' id='word_1_132' title='bbox 281 1918 369 1972; x_wconf 80' lang='lat' dir='ltr'><strong>Ait</strong></span> <span class='ocrx_word' id='word_1_133' title='bbox 393 1918 557 1980; x_wconf 88' lang='lat' dir='ltr'><strong>enim,</strong></span> <span class='ocrx_word' id='word_1_134' title='bbox 591 1917 651 1971; x_wconf 85' lang='lat' dir='ltr'><strong>Si</strong></span> <span class='ocrx_word' id='word_1_135' title='bbox 678 1917 750 1971; x_wconf 94' lang='lat' dir='ltr'><strong>vis</strong></span> <span class='ocrx_word' id='word_1_136' title='bbox 779 1918 1030 1987; x_wconf 79' lang='lat' dir='ltr'><strong>perfectus</strong></span> <span class='ocrx_word' id='word_1_137' title='bbox 1055 1934 1180 1984; x_wconf 88' lang='lat' dir='ltr'><strong>esse,</strong></span> <span class='ocrx_word' id='word_1_138' title='bbox 1208 1917 1362 1973; x_wconf 87' lang='lat' dir='ltr'><strong>vende</strong></span> <span class='ocrx_word' id='word_1_139' title='bbox 1381 1934 1438 1971; x_wconf 87' lang='lat' dir='ltr'><strong>ea</strong></span> <span class='ocrx_word' id='word_1_140' title='bbox 1458 1933 1573 1986; x_wconf 74' lang='lat' dir='ltr'><strong>qua:</strong></span> <span class='ocrx_word' id='word_1_141' title='bbox 1597 1918 1783 1972; x_wconf 81' lang='lat' dir='ltr'><strong>habes:</strong></span> <span class='ocrx_word' id='word_1_142' title='bbox 1812 1925 1867 1972; x_wconf 85' lang='lat' dir='ltr'><strong>et</strong></span> 
     </span>
    </p>
   </div>
   <div class='ocr_carea' id='block_1_22' title="bbox 281 2006 1861 2079">
    <p class='ocr_par' dir='ltr' id='par_1_22' title="bbox 281 2006 1861 2079">
     <span class='ocr_line' id='line_1_22' title="bbox 281 2006 1861 2079; baseline -0.001 -17"><span class='ocrx_word' id='word_1_143' title='bbox 281 2006 347 2062; x_wconf 89' lang='lat' dir='ltr'><strong>de</strong></span> <span class='ocrx_word' id='word_1_144' title='bbox 376 2008 673 2078; x_wconf 74' lang='lat' dir='ltr'><strong>virginitate</strong></span> <span class='ocrx_word' id='word_1_145' title='bbox 697 2046 715 2072; x_wconf 86' lang='lat'><strong>,</strong></span> <span class='ocrx_word' id='word_1_146' title='bbox 761 2007 858 2072; x_wconf 83' lang='lat' dir='ltr'><strong>Qui</strong></span> <span class='ocrx_word' id='word_1_147' title='bbox 900 2017 1057 2076; x_wconf 89' lang='lat' dir='ltr'><strong>potest</strong></span> <span class='ocrx_word' id='word_1_148' title='bbox 1086 2024 1267 2076; x_wconf 81' lang='lat' dir='ltr'><strong>capere</strong></span> <span class='ocrx_word' id='word_1_149' title='bbox 1288 2049 1303 2075; x_wconf 92' lang='lat'><strong>,</strong></span> <span class='ocrx_word' id='word_1_150' title='bbox 1335 2008 1505 2077; x_wconf 85' lang='lat' dir='ltr'><strong>capiat</strong></span> <span class='ocrx_word' id='word_1_151' title='bbox 1531 2007 1743 2079; x_wconf 78' lang='lat' dir='ltr'><strong>(Matth.</strong></span> <span class='ocrx_word' id='word_1_152' title='bbox 1779 2007 1861 2067; x_wconf 85' lang='lat' dir='ltr'><strong>l9.</strong></span> 
     </span>
    </p>
   </div>
   <div class='ocr_carea' id='block_1_23' title="bbox 280 2098 1864 2173">
    <p class='ocr_par' dir='ltr' id='par_1_23' title="bbox 280 2098 1864 2173">
     <span class='ocr_line' id='line_1_23' title="bbox 280 2098 1864 2173; baseline 0 -18"><span class='ocrx_word' id='word_1_153' title='bbox 280 2098 368 2155; x_wconf 71' lang='lat'><strong>2|.</strong></span> <span class='ocrx_word' id='word_1_154' title='bbox 404 2099 511 2172; x_wconf 69' lang='grc' dir='ltr'><strong>η),</strong></span> <span class='ocrx_word' id='word_1_155' title='bbox 547 2110 601 2155; x_wconf 92' lang='lat' dir='ltr'><strong>et</strong></span> <span class='ocrx_word' id='word_1_156' title='bbox 622 2100 688 2154; x_wconf 88' lang='lat' dir='ltr'><strong>de</strong></span> <span class='ocrx_word' id='word_1_157' title='bbox 718 2099 1037 2167; x_wconf 78' lang='lat' dir='ltr'><strong>humilitate,</strong></span> <span class='ocrx_word' id='word_1_158' title='bbox 1070 2099 1189 2155; x_wconf 84' lang='lat' dir='ltr'><strong>Nisi</strong></span> <span class='ocrx_word' id='word_1_159' title='bbox 1216 2101 1439 2155; x_wconf 88' lang='lat' dir='ltr'><strong>conversi</strong></span> <span class='ocrx_word' id='word_1_160' title='bbox 1467 2102 1683 2170; x_wconf 80' lang='lat' dir='ltr'><strong>fueritis,</strong></span> <span class='ocrx_word' id='word_1_161' title='bbox 1711 2111 1759 2155; x_wconf 90' lang='lat' dir='ltr'><strong>et</strong></span> <span class='ocrx_word' id='word_1_162' title='bbox 1788 2105 1864 2173; x_wconf 78' lang='lat' dir='ltr'><strong>ef-</strong></span> 
     </span>
    </p>
   </div>
   <div class='ocr_carea' id='block_1_24' title="bbox 274 2191 1865 2264">
    <p class='ocr_par' dir='ltr' id='par_1_24' title="bbox 274 2191 1865 2264">
     <span class='ocr_line' id='line_1_24' title="bbox 274 2191 1865 2264; baseline -0.001 -16"><span class='ocrx_word' id='word_1_163' title='bbox 274 2194 523 2261; x_wconf 77' lang='lat' dir='ltr'><strong>ﬁciamini</strong></span> <span class='ocrx_word' id='word_1_164' title='bbox 540 2195 670 2247; x_wconf 87' lang='lat' dir='ltr'><strong>sicut</strong></span> <span class='ocrx_word' id='word_1_165' title='bbox 686 2194 904 2262; x_wconf 85' lang='lat' dir='ltr'><strong>parvuli,</strong></span> <span class='ocrx_word' id='word_1_166' title='bbox 925 2210 1025 2249; x_wconf 89' lang='lat' dir='ltr'><strong>non</strong></span> <span class='ocrx_word' id='word_1_167' title='bbox 1052 2193 1301 2247; x_wconf 86' lang='lat' dir='ltr'><strong>intrabitis</strong></span> <span class='ocrx_word' id='word_1_168' title='bbox 1318 2193 1370 2246; x_wconf 91' lang='lat' dir='ltr'><strong>in</strong></span> <span class='ocrx_word' id='word_1_169' title='bbox 1395 2209 1602 2264; x_wconf 80' lang='lat' dir='ltr'><strong>regnum</strong></span> <span class='ocrx_word' id='word_1_170' title='bbox 1624 2191 1865 2247; x_wconf 68' lang='lat' dir='ltr'><strong>caelorum</strong></span> 
     </span>
    </p>
   </div>
   <div class='ocr_carea' id='block_1_25' title="bbox 279 2286 1863 2358">
    <p class='ocr_par' dir='ltr' id='par_1_25' title="bbox 279 2286 1863 2358">
     <span class='ocr_line' id='line_1_25' title="bbox 279 2286 1863 2358; baseline -0.001 -17"><span class='ocrx_word' id='word_1_171' title='bbox 279 2287 505 2353; x_wconf 74' lang='lat' dir='ltr'><strong>(Matth.</strong></span> <span class='ocrx_word' id='word_1_172' title='bbox 530 2286 721 2356; x_wconf 70' lang='lat'><strong>18.3),</strong></span> <span class='ocrx_word' id='word_1_173' title='bbox 743 2286 810 2342; x_wconf 89' lang='lat' dir='ltr'><strong>de</strong></span> <span class='ocrx_word' id='word_1_174' title='bbox 837 2287 1185 2342; x_wconf 83' lang='lat' dir='ltr'><strong>retributione</strong></span> <span class='ocrx_word' id='word_1_175' title='bbox 1206 2288 1258 2341; x_wconf 94' lang='lat' dir='ltr'><strong>in</strong></span> <span class='ocrx_word' id='word_1_176' title='bbox 1297 2286 1396 2341; x_wconf 90' lang='lat' dir='ltr'><strong>hac</strong></span> <span class='ocrx_word' id='word_1_177' title='bbox 1438 2288 1543 2341; x_wconf 87' lang='lat' dir='ltr'><strong>vita</strong></span> <span class='ocrx_word' id='word_1_178' title='bbox 1576 2305 1590 2341; x_wconf 92' lang='lat'><strong>:</strong></span> <span class='ocrx_word' id='word_1_179' title='bbox 1626 2287 1863 2358; x_wconf 74' lang='lat' dir='ltr'><strong>Quisquis</strong></span> 
     </span>
    </p>
   </div>
   <div class='ocr_carea' id='block_1_26' title="bbox 276 2379 1863 2451">
    <p class='ocr_par' dir='ltr' id='par_1_26' title="bbox 276 2379 1863 2451">
     <span class='ocr_line' id='line_1_26' title="bbox 276 2379 1863 2451; baseline 0.001 -20"><span class='ocrx_word' id='word_1_180' title='bbox 276 2379 520 2434; x_wconf 84' lang='lat' dir='ltr'><strong>dimiserit</strong></span> <span class='ocrx_word' id='word_1_181' title='bbox 545 2379 741 2445; x_wconf 84' lang='lat' dir='ltr'><strong>domos,</strong></span> <span class='ocrx_word' id='word_1_182' title='bbox 771 2390 859 2434; x_wconf 86' lang='lat' dir='ltr'><strong>aut</strong></span> <span class='ocrx_word' id='word_1_183' title='bbox 882 2382 1089 2451; x_wconf 75' lang='lat' dir='ltr'><strong>fratres,</strong></span> <span class='ocrx_word' id='word_1_184' title='bbox 1116 2388 1201 2433; x_wconf 90' lang='lat' dir='ltr'><strong>aut</strong></span> <span class='ocrx_word' id='word_1_185' title='bbox 1226 2396 1442 2444; x_wconf 81' lang='lat' dir='ltr'><strong>sorores,</strong></span> <span class='ocrx_word' id='word_1_186' title='bbox 1469 2380 1754 2450; x_wconf 86' lang='lat' dir='ltr'><strong>centuplum</strong></span> <span class='ocrx_word' id='word_1_187' title='bbox 1779 2394 1863 2433; x_wconf 84' lang='lat' dir='ltr'><strong>re-</strong></span> 
     </span>
    </p>
   </div>
   <div class='ocr_carea' id='block_1_27' title="bbox 274 2468 1863 2539">
    <p class='ocr_par' dir='ltr' id='par_1_27' title="bbox 274 2468 1863 2539">
     <span class='ocr_line' id='line_1_27' title="bbox 274 2468 1863 2539; baseline 0 -16"><span class='ocrx_word' id='word_1_188' title='bbox 274 2470 425 2539; x_wconf 83' lang='lat' dir='ltr'><strong>cipiet</strong></span> <span class='ocrx_word' id='word_1_189' title='bbox 446 2471 502 2525; x_wconf 87' lang='lat' dir='ltr'><strong>in</strong></span> <span class='ocrx_word' id='word_1_190' title='bbox 526 2471 621 2526; x_wconf 89' lang='lat' dir='ltr'><strong>hoc</strong></span> <span class='ocrx_word' id='word_1_191' title='bbox 660 2471 871 2536; x_wconf 64' lang='lat' dir='ltr'><strong>seculo;</strong></span> <span class='ocrx_word' id='word_1_192' title='bbox 898 2479 953 2525; x_wconf 84' lang='lat' dir='ltr'><strong>et</strong></span> <span class='ocrx_word' id='word_1_193' title='bbox 986 2471 1053 2527; x_wconf 93' lang='lat' dir='ltr'><strong>de</strong></span> <span class='ocrx_word' id='word_1_194' title='bbox 1084 2471 1260 2526; x_wconf 81' lang='lat' dir='ltr'><strong>futura</strong></span> <span class='ocrx_word' id='word_1_195' title='bbox 1289 2469 1536 2526; x_wconf 85' lang='lat' dir='ltr'><strong>mercede</strong></span> <span class='ocrx_word' id='word_1_196' title='bbox 1567 2488 1581 2526; x_wconf 90' lang='lat'>:</span> <span class='ocrx_word' id='word_1_197' title='bbox 1611 2468 1678 2523; x_wconf 87' lang='lat' dir='ltr'><strong>Et</strong></span> <span class='ocrx_word' id='word_1_198' title='bbox 1709 2471 1863 2524; x_wconf 88' lang='lat' dir='ltr'><strong>vitam</strong></span> 
     </span>
    </p>
   </div>
   <div class='ocr_carea' id='block_1_28' title="bbox 273 2558 1860 2631">
    <p class='ocr_par' dir='ltr' id='par_1_28' title="bbox 273 2558 1860 2631">
     <span class='ocr_line' id='line_1_28' title="bbox 273 2558 1860 2631; baseline -0.001 -16"><span class='ocrx_word' id='word_1_199' title='bbox 273 2569 512 2615; x_wconf 72' lang='lat' dir='ltr'><strong>cateruam</strong></span> <span class='ocrx_word' id='word_1_200' title='bbox 538 2560 808 2631; x_wconf 85' lang='lat' dir='ltr'><strong>possidebit</strong></span> <span class='ocrx_word' id='word_1_201' title='bbox 835 2559 1047 2627; x_wconf 72' lang='lat' dir='ltr'><strong>(Matth.</strong></span> <span class='ocrx_word' id='word_1_202' title='bbox 1077 2562 1163 2618; x_wconf 90' lang='grc'><strong>19.</strong></span> <span class='ocrx_word' id='word_1_203' title='bbox 1195 2561 1311 2631; x_wconf 74' lang='lat'><strong>29).</strong></span> <span class='ocrx_word' id='word_1_204' title='bbox 1343 2561 1492 2617; x_wconf 87' lang='lat' dir='ltr'><strong>Tunc</strong></span> <span class='ocrx_word' id='word_1_205' title='bbox 1525 2558 1739 2616; x_wconf 90' lang='lat' dir='ltr'><strong>demum</strong></span> <span class='ocrx_word' id='word_1_206' title='bbox 1766 2575 1860 2614; x_wconf 85' lang='lat' dir='ltr'><strong>ac-</strong></span> 
     </span>
    </p>
   </div>
   <div class='ocr_carea' id='block_1_29' title="bbox 272 2652 1858 2724">
    <p class='ocr_par' dir='ltr' id='par_1_29' title="bbox 272 2652 1858 2724">
     <span class='ocr_line' id='line_1_29' title="bbox 272 2652 1858 2724; baseline -0.001 -16"><span class='ocrx_word' id='word_1_207' title='bbox 272 2652 415 2708; x_wconf 83' lang='lat' dir='ltr'><strong>cedit</strong></span> <span class='ocrx_word' id='word_1_208' title='bbox 439 2652 506 2707; x_wconf 90' lang='lat' dir='ltr'><strong>ad</strong></span> <span class='ocrx_word' id='word_1_209' title='bbox 537 2652 722 2707; x_wconf 91' lang='lat' dir='ltr'><strong>urbem</strong></span> <span class='ocrx_word' id='word_1_210' title='bbox 744 2694 758 2718; x_wconf 94' lang='lat'><strong>,</strong></span> <span class='ocrx_word' id='word_1_211' title='bbox 786 2667 1016 2724; x_wconf 90' lang='lat' dir='ltr'><strong>cumque</strong></span> <span class='ocrx_word' id='word_1_212' title='bbox 1044 2668 1364 2709; x_wconf 88' lang='lat' dir='ltr'><strong>ascensurus</strong></span> <span class='ocrx_word' id='word_1_213' title='bbox 1386 2661 1530 2709; x_wconf 87' lang='lat' dir='ltr'><strong>esset</strong></span> <span class='ocrx_word' id='word_1_214' title='bbox 1554 2693 1570 2719; x_wconf 94' lang='lat'><strong>,</strong></span> <span class='ocrx_word' id='word_1_215' title='bbox 1621 2652 1689 2707; x_wconf 91' lang='lat' dir='ltr'><strong>de</strong></span> <span class='ocrx_word' id='word_1_216' title='bbox 1734 2665 1858 2723; x_wconf 82' lang='lat' dir='ltr'><strong>pas-</strong></span> 
     </span>
    </p>
   </div>
   <div class='ocr_carea' id='block_1_30' title="bbox 271 2742 1862 2814">
    <p class='ocr_par' dir='ltr' id='par_1_30' title="bbox 271 2742 1862 2814">
     <span class='ocr_line' id='line_1_30' title="bbox 271 2742 1862 2814; baseline 0.001 -19"><span class='ocrx_word' id='word_1_217' title='bbox 271 2743 426 2799; x_wconf 87' lang='lat' dir='ltr'><strong>sione</strong></span> <span class='ocrx_word' id='word_1_218' title='bbox 475 2759 686 2798; x_wconf 89' lang='lat' dir='ltr'><strong>rursum</strong></span> <span class='ocrx_word' id='word_1_219' title='bbox 745 2744 995 2814; x_wconf 89' lang='lat' dir='ltr'><strong>loquitur.</strong></span> <span class='ocrx_word' id='word_1_220' title='bbox 1038 2743 1173 2812; x_wconf 87' lang='lat' dir='ltr'><strong>Quia</strong></span> <span class='ocrx_word' id='word_1_221' title='bbox 1212 2744 1356 2799; x_wconf 91' lang='lat' dir='ltr'><strong>enim</strong></span> <span class='ocrx_word' id='word_1_222' title='bbox 1412 2742 1700 2800; x_wconf 83' lang='lat' dir='ltr'><strong>verisimile</strong></span> <span class='ocrx_word' id='word_1_223' title='bbox 1744 2750 1862 2799; x_wconf 88' lang='lat' dir='ltr'><strong>erat</strong></span> 
     </span>
    </p>
   </div>
   <div class='ocr_carea' id='block_1_31' title="bbox 270 2834 1856 2907">
    <p class='ocr_par' dir='ltr' id='par_1_31' title="bbox 270 2834 1856 2907">
     <span class='ocr_line' id='line_1_31' title="bbox 270 2834 1856 2907; baseline -0.002 -15"><span class='ocrx_word' id='word_1_224' title='bbox 270 2850 366 2892; x_wconf 89' lang='lat' dir='ltr'><strong>eos</strong></span> <span class='ocrx_word' id='word_1_225' title='bbox 387 2876 403 2900; x_wconf 92' lang='lat'><strong>,</strong></span> <span class='ocrx_word' id='word_1_226' title='bbox 434 2835 525 2907; x_wconf 90' lang='lat' dir='ltr'><strong>qui</strong></span> <span class='ocrx_word' id='word_1_227' title='bbox 553 2834 757 2891; x_wconf 91' lang='lat' dir='ltr'><strong>nollent</strong></span> <span class='ocrx_word' id='word_1_228' title='bbox 784 2835 883 2891; x_wconf 87' lang='lat' dir='ltr'><strong>ista</strong></span> <span class='ocrx_word' id='word_1_229' title='bbox 914 2835 1192 2901; x_wconf 90' lang='lat' dir='ltr'><strong>accidere,</strong></span> <span class='ocrx_word' id='word_1_230' title='bbox 1246 2834 1437 2890; x_wconf 91' lang='lat' dir='ltr'><strong>borum</strong></span> <span class='ocrx_word' id='word_1_231' title='bbox 1475 2834 1669 2891; x_wconf 84' lang='lat' dir='ltr'><strong>oblitos</strong></span> <span class='ocrx_word' id='word_1_232' title='bbox 1698 2848 1817 2889; x_wconf 87' lang='lat' dir='ltr'><strong>esse</strong></span> <span class='ocrx_word' id='word_1_233' title='bbox 1837 2872 1856 2901; x_wconf 89' lang='lat'><strong>,</strong></span> 
     </span>
    </p>
   </div>
   <div class='ocr_carea' id='block_1_32' title="bbox 274 2923 1860 2998">
    <p class='ocr_par' dir='ltr' id='par_1_32' title="bbox 274 2923 1860 2998">
     <span class='ocr_line' id='line_1_32' title="bbox 274 2923 1860 2998; baseline -0.002 -15"><span class='ocrx_word' id='word_1_234' title='bbox 274 2926 578 2998; x_wconf 74' lang='lat' dir='ltr'><strong>frequenter</strong></span> <span class='ocrx_word' id='word_1_235' title='bbox 638 2927 753 2983; x_wconf 65' lang='lat' dir='ltr'><strong>haec</strong></span> <span class='ocrx_word' id='word_1_236' title='bbox 806 2927 860 2983; x_wconf 92' lang='lat' dir='ltr'><strong>in</strong></span> <span class='ocrx_word' id='word_1_237' title='bbox 917 2927 1232 2983; x_wconf 88' lang='lat' dir='ltr'><strong>memoriam</strong></span> <span class='ocrx_word' id='word_1_238' title='bbox 1284 2935 1499 2984; x_wconf 80' lang='lat' dir='ltr'><strong>revocat</strong></span> <span class='ocrx_word' id='word_1_239' title='bbox 1527 2966 1543 2992; x_wconf 94' lang='lat'><strong>,</strong></span> <span class='ocrx_word' id='word_1_240' title='bbox 1594 2923 1860 2997; x_wconf 78' lang='lat' dir='ltr'><strong>frequenti</strong></span> 
     </span>
    </p>
   </div>
   <div class='ocr_carea' id='block_1_33' title="bbox 271 3016 1862 3076">
    <p class='ocr_par' dir='ltr' id='par_1_33' title="bbox 271 3016 1862 3076">
     <span class='ocr_line' id='line_1_33' title="bbox 271 3016 1862 3076; baseline -0.002 -2"><span class='ocrx_word' id='word_1_241' title='bbox 271 3021 779 3074; x_wconf 83' lang='lat' dir='ltr'><strong>commemoratione</strong></span> <span class='ocrx_word' id='word_1_242' title='bbox 816 3019 1051 3073; x_wconf 85' lang='lat' dir='ltr'><strong>animum</strong></span> <span class='ocrx_word' id='word_1_243' title='bbox 1103 3019 1316 3075; x_wconf 87' lang='lat' dir='ltr'><strong>illorum</strong></span> <span class='ocrx_word' id='word_1_244' title='bbox 1362 3034 1620 3076; x_wconf 86' lang='lat' dir='ltr'><strong>exercens</strong></span> <span class='ocrx_word' id='word_1_245' title='bbox 1662 3032 1726 3073; x_wconf 88' lang='lat' dir='ltr'><strong>ac</strong></span> <span class='ocrx_word' id='word_1_246' title='bbox 1763 3016 1862 3072; x_wconf 83' lang='lat' dir='ltr'><strong>do-</strong></span> 
     </span>
    </p>
   </div>
   <div class='ocr_carea' id='block_1_34' title="bbox 271 3109 1854 3183">
    <p class='ocr_par' dir='ltr' id='par_1_34' title="bbox 271 3109 1854 3183">
     <span class='ocr_line' id='line_1_34' title="bbox 271 3109 1854 3183; baseline -0.001 -16"><span class='ocrx_word' id='word_1_247' title='bbox 271 3110 440 3167; x_wconf 90' lang='lat' dir='ltr'><strong>lorem</strong></span> <span class='ocrx_word' id='word_1_248' title='bbox 488 3112 751 3167; x_wconf 86' lang='lat' dir='ltr'><strong>minuens.</strong></span> <span class='ocrx_word' id='word_1_249' title='bbox 798 3111 1140 3183; x_wconf 88' lang='lat' dir='ltr'><strong>Seorsimque</strong></span> <span class='ocrx_word' id='word_1_250' title='bbox 1186 3111 1307 3166; x_wconf 85' lang='lat' dir='ltr'><strong>illos</strong></span> <span class='ocrx_word' id='word_1_251' title='bbox 1362 3110 1662 3166; x_wconf 90' lang='lat' dir='ltr'><strong>necessario</strong></span> <span class='ocrx_word' id='word_1_252' title='bbox 1715 3109 1854 3165; x_wconf 90' lang='lat' dir='ltr'><strong>allo-</strong></span> 
     </span>
    </p>
   </div>
   <div class='ocr_carea' id='block_1_35' title="bbox 272 3201 1859 3276">
    <p class='ocr_par' dir='ltr' id='par_1_35' title="bbox 272 3201 1859 3276">
     <span class='ocr_line' id='line_1_35' title="bbox 272 3201 1859 3276; baseline -0.002 -16"><span class='ocrx_word' id='word_1_253' title='bbox 272 3204 499 3276; x_wconf 87' lang='lat' dir='ltr'><strong>quitur:</strong></span> <span class='ocrx_word' id='word_1_254' title='bbox 539 3220 713 3275; x_wconf 88' lang='lat' dir='ltr'><strong>neque</strong></span> <span class='ocrx_word' id='word_1_255' title='bbox 755 3204 897 3259; x_wconf 88' lang='lat' dir='ltr'><strong>enim</strong></span> <span class='ocrx_word' id='word_1_256' title='bbox 939 3220 1036 3274; x_wconf 91' lang='lat' dir='ltr'><strong>par</strong></span> <span class='ocrx_word' id='word_1_257' title='bbox 1078 3213 1194 3260; x_wconf 91' lang='lat' dir='ltr'><strong>erat</strong></span> <span class='ocrx_word' id='word_1_258' title='bbox 1230 3203 1344 3259; x_wconf 65' lang='lat' dir='ltr'><strong>haec</strong></span> <span class='ocrx_word' id='word_1_259' title='bbox 1388 3204 1441 3259; x_wconf 93' lang='lat' dir='ltr'><strong>in</strong></span> <span class='ocrx_word' id='word_1_260' title='bbox 1485 3204 1670 3274; x_wconf 88' lang='lat' dir='ltr'><strong>vulgus</strong></span> <span class='ocrx_word' id='word_1_261' title='bbox 1707 3201 1859 3258; x_wconf 82' lang='lat' dir='ltr'><strong>ell&#39;er-</strong></span> 
     </span>
    </p>
   </div>
   <div class='ocr_carea' id='block_1_36' title="bbox 270 3293 1854 3366">
    <p class='ocr_par' dir='ltr' id='par_1_36' title="bbox 270 3293 1854 3366">
     <span class='ocr_line' id='line_1_36' title="bbox 270 3293 1854 3366; baseline -0.001 -16"><span class='ocrx_word' id='word_1_262' title='bbox 270 3295 337 3360; x_wconf 90' lang='lat' dir='ltr'><strong>ri,</strong></span> <span class='ocrx_word' id='word_1_263' title='bbox 359 3294 443 3349; x_wconf 84' lang='lat' dir='ltr'><strong>vel</strong></span> <span class='ocrx_word' id='word_1_264' title='bbox 472 3293 618 3351; x_wconf 86' lang='lat' dir='ltr'><strong>clare</strong></span> <span class='ocrx_word' id='word_1_265' title='bbox 643 3294 881 3361; x_wconf 90' lang='lat' dir='ltr'><strong>narrari;</strong></span> <span class='ocrx_word' id='word_1_266' title='bbox 917 3295 1046 3349; x_wconf 92' lang='lat' dir='ltr'><strong>nihil</strong></span> <span class='ocrx_word' id='word_1_267' title='bbox 1074 3296 1269 3366; x_wconf 86' lang='lat' dir='ltr'><strong>quippe</strong></span> <span class='ocrx_word' id='word_1_268' title='bbox 1294 3294 1418 3351; x_wconf 88' lang='lat' dir='ltr'><strong>hinc</strong></span> <span class='ocrx_word' id='word_1_269' title='bbox 1443 3295 1567 3351; x_wconf 90' lang='lat' dir='ltr'><strong>boni</strong></span> <span class='ocrx_word' id='word_1_270' title='bbox 1598 3294 1854 3350; x_wconf 82' lang='lat' dir='ltr'><strong>emersis-</strong></span> 
     </span>
    </p>
   </div>
   <div class='ocr_carea' id='block_1_37' title="bbox 269 3386 1852 3458">
    <p class='ocr_par' dir='ltr' id='par_1_37' title="bbox 269 3386 1852 3458">
     <span class='ocr_line' id='line_1_37' title="bbox 269 3386 1852 3458; baseline -0.003 -14"><span class='ocrx_word' id='word_1_271' title='bbox 269 3396 371 3444; x_wconf 72' lang='grc' dir='ltr'><strong>εει.</strong></span> <span class='ocrx_word' id='word_1_272' title='bbox 419 3386 474 3445; x_wconf 90' lang='lat' dir='ltr'><strong>Si</strong></span> <span class='ocrx_word' id='word_1_273' title='bbox 520 3388 663 3443; x_wconf 92' lang='lat' dir='ltr'><strong>enim</strong></span> <span class='ocrx_word' id='word_1_274' title='bbox 711 3387 957 3458; x_wconf 86' lang='lat' dir='ltr'><strong>discipuli</strong></span> <span class='ocrx_word' id='word_1_275' title='bbox 1000 3388 1113 3443; x_wconf 70' lang='lat' dir='ltr'><strong>hare</strong></span> <span class='ocrx_word' id='word_1_276' title='bbox 1140 3388 1417 3444; x_wconf 87' lang='lat' dir='ltr'><strong>audientes</strong></span> <span class='ocrx_word' id='word_1_277' title='bbox 1471 3386 1664 3442; x_wconf 90' lang='lat' dir='ltr'><strong>turbati</strong></span> <span class='ocrx_word' id='word_1_278' title='bbox 1694 3394 1852 3453; x_wconf 92' lang='lat' dir='ltr'><strong>sunt,</strong></span> 
     </span>
    </p>
   </div>
   <div class='ocr_carea' id='block_1_38' title="bbox 268 3478 1854 3551">
    <p class='ocr_par' dir='ltr' id='par_1_38' title="bbox 268 3478 1854 3551">
     <span class='ocr_line' id='line_1_38' title="bbox 268 3478 1854 3551; baseline 0.001 -18"><span class='ocrx_word' id='word_1_279' title='bbox 268 3479 435 3533; x_wconf 85' lang='lat' dir='ltr'><strong>multo</strong></span> <span class='ocrx_word' id='word_1_280' title='bbox 463 3479 631 3549; x_wconf 87' lang='lat' dir='ltr'><strong>magis</strong></span> <span class='ocrx_word' id='word_1_281' title='bbox 659 3479 847 3551; x_wconf 89' lang='lat' dir='ltr'><strong>vulgus</strong></span> <span class='ocrx_word' id='word_1_282' title='bbox 877 3479 1150 3536; x_wconf 89' lang='lat' dir='ltr'><strong>turbatum</strong></span> <span class='ocrx_word' id='word_1_283' title='bbox 1182 3489 1345 3536; x_wconf 89' lang='lat' dir='ltr'><strong>esset.</strong></span> <span class='ocrx_word' id='word_1_284' title='bbox 1389 3479 1525 3548; x_wconf 85' lang='lat' dir='ltr'><strong>Quid</strong></span> <span class='ocrx_word' id='word_1_285' title='bbox 1548 3478 1743 3551; x_wconf 80' lang='lat' dir='ltr'><strong>igitur?</strong></span> <span class='ocrx_word' id='word_1_286' title='bbox 1774 3480 1854 3534; x_wconf 80' lang='lat' dir='ltr'><strong>iu-</strong></span> 
     </span>
    </p>
   </div>
   <div class='ocr_carea' id='block_1_39' title="bbox 266 3570 1852 3643">
    <p class='ocr_par' dir='ltr' id='par_1_39' title="bbox 266 3570 1852 3643">
     <span class='ocr_line' id='line_1_39' title="bbox 266 3570 1852 3643; baseline 0.001 -20"><span class='ocrx_word' id='word_1_287' title='bbox 266 3572 458 3642; x_wconf 84' lang='lat' dir='ltr'><strong>quies,</strong></span> <span class='ocrx_word' id='word_1_288' title='bbox 504 3586 681 3627; x_wconf 88' lang='lat' dir='ltr'><strong>annon</strong></span> <span class='ocrx_word' id='word_1_289' title='bbox 722 3572 920 3643; x_wconf 89' lang='lat' dir='ltr'><strong>populo</strong></span> <span class='ocrx_word' id='word_1_290' title='bbox 960 3570 1012 3627; x_wconf 89' lang='lat' dir='ltr'><strong>id</strong></span> <span class='ocrx_word' id='word_1_291' title='bbox 1050 3573 1352 3628; x_wconf 86' lang='lat' dir='ltr'><strong>nuntiatum</strong></span> <span class='ocrx_word' id='word_1_292' title='bbox 1378 3571 1498 3627; x_wconf 82' lang='lat' dir='ltr'><strong>est?</strong></span> <span class='ocrx_word' id='word_1_293' title='bbox 1542 3570 1852 3627; x_wconf 87' lang='lat' dir='ltr'><strong>Nuntiatum</strong></span> 
     </span>
    </p>
   </div>
   <div class='ocr_carea' id='block_1_40' title="bbox 268 3662 1856 3733">
    <p class='ocr_par' dir='ltr' id='par_1_40' title="bbox 268 3662 1856 3733">
     <span class='ocr_line' id='line_1_40' title="bbox 268 3662 1856 3733; baseline 0 -17"><span class='ocrx_word' id='word_1_294' title='bbox 268 3662 483 3733; x_wconf 85' lang='lat' dir='ltr'><strong>quidem</strong></span> <span class='ocrx_word' id='word_1_295' title='bbox 510 3662 584 3717; x_wconf 91' lang='lat' dir='ltr'><strong>illi</strong></span> <span class='ocrx_word' id='word_1_296' title='bbox 614 3672 735 3732; x_wconf 87' lang='lat' dir='ltr'><strong>est,</strong></span> <span class='ocrx_word' id='word_1_297' title='bbox 776 3663 869 3720; x_wconf 87' lang='lat' dir='ltr'><strong>sed</strong></span> <span class='ocrx_word' id='word_1_298' title='bbox 911 3679 1016 3720; x_wconf 90' lang='lat' dir='ltr'><strong>non</strong></span> <span class='ocrx_word' id='word_1_299' title='bbox 1056 3663 1127 3719; x_wconf 91' lang='lat' dir='ltr'><strong>ita</strong></span> <span class='ocrx_word' id='word_1_300' title='bbox 1156 3664 1319 3721; x_wconf 85' lang='lat' dir='ltr'><strong>clare.</strong></span> <span class='ocrx_word' id='word_1_301' title='bbox 1349 3663 1482 3719; x_wconf 87' lang='lat' dir='ltr'><strong>Nam</strong></span> <span class='ocrx_word' id='word_1_302' title='bbox 1510 3664 1585 3718; x_wconf 86' lang='lat' dir='ltr'><strong>ait</strong></span> <span class='ocrx_word' id='word_1_303' title='bbox 1614 3681 1628 3718; x_wconf 89' lang='lat'><strong>:</strong></span> <span class='ocrx_word' id='word_1_304' title='bbox 1660 3662 1856 3718; x_wconf 87' lang='lat' dir='ltr'><strong>Solvite</strong></span> 
     </span>
    </p>
   </div>
   <div class='ocr_carea' id='block_1_41' title="bbox 266 3753 1850 3829">
    <p class='ocr_par' dir='ltr' id='par_1_41' title="bbox 266 3753 1850 3829">
     <span class='ocr_line' id='line_1_41' title="bbox 266 3753 1850 3829; baseline 0.001 -21"><span class='ocrx_word' id='word_1_305' title='bbox 266 3753 507 3825; x_wconf 75' lang='lat' dir='ltr'><strong>templum</strong></span> <span class='ocrx_word' id='word_1_306' title='bbox 544 3758 640 3809; x_wconf 83' lang='lat' dir='ltr'><strong>hoc</strong></span> <span class='ocrx_word' id='word_1_307' title='bbox 658 3795 675 3822; x_wconf 87' lang='lat'><strong>,</strong></span> <span class='ocrx_word' id='word_1_308' title='bbox 704 3756 824 3810; x_wconf 87' lang='lat' dir='ltr'><strong>etin</strong></span> <span class='ocrx_word' id='word_1_309' title='bbox 858 3756 1019 3811; x_wconf 86' lang='lat' dir='ltr'><strong>tribus</strong></span> <span class='ocrx_word' id='word_1_310' title='bbox 1045 3756 1219 3811; x_wconf 85' lang='lat' dir='ltr'><strong>diebus</strong></span> <span class='ocrx_word' id='word_1_311' title='bbox 1244 3756 1471 3812; x_wconf 74' lang='lat' dir='ltr'><strong>excitabo</strong></span> <span class='ocrx_word' id='word_1_312' title='bbox 1509 3756 1647 3821; x_wconf 9' lang='lat' dir='ltr'><strong>illud,</strong></span> <span class='ocrx_word' id='word_1_313' title='bbox 1670 3754 1850 3829; x_wconf 79' lang='lat' dir='ltr'><strong>(Joan.</strong></span> 
     </span>
    </p>
   </div>
   <div class='ocr_carea' id='block_1_42' title="bbox 265 3842 1852 3919">
    <p class='ocr_par' dir='ltr' id='par_1_42' title="bbox 265 3842 1852 3919">
     <span class='ocr_line' id='line_1_42' title="bbox 265 3842 1852 3919; baseline 0.003 -21"><span class='ocrx_word' id='word_1_314' title='bbox 265 3842 318 3898; x_wconf 74' lang='grc' dir='ltr'><strong>Ξ.</strong></span> <span class='ocrx_word' id='word_1_315' title='bbox 352 3843 466 3913; x_wconf 79' lang='grc'><strong>19);</strong></span> <span class='ocrx_word' id='word_1_316' title='bbox 489 3853 564 3912; x_wconf 91' lang='lat' dir='ltr'><strong>et,</strong></span> <span class='ocrx_word' id='word_1_317' title='bbox 585 3843 853 3900; x_wconf 78' lang='lat' dir='ltr'><strong>Generatio</strong></span> <span class='ocrx_word' id='word_1_318' title='bbox 879 3847 986 3901; x_wconf 71' lang='lat' dir='ltr'><strong>hac</strong></span> <span class='ocrx_word' id='word_1_319' title='bbox 1003 3848 1203 3918; x_wconf 82' lang='lat' dir='ltr'><strong>signum</strong></span> <span class='ocrx_word' id='word_1_320' title='bbox 1226 3848 1426 3917; x_wconf 72' lang='lat' dir='ltr'><strong>quierit,</strong></span> <span class='ocrx_word' id='word_1_321' title='bbox 1454 3858 1505 3902; x_wconf 88' lang='lat' dir='ltr'><strong>et</strong></span> <span class='ocrx_word' id='word_1_322' title='bbox 1530 3848 1729 3919; x_wconf 84' lang='lat' dir='ltr'><strong>signum</strong></span> <span class='ocrx_word' id='word_1_323' title='bbox 1750 3864 1852 3902; x_wconf 88' lang='lat' dir='ltr'><strong>non</strong></span> 
     </span>
    </p>
   </div>
   <div class='ocr_carea' id='block_1_43' title="bbox 265 3936 1849 4015">
    <p class='ocr_par' dir='ltr' id='par_1_43' title="bbox 265 3936 1849 4015">
     <span class='ocr_line' id='line_1_43' title="bbox 265 3936 1849 4015; baseline 0.003 -24"><span class='ocrx_word' id='word_1_324' title='bbox 265 3936 469 3991; x_wconf 79' lang='lat' dir='ltr'><strong>dabitur</strong></span> <span class='ocrx_word' id='word_1_325' title='bbox 490 3937 556 4005; x_wconf 88' lang='lat' dir='ltr'><strong>ei,</strong></span> <span class='ocrx_word' id='word_1_326' title='bbox 589 3938 687 3992; x_wconf 87' lang='lat' dir='ltr'><strong>nisi</strong></span> <span class='ocrx_word' id='word_1_327' title='bbox 705 3938 905 4011; x_wconf 68' lang='lat' dir='ltr'><strong>signum</strong></span> <span class='ocrx_word' id='word_1_328' title='bbox 928 3938 1079 3995; x_wconf 70' lang='lat' dir='ltr'><strong>Iona:</strong></span> <span class='ocrx_word' id='word_1_329' title='bbox 1098 3941 1359 4011; x_wconf 65' lang='lat' dir='ltr'><strong>prophetae</strong></span> <span class='ocrx_word' id='word_1_330' title='bbox 1383 3940 1596 4015; x_wconf 77' lang='lat' dir='ltr'><strong>(Matth.</strong></span> <span class='ocrx_word' id='word_1_331' title='bbox 1621 3940 1710 3997; x_wconf 73' lang='grc'><strong>12.</strong></span> <span class='ocrx_word' id='word_1_332' title='bbox 1734 3940 1849 4012; x_wconf 78' lang='grc'><strong>59);</strong></span> 
     </span>
    </p>
   </div>
   <div class='ocr_carea' id='block_1_44' title="bbox 264 4029 1855 4103">
    <p class='ocr_par' dir='ltr' id='par_1_44' title="bbox 264 4029 1855 4103">
     <span class='ocr_line' id='line_1_44' title="bbox 264 4029 1855 4103; baseline 0 -18"><span class='ocrx_word' id='word_1_333' title='bbox 264 4037 316 4085; x_wconf 86' lang='lat' dir='ltr'><strong>et</strong></span> <span class='ocrx_word' id='word_1_334' title='bbox 336 4044 567 4095; x_wconf 84' lang='lat' dir='ltr'><strong>rursum,</strong></span> <span class='ocrx_word' id='word_1_335' title='bbox 593 4029 773 4084; x_wconf 77' lang='lat' dir='ltr'><strong>Adhuc</strong></span> <span class='ocrx_word' id='word_1_336' title='bbox 799 4038 953 4100; x_wconf 79' lang='lat' dir='ltr'><strong>parvo</strong></span> <span class='ocrx_word' id='word_1_337' title='bbox 980 4040 1203 4103; x_wconf 85' lang='lat' dir='ltr'><strong>tempore</strong></span> <span class='ocrx_word' id='word_1_338' title='bbox 1226 4033 1477 4086; x_wconf 85' lang='lat' dir='ltr'><strong>vobiscum</strong></span> <span class='ocrx_word' id='word_1_339' title='bbox 1492 4049 1623 4097; x_wconf 88' lang='lat' dir='ltr'><strong>sum,</strong></span> <span class='ocrx_word' id='word_1_340' title='bbox 1652 4040 1855 4102; x_wconf 72' lang='lat' dir='ltr'><strong>etquie-</strong></span> 
     </span>
    </p>
   </div>
   <div class='ocr_carea' id='block_1_45' title="bbox 265 4120 1852 4197">
    <p class='ocr_par' dir='ltr' id='par_1_45' title="bbox 265 4120 1852 4197">
     <span class='ocr_line' id='line_1_45' title="bbox 265 4120 1852 4197; baseline 0.005 -24"><span class='ocrx_word' id='word_1_341' title='bbox 265 4120 387 4174; x_wconf 87' lang='lat' dir='ltr'><strong>retis</strong></span> <span class='ocrx_word' id='word_1_342' title='bbox 413 4136 512 4186; x_wconf 87' lang='lat' dir='ltr'><strong>me,</strong></span> <span class='ocrx_word' id='word_1_343' title='bbox 544 4129 592 4176; x_wconf 90' lang='lat' dir='ltr'><strong>et</strong></span> <span class='ocrx_word' id='word_1_344' title='bbox 613 4137 717 4176; x_wconf 85' lang='lat' dir='ltr'><strong>non</strong></span> <span class='ocrx_word' id='word_1_345' title='bbox 746 4122 1003 4178; x_wconf 78' lang='lat' dir='ltr'><strong>invenietis</strong></span> <span class='ocrx_word' id='word_1_346' title='bbox 1035 4122 1216 4195; x_wconf 81' lang='lat' dir='ltr'><strong>(Joan.</strong></span> <span class='ocrx_word' id='word_1_347' title='bbox 1246 4124 1299 4180; x_wconf 87' lang='lat'><strong>7.</strong></span> <span class='ocrx_word' id='word_1_348' title='bbox 1327 4125 1416 4183; x_wconf 77' lang='lat'><strong>33.</strong></span> <span class='ocrx_word' id='word_1_349' title='bbox 1442 4124 1558 4197; x_wconf 72' lang='lat'><strong>34);</strong></span> <span class='ocrx_word' id='word_1_350' title='bbox 1582 4124 1852 4194; x_wconf 89' lang='lat' dir='ltr'><strong>discipulis</strong></span> 
     </span>
    </p>
   </div>
   <div class='ocr_carea' id='block_1_46' title="bbox 266 4211 1850 4282">
    <p class='ocr_par' dir='ltr' id='par_1_46' title="bbox 266 4211 1850 4282">
     <span class='ocr_line' id='line_1_46' title="bbox 266 4211 1850 4282; baseline 0.004 -18"><span class='ocrx_word' id='word_1_351' title='bbox 266 4224 393 4265; x_wconf 88' lang='lat' dir='ltr'><strong>vero</strong></span> <span class='ocrx_word' id='word_1_352' title='bbox 422 4226 531 4265; x_wconf 91' lang='lat' dir='ltr'><strong>non</strong></span> <span class='ocrx_word' id='word_1_353' title='bbox 559 4211 658 4280; x_wconf 92' lang='lat' dir='ltr'><strong>sic,</strong></span> <span class='ocrx_word' id='word_1_354' title='bbox 688 4212 782 4267; x_wconf 85' lang='lat' dir='ltr'><strong>sed</strong></span> <span class='ocrx_word' id='word_1_355' title='bbox 799 4213 936 4269; x_wconf 86' lang='lat' dir='ltr'><strong>sicut</strong></span> <span class='ocrx_word' id='word_1_356' title='bbox 962 4215 1065 4269; x_wconf 89' lang='lat' dir='ltr'><strong>alia</strong></span> <span class='ocrx_word' id='word_1_357' title='bbox 1087 4214 1283 4271; x_wconf 89' lang='lat' dir='ltr'><strong>clarius</strong></span> <span class='ocrx_word' id='word_1_358' title='bbox 1308 4215 1539 4282; x_wconf 80' lang='lat' dir='ltr'><strong>dixerat,</strong></span> <span class='ocrx_word' id='word_1_359' title='bbox 1568 4217 1645 4271; x_wconf 92' lang='lat' dir='ltr'><strong>sic</strong></span> <span class='ocrx_word' id='word_1_360' title='bbox 1671 4224 1729 4274; x_wconf 91' lang='lat' dir='ltr'><strong>et</strong></span> <span class='ocrx_word' id='word_1_361' title='bbox 1752 4216 1850 4271; x_wconf 90' lang='lat' dir='ltr'><strong>ista</strong></span> 
     </span>
    </p>
   </div>
   <div class='ocr_carea' id='block_1_47' title="bbox 261 4300 1850 4373">
    <p class='ocr_par' dir='ltr' id='par_1_47' title="bbox 261 4300 1850 4373">
     <span class='ocr_line' id='line_1_47' title="bbox 261 4300 1850 4373; baseline 0.006 -17"><span class='ocrx_word' id='word_1_362' title='bbox 261 4300 521 4357; x_wconf 80' lang='lat' dir='ltr'><strong>narravit.</strong></span> <span class='ocrx_word' id='word_1_363' title='bbox 544 4300 650 4358; x_wconf 92' lang='lat' dir='ltr'><strong>Sed</strong></span> <span class='ocrx_word' id='word_1_364' title='bbox 671 4317 768 4359; x_wconf 90' lang='lat' dir='ltr'><strong>cur</strong></span> <span class='ocrx_word' id='word_1_365' title='bbox 794 4303 1002 4363; x_wconf 87' lang='lat' dir='ltr'><strong>dicebat</strong></span> <span class='ocrx_word' id='word_1_366' title='bbox 1022 4348 1039 4373; x_wconf 91' lang='lat'><strong>,</strong></span> <span class='ocrx_word' id='word_1_367' title='bbox 1079 4307 1123 4362; x_wconf 90' lang='lat' dir='ltr'><strong>si</strong></span> <span class='ocrx_word' id='word_1_368' title='bbox 1148 4306 1431 4363; x_wconf 90' lang='lat' dir='ltr'><strong>multitudo</strong></span> <span class='ocrx_word' id='word_1_369' title='bbox 1458 4309 1560 4364; x_wconf 88' lang='lat' dir='ltr'><strong>vim</strong></span> <span class='ocrx_word' id='word_1_370' title='bbox 1583 4308 1850 4365; x_wconf 89' lang='lat' dir='ltr'><strong>dictorum</strong></span> 
     </span>
    </p>
   </div>
   <div class='ocr_carea' id='block_1_48' title="bbox 260 4393 1849 4473">
    <p class='ocr_par' dir='ltr' id='par_1_48' title="bbox 260 4393 1849 4473">
     <span class='ocr_line' id='line_1_48' title="bbox 260 4393 1849 4473; baseline 0.006 -26"><span class='ocrx_word' id='word_1_371' title='bbox 260 4408 371 4467; x_wconf 86' lang='lat' dir='ltr'><strong>non</strong></span> <span class='ocrx_word' id='word_1_372' title='bbox 417 4393 775 4465; x_wconf 82' lang='lat' dir='ltr'><strong>intelligebat?</strong></span> <span class='ocrx_word' id='word_1_373' title='bbox 806 4396 872 4453; x_wconf 89' lang='lat' dir='ltr'><strong>Ut</strong></span> <span class='ocrx_word' id='word_1_374' title='bbox 919 4408 1101 4467; x_wconf 89' lang='lat' dir='ltr'><strong>postea</strong></span> <span class='ocrx_word' id='word_1_375' title='bbox 1126 4399 1427 4466; x_wconf 90' lang='lat' dir='ltr'><strong>discerent,</strong></span> <span class='ocrx_word' id='word_1_376' title='bbox 1458 4416 1580 4456; x_wconf 89' lang='lat' dir='ltr'><strong>eum</strong></span> <span class='ocrx_word' id='word_1_377' title='bbox 1608 4409 1664 4457; x_wconf 84' lang='lat' dir='ltr'><strong>et</strong></span> <span class='ocrx_word' id='word_1_378' title='bbox 1706 4416 1849 4473; x_wconf 69' lang='lat' dir='ltr'><strong>prce-</strong></span> 
     </span>
    </p>
   </div>
   <div class='ocr_carea' id='block_1_49' title="bbox 260 4486 1852 4565">
    <p class='ocr_par' dir='ltr' id='par_1_49' title="bbox 260 4486 1852 4565">
     <span class='ocr_line' id='line_1_49' title="bbox 260 4486 1852 4565; baseline 0.004 -23"><span class='ocrx_word' id='word_1_379' title='bbox 260 4486 520 4542; x_wconf 87' lang='lat' dir='ltr'><strong>scientem</strong></span> <span class='ocrx_word' id='word_1_380' title='bbox 543 4496 597 4543; x_wconf 90' lang='lat' dir='ltr'><strong>et</strong></span> <span class='ocrx_word' id='word_1_381' title='bbox 622 4487 875 4545; x_wconf 86' lang='lat' dir='ltr'><strong>libentem</strong></span> <span class='ocrx_word' id='word_1_382' title='bbox 906 4490 971 4545; x_wconf 90' lang='lat' dir='ltr'><strong>ad</strong></span> <span class='ocrx_word' id='word_1_383' title='bbox 996 4492 1295 4561; x_wconf 87' lang='lat' dir='ltr'><strong>passionem</strong></span> <span class='ocrx_word' id='word_1_384' title='bbox 1318 4494 1546 4559; x_wconf 89' lang='lat' dir='ltr'><strong>venisse,</strong></span> <span class='ocrx_word' id='word_1_385' title='bbox 1571 4511 1675 4553; x_wconf 88' lang='lat' dir='ltr'><strong>non</strong></span> <span class='ocrx_word' id='word_1_386' title='bbox 1704 4496 1852 4565; x_wconf 86' lang='lat' dir='ltr'><strong>igno-</strong></span> 
     </span>
    </p>
   </div>
   <div class='ocr_carea' id='block_1_50' title="bbox 262 4578 1848 4653">
    <p class='ocr_par' dir='ltr' id='par_1_50' title="bbox 262 4578 1848 4653">
     <span class='ocr_line' id='line_1_50' title="bbox 262 4578 1848 4653; baseline 0.006 -22"><span class='ocrx_word' id='word_1_387' title='bbox 262 4586 470 4632; x_wconf 90' lang='lat' dir='ltr'><strong>rantem</strong></span> <span class='ocrx_word' id='word_1_388' title='bbox 505 4578 591 4634; x_wconf 87' lang='lat' dir='ltr'><strong>vel</strong></span> <span class='ocrx_word' id='word_1_389' title='bbox 628 4589 892 4635; x_wconf 89' lang='lat' dir='ltr'><strong>coactum.</strong></span> <span class='ocrx_word' id='word_1_390' title='bbox 927 4581 1208 4653; x_wconf 90' lang='lat' dir='ltr'><strong>Discipulis</strong></span> <span class='ocrx_word' id='word_1_391' title='bbox 1232 4599 1362 4641; x_wconf 90' lang='lat' dir='ltr'><strong>vero</strong></span> <span class='ocrx_word' id='word_1_392' title='bbox 1395 4600 1501 4640; x_wconf 88' lang='lat' dir='ltr'><strong>non</strong></span> <span class='ocrx_word' id='word_1_393' title='bbox 1530 4584 1650 4641; x_wconf 88' lang='lat' dir='ltr'><strong>ideo</strong></span> <span class='ocrx_word' id='word_1_394' title='bbox 1675 4586 1848 4641; x_wconf 84' lang='lat' dir='ltr'><strong>solum</strong></span> 
     </span>
    </p>
   </div>
   <div class='ocr_carea' id='block_1_51' title="bbox 261 4666 1849 4746">
    <p class='ocr_par' dir='ltr' id='par_1_51' title="bbox 261 4666 1849 4746">
     <span class='ocr_line' id='line_1_51' title="bbox 261 4666 1849 4746; baseline 0.006 -26"><span class='ocrx_word' id='word_1_395' title='bbox 261 4666 529 4737; x_wconf 66' lang='lat' dir='ltr'><strong>pradixit,</strong></span> <span class='ocrx_word' id='word_1_396' title='bbox 553 4667 650 4725; x_wconf 86' lang='lat' dir='ltr'><strong>sed</strong></span> <span class='ocrx_word' id='word_1_397' title='bbox 672 4710 687 4735; x_wconf 92' lang='lat'><strong>,</strong></span> <span class='ocrx_word' id='word_1_398' title='bbox 721 4669 861 4741; x_wconf 88' lang='lat' dir='ltr'><strong>quod</strong></span> <span class='ocrx_word' id='word_1_399' title='bbox 899 4671 1011 4741; x_wconf 91' lang='lat' dir='ltr'><strong>jam</strong></span> <span class='ocrx_word' id='word_1_400' title='bbox 1039 4673 1182 4739; x_wconf 91' lang='lat' dir='ltr'><strong>dixi,</strong></span> <span class='ocrx_word' id='word_1_401' title='bbox 1228 4682 1285 4729; x_wconf 91' lang='lat' dir='ltr'><strong>ut</strong></span> <span class='ocrx_word' id='word_1_402' title='bbox 1322 4676 1719 4746; x_wconf 86' lang='lat' dir='ltr'><strong>exspectatione</strong></span> <span class='ocrx_word' id='word_1_403' title='bbox 1758 4675 1849 4730; x_wconf 89' lang='lat' dir='ltr'><strong>illa</strong></span> 
     </span>
    </p>
   </div>
   <div class='ocr_carea' id='block_1_52' title="bbox 259 4757 1847 4832">
    <p class='ocr_par' dir='ltr' id='par_1_52' title="bbox 259 4757 1847 4832">
     <span class='ocr_line' id='line_1_52' title="bbox 259 4757 1847 4832; baseline 0.006 -21"><span class='ocrx_word' id='word_1_404' title='bbox 259 4757 568 4825; x_wconf 80' lang='lat' dir='ltr'><strong>exercitati,</strong></span> <span class='ocrx_word' id='word_1_405' title='bbox 617 4758 824 4815; x_wconf 80' lang='lat' dir='ltr'><strong>facilius</strong></span> <span class='ocrx_word' id='word_1_406' title='bbox 869 4763 1172 4831; x_wconf 85' lang='lat' dir='ltr'><strong>passionem</strong></span> <span class='ocrx_word' id='word_1_407' title='bbox 1216 4762 1417 4819; x_wconf 82' lang='lat' dir='ltr'><strong>{errent</strong></span> <span class='ocrx_word' id='word_1_408' title='bbox 1444 4806 1459 4832; x_wconf 96' lang='lat'><strong>,</strong></span> <span class='ocrx_word' id='word_1_409' title='bbox 1506 4782 1571 4820; x_wconf 91' lang='lat' dir='ltr'><strong>ne</strong></span> <span class='ocrx_word' id='word_1_410' title='bbox 1596 4766 1639 4821; x_wconf 90' lang='lat' dir='ltr'><strong>si</strong></span> <span class='ocrx_word' id='word_1_411' title='bbox 1694 4765 1847 4821; x_wconf 87' lang='lat' dir='ltr'><strong>inex-</strong></span> 
     </span>
    </p>
   </div>
   <div class='ocr_carea' id='block_1_53' title="bbox 260 4851 1851 4927">
    <p class='ocr_par' dir='ltr' id='par_1_53' title="bbox 260 4851 1851 4927">
     <span class='ocr_line' id='line_1_53' title="bbox 260 4851 1851 4927; baseline 0.006 -23"><span class='ocrx_word' id='word_1_412' title='bbox 260 4858 498 4920; x_wconf 84' lang='lat' dir='ltr'><strong>spectata</strong></span> <span class='ocrx_word' id='word_1_413' title='bbox 525 4851 843 4920; x_wconf 81' lang='lat' dir='ltr'><strong>accidisset,</strong></span> <span class='ocrx_word' id='word_1_414' title='bbox 872 4854 988 4910; x_wconf 87' lang='lat' dir='ltr'><strong>illos</strong></span> <span class='ocrx_word' id='word_1_415' title='bbox 1013 4856 1297 4912; x_wconf 85' lang='lat' dir='ltr'><strong>admodum</strong></span> <span class='ocrx_word' id='word_1_416' title='bbox 1324 4857 1676 4927; x_wconf 83' lang='lat' dir='ltr'><strong>perturbaret.</strong></span> <span class='ocrx_word' id='word_1_417' title='bbox 1707 4859 1851 4927; x_wconf 82' lang='lat' dir='ltr'><strong>Qua-</strong></span> 
     </span>
    </p>
   </div>
   <div class='ocr_carea' id='block_1_54' title="bbox 261 4942 1845 5021">
    <p class='ocr_par' dir='ltr' id='par_1_54' title="bbox 261 4942 1845 5021">
     <span class='ocr_line' id='line_1_54' title="bbox 261 4942 1845 5021; baseline 0.008 -27"><span class='ocrx_word' id='word_1_418' title='bbox 261 4949 483 5010; x_wconf 90' lang='lat' dir='ltr'><strong>propter</strong></span> <span class='ocrx_word' id='word_1_419' title='bbox 529 4942 679 4998; x_wconf 89' lang='lat' dir='ltr'><strong>initio</strong></span> <span class='ocrx_word' id='word_1_420' title='bbox 722 4957 949 5005; x_wconf 83' lang='lat' dir='ltr'><strong>mortem</strong></span> <span class='ocrx_word' id='word_1_421' title='bbox 990 4956 1194 5002; x_wconf 89' lang='lat' dir='ltr'><strong>tantum</strong></span> <span class='ocrx_word' id='word_1_422' title='bbox 1237 4949 1515 5018; x_wconf 69' lang='lat' dir='ltr'><strong>prmdixit;</strong></span> <span class='ocrx_word' id='word_1_423' title='bbox 1569 4960 1845 5021; x_wconf 87' lang='lat' dir='ltr'><strong>postquam</strong></span> 
     </span>
    </p>
   </div>
   <div class='ocr_carea' id='block_1_55' title="bbox 262 5033 1849 5117">
    <p class='ocr_par' dir='ltr' id='par_1_55' title="bbox 262 5033 1849 5117">
     <span class='ocr_line' id='line_1_55' title="bbox 262 5033 1849 5117; baseline 0.007 -30"><span class='ocrx_word' id='word_1_424' title='bbox 262 5042 439 5091; x_wconf 90' lang='lat' dir='ltr'><strong>autem</strong></span> <span class='ocrx_word' id='word_1_425' title='bbox 473 5033 576 5091; x_wconf 85' lang='lat' dir='ltr'><strong>hoc</strong></span> <span class='ocrx_word' id='word_1_426' title='bbox 600 5036 839 5091; x_wconf 87' lang='lat' dir='ltr'><strong>meditati</strong></span> <span class='ocrx_word' id='word_1_427' title='bbox 866 5048 920 5093; x_wconf 91' lang='lat' dir='ltr'><strong>et</strong></span> <span class='ocrx_word' id='word_1_428' title='bbox 946 5038 997 5094; x_wconf 94' lang='lat' dir='ltr'><strong>in</strong></span> <span class='ocrx_word' id='word_1_429' title='bbox 1029 5039 1111 5093; x_wconf 92' lang='lat' dir='ltr'><strong>his</strong></span> <span class='ocrx_word' id='word_1_430' title='bbox 1134 5040 1411 5117; x_wconf 73' lang='lat' dir='ltr'><strong>exercitati</strong></span> <span class='ocrx_word' id='word_1_431' title='bbox 1436 5041 1660 5107; x_wconf 81' lang='lat' dir='ltr'><strong>fuerant,</strong></span> <span class='ocrx_word' id='word_1_432' title='bbox 1689 5053 1849 5099; x_wconf 72' lang='lat' dir='ltr'><strong>caete—</strong></span> 
     </span>
    </p>
   </div>
   <div class='ocr_carea' id='block_1_56' title="bbox 262 5127 1847 5206">
    <p class='ocr_par' dir='ltr' id='par_1_56' title="bbox 262 5127 1847 5206">
     <span class='ocr_line' id='line_1_56' title="bbox 262 5127 1847 5206; baseline 0.008 -27"><span class='ocrx_word' id='word_1_433' title='bbox 262 5138 321 5179; x_wconf 85' lang='lat' dir='ltr'><strong>ra</strong></span> <span class='ocrx_word' id='word_1_434' title='bbox 350 5127 530 5181; x_wconf 83' lang='lat' dir='ltr'><strong>omnia</strong></span> <span class='ocrx_word' id='word_1_435' title='bbox 558 5128 785 5198; x_wconf 86' lang='lat' dir='ltr'><strong>adjecit;</strong></span> <span class='ocrx_word' id='word_1_436' title='bbox 817 5133 1045 5202; x_wconf 78' lang='lat' dir='ltr'><strong>exempli</strong></span> <span class='ocrx_word' id='word_1_437' title='bbox 1071 5148 1229 5189; x_wconf 87' lang='lat' dir='ltr'><strong>causa</strong></span> <span class='ocrx_word' id='word_1_438' title='bbox 1261 5151 1274 5187; x_wconf 90' lang='lat'><strong>:</strong></span> <span class='ocrx_word' id='word_1_439' title='bbox 1303 5133 1533 5190; x_wconf 87' lang='lat' dir='ltr'><strong>Tradeut</strong></span> <span class='ocrx_word' id='word_1_440' title='bbox 1567 5151 1686 5191; x_wconf 91' lang='lat' dir='ltr'><strong>eum</strong></span> <span class='ocrx_word' id='word_1_441' title='bbox 1718 5152 1847 5206; x_wconf 87' lang='lat' dir='ltr'><strong>geu-</strong></span> 
     </span>
    </p>
   </div>
   <div class='ocr_carea' id='block_1_57' title="bbox 262 5216 1844 5293">
    <p class='ocr_par' dir='ltr' id='par_1_57' title="bbox 262 5216 1844 5293">
     <span class='ocr_line' id='line_1_57' title="bbox 262 5216 1844 5293; baseline 0.009 -23"><span class='ocrx_word' id='word_1_442' title='bbox 262 5216 423 5283; x_wconf 84' lang='lat' dir='ltr'><strong>tibus,</strong></span> <span class='ocrx_word' id='word_1_443' title='bbox 452 5218 706 5286; x_wconf 87' lang='lat' dir='ltr'><strong>illudent,</strong></span> <span class='ocrx_word' id='word_1_444' title='bbox 738 5220 1114 5293; x_wconf 81' lang='lat' dir='ltr'><strong>ﬂagellabunt:</strong></span> <span class='ocrx_word' id='word_1_445' title='bbox 1141 5234 1248 5280; x_wconf 93' lang='lat' dir='ltr'><strong>tum</strong></span> <span class='ocrx_word' id='word_1_446' title='bbox 1290 5225 1388 5281; x_wconf 90' lang='lat' dir='ltr'><strong>hac</strong></span> <span class='ocrx_word' id='word_1_447' title='bbox 1416 5226 1483 5282; x_wconf 88' lang='lat' dir='ltr'><strong>de</strong></span> <span class='ocrx_word' id='word_1_448' title='bbox 1507 5242 1664 5282; x_wconf 88' lang='lat' dir='ltr'><strong>causa</strong></span> <span class='ocrx_word' id='word_1_449' title='bbox 1686 5269 1699 5292; x_wconf 92' lang='lat'><strong>,</strong></span> <span class='ocrx_word' id='word_1_450' title='bbox 1734 5238 1844 5285; x_wconf 91' lang='lat' dir='ltr'><strong>tum</strong></span> 
     </span>
    </p>
   </div>
   <div class='ocr_carea' id='block_1_58' title="bbox 262 5311 1845 5383">
    <p class='ocr_par' dir='ltr' id='par_1_58' title="bbox 262 5311 1845 5383">
     <span class='ocr_line' id='line_1_58' title="bbox 262 5311 1845 5383; baseline 0.008 -19"><span class='ocrx_word' id='word_1_451' title='bbox 262 5311 422 5365; x_wconf 75' lang='lat' dir='ltr'><strong>etiam</strong></span> <span class='ocrx_word' id='word_1_452' title='bbox 446 5353 462 5377; x_wconf 93' lang='lat'><strong>,</strong></span> <span class='ocrx_word' id='word_1_453' title='bbox 494 5320 554 5366; x_wconf 92' lang='lat' dir='ltr'><strong>ut</strong></span> <span class='ocrx_word' id='word_1_454' title='bbox 583 5327 713 5370; x_wconf 86' lang='lat' dir='ltr'><strong>cum</strong></span> <span class='ocrx_word' id='word_1_455' title='bbox 736 5314 849 5369; x_wconf 71' lang='lat' dir='ltr'><strong>lucc</strong></span> <span class='ocrx_word' id='word_1_456' title='bbox 890 5316 1059 5371; x_wconf 86' lang='lat' dir='ltr'><strong>tristia</strong></span> <span class='ocrx_word' id='word_1_457' title='bbox 1085 5317 1363 5383; x_wconf 89' lang='lat' dir='ltr'><strong>viderent,</strong></span> <span class='ocrx_word' id='word_1_458' title='bbox 1396 5320 1845 5381; x_wconf 89' lang='lat' dir='ltr'><strong>resurrectionem</strong></span> 
     </span>
    </p>
   </div>
   <div class='ocr_carea' id='block_1_59' title="bbox 262 5404 1845 5477">
    <p class='ocr_par' dir='ltr' id='par_1_59' title="bbox 262 5404 1845 5477">
     <span class='ocr_line' id='line_1_59' title="bbox 262 5404 1845 5477; baseline 0.005 -19"><span class='ocrx_word' id='word_1_459' title='bbox 262 5411 658 5470; x_wconf 79' lang='lat' dir='ltr'><strong>exspectarent.</strong></span> <span class='ocrx_word' id='word_1_460' title='bbox 686 5404 817 5461; x_wconf 79' lang='lat' dir='ltr'><strong>Nam</strong></span> <span class='ocrx_word' id='word_1_461' title='bbox 844 5408 930 5476; x_wconf 86' lang='lat' dir='ltr'><strong>qui</strong></span> <span class='ocrx_word' id='word_1_462' title='bbox 958 5406 1148 5474; x_wconf 89' lang='lat' dir='ltr'><strong>tristia,</strong></span> <span class='ocrx_word' id='word_1_463' title='bbox 1180 5414 1235 5464; x_wconf 89' lang='lat' dir='ltr'><strong>et</strong></span> <span class='ocrx_word' id='word_1_464' title='bbox 1258 5422 1376 5477; x_wconf 80' lang='lat' dir='ltr'><strong>quae</strong></span> <span class='ocrx_word' id='word_1_465' title='bbox 1407 5407 1664 5477; x_wconf 89' lang='lat' dir='ltr'><strong>probrosa</strong></span> <span class='ocrx_word' id='word_1_466' title='bbox 1696 5408 1845 5466; x_wconf 84' lang='lat' dir='ltr'><strong>vide-</strong></span> 
     </span>
    </p>
   </div>
   <div class='ocr_carea' id='block_1_60' title="bbox 262 5492 1846 5572">
    <p class='ocr_par' dir='ltr' id='par_1_60' title="bbox 262 5492 1846 5572">
     <span class='ocr_line' id='line_1_60' title="bbox 262 5492 1846 5572; baseline 0.008 -25"><span class='ocrx_word' id='word_1_467' title='bbox 262 5492 495 5562; x_wconf 81' lang='lat' dir='ltr'><strong>bantur,</strong></span> <span class='ocrx_word' id='word_1_468' title='bbox 537 5512 644 5552; x_wconf 88' lang='lat' dir='ltr'><strong>non</strong></span> <span class='ocrx_word' id='word_1_469' title='bbox 676 5498 1067 5566; x_wconf 74' lang='lat' dir='ltr'><strong>occultaverat,</strong></span> <span class='ocrx_word' id='word_1_470' title='bbox 1091 5498 1212 5570; x_wconf 88' lang='lat' dir='ltr'><strong>jure</strong></span> <span class='ocrx_word' id='word_1_471' title='bbox 1236 5499 1378 5555; x_wconf 75' lang='lat' dir='ltr'><strong>circa</strong></span> <span class='ocrx_word' id='word_1_472' title='bbox 1423 5514 1675 5572; x_wconf 87' lang='lat' dir='ltr'><strong>prospera</strong></span> <span class='ocrx_word' id='word_1_473' title='bbox 1728 5516 1846 5560; x_wconf 87' lang='lat' dir='ltr'><strong>cre-</strong></span> 
     </span>
    </p>
   </div>
   <div class='ocr_carea' id='block_1_61' title="bbox 262 5580 1845 5651">
    <p class='ocr_par' dir='ltr' id='par_1_61' title="bbox 262 5580 1845 5651">
     <span class='ocr_line' id='line_1_61' title="bbox 262 5580 1845 5651; baseline -0.003 -13"><span class='ocrx_word' id='word_1_474' title='bbox 262 5583 475 5639; x_wconf 80' lang='lat' dir='ltr'><strong>dendus</strong></span> <span class='ocrx_word' id='word_1_475' title='bbox 499 5592 637 5639; x_wconf 87' lang='lat' dir='ltr'><strong>erat.</strong></span> <span class='ocrx_word' id='word_1_476' title='bbox 656 5580 936 5651; x_wconf 83' lang='lat' dir='ltr'><strong>Perpende</strong></span> <span class='ocrx_word' id='word_1_477' title='bbox 957 5580 1439 5649; x_wconf 87' lang='lat' dir='ltr'><strong>autem,quomodo</strong></span> <span class='ocrx_word' id='word_1_478' title='bbox 1464 5581 1722 5650; x_wconf 89' lang='lat' dir='ltr'><strong>temporis</strong></span> <span class='ocrx_word' id='word_1_479' title='bbox 1747 5595 1845 5651; x_wconf 90' lang='lat' dir='ltr'><strong>op-</strong></span> 
     </span>
    </p>
   </div>
   <div class='ocr_carea' id='block_1_62' title="bbox 264 5671 1847 5744">
    <p class='ocr_par' dir='ltr' id='par_1_62' title="bbox 264 5671 1847 5744">
     <span class='ocr_line' id='line_1_62' title="bbox 264 5671 1847 5744; baseline 0.001 -15"><span class='ocrx_word' id='word_1_480' title='bbox 264 5676 649 5744; x_wconf 85' lang='lat' dir='ltr'><strong>portunitatem</strong></span> <span class='ocrx_word' id='word_1_481' title='bbox 694 5674 967 5730; x_wconf 80' lang='lat' dir='ltr'><strong>observet.</strong></span> <span class='ocrx_word' id='word_1_482' title='bbox 1012 5671 1128 5729; x_wconf 82' lang='lat' dir='ltr'><strong>Non</strong></span> <span class='ocrx_word' id='word_1_483' title='bbox 1168 5673 1315 5729; x_wconf 89' lang='lat' dir='ltr'><strong>enim</strong></span> <span class='ocrx_word' id='word_1_484' title='bbox 1362 5673 1433 5729; x_wconf 90' lang='lat' dir='ltr'><strong>ab</strong></span> <span class='ocrx_word' id='word_1_485' title='bbox 1471 5673 1627 5729; x_wconf 92' lang='lat' dir='ltr'><strong>initio</strong></span> <span class='ocrx_word' id='word_1_486' title='bbox 1657 5672 1709 5728; x_wconf 93' lang='lat' dir='ltr'><strong>id</strong></span> <span class='ocrx_word' id='word_1_487' title='bbox 1741 5672 1847 5730; x_wconf 86' lang='lat' dir='ltr'><strong>illis</strong></span> 
     </span>
    </p>
   </div>
   <div class='ocr_carea' id='block_1_63' title="bbox 263 5763 1835 5837">
    <p class='ocr_par' dir='ltr' id='par_1_63' title="bbox 263 5763 1835 5837">
     <span class='ocr_line' id='line_1_63' title="bbox 263 5763 1835 5837; baseline -0.001 -16"><span class='ocrx_word' id='word_1_488' title='bbox 263 5766 397 5823; x_wconf 85' lang='lat' dir='ltr'><strong>dixit</strong></span> <span class='ocrx_word' id='word_1_489' title='bbox 451 5784 518 5824; x_wconf 89' lang='lat' dir='ltr'><strong>ne</strong></span> <span class='ocrx_word' id='word_1_490' title='bbox 568 5767 839 5829; x_wconf 81' lang='lat' dir='ltr'><strong>turbaret;</strong></span> <span class='ocrx_word' id='word_1_491' title='bbox 879 5779 1053 5831; x_wconf 82' lang='lat' dir='ltr'><strong>neque</strong></span> <span class='ocrx_word' id='word_1_492' title='bbox 1102 5763 1158 5821; x_wconf 85' lang='lat' dir='ltr'><strong>in</strong></span> <span class='ocrx_word' id='word_1_493' title='bbox 1208 5764 1325 5831; x_wconf 86' lang='lat' dir='ltr'><strong>ipso</strong></span> <span class='ocrx_word' id='word_1_494' title='bbox 1380 5773 1649 5837; x_wconf 82' lang='lat' dir='ltr'><strong>tempore,</strong></span> <span class='ocrx_word' id='word_1_495' title='bbox 1680 5780 1750 5822; x_wconf 91' lang='lat' dir='ltr'><strong>uc</strong></span> <span class='ocrx_word' id='word_1_496' title='bbox 1784 5765 1835 5820; x_wconf 94' lang='lat' dir='ltr'><strong>iu</strong></span> 
     </span>
    </p>
   </div>
   <div class='ocr_carea' id='block_1_64' title="bbox 1978 1009 3561 1091">
    <p class='ocr_par' dir='ltr' id='par_1_64' title="bbox 1978 1009 3561 1091">
     <span class='ocr_line' id='line_1_64' title="bbox 1978 1009 3561 1091; baseline 0.01 -30"><span class='ocrx_word' id='word_1_497' title='bbox 1978 1021 2264 1063; x_wconf 66' lang='lat' dir='ltr'><strong>maerorem</strong></span> <span class='ocrx_word' id='word_1_498' title='bbox 2293 1009 2604 1079; x_wconf 84' lang='lat' dir='ltr'><strong>conjiceret;</strong></span> <span class='ocrx_word' id='word_1_499' title='bbox 2623 1012 2715 1067; x_wconf 89' lang='lat' dir='ltr'><strong>sed</strong></span> <span class='ocrx_word' id='word_1_500' title='bbox 2738 1023 3015 1085; x_wconf 86' lang='lat' dir='ltr'><strong>postquam</strong></span> <span class='ocrx_word' id='word_1_501' title='bbox 3048 1018 3295 1076; x_wconf 86' lang='lat' dir='ltr'><strong>idoneam</strong></span> <span class='ocrx_word' id='word_1_502' title='bbox 3325 1034 3561 1091; x_wconf 61' lang='lat' dir='ltr'><strong>[intesta-</strong></span> 
     </span>
    </p>
   </div>
   <div class='ocr_carea' id='block_1_65' title="bbox 1979 1096 3569 1181">
    <p class='ocr_par' dir='ltr' id='par_1_65' title="bbox 1979 1096 3569 1181">
     <span class='ocr_line' id='line_1_65' title="bbox 1979 1096 3569 1181; baseline 0.01 -30"><span class='ocrx_word' id='word_1_503' title='bbox 1979 1096 2046 1151; x_wconf 87' lang='lat' dir='ltr'><strong>tis</strong></span> <span class='ocrx_word' id='word_1_504' title='bbox 2080 1098 2244 1167; x_wconf 88' lang='lat' dir='ltr'><strong>ipsius</strong></span> <span class='ocrx_word' id='word_1_505' title='bbox 2274 1102 2656 1169; x_wconf 83' lang='lat' dir='ltr'><strong>experientiam</strong></span> <span class='ocrx_word' id='word_1_506' title='bbox 2687 1116 3023 1174; x_wconf 82' lang='lat' dir='ltr'><strong>acceperant,</strong></span> <span class='ocrx_word' id='word_1_507' title='bbox 3049 1123 3170 1163; x_wconf 91' lang='lat' dir='ltr'><strong>cum</strong></span> <span class='ocrx_word' id='word_1_508' title='bbox 3199 1127 3417 1181; x_wconf 85' lang='lat' dir='ltr'><strong>magnas</strong></span> <span class='ocrx_word' id='word_1_509' title='bbox 3446 1115 3569 1167; x_wconf 71' lang='lat' dir='ltr'><strong>vita:</strong></span> 
     </span>
    </p>
   </div>
   <div class='ocr_carea' id='block_1_66' title="bbox 1976 1192 3562 1263">
    <p class='ocr_par' dir='ltr' id='par_1_66' title="bbox 1976 1192 3562 1263">
     <span class='ocr_line' id='line_1_66' title="bbox 1976 1192 3562 1263; baseline 0.009 -19"><span class='ocrx_word' id='word_1_510' title='bbox 1976 1199 2191 1246; x_wconf 70' lang='lat' dir='ltr'><strong>mterna:</strong></span> <span class='ocrx_word' id='word_1_511' title='bbox 2214 1192 2598 1263; x_wconf 89' lang='lat' dir='ltr'><strong>promissiones</strong></span> <span class='ocrx_word' id='word_1_512' title='bbox 2612 1193 2785 1259; x_wconf 89' lang='lat' dir='ltr'><strong>daret,</strong></span> <span class='ocrx_word' id='word_1_513' title='bbox 2817 1206 2940 1252; x_wconf 84' lang='lat' dir='ltr'><strong>tunc</strong></span> <span class='ocrx_word' id='word_1_514' title='bbox 2964 1200 3062 1253; x_wconf 91' lang='lat' dir='ltr'><strong>hac</strong></span> <span class='ocrx_word' id='word_1_515' title='bbox 3088 1199 3155 1254; x_wconf 92' lang='lat' dir='ltr'><strong>de</strong></span> <span class='ocrx_word' id='word_1_516' title='bbox 3179 1217 3236 1256; x_wconf 92' lang='lat' dir='ltr'><strong>re</strong></span> <span class='ocrx_word' id='word_1_517' title='bbox 3262 1220 3562 1259; x_wconf 80' lang='lat' dir='ltr'><strong>sermonem</strong></span> 
     </span>
    </p>
   </div>
   <div class='ocr_carea' id='block_1_67' title="bbox 1978 1281 3563 1354">
    <p class='ocr_par' dir='ltr' id='par_1_67' title="bbox 1978 1281 3563 1354">
     <span class='ocr_line' id='line_1_67' title="bbox 1978 1281 3563 1354; baseline 0.008 -19"><span class='ocrx_word' id='word_1_518' title='bbox 1978 1281 2186 1346; x_wconf 91' lang='lat' dir='ltr'><strong>inserit,</strong></span> <span class='ocrx_word' id='word_1_519' title='bbox 2215 1283 2384 1337; x_wconf 87' lang='lat' dir='ltr'><strong>semel</strong></span> <span class='ocrx_word' id='word_1_520' title='bbox 2414 1293 2467 1338; x_wconf 92' lang='lat' dir='ltr'><strong>et</strong></span> <span class='ocrx_word' id='word_1_521' title='bbox 2498 1285 2578 1339; x_wconf 88' lang='lat' dir='ltr'><strong>bis</strong></span> <span class='ocrx_word' id='word_1_522' title='bbox 2602 1295 2657 1339; x_wconf 87' lang='lat' dir='ltr'><strong>et</strong></span> <span class='ocrx_word' id='word_1_523' title='bbox 2686 1286 2902 1354; x_wconf 84' lang='lat' dir='ltr'><strong>pluries,</strong></span> <span class='ocrx_word' id='word_1_524' title='bbox 2937 1287 3037 1343; x_wconf 88' lang='lat' dir='ltr'><strong>hoc</strong></span> <span class='ocrx_word' id='word_1_525' title='bbox 3064 1293 3201 1346; x_wconf 91' lang='lat' dir='ltr'><strong>inter</strong></span> <span class='ocrx_word' id='word_1_526' title='bbox 3222 1293 3476 1349; x_wconf 90' lang='lat' dir='ltr'><strong>miracula</strong></span> <span class='ocrx_word' id='word_1_527' title='bbox 3511 1306 3563 1351; x_wconf 87' lang='lat' dir='ltr'><strong>et</strong></span> 
     </span>
    </p>
   </div>
   <div class='ocr_carea' id='block_1_68' title="bbox 1974 1371 3559 1455">
    <p class='ocr_par' dir='ltr' id='par_1_68' title="bbox 1974 1371 3559 1455">
     <span class='ocr_line' id='line_1_68' title="bbox 1974 1371 3559 1455; baseline 0.006 -27"><span class='ocrx_word' id='word_1_528' title='bbox 1974 1371 2267 1428; x_wconf 84' lang='lat' dir='ltr'><strong>doctrinam</strong></span> <span class='ocrx_word' id='word_1_529' title='bbox 2318 1374 2582 1429; x_wconf 89' lang='lat' dir='ltr'><strong>intexens.</strong></span> <span class='ocrx_word' id='word_1_530' title='bbox 2631 1376 2780 1431; x_wconf 82' lang='lat' dir='ltr'><strong>Alius</strong></span> <span class='ocrx_word' id='word_1_531' title='bbox 2817 1391 2997 1433; x_wconf 86' lang='lat' dir='ltr'><strong>autem</strong></span> <span class='ocrx_word' id='word_1_532' title='bbox 3040 1382 3361 1452; x_wconf 74' lang='lat' dir='ltr'><strong>evangelista</strong></span> <span class='ocrx_word' id='word_1_533' title='bbox 3410 1383 3559 1455; x_wconf 90' lang='lat' dir='ltr'><strong>(Luc.</strong></span> 
     </span>
    </p>
   </div>
   <div class='ocr_carea' id='block_1_69' title="bbox 1973 1463 3559 1545">
    <p class='ocr_par' dir='ltr' id='par_1_69' title="bbox 1973 1463 3559 1545">
     <span class='ocr_line' id='line_1_69' title="bbox 1973 1463 3559 1545; baseline 0.009 -27"><span class='ocrx_word' id='word_1_534' title='bbox 1973 1463 2060 1519; x_wconf 85' lang='grc'><strong>18.</strong></span> <span class='ocrx_word' id='word_1_535' title='bbox 2091 1464 2300 1535; x_wconf 75' lang='grc'><strong>51-54)</strong></span> <span class='ocrx_word' id='word_1_536' title='bbox 2325 1466 2453 1521; x_wconf 90' lang='lat' dir='ltr'><strong>dicit</strong></span> <span class='ocrx_word' id='word_1_537' title='bbox 2474 1508 2488 1532; x_wconf 87' lang='lat'><strong>,</strong></span> <span class='ocrx_word' id='word_1_538' title='bbox 2521 1468 2692 1538; x_wconf 84' lang='lat' dir='ltr'><strong>ipsum</strong></span> <span class='ocrx_word' id='word_1_539' title='bbox 2715 1469 3005 1541; x_wconf 87' lang='lat' dir='ltr'><strong>prophetas</strong></span> <span class='ocrx_word' id='word_1_540' title='bbox 3035 1481 3198 1529; x_wconf 88' lang='lat' dir='ltr'><strong>testes</strong></span> <span class='ocrx_word' id='word_1_541' title='bbox 3223 1476 3559 1545; x_wconf 81' lang='lat' dir='ltr'><strong>produxisse.</strong></span> 
     </span>
    </p>
   </div>
   <div class='ocr_carea' id='block_1_70' title="bbox 1972 1555 3563 1635">
    <p class='ocr_par' dir='ltr' id='par_1_70' title="bbox 1972 1555 3563 1635">
     <span class='ocr_line' id='line_1_70' title="bbox 1972 1555 3563 1635; baseline 0.01 -26"><span class='ocrx_word' id='word_1_542' title='bbox 1972 1555 2123 1611; x_wconf 85' lang='lat' dir='ltr'><strong>Alius</strong></span> <span class='ocrx_word' id='word_1_543' title='bbox 2143 1555 2336 1627; x_wconf 80' lang='lat' dir='ltr'><strong>(Marc.</strong></span> <span class='ocrx_word' id='word_1_544' title='bbox 2364 1559 2450 1616; x_wconf 86' lang='grc'><strong>10.</strong></span> <span class='ocrx_word' id='word_1_545' title='bbox 2474 1560 2563 1628; x_wconf 70' lang='lat'><strong>52)</strong></span> <span class='ocrx_word' id='word_1_546' title='bbox 2589 1577 2716 1617; x_wconf 90' lang='lat' dir='ltr'><strong>vero</strong></span> <span class='ocrx_word' id='word_1_547' title='bbox 2737 1565 2843 1629; x_wconf 89' lang='lat' dir='ltr'><strong>ait,</strong></span> <span class='ocrx_word' id='word_1_548' title='bbox 2874 1564 3165 1635; x_wconf 89' lang='lat' dir='ltr'><strong>discipulos</strong></span> <span class='ocrx_word' id='word_1_549' title='bbox 3191 1568 3328 1623; x_wconf 90' lang='lat' dir='ltr'><strong>dicta</strong></span> <span class='ocrx_word' id='word_1_550' title='bbox 3358 1586 3461 1625; x_wconf 88' lang='lat' dir='ltr'><strong>non</strong></span> <span class='ocrx_word' id='word_1_551' title='bbox 3486 1571 3563 1624; x_wconf 60' lang='lat' dir='ltr'><strong>ina</strong></span> 
     </span>
    </p>
   </div>
   <div class='ocr_carea' id='block_1_71' title="bbox 1973 1648 3563 1727">
    <p class='ocr_par' dir='ltr' id='par_1_71' title="bbox 1973 1648 3563 1727">
     <span class='ocr_line' id='line_1_71' title="bbox 1973 1648 3563 1727; baseline 0.009 -24"><span class='ocrx_word' id='word_1_552' title='bbox 1973 1648 2260 1717; x_wconf 88' lang='lat' dir='ltr'><strong>tellexisse,</strong></span> <span class='ocrx_word' id='word_1_553' title='bbox 2285 1650 2379 1706; x_wconf 89' lang='lat' dir='ltr'><strong>sed</strong></span> <span class='ocrx_word' id='word_1_554' title='bbox 2409 1652 2674 1709; x_wconf 90' lang='lat' dir='ltr'><strong>occultum</strong></span> <span class='ocrx_word' id='word_1_555' title='bbox 2723 1654 2887 1712; x_wconf 82' lang='lat' dir='ltr'><strong>fuisse</strong></span> <span class='ocrx_word' id='word_1_556' title='bbox 2917 1658 3138 1713; x_wconf 78' lang='lat' dir='ltr'><strong>verbum</strong></span> <span class='ocrx_word' id='word_1_557' title='bbox 3173 1658 3324 1727; x_wconf 88' lang='lat' dir='ltr'><strong>ipsis,</strong></span> <span class='ocrx_word' id='word_1_558' title='bbox 3358 1672 3413 1715; x_wconf 83' lang='lat' dir='ltr'><strong>et</strong></span> <span class='ocrx_word' id='word_1_559' title='bbox 3452 1672 3563 1717; x_wconf 90' lang='lat' dir='ltr'><strong>stu-</strong></span> 
     </span>
    </p>
   </div>
   <div class='ocr_carea' id='block_1_72' title="bbox 1972 1737 3560 1820">
    <p class='ocr_par' dir='ltr' id='par_1_72' title="bbox 1972 1737 3560 1820">
     <span class='ocr_line' id='line_1_72' title="bbox 1972 1737 3560 1820; baseline 0.009 -28"><span class='ocrx_word' id='word_1_560' title='bbox 1972 1737 2207 1808; x_wconf 80' lang='lat' dir='ltr'><strong>pefactos</strong></span> <span class='ocrx_word' id='word_1_561' title='bbox 2256 1741 2428 1811; x_wconf 89' lang='lat' dir='ltr'><strong>ipsum</strong></span> <span class='ocrx_word' id='word_1_562' title='bbox 2481 1758 2602 1799; x_wconf 89' lang='lat' dir='ltr'><strong>esse</strong></span> <span class='ocrx_word' id='word_1_563' title='bbox 2625 1755 2901 1815; x_wconf 84' lang='lat' dir='ltr'><strong>sequntos.</strong></span> <span class='ocrx_word' id='word_1_564' title='bbox 2954 1747 3092 1820; x_wconf 83' lang='lat' dir='ltr'><strong>Ergo</strong></span> <span class='ocrx_word' id='word_1_565' title='bbox 3130 1749 3371 1805; x_wconf 88' lang='lat' dir='ltr'><strong>sublatus</strong></span> <span class='ocrx_word' id='word_1_566' title='bbox 3411 1762 3560 1820; x_wconf 90' lang='lat' dir='ltr'><strong>erat,</strong></span> 
     </span>
    </p>
   </div>
   <div class='ocr_carea' id='block_1_73' title="bbox 1970 1829 3559 1912">
    <p class='ocr_par' dir='ltr' id='par_1_73' title="bbox 1970 1829 3559 1912">
     <span class='ocr_line' id='line_1_73' title="bbox 1970 1829 3559 1912; baseline 0.009 -27"><span class='ocrx_word' id='word_1_567' title='bbox 1970 1829 2198 1901; x_wconf 90' lang='lat' dir='ltr'><strong>inquies,</strong></span> <span class='ocrx_word' id='word_1_568' title='bbox 2230 1833 2588 1902; x_wconf 69' lang='lat' dir='ltr'><strong>praedictionis</strong></span> <span class='ocrx_word' id='word_1_569' title='bbox 2609 1836 2834 1893; x_wconf 83' lang='lat' dir='ltr'><strong>fructus.</strong></span> <span class='ocrx_word' id='word_1_570' title='bbox 2860 1840 2917 1895; x_wconf 92' lang='lat' dir='ltr'><strong>Si</strong></span> <span class='ocrx_word' id='word_1_571' title='bbox 2943 1842 3087 1896; x_wconf 69' lang='lat' dir='ltr'><strong>etaim</strong></span> <span class='ocrx_word' id='word_1_572' title='bbox 3116 1843 3447 1912; x_wconf 86' lang='lat' dir='ltr'><strong>nesciebant,</strong></span> <span class='ocrx_word' id='word_1_573' title='bbox 3477 1845 3559 1900; x_wconf 80' lang='lat' dir='ltr'><strong>iu~</strong></span> 
     </span>
    </p>
   </div>
   <div class='ocr_carea' id='block_1_74' title="bbox 1968 1923 3558 2003">
    <p class='ocr_par' dir='ltr' id='par_1_74' title="bbox 1968 1923 3558 2003">
     <span class='ocr_line' id='line_1_74' title="bbox 1968 1923 3558 2003; baseline 0.01 -27"><span class='ocrx_word' id='word_1_574' title='bbox 1968 1924 2103 1994; x_wconf 88' lang='lat' dir='ltr'><strong>quit,</strong></span> <span class='ocrx_word' id='word_1_575' title='bbox 2137 1923 2186 1978; x_wconf 88' lang='lat' dir='ltr'><strong>id</strong></span> <span class='ocrx_word' id='word_1_576' title='bbox 2203 1924 2344 1994; x_wconf 89' lang='lat' dir='ltr'><strong>quod</strong></span> <span class='ocrx_word' id='word_1_577' title='bbox 2375 1926 2674 1993; x_wconf 88' lang='lat' dir='ltr'><strong>audierant,</strong></span> <span class='ocrx_word' id='word_1_578' title='bbox 2699 1945 2798 1985; x_wconf 92' lang='lat' dir='ltr'><strong>nec</strong></span> <span class='ocrx_word' id='word_1_579' title='bbox 2825 1939 3140 2000; x_wconf 85' lang='lat' dir='ltr'><strong>exspectare</strong></span> <span class='ocrx_word' id='word_1_580' title='bbox 3166 1945 3430 2003; x_wconf 89' lang='lat' dir='ltr'><strong>poterant;</strong></span> <span class='ocrx_word' id='word_1_581' title='bbox 3452 1952 3558 1992; x_wconf 90' lang='lat' dir='ltr'><strong>nou</strong></span> 
     </span>
    </p>
   </div>
   <div class='ocr_carea' id='block_1_75' title="bbox 1967 2020 3558 2095">
    <p class='ocr_par' dir='ltr' id='par_1_75' title="bbox 1967 2020 3558 2095">
     <span class='ocr_line' id='line_1_75' title="bbox 1967 2020 3558 2095; baseline 0.006 -24"><span class='ocrx_word' id='word_1_582' title='bbox 1967 2024 2341 2085; x_wconf 86' lang='lat' dir='ltr'><strong>exspectantes</strong></span> <span class='ocrx_word' id='word_1_583' title='bbox 2381 2032 2547 2083; x_wconf 87' lang='lat' dir='ltr'><strong>vero,</strong></span> <span class='ocrx_word' id='word_1_584' title='bbox 2594 2034 2695 2075; x_wconf 87' lang='lat' dir='ltr'><strong>nec</strong></span> <span class='ocrx_word' id='word_1_585' title='bbox 2735 2020 2786 2074; x_wconf 93' lang='lat' dir='ltr'><strong>iu</strong></span> <span class='ocrx_word' id='word_1_586' title='bbox 2827 2037 2922 2091; x_wconf 89' lang='lat' dir='ltr'><strong>spe</strong></span> <span class='ocrx_word' id='word_1_587' title='bbox 2962 2031 3211 2095; x_wconf 86' lang='lat' dir='ltr'><strong>poterant</strong></span> <span class='ocrx_word' id='word_1_588' title='bbox 3252 2027 3558 2082; x_wconf 81' lang='lat' dir='ltr'><strong>exercitari.</strong></span> 
     </span>
    </p>
   </div>
   <div class='ocr_carea' id='block_1_76' title="bbox 1968 2106 3561 2185">
    <p class='ocr_par' dir='ltr' id='par_1_76' title="bbox 1968 2106 3561 2185">
     <span class='ocr_line' id='line_1_76' title="bbox 1968 2106 3561 2185; baseline 0.008 -22"><span class='ocrx_word' id='word_1_589' title='bbox 1968 2106 2112 2177; x_wconf 84' lang='lat' dir='ltr'><strong>Ergo</strong></span> <span class='ocrx_word' id='word_1_590' title='bbox 2134 2123 2263 2164; x_wconf 88' lang='lat' dir='ltr'><strong>vero</strong></span> <span class='ocrx_word' id='word_1_591' title='bbox 2296 2108 2440 2164; x_wconf 91' lang='lat' dir='ltr'><strong>aliud</strong></span> <span class='ocrx_word' id='word_1_592' title='bbox 2473 2110 2741 2167; x_wconf 81' lang='lat' dir='ltr'><strong>difﬁcilius</strong></span> <span class='ocrx_word' id='word_1_593' title='bbox 2770 2113 2936 2167; x_wconf 70' lang='lat' dir='ltr'><strong>altera</strong></span> <span class='ocrx_word' id='word_1_594' title='bbox 2972 2132 2986 2170; x_wconf 89' lang='lat'><strong>:</strong></span> <span class='ocrx_word' id='word_1_595' title='bbox 3013 2115 3059 2169; x_wconf 88' lang='lat' dir='ltr'><strong>si</strong></span> <span class='ocrx_word' id='word_1_596' title='bbox 3090 2117 3428 2185; x_wconf 87' lang='lat' dir='ltr'><strong>nesciebant,</strong></span> <span class='ocrx_word' id='word_1_597' title='bbox 3462 2135 3561 2176; x_wconf 90' lang='lat' dir='ltr'><strong>cur</strong></span> 
     </span>
    </p>
   </div>
   <div class='ocr_carea' id='block_1_77' title="bbox 1967 2200 3557 2276">
    <p class='ocr_par' dir='ltr' id='par_1_77' title="bbox 1967 2200 3557 2276">
     <span class='ocr_line' id='line_1_77' title="bbox 1967 2200 3557 2276; baseline 0.009 -22"><span class='ocrx_word' id='word_1_598' title='bbox 1967 2200 2293 2256; x_wconf 65' lang='lat' dir='ltr'><strong>maerebant?</strong></span> <span class='ocrx_word' id='word_1_599' title='bbox 2310 2203 2460 2257; x_wconf 86' lang='lat' dir='ltr'><strong>Alius</strong></span> <span class='ocrx_word' id='word_1_600' title='bbox 2486 2212 2662 2259; x_wconf 89' lang='lat' dir='ltr'><strong>tamen</strong></span> <span class='ocrx_word' id='word_1_601' title='bbox 2689 2204 2839 2271; x_wconf 78' lang='lat' dir='ltr'><strong>dicit,</strong></span> <span class='ocrx_word' id='word_1_602' title='bbox 2865 2206 3010 2276; x_wconf 87' lang='lat' dir='ltr'><strong>ipsos</strong></span> <span class='ocrx_word' id='word_1_603' title='bbox 3032 2217 3255 2265; x_wconf 72' lang='lat' dir='ltr'><strong>mmstos</strong></span> <span class='ocrx_word' id='word_1_604' title='bbox 3283 2210 3464 2267; x_wconf 87' lang='lat' dir='ltr'><strong>luisse.</strong></span> <span class='ocrx_word' id='word_1_605' title='bbox 3501 2214 3557 2269; x_wconf 91' lang='lat' dir='ltr'><strong>Si</strong></span> 
     </span>
    </p>
   </div>
   <div class='ocr_carea' id='block_1_78' title="bbox 1966 2293 3558 2367">
    <p class='ocr_par' dir='ltr' id='par_1_78' title="bbox 1966 2293 3558 2367">
     <span class='ocr_line' id='line_1_78' title="bbox 1966 2293 3558 2367; baseline 0.009 -22"><span class='ocrx_word' id='word_1_606' title='bbox 1966 2306 2094 2361; x_wconf 82' lang='lat' dir='ltr'><strong>ergo</strong></span> <span class='ocrx_word' id='word_1_607' title='bbox 2134 2293 2479 2361; x_wconf 88' lang='lat' dir='ltr'><strong>nesciebant,</strong></span> <span class='ocrx_word' id='word_1_608' title='bbox 2510 2311 2606 2350; x_wconf 89' lang='lat' dir='ltr'><strong>cur</strong></span> <span class='ocrx_word' id='word_1_609' title='bbox 2649 2297 3034 2353; x_wconf 84' lang='lat' dir='ltr'><strong>tristabantur?</strong></span> <span class='ocrx_word' id='word_1_610' title='bbox 3060 2299 3338 2367; x_wconf 86' lang='lat' dir='ltr'><strong>Quomodo</strong></span> <span class='ocrx_word' id='word_1_611' title='bbox 3367 2303 3558 2360; x_wconf 84' lang='lat' dir='ltr'><strong>Petrus</strong></span> 
     </span>
    </p>
   </div>
   <div class='ocr_carea' id='block_1_79' title="bbox 1965 2382 3553 2466">
    <p class='ocr_par' dir='ltr' id='par_1_79' title="bbox 1965 2382 3553 2466">
     <span class='ocr_line' id='line_1_79' title="bbox 1965 2382 3553 2466; baseline 0.01 -29"><span class='ocrx_word' id='word_1_612' title='bbox 1965 2382 2099 2438; x_wconf 89' lang='lat' dir='ltr'><strong>dixit</strong></span> <span class='ocrx_word' id='word_1_613' title='bbox 2130 2401 2142 2436; x_wconf 91' lang='lat'>:</span> <span class='ocrx_word' id='word_1_614' title='bbox 2180 2382 2441 2457; x_wconf 86' lang='lat' dir='ltr'><strong>Propitius</strong></span> <span class='ocrx_word' id='word_1_615' title='bbox 2468 2387 2557 2442; x_wconf 89' lang='lat' dir='ltr'><strong>tibi</strong></span> <span class='ocrx_word' id='word_1_616' title='bbox 2585 2388 2689 2452; x_wconf 85' lang='lat' dir='ltr'><strong>sis,</strong></span> <span class='ocrx_word' id='word_1_617' title='bbox 2734 2406 2835 2443; x_wconf 85' lang='lat' dir='ltr'><strong>non</strong></span> <span class='ocrx_word' id='word_1_618' title='bbox 2864 2392 2957 2445; x_wconf 91' lang='lat' dir='ltr'><strong>erit</strong></span> <span class='ocrx_word' id='word_1_619' title='bbox 2985 2392 3073 2445; x_wconf 89' lang='lat' dir='ltr'><strong>tibi</strong></span> <span class='ocrx_word' id='word_1_620' title='bbox 3098 2393 3193 2448; x_wconf 84' lang='lat' dir='ltr'><strong>hoc</strong></span> <span class='ocrx_word' id='word_1_621' title='bbox 3222 2394 3437 2466; x_wconf 77' lang='lat' dir='ltr'><strong>(Matth.</strong></span> <span class='ocrx_word' id='word_1_622' title='bbox 3464 2398 3553 2453; x_wconf 85' lang='grc'><strong>16.</strong></span> 
     </span>
    </p>
   </div>
   <div class='ocr_carea' id='block_1_80' title="bbox 1963 2474 3550 2558">
    <p class='ocr_par' dir='ltr' id='par_1_80' title="bbox 1963 2474 3550 2558">
     <span class='ocr_line' id='line_1_80' title="bbox 1963 2474 3550 2558; baseline 0.011 -30"><span class='ocrx_word' id='word_1_623' title='bbox 1963 2474 2078 2547; x_wconf 68' lang='lat'><strong>2‘2).</strong></span> <span class='ocrx_word' id='word_1_624' title='bbox 2110 2476 2247 2543; x_wconf 89' lang='lat' dir='ltr'><strong>Quid</strong></span> <span class='ocrx_word' id='word_1_625' title='bbox 2288 2494 2415 2550; x_wconf 83' lang='lat' dir='ltr'><strong>ergo</strong></span> <span class='ocrx_word' id='word_1_626' title='bbox 2454 2479 2775 2536; x_wconf 84' lang='lat' dir='ltr'><strong>dicendum?</strong></span> <span class='ocrx_word' id='word_1_627' title='bbox 2816 2482 3049 2539; x_wconf 87' lang='lat' dir='ltr'><strong>Scivisse</strong></span> <span class='ocrx_word' id='word_1_628' title='bbox 3092 2485 3307 2555; x_wconf 90' lang='lat' dir='ltr'><strong>quidem</strong></span> <span class='ocrx_word' id='word_1_629' title='bbox 3330 2527 3346 2554; x_wconf 94' lang='lat'><strong>,</strong></span> <span class='ocrx_word' id='word_1_630' title='bbox 3378 2488 3550 2558; x_wconf 89' lang='lat' dir='ltr'><strong>ipsum</strong></span> 
     </span>
    </p>
   </div>
   <div class='ocr_carea' id='block_1_81' title="bbox 1962 2569 3556 2645">
    <p class='ocr_par' dir='ltr' id='par_1_81' title="bbox 1962 2569 3556 2645">
     <span class='ocr_line' id='line_1_81' title="bbox 1962 2569 3556 2645; baseline 0.009 -22"><span class='ocrx_word' id='word_1_631' title='bbox 1962 2581 2086 2623; x_wconf 88' lang='lat' dir='ltr'><strong>esse</strong></span> <span class='ocrx_word' id='word_1_632' title='bbox 2109 2569 2445 2635; x_wconf 83' lang='lat' dir='ltr'><strong>moriturum,</strong></span> <span class='ocrx_word' id='word_1_633' title='bbox 2476 2571 2575 2627; x_wconf 87' lang='lat' dir='ltr'><strong>etsi</strong></span> <span class='ocrx_word' id='word_1_634' title='bbox 2600 2574 2915 2629; x_wconf 71' lang='lat' dir='ltr'><strong>(ncouomia:</strong></span> <span class='ocrx_word' id='word_1_635' title='bbox 2944 2576 3257 2645; x_wconf 78' lang='lat' dir='ltr'><strong>mysterium</strong></span> <span class='ocrx_word' id='word_1_636' title='bbox 3280 2593 3386 2634; x_wconf 87' lang='lat' dir='ltr'><strong>non</strong></span> <span class='ocrx_word' id='word_1_637' title='bbox 3408 2579 3556 2639; x_wconf 83' lang='lat' dir='ltr'><strong>clare</strong></span> 
     </span>
    </p>
   </div>
   <div class='ocr_carea' id='block_1_82' title="bbox 1964 2657 3553 2738">
    <p class='ocr_par' dir='ltr' id='par_1_82' title="bbox 1964 2657 3553 2738">
     <span class='ocr_line' id='line_1_82' title="bbox 1964 2657 3553 2738; baseline 0.009 -26"><span class='ocrx_word' id='word_1_638' title='bbox 1964 2657 2159 2713; x_wconf 90' lang='lat' dir='ltr'><strong>scirent</strong></span> <span class='ocrx_word' id='word_1_639' title='bbox 2184 2699 2200 2726; x_wconf 91' lang='lat'><strong>,</strong></span> <span class='ocrx_word' id='word_1_640' title='bbox 2232 2675 2407 2732; x_wconf 89' lang='lat' dir='ltr'><strong>neque</strong></span> <span class='ocrx_word' id='word_1_641' title='bbox 2430 2660 2590 2718; x_wconf 90' lang='lat' dir='ltr'><strong>etiam</strong></span> <span class='ocrx_word' id='word_1_642' title='bbox 2636 2664 3084 2722; x_wconf 89' lang='lat' dir='ltr'><strong>resurrectionem</strong></span> <span class='ocrx_word' id='word_1_643' title='bbox 3111 2667 3257 2725; x_wconf 78' lang='lat' dir='ltr'><strong>clare</strong></span> <span class='ocrx_word' id='word_1_644' title='bbox 3288 2671 3515 2726; x_wconf 86' lang='lat' dir='ltr'><strong>scivisse</strong></span> <span class='ocrx_word' id='word_1_645' title='bbox 3534 2711 3553 2738; x_wconf 89' lang='lat'><strong>,</strong></span> 
     </span>
    </p>
   </div>
   <div class='ocr_carea' id='block_1_83' title="bbox 1970 2746 3555 2819">
    <p class='ocr_par' dir='ltr' id='par_1_83' title="bbox 1970 2746 3555 2819">
     <span class='ocr_line' id='line_1_83' title="bbox 1970 2746 3555 2819; baseline 0.014 -22"><span class='ocrx_word' id='word_1_646' title='bbox 1970 2757 2071 2798; x_wconf 89' lang='lat' dir='ltr'><strong>nec</strong></span> <span class='ocrx_word' id='word_1_647' title='bbox 2109 2754 2314 2813; x_wconf 90' lang='lat' dir='ltr'><strong>quanta</strong></span> <span class='ocrx_word' id='word_1_648' title='bbox 2359 2746 2509 2802; x_wconf 90' lang='lat' dir='ltr'><strong>illam</strong></span> <span class='ocrx_word' id='word_1_649' title='bbox 2537 2762 2719 2805; x_wconf 85' lang='lat' dir='ltr'><strong>essent</strong></span> <span class='ocrx_word' id='word_1_650' title='bbox 2754 2764 3031 2811; x_wconf 86' lang='lat' dir='ltr'><strong>secutura.</strong></span> <span class='ocrx_word' id='word_1_651' title='bbox 3054 2755 3120 2811; x_wconf 85' lang='lat' dir='ltr'><strong>Et</strong></span> <span class='ocrx_word' id='word_1_652' title='bbox 3150 2757 3255 2813; x_wconf 90' lang='lat' dir='ltr'><strong>hoc</strong></span> <span class='ocrx_word' id='word_1_653' title='bbox 3280 2771 3398 2816; x_wconf 90' lang='lat' dir='ltr'><strong>erat</strong></span> <span class='ocrx_word' id='word_1_654' title='bbox 3424 2762 3555 2819; x_wconf 82' lang='lat' dir='ltr'><strong>abs-</strong></span> 
     </span>
    </p>
   </div>
   <div class='ocr_carea' id='block_1_84' title="bbox 1975 2834 3556 2925">
    <p class='ocr_par' dir='ltr' id='par_1_84' title="bbox 1975 2834 3556 2925">
     <span class='ocr_line' id='line_1_84' title="bbox 1975 2834 3556 2925; baseline 0.015 -37"><span class='ocrx_word' id='word_1_655' title='bbox 1975 2834 2256 2890; x_wconf 87' lang='lat' dir='ltr'><strong>conditum</strong></span> <span class='ocrx_word' id='word_1_656' title='bbox 2286 2836 2387 2893; x_wconf 90' lang='lat' dir='ltr'><strong>eis.</strong></span> <span class='ocrx_word' id='word_1_657' title='bbox 2410 2836 2527 2896; x_wconf 82' lang='lat' dir='ltr'><strong>Hac</strong></span> <span class='ocrx_word' id='word_1_658' title='bbox 2553 2840 2621 2896; x_wconf 93' lang='lat' dir='ltr'><strong>de</strong></span> <span class='ocrx_word' id='word_1_659' title='bbox 2652 2857 2818 2898; x_wconf 84' lang='lat' dir='ltr'><strong>causa</strong></span> <span class='ocrx_word' id='word_1_660' title='bbox 2863 2844 3143 2904; x_wconf 88' lang='lat' dir='ltr'><strong>dolebant.</strong></span> <span class='ocrx_word' id='word_1_661' title='bbox 3167 2850 3322 2908; x_wconf 81' lang='lat' dir='ltr'><strong>Alios</strong></span> <span class='ocrx_word' id='word_1_662' title='bbox 3354 2856 3556 2925; x_wconf 87' lang='lat' dir='ltr'><strong>quippe</strong></span> 
     </span>
    </p>
   </div>
   <div class='ocr_carea' id='block_1_85' title="bbox 1962 2929 3553 3013">
    <p class='ocr_par' dir='ltr' id='par_1_85' title="bbox 1962 2929 3553 3013">
     <span class='ocr_line' id='line_1_85' title="bbox 1962 2929 3553 3013; baseline 0.008 -28"><span class='ocrx_word' id='word_1_663' title='bbox 1962 2929 2205 2986; x_wconf 85' lang='lat' dir='ltr'><strong>viderant</strong></span> <span class='ocrx_word' id='word_1_664' title='bbox 2245 2941 2488 2990; x_wconf 91' lang='lat' dir='ltr'><strong>mortuos</strong></span> <span class='ocrx_word' id='word_1_665' title='bbox 2532 2933 2601 2989; x_wconf 93' lang='lat' dir='ltr'><strong>ab</strong></span> <span class='ocrx_word' id='word_1_666' title='bbox 2647 2936 2766 2991; x_wconf 90' lang='lat' dir='ltr'><strong>aliis</strong></span> <span class='ocrx_word' id='word_1_667' title='bbox 2809 2938 3094 3007; x_wconf 90' lang='lat' dir='ltr'><strong>suscitari;</strong></span> <span class='ocrx_word' id='word_1_668' title='bbox 3133 2954 3255 2995; x_wconf 91' lang='lat' dir='ltr'><strong>eum</strong></span> <span class='ocrx_word' id='word_1_669' title='bbox 3299 2957 3426 2996; x_wconf 91' lang='lat' dir='ltr'><strong>vero</strong></span> <span class='ocrx_word' id='word_1_670' title='bbox 3463 2943 3553 3013; x_wconf 88' lang='lat' dir='ltr'><strong>qui</strong></span> 
     </span>
    </p>
   </div>
   <div class='ocr_carea' id='block_1_86' title="bbox 1961 3021 3552 3105">
    <p class='ocr_par' dir='ltr' id='par_1_86' title="bbox 1961 3021 3552 3105">
     <span class='ocr_line' id='line_1_86' title="bbox 1961 3021 3552 3105; baseline 0.009 -30"><span class='ocrx_word' id='word_1_671' title='bbox 1961 3021 2195 3091; x_wconf 90' lang='lat' dir='ltr'><strong>seipsum</strong></span> <span class='ocrx_word' id='word_1_672' title='bbox 2229 3024 2528 3087; x_wconf 90' lang='lat' dir='ltr'><strong>suscitaret,</strong></span> <span class='ocrx_word' id='word_1_673' title='bbox 2558 3035 2718 3095; x_wconf 88' lang='lat' dir='ltr'><strong>atque</strong></span> <span class='ocrx_word' id='word_1_674' title='bbox 2749 3027 2819 3082; x_wconf 89' lang='lat' dir='ltr'><strong>ita</strong></span> <span class='ocrx_word' id='word_1_675' title='bbox 2845 3030 3150 3098; x_wconf 89' lang='lat' dir='ltr'><strong>suscitaret,</strong></span> <span class='ocrx_word' id='word_1_676' title='bbox 3183 3042 3241 3088; x_wconf 90' lang='lat' dir='ltr'><strong>ut</strong></span> <span class='ocrx_word' id='word_1_677' title='bbox 3261 3048 3552 3105; x_wconf 84' lang='lat' dir='ltr'><strong>numquam</strong></span> 
     </span>
    </p>
   </div>
   <div class='ocr_carea' id='block_1_87' title="bbox 1961 3117 3551 3194">
    <p class='ocr_par' dir='ltr' id='par_1_87' title="bbox 1961 3117 3551 3194">
     <span class='ocr_line' id='line_1_87' title="bbox 1961 3117 3551 3194; baseline 0.01 -28"><span class='ocrx_word' id='word_1_678' title='bbox 1961 3121 2146 3183; x_wconf 89' lang='lat' dir='ltr'><strong>postea</strong></span> <span class='ocrx_word' id='word_1_679' title='bbox 2176 3122 2495 3181; x_wconf 89' lang='lat' dir='ltr'><strong>moreretur,</strong></span> <span class='ocrx_word' id='word_1_680' title='bbox 2527 3117 2761 3172; x_wconf 92' lang='lat' dir='ltr'><strong>nondum</strong></span> <span class='ocrx_word' id='word_1_681' title='bbox 2793 3118 3057 3175; x_wconf 91' lang='lat' dir='ltr'><strong>viderant.</strong></span> <span class='ocrx_word' id='word_1_682' title='bbox 3086 3121 3200 3177; x_wconf 84' lang='lat' dir='ltr'><strong>Hoc</strong></span> <span class='ocrx_word' id='word_1_683' title='bbox 3221 3123 3399 3194; x_wconf 78' lang='lat' dir='ltr'><strong>igitur,</strong></span> <span class='ocrx_word' id='word_1_684' title='bbox 3451 3127 3551 3183; x_wconf 85' lang='lat' dir='ltr'><strong>etsi</strong></span> 
     </span>
    </p>
   </div>
   <div class='ocr_carea' id='block_1_88' title="bbox 1960 3204 3558 3284">
    <p class='ocr_par' dir='ltr' id='par_1_88' title="bbox 1960 3204 3558 3284">
     <span class='ocr_line' id='line_1_88' title="bbox 1960 3204 3558 3284; baseline 0.008 -27"><span class='ocrx_word' id='word_1_685' title='bbox 1960 3217 2104 3275; x_wconf 67' lang='lat' dir='ltr'><strong>stupe</strong></span> <span class='ocrx_word' id='word_1_686' title='bbox 2124 3204 2346 3274; x_wconf 91' lang='lat' dir='ltr'><strong>dictum,</strong></span> <span class='ocrx_word' id='word_1_687' title='bbox 2376 3220 2480 3260; x_wconf 90' lang='lat' dir='ltr'><strong>non</strong></span> <span class='ocrx_word' id='word_1_688' title='bbox 2505 3207 2895 3279; x_wconf 89' lang='lat' dir='ltr'><strong>intelligebant:</strong></span> <span class='ocrx_word' id='word_1_689' title='bbox 2914 3227 3087 3283; x_wconf 88' lang='lat' dir='ltr'><strong>neque</strong></span> <span class='ocrx_word' id='word_1_690' title='bbox 3105 3225 3290 3284; x_wconf 89' lang='lat' dir='ltr'><strong>aperte</strong></span> <span class='ocrx_word' id='word_1_691' title='bbox 3315 3214 3558 3273; x_wconf 84' lang='lat' dir='ltr'><strong>sciebant</strong></span> 
     </span>
    </p>
   </div>
   <div class='ocr_carea' id='block_1_89' title="bbox 1959 3294 3542 3371">
    <p class='ocr_par' dir='ltr' id='par_1_89' title="bbox 1959 3294 3542 3371">
     <span class='ocr_line' id='line_1_89' title="bbox 1959 3294 3542 3371; baseline 0.008 -23"><span class='ocrx_word' id='word_1_692' title='bbox 1959 3294 2099 3367; x_wconf 91' lang='lat' dir='ltr'><strong>quod</strong></span> <span class='ocrx_word' id='word_1_693' title='bbox 2129 3311 2297 3365; x_wconf 80' lang='lat' dir='ltr'><strong>genus</strong></span> <span class='ocrx_word' id='word_1_694' title='bbox 2328 3296 2517 3352; x_wconf 87' lang='lat' dir='ltr'><strong>mortis</strong></span> <span class='ocrx_word' id='word_1_695' title='bbox 2539 3337 2555 3361; x_wconf 93' lang='lat'><strong>,</strong></span> <span class='ocrx_word' id='word_1_696' title='bbox 2589 3314 2688 3354; x_wconf 91' lang='lat' dir='ltr'><strong>nec</strong></span> <span class='ocrx_word' id='word_1_697' title='bbox 2735 3302 3006 3371; x_wconf 88' lang='lat' dir='ltr'><strong>quomodo</strong></span> <span class='ocrx_word' id='word_1_698' title='bbox 3050 3314 3334 3361; x_wconf 89' lang='lat' dir='ltr'><strong>venturum</strong></span> <span class='ocrx_word' id='word_1_699' title='bbox 3377 3317 3542 3364; x_wconf 88' lang='lat' dir='ltr'><strong>esset.</strong></span> 
     </span>
    </p>
   </div>
   <div class='ocr_carea' id='block_1_90' title="bbox 1960 3386 3550 3470">
    <p class='ocr_par' dir='ltr' id='par_1_90' title="bbox 1960 3386 3550 3470">
     <span class='ocr_line' id='line_1_90' title="bbox 1960 3386 3550 3470; baseline 0.008 -27"><span class='ocrx_word' id='word_1_700' title='bbox 1960 3386 2191 3458; x_wconf 90' lang='lat' dir='ltr'><strong>Ideoque</strong></span> <span class='ocrx_word' id='word_1_701' title='bbox 2239 3389 2523 3459; x_wconf 78' lang='lat' dir='ltr'><strong>stupefacti</strong></span> <span class='ocrx_word' id='word_1_702' title='bbox 2567 3399 2755 3459; x_wconf 91' lang='lat' dir='ltr'><strong>erant,</strong></span> <span class='ocrx_word' id='word_1_703' title='bbox 2797 3393 2972 3462; x_wconf 85' lang='lat' dir='ltr'><strong>ipsum</strong></span> <span class='ocrx_word' id='word_1_704' title='bbox 3019 3406 3345 3467; x_wconf 89' lang='lat' dir='ltr'><strong>sequentes;</strong></span> <span class='ocrx_word' id='word_1_705' title='bbox 3378 3414 3550 3470; x_wconf 79' lang='lat' dir='ltr'><strong>neque</strong></span> 
     </span>
    </p>
   </div>
   <div class='ocr_carea' id='block_1_91' title="bbox 1960 3477 3548 3562">
    <p class='ocr_par' dir='ltr' id='par_1_91' title="bbox 1960 3477 3548 3562">
     <span class='ocr_line' id='line_1_91' title="bbox 1960 3477 3548 3562; baseline 0.009 -29"><span class='ocrx_word' id='word_1_706' title='bbox 1960 3477 2081 3534; x_wconf 92' lang='lat' dir='ltr'><strong>ideo</strong></span> <span class='ocrx_word' id='word_1_707' title='bbox 2104 3488 2329 3548; x_wconf 90' lang='lat' dir='ltr'><strong>tantum,</strong></span> <span class='ocrx_word' id='word_1_708' title='bbox 2362 3478 2488 3549; x_wconf 91' lang='lat' dir='ltr'><strong>sed,</strong></span> <span class='ocrx_word' id='word_1_709' title='bbox 2514 3490 2573 3537; x_wconf 92' lang='lat' dir='ltr'><strong>ut</strong></span> <span class='ocrx_word' id='word_1_710' title='bbox 2614 3482 2742 3538; x_wconf 88' lang='lat' dir='ltr'><strong>mihi</strong></span> <span class='ocrx_word' id='word_1_711' title='bbox 2771 3484 3003 3553; x_wconf 91' lang='lat' dir='ltr'><strong>videtur,</strong></span> <span class='ocrx_word' id='word_1_712' title='bbox 3031 3487 3155 3560; x_wconf 89' lang='lat' dir='ltr'><strong>quia</strong></span> <span class='ocrx_word' id='word_1_713' title='bbox 3198 3488 3265 3545; x_wconf 89' lang='lat' dir='ltr'><strong>de</strong></span> <span class='ocrx_word' id='word_1_714' title='bbox 3298 3492 3548 3562; x_wconf 78' lang='lat' dir='ltr'><strong>passione</strong></span> 
     </span>
    </p>
   </div>
   <div class='ocr_carea' id='block_1_92' title="bbox 1958 3568 2846 3642">
    <p class='ocr_par' dir='ltr' id='par_1_92' title="bbox 1958 3568 2846 3642">
     <span class='ocr_line' id='line_1_92' title="bbox 1958 3568 2846 3642; baseline 0.006 -16"><span class='ocrx_word' id='word_1_715' title='bbox 1958 3568 2204 3642; x_wconf 88' lang='lat' dir='ltr'><strong>loquens,</strong></span> <span class='ocrx_word' id='word_1_716' title='bbox 2233 3573 2705 3641; x_wconf 77' lang='lat' dir='ltr'><strong>perterrefaeiebat</strong></span> <span class='ocrx_word' id='word_1_717' title='bbox 2729 3592 2846 3633; x_wconf 88' lang='lat' dir='ltr'><strong>eos.</strong></span> 
     </span>
    </p>
   </div>
   <div class='ocr_carea' id='block_1_93' title="bbox 2029 3663 3551 3746">
    <p class='ocr_par' dir='ltr' id='par_1_93' title="bbox 2029 3663 3551 3746">
     <span class='ocr_line' id='line_1_93' title="bbox 2029 3663 3551 3746; baseline 0.014 -30"><span class='ocrx_word' id='word_1_718' title='bbox 2029 3663 2085 3718; x_wconf 74' lang='lat'><strong>2.</strong></span> <span class='ocrx_word' id='word_1_719' title='bbox 2115 3663 2257 3720; x_wconf 84' lang='lat' dir='ltr'><strong>Nihil</strong></span> <span class='ocrx_word' id='word_1_720' title='bbox 2287 3674 2464 3723; x_wconf 89' lang='lat' dir='ltr'><strong>tamen</strong></span> <span class='ocrx_word' id='word_1_721' title='bbox 2483 3669 2671 3725; x_wconf 91' lang='lat' dir='ltr'><strong>horum</strong></span> <span class='ocrx_word' id='word_1_722' title='bbox 2694 3669 2939 3728; x_wconf 81' lang='lat' dir='ltr'><strong>ﬁduciam</strong></span> <span class='ocrx_word' id='word_1_723' title='bbox 2958 3673 3088 3746; x_wconf 90' lang='lat' dir='ltr'><strong>ipsis</strong></span> <span class='ocrx_word' id='word_1_724' title='bbox 3109 3674 3343 3745; x_wconf 89' lang='lat' dir='ltr'><strong>indebat,</strong></span> <span class='ocrx_word' id='word_1_725' title='bbox 3362 3678 3551 3737; x_wconf 80' lang='lat' dir='ltr'><strong>etiam-</strong></span> 
     </span>
    </p>
   </div>
   <div class='ocr_carea' id='block_1_94' title="bbox 1958 3754 3550 3840">
    <p class='ocr_par' dir='ltr' id='par_1_94' title="bbox 1958 3754 3550 3840">
     <span class='ocr_line' id='line_1_94' title="bbox 1958 3754 3550 3840; baseline 0.013 -30"><span class='ocrx_word' id='word_1_726' title='bbox 1958 3754 2002 3810; x_wconf 91' lang='lat' dir='ltr'><strong>si</strong></span> <span class='ocrx_word' id='word_1_727' title='bbox 2033 3770 2176 3827; x_wconf 68' lang='lat' dir='ltr'><strong>saepe</strong></span> <span class='ocrx_word' id='word_1_728' title='bbox 2204 3758 2273 3814; x_wconf 91' lang='lat' dir='ltr'><strong>de</strong></span> <span class='ocrx_word' id='word_1_729' title='bbox 2318 3763 2711 3818; x_wconf 89' lang='lat' dir='ltr'><strong>resurrectione</strong></span> <span class='ocrx_word' id='word_1_730' title='bbox 2734 3765 3001 3822; x_wconf 90' lang='lat' dir='ltr'><strong>audirent.</strong></span> <span class='ocrx_word' id='word_1_731' title='bbox 3031 3767 3165 3826; x_wconf 86' lang='lat' dir='ltr'><strong>Nam</strong></span> <span class='ocrx_word' id='word_1_732' title='bbox 3187 3780 3382 3840; x_wconf 77' lang='lat' dir='ltr'><strong>praeter</strong></span> <span class='ocrx_word' id='word_1_733' title='bbox 3398 3788 3550 3829; x_wconf 81' lang='lat' dir='ltr'><strong>mor-</strong></span> 
     </span>
    </p>
   </div>
   <div class='ocr_carea' id='block_1_95' title="bbox 1960 3849 3543 3934">
    <p class='ocr_par' dir='ltr' id='par_1_95' title="bbox 1960 3849 3543 3934">
     <span class='ocr_line' id='line_1_95' title="bbox 1960 3849 3543 3934; baseline 0.011 -31"><span class='ocrx_word' id='word_1_734' title='bbox 1960 3856 2067 3904; x_wconf 89' lang='lat' dir='ltr'><strong>tem</strong></span> <span class='ocrx_word' id='word_1_735' title='bbox 2094 3849 2196 3905; x_wconf 89' lang='lat' dir='ltr'><strong>hoc</strong></span> <span class='ocrx_word' id='word_1_736' title='bbox 2222 3851 2341 3907; x_wconf 93' lang='lat' dir='ltr'><strong>illos</strong></span> <span class='ocrx_word' id='word_1_737' title='bbox 2368 3854 2599 3910; x_wconf 87' lang='lat' dir='ltr'><strong>maxime</strong></span> <span class='ocrx_word' id='word_1_738' title='bbox 2626 3855 2893 3925; x_wconf 88' lang='lat' dir='ltr'><strong>turbabat,</strong></span> <span class='ocrx_word' id='word_1_739' title='bbox 2925 3861 3066 3931; x_wconf 88' lang='lat' dir='ltr'><strong>quod</strong></span> <span class='ocrx_word' id='word_1_740' title='bbox 3091 3861 3342 3919; x_wconf 89' lang='lat' dir='ltr'><strong>audirent</strong></span> <span class='ocrx_word' id='word_1_741' title='bbox 3369 3865 3543 3934; x_wconf 86' lang='lat' dir='ltr'><strong>ipsum</strong></span> 
     </span>
    </p>
   </div>
   <div class='ocr_carea' id='block_1_96' title="bbox 1956 3937 3545 4023">
    <p class='ocr_par' dir='ltr' id='par_1_96' title="bbox 1956 3937 3545 4023">
     <span class='ocr_line' id='line_1_96' title="bbox 1956 3937 3545 4023; baseline 0.01 -29"><span class='ocrx_word' id='word_1_742' title='bbox 1956 3937 2287 3997; x_wconf 90' lang='lat' dir='ltr'><strong>illudendum</strong></span> <span class='ocrx_word' id='word_1_743' title='bbox 2326 3951 2378 3997; x_wconf 87' lang='lat' dir='ltr'><strong>et</strong></span> <span class='ocrx_word' id='word_1_744' title='bbox 2409 3942 2788 4013; x_wconf 81' lang='lat' dir='ltr'><strong>ﬂagellandum</strong></span> <span class='ocrx_word' id='word_1_745' title='bbox 2817 3962 2936 4003; x_wconf 91' lang='lat' dir='ltr'><strong>esse</strong></span> <span class='ocrx_word' id='word_1_746' title='bbox 2955 3989 2969 4012; x_wconf 96' lang='lat'><strong>,</strong></span> <span class='ocrx_word' id='word_1_747' title='bbox 3010 3958 3064 4006; x_wconf 90' lang='lat' dir='ltr'><strong>et</strong></span> <span class='ocrx_word' id='word_1_748' title='bbox 3089 3950 3190 4004; x_wconf 87' lang='lat' dir='ltr'><strong>alia</strong></span> <span class='ocrx_word' id='word_1_749' title='bbox 3220 3951 3545 4023; x_wconf 79' lang='lat' dir='ltr'><strong>hujusmodi.</strong></span> 
     </span>
    </p>
   </div>
   <div class='ocr_carea' id='block_1_97' title="bbox 1957 4029 3546 4117">
    <p class='ocr_par' dir='ltr' id='par_1_97' title="bbox 1957 4029 3546 4117">
     <span class='ocr_line' id='line_1_97' title="bbox 1957 4029 3546 4117; baseline 0.011 -28"><span class='ocrx_word' id='word_1_750' title='bbox 1957 4029 2089 4089; x_wconf 88' lang='lat' dir='ltr'><strong>Cum</strong></span> <span class='ocrx_word' id='word_1_751' title='bbox 2120 4033 2265 4088; x_wconf 90' lang='lat' dir='ltr'><strong>enim</strong></span> <span class='ocrx_word' id='word_1_752' title='bbox 2286 4035 2588 4105; x_wconf 78' lang='lat' dir='ltr'><strong>cogitabant</strong></span> <span class='ocrx_word' id='word_1_753' title='bbox 2617 4038 2893 4108; x_wconf 87' lang='lat' dir='ltr'><strong>miracula,</strong></span> <span class='ocrx_word' id='word_1_754' title='bbox 2925 4041 3282 4102; x_wconf 70' lang='lat' dir='ltr'><strong>dmmoniacos</strong></span> <span class='ocrx_word' id='word_1_755' title='bbox 3312 4059 3546 4117; x_wconf 85' lang='lat' dir='ltr'><strong>curatos,</strong></span> 
     </span>
    </p>
   </div>
   <div class='ocr_carea' id='block_1_98' title="bbox 1956 4124 3547 4205">
    <p class='ocr_par' dir='ltr' id='par_1_98' title="bbox 1956 4124 3547 4205">
     <span class='ocr_line' id='line_1_98' title="bbox 1956 4124 3547 4205; baseline 0.013 -27"><span class='ocrx_word' id='word_1_756' title='bbox 1956 4132 2198 4180; x_wconf 84' lang='lat' dir='ltr'><strong>mortuos</strong></span> <span class='ocrx_word' id='word_1_757' title='bbox 2222 4127 2524 4196; x_wconf 86' lang='lat' dir='ltr'><strong>suscitatos,</strong></span> <span class='ocrx_word' id='word_1_758' title='bbox 2559 4138 2615 4186; x_wconf 89' lang='lat' dir='ltr'><strong>et</strong></span> <span class='ocrx_word' id='word_1_759' title='bbox 2641 4130 2743 4185; x_wconf 88' lang='lat' dir='ltr'><strong>alia</strong></span> <span class='ocrx_word' id='word_1_760' title='bbox 2774 4132 3096 4192; x_wconf 88' lang='lat' dir='ltr'><strong>mirabiliter</strong></span> <span class='ocrx_word' id='word_1_761' title='bbox 3127 4137 3287 4205; x_wconf 80' lang='lat' dir='ltr'><strong>facta,</strong></span> <span class='ocrx_word' id='word_1_762' title='bbox 3319 4124 3547 4197; x_wconf 43' lang='lat' dir='ltr'><strong>deinde;</strong></span> 
     </span>
    </p>
   </div>
   <div class='ocr_carea' id='block_1_99' title="bbox 1955 4214 3542 4301">
    <p class='ocr_par' dir='ltr' id='par_1_99' title="bbox 1955 4214 3542 4301">
     <span class='ocr_line' id='line_1_99' title="bbox 1955 4214 3542 4301; baseline 0.012 -33"><span class='ocrx_word' id='word_1_763' title='bbox 1955 4229 2059 4286; x_wconf 90' lang='lat' dir='ltr'><strong>que</strong></span> <span class='ocrx_word' id='word_1_764' title='bbox 2089 4214 2206 4271; x_wconf 80' lang='lat' dir='ltr'><strong>haec</strong></span> <span class='ocrx_word' id='word_1_765' title='bbox 2247 4217 2565 4288; x_wconf 87' lang='lat' dir='ltr'><strong>audiebant,</strong></span> <span class='ocrx_word' id='word_1_766' title='bbox 2597 4220 3084 4294; x_wconf 90' lang='lat' dir='ltr'><strong>obstupescebant,</strong></span> <span class='ocrx_word' id='word_1_767' title='bbox 3116 4229 3261 4299; x_wconf 91' lang='lat' dir='ltr'><strong>quod</strong></span> <span class='ocrx_word' id='word_1_768' title='bbox 3299 4232 3389 4301; x_wconf 93' lang='lat' dir='ltr'><strong>qui</strong></span> <span class='ocrx_word' id='word_1_769' title='bbox 3419 4233 3542 4288; x_wconf 87' lang='lat' dir='ltr'><strong>talia</strong></span> 
     </span>
    </p>
   </div>
   <div class='ocr_carea' id='block_1_100' title="bbox 1940 4310 3543 4396">
    <p class='ocr_par' dir='ltr' id='par_1_100' title="bbox 1940 4310 3543 4396">
     <span class='ocr_line' id='line_1_100' title="bbox 1940 4310 3543 4396; baseline 0.013 -36"><span class='ocrx_word' id='word_1_770' title='bbox 1940 4315 2219 4393; x_wconf 77' lang='lat' dir='ltr'><strong>patraret,</strong></span> <span class='ocrx_word' id='word_1_771' title='bbox 2252 4310 2377 4365; x_wconf 89' lang='lat' dir='ltr'><strong>talia</strong></span> <span class='ocrx_word' id='word_1_772' title='bbox 2418 4327 2670 4382; x_wconf 90' lang='lat' dir='ltr'><strong>passurus</strong></span> <span class='ocrx_word' id='word_1_773' title='bbox 2707 4327 2887 4385; x_wconf 88' lang='lat' dir='ltr'><strong>esset;</strong></span> <span class='ocrx_word' id='word_1_774' title='bbox 2918 4318 3147 4392; x_wconf 89' lang='lat' dir='ltr'><strong>ideoque</strong></span> <span class='ocrx_word' id='word_1_775' title='bbox 3194 4323 3248 4379; x_wconf 91' lang='lat' dir='ltr'><strong>in</strong></span> <span class='ocrx_word' id='word_1_776' title='bbox 3298 4340 3543 4396; x_wconf 89' lang='lat' dir='ltr'><strong>magnam</strong></span> 
     </span>
    </p>
   </div>
   <div class='ocr_carea' id='block_1_101' title="bbox 1956 4400 3548 4481">
    <p class='ocr_par' dir='ltr' id='par_1_101' title="bbox 1956 4400 3548 4481">
     <span class='ocr_line' id='line_1_101' title="bbox 1956 4400 3548 4481; baseline 0.011 -24"><span class='ocrx_word' id='word_1_777' title='bbox 1956 4400 2265 4457; x_wconf 86' lang='lat' dir='ltr'><strong>incidebant</strong></span> <span class='ocrx_word' id='word_1_778' title='bbox 2297 4403 2704 4472; x_wconf 85' lang='lat' dir='ltr'><strong>dubitationem.</strong></span> <span class='ocrx_word' id='word_1_779' title='bbox 2736 4424 2801 4465; x_wconf 89' lang='lat' dir='ltr'><strong>ac</strong></span> <span class='ocrx_word' id='word_1_780' title='bbox 2827 4410 2987 4466; x_wconf 88' lang='lat' dir='ltr'><strong>modo</strong></span> <span class='ocrx_word' id='word_1_781' title='bbox 3023 4414 3344 4481; x_wconf 87' lang='lat' dir='ltr'><strong>credebant,</strong></span> <span class='ocrx_word' id='word_1_782' title='bbox 3386 4418 3548 4475; x_wconf 91' lang='lat' dir='ltr'><strong>modo</strong></span> 
     </span>
    </p>
   </div>
   <div class='ocr_carea' id='block_1_102' title="bbox 1956 4494 3543 4578">
    <p class='ocr_par' dir='ltr' id='par_1_102' title="bbox 1956 4494 3543 4578">
     <span class='ocr_line' id='line_1_102' title="bbox 1956 4494 3543 4578; baseline 0.012 -31"><span class='ocrx_word' id='word_1_783' title='bbox 1956 4508 2062 4547; x_wconf 92' lang='lat' dir='ltr'><strong>nou</strong></span> <span class='ocrx_word' id='word_1_784' title='bbox 2084 4494 2393 4562; x_wconf 88' lang='lat' dir='ltr'><strong>credebant,</strong></span> <span class='ocrx_word' id='word_1_785' title='bbox 2424 4512 2522 4552; x_wconf 82' lang='lat' dir='ltr'><strong>nec</strong></span> <span class='ocrx_word' id='word_1_786' title='bbox 2550 4498 2688 4554; x_wconf 88' lang='lat' dir='ltr'><strong>dicta</strong></span> <span class='ocrx_word' id='word_1_787' title='bbox 2716 4499 2802 4555; x_wconf 90' lang='lat' dir='ltr'><strong>illa</strong></span> <span class='ocrx_word' id='word_1_788' title='bbox 2828 4502 3123 4573; x_wconf 79' lang='lat' dir='ltr'><strong>intelligere</strong></span> <span class='ocrx_word' id='word_1_789' title='bbox 3147 4516 3413 4578; x_wconf 85' lang='lat' dir='ltr'><strong>poterant.</strong></span> <span class='ocrx_word' id='word_1_790' title='bbox 3442 4509 3543 4566; x_wconf 77' lang='lat' dir='ltr'><strong>Us-</strong></span> 
     </span>
    </p>
   </div>
   <div class='ocr_carea' id='block_1_103' title="bbox 1954 4585 3547 4666">
    <p class='ocr_par' dir='ltr' id='par_1_103' title="bbox 1954 4585 3547 4666">
     <span class='ocr_line' id='line_1_103' title="bbox 1954 4585 3547 4666; baseline 0.013 -29"><span class='ocrx_word' id='word_1_791' title='bbox 1954 4598 2057 4654; x_wconf 91' lang='lat' dir='ltr'><strong>que</strong></span> <span class='ocrx_word' id='word_1_792' title='bbox 2083 4585 2218 4640; x_wconf 87' lang='lat' dir='ltr'><strong>adeo</strong></span> <span class='ocrx_word' id='word_1_793' title='bbox 2250 4586 2390 4640; x_wconf 89' lang='lat' dir='ltr'><strong>enim</strong></span> <span class='ocrx_word' id='word_1_794' title='bbox 2421 4589 2564 4645; x_wconf 89' lang='lat' dir='ltr'><strong>clare</strong></span> <span class='ocrx_word' id='word_1_795' title='bbox 2594 4606 2698 4647; x_wconf 90' lang='lat' dir='ltr'><strong>non</strong></span> <span class='ocrx_word' id='word_1_796' title='bbox 2729 4593 3091 4664; x_wconf 59' lang='lat' dir='ltr'><strong>intelligebant</strong></span> <span class='ocrx_word' id='word_1_797' title='bbox 3114 4640 3130 4666; x_wconf 91' lang='lat'><strong>,</strong></span> <span class='ocrx_word' id='word_1_798' title='bbox 3163 4608 3221 4653; x_wconf 93' lang='lat' dir='ltr'><strong>ut</strong></span> <span class='ocrx_word' id='word_1_799' title='bbox 3248 4601 3339 4656; x_wconf 85' lang='lat' dir='ltr'><strong>lilii</strong></span> <span class='ocrx_word' id='word_1_800' title='bbox 3371 4601 3547 4658; x_wconf 80' lang='lat' dir='ltr'><strong>Zebe-</strong></span> 
     </span>
    </p>
   </div>
   <div class='ocr_carea' id='block_1_104' title="bbox 1954 4672 3536 4763">
    <p class='ocr_par' dir='ltr' id='par_1_104' title="bbox 1954 4672 3536 4763">
     <span class='ocr_line' id='line_1_104' title="bbox 1954 4672 3536 4763; baseline 0.014 -36"><span class='ocrx_word' id='word_1_801' title='bbox 1954 4672 2057 4729; x_wconf 71' lang='lat' dir='ltr'><strong>dmi</strong></span> <span class='ocrx_word' id='word_1_802' title='bbox 2095 4676 2271 4730; x_wconf 87' lang='lat' dir='ltr'><strong>statim</strong></span> <span class='ocrx_word' id='word_1_803' title='bbox 2302 4678 2654 4747; x_wconf 87' lang='lat' dir='ltr'><strong>accederent,</strong></span> <span class='ocrx_word' id='word_1_804' title='bbox 2683 4690 2735 4739; x_wconf 90' lang='lat' dir='ltr'><strong>et</strong></span> <span class='ocrx_word' id='word_1_805' title='bbox 2762 4682 2830 4739; x_wconf 91' lang='lat' dir='ltr'><strong>de</strong></span> <span class='ocrx_word' id='word_1_806' title='bbox 2854 4686 3029 4755; x_wconf 89' lang='lat' dir='ltr'><strong>primo</strong></span> <span class='ocrx_word' id='word_1_807' title='bbox 3053 4703 3308 4746; x_wconf 86' lang='lat' dir='ltr'><strong>consessu</strong></span> <span class='ocrx_word' id='word_1_808' title='bbox 3352 4692 3536 4763; x_wconf 83' lang='lat' dir='ltr'><strong>loque-</strong></span> 
     </span>
    </p>
   </div>
   <div class='ocr_carea' id='block_1_105' title="bbox 1953 4766 3539 4854">
    <p class='ocr_par' dir='ltr' id='par_1_105' title="bbox 1953 4766 3539 4854">
     <span class='ocr_line' id='line_1_105' title="bbox 1953 4766 3539 4854; baseline 0.014 -34"><span class='ocrx_word' id='word_1_809' title='bbox 1953 4774 2141 4821; x_wconf 92' lang='lat' dir='ltr'><strong>rentur</strong></span> <span class='ocrx_word' id='word_1_810' title='bbox 2168 4782 2183 4821; x_wconf 89' lang='lat'><strong>:</strong></span> <span class='ocrx_word' id='word_1_811' title='bbox 2222 4766 2463 4824; x_wconf 78' lang='lat' dir='ltr'><strong>Volumus</strong></span> <span class='ocrx_word' id='word_1_812' title='bbox 2490 4774 2630 4827; x_wconf 91' lang='lat' dir='ltr'><strong>enim</strong></span> <span class='ocrx_word' id='word_1_813' title='bbox 2648 4816 2663 4839; x_wconf 94' lang='lat'><strong>,</strong></span> <span class='ocrx_word' id='word_1_814' title='bbox 2692 4776 2860 4841; x_wconf 88' lang='lat' dir='ltr'><strong>aiunt,</strong></span> <span class='ocrx_word' id='word_1_815' title='bbox 2894 4790 2948 4832; x_wconf 87' lang='lat' dir='ltr'><strong>ut</strong></span> <span class='ocrx_word' id='word_1_816' title='bbox 2974 4796 3100 4835; x_wconf 87' lang='lat' dir='ltr'><strong>unus</strong></span> <span class='ocrx_word' id='word_1_817' title='bbox 3128 4798 3161 4836; x_wconf 91' lang='lat' dir='ltr'><strong>a</strong></span> <span class='ocrx_word' id='word_1_818' title='bbox 3186 4783 3378 4839; x_wconf 76' lang='lat' dir='ltr'><strong>dextris</strong></span> <span class='ocrx_word' id='word_1_819' title='bbox 3403 4787 3501 4842; x_wconf 85' lang='lat' dir='ltr'><strong>tuis</strong></span> <span class='ocrx_word' id='word_1_820' title='bbox 3523 4830 3539 4854; x_wconf 90' lang='lat'><strong>,</strong></span> 
     </span>
    </p>
   </div>
   <div class='ocr_carea' id='block_1_106' title="bbox 1952 4856 3539 4946">
    <p class='ocr_par' dir='ltr' id='par_1_106' title="bbox 1952 4856 3539 4946">
     <span class='ocr_line' id='line_1_106' title="bbox 1952 4856 3539 4946; baseline 0.015 -39"><span class='ocrx_word' id='word_1_821' title='bbox 1952 4870 2084 4946; x_wconf 80' lang='lat' dir='ltr'><strong>unus</strong></span> <span class='ocrx_word' id='word_1_822' title='bbox 2104 4873 2134 4909; x_wconf 93' lang='lat' dir='ltr'><strong>a</strong></span> <span class='ocrx_word' id='word_1_823' title='bbox 2160 4856 2377 4914; x_wconf 87' lang='lat' dir='ltr'><strong>sinistris</strong></span> <span class='ocrx_word' id='word_1_824' title='bbox 2401 4859 2573 4916; x_wconf 89' lang='lat' dir='ltr'><strong>sedeat</strong></span> <span class='ocrx_word' id='word_1_825' title='bbox 2600 4861 2790 4932; x_wconf 78' lang='lat' dir='ltr'><strong>(Marc.</strong></span> <span class='ocrx_word' id='word_1_826' title='bbox 2812 4866 2899 4922; x_wconf 89' lang='grc'><strong>10.</strong></span> <span class='ocrx_word' id='word_1_827' title='bbox 2924 4869 3037 4939; x_wconf 77' lang='grc'><strong>55).</strong></span> <span class='ocrx_word' id='word_1_828' title='bbox 3056 4871 3335 4938; x_wconf 91' lang='lat' dir='ltr'><strong>Quomodo</strong></span> <span class='ocrx_word' id='word_1_829' title='bbox 3361 4874 3539 4946; x_wconf 85' lang='lat' dir='ltr'><strong>igitur,</strong></span> 
     </span>
    </p>
   </div>
   <div class='ocr_carea' id='block_1_107' title="bbox 1955 4944 3545 5027">
    <p class='ocr_par' dir='ltr' id='par_1_107' title="bbox 1955 4944 3545 5027">
     <span class='ocr_line' id='line_1_107' title="bbox 1955 4944 3545 5027; baseline 0.016 -27"><span class='ocrx_word' id='word_1_830' title='bbox 1955 4944 2162 5017; x_wconf 90' lang='lat' dir='ltr'><strong>inquies</strong></span> <span class='ocrx_word' id='word_1_831' title='bbox 2186 4992 2199 5013; x_wconf 88' lang='lat'><strong>,</strong></span> <span class='ocrx_word' id='word_1_832' title='bbox 2232 4948 2319 5005; x_wconf 90' lang='lat' dir='ltr'><strong>hic</strong></span> <span class='ocrx_word' id='word_1_833' title='bbox 2363 4954 2688 5025; x_wconf 81' lang='lat' dir='ltr'><strong>evangelista</strong></span> <span class='ocrx_word' id='word_1_834' title='bbox 2740 4956 2910 5027; x_wconf 90' lang='lat' dir='ltr'><strong>dicit,</strong></span> <span class='ocrx_word' id='word_1_835' title='bbox 2948 4965 3241 5021; x_wconf 89' lang='lat' dir='ltr'><strong>accessisse</strong></span> <span class='ocrx_word' id='word_1_836' title='bbox 3278 4944 3545 5026; x_wconf 66' lang='lat' dir='ltr'><strong>matrem?</strong></span> 
     </span>
    </p>
   </div>
   <div class='ocr_carea' id='block_1_108' title="bbox 1954 5037 3541 5119">
    <p class='ocr_par' dir='ltr' id='par_1_108' title="bbox 1954 5037 3541 5119">
     <span class='ocr_line' id='line_1_108' title="bbox 1954 5037 3541 5119; baseline 0.016 -25"><span class='ocrx_word' id='word_1_837' title='bbox 1954 5037 2263 5112; x_wconf 82' lang='lat' dir='ltr'><strong>Utrumque</strong></span> <span class='ocrx_word' id='word_1_838' title='bbox 2294 5042 2488 5100; x_wconf 78' lang='lat' dir='ltr'><strong>factum</strong></span> <span class='ocrx_word' id='word_1_839' title='bbox 2530 5061 2651 5103; x_wconf 89' lang='lat' dir='ltr'><strong>esse</strong></span> <span class='ocrx_word' id='word_1_840' title='bbox 2679 5049 2967 5107; x_wconf 86' lang='lat' dir='ltr'><strong>verisimile</strong></span> <span class='ocrx_word' id='word_1_841' title='bbox 3005 5065 3107 5108; x_wconf 90' lang='lat' dir='ltr'><strong>est.</strong></span> <span class='ocrx_word' id='word_1_842' title='bbox 3150 5056 3369 5115; x_wconf 82' lang='lat' dir='ltr'><strong>Matrem</strong></span> <span class='ocrx_word' id='word_1_843' title='bbox 3398 5063 3541 5119; x_wconf 88' lang='lat' dir='ltr'><strong>enim</strong></span> 
     </span>
    </p>
   </div>
   <div class='ocr_carea' id='block_1_109' title="bbox 1952 5135 3543 5215">
    <p class='ocr_par' dir='ltr' id='par_1_109' title="bbox 1952 5135 3543 5215">
     <span class='ocr_line' id='line_1_109' title="bbox 1952 5135 3543 5215; baseline 0.016 -31"><span class='ocrx_word' id='word_1_844' title='bbox 1952 5143 2131 5185; x_wconf 87' lang='lat' dir='ltr'><strong>secum</strong></span> <span class='ocrx_word' id='word_1_845' title='bbox 2149 5147 2489 5203; x_wconf 87' lang='lat' dir='ltr'><strong>assumpsere</strong></span> <span class='ocrx_word' id='word_1_846' title='bbox 2513 5135 2579 5191; x_wconf 95' lang='lat' dir='ltr'><strong>ad</strong></span> <span class='ocrx_word' id='word_1_847' title='bbox 2603 5139 2859 5209; x_wconf 91' lang='lat' dir='ltr'><strong>majorem</strong></span> <span class='ocrx_word' id='word_1_848' title='bbox 2882 5145 3325 5215; x_wconf 88' lang='lat' dir='ltr'><strong>supplicationem</strong></span> <span class='ocrx_word' id='word_1_849' title='bbox 3349 5150 3543 5210; x_wconf 81' lang='lat' dir='ltr'><strong>facien-</strong></span> 
     </span>
    </p>
   </div>
   <div class='ocr_carea' id='block_1_110' title="bbox 1952 5222 3536 5309">
    <p class='ocr_par' dir='ltr' id='par_1_110' title="bbox 1952 5222 3536 5309">
     <span class='ocr_line' id='line_1_110' title="bbox 1952 5222 3536 5309; baseline 0.015 -32"><span class='ocrx_word' id='word_1_850' title='bbox 1952 5222 2074 5277; x_wconf 88' lang='lat' dir='ltr'><strong>dam</strong></span> <span class='ocrx_word' id='word_1_851' title='bbox 2102 5266 2116 5291; x_wconf 85' lang='lat'><strong>,</strong></span> <span class='ocrx_word' id='word_1_852' title='bbox 2149 5234 2205 5280; x_wconf 92' lang='lat' dir='ltr'><strong>ut</strong></span> <span class='ocrx_word' id='word_1_853' title='bbox 2229 5224 2497 5282; x_wconf 85' lang='lat' dir='ltr'><strong>Christum</strong></span> <span class='ocrx_word' id='word_1_854' title='bbox 2526 5229 2628 5287; x_wconf 91' lang='lat' dir='ltr'><strong>hoc</strong></span> <span class='ocrx_word' id='word_1_855' title='bbox 2658 5232 2817 5289; x_wconf 91' lang='lat' dir='ltr'><strong>modo</strong></span> <span class='ocrx_word' id='word_1_856' title='bbox 2844 5235 3143 5295; x_wconf 84' lang='lat' dir='ltr'><strong>ﬂeeterent.</strong></span> <span class='ocrx_word' id='word_1_857' title='bbox 3176 5241 3329 5309; x_wconf 92' lang='lat' dir='ltr'><strong>Quod</strong></span> <span class='ocrx_word' id='word_1_858' title='bbox 3359 5255 3536 5301; x_wconf 90' lang='lat' dir='ltr'><strong>autem</strong></span> 
     </span>
    </p>
   </div>
   <div class='ocr_carea' id='block_1_111' title="bbox 1952 5318 3540 5405">
    <p class='ocr_par' dir='ltr' id='par_1_111' title="bbox 1952 5318 3540 5405">
     <span class='ocr_line' id='line_1_111' title="bbox 1952 5318 3540 5405; baseline 0.014 -35"><span class='ocrx_word' id='word_1_859' title='bbox 1952 5331 2077 5372; x_wconf 88' lang='lat' dir='ltr'><strong>vere</strong></span> <span class='ocrx_word' id='word_1_860' title='bbox 2105 5318 2419 5388; x_wconf 85' lang='lat' dir='ltr'><strong>supplicatio</strong></span> <span class='ocrx_word' id='word_1_861' title='bbox 2444 5336 2628 5378; x_wconf 87' lang='lat' dir='ltr'><strong>eorum</strong></span> <span class='ocrx_word' id='word_1_862' title='bbox 2653 5324 2720 5380; x_wconf 93' lang='lat' dir='ltr'><strong>sit</strong></span> <span class='ocrx_word' id='word_1_863' title='bbox 2744 5367 2761 5393; x_wconf 93' lang='lat'><strong>,</strong></span> <span class='ocrx_word' id='word_1_864' title='bbox 2799 5336 2854 5383; x_wconf 91' lang='lat' dir='ltr'><strong>et</strong></span> <span class='ocrx_word' id='word_1_865' title='bbox 2879 5329 3019 5397; x_wconf 91' lang='lat' dir='ltr'><strong>quod</strong></span> <span class='ocrx_word' id='word_1_866' title='bbox 3058 5347 3168 5399; x_wconf 70' lang='lat' dir='ltr'><strong>prae</strong></span> <span class='ocrx_word' id='word_1_867' title='bbox 3198 5334 3401 5405; x_wconf 89' lang='lat' dir='ltr'><strong>pudore</strong></span> <span class='ocrx_word' id='word_1_868' title='bbox 3423 5353 3540 5392; x_wconf 92' lang='lat' dir='ltr'><strong>ma-</strong></span> 
     </span>
    </p>
   </div>
   <div class='ocr_carea' id='block_1_112' title="bbox 1952 5408 3534 5491">
    <p class='ocr_par' dir='ltr' id='par_1_112' title="bbox 1952 5408 3534 5491">
     <span class='ocr_line' id='line_1_112' title="bbox 1952 5408 3534 5491; baseline 0.013 -28"><span class='ocrx_word' id='word_1_869' title='bbox 1952 5415 2092 5463; x_wconf 87' lang='lat' dir='ltr'><strong>trem</strong></span> <span class='ocrx_word' id='word_1_870' title='bbox 2121 5408 2484 5479; x_wconf 88' lang='lat' dir='ltr'><strong>adhibuerint,</strong></span> <span class='ocrx_word' id='word_1_871' title='bbox 2513 5416 2787 5486; x_wconf 88' lang='lat' dir='ltr'><strong>perpende</strong></span> <span class='ocrx_word' id='word_1_872' title='bbox 2812 5421 3080 5491; x_wconf 84' lang='lat' dir='ltr'><strong>quomodo</strong></span> <span class='ocrx_word' id='word_1_873' title='bbox 3105 5421 3172 5478; x_wconf 88' lang='lat' dir='ltr'><strong>ad</strong></span> <span class='ocrx_word' id='word_1_874' title='bbox 3195 5424 3316 5481; x_wconf 87' lang='lat' dir='ltr'><strong>illos</strong></span> <span class='ocrx_word' id='word_1_875' title='bbox 3331 5441 3534 5483; x_wconf 87' lang='lat' dir='ltr'><strong>sermo-</strong></span> 
     </span>
    </p>
   </div>
   <div class='ocr_carea' id='block_1_113' title="bbox 1949 5499 2605 5575">
    <p class='ocr_par' dir='ltr' id='par_1_113' title="bbox 1949 5499 2605 5575">
     <span class='ocr_line' id='line_1_113' title="bbox 1949 5499 2605 5575; baseline 0.011 -22"><span class='ocrx_word' id='word_1_876' title='bbox 1949 5512 2091 5554; x_wconf 89' lang='lat' dir='ltr'><strong>mem</strong></span> <span class='ocrx_word' id='word_1_877' title='bbox 2119 5499 2365 5558; x_wconf 87' lang='lat' dir='ltr'><strong>Christus</strong></span> <span class='ocrx_word' id='word_1_878' title='bbox 2394 5502 2605 5575; x_wconf 89' lang='lat' dir='ltr'><strong>dirigat.</strong></span> 
     </span>
    </p>
   </div>
   <div class='ocr_carea' id='block_1_114' title="bbox 2026 5583 3532 5667">
    <p class='ocr_par' dir='ltr' id='par_1_114' title="bbox 2026 5583 3532 5667">
     <span class='ocr_line' id='line_1_114' title="bbox 2026 5583 3532 5667; baseline 0.01 -30"><span class='ocrx_word' id='word_1_879' title='bbox 2026 5583 2166 5653; x_wconf 83' lang='lat' dir='ltr'><strong>Quid</strong></span> <span class='ocrx_word' id='word_1_880' title='bbox 2194 5600 2307 5639; x_wconf 82' lang='lat' dir='ltr'><strong>vere</strong></span> <span class='ocrx_word' id='word_1_881' title='bbox 2331 5595 2555 5656; x_wconf 82' lang='lat' dir='ltr'><strong>peterent</strong></span> <span class='ocrx_word' id='word_1_882' title='bbox 2586 5588 2689 5659; x_wconf 79' lang='lat' dir='ltr'><strong>ﬁlii</strong></span> <span class='ocrx_word' id='word_1_883' title='bbox 2727 5589 2976 5648; x_wconf 77' lang='lat' dir='ltr'><strong>Zebedwi.</strong></span> <span class='ocrx_word' id='word_1_884' title='bbox 3001 5622 3073 5635; x_wconf 89' lang='grc'><strong>--</strong></span> <span class='ocrx_word' id='word_1_885' title='bbox 3093 5594 3204 5651; x_wconf 81' lang='grc' dir='ltr'><strong>1ωο</strong></span> <span class='ocrx_word' id='word_1_886' title='bbox 3225 5610 3354 5653; x_wconf 85' lang='lat' dir='ltr'><strong>vero</strong></span> <span class='ocrx_word' id='word_1_887' title='bbox 3385 5598 3532 5667; x_wconf 82' lang='lat' dir='ltr'><strong>prius</strong></span> 
     </span>
    </p>
   </div>
   <div class='ocr_carea' id='block_1_115' title="bbox 1951 5675 3530 5756">
    <p class='ocr_par' dir='ltr' id='par_1_115' title="bbox 1951 5675 3530 5756">
     <span class='ocr_line' id='line_1_115' title="bbox 1951 5675 3530 5756; baseline 0.009 -25"><span class='ocrx_word' id='word_1_888' title='bbox 1951 5675 2224 5733; x_wconf 84' lang='lat' dir='ltr'><strong>discamus</strong></span> <span class='ocrx_word' id='word_1_889' title='bbox 2250 5678 2375 5748; x_wconf 90' lang='lat' dir='ltr'><strong>quid</strong></span> <span class='ocrx_word' id='word_1_890' title='bbox 2408 5687 2621 5748; x_wconf 86' lang='lat' dir='ltr'><strong>petant;</strong></span> <span class='ocrx_word' id='word_1_891' title='bbox 2651 5698 2760 5746; x_wconf 86' lang='lat' dir='ltr'><strong>quo</strong></span> <span class='ocrx_word' id='word_1_892' title='bbox 2786 5686 2952 5739; x_wconf 90' lang='lat' dir='ltr'><strong>animi</strong></span> <span class='ocrx_word' id='word_1_893' title='bbox 2984 5689 3280 5756; x_wconf 87' lang='lat' dir='ltr'><strong>proposito,</strong></span> <span class='ocrx_word' id='word_1_894' title='bbox 3304 5700 3357 5747; x_wconf 91' lang='lat' dir='ltr'><strong>et</strong></span> <span class='ocrx_word' id='word_1_895' title='bbox 3386 5692 3530 5746; x_wconf 82' lang='lat' dir='ltr'><strong>unde</strong></span> 
     </span>
    </p>
   </div>
   <div class='ocr_carea' id='block_1_116' title="bbox 1952 5766 3513 5846">
    <p class='ocr_par' dir='ltr' id='par_1_116' title="bbox 1952 5766 3513 5846">
     <span class='ocr_line' id='line_1_116' title="bbox 1952 5766 3513 5846; baseline 0.008 -25"><span class='ocrx_word' id='word_1_896' title='bbox 1952 5769 2019 5823; x_wconf 87' lang='lat' dir='ltr'><strong>ad</strong></span> <span class='ocrx_word' id='word_1_897' title='bbox 2046 5769 2147 5823; x_wconf 86' lang='lat' dir='ltr'><strong>hoc</strong></span> <span class='ocrx_word' id='word_1_898' title='bbox 2177 5766 2392 5835; x_wconf 85' lang='lat' dir='ltr'><strong>impulsi</strong></span> <span class='ocrx_word' id='word_1_899' title='bbox 2422 5772 2547 5825; x_wconf 91' lang='lat' dir='ltr'><strong>sint.</strong></span> <span class='ocrx_word' id='word_1_900' title='bbox 2578 5771 2731 5829; x_wconf 90' lang='lat' dir='ltr'><strong>Unde</strong></span> <span class='ocrx_word' id='word_1_901' title='bbox 2756 5790 2884 5844; x_wconf 79' lang='lat' dir='ltr'><strong>ergo</strong></span> <span class='ocrx_word' id='word_1_902' title='bbox 2910 5776 2975 5831; x_wconf 83' lang='lat' dir='ltr'><strong>ad</strong></span> <span class='ocrx_word' id='word_1_903' title='bbox 3003 5776 3104 5832; x_wconf 88' lang='lat' dir='ltr'><strong>hoc</strong></span> <span class='ocrx_word' id='word_1_904' title='bbox 3128 5778 3340 5846; x_wconf 79' lang='lat' dir='ltr'><strong>impulsi</strong></span> <span class='ocrx_word' id='word_1_905' title='bbox 3368 5793 3513 5836; x_wconf 88' lang='lat' dir='ltr'><strong>sunt.</strong></span> 
     </span>
    </p>
   </div>
  </div>
