4034 6406
551 342 657 398 619

552 456 814 514 Videbunt
842 471 900 512 se
925 471 1037 528 pra:
1065 456 1184 511 aliis
1213 455 1266 511 in
1296 453 1501 512 honore
1525 471 1668 523 esse,
1692 465 1746 510 et
1777 455 1900 510 hinc
1923 471 1980 510 se
2003 456 2140 525 peti-

549 549 750 606 tionem
782 559 1206 620 consequuturos
1233 564 1353 606 esse
1393 549 1701 618 sperabant.
1744 548 1848 605 Sed
1890 549 2016 620 quid
2048 565 2144 618 pe-

551 641 707 696 tunt?
733 641 868 696 Audi
891 641 1052 699 alium
1070 641 1456 712 evangelistam
1483 641 1582 695 hoc
1607 639 1752 695 clare
1765 641 2141 710 explicantem.

546 733 698 803 Quod
729 735 894 801 enim,
927 736 1114 806 inquit.
1147 749 1311 805 prope
1331 733 1725 804 .lcrosolymam
1757 741 1963 797 essent,
1992 740 2142 802 puta-

545 835 773 896 rcntque
813 841 1034 896 regnum
1085 825 1176 880 Dei
1213 825 1434 894 jamjam
1466 822 1811 878 rcvelandnm
1837 837 1961 878 esse
1982 863 1999 889 ,
2025 821 2144 878 hzec

547 918 908 986 postulabant.
941 916 1336 972 Existimabam
1363 917 1530 984 enim,
1562 931 1782 986 regnum
1815 915 1942 970 illud
1975 929 2143 986 prope

542 1023 661 1061 esse
689 1017 746 1062 et
769 1007 870 1062 sub
898 1024 1115 1063 sensum
1138 1008 1351 1073 cadere,
1371 1023 1433 1062 ac
1451 1022 1510 1062 se
1525 997 1682 1077 quod
1706 1007 1953 1076 petebant
1970 1006 2140 1061 semel

540 1108 905 1168 consequutos
927 1139 944 1164 ,
977 1098 1110 1153 nihil
1139 1099 1293 1153 triste
1324 1112 1574 1167 passuros
1601 1113 1723 1152 esse
1747 1114 1760 1150 :
1795 1111 1968 1166 neque
1993 1097 2137 1150 enim

541 1189 671 1244 illttd
713 1199 935 1262 propter
981 1191 1084 1246 hoc
1128 1190 1301 1260 ipsum
1349 1201 1555 1246 tantutn
1595 1192 1886 1262 petebant,
1929 1193 2023 1246 sed
2081 1203 2138 1248 nt

539 1296 811 1336 a-rumnas
843 1282 1096 1336 vitarent.
1142 1279 1268 1335 Ideo
1301 1281 1548 1338 Christus
1591 1283 1767 1353 primo
1795 1283 1911 1337 illos
1940 1283 2007 1336 ab
2037 1281 2136 1338 hac

543 1373 873 1441 cogitatione
902 1372 1138 1439 abducit,
1166 1372 1359 1442 jubens
1379 1373 1576 1440 eaides,
1620 1375 1854 1444 pericula
1881 1383 1935 1430 et
1958 1386 2137 1428 extre-

539 1478 626 1518 ma
671 1479 898 1534 quaeque
921 1475 1252 1534 estectarc.
1282 1464 1374 1518 22.
1420 1463 1681 1533 Potestis,
1722 1465 1926 1535 inquit,
1974 1465 2139 1521 bibere

541 1555 776 1621 calicem,
801 1572 948 1626 quem
968 1571 1062 1627 ego
1087 1555 1333 1610 bibiturtts
1364 1557 1520 1610 sum?
1556 1556 1624 1611 At
1655 1571 1814 1611 nemo
1853 1556 2131 1622 turbetur,

539 1647 816 1716 apostolos
841 1648 918 1702 sic
945 1647 1284 1719 imperfectos
1311 1648 1519 1704 videns.
1553 1647 1800 1704 Nondum
1831 1650 1974 1704 enim
2001 1664 2128 1705 crux

538 1739 856 1806 advenerat,
892 1743 1128 1795 nondum
1154 1740 1386 1811 Spiritus
1409 1741 1577 1812 gratia
1605 1741 1724 1797 data
1756 1753 1889 1798 erat.
1913 1742 1968 1797 Si
1999 1746 2132 1801 velis

539 1846 718 1887 autem
752 1833 986 1904 ipsorum
1017 1832 1267 1888 virtutem
1298 1834 1558 1897 ediscere,
1581 1845 1704 1905 post
1725 1833 1841 1890 hsce
1867 1835 1985 1890 illos
2007 1851 2134 1890 con-

538 1923 736 1984 sidera.
772 1922 1087 1993 videbisque
1118 1925 1262 1994 ipsos
1292 1926 1439 1979 onmi
1468 1926 1656 1981 morbo
1689 1926 1853 1981 animi
1883 1928 2129 1996 superio-

538 2025 645 2068 res.
682 2012 910 2083 ideoque
935 2015 1080 2068 enim
1112 2014 1324 2070 illorutn
1353 2015 1787 2086 imperfectioues
1806 2019 2030 2084 revelat,
2076 2028 2133 2074 ut

542 2115 726 2175 postea
752 2107 892 2162 scias
934 2108 1122 2178 quales
1165 2123 1230 2164 ex
1279 2109 1445 2179 gratia
1485 2109 1605 2165 laeti
1637 2110 1764 2165 sint.
1786 2111 1938 2180 Quod
1971 2113 2130 2182 igitur

537 2196 670 2251 nihil
696 2197 978 2267 spirituale
999 2209 1324 2270 quarrercnt,
1351 2216 1523 2272 neque
1555 2202 1712 2257 ullam
1742 2204 1956 2274 superni
1979 2205 2130 2274 rcgtti

536 2292 778 2347 notitiam
825 2292 1106 2362 haberent,
1153 2293 1277 2350 hinc
1330 2293 1505 2366 palam
1553 2307 1657 2351 est.
1708 2297 1813 2368 Sed
1857 2297 2132 2353 videamus

535 2384 809 2454 quomodo
823 2384 1102 2449 accedant,
1128 2396 1182 2441 et
1201 2385 1326 2456 quid
1346 2386 1546 2442 dicant.
1578 2386 1838 2456 Volumus,
1864 2389 2128 2459 inquiunt,

533 2484 590 2528 ut
617 2475 970 2545 quodcumque
995 2477 1286 2546 petierimus
1317 2477 1477 2549 facins
1501 2477 1646 2532 nobis
1673 2479 1881 2548 '(Marc.
1916 2482 2002 2535 l0.
2033 2482 2124 2536 '55.

542 2567 657 2639 36).
725 2567 1036 2638 Respondet
1082 2568 1362 2637 Christus,
1412 2570 1549 2637 Quid
1587 2571 1778 2626 oultis.’
1829 2572 1944 2627 Non
1987 2573 2127 2644 quod

541 2661 840 2728 ignoraret,
887 2659 980 2714 sed
1015 2669 1073 2714 ut
1102 2670 1319 2730 cogeret
1350 2661 1470 2716 illos
1509 2661 1856 2731 respondere.
1897 2674 1951 2718 et
1981 2664 2132 2720 ulcus

535 2751 880 2822 patefaceret,
909 2761 965 2805 nt
988 2751 1282 2807 remedium
1313 2753 1389 2808 illi
1419 2753 1716 2809 adhiberet.
1751 2754 1829 2810 Illi
1854 2771 1980 2810 vero
2010 2770 2131 2810 eru-

534 2841 841 2913 bescentes,
889 2831 1032 2916 quod
1075 2861 1142 2900 ex
1193 2845 1428 2903 humano
1467 2847 1659 2902 alii-ctu
1685 2863 1749 2902 eo
1774 2847 2010 2902 animttm
2036 2841 2132 2919 ap-

533 2935 818 3006 pulissent,
849 2938 1075 2992 seorsitn
1106 2939 1172 2994 ab
1199 2937 1320 2994 aliis
1346 2939 1620 3008 discipulis
1646 2939 1931 2994 abductum
1967 2941 2134 2997 inter-

534 3035 810 3096 rogarunt.
841 3027 1248 3085 Pnecesserunt
1277 3030 1443 3096 enim,
1490 3030 1680 3101 inquit,
1722 3048 1789 3087 ne
1825 3032 2129 3102 deprehen-

532 3118 792 3175 derentur
837 3121 906 3175 ab
953 3120 1111 3188 aliis,
1162 3131 1214 3177 et
1259 3122 1340 3178 sic
1382 3138 1503 3192 quae
1558 3123 1810 3179 volebant
1854 3125 2124 3182 dixerunt.

535 3209 798 3266 Volebant
847 3221 1051 3279 autem,
1101 3222 1159 3268 ut
1205 3228 1305 3284 ego
1357 3214 1610 3280 arbitror,
1657 3216 1782 3286 quia
1816 3217 2123 3286 audierunt,

533 3303 786 3360 Scdebitis
813 3322 966 3375 super
988 3307 1195 3361 thronos
1223 3309 1489 3362 duodecim
1513 3308 1728 3380 (Matth.
1755 3309 1838 3365 l9.
1871 3310 1986 3382 28),
2023 3312 2129 3382 pri-

539 3415 687 3454 mutn
715 3413 1028 3456 consessum
1053 3401 1366 3472 impetrare.
1413 3401 1666 3460 Sciebant
1705 3417 1867 3471 porro
1906 3418 1965 3458 se
1993 3404 2130 3459 alios

535 3491 888 3558 antecedere;
933 3492 1196 3547 timebant
1222 3507 1350 3547 vero
1376 3492 1634 3560 Petrum,’
1665 3508 1728 3548 ac
1765 3493 1948 3549 dicunt
1981 3513 1995 3548 :
2028 3493 2127 3550 Dic

535 3597 593 3642 ut
633 3587 807 3642 sedeat
845 3603 976 3644 unus
1011 3603 1042 3640 a
1089 3587 1280 3642 dextris
1307 3587 1427 3654 tuis,
1455 3598 1502 3641 et
1532 3603 1663 3641 unus
1687 3605 1722 3642 α
1747 3588 1968 3644 sinistris
1996 3605 2016 3644 :
2045 3590 2128 3657 ip-

535 3694 761 3750 sumque
789 3688 979 3750 uigent
1010 3679 1112 3736 hoc
1136 3679 1321 3741 verbo,
1353 3676 1472 3732 Dic.
1501 3677 1637 3751 Quid
1687 3679 1844 3752 igitur
1889 3679 2021 3734 ille?
2056 3678 2126 3740 Ut

534 3772 782 3828 ostendat
813 3771 934 3826 illos
967 3769 1375 3842 nec’spirituale
1403 3769 1676 3842 quidpiam
1710 3781 1911 3841 petere,
1955 3786 2127 3842 neque

537 3863 584 3919 si
628 3863 830 3926 scirent
872 3861 997 3933 quid
1043 3861 1145 3920 hoc
1189 3869 1352 3927 esset,
1397 3875 1650 3932 umquam
1691 3872 1873 3931 petere
1901 3874 2128 3918 ausuros

537 3952 729 4017 fuisse,
755 3952 830 4014 ait
863 3969 878 4011 :
907 3951 996 4006 22.
1031 3947 1252 4008 Nescitis
1277 3952 1400 4021 quid
1427 3953 1647 4022 petatis;
1682 3968 1840 4022 quam
1874 3968 2125 4022 magnum

533 4057 733 4114 nempe
771 4042 862 4108 sit,
890 4057 1050 4112 quam
1083 4042 1350 4107 mirabile,
1393 4059 1552 4112 quam
1595 4055 1811 4113 superet
1843 4043 1985 4114 ipsas
2034 4059 2126 4100 su-

535 4149 731 4208 pernas
771 4142 1084 4206 potestates.
1120 4131 1320 4190 Deinde
1347 4133 1622 4204 subjungit
1653 4152 1666 4189 :
1702 4133 1922 4190 Potestis
1959 4136 2125 4192 bibere

527 4225 761 4293 calicem,
789 4241 936 4296 quem
961 4242 1052 4296 ego
1077 4226 1323 4279 bibiturus
1355 4241 1466 4280 sum
1484 4266 1499 4290 ,
1534 4235 1579 4280 et
1607 4225 1875 4296 baptismo,
1904 4245 2005 4297 quo
2033 4245 2123 4300 ego

529 4318 779 4394 baptisor,
820 4317 1068 4389 baptizari
1111 4315 1301 4388 (Marc.
1329 4316 1418 4372 10.
1462 4316 1598 4388 38)?
1630 4317 1817 4373 Viden'
1853 4320 2126 4390 quomodo

529 4414 712 4472 statim
751 4413 822 4469 ab
860 4413 960 4467 hac
1005 4411 1255 4482 opinione
1307 4411 1432 4469 illos
1469 4410 1717 4478 abducat,
1769 4427 1800 4466 a
1839 4414 2124 4471 centrariis

529 4506 678 4581 ipsos
705 4505 1026 4579 alloquens?
1058 4503 1166 4560 Vos
1187 4502 1399 4575 quidem
1430 4503 1498 4559 de
1528 4502 1732 4558 honore
1761 4504 1933 4575 deque
1959 4518 2121 4559 coro-

531 4600 617 4656 nis
661 4613 870 4654 meeum
908 4596 1210 4668 loquimini,
1262 4593 1468 4664 inquit;
1516 4609 1616 4666 ego
1665 4609 1792 4650 vero
1837 4593 1906 4650 de
1943 4603 2121 4651 certa-

531 4692 768 4749 minibus
793 4690 941 4747 etde
968 4689 1259 4746 sudoribus
1287 4688 1498 4759 loquor.
1543 4687 1660 4743 Non
1707 4699 1790 4743 est
1829 4689 1974 4744 enim
2020 4687 2122 4744 hoe

528 4783 874 4856 praemiorum
911 4792 1142 4853 tempus,
1176 4795 1352 4850 neque
1394 4793 1537 4835 nunc
1559 4779 1726 4850 gloria
1758 4779 1841 4834 illa
1877 4793 1995 4837 mea
2023 4795 2121 4850 ap-

533 4875 745 4952 parebit
769 4892 785 4942 ;
835 4873 930 4931 sed
962 4888 1201 4948 praesens
1226 4875 1332 4928 vita
1359 4881 1442 4927 est
1471 4871 1719 4938 caedium,
1740 4869 1864 4926 belli
1886 4885 1950 4926 ac
1975 4872 2118 4942 peri-

529 4965 794 5022 culorum.
841 4965 907 5022 Et
947 4965 1068 5021 vide
1115 4979 1224 5036 quo
1273 4973 1430 5034 pacto
1465 4978 1533 5020 ex
1565 4962 1727 5017 modo
1757 4963 2118 5033 interrogandi

527 5066 585 5114 et
629 5056 872 5114 hortetur
916 5065 973 5113 et
1014 5055 1210 5114 trahat.
1254 5054 1440 5126 Neque
1483 5056 1628 5112 enim
1672 5053 1841 5120 dixit,
1887 5054 2120 5110 PoteStis

527 5148 730 5205 credem
765 5135 980 5204 ferre“!
1002 5147 1228 5220 potestis
1258 5146 1570 5218 sanguinem
1595 5154 1832 5202 vestrum
1865 5143 2122 5201 fundere?

526 5242 624 5299 sed
667 5240 978 5313 quomodo?
1026 5239 1244 5295 Potestis
1288 5238 1452 5294 bibere
1493 5238 1700 5293 calicem
1723 5237 1750 5293 .’
1775 5237 1978 5293 Deinde
2006 5236 2123 5292 alli-

527 5336 678 5391 ciens
706 5349 801 5390 eos
827 5333 903 5388 ait
931 5349 946 5389 :
977 5332 1138 5402 Quem
1168 5349 1258 5402 ego
1283 5331 1531 5387 bibiturus
1558 5347 1673 5386 sum
1720 5345 1740 5385 :
1783 5339 1842 5385 ut
1879 5345 1946 5385 ex
1989 5344 2118 5408 con-

528 5429 697 5483 sortlo
723 5441 823 5482 suo
849 5425 1206 5498 promptiores
1235 5424 1442 5480 tierent.
1497 5424 1766 5494 Baptisma
1806 5433 1983 5478 autem
2021 5415 2117 5478 vo-

526 5531 611 5576 cat
650 5519 802 5586 illud,
851 5518 1142 5576 ostendens
1187 5532 1432 5589 magnam
1461 5517 1586 5573 inde
1625 5517 1994 5588 purgationem
2023 5517 2118 5572 toti

529 5611 641 5666 orbi
690 5609 824 5667 fore.
867 5610 1059 5667 Postea
1099 5609 1285 5666 dicunt
1329 5609 1428 5676 illi,
1471 5607 1772 5667 Possumus.
1826 5607 1906 5663 Ex
1952 5607 2115 5664 animi

591 5783 608 5815 ³
633 5789 762 5843 Haec,
791 5783 985 5838 Potestis
1007 5784 1194 5837 credent
1213 5785 1364 5848 ferre,
1386 5783 1568 5835 desunt
1589 5782 1637 5833 in
1663 5780 1824 5834 Morel.

1244 341 1300 396 S.
1342 339 1622 398 JUANNIS
1656 340 2125 400 CllllYSOSTOMI
2167 344 2488 402 ABClllEP.
2528 319 3066 407 CONSTANTiNOP.

3720 365 3819 428 σεο

2253 457 2466 512 {crvore
2489 461 2665 513 statim
2697 463 3034 532 promittunt,
3081 467 3380 524 nescientes
3408 471 3530 542 quid
3557 472 3812 544 dicerent,

2249 547 2346 600 sed
2405 560 2813 618 exstteetantes,
2881 568 2940 608 se
2981 557 3124 626 quod
3167 559 3412 627 petebant
3459 564 3816 633 impetraturos

2248 652 2387 694 esse.
2414 639 2551 708 Quid
2581 643 2738 712 igitur
2767 646 2898 701 ille?
2941 647 3030 702 35.
3059 647 3278 705 Calicem
3311 653 3520 728 quidem
3561 673 3721 712 meum
3748 659 3814 713 bi-

2247 729 2401 798 betis,
2448 744 2494 786 et
2533 735 2853 806 baptismate.
2894 757 2992 811 quo
3034 757 3124 812 ego
3167 744 3414 814 baptizor,
3457 747 3814 816 baptiubimini

2250 820 2440 892 (Marc.
2474 823 2561 880 10.
2592 826 2704 897 59).
2748 829 2932 898 Magna
2982 832 3089 888 illis
3129 836 3463 904 prophetarit
3507 837 3674 905 bona;
3723 842 3815 897 hoc

2245 922 2349 977 est,
2381 913 2636 987 Martyrio
2665 919 3036 990 dignttbitttitti,
3064 935 3116 979 et
3147 925 3260 980 hate
3290 928 3561 997 patiemini
3585 948 3698 1000 Qllil‘.
3724 948 3816 1003 ego

2251 1007 2442 1074 patiar.
2473 1007 2706 1065 violenta
2737 1026 2911 1069 morte
2952 1017 3112 1070 vitam
3164 1019 3536 1089 terminabitis,
3565 1023 3616 1076 in
3641 1024 3815 1095 hisque

2251 1098 2379 1154 mihi
2441 1117 2719 1160 consortes
2787 1110 2956 1164 eritis.
3015 1111 3205 1168 Sedere
3243 1125 3409 1169 autem
3449 1117 3520 1170 ad
3574 1119 3814 1174 dexteram

2245 1206 2406 1244 nteant
2451 1204 2499 1248 et
2541 1195 2610 1247 ad
2651 1199 2910 1253 sinistram
2956 1219 3052 1257 non
3097 1214 3168 1258 est
3212 1222 3378 1260 meum
3423 1207 3565 1274 dare,
3595 1211 3684 1263 sed
3706 1212 3812 1282 qui-

2241 1279 2332 1333 bus
2383 1295 2614 1352 paratum
2657 1299 2728 1343 est
2764 1307 2796 1343 a
2840 1291 2992 1347 Patre
3036 1312 3164 1352 meo.
3717 1279 3730 1312 ἶ

2317 1375 2351 1429 3
2416 1377 2701 1449 Postquam
2736 1383 2945 1438 illorum
2987 1387 3195 1442 animos
3217 1389 3417 1454 erexit,
3465 1390 3810 1447 sublimiores-

2241 1483 2346 1536 qtte
2385 1469 2529 1537 fecit,
2577 1474 2799 1544 illosque
2826 1494 3060 1535 ntmrorc
3088 1484 3393 1547 Superiores
3425 1484 3669 1548 reddidit,
3699 1496 3812 1542 tunc

2239 1561 2447 1618 illorum
2479 1567 2784 1634 petitionem
2811 1573 3049 1642 corrigit.
3097 1574 3199 1630 Sed
3238 1575 3362 1646 quid
3389 1585 3473 1630 cst
3512 1577 3647 1647 quod
3685 1575 3809 1633 nunc

2237 1651 2473 1709 dicitur?
2500 1654 2632 1712 Nam
2665 1657 2772 1714 duo
2801 1673 3111 1732 qua-runtur
3139 1683 3168 1720 a
3203 1667 3380 1722 multis
3405 1684 3419 1732 ;
3469 1671 3660 1738 primo,
3692 1686 3806 1724 nunt

2239 1754 2481 1814 paratum
2511 1749 2741 1818 cuipiam
2777 1753 2846 1807 sit
2887 1755 3077 1810 sedere
3103 1774 3130 1808 a
3161 1758 3364 1812 dextris
3385 1759 3540 1828 ejus;
3570 1761 3804 1826 secundo,

2237 1849 2364 1890 num
2409 1839 2646 1894 omnium
2679 1833 2933 1898 Dominus
2962 1861 3066 1900 non
3092 1849 3254 1916 possit
3282 1849 3384 1903 illis
3418 1851 3672 1919 przelicre,
3705 1852 3812 1920 qni-

2237 1926 2334 1981 bus
2355 1941 2594 1997 paratum
2619 1942 2722 1989 est.
2741 1933 2877 2003 Quid
2903 1951 3032 2005 ergo
3053 1950 3134 1994 est
3166 1939 3327 1994 illud?
3353 1941 3406 1996 Si
3433 1944 3654 2014 primam
3679 1959 3797 2012 qutu-

2234 2019 2464 2074 stionem
2509 2023 2848 2092 solverimus,
2894 2029 3125 2083 secunda
3153 2032 3292 2085 clara
3322 2033 3422 2087 erit
3445 2034 3805 2103 quaerentibus.

2233 2109 2373 2175 Quid
2414 2127 2543 2183 ergo
2584 2113 2714 2170 illud
2759 2119 2885 2172 est?
2929 2118 3095 2174 Nemo
3127 2122 3192 2175 ad
3220 2123 3493 2178 dexteram
3525 2125 3636 2194 ejus
3669 2126 3787 2181 sede

2236 2202 2333 2265 hit,
2381 2220 2554 2275 neque
2587 2205 2654 2260 ad
2697 2207 2988 2264 sinistram.
3037 2209 3344 2269 lnaccessus
3370 2216 3512 2270 enim
3541 2228 3619 2273 est
3647 2219 3803 2273 omni-

2237 2294 2337 2349 bus
2389 2295 2612 2353 thronus
2659 2297 2752 2354 ille
2802 2315 2817 2354 :
2867 2316 2975 2356 non
3017 2301 3322 2359 hominibus
3353 2317 3557 2363 tantum
3586 2310 3719 2376 dico,
3759 2321 3807 2365 et

2236 2390 2436 2444 sanctis
2465 2401 2519 2444 et
2549 2392 2824 2462 apostolis,
2871 2393 2964 2448 scd
3006 2397 3165 2450 etiam
3197 2399 3425 2468 angelis,
3469 2402 3804 2472 archangelis,

2236 2491 2291 2535 et
2327 2481 2579 2536 omnibus
2617 2485 2862 2550 supernis
2910 2487 3283 2554 potestatibus.
3311 2490 3467 2557 Quod
3509 2493 3651 2562 quasi
3685 2507 3807 2562 pra:-

2235 2572 2525 2641 rogativam
2577 2571 2845 2644 Unigeniti
2887 2579 3034 2645 ponit
3081 2577 3278 2634 Paulus
3316 2581 3548 2636 dicens:
3578 2584 3808 2652 Adquem

2233 2661 2400 2718 autem
2427 2665 2719 2736 angelorum
2761 2668 2890 2720 dixit
2928 2685 3164 2738 umquam
3195 2687 3214 2725 :
3243 2671 3378 2727 Sede
3403 2690 3440 2726 a
3467 2674 3650 2728 dea-tris
3676 2669 3803 2739 meis,

2235 2755 2394 2809 donec
2436 2773 2620 2824 ponam
2648 2758 2878 2812 inimicos
2913 2769 3025 2813 tuos
3060 2762 3331 2815 scabellum
3373 2765 3556 2832 pedum
3585 2772 3808 2824 tuorum?

2231 2847 2303 2901 Et
2356 2849 2425 2901 ad
2471 2850 2680 2920 angelos
2729 2851 2929 2920 quidem
2979 2853 3094 2906 ait:
3136 2853 3236 2919 Qui
3286 2855 3408 2926 facit
3461 2858 3661 2929 angelos
3702 2874 3806 2913 suos

2231 2943 2479 3013 spiritus;
2528 2945 2597 2996 ad
2641 2942 2834 2997 Filium
2880 2955 3046 2998 autem
3067 2987 3082 3011 ,
3109 2943 3342 3001 Tltronus
3375 2957 3528 3012 tuus,
3558 2949 3690 3004 Deus
3709 2993 3722 3013 ,
3757 2950 3803 3002 in

2240 3034 2487 3090 «erutum
2539 3037 2716 3090 saeculi
2760 3035 2946 3105 (llebr.
2991 3038 3043 3091 l.
3093 3037 3180 3093 l3.
3227 3039 3283 3095 7.
3324 3039 3389 3104 8;
3433 3038 3576 3096 Psal.
3620 3041 3800 3110 109.1;

2240 3125 2360 3182 l03.
2389 3128 2444 3192 4;
2474 3127 2562 3182 44.
2587 3125 2662 3200 7).
2705 3127 2983 3194 Quomodo
3010 3129 3168 3195 igitur
3196 3130 3342 3194 dicit,
3377 3130 3572 3186 Sedere
3597 3143 3750 3186 autem
3774 3149 3801 3184 a

2227 3215 2423 3272 dextris
2466 3229 2512 3272 et
2553 3219 2771 3273 sinistris
2798 3236 2897 3272 non
2941 3217 3024 3274 cst‘
3051 3238 3216 3274 meum
3245 3221 3368 3276 dare
3388 3222 3415 3277 .’
3442 3239 3508 3278 an
3531 3217 3665 3294 Quod
3695 3225 3799 3294 qui-

2231 3310 2350 3365 datn
2379 3310 2486 3366 sint
2509 3313 2600 3383 qui
2627 3312 2826 3367 sessuri
2869 3312 3035 3366 sunt?
3069 3313 3304 3381 Minime,
3351 3315 3493 3372 absit
3538 3336 3552 3372 :
3595 3317 3682 3372 sed
3724 3331 3801 3371 re-

2230 3403 2447 3472 Lspondit
2476 3403 2769 3459 secundum
2797 3406 3104 3474 Opinionem
3136 3405 3603 3477 interrogantium,
3631 3422 3800 3462 eorum

2231 3493 2524 3550 inlirmitati
2555 3510 2615 3551 se
2655 3504 3036 3566 attempersns.
3066 3495 3250 3568 Neque
3273 3499 3416 3553 enim
3453 3499 3645 3569 aliquid
3671 3497 3800 3554 scic-

2231 3583 2359 3638 bant
2401 3584 2469 3639 de
2507 3586 2722 3641 sublimi
2773 3587 2862 3641 illo
2911 3589 3140 3653 throno,
3180 3604 3356 3660 neque
3383 3588 3454 3645 de
3483 3590 3609 3644 sede
3635 3589 3715 3643 illa
3741 3587 3798 3642 ad

2228 3675 2503 3731 dexteram
2537 3676 2730 3743 Patris,
2781 3678 2994 3748 quando
3022 3679 3184 3734 etiam
3218 3679 3300 3735 his
3338 3681 3498 3751 longe
3531 3681 3794 3743 inferiora,

2229 3781 2349 3836 qua:
2386 3767 2625 3836 quotidie
2669 3768 2779 3824 illis
2824 3769 3250 3839 inculcabantur,
3295 3773 3614 3843 ignorabant
3657 3789 3671 3828 :
3715 3770 3797 3826 Sed

2229 3871 2392 3912 unum
2421 3866 2627 3914 tantum
2657 3860 2987 3930 quzerebant,
3020 3869 3078 3914 ut
3118 3861 3322 3938 primos
3349 3878 3635 3919 consessus
3661 3872 3798 3916 tene-

2227 3958 2368 4016 rent,
2411 3958 2466 4006 et
2507 3962 2633 4006 ante
2657 3951 2794 4006 alios
2827 3952 3097 4018 sederent,
3126 3943 3455 4023 atqueapud
3490 3955 3634 4010 illum
3659 3969 3686 4006 a
3711 3968 3797 4006 ne-

2227 4043 2372 4098 mine
2418 4043 2888 4114 prazcederentur;
2943 4045 3086 4115 quia,
3136 4054 3195 4100 ut
3219 4046 3328 4115 jam
3359 4047 3495 4112 dixi,
3539 4038 3798 4101 Duodecim

2225 4133 2434 4190 thronos
2457 4133 2754 4200 audierant,
2791 4137 3095 4206 ignorantes
3120 4137 3244 4205 quid
3273 4135 3375 4192 hoc
3399 4149 3567 4200 esset.
3589 4137 3796 4206 primum

2225 4215 2539 4281 consessum
2587 4226 2935 4297 quresierunt.
2996 4227 3110 4283 Hoc
3152 4230 3332 4300 itaque
3365 4228 3500 4284 dicit
3529 4228 3795 4284 Christus:

2228 4314 2454 4388 Propter
2483 4331 2570 4372 me
2600 4316 2815 4387 quidem
2845 4317 3165 4384 moriemini,
3207 4327 3262 4374 et
3298 4333 3395 4388 pro
3436 4317 3797 4391 pra-dicatione

2229 4407 2671 4475 immolabimini,
2725 4417 3114 4479 consortesque
3159 4410 3292 4465 mihi
3342 4410 3604 4480 passionis
3640 4409 3793 4464 eritis.

2225 4499 2407 4570 Neque
2453 4510 2630 4557 tamen
2681 4501 2782 4556 hoc
2826 4501 2956 4556 satis
2999 4511 3103 4570 est,
3146 4510 3205 4556 ut
3240 4503 3469 4572 primum
3503 4512 3792 4558 consessum

2223 4596 2378 4650 vobis
2411 4594 2683 4663 conciliet,
2717 4602 2881 4667 utque
2930 4595 3159 4666 primum
3189 4594 3436 4651 ordinem
3467 4595 3702 4650 teneatis.
3743 4589 3792 4644 Si

2223 4687 2342 4757 quis
2388 4701 2518 4742 vero
2545 4687 2682 4742 alius
2708 4687 2917 4743 venerit
2954 4688 3271 4760 martyrium
3313 4703 3526 4759 passus,
3563 4688 3793 4741 virtutes-

2223 4796 2326 4848 que
2367 4781 2500 4835 alias
2525 4795 2713 4836 omnes
2741 4781 2982 4837 obtineat
3019 4781 3308 4852 perfectius
3332 4796 3490 4851 quam
3518 4795 3609 4835 vos
3640 4795 3653 4831 :
3682 4777 3790 4830 licet

2223 4889 2319 4928 vos
2339 4888 2439 4944 ego
2463 4872 2702 4944 diligam,
2733 4882 2789 4928 et
2817 4873 2937 4929 aliis
2967 4888 3296 4944 prmponam,
3315 4887 3423 4928 non
3454 4871 3572 4927 ideo
3593 4869 3792 4939 repulso

2224 4957 2338 5032 illo,
2373 4967 2462 5037 qui
2491 4982 2556 5022 ex
2585 4968 2838 5040 operibus
2877 4967 3218 5037 prtedieatur,
3246 4965 3399 5020 vobis
3427 4966 3623 5035 primas
3646 4961 3788 5016 dabo.

2223 5056 2421 5112 Verum
2451 5056 2564 5112 hzec
2595 5058 2664 5111 ita
2697 5073 2802 5112 non
2833 5057 2988 5122 dixit,
3031 5072 3100 5113 ne
3125 5055 3368 5113 dolorem
3401 5057 3654 5118 inferret;
3705 5046 3787 5104 sed

2223 5147 2557 5219 acnigtnatice
2597 5148 2648 5202 id
2695 5148 2998 5204 subindieat
3037 5149 3224 5204 dicens
3275 5164 3290 5203 :
3336 5147 3556 5204 Calicem
3606 5141 3788 5210 quidem

2223 5256 2387 5293 nteum
2412 5240 2608 5306 bibatis,
2640 5251 2687 5296 et
2716 5240 3033 5312 baptismate,
3069 5257 3168 5310 quo
3193 5256 3284 5312 ego
3305 5241 3550 5310 baptisor,
3578 5233 3788 5305 baptiza-

2221 5329 2400 5384 bimini
2427 5346 2447 5384 :
2473 5331 2648 5385 sedere
2673 5342 2840 5386 autem
2877 5331 2946 5384 ad
2973 5331 3207 5386 dextram
3255 5341 3302 5386 et
3345 5330 3599 5386 sinistram
3642 5338 3788 5379 nteant

2223 5437 2324 5476 non
2348 5430 2418 5475 est
2448 5438 2611 5475 meum
2639 5424 2780 5489 dare,
2821 5423 2910 5477 sed
2950 5424 3130 5493 quibus
3174 5433 3410 5492 paratum
3461 5431 3534 5475 est
3570 5436 3601 5472 a
3651 5416 3787 5469 Pam

2223 5529 2355 5567 meo.
2403 5511 2732 5583 Quibusnam
2781 5525 3022 5584 paratutn
3069 5518 3192 5570 est?
3237 5514 3304 5569 lis
3343 5512 3524 5584 qttiah
3552 5506 3786 5579 operibus

2226 5615 2449 5675 possunt
2491 5606 2761 5675 conspicui
2803 5607 3093 5662 evadere‘.
3149 5606 3273 5661 Ideo
3319 5621 3422 5661 non
3465 5602 3633 5664 dixit,
3680 5596 3782 5652 Non

2288 5789 2304 5815 ‘
2331 5786 2444 5846 Alii,
2470 5791 2662 5849 possunt
2685 5781 2968 5849 insigniores
2989 5787 3208 5836 evadere.
