4034 6466
381 346 477 402 ιιι

379 472 459 518 est
503 476 683 517 meum
727 461 880 528 dare,
929 460 1024 517 sed
1074 461 1246 516 Patris
1291 461 1417 528 mei,
1457 477 1526 516 ne
1548 463 1669 532 quis
1694 460 1962 518 inﬁrmum

378 553 598 620 diceret,
637 554 788 623 quasi
832 566 939 607 non
985 561 1164 621 posset
1204 553 1292 607 ille
1332 557 1635 609 mercedem
1665 553 1811 609 dare.
1856 553 1962 609 Sed

378 643 689 711 quomodo?
719 642 839 698 Non
868 654 937 699 est
973 660 1162 710 meum,
1196 646 1285 698 sed
1311 645 1374 697 iis
1401 645 1579 713 quibus
1607 653 1840 715 paratum
1868 654 1961 699 est.

380 732 447 788 lit
474 743 656 787 autem
687 734 737 788 id
770 734 912 803 quod
940 734 1059 788 dico
1086 734 1284 788 clarius
1310 736 1399 799 sit,
1428 736 1675 805 exemplo
1706 735 1833 790 illud
1864 752 1961 792 cx-

377 824 659 895 plicemus,
703 833 760 880 et
804 841 1062 895 ponamus
1100 841 1222 880 esse
1250 826 1533 895 quemdam
1562 826 1958 894 agouothetam,

374 917 571 972 deinde
617 917 815 972 multos
873 917 1100 973 athletas
1158 918 1390 988 optimos
1442 920 1495 973 in
1540 919 1641 974 hoc
1688 929 1957 976 certamen

372 1006 726 1074 descendere,
760 1018 814 1063 et
857 1013 1173 1064 accedentes
1223 1010 1360 1065 duos
1410 1010 1640 1066 athletas
1663 1015 1959 1081 agnitothe-

373 1100 482 1154 tba:
511 1100 745 1154 maxime
787 1100 1080 1156 familiares
1121 1101 1324 1164 dicere,
1370 1101 1478 1157 Fac
1525 1113 1584 1156 ut
1637 1118 1959 1159 comitentur

370 1206 427 1251 et
495 1197 923 1266 promulgemur,
988 1196 1104 1267 ejus
1169 1196 1417 1252 amicitia:
1468 1205 1525 1252 et
1571 1197 1958 1253 benevolentia:

372 1287 596 1342 fidentes
621 1303 636 1353 ;
669 1288 819 1342 illum
851 1303 979 1342 vero
1006 1289 1337 1359 respondere
1360 1330 1376 1356 ,
1400 1288 1515 1344 Non
1542 1298 1626 1345 est
1650 1306 1827 1345 meum
1856 1290 1957 1346 hoc

368 1380 502 1433 dare
546 1377 721 1442 vobis,
770 1379 864 1433 sed
908 1379 1100 1449 quibus
1126 1379 1196 1434 ob
1224 1380 1435 1435 labores
1458 1391 1511 1436 et
1539 1381 1764 1437 sudores
1798 1397 1956 1454 para-

370 1480 479 1523 tum
500 1479 583 1524 est
611 1486 625 1522 :
657 1485 782 1525 num
811 1484 938 1541 ergo
969 1471 1118 1525 illum
1161 1470 1362 1524 nullius
1387 1486 1509 1526 esse
1537 1475 1792 1541 potentia:
1810 1472 1954 1542 judi-

364 1562 646 1616 cahimus!
704 1562 1047 1632 Nequaquam
1080 1580 1092 1617 :
1122 1562 1216 1617 sed
1242 1564 1312 1617 ob
1336 1562 1594 1632 justitiam
1620 1564 1953 1634 iniquitatem-

364 1668 472 1722 que
498 1652 852 1708 laudabimus.
885 1651 953 1709 Ut
989 1655 1147 1724 igitur
1176 1654 1325 1708 illum
1359 1668 1464 1707 non
1493 1653 1818 1723 diceremus,
1862 1670 1953 1709 co-

363 1755 552 1795 ronam
596 1743 718 1798 ideo
760 1759 867 1798 non
911 1742 1060 1807 dare,
1113 1742 1251 1813 quod
1296 1759 1400 1799 non
1444 1753 1645 1815 posset,
1688 1745 1782 1801 sed
1812 1745 1953 1816 quod

363 1836 531 1889 nollet
560 1835 729 1906 legem
771 1837 1123 1891 certaminum
1162 1837 1377 1904 violare,
1428 1853 1600 1909 neque
1635 1838 1771 1908 juris
1806 1840 1951 1894 ordi-

364 1941 489 1981 nem
518 1926 769 1983 turhare:
798 1928 878 1984 sic
921 1936 975 1983 et
1013 1927 1283 1983 Christum
1318 1929 1433 1985 haec
1465 1929 1668 1986 dixisse
1705 1930 1951 1986 credide-

362 2017 488 2081 rim,
519 2019 754 2089 undique
784 2020 906 2075 illos
940 2020 1317 2087 concitantem,
1362 2032 1417 2076 ιιι
1449 2034 1569 2093 post
1598 2023 1693 2079 Dei
1724 2024 1949 2095 gratiam

363 2108 421 2163 in
471 2108 611 2163 bona
646 2124 806 2179 opera
856 2124 951 2165 sua
998 2126 1146 2181 Spem
1190 2112 1377 2167 salutis
1401 2122 1456 2169 et
1485 2114 1666 2184 gloria:
1695 2114 1945 2171 referant.

360 2199 489 2255 Ideo
533 2200 682 2267 dicit,
732 2201 925 2268 Quibus
964 2212 1199 2272 paratum
1235 2215 1334 2259 est.
1387 2203 1525 2273 Quid
1553 2206 1720 2273 enim,
1766 2208 1860 2274 ait,
1903 2208 1950 2263 si

359 2293 451 2349 alii
473 2293 624 2348 vobis
645 2295 894 2350 meliores
924 2297 1255 2367 appareant?
1298 2296 1424 2367 quid
1473 2298 1519 2352 si
1565 2299 1788 2354 meliora
1821 2314 1952 2370 ope-

358 2388 590 2441 rentur?
640 2386 777 2442 Num
800 2389 921 2458 quia
948 2388 1194 2458 discipuli
1223 2389 1329 2445 mei
1360 2388 1553 2455 fuistis,
1599 2390 1722 2445 ideo
1749 2392 1950 2460 primos

358 2492 647 2533 consessus
673 2479 1021 2549 oceupabitis,
1051 2480 1154 2534 nisi
1185 2479 1448 2537 electione
1484 2481 1630 2553 digni
1654 2482 1945 2552 judieemi-

358 2569 457 2623 ni?
505 2569 654 2636 Quod
688 2569 830 2625 enim
862 2571 976 2640 ipse
1000 2572 1070 2627 sit
1109 2571 1365 2626 Dominus
1413 2573 1668 2640 universi,
1694 2574 1815 2629 hinc
1850 2591 1946 2645 pa-

359 2659 465 2713 lam
514 2669 618 2725 est,
668 2661 807 2731 quod
840 2659 955 2732 ipse
986 2671 1152 2716 totum
1181 2661 1374 2717 habeat
1410 2663 1689 2733 judicium.
1737 2666 1946 2720 Etenim

357 2752 519 2807 Petro
569 2754 647 2808 sic
692 2753 821 2808 dicit
862 2772 877 2807 :
931 2753 1040 2824 Ego
1064 2754 1152 2808 tibi
1191 2754 1321 2808 dabo
1345 2754 1510 2811 claves
1536 2758 1680 2827 regni
1704 2759 1947 2811 caelorum

356 2845 573 2915 (Matth.
606 2847 694 2902 16.
728 2846 838 2916 19).
870 2848 936 2902 Et
978 2847 1174 2903 Paulus
1206 2849 1309 2903 hoc
1334 2848 1640 2919 signiﬁcans
1682 2850 1894 2906 dicebat
1928 2869 1942 2906 :

356 2940 423 3001 In
453 2943 641 3018 reliquo
671 2953 890 3020 reposita
919 2951 992 3003 est
1014 2942 1138 3002 mihi
1168 2958 1357 3002 corona
1372 2943 1615 3018 justitite,
1645 2961 1797 3012 quam
1828 2946 1946 3000 red-

355 3039 439 3093 det
476 3039 601 3093 mihi
644 3038 887 3094 Dominus
905 3041 1076 3110 justus
1093 3040 1258 3110 judex
1287 3040 1339 3094 in
1365 3041 1456 3094 illa
1485 3041 1568 3094 die
1598 3051 1616 3094 ε
1645 3053 1745 3091 non
1783 3037 1944 3091 solum

356 3139 527 3183 autem
555 3129 701 3195 mihi,
733 3130 820 3183 sed
846 3141 890 3183 et
919 3131 980 3183 iis
1020 3130 1248 3184 omnibus
1286 3130 1371 3199 qui
1414 3129 1633 3200 diligunt
1676 3129 1944 3187 adventum

352 3217 464 3287 ejus
510 3219 587 3289 (2.
618 3218 753 3274 Tim.
784 3220 835 3276 4.
870 3220 946 3291 8).
997 3221 1273 3275 Adventus
1303 3237 1430 3277 vero
1460 3222 1679 3287 Christi,
1722 3223 1810 3279 ille
1854 3228 1941 3295 qui

350 3309 457 3382 jam
491 3310 590 3365 fuit
622 3310 705 3366 hic
734 3311 947 3366 dicitur.
985 3312 1137 3380 Quod
1165 3322 1342 3368 autem
1371 3312 1594 3368 Paulum
1623 3326 1780 3371 nemo
1810 3333 1945 3385 pra:-

351 3418 606 3457 ccssurns
657 3403 763 3468 sit,
807 3403 1056 3458 omnibus
1106 3405 1281 3474 palam
1329 3413 1433 3460 est.
1492 3404 1548 3460 Si
1596 3416 1774 3462 autem
1828 3406 1944 3463 inec

350 3493 594 3549 Christus
644 3494 922 3549 obscurius
968 3494 1182 3561 dixerit,
1232 3510 1300 3549 ne
1343 3496 1601 3552 mireris:
1634 3498 1753 3553 illos
1797 3498 1940 3554 enim

350 3585 593 3648 dimittit,
625 3601 713 3640 res
743 3587 812 3640 ita
844 3586 1157 3655 disponens,
1192 3596 1341 3641 utne
1374 3602 1433 3642 se
1485 3586 1552 3642 de
1593 3589 1765 3658 primo
1812 3604 1944 3644 con-

349 3691 503 3731 sessu
534 3684 735 3732 temere
777 3677 860 3732 vel
906 3677 1102 3732 frustra
1153 3677 1473 3734 turbarent:
1520 3695 1642 3735 nam
1695 3680 1824 3737 illud
1874 3696 1941 3736 ex

350 3768 591 3824 humano
617 3770 809 3824 an‘ectu
838 3770 1077 3840 perpessi
1119 3778 1264 3839 sunt,
1316 3785 1416 3827 nec
1444 3771 1564 3827 illos
1588 3774 1799 3828 tristitia
1824 3773 1941 3828 affi-

348 3874 476 3916 cere
516 3861 726 3925 volcns,
764 3860 1092 3916 obscuritate
1131 3860 1246 3915 haec
1273 3861 1431 3915 ambo
1460 3864 1818 3933 consequitur.
1847 3863 1938 3917 2i.

352 3950 501 4005 Tunc
539 3952 792 4023 indignati
830 3962 946 4005 sunt
985 3952 1156 4006 decent
1177 3952 1240 4006 de
1266 3953 1458 4007 duobus
1483 3954 1743 4023 fratribus.
1776 3954 1939 4021 Tunc,

347 4041 688 4111 qnandonam
710 4042 733 4096 ?
759 4041 805 4112 ρ
827 4042 983 4097 tando
1016 4041 1223 4098 scilicet
1251 4043 1371 4099 illos
1398 4044 1707 4114 increpavit.
1761 4046 1941 4103 Donec

349 4136 495 4189 enim
522 4150 584 4190 ea
626 4132 822 4190 Christi
873 4136 1135 4191 sententia
1164 4145 1301 4201 erat,
1335 4150 1440 4191 non
1489 4136 1937 4208 indignabantur;

349 4225 447 4281 sed
479 4226 722 4281 videntes
752 4226 871 4280 illos
902 4227 1162 4297 praeferri,
1218 4242 1282 4282 ex
1317 4227 1520 4282 honore
1560 4238 1614 4282 ct
1642 4231 1940 4285 reverentia

348 4317 591 4387 magistri
645 4319 925 4385 tacebant,
974 4320 1187 4373 etiamsi
1231 4319 1412 4373 animo
1456 4320 1716 4383 dolerent,
1746 4323 1839 4376 sed
1888 4322 1938 4376 in

349 4408 589 4464 medium
644 4409 758 4464 hinc
810 4409 1002 4463 ell‘erre
1058 4424 1164 4463 non
1232 4410 1516 4464 audebant.
1580 4410 1940 4482 Similiterque

348 4515 476 4570 erga
531 4501 745 4555 Petrum
796 4499 1086 4555 humanum
1136 4500 1261 4571 quid
1304 4502 1467 4571 passi,
1510 4501 1725 4572 quando
1765 4502 1940 4559 didra-

347 4590 511 4646 chma
558 4590 725 4656 dedit,
764 4607 871 4645 non
910 4591 1124 4661 indigne
1159 4592 1417 4656 tulerunt,
1471 4593 1566 4646 sed
1609 4602 1813 4649 tantum
1862 4595 1937 4648 in-

350 4689 782 4753 terrogaverunt,
832 4682 958 4748 Quis
996 4684 1164 4756 major
1208 4692 1282 4737 est
1326 4682 1537 4752 (Matth.
1578 4684 1659 4739 l8.
1711 4684 1802 4756 l)?
1845 4686 1941 4742 llic

345 4786 529 4832 autem
577 4777 668 4832 ubi
710 4777 960 4832 viderunt
1002 4776 1293 4844 discipulos
1328 4776 1380 4830 id
1413 4788 1610 4846 petere,
1655 4777 1938 4849 indignan-

348 4878 457 4923 tur.
488 4867 672 4937 Neque
698 4869 876 4922 statim
905 4866 1163 4937 indignati
1207 4878 1352 4933 sunt,
1398 4882 1519 4922 cum
1549 4878 1809 4937 peterent,
1841 4870 1938 4925 sed

346 4977 470 5016 cum
521 4961 814 5031 increpavit
858 4975 951 5016 eos
992 4959 1256 5024 Christus,
1295 4958 1534 5029 dixitque
1578 4961 1779 5029 primos
1812 4976 1940 5016 con-

348 5066 534 5107 sessus
564 5066 669 5107 non
699 5061 1058 5121 occupaturos
1084 5051 1203 5105 illos
1223 5065 1365 5119 esse,
1409 5051 1509 5105 nisi
1533 5066 1592 5107 se
1619 5051 1724 5106 illis
1751 5050 1938 5123 dignos

347 5141 682 5197 exhiberem.

428 5234 481 5288 4.
514 5233 625 5289 Sibi
664 5232 789 5303 ipsis
815 5240 1173 5301 comparantur
1200 5231 1440 5303 apostoli,
1485 5239 1602 5287 ante
1624 5244 1670 5287 et
1694 5241 1808 5303 post
1836 5233 1933 5287 ad-

349 5335 552 5381 ventum
584 5324 812 5395 Spiritus
860 5324 1043 5378 sancti.
1081 5322 1357 5377 Humilitas
1383 5324 1777 5394 magnitudinem
1804 5325 1938 5395 parit

346 5418 663 5489 gloriamque
705 5425 873 5487 auget.
900 5444 971 5456 —
1012 5416 1194 5470 Viden'
1218 5426 1474 5486 quantum
1504 5415 1796 5485 imperfecti
1822 5433 1940 5473 om-

350 5523 446 5565 nes
473 5518 674 5572 essent,
705 5520 817 5564 tum
848 5507 901 5561 hi
932 5508 1021 5577 qui
1052 5507 1240 5562 decem
1271 5507 1390 5562 illos
1421 5507 1726 5577 praecedere
1760 5517 1936 5563 tenta-

352 5601 498 5667 bant,
531 5608 640 5654 tum
672 5598 856 5653 decem
885 5598 957 5651 illi
988 5599 1076 5668 qui
1104 5599 1313 5653 duobus
1344 5598 1689 5655 invidebant?
1716 5599 1845 5664 Sed,
1878 5608 1935 5656 ut

350 5691 480 5754 dixi,
507 5702 625 5760 post
656 5690 771 5745 lucc
794 5689 1017 5745 ostende
1044 5690 1167 5744 illos
1186 5688 1338 5755 mihi,
1369 5700 1422 5745 et
1452 5690 1657 5746 videbis
1686 5690 1934 5745 omnibus

352 5781 497 5840 hisce
520 5780 799 5839 au'cctibus
825 5795 1041 5838 vacuos.
1069 5780 1203 5839 Audi
1225 5782 1493 5853 quomodo
1523 5784 1610 5841 hic
1635 5787 1749 5858 ipse
1766 5784 1930 5840 Joan-

1393 344 1457 401 lN
1496 345 1900 403 ΜΑΊΤΠᾸΞῙῙΜ
1941 347 2170 406 nouit.
2214 349 2373 407 LXV.
2413 352 2486 409 at.
2526 351 2707 408 LXVI.

3550 364 3660 419 622

2072 478 2190 527 nes,
2216 466 2307 534 qui
2335 480 2477 522 nunc
2508 466 2607 524 hac
2636 467 2706 524 de
2734 484 2891 533 causa
2920 472 3169 538 accessit,
3200 473 3400 544 primas
3439 489 3654 546 sentpcr

2070 552 2231 610 Petro
2246 556 2422 622 cedat,
2445 568 2501 617 et
2518 561 2855 616 conrionanti
2878 572 2932 617 et
2956 565 3207 623 miracula
3229 566 3408 623 edenti
3432 568 3484 623 in
3503 571 3653 625 Acti-

2069 643 2167 700 bus
2192 648 2577 715 apostolorum.
2620 650 2806 721 Neque
2852 653 2969 721 ejus
3019 656 3269 722 praeclara
3313 667 3459 726 gesta
3491 634 3648 728 celat,

2069 737 2160 792 sed
2205 747 2261 792 et
2304 739 2699 797 confessionem
2734 755 2947 808 narrat,
2980 763 3137 816 quam
3179 748 3267 803 ille
3295 752 3541 806 omnibus
3565 763 3649 809 ta-

2066 829 2312 883 centibus
2351 832 2555 899 emisit,
2597 841 2654 888 et
2681 834 2977 904 ingressum
3026 837 3077 891 in
3108 840 3433 907 sepulcrum,
3469 842 3648 896 illum-

2065 932 2170 987 que
2202 920 2218 951 ⁸
2246 919 2345 975 sibi
2379 924 2640 992 pra-ponit
2672 926 2804 995 (Act.
2833 926 2925 998 5).
2956 926 3087 995 Quia
3116 930 3255 984 enim
3284 931 3441 984 ambo
3466 936 3643 989 cruci-

2067 1009 2279 1079 tigendo
2325 1013 2542 1075 Christo
2596 1015 2861 1082 aderant,
2923 1018 3131 1074 laudem
3180 1038 3328 1076 suam
3369 1024 3646 1079 succiduas

2062 1099 2297 1155 Joannes
2322 1103 2395 1157 ait
2430 1121 2443 1157 :
2475 1102 2643 1161 Notus
2664 1116 2766 1159 erat
2783 1107 3062 1177 discipulus
3084 1111 3168 1164 ille
3183 1113 3466 1186 sacerdoti(
3487 1114 3644 1171 Joan.

2066 1191 2151 1246 18.
2182 1190 2305 1267 16).
2350 1194 2583 1251 Jacobus
2638 1214 2764 1252 vero
2818 1216 2922 1253 non
2968 1202 3132 1256 multo
3181 1215 3361 1271 postea
3409 1215 3647 1277 tempore

2062 1284 2239 1340 vixit:
2288 1285 2358 1340 ab
2408 1287 2557 1343 initio
2602 1290 2744 1343 enim
2793 1308 2988 1362 magno
3037 1295 3302 1354 iurabatur
3334 1298 3548 1363 ardore,
3593 1311 3646 1359 et

2062 1374 2240 1429 missis
2278 1374 2527 1432 humanis
2573 1381 2844 1445 omnibus,
2894 1382 2959 1439 ad
3005 1393 3111 1443 tam
3139 1386 3405 1443 ineffabile
3431 1391 3644 1445 culmen

2060 1466 2321 1532 ascendit,
2365 1480 2421 1522 ιιι
2465 1470 2641 1525 statim
2676 1473 3033 1528 oecideretur.
3080 1475 3169 1530 Sic
3222 1489 3404 1546 postea
3449 1482 3643 1537 summi

2064 1554 2261 1612 virtute
2290 1575 2478 1617 omnes
2508 1561 2679 1617 ell'ecti
2712 1573 2855 1618 sunt.
2886 1564 2990 1623 Sed
3042 1576 3167 1623 tunc
3196 1569 3451 1639 indignati
3494 1583 3641 1629 sunt.

2059 1646 2195 1711 Quid
2226 1665 2354 1719 ergo
2390 1651 2676 1709 Christus?
2700 1655 2788 1711 25.
2825 1655 2951 1711 Cum
2988 1657 3277 1715 adromsset
3304 1678 3421 1726 eos,
3468 1666 3594 1718 dixit
3625 1683 3640 1720 :

2062 1736 2328 1807 Principes
2355 1744 2580 1811 gentium
2608 1744 2936 1802 dominantur
2962 1765 3156 1806 eorum.
3202 1751 3332 1820 Quia
3365 1756 3507 1810 enim
3537 1765 3649 1811 tur-

2058 1828 2164 1884 bati
2214 1844 2387 1897 erant,
2438 1836 2751 1893 advocando
2803 1840 2925 1894 illos
2967 1851 3256 1913 antequam
3314 1846 3639 1916 loqueretur,

2058 1928 2167 1977 tum
2188 1924 2536 1982 advocatione
2563 1929 2672 1997 illa,
2705 1940 2815 1986 tum
2833 1934 2974 2002 quod
2999 1936 3215 2005 propius
3244 1953 3302 1992 se
3327 1939 3645 2006 attraheret,

2056 2016 2177 2072 illos
2206 2018 2485 2088 mitigavit.
2518 2020 2651 2076 Nam
2678 2022 2783 2079 duo
2810 2026 2908 2089 illi,
2938 2043 3008 2082 ex
3035 2039 3176 2084 cestu
3204 2029 3390 2086 decem
3420 2043 3644 2089 cancro-

2055 2123 2174 2193 rum
2227 2109 2500 2178 disjuucli,
2558 2128 2724 2184 prope
2774 2117 2987 2172 stabant
3038 2120 3282 2189 privatim
3342 2124 3640 2193 loquentes.

2054 2192 2179 2248 Ideo
2210 2195 2332 2250 illos
2360 2211 2570 2267 quoque
2598 2214 2765 2268 prope
2796 2201 3023 2261 advocat
3048 2245 3063 2270 ,
3097 2213 3153 2260 et
3188 2205 3288 2261 hoc
3314 2208 3495 2273 modo,
3530 2218 3641 2271 tum

2053 2285 2217 2341 etiam
2245 2288 2466 2357 utquod
2492 2290 2580 2345 alii
2600 2290 2847 2347 dixerant
2873 2293 3108 2362 etl‘erret,
3133 2305 3186 2349 et
3209 2299 3421 2353 caeteris
3444 2315 3640 2362 renun-

2055 2375 2216 2431 tiaret
2242 2419 2257 2442 ,
2285 2391 2585 2436 commotos
2616 2382 2805 2438 horum
2839 2384 3161 2457 illorumque
3200 2389 3411 2444 animos
3435 2393 3640 2451 solatus

2052 2475 2155 2522 est.
2183 2467 2370 2538 Neque
2393 2486 2533 2526 nunc
2565 2481 2619 2527 ut
2639 2481 2795 2529 antea
2824 2474 3015 2531 sedat:
3050 2479 3195 2545 prius
3219 2479 3361 2534 enim
3390 2484 3641 2553 parvulos

2051 2557 2270 2615 adduxit
2297 2560 2347 2615 in
2368 2562 2622 2628 medium,
2656 2563 2977 2636 illorlnnquc
2999 2567 3393 2639 simplicitatem
3421 2572 3637 2629 humili-

2052 2658 2322 2722 tatemque
2349 2654 2544 2709 imitari
2565 2656 2761 2726 jussit;
2790 2657 2876 2713 hic
2902 2669 3078 2714 autem
3104 2661 3280 2715 acrius
3307 2662 3427 2718 illos
3449 2680 3479 2718 a
3506 2680 3638 2733 con-

2053 2743 2220 2798 trario
2253 2746 2425 2814 carpit
2453 2746 2640 2802 dicens
2673 2766 2686 2804 :
2724 2747 2991 2820 Principes
3040 2753 3259 2822 gentium
3288 2754 3636 2823 dominantur,

2049 2845 2095 2888 et
2120 2836 2207 2907 qui
2233 2838 2405 2908 magni
2425 2849 2565 2906 sunt,
2593 2849 2886 2910 potestatem
2908 2854 3136 2897 exercent
3166 2845 3216 2898 in
3239 2861 3358 2912 eos;
3381 2844 3470 2901 26.
3498 2848 3639 2915 apud

2049 2942 2135 2982 ros
2154 2938 2321 2982 autem
2356 2947 2457 2984 non
2487 2931 2559 2985 ita
2597 2933 2691 2986 erit
2722 2950 2741 2986 :
2775 2935 2864 2987 sed
2890 2935 2977 3003 qui
3017 2937 3120 2988 vult
3152 2954 3363 3007 magnus
3403 2940 3532 2993 inter
3552 2956 3637 2995 vos

2047 3034 2175 3088 esse,
2202 3020 2283 3074 hic
2311 3021 2375 3075 sit
2404 3023 2630 3078 omnium
2655 3026 2881 3080 minister
2910 3042 2931 3080 :
2949 3027 3039 3080 27.
3067 3037 3113 3080 et
3133 3030 3218 3097 qui
3253 3032 3356 3083 uult
3381 3048 3486 3085 esse
3524 3032 3635 3103 pri-

2048 3124 2180 3177 mas,
2209 3110 2273 3168 sit
2300 3112 2523 3169 omnium
2551 3114 2758 3171 ultimus
2785 3131 2805 3170 :
2834 3117 3123 3173 ostendens
3152 3118 3278 3173 illud
3305 3119 3369 3174 ad
3397 3122 3633 3189 gentium

2045 3220 2250 3260 morem
2272 3207 2533 3263 accedere
2550 3250 2565 3275 ,
2590 3224 2710 3263 cum
2742 3208 2898 3280 primi
2917 3206 3110 3280 gradus
3131 3220 3472 3283 appetuntur.
3494 3210 3633 3269 Nam

2048 3297 2320 3368 tyrannica
2349 3298 2465 3355 haec
2493 3300 2669 3370 passio
2700 3311 2779 3356 est
2806 3341 2823 3369 ,
2850 3317 2952 3369 qua
2986 3302 3291 3372 frequenter
3325 3304 3499 3374 magni
3535 3306 3632 3361 viri

2046 3392 2415 3461 exagitantur;
2447 3393 2673 3465 ideoque
2703 3394 3099 3453 vehementiore
3124 3400 3467 3468 castigatione
3493 3401 3631 3455 indi-

2044 3496 2154 3557 get.
2186 3486 2520 3557 Quapropter
2546 3489 2660 3558 ipse
2706 3490 2914 3545 acriore
2961 3491 3113 3562 plaga
3163 3492 3358 3555 utitur,
3387 3492 3513 3547 dum
3565 3508 3630 3549 ex

2043 3578 2284 3648 gentium
2328 3580 2728 3650 comparatione
2756 3588 3046 3636 tumentem
3075 3582 3313 3636 animum
3342 3583 3627 3652 pndelacit,

2045 3680 2101 3726 et
2129 3670 2318 3733 horum
2343 3670 2619 3739 invidiam,
2652 3672 2860 3728 illorum
2891 3676 3246 3743 arrogantiam
3274 3674 3536 3742 succidit;
3569 3692 3630 3733 ac

2045 3762 2317 3819 sidiceret
2343 3780 2356 3815 :
2387 3762 2466 3818 Ne
2491 3763 2840 3835 indignemini
2883 3767 3033 3833 quasi
3066 3768 3386 3821 contumelia
3432 3767 3627 3821 allecti.

2045 3854 2265 3922 Seipsos
2292 3856 2525 3911 maxime
2557 3856 2787 3922 laedunt,
2811 3866 2861 3911 et
2887 3857 3151 3915 dedecore
3178 3857 3414 3913 alliciunt
3460 3859 3515 3923 ii,
3542 3842 3631 3928 qui

2045 3947 2330 4016 primatum
2360 3947 2631 4015 ambiunt;
2673 3964 2797 4004 nam
2842 3950 3083 4004 ultimum
3133 3951 3308 4005 locum
3347 3962 3629 4020 occupant.

2044 4038 2159 4099 Non
2186 4040 2327 4095 enim
2371 4055 2460 4095 res
2485 4040 2627 4110 apud
2680 4056 2781 4096 nos
2823 4056 2883 4096 se
2912 4041 3071 4096 habet
3115 4052 3173 4097 ut
3213 4043 3351 4111 apud
3396 4054 3629 4099 exteros.

2043 4130 2176 4186 Nam
2210 4130 2474 4203 Principes
2508 4133 2730 4203 gentium
2761 4132 3088 4187 dominantur
3123 4151 3338 4196 eorum;
3383 4135 3519 4204 apud
3549 4152 3635 4192 me

2043 4231 2220 4275 autem
2248 4221 2463 4277 ultimus
2485 4224 2687 4292 primus
2707 4232 2807 4277 est.
2831 4222 2907 4278 Ne
2927 4239 3052 4278 vero
3084 4234 3238 4294 putes
3258 4224 3373 4279 h:ec
3400 4242 3484 4279 me
3514 4228 3630 4281 sine

2043 4327 2201 4367 eausa
2229 4312 2439 4375 dicere,
2469 4313 2620 4369 factis
2661 4314 2792 4369 meis
2820 4316 3121 4384 exemplum
3149 4331 3319 4369 sume.
3354 4316 3462 4385 Ego
3485 4334 3625 4371 t‘tlllll

2045 4407 2163 4475 plus
2187 4404 2591 4475 quidpiaml'eci.
2624 4404 2739 4459 Rex
2768 4405 2963 4475 quippe
2994 4421 3343 4474 snpernarutn
3376 4407 3627 4460 virtutum

2044 4513 2165 4552 cum
2192 4513 2385 4561 essem,
2414 4496 2577 4552 homo
2610 4497 2720 4551 fieri
2756 4497 2929 4562 volui,
2959 4504 3013 4549 et
3033 4497 3213 4566 sperni
3240 4506 3401 4566 atque
3430 4507 3625 4554 contu-

2045 4589 2218 4643 meliis
2266 4587 2427 4642 affici.
2478 4587 2661 4658 Neque
2718 4586 2800 4642 his
2839 4598 3142 4653 contentus,
3194 4600 3420 4644 tnorletn
3466 4588 3627 4642 adivi.

2043 4680 2168 4736 Ideo
2188 4682 2261 4735 ait
2290 4699 2303 4735 :
2332 4681 2421 4735 28.
2453 4679 2621 4734 Filius
2647 4680 2864 4735 hominis
2893 4696 2993 4732 non
3032 4680 3165 4733 venit
3209 4690 3260 4733 ut
3289 4681 3619 4746 ministretur,

2041 4773 2131 4828 sed
2165 4784 2215 4826 ut
2244 4774 2508 4838 ministret,
2553 4781 2600 4825 et
2628 4772 2711 4825 det
2737 4772 2959 4823 animam
2986 4788 3131 4825 suam
3155 4772 3207 4825 in
3235 4771 3624 4839 redemptionem

2045 4883 2137 4935 pro
2167 4866 2357 4920 multis.
2385 4864 2566 4934 Neque
2605 4864 2745 4919 enim
2779 4863 2863 4918 hic
2892 4864 3100 4916 substiti
3126 4865 3147 4896 ⁸
3175 4905 3190 4930 ,
3220 4864 3421 4933 inquit;
3451 4864 3544 4919 sed
3575 4877 3629 4920 et

2042 4959 2274 5013 animam
2299 4973 2467 5012 meam
2492 4956 2612 5010 dedi
2638 4955 2688 5009 in
2721 4954 3143 5024 redemptionem
3174 4972 3187 5008 :
3212 4964 3262 5008 et
3286 4971 3384 5025 pro
3400 4957 3628 5025 quibus?

2004 5050 2011 5053 ’
2046 5051 2150 5107 Pro
2180 5049 2429 5104 inimicis.
2464 5048 2543 5101 Tu
2571 5063 2696 5102 vero
2726 5046 2769 5101 si
2799 5045 3107 5100 humiliatus
3129 5045 3309 5110 fueris,
3343 5063 3437 5116 pro
3460 5048 3632 5116 teipso

2044 5145 2159 5214 agis
2190 5160 2328 5212 :ego
2356 5150 2535 5197 autem
2561 5156 2656 5209 pro
2689 5151 2758 5195 te.
2789 5140 2864 5194 Ne
2893 5140 3071 5210 itaque
3113 5141 3321 5206 timeas,
3350 5142 3499 5212 quasi
3530 5140 3625 5195 ho-

2044 5249 2228 5288 norem
2258 5245 2403 5287 tuum
2435 5232 2704 5285 amittens.
2740 5228 3240 5298 Quantumcumque
3261 5232 3401 5283 enim
3434 5241 3485 5285 te
3515 5231 3617 5285 hu-

2043 5325 2333 5382 miliaveris
2353 5364 2369 5390 ,
2400 5338 2503 5377 non
2531 5332 2685 5393 potes
2724 5320 2939 5376 tantum
2970 5321 3297 5378 descendere
3320 5363 3336 5389 ,
3366 5333 3621 5393 quantum

2077 5462 2093 5495 ι
2107 5468 2247 5509 Juxta
2260 5466 2474 5507 Graecum
2489 5454 2757 5519 legendum
2772 5453 3250 5519 est,apostolnmque.
3266 5464 3408 5506 Porro
3416 5462 3627 5505 Joannes

2041 5522 2123 5589 hic
2145 5519 2381 5589 intelligit
2403 5526 2799 5589 tfetrtuu._quem
2836 5518 2929 5589 sibi
2951 5520 3236 5589 .prteponit,
3264 5531 3359 5567 non
3398 5530 3460 5589 _eo_
3495 5518 3625 5577 quod

2044 5583 2131 5634 ille
2155 5590 2217 5632 su
2240 5575 2507 5645 apostolus,
2552 5580 2639 5630 sed
2666 5575 2879 5645 ecquod
2924 5575 2987 5645 sit
3010 5575 3240 5645 princeps
3276 5575 3618 5640 apostolorum.

2043 5640 2366 5706 Principatum
2390 5644 2516 5693 Petri
2543 5655 2634 5692 vox
2660 5640 2924 5706 apostolum
2947 5641 3209 5703 designare
3234 5647 3395 5703 potest
3427 5653 3515 5704 per
3534 5653 3624 5691 an-

2041 5708 2367 5758 tonomasiam.

2103 5792 2124 5824 ι
2141 5788 2258 5852 Alii,
2271 5787 2410 5853 quasi
2430 5785 2631 5848 diceret,
2649 5787 2807 5848 Neque
2827 5784 2955 5837 enim
2976 5782 3054 5835 hic
3077 5781 3280 5836 substiti.
