4034 6396
484 313 592 368 6'15

487 427 747 483 Dominus
769 415 912 481 tuus.
935 423 1184 479 Attamen
1206 423 1292 478 hic
1319 421 1612 477 descensus
1628 420 1864 474 omnium
1885 433 2074 473 ascen-

487 517 775 589 susJ‘actus
813 525 932 582 est,
974 524 1028 570 et
1056 515 1276 586 gloriam
1321 515 1436 584 ejus
1481 513 1858 569 manifestavit.
1905 513 2070 566 Ante-

485 623 645 677 quam
692 607 833 660 enim
882 605 1035 659 fleret
1077 607 1258 669 homo,
1300 605 1368 658 ab
1390 603 1596 674 angelis
1646 612 1848 656 tantum
1877 616 2070 671 cogno-

486 699 733 755 scebatur
777 715 792 752 :
847 705 1121 765 postquam
1165 706 1342 750 autem
1397 696 1554 749 homo
1595 693 1764 750 factus
1805 703 1859 748 et
1899 693 2074 748 cruci-

487 792 623 845 fixus
649 803 750 853 est,
779 804 884 842 non
907 787 1066 842 modo
1109 787 1249 841 illam
1297 803 1402 841 non
1436 787 1626 841 minuit
1663 786 1912 856 gloriam,
1975 782 2069 838 sed

485 895 537 938 et
583 883 740 937 aliam
780 882 985 950 accepit
1035 896 1066 934 a
1121 881 1427 951 cegnitinne
1473 881 1639 932 orbis.
1693 878 1771 933 Ne
1820 891 1948 947 ergo
2003 877 2070 931 ti-

486 989 674 1040 meas,
728 987 792 1026 ac
863 971 907 1025 si
965 970 1136 1024 honor
1207 971 1299 1026 tibi
1363 969 1674 1036 auferatur,
1721 969 1768 1024 si
1838 969 2064 1036 telpsum

485 1066 736 1121 humilies
786 1083 799 1118 :
856 1065 957 1119 hoc
1037 1065 1178 1119 enim
1234 1063 1393 1118 modo
1462 1063 1630 1132 magis
1685 1069 1906 1130 augetur
1976 1057 2068 1112 tibi

483 1158 649 1227 gloria
698 1155 802 1210 hoc
839 1154 1000 1210 modo
1039 1156 1208 1224 major
1245 1156 1491 1208 eftlcitur.
1547 1153 1670 1208 llaec
1712 1150 1858 1220 regni
1907 1150 2068 1219 jatma

483 1251 586 1296 est.
630 1241 709 1296 Ne
750 1240 1072 1295 contrariam
1119 1240 1363 1294 ineamus
1407 1239 1567 1302 viam,
1625 1252 1694 1292 ne
1740 1237 1893 1292 nobis
1939 1233 2070 1304 ipsis

486 1335 686 1390 bellum
736 1333 1044 1388 inferamus.
1097 1331 1230 1388 Nam
1275 1332 1320 1385 si
1371 1332 1595 1386 velimus
1643 1330 1817 1398 magni
1864 1328 2066 1393 videri,

487 1441 592 1479 non
621 1424 798 1495 magni
836 1426 1036 1480 erimus
1062 1467 1076 1488 ,
1105 1423 1214 1477 imo
1241 1421 1479 1476 omnium
1529 1419 1892 1491 abjeetissimi.
1925 1417 2070 1472 Vidi-

482 1518 606 1574 stin’
629 1516 899 1588 quomodo
928 1517 1122 1588 ubique
1147 1515 1265 1570 illos
1287 1531 1316 1570 a
1340 1515 1625 1571 contrariis
1647 1515 1907 1579 hortetur,
1934 1512 2069 1566 dans

483 1618 664 1664 tamen
707 1609 837 1679 ipsis
892 1607 942 1661 id
993 1607 1133 1676 quod
1190 1606 1526 1662 desiderant?
1577 1605 1789 1660 Etenim
1827 1605 2070 1676 pluribus

459 1701 538 1755 -id
569 1715 729 1771 supra
760 1699 1130 1763 ostendimus;
1164 1707 1231 1752 'et
1282 1698 1358 1752 sic
1395 1710 1608 1766 quoque
1655 1695 1802 1761 fecit,
1848 1709 1969 1749 cum
1999 1697 2067 1748 de

482 1791 658 1844 avaris
682 1789 814 1844 etde
838 1803 987 1842 vanae
1009 1787 1191 1858 gloria:
1215 1786 1424 1856 cupidis
1447 1795 1713 1856 ageretur.
1745 1786 1852 1839 Cur
1893 1783 2063 1847 enim,

488 1880 678 1951 inquit,
707 1893 888 1934 coram
919 1877 1225 1934 hominibus
1259 1877 1357 1933 das
1381 1874 1824 1947 eleemosynam?
1865 1883 1921 1928 ut
1945 1874 2061 1944 glo-

485 1973 563 2028 ria
594 1971 824 2027 fruaris?
866 1969 944 2025 Ne
969 1971 1039 2024 ita
1085 1969 1270 2034 facias,
1326 1979 1379 2024 et
1423 1968 1645 2038 gloriam
1695 1965 2062 2036 consequeris.

481 2063 591 2119 Cur
621 2063 897 2132 pecuniam
925 2061 1230 2116 aceumulas
1246 2060 1270 2112 ?
1289 2067 1347 2113 ut
1383 2058 1656 2114 ditescas?
1681 2056 1760 2112 Ne
1787 2057 2063 2126 pecuniam

482 2169 762 2225 congeras,
791 2162 845 2207 et
869 2152 1118 2206 ditesces.
1146 2150 1236 2205 Sic
1259 2150 1418 2203 etiam
1452 2163 1592 2202 nunc
1625 2144 1836 2212 :Quare
1866 2146 2065 2216 primas

481 2246 694 2300 ambis?
722 2254 780 2298 ut
819 2244 953 2297 alios
982 2241 1296 2312 prtccedas?
1327 2240 1580 2296 Ultimum
1611 2254 1742 2308 ergo
1769 2239 1942 2292 locum
1967 2237 2063 2292 de-

481 2340 606 2409 lige,
633 2349 686 2393 et
715 2338 913 2407 primas
955 2334 1204 2391 tenebis:
1249 2333 1378 2388 illud
1422 2333 1565 2388 enim
1605 2330 1812 2386 ambire
1859 2329 2064 2384 minimi

479 2440 584 2488 est.
616 2431 799 2501 Itaque
828 2431 870 2484 si
903 2429 984 2483 vis
1013 2441 1236 2496 magnus
1272 2441 1392 2481 esse
1411 2466 1427 2492 ,
1459 2440 1526 2479 ne
1555 2438 1766 2493 quaeras
1785 2438 1907 2478 esse
1951 2437 2065 2477 ma-

481 2537 636 2593 gnus,
665 2523 876 2576 et‘tunc
899 2533 1122 2589 magnus
1161 2517 1291 2573 eris.
1325 2515 1456 2571 Illud
1494 2516 1640 2571 enim
1663 2523 1747 2570 eat
1785 2513 2062 2569 minimum

479 2629 622 2670 €856.

553 2729 607 2788 5.
635 2725 780 2781 Nihil
792 2725 1076 2779 luunilitote
1095 2721 1380 2787 sublimius,
1404 2720 1532 2775 nihil
1542 2719 1776 2788 superbia
1803 2718 2062 2789 abjectius.

481 2819 806 2890 Comparatio
849 2816 1051 2887 superbi
1079 2831 1192 2868 cum
1223 2813 1422 2866 humili.
1448 2841 1521 2852 —
1562 2810 1748 2864 Viden’
1771 2825 1879 2880 quo
1909 2818 2064 2877 pacto

479 2912 600 2968 illos
647 2909 714 2963 ab
745 2911 844 2962 hoc
885 2907 1070 2960 morbo
1103 2905 1368 2968 abducat,
1400 2913 1456 2957 ut
1482 2901 1751 2965 ostendat,
1801 2901 1919 2954 illos
1959 2899 2061 2954 hoc

479 3002 639 3059 modo
665 3001 934 3064 excidere,
961 2997 1051 3052 illo
1088 3007 1264 3050 autem
1292 3010 1405 3049 rem
1433 2993 1720 3062 consequi;
1760 3001 1817 3046 ut
1844 2993 1944 3044 hoc
1979 2991 2060 3043 t‘u-

476 3095 644 3174 giant,
677 3091 805 3146 illud
828 3097 1136 3160 sequantur.
1168 3087 1367 3143 Gentes
1387 3094 1564 3139 autem
1588 3084 1709 3138 ideo
1730 3097 2060 3138 commemo-

475 3187 635 3254 ravit,
667 3194 721 3240 ut
749 3199 861 3240 rem
885 3182 1150 3238 dedecore
1182 3179 1390 3249 plenam
1419 3187 1477 3232 ut
1498 3175 1909 3232 abominabilem
1941 3189 2064 3230 esse

475 3282 886 3338 demonstraret.
919 3274 1050 3329 Nam
1079 3280 1418 3342 arrogantem
1447 3283 1668 3325 necesse
1696 3275 1778 3322 est
1799 3267 2053 3320 humilem

474 3373 614 3429 effici
635 3414 648 3438 ,
676 3381 732 3426 et
769 3368 1000 3424 vicissim
1029 3365 1286 3421 humilem
1327 3363 1609 3418 sublimem
1651 3360 1900 3415 evadere.
1932 3359 2060 3415 limo

474 3466 617 3521 enim
644 3478 768 3516 vera
793 3472 876 3516 est
901 3473 1260 3530 germanaque
1278 3455 1598 3519 sublimitas,
1624 3468 1741 3522 quae
1767 3467 1868 3508 nec
1895 3453 1947 3506 in
1965 3467 2064 3506 no-

474 3559 639 3620 mine,
663 3568 764 3609 nec
789 3552 840 3606 in
858 3550 1213 3621 appellatione
1234 3546 1495 3603 consistit.
1519 3545 1589 3599 Et
1610 3555 1826 3600 externa
1845 3544 2059 3614 quidem

471 3646 739 3704 celsitudo
765 3641 1098 3699 necessitatis
1124 3649 1284 3710 atque
1305 3637 1512 3692 timoris
1534 3645 1617 3691 est
1646 3655 1659 3690 :
1685 3637 1800 3692 hmo
1815 3651 1944 3692 vero
1964 3637 2056 3691 Dei

473 3738 770 3798 celsitudini
798 3734 988 3790 similis
1034 3743 1136 3788 est.
1176 3733 1277 3798 Qui
1310 3731 1410 3785 hoc
1451 3728 1611 3783 modo
1653 3727 1895 3784 sublimis
1937 3737 2055 3796 est,

471 3831 678 3887 etiamsi
708 3825 847 3897 apud
877 3825 1148 3880 neminem
1176 3820 1517 3877 admirationi
1547 3820 1636 3884 sit,
1669 3820 1916 3874 excelsus
1937 3833 2054 3873 ma-

471 3931 562 3979 net
591 3939 604 3976 :
636 3929 694 3974 ut
717 3927 901 3974 contra
933 3916 1216 3986 superbus,
1238 3911 1536 3968 etiamsi'ab
1554 3912 1803 3966 omnibus
1825 3912 2055 3977 colatur,

470 4015 708 4071 οιιιιιὶιιπι
736 4020 818 4066 est
860 4001 1204 4063 humillimus.
1239 4007 1303 4060 Et
1331 4007 1418 4061 ille
1446 4005 1661 4075 quidem
1713 4003 1883 4059 honor
1917 4004 1967 4059 vi
2001 4012 2057 4058 et

474 4103 797 4162 necessitate
842 4107 986 4163 stat,
1015 4099 1241 4168 ideoque
1274 4095 1425 4150 facile
1465 4093 1687 4158 deﬂuit;
1717 4094 1805 4149 hic
1837 4109 1965 4149 vero
1989 4108 2055 4148 ex

470 4194 747 4268 proposito
768 4191 1074 4254 voluntatis,
1110 4188 1249 4243 unde
1276 4187 1331 4240 fit
1360 4196 1422 4241 ut
1449 4187 1634 4240 firmus
1665 4195 1894 4241 maneat.
1923 4186 2053 4240 Nam

468 4299 521 4345 et
551 4295 766 4344 sanctos
797 4283 916 4338 ideo
943 4282 1200 4335 miramur
1220 4319 1233 4342 ,
1259 4278 1400 4348 quod
1425 4293 1544 4331 cmn
1573 4279 1809 4331 omnium
1839 4279 2056 4332 maximi

466 4393 686 4443 essent,
736 4393 795 4433 se
830 4375 1066 4431 omnium
1110 4372 1342 4426 maxime
1387 4369 1618 4424 humiles
1675 4369 2055 4433 exhihucrunt.

470 4475 701 4543 Ideoque
723 4473 786 4524 ad
816 4469 952 4522 hanc
975 4479 1144 4535 usque
1170 4463 1312 4519 diem
1337 4463 1594 4517 sublimes
1622 4472 1858 4528 manent,
1894 4462 2020 4516 nihil
2039 4493 2052 4503 -

465 4583 570 4637 que
597 4577 742 4620 mors
763 4577 828 4615 ex
859 4559 945 4614 illa
974 4556 1288 4613 celsitudine
1313 4554 1562 4622 dempsit.
1595 4553 1652 4608 Si
1682 4554 1851 4623 placet
1878 4563 2053 4608 autem

467 4651 834 4712 ratiocinando
872 4651 974 4704 hoc
1017 4649 1190 4719 ipsum
1235 4647 1594 4716 exploremus.
1641 4645 1794 4699 Altus
1837 4646 2050 4714 quidam

467 4751 591 4804 hinc
619 4747 834 4809 dicitur,
869 4759 989 4797 cuin
1019 4739 1341 4811 proceritate
1380 4739 1624 4809 corporis
1659 4739 1778 4792 talis
1816 4747 1922 4802 cst,
1965 4739 2050 4792 vel

462 4857 585 4896 cum
624 4839 677 4892 in
708 4837 818 4890 alto
846 4837 1132 4898 loco'stat,
1149 4828 1378 4884 humilis
1420 4844 1547 4884 vero
1573 4847 1604 4884 e
1631 4830 1918 4883 conttario.
1955 4829 2047 4880 Vi-

462 4929 687 4985 deamus
714 4929 872 4998 igitur
899 4926 1017 4995 quis
1047 4926 1185 4979 altus
1210 4923 1298 4985 sit,
1328 4921 1610 4992 superbus,
1638 4936 1706 4974 an
1734 4921 2006 4974 modestus
2035 4939 2047 4974 :

465 5032 525 5078 ut
546 5020 758 5086 discas,
801 5017 933 5071 nihil
965 5031 1084 5070 esse
1115 5014 1416 5068 humilitate
1465 5012 1745 5067 sublimius
1765 5053 1780 5077 ,
1811 5013 1938 5065 nihil
1969 5030 2050 5065 su-

467 5110 648 5182 perbia
675 5108 951 5180 abjectius.
983 5105 1114 5162 Nam
1146 5118 1401 5177 arrogans
1425 5112 1480 5158 et
1517 5103 1781 5172 superbus
1808 5103 2045 5157 omnium

464 5203 577 5256 vult
603 5215 723 5256 esse
759 5199 1051 5264 maximus,
1084 5197 1459 5264 neminemque
1485 5209 1544 5248 sc
1575 5194 1792 5264 dignum
1821 5209 1942 5249 esse
1967 5195 2047 5246 ui-

461 5296 556 5361 cit,
587 5301 640 5349 et
666 5299 1156 5363 quantumcumque
1203 5286 1421 5340 honoris
1449 5295 1835 5355 consequatur,
1869 5285 2042 5354 majo-

463 5401 579 5442 rem
608 5397 824 5452 semper
849 5380 1071 5451 requirit
1094 5387 1150 5433 ct
1193 5378 1378 5440 ambit,
1401 5391 1464 5431 ac
1493 5376 1621 5430 nihil
1652 5391 1713 5431 se
1742 5390 2048 5443 consequu-

463 5486 571 5531 tum
612 5475 932 5536 arbitratur;
962 5470 1055 5525 sed
1086 5471 1286 5539 spernit
1310 5469 1572 5531 homines,
1599 5467 1918 5536 illorumque
1946 5465 2046 5518 ho-

463 5581 648 5620 norem
670 5562 920 5634 requirit;
951 5578 1056 5631 quo
1085 5558 1207 5628 quid
1235 5557 1650 5614 irrationabilius
1673 5572 1795 5612 esse
1825 5559 1994 5626 possit
2019 5555 2042 5606 ?

466 5655 671 5710 Etenim
703 5657 830 5710 illud
857 5653 1124 5724 :cnigmati
1161 5653 1337 5706 simile
1359 5660 1461 5705 est.
1511 5653 1656 5715 Quos
1695 5649 1838 5703 enim
1867 5648 2046 5717 despi-

465 5747 572 5812 cit,
613 5749 677 5800 ab
707 5748 818 5804 illis
839 5748 1061 5820 gloriam
1089 5747 1296 5815 qua-rit.
1329 5744 1512 5798 Viden‘
1540 5758 1645 5814 quo
1678 5757 1831 5812 paeto
1863 5742 1927 5807 is,
1953 5741 2040 5810 qui

1211 311 1267 365 S.
1307 309 1584 364 .IOANNIS
1619 301 2094 360 CHRYSJSTOMI
2137 302 2457 359 AltCHlEl’.
2492 303 3029 362 CONSTAN’I'INOP.

2133 5557 2306 5611 :lllins
2329 5554 2695 5624 impuritatem
2748 5550 2956 5620 respice
3001 5566 3014 5602 :

3657 322 3760 376 625

2180 432 2241 472 se
2270 418 2446 497 altius
2494 420 2723 486 extollit,
2764 420 2985 487 decidit,
3023 428 3184 495 atque
3231 425 3375 482 hinni
3413 429 3602 500 jacet?
3629 435 3759 494 Nam

2177 510 2320 580 quod
2347 521 2571 567 czcteros
2597 512 2840 570 homines
2868 515 2968 571 sibi
3008 529 3346 588 comparatos
3367 522 3496 578 nihil
3524 540 3648 581 esse
3668 545 3758 598 pu-

2180 607 2276 663 tet,
2331 616 2396 653 ex
2428 601 2544 668 ipso
2571 604 2892 673 arrogantiae
2936 609 3153 662 nomine
3192 611 3449 678 arguitur.
3492 613 3604 669 Cur
3629 632 3758 688 ergo

2177 691 2348 744 curris
2376 691 2441 744 ad
2482 707 2603 746 eum
2639 695 2728 762 qui
2765 695 2840 748 nil
2865 696 2990 750 est?
3013 713 3110 752 cur
3148 699 3330 756 abillo
3362 705 3561 772 qutcria
3583 705 3756 764 hono-

2178 784 2332 838 rem?
2379 800 2476 839 cnr
2515 794 2594 840 tot
2632 787 2813 841 turbas
2856 788 3216 862 circnmagis?
3270 793 3458 849 Video’
3500 796 3754 858 humilem

2176 889 2338 944 super
2367 875 2554 931 humili
2591 879 2861 934 stantem?
2911 881 3044 950 Age.
3095 898 3221 936 eum
3266 883 3357 954 qui
3395 885 3642 941 sublimis
3679 904 3761 944 est

2175 967 2561 1022 examinemus.
2590 968 2686 1023 Hic
2707 970 2854 1024 novit
2873 981 3127 1039 quantum
3163 974 3232 1027 sit
3258 974 3418 1031 homo
3441 993 3457 1029 :
3482 979 3631 1033 novit
3651 997 3757 1034 ma-

2173 1074 2336 1126 gnum
2363 1074 2483 1114 esse
2512 1057 2782 1115 hominem
2810 1103 2826 1128 ,
2853 1076 3018 1132 seque
3037 1065 3274 1118 nuntiium
3308 1077 3636 1135 postremum
3667 1087 3758 1140 pn-

2177 1151 2284 1208 tat;
2310 1142 2430 1198 ideo
2445 1145 2930 1216 quantulocumque
2951 1146 3156 1202 fruatur
3180 1151 3402 1214 honore,
3431 1151 3483 1206 id
3507 1168 3754 1223 magnum

2173 1248 2296 1289 esse
2339 1244 2506 1304 putat.
2539 1234 2720 1306 Itaque
2750 1236 2837 1291 hic
2880 1237 2979 1293 sibi
3010 1248 3240 1305 constat,
3270 1250 3458 1312 estque
3492 1244 3752 1308 sublimis,

2174 1341 2238 1382 ac
2264 1327 2584 1382 sententiam
2613 1343 2718 1382 non
2753 1338 2924 1384 mutat
2953 1347 2968 1383 :
3003 1345 3136 1400 quos
3162 1333 3306 1386 enim
3325 1348 3553 1404 magnos
3579 1345 3722 1404 putat
3739 1377 3753 1396 ,

2175 1417 2366 1474 borum
2393 1417 2628 1474 honores
2666 1434 2888 1490 magnos
2931 1435 3050 1476 esse
3077 1422 3381 1490 existimat,
3407 1425 3621 1482 etiamsi
3651 1429 3758 1482 exi-

2173 1513 2260 1583 gni
2283 1526 2403 1568 esse
2425 1511 2724 1576 videantur,
2749 1513 2870 1577 quia
2891 1512 3099 1569 scilicet
3139 1529 3360 1584 magnos
3391 1516 3511 1574 illos
3531 1518 3756 1574 arbitra-

2175 1613 2280 1658 tur.
2308 1604 2578 1672 Arrogans
2601 1613 2812 1668 contra,
2833 1618 2928 1658 eos
2951 1603 3040 1674 qui
3070 1619 3131 1658 se
3159 1605 3444 1672 honorant,
3474 1609 3608 1664 nihil
3639 1625 3757 1665 05st:

2173 1702 2342 1763 putat,
2371 1692 2466 1748 sed
2493 1692 2725 1748 honores
2753 1692 2822 1748 ab
2843 1693 2948 1748 illis
2976 1695 3246 1750 exhibitas
3275 1711 3500 1768 magnos
3522 1699 3754 1755 arbitra-

2177 1795 2281 1840 tur.
2313 1785 2543 1840 Rursum
2574 1785 2791 1841 humilis
2823 1802 2854 1841 a
2900 1786 3046 1841 nullo
3091 1789 3298 1857 capitur
3321 1790 3488 1846 animi
3521 1793 3707 1848 morbo
3737 1812 3750 1845 :

2175 1892 2280 1932 non
2325 1877 2402 1932 ira
2444 1877 2617 1948 ipsum
2658 1877 2928 1948 exagitare
2962 1880 3178 1947 poterit,
3209 1896 3314 1935 non
3345 1882 3534 1953 gloria:
3580 1901 3747 1949 amor.

2174 1986 2281 2026 non
2312 1971 2508 2026 invidia
2531 2013 2547 2037 ,
2578 1986 2682 2026 non
2719 1972 2888 2038 livor;
2926 1973 3102 2026 anima
3148 1989 3276 2030 vero
3314 1976 3396 2031 his
3427 1977 3631 2032 morbis
3661 1979 3752 2034 im-

2171 2063 2317 2117 muni
2361 2063 2489 2132 quid
2519 2062 2827 2118 excelsius?
2872 2063 3143 2133 Arrogans
3189 2074 3366 2120 autem
3397 2065 3485 2121 his
3513 2069 3752 2123 onmibus

2171 2162 2466 2223 occupatur
2494 2153 2715 2216 morbis,
2744 2153 2894 2222 quasi
2913 2155 3107 2210 vermis
3137 2155 3189 2209 in
3208 2171 3365 2212 aeuo
3386 2172 3449 2213 se
3471 2158 3747 2220 volutans:

2169 2261 2291 2300 nam
2325 2246 2478 2308 livor,
2513 2245 2748 2310 invidia,
2782 2244 2858 2300 ira
2888 2261 3101 2314 semper
3140 2247 3256 2315 ejus
3282 2249 3526 2304 animum
3573 2253 3750 2321 exagi-

2170 2346 2302 2391 tant.
2335 2336 2469 2405 Quis
2510 2351 2641 2406 ergo
2687 2336 2932 2392 sublimis
2957 2339 3078 2392 est?
3106 2353 3173 2392 an
3206 2339 3296 2408 qui
3343 2340 3551 2395 morbis
3593 2343 3746 2396 animi

2170 2430 2416 2497 superior
2433 2438 2536 2495 est,
2566 2444 2634 2482 an
2661 2428 2749 2498 qui
2775 2444 2962 2484 eorum
2992 2431 3220 2486 servus?
3241 2446 3308 2485 an
3331 2433 3422 2502 qni
3458 2433 3542 2488 illa
3579 2436 3747 2488 tremit

2168 2530 2223 2576 ct
2252 2518 2521 2586 formidat,
2550 2535 2618 2574 an
2640 2520 2728 2590 qui
2761 2520 2987 2576 invictus
3007 2530 3114 2588 est,
3140 2533 3193 2577 et
3225 2538 3518 2593 numquam
3557 2524 3624 2579 ab
3651 2527 3748 2579 illis

2167 2611 2414 2678 capitur?
2440 2614 2608 2677 Quam
2638 2627 2789 2666 avent
2817 2613 3110 2668 dixerimus
3127 2614 3288 2668 altius
3310 2617 3513 2680 volare,
3543 2633 3606 2671 an
3633 2635 3744 2688 qua:

2168 2703 2417 2758 inanibus
2447 2713 2500 2758 et
2529 2703 2877 2759 arundinibus
2907 2706 3174 2761 venatoris
3203 2706 3360 2762 altior
3403 2718 3513 2774 est,
3536 2725 3601 2763 an
3631 2725 3741 2764 eam

2167 2795 2253 2850 cui
2279 2795 2551 2863 capienda:
2584 2805 2804 2850 venator
2823 2795 3085 2852 arundine
3107 2812 3209 2853 non
3238 2809 3382 2868 eget,
3415 2801 3555 2870 quod
3579 2801 3740 2854 humi-

2171 2887 2272 2942 lius
2294 2887 2458 2952 volet,
2489 2901 2588 2941 nec
2621 2888 2790 2956 possit
2812 2886 2919 2940 alta
2947 2888 3167 2957 petere?
3192 2888 3335 2943 Talis
3359 2901 3444 2946 est
3464 2906 3741 2960 arrogans;

2171 2994 2294 3033 nam
2323 2977 2496 3047 quivis
2526 2977 2748 3048 laqueus
2790 2978 2963 3046 ipsum
2991 2978 3146 3035 facile
3183 2982 3345 3050 capit,
3382 2992 3568 3052 utpote
3607 2981 3741 3035 humi

2166 3079 2463 3140 tepentem.

2236 3161 2289 3217 6.
2320 3159 2377 3217 Si
2407 3161 2486 3216 vis
2524 3171 2702 3216 autem
2729 3202 2745 3228 ,
2773 3176 2838 3216 ex
2867 3162 3098 3233 maligno
3124 3178 3334 3234 quoque
3364 3165 3609 3221 daemone
3649 3165 3743 3220 hoc

2165 3253 2339 3324 ipsum
2367 3252 2608 3323 explora.
2638 3252 2773 3321 Quid
2803 3252 3018 3307 diabolo
3043 3254 3329 3322 demissius
3355 3266 3459 3324 est,
3482 3256 3600 3328 quia
3629 3271 3743 3312 sese

2164 3346 2390 3410 extulit?
2417 3345 2546 3416 quid
2567 3345 2780 3402 homine
2805 3347 3086 3411 excelsius,
3119 3348 3162 3403 si
3190 3347 3410 3404 humilis
3438 3365 3557 3405 esse
3585 3349 3743 3405 velit?

2165 3437 2262 3493 llle
2281 3439 2425 3491 enim
2451 3436 2596 3492 humi
2622 3438 2760 3505 repit
2781 3437 2882 3492 sub
2904 3438 3163 3493 calcaueo
3191 3448 3375 3495 nostro
3395 3441 3601 3511 positus
3631 3459 3643 3494 :
3671 3440 3742 3494 ait

2145 3530 2332 3596 enim,
2357 3527 2562 3584 Calculo
2605 3546 2758 3601 super
2791 3541 3046 3601 serpentes
3073 3542 3121 3585 et
3144 3533 3437 3602 scorpiones
3463 3532 3628 3604 (Luc.
3660 3531 3738 3586 l0.

2146 3623 2272 3694 ,19)
2297 3641 2312 3688 ;
2346 3623 2432 3678 hic
2453 3637 2579 3678 vero
2608 3637 2729 3678 cum
2759 3625 2963 3693 angelis
2991 3639 3225 3694 superne
3271 3634 3399 3680 stat.
3434 3626 3491 3682 Si
3523 3625 3738 3696 idipsum

2166 3735 2232 3775 ex
2254 3719 2498 3789 superbis
2520 3718 2826 3774 hominibus
2844 3717 3054 3773 discere
3070 3719 3203 3774 velis
3221 3761 3238 3787 ,
3262 3721 3444 3790 cogita
3467 3721 3737 3776 barbarum

2167 3814 2315 3869 illum
2336 3853 2351 3878 ,
2385 3812 2472 3882 qni
2505 3819 2709 3866 tantum
2739 3810 2928 3880 agebat
2952 3812 3245 3868 exercitum
3265 3852 3282 3878 ,
3328 3813 3420 3882 qui
3452 3828 3519 3868 ne
3549 3827 3612 3866 ea
3633 3808 3739 3880 qui-

2142 3905 2286 3960 .dem
2337 3905 2502 3960 sciret
2541 3918 2662 3972 qua:
2699 3903 2950 3957 oniiiibus
2999 3902 3212 3972 cognita
3253 3912 3473 3969 essent;
3521 3899 3738 3970 exempli

2139 4027 2142 4029 λ
2165 4012 2324 4053 causa
2349 3995 2490 4065 quod
2521 3996 2654 4063 lapis
2683 4003 2825 4050 esset
2853 3995 3006 4064 lapis,
3028 3995 3170 4064 quod
3189 3995 3328 4049 idola
3359 4004 3543 4052 essent.
3566 3992 3695 4048 idola
3720 4005 3734 4043 :

2167 4090 2392 4159 ideoque
2421 4087 2504 4141 his
2530 4086 2750 4141 inferior
2779 4095 2915 4141 erat.
2946 4086 3022 4140 Pii
3054 4101 3183 4141 vero
3208 4097 3262 4141 et
3287 4086 3480 4144 fideles
3511 4085 3640 4139 ultra
3657 4096 3738 4136 so-

2165 4182 2269 4237 lem
2298 4179 2698 4244 conscendunt;
2728 4179 2794 4232 iis
2814 4177 2939 4248 quid
2962 4177 3244 4233 sublimius
3264 4193 3387 4234 esse
3415 4175 3620 4249 possit?
3642 4171 3734 4241 Qui

2163 4275 2308 4346 ipsas
2336 4274 2496 4328 etiam
2526 4273 2641 4326 cazli
2689 4271 2924 4327 fornices
2972 4272 3379 4337 transcendunt,
3436 4281 3490 4326 et
3528 4267 3734 4338 angelos

2163 4366 2529 4436 praetergressi
2559 4405 2574 4426 ,
2623 4364 2723 4432 ipsi
2772 4364 2908 4416 solio
2961 4364 3109 4432 regio
3162 4363 3398 4420 adstant.
3459 4361 3526 4419 Ut
3567 4367 3731 4414 autem

2161 4456 2374 4512 aliunde
2413 4455 2775 4523 arrogantium
2807 4453 3064 4509 vilitatem
3092 4469 3351 4525 agnoscas
3382 4494 3399 4519 ,
3428 4453 3544 4524 quis
3573 4449 3733 4504 humi-

2137 4547 2380 4602 -liabitnr
2403 4563 2466 4602 ac
2491 4546 2793 4613 dejicietur,
2826 4545 2940 4599 isne
2964 4545 3052 4613 qui
3079 4559 3110 4598 a
3149 4544 3259 4600 Deo
3293 4543 3528 4614 juvatur,
3558 4556 3622 4596 an
3651 4537 3731 4608 qui

2159 4653 2190 4691 a
2218 4639 2330 4693 Deo
2356 4635 2736 4706 impugnatur?
2783 4635 2832 4688 ls
2859 4634 3042 4702 procul
3071 4634 3236 4690 dubio
3262 4635 3351 4704 qni
3377 4634 3728 4704 impugnatur.

2163 4732 2298 4787 Audi
2349 4732 2508 4802 igitur
2547 4729 2671 4801 quid
2717 4728 2786 4783 de
2827 4727 2910 4782 his
2951 4727 3212 4783 ambobus
3259 4716 3403 4782 dicat
3437 4726 3727 4794 Scriptura:

2165 4824 2302 4878 Deus
2344 4823 2570 4893 superbis
2618 4820 2824 4886 resistit,
2877 4818 3148 4873 humilibus
3185 4827 3353 4872 autem
3397 4817 3485 4870 dat
3528 4811 3732 4884 gratiam

2163 4913 2302 4983 (Jac.
2335 4914 2389 4967 Δ».
2422 4913 2512 4982 6).
2543 4911 2715 4965 Aliam
2744 4911 2935 4965 iterum
2971 4909 3191 4964 afferam
3252 4905 3730 4976 interrogationem.

2158 5005 2289 5074 Quis
2327 5002 2642 5068 sublimior,
2678 5002 2768 5073 qui
2809 5015 2960 5056 sacra
2994 4999 3104 5054 Deo
3133 4997 3279 5062 facit,
3332 5006 3388 5053 et
3424 4991 3726 5052 sacrificium

2160 5097 2334 5162 oﬂ‘ert,
2363 5103 2456 5150 aut
2487 5095 2577 5165 qui
2603 5093 2790 5165 procul
2818 5107 2850 5146 a
2881 5092 2989 5146 Deo
3017 5091 3221 5145 nullam
3263 5090 3317 5145 in
3336 5104 3457 5144 eum
3495 5082 3725 5142 ﬁduciam

2159 5189 2362 5245 habet?
2391 5188 2456 5243 Ει
2479 5187 2617 5258 quod
2643 5183 2987 5249 sacrificium,
3008 5182 3238 5252 inquies,
3261 5180 3473 5236 humilis
3501 5177 3585 5232 ille
3610 5170 3723 5224 olfe-

2127 5295 2130 5298 '
2159 5283 2280 5336 ret?
2311 5281 2449 5336 Audi
2501 5278 2756 5333 Davidem
2781 5275 3046 5332 dicentem
3093 5291 3108 5327 :
3137 5273 3462 5342 Sacriﬁcium
3506 5267 3607 5320 Dea
3630 5259 3724 5330 spi-

2157 5375 2283 5427 ritus
2303 5370 2665 5426 contribulatus
2686 5384 2705 5432 ,°
2729 5381 2820 5421 cor
2861 5365 3130 5419 contritum
3157 5373 3204 5419 et
3243 5361 3558 5417 humiliation
3602 5351 3724 5406 Deus

2158 5483 2257 5519 non
2279 5464 2518 5534 despiciet
2544 5461 2716 5529 (Psal.
2741 5460 2830 5516 50.
2862 5458 2974 5530 l9).
3000 5457 3247 5513 Vidistin'
3267 5457 3382 5526 ejus
3411 5443 3716 5523 puritatem?

3058 5565 3181 5604 nam
3209 5549 3284 5602 ait
3332 5564 3345 5603 :
3377 5545 3610 5613 lmpurus
3658 5538 3721 5585 est

2155 5649 2295 5715 apud
2324 5620 2486 5701 Deum
2511 5644 2672 5699 omnis
2697 5643 2782 5711 qui
2805 5651 2880 5696 est
2909 5642 3012 5695 alto
3051 5641 3203 5694 corde
3224 5640 3408 5707 (Prov.
3445 5634 3524 5689 l6.
3555 5631 3624 5694 5).
3647 5620 3717 5677 Ad

2163 5741 2277 5794 butt:
2303 5740 2356 5794 in
2382 5739 2550 5794 altero
2600 5738 2741 5792 Deus
2767 5734 3056 5805 requiescit
3084 5751 3097 5788 z
3134 5733 3302 5800 Super
3329 5743 3468 5801 quem
3494 5720 3620 5777 enim
3641 5726 3711 5765 τι·
