4034 6396
294 342 395 399 635

292 461 525 531 spiciam,
549 456 650 512 nisi
671 472 826 525 super
847 464 1160 508 mansuetum
1178 463 1228 507 et
1251 454 1497 523 quietum,
1516 461 1560 505 et
1585 460 1882 504 trementem

291 550 438 605 verba
466 547 739 615 mea(lsai.
763 546 853 601 66.
876 545 912 599 2
928 546 985 616 )?
1015 546 1163 599 Alter
1184 559 1312 598 vero
1334 559 1454 598 cum
1483 543 1701 597 diabolo
1718 542 1883 595 trahi.

294 655 380 698 tur
416 661 429 697 :
462 642 679 697 inflatus
708 640 851 694 enim
882 638 1081 694 diaboli
1108 637 1369 708 supplicia
1400 636 1556 691 feret.
1588 634 1712 689 Ideo
1741 635 1878 689 Pau-

294 738 378 791 lus
407 734 620 790 dicebat
654 750 667 786 :
696 731 781 787 Ne
807 735 939 802 forte
966 731 1017 785 in
1034 730 1323 798 superbiant
1352 729 1535 793 elatus,
1556 730 1609 780 in
1625 725 1881 799 judicium

292 827 490 881 incidat
516 826 707 880 diaboli
738 825 814 896 (1.
845 823 977 877 Tim.
1006 824 1060 879 ὅ.
1099 823 1176 894 6).
1208 823 1287 876 Ae
1311 832 1497 875 contra
1537 834 1750 891 semper
1780 819 1877 888 ipsi

294 921 491 984 evenit,
513 933 675 989 quam
702 918 848 971 velit.
885 916 1009 970 Vult
1036 917 1178 969 cnitn
1206 916 1318 984 ipse
1344 913 1655 983 superbire,
1689 921 1747 967 ut
1776 912 1876 966 ho-

294 1018 550 1075 noretur;
608 1011 826 1078 ipseque
873 1007 1112 1062 omnium
1158 1007 1389 1060 maxime
1440 1005 1754 1075 despicitur.
1813 1004 1875 1059 lli

293 1116 522 1173 namque
543 1113 665 1154 sunt
696 1102 925 1154 maxime
954 1100 1193 1154 omnium
1236 1097 1467 1162 ridiculi,
1495 1098 1743 1151 omnibus
1777 1096 1878 1150 iui-

292 1197 438 1263 mici,
491 1196 722 1250 inimicis
757 1203 913 1263 captu
959 1194 1159 1257 faciles,
1211 1192 1277 1247 ad
1327 1192 1457 1246 iram
1513 1191 1685 1261 proni.
1736 1190 1874 1259 apud

293 1289 459 1342 Deum
491 1288 704 1355 impuri.
755 1285 895 1353 Quid
917 1300 1044 1355 ergo
1089 1284 1189 1338 hoc
1232 1283 1471 1338 deterius
1515 1296 1634 1337 esse
1663 1281 1875 1357 possit?

292 1379 402 1433 lloc
430 1378 630 1448 quippe
653 1378 867 1431 culmen
893 1387 973 1432 est
1010 1376 1269 1431 malorum
1297 1375 1557 1430 omnium.
1588 1374 1723 1440 Quid
1746 1388 1875 1428 vero

288 1469 501 1524 dulcius
557 1468 885 1523 humilibus?
922 1468 1047 1537 qttid
1078 1468 1327 1523 beatius?
1352 1467 1417 1521 lli
1440 1466 1697 1521 amabiles
1726 1465 1874 1520 desi-

287 1560 666 1630 derabilesque
716 1559 829 1614 Deo
878 1568 1042 1624 sunt,
1087 1567 1142 1614 et
1189 1558 1331 1628 apud
1368 1557 1612 1613 homines
1663 1570 1873 1627 quoque

289 1652 516 1705 maxima
542 1651 712 1721 gloria
744 1650 991 1704 fruuntur
1019 1669 1034 1704 :
1062 1664 1250 1705 omnes
1281 1651 1544 1705 honorant
1573 1650 1717 1720 ipsos
1738 1658 1872 1705 tatu-

285 1757 445 1813 quam
490 1756 692 1813 patres,
736 1751 795 1797 ut
838 1741 1035 1798 fratres
1087 1743 1501 1812 amplectuntur,
1557 1750 1615 1796 ut
1659 1743 1869 1812 propria

286 1833 528 1888 membra
556 1833 862 1887 admittunt.
895 1833 1075 1889 Simus
1094 1824 1223 1903 ergo
1245 1834 1495 1898 humiles,
1524 1841 1582 1889 ut
1607 1832 1867 1889 sublimes

284 1923 603 1979 efficiamur.
637 1924 769 1981 Nam
796 1926 1097 1996 arrogantia
1123 1926 1408 1981 admodum
1448 1926 1721 1997 deprimit.
1750 1926 1875 1983 llzcc

287 2014 629 2071 Pharaonem
667 2018 975 2087 prostravit.
1011 2016 1134 2071 Non
1172 2018 1287 2071 uoci
1308 2060 1323 2082 ,
1358 2018 1565 2087 inquit,
1596 2016 1871 2072 Dominum

286 2108 479 2176 (Exod.
511 2110 565 2163 5.
594 2109 701 2179 2),
729 2125 793 2164 ac
833 2110 1066 2177 muscis,
1105 2110 1250 2164 ranis
1276 2118 1333 2164 et
1378 2110 1597 2164 locustis
1639 2109 1874 2165 deterior

285 2201 453 2253 factus
480 2210 563 2254 est
586 2217 600 2253 τ
640 2212 929 2272 posteaque
948 2217 1068 2256 cum
1103 2203 1266 2256 armis
1294 2212 1347 2255 et
1384 2202 1535 2272 equis
1560 2201 1872 2257 submersus

286 2289 401 2343 fuit.
453 2290 653 2345 Contra
686 2307 815 2345 vero
861 2293 1130 2347 Abraham
1158 2292 1304 2355 dicit,
1344 2290 1458 2363 Ego
1499 2307 1608 2346 sum
1638 2292 1799 2361 pulvis
1824 2302 1871 2346 et

282 2379 409 2432 riuis
442 2378 594 2449 (Gen.
624 2382 710 2437 18.
742 2379 888 2453 27),
917 2392 972 2437 et
1000 2383 1165 2437 multa
1195 2384 1545 2438 barbarorqu
1590 2384 1752 2438 millia
1787 2384 1867 2437 vi-

1251 334 1314 392 lN
1352 328 1759 392 MATTILEUM
1801 330 2028 386 HOMIL.
2069 327 2253 390 LXVi.
2292 337 2363 392 al.
2404 336 2611 395 LXVII.

3466 341 3573 396 6‘26

1991 448 2084 514 cit,
2115 463 2179 504 ae
2203 466 2325 506 cum
2356 454 2407 507 in
2437 456 2666 511 mediam
2714 456 3001 531 Egyptutu
3044 453 3339 522 incidisset,
3388 470 3574 512 rever-

1988 555 2080 599 sus
2123 554 2227 610 est,
2270 546 2602 615 splendidius
2648 563 2809 619 quam
2852 559 2979 605 ante
3019 560 3277 619 tropretun
3306 548 3570 618 referens,

1988 644 2151 704 atque
2180 635 2303 692 huic
2346 638 2524 693 virtuti
2565 640 2855 707 inhaerens,
2893 655 3107 711 semper
3131 639 3412 696 sublimior
3438 657 3570 696 evao

1987 730 2078 784 sit.
2107 728 2233 785 Ideo
2284 729 2480 800 ubique
2520 731 2823 785 celebratur
2843 772 2858 799 ,
2889 731 3011 786 ideo
3052 731 3250 801 ubique
3279 742 3574 787 coronatur

1985 829 2040 876 et
2065 820 2386 892 praedicatur
2412 838 2426 886 ;
2457 822 2665 877 Pharao
2689 832 2961 879 autemest
2986 834 3127 880 terra
3147 834 3200 880 et
3223 825 3381 889 cinis,
3409 826 3495 881 vel
3517 826 3565 880 si

1986 912 2112 982 quid
2141 912 2313 967 vilius.
2347 912 2487 968 Nihil
2513 914 2656 968 enini
2702 915 2771 969 ita
2796 924 3072 970 aversatur
3102 917 3239 972 Deus
3288 927 3343 970 ut
3372 932 3567 987 super-

1987 1005 2150 1062 biant.
2180 1006 2303 1062 Ideo
2329 1006 2395 1059 ab
2422 1008 2570 1061 initio
2599 1007 2728 1062 nihil
2755 1022 2859 1061 non
2882 1008 3027 1074 fecit,
3062 1018 3119 1063 ut
3149 1011 3289 1065 hunc
3318 1011 3568 1065 morbum

1985 1101 2259 1155 avelleret.
2293 1100 2494 1155 Idcirco
2525 1101 2781 1156 mortales
2812 1100 2936 1156 facti
2972 1117 3189 1167 sumus,
3216 1113 3269 1158 et
3299 1103 3351 1158 in
3379 1103 3571 1161 dolore

1983 1206 2046 1245 ac
2063 1195 2263 1261 gemitu
2304 1192 2529 1247 vivimus
2552 1212 2562 1246 :
2601 1193 2720 1249 ideo
2748 1194 2798 1248 in
2827 1193 3029 1255 labore.
3056 1194 3271 1261 sudore,
3297 1204 3348 1249 ct
3374 1198 3557 1265 operi-

1984 1283 2082 1338 bus
2113 1283 2385 1353 perpetuis
2426 1284 2783 1354 miseriisque.‘
2812 1285 2884 1338 Ex
2926 1285 3227 1353 arrogantia
3272 1286 3414 1340 eaitn
3454 1288 3563 1356 pri-

1984 1389 2103 1427 mus
2125 1374 2285 1426 homo
2311 1375 2570 1443 peccavit,
2594 1374 2735 1445 quod
2788 1388 2848 1428 se
2873 1385 3115 1443 speraret
3145 1375 3405 1445 aequalem
3439 1375 3569 1430 ‘forc

1983 1465 2114 1519 Deo.
2144 1464 2479 1535 Quapropter
2495 1480 2560 1519 ne
2577 1464 2629 1519 id
2652 1464 2869 1535 quidem
2889 1465 3029 1535 quod
3058 1465 3290 1521 habebat
3312 1468 3552 1537 retinuit,

1981 1557 2073 1613 sed
2104 1558 2172 1613 ab
2196 1557 2446 1615 omnibus
2478 1559 2697 1615 excidit.
2721 1558 3035 1628 Huiusmodi
3068 1576 3153 1615 res
3197 1570 3279 1615 est
3307 1577 3563 1630 arrogan-

1984 1648 2090 1702 tia:
2122 1663 2227 1703 non
2257 1648 2416 1703 modo
2448 1649 2577 1703 nihil
2601 1650 2754 1703 nobis
2776 1649 2899 1704 boni
2922 1650 3129 1705 confert
3156 1649 3221 1705 ad
3255 1652 3438 1717 vitam,
3471 1653 3569 1706 sed

1982 1740 2143 1794 etiam
2196 1754 2315 1809 quae
2363 1740 2620 1795 habemus
2660 1741 2883 1796 succidit
2934 1759 2949 1794 :
2990 1750 3179 1797 contra
3229 1758 3360 1797 vero
3391 1744 3565 1797 Immi-

1980 1829 2100 1883 litae
2148 1830 2278 1884 nihil
2328 1830 2501 1886 aufert
2552 1831 2848 1899 bonorum,
2881 1831 2976 1888 sed
3024 1848 3144 1903 qua:
3193 1849 3297 1889 non
3343 1836 3571 1890 aderant

1978 1921 2178 1989 adjicit.
2236 1921 2383 1977 lianc
2433 1922 2595 1993 igitur
2643 1925 2989 1990 :emulemur,
3040 1923 3179 1979 hanc
3235 1939 3561 1995 sequamur,

1978 2024 2037 2068 ut
2060 2024 2114 2069 et
2138 2015 2243 2069 vita
2279 2015 2525 2086 przesenti
2562 2014 2824 2083 fruamur,
2850 2025 2907 2071 et
2936 2016 3162 2072 futuram
3184 2017 3405 2088 gloriam
3428 2033 3563 2072 con—

1977 2121 2308 2176 sequamur,
2356 2106 2526 2176 gratia
2583 2114 2638 2161 et
2690 2106 3055 2161 misericordia
3115 2107 3324 2163 Domini
3397 2108 3566 2163 nostri

1975 2195 2101 2252 Jcsu
2134 2196 2356 2261 Christi,
2388 2196 2713 2267 quicumque
2738 2196 2880 2250 Patri
2903 2205 2958 2251 et
2986 2195 3203 2267 Spiritui
3235 2205 3423 2251 sancto
3450 2198 3569 2267 glo-

1976 2290 2051 2344 ria
2078 2300 2129 2343 et
2155 2289 2460 2356 imperium,
2494 2302 2637 2343 nunc
2664 2297 2719 2344 et
2745 2303 2961 2359 semper
2984 2331 2999 2357 ,
3022 2298 3078 2345 et
3098 2289 3150 2344 in
3174 2290 3364 2345 smcula
3394 2303 3568 2345 sa-cu-

1976 2381 2172 2437 10mm.
2206 2384 2397 2437 Amen.

1399 2649 1743 2712 HOMILIA
1788 2650 2011 2712 LXVI.
2058 2648 2144 2710 al.
2191 2646 2446 2707 LXVII.

282 2813 409 2869 Car.
440 2813 530 2869 ΞΟ.
578 2830 628 2866 v.
672 2813 764 2869 29.
798 2811 863 2867 Et
916 2813 1281 2883 egredientibus
1308 2813 1409 2868 illis
1454 2813 1740 2880 alcriclto,
1784 2831 1864 2868 se-

350 2917 510 2973 quuta
553 2915 623 2957 est
665 2921 778 2956 eum
824 2903 970 2957 turba
999 2904 1175 2957 multa.
1210 2903 1298 2958 50.
1330 2901 1396 2956 Et
1439 2919 1552 2957 ecce
1595 2904 1697 2958 duo
1746 2903 1865 2958 ι’ωεί

350 2996 578 3048 sedentes
601 3011 742 3047 secus
771 2995 920 3053 viam.
944 3011 1057 3046 cum
1083 2994 1337 3047 audissent
1362 2994 1498 3063 quod
1522 2994 1673 3048 Iesus
1700 3003 1867 3048 trans-

353 3088 475 3148 iret,
515 3087 859 3139 clmuaverunt
909 3084 1130 3141 dicentes
1173 3100 1194 3139 :
1239 3084 1482 3140 Miserere
1531 3085 1711 3151 nostri,
1756 3082 1866 3140 Do-

352 3178 505 3245 mine,
532 3176 609 3246 με
638 3174 825 3241 David.

358 3337 407 3390 1.
442 3334 727 3403 Qutcstione
754 3334 817 3387 de
844 3334 1020 3388 itinere
1057 3333 1242 3389 Christi
1283 3333 1333 3387 in
1380 3336 1600 3389 medium
1628 3334 1867 3403 adducta,

282 3428 501 3481 duorum
531 3442 781 3480 cazrorum
804 3426 1015 3479 historia
1046 3436 1428 3482 commentatur.
1461 3428 1869 3480 commendatur-

280 3538 377 3590 que
406 3517 793 3590 perseverantia.
811 3548 880 3557 —
898 3516 1028 3571 Vide
1057 3517 1196 3570 unde
1213 3516 1599 3588 Jcrosonmam
1618 3532 1674 3571 se
1691 3518 1873 3572 coofe-

283 3622 385 3674 rat,
426 3620 478 3664 et
523 3624 629 3678 quo
661 3611 777 3662 loco
817 3617 970 3662 antea
1002 3619 1305 3662 versaretur
1340 3624 1354 3659 :
1392 3608 1529 3679 quod
1560 3619 1704 3663 certe
1744 3609 1871 3664 mihi

283 3699 906 3768 niaximcinquirendum
927 3699 1153 3754 videtur.
1182 3700 1482 3755 Curautem
1498 3717 1601 3755 non
1638 3709 1791 3755 antea
1821 3702 1872 3757 in

280 3793 558 3848 Galilaeam
577 3792 688 3853 ivit.
710 3790 801 3845 sed
822 3806 916 3862 per
932 3790 1265 3846 Samariam?
1283 3791 1604 3847 Verutnbzec
1621 3793 1874 3847 studiosis

282 3887 670 3956 relinquemus.
703 3885 835 3940 Nam
889 3885 933 3941 si
987 3884 1106 3956 quis
1143 3882 1446 3938 accuratius
1497 3890 1611 3939 haec
1649 3886 1873 3940 scrutari

283 3977 533 4041 voluerit,
584 3974 843 4030 Joannem
889 3976 1122 4030 inveniet
1162 3975 1263 4029 hoc
1312 3975 1475 4045 probe
1515 3975 1870 4042 subindicare,

282 4083 610 4137 causamque
642 4084 843 4139 ponere
870 4066 1048 4138 (Joan.
1080 4068 1131 4121 4.
1158 4068 1336 4137 1-5).
1380 4065 1488 4121 Nos
1532 4076 1709 4120 autem
1750 4082 1875 4136 pro-

283 4159 461 4230 posito
490 4171 673 4211 nostro
699 4159 1015 4223 Ita-reamus,
1052 4168 1105 4212 et
1134 4158 1229 4211 hos
1251 4172 1422 4211 cmcos
1450 4158 1746 4219 audiamus,
1785 4156 1874 4227 qui

284 4248 469 4302 multis
504 4248 796 4302 videntium
824 4249 1072 4303 meliores
1101 4259 1273 4302 erant.
1310 4247 1442 4302 Nam
1486 4264 1657 4319 neque
1683 4248 1873 4303 ducem

284 4338 564 4403 habentes,
616 4354 789 4407 neque
836 4338 982 4393 illum
1024 4338 1395 4394 adventantem
1446 4339 1710 4401 videntes,
1752 4354 1873 4393 cum

283 4433 633 4487 contentione
672 4430 736 4485 ad
770 4431 917 4485 illum
948 4431 1202 4486 accedere
1243 4430 1539 4495 tentabant,
1581 4446 1877 4501 magnaque

284 4541 419 4580 voce
454 4526 687 4579 clamare
713 4533 1025 4593 coeperunt;
1056 4536 1109 4579 et
1134 4524 1265 4593 jnssi
1323 4536 1518 4589 tacere,
1564 4528 1732 4595 magis
1770 4526 1877 4578 cla-

287 4618 526 4672 ntaliant.
574 4616 718 4670 Talis
764 4616 960 4687 quippe
997 4624 1079 4670 est
1131 4630 1477 4685 perseverans
1531 4616 1748 4671 anima:
1783 4630 1878 4685 per

285 4723 380 4762 eos
410 4710 499 4778 qui
548 4706 804 4777 impedire
833 4716 1078 4776 satagunt
1119 4706 1447 4775 provehitur.
1477 4704 1721 4760 Christus
1749 4722 1877 4761 vero

286 4802 549 4872 permittit
600 4810 656 4854 ut
686 4798 957 4853 silentium
1007 4799 1134 4869 ipsis
1181 4799 1491 4868 imperetur,
1547 4814 1655 4867 quo
1703 4795 1879 4853 fervor

281 4908 473 4949 eorum
516 4900 788 4961 appareat,
822 4899 875 4944 et
904 4890 1099 4954 discas,
1136 4890 1256 4944 illos
1295 4900 1443 4944 certe
1486 4888 1678 4959 dignos
1720 4890 1880 4943 fuisse

283 4987 375 5057 qui
404 4994 735 5041 curarentur.
769 4984 892 5039 Ideo
929 5000 1100 5054 neque
1138 4984 1425 5053 interrogat
1459 5001 1525 5037 an
1553 4982 1793 5047 rredant,
1822 4991 1879 5037 ut

284 5078 531 5132 solebat:
566 5093 686 5130 nam
712 5085 765 5129 et
791 5076 994 5129 clamor
1021 5084 1074 5129 et
1095 5074 1379 5128 accedendi
1420 5084 1641 5129 conatus
1669 5073 1879 5128 illorum

287 5169 450 5225 fidem
477 5169 607 5223 satis
654 5168 1091 5223 testificabautur.
1132 5167 1264 5220 llinc
1302 5167 1467 5231 disce,
1508 5167 1718 5227 dilecte,
1760 5166 1882 5221 licet

284 5260 575 5315 admodum
633 5260 762 5314 viles
792 5268 845 5313 et
888 5258 1077 5329 abjccti
1130 5263 1317 5321 simus,
1344 5258 1386 5310 si
1431 5274 1551 5311 cum
1601 5258 1775 5313 studio
1813 5258 1879 5313 ad

290 5354 455 5406 Deum
484 5352 824 5414 accedamus,
862 5366 955 5419 per
983 5364 1080 5403 nos
1118 5349 1259 5419 ipsos
1296 5364 1450 5418 posse
1489 5364 1607 5418 qua:
1643 5348 1879 5417 posmla-

286 5462 407 5502 tuus
437 5447 744 5515 impetrare.
781 5444 911 5499 Vide
931 5444 1071 5498 enim
1104 5442 1370 5513 quomodo
1398 5442 1481 5495 isti
1507 5442 1706 5496 nullum
1748 5456 1881 5511 apo-

284 5538 547 5594 stolorum
580 5536 839 5591 habentes
863 5545 1168 5606 patronum,
1201 5534 1295 5588 sed
1327 5534 1521 5587 inultos
1545 5534 1634 5603 qui
1658 5547 1715 5587 se
1732 5547 1884 5588 coer-

285 5640 493 5697 cerent,
521 5637 809 5700 potuerunt
837 5641 1024 5682 omnes
1050 5626 1231 5682 obices
1260 5624 1547 5689 transilire,
1591 5633 1645 5679 et
1679 5623 1745 5678 ad
1784 5623 1879 5679 Je-

287 5738 406 5778 sum
436 5722 609 5792 ipsum
647 5718 905 5776 accedere
938 5736 950 5772 :
984 5718 1087 5775 etsi
1122 5732 1228 5773 non
1259 5717 1571 5773 testiticetur
1612 5715 1881 5787 evangeli-

1980 2825 2061 2869 s:a
2092 2814 2235 2884 ipsos
2258 2813 2485 2882 aliquam
2513 2829 2577 2867 cx
2606 2815 2724 2867 vitse
2752 2830 2947 2882 genere
2985 2814 3229 2869 fiduciam
3272 2816 3521 2871 habuisse
3553 2834 3570 2872 :

1973 2908 2067 2963 scil
2091 2908 2252 2962 animi
2280 2906 2459 2962 fervor
2487 2908 2603 2962 vice
2644 2908 2882 2962 omnium
2923 2908 3053 2977 ipsis
3086 2908 3203 2963 fuit.
3239 2909 3351 2965 Hos
3375 2918 3431 2965 et
3469 2924 3568 2965 nos

1974 3000 2135 3053 etiam
2184 3000 2517 3054 :emulcmur.
2578 2999 2799 3053 Etiamsi
2865 2998 3005 3053 Deus
3064 2998 3262 3054 donum
3321 3000 3568 3064 differat,

1974 3092 2179 3146 etiamsi
2210 3090 2360 3145 multi
2403 3092 2687 3157 abducant,
2728 3107 2796 3144 ne
2839 3092 3046 3159 petendi
3086 3092 3247 3146 finem
3284 3092 3560 3147 faciamus.

1976 3183 2066 3238 Sic
2088 3182 2233 3237 enim
2270 3183 2500 3236 maxime
2537 3182 2700 3236 Deum
2736 3182 3084 3235 attrahi-mus.
3119 3182 3215 3236 llic
3256 3183 3419 3252 igitur
3446 3182 3571 3238 vide

1976 3275 2245 3343 quomodo
2271 3274 2481 3327 illorum
2512 3272 2776 3327 fervorem
2814 3289 2912 3328 nec
2940 3284 3243 3343 paupertas,
3273 3289 3371 3329 nec
3410 3276 3567 3330 acci-

1979 3377 2077 3423 tas.
2113 3381 2211 3421 nec
2239 3364 2377 3435 quod
2406 3380 2509 3418 non
2535 3364 2836 3426 audiantur.
2864 3380 2962 3419 nec
2980 3365 3120 3435 quod
3150 3379 3178 3419 ι
3207 3366 3374 3421 turbis
3395 3365 3565 3422 incre-

1980 3473 2189 3529 pz-ntnr,
2222 3458 2482 3528 impedire
2520 3458 2745 3529 possint.
2779 3457 2923 3512 Talis
2959 3470 3042 3512 est
3066 3458 3239 3513 anima
3269 3458 3482 3513 fervens
3516 3468 3572 3514 et

1980 3553 2030 3605 iu
2063 3553 2244 3605 labore
2288 3565 2528 3605 versans.
2565 3549 2701 3618 Quid
2741 3563 2869 3617 ergo
2909 3548 3199 3603 Christus?
3229 3550 3316 3603 52.
3368 3548 3572 3602 Vocavit

1978 3643 2094 3698 illos
2122 3652 2166 3696 et
2195 3642 2325 3696 dixit
2350 3658 2368 3696 :
2402 3640 2537 3707 Quid
2570 3641 2722 3695 sultis
2752 3650 2804 3694 ut
2827 3640 2961 3693 vobis
2991 3641 3223 3712 faciant?
3265 3640 3353 3695 55.
3384 3638 3571 3694 Dicunt

1977 3738 2023 3791 ei
2053 3753 2072 3790 :
2105 3737 2337 3801 Domine,
2369 3745 2423 3789 ut
2454 3736 2750 3804 aperiantur
2782 3733 2917 3787 oculi
2969 3733 3145 3787 nostri.
3178 3733 3285 3787 Cur
3323 3732 3444 3786 illos
3489 3733 3571 3786 in-

1979 3826 2252 3897 terrogat?
2281 3826 2356 3879 Ne
2384 3824 2506 3895 quis
2533 3832 2762 3893 putaret,
2791 3824 2965 3892 ipsum
3002 3822 3103 3876 alia
3136 3821 3440 3891 patentibus
3465 3821 3571 3876 alia

1977 3921 2125 3976 dare.
2152 3920 2361 3974 Etenim
2387 3918 2523 3973 solet
2548 3931 2764 3986 semper
2790 3916 2963 3986 primo
2994 3915 3238 3969 virtutem
3269 3929 3453 3969 eorum
3479 3914 3568 3984 qui

1977 4020 2233 4066 curantur
2264 4008 2515 4065 omnibus
2550 4008 2869 4078 patefacere,
2907 4015 2964 4061 et
3002 4017 3127 4061 tunc
3171 4005 3464 4061 remedium
3494 4005 3565 4059 af.

1978 4102 2157 4157 ferre:
2187 4110 2298 4155 tum
2326 4109 2383 4154 ut
2410 4100 2546 4154 alios
2567 4098 2631 4154 ad
2661 4098 2909 4153 emndem
2935 4100 3108 4153 zelum
3134 4098 3327 4164 ducat;
3375 4108 3485 4154 tum
3515 4105 3573 4153 ut

1979 4192 2228 4249 ostendat
2255 4193 2375 4247 illos
2408 4192 2530 4262 jure
2566 4192 2761 4246 merito
2790 4190 2946 4244 donis
2978 4189 3097 4244 frui.
3130 4190 3241 4245 Hoc
3267 4201 3321 4245 ct
3351 4191 3402 4243 in
3430 4189 3571 4245 Cha-

1979 4302 2163 4342 nan:ea
2194 4285 2335 4349 fecit,
2366 4284 2469 4340 hoc
2501 4287 2553 4340 in
2586 4285 2919 4351 centurione,
2963 4284 3064 4337 hoc
3105 4283 3155 4337 in
3195 4284 3417 4338 audiere
3442 4299 3569 4338 sane

1978 4380 2152 4452 guinis
2174 4379 2372 4433 ﬂuxum
2403 4378 2670 4448 patiente;
2702 4378 2808 4430 iuto
2830 4391 2957 4431 vero
2981 4375 3238 4429 mirabilis
3264 4373 3349 4426 illa
3378 4374 3573 4428 mulier

1981 4472 2239 4544 przevenit
2264 4469 2734 4539 interrogationem
2760 4466 2964 4523 Domini
2992 4483 3009 4519 :
3034 4476 3269 4520 attamen
3298 4481 3405 4519 non
3429 4465 3576 4519 illam

1980 4563 2350 4634 praetermisit;
2384 4561 2476 4615 sed
2515 4571 2570 4615 et
2609 4569 2726 4627 post
2772 4558 3029 4613 redditam
3069 4557 3375 4621 sanitatem,
3423 4556 3569 4609 illam

1980 4658 2250 4713 celebrem
2275 4654 2467 4711 reddit.
2498 4652 2584 4707 Sic
2612 4668 2741 4721 cego
2775 4652 2993 4705 curabat
3022 4650 3389 4706 accedentium
3417 4650 3483 4703 ad
3513 4662 3572 4705 se

1978 4756 2119 4813 bona
2160 4768 2323 4823 opera
2370 4749 2668 4822 praedicare
2706 4757 2759 4802 et
2799 4746 2970 4800 multo
3017 4746 3227 4815 majora
3270 4746 3572 4815 praedicare

1979 4861 2144 4920 quam
2188 4844 2385 4900 eraut‘
2414 4884 2429 4909 ,
2464 4841 2608 4912 quod
2642 4840 2730 4894 hic
2770 4838 2935 4894 etiam
2970 4836 3117 4893 facit.
3166 4836 3387 4901 Deinde,
3418 4847 3570 4909 post-

1980 4954 2147 5011 (piam
2182 4953 2303 5007 quae
2342 4935 2597 4988 volebant
2638 4932 2912 4993 dixerunt,
2949 4930 3328 4985 misericordia
3362 4940 3567 4996 motus,

1981 5033 2105 5089 illos
2129 5029 2321 5099 tetigit.
2351 5026 2475 5081 Ilaec
2499 5026 2697 5096 quippe
2720 5023 2833 5077 sola
2860 5038 3022 5076 causa
3046 5031 3131 5076 est
3156 5021 3474 5082 curationis,
3499 5022 3570 5075 ob

1982 5137 2142 5191 quam
2171 5120 2317 5173 venit
2361 5120 2413 5172 in
2444 5117 2728 5171 mundum.
2757 5116 3030 5179 Attamen,
3059 5114 3157 5168 etsi
3191 5114 3564 5168 misericordia

1981 5222 2037 5268 et
2062 5212 2236 5283 gratia
2260 5219 2428 5273 esset,
2448 5209 2643 5278 dignos
2669 5205 2967 5276 quaerebat.
2996 5205 3155 5271 Quod
3179 5220 3308 5259 vero
3332 5205 3386 5258 hi
3418 5204 3565 5274 digni

1982 5316 2185 5371 essent,
2213 5315 2357 5375 patet
2386 5316 2503 5360 tum
2531 5319 2594 5357 ex
2632 5302 2891 5366 clamore,
2916 5311 3031 5355 tum
3062 5316 3126 5356 ex
3169 5314 3236 5355 eo
3270 5301 3411 5368 quod
3442 5313 3565 5352 cum

1984 5400 2329 5469 accepissent
2347 5412 2452 5449 non
2480 5403 2846 5460 recesserunt,
2871 5392 3014 5465 quod
3034 5392 3187 5446 inulti
3220 5390 3445 5455 faciunt,
3471 5389 3563 5458 qui

2044 5587 2061 5617 ι
2088 5583 2205 5632 Haec
2225 5578 2396 5644 verba,
2428 5584 2473 5630 et
2493 5576 2644 5629 multo
2682 5574 3198 5644 majorgpmfdicare
3241 5580 3565 5644 quantaerant,

1984 5660 2040 5695 se
2067 5635 3174 5707 expunxisse'montierat_llloittotalconius,‘ut
3191 5635 3353 5707 poteet
3376 5635 3567 5707 ϐΙΙζὶέῳ

1982 5693 2035 5759 εἰ
2062 5693 2398 5769 αιὲυδοσιὸηιο
2423 5699 2641 5768 indigna.
2668 5699 2865 5751 Videsis
2898 5700 3070 5748 Adnot.
3095 5693 3247 5745 ’πτερω
3271 5693 3329 5743 ad
3363 5710 3412 5758 p.
3450 5696 3564 5744 ssi.
