4034 6450
461 330 566 396 ser

467 461 584 514 post
613 449 867 506 beneﬁcia
913 460 1036 505 sunt
1077 450 1290 520 ingrati.
1326 451 1394 504 At
1439 450 1512 504 illi
1543 465 1646 503 non
1687 445 1821 504 tales
1860 454 2048 513 eram;

467 539 562 593 sed
610 548 666 595 et
707 548 831 596 ante
873 541 1073 597 donum
1107 542 1540 612 perseverabant,
1585 549 1640 595 et
1686 550 1807 610 post
1854 539 2055 594 donum

469 629 604 700 grati
641 631 805 687 animi
841 631 1056 688 fuerunt
1087 649 1101 686 :
1133 649 1252 688 nam
1304 633 1513 703 sequuti
1559 639 1686 686 sunt
1725 647 1868 686 omn.
1900 629 2054 700 (Cap.

478 721 621 793 XXI)
655 724 706 778 Ι.
737 723 800 777 Et
826 742 938 779 cum
963 727 1394 797 appropinquaret
1421 724 1727 791 Jerusalem,
1749 734 1795 778 et
1822 729 2060 776 venerunt

471 815 539 866 ad
568 812 861 886 Bethphage
900 816 968 868 ad
1017 827 1234 871 ntontcm
1265 815 1546 880 Oliuarum,
1579 825 1697 868 tunc
1740 811 1890 870 Iesus
1928 810 2063 866 misit

475 907 602 974 duos
629 923 692 960 ea:
714 907 976 978 discipulis
1000 909 1126 976 suis,
1153 909 1205 963 2.
1227 909 1400 962 dicens
1420 923 1440 961 :
1463 905 1540 962 Ite
1565 907 1618 960 in
1644 906 1902 960 castellum
1929 902 2064 972 quod

397 1049 402 1055 .
475 1008 650 1053 contra
672 1015 754 1053 uos
779 1010 869 1066 est,
901 1012 946 1054 et
969 1001 1227 1056 invenietis
1253 1003 1450 1054 asinam
1473 999 1757 1070 alligatam,
1799 1008 1842 1050 et
1871 996 2065 1067 pullum

475 1108 588 1155 cum
617 1109 678 1146 ea
701 1109 720 1148 :
748 1093 992 1149 solt-entes
1028 1093 1273 1148 adducite
1312 1093 1455 1146 mihi.
1495 1091 1549 1146 '5.
1579 1090 1646 1144 Et
1688 1090 1731 1144 si
1773 1089 1884 1160 quis
1933 1086 2066 1140 uobis

475 1183 660 1237 dixerit
685 1184 900 1254 aliquid,
932 1186 1122 1248 dicetis,
1155 1203 1273 1257 quia
1299 1183 1548 1238 Dominus
1577 1183 1653 1237 his
1679 1198 1806 1252 Opus
1830 1179 1995 1245 habet,
2022 1186 2070 1232 et

477 1276 742 1344 confestim
759 1276 972 1330 dimittet
993 1293 1095 1330 eos.
1115 1277 1168 1332 4.
1200 1276 1312 1330 Hoc
1331 1286 1500 1330 autem
1519 1283 1678 1328 totum
1701 1277 1892 1344 factum
1917 1280 1987 1324 cst
2016 1275 2070 1322 ut

479 1365 840 1435 adimpleretur
854 1368 990 1437 quod
1012 1367 1202 1422 dictant
1222 1376 1292 1422 est
1322 1383 1411 1437 per
1437 1365 1745 1420 Zachariam
1773 1361 2072 1434 prOphetam

481 1456 725 1510 dicentem
753 1471 773 1510 :
798 1457 852 1512 5.
886 1457 1050 1512 Dicite
1076 1457 1200 1528 ﬁlia:
1225 1457 1355 1512 Sion
1376 1473 1395 1512 :
1419 1456 1550 1512 Ecce
1573 1472 1660 1511 rea:
1694 1464 1808 1508 tuus
1829 1453 1959 1506 venit
1984 1451 2072 1505 tibi

483 1557 790 1616 mansuetus,
820 1551 998 1605 sedens
1023 1566 1176 1620 super
1202 1551 1399 1622 asinam
1441 1559 1490 1605 et
1535 1549 1732 1616 pullum
1759 1545 1925 1616 ﬁlius
1956 1543 2074 1599 sub-

480 1637 672 1708 iugatis
701 1637 884 1712 (Zach.
925 1641 1090 1712 9.9).
1137 1642 1296 1712 Atqui
1343 1656 1486 1712 sazpe
1533 1650 1752 1696 venerat
1797 1637 2073 1708 ierosoly'o

487 1745 662 1795 utam;
695 1731 790 1787 sed
817 1749 1106 1803 numquam
1129 1750 1246 1788 cum
1280 1743 1424 1788 tanto
1443 1745 1716 1804 apparatu.
1746 1731 1876 1800 Qum
1917 1731 2075 1802 igitur

485 1834 644 1876 causa
669 1819 807 1877 fuit?
831 1824 923 1878 Illa
951 1826 1126 1894 priora
1156 1834 1308 1882 erant
1330 1826 1552 1880 exordia
1593 1823 1944 1886 teconromiat;
1981 1835 2077 1875 ne-

485 1929 592 1984 que
630 1915 744 1984 ipse
765 1915 1052 1972 admodum
1093 1929 1249 1972 notus
1274 1927 1410 1983 emt,
1439 1933 1613 1987 neque
1649 1916 1913 1985 passionis
1943 1922 2078 1969 lem-

488 2020 588 2076 pus
613 2015 725 2060 erat
750 2009 1052 2076 proximum
1083 2025 1096 2060 :
1119 2017 1442 2079 quapropter
1468 2006 1926 2062 indiscriminatim
1953 2019 2074 2059 cum

490 2096 597 2151 illis
648 2107 774 2152 tunc
823 2099 1165 2166 miscebatur,
1213 2101 1320 2154 imo
1361 2113 1481 2155 sese
1525 2098 1869 2154 occultabat:
1903 2111 2078 2167 neque

489 2185 632 2240 enim
669 2187 1005 2242 admirationi
1055 2189 1259 2255 luisset,
1287 2189 1331 2243 si
1365 2188 1436 2244 ita
1479 2203 1602 2245 sese
1643 2187 1991 2253 exhibuisset,
2023 2195 2080 2241 et

492 2277 564 2331 illi
595 2276 645 2331 in
685 2277 942 2348 majorem
997 2279 1128 2334 iram
1167 2279 1522 2334 exarsissent.
1573 2279 1859 2348 Postquam
1901 2288 2077 2332 autem

490 2367 741 2436 potentia:
769 2384 880 2424 sua!
917 2369 1106 2424 idonea
1133 2369 1356 2425 dederat
1382 2369 1767 2440 experimenta,
1796 2383 1916 2422 cum
1949 2383 2080 2423 crux

489 2459 542 2512 in
560 2460 738 2528 jttttuis
771 2470 935 2526 esset,
965 2460 1161 2516 clarius
1196 2462 1429 2531 seipsum
1472 2461 1693 2525 revelat,
1734 2469 1789 2515 et
1819 2475 1941 2515 cum
1969 2475 2082 2516 uta-

486 2549 591 2619 jori
615 2551 926 2605 celebritate
953 2549 1082 2606 facit
1104 2551 1307 2617 omnia,
1335 2567 1456 2622 quae
1485 2558 1701 2620 possent
1745 2550 1864 2603 illos
1898 2558 2080 2618 postea

493 2653 668 2695 urere.
697 2641 947 2697 Poterant
981 2643 1123 2696 enim
1152 2643 1265 2697 lucc
1307 2642 1360 2696 in
1387 2643 1651 2712 principio
1682 2641 1818 2709 ﬁeri,
1842 2640 1936 2695 sed
1975 2656 2078 2694 non

477 2732 640 2784 utilia
671 2732 913 2787 fuissent.
941 2733 1018 2787 Tu
1050 2749 1179 2789 vero
1205 2733 1334 2786 mihi
1361 2732 1641 2786 considera
1667 2740 1797 2802 quot
1827 2731 2080 2786 miracula

494 2826 622 2877 liant
645 2835 696 2879 ct
735 2834 862 2894 quot.
903 2823 1196 2894 prophetia:
1234 2823 1570 2893 impleantur.
1615 2824 1778 2888 Dixit,
1816 2819 2083 2876 Invenietis

492 2916 720 2980 asinam;
771 2915 1011 2985 prmdicit
1059 2915 1324 2970 neminem
1380 2930 1501 2970 esse
1541 2913 1940 2983 impediturum,
1987 2915 2080 2969 sed

492 3006 582 3076 qui
614 3005 854 3062 audirent
888 3009 1142 3062 tacituros
1166 3021 1305 3062 esse.
1341 3006 1647 3062 llocautem
1679 3022 1784 3060 non
1810 3021 1968 3076 parva
1990 3005 2085 3061 Ju-

493 3096 730 3153 dmorum
757 3098 1134 3155 condemnatio
1165 3107 1266 3161 est,
1296 3099 1340 3154 si
1381 3098 1686 3154 hominibus
1717 3113 1823 3152 non
1851 3098 1952 3153 sibi
1982 3114 2082 3152 no-

494 3189 582 3250 tis,
611 3205 852 3259 quosque
898 3205 1004 3244 non
1055 3189 1280 3254 viderat,
1331 3188 1572 3252 suadeat,
1629 3197 1687 3242 ut
1728 3203 1822 3243 sua
1850 3189 2078 3253 tradant,

493 3293 595 3334 nec
618 3280 1012 3336 eontradietmt.
1051 3280 1220 3337 Judaei
1271 3294 1421 3346 vero,
1465 3278 1678 3350 quando
1720 3277 1835 3350 ipse
1877 3294 1975 3352 per
1999 3280 2082 3334 di-

491 3371 729 3440 scipulos
780 3385 906 3427 suos
949 3371 1202 3427 miracula
1244 3371 1455 3438 edebat,
1513 3380 1806 3443 pra-sentes
1847 3386 1954 3428 non
1984 3373 2083 3428 ob-

495 3471 599 3522 tem
607 3472 876 3532 perarunl.
1321 3514 1327 3520 .

564 3553 618 3608 2.
650 3553 896 3609 Abdnctio
937 3555 1096 3610 asine
1133 3567 1178 3610 et
1220 3557 1386 3624 aselli,
1417 3556 1612 3612 nemine
1655 3565 1938 3623 recusante,
1965 3558 2086 3629 quid

496 3648 686 3716 probet.
712 3647 900 3702 Christi
914 3649 1014 3703 rita
1039 3649 1180 3704 nobis
1199 3653 1504 3720 exemplum.
1519 3681 1590 3692 —
1601 3650 1680 3707 Nc
1699 3659 1853 3721 putes
1876 3650 1927 3706 id
1941 3651 2083 3722 quod

497 3740 690 3794 lactant
721 3752 804 3797 est
834 3756 1050 3810 parvum
1073 3743 1200 3813 quid
1225 3759 1366 3799 esse.
1401 3744 1532 3813 Quis
1559 3745 1702 3800 enim
1731 3743 1838 3800 illis
1862 3759 2086 3814 persua-

497 3832 584 3893 sit,
617 3829 742 3885 dum
779 3847 873 3887 sua
917 3834 1280 3899 aulerrentur,
1307 3849 1574 3905 pauperes
1619 3851 1742 3891 cum
1790 3845 1991 3902 essent,
2033 3845 2089 3892 ct

499 3922 740 3978 fortassis
765 3925 1035 3992 agricolae,
1077 3943 1184 3980 non
1209 3931 1549 3999 rentum?
1583 3939 1638 3984 et
1673 3929 1800 4000 quid
1830 3930 1950 3985 dico
1980 3946 2085 3985 non

499 4016 832 4082 repugnare?
861 4031 926 4070 ne
953 4019 1282 4086 respondere
1321 4021 1558 4087 quidem,
1590 4022 1670 4076 vel
1703 4032 1823 4092 post
1865 4037 2088 4092 reSpon-

499 4103 704 4158 sionem
737 4115 914 4162 tacere
939 4123 1003 4162 ac
1049 4110 1332 4166 recedere?
1369 4110 1500 4167 Nam
1545 4121 1827 4183 utrmnque
1867 4115 2088 4185 perinde

503 4193 742 4249 mirabile
789 4208 924 4265 crat,
955 4199 1096 4269 qttod
1137 4201 1267 4255 nihil
1315 4202 1568 4269 dixerint,
1613 4203 1740 4268 dum
1783 4208 2089 4276 subiugales

501 4288 915 4356 abducerentur,
937 4299 995 4346 et
1019 4292 1160 4362 quod
1179 4294 1476 4361 audientes,
1510 4296 1790 4350 Dominum
1807 4298 1936 4366 ipsis
1955 4313 2089 4368 opus

491 4378 720 4450 habere,
743 4386 1084 4451 recesserint,
1109 4401 1206 4441 nec
1232 4389 1671 4456 contradixerint,
1703 4391 1933 4445 maxime
1966 4406 2088 4446 cum

501 4488 610 4528 non
638 4474 810 4544 ipsum
841 4475 1150 4544 Dominum,
1201 4479 1296 4534 sed
1330 4479 1619 4550 discipulos
1664 4485 1780 4552 ejus
1828 4484 2086 4540 viderent.

504 4563 639 4620 llinc
680 4566 839 4622 docet
867 4584 982 4636 eos,
1011 4585 1070 4625 se
1107 4572 1344 4640 potuisse
1371 4571 1585 4628 Judaios
1625 4574 1706 4628 vel
1748 4575 1940 4630 invitos
1969 4591 2088 4629 om-

504 4657 630 4711 nino
655 4657 928 4726 cohibcre,
968 4661 1184 4730 quando
1227 4677 1285 4717 se
1323 4663 1556 4718 invasuri
1596 4673 1799 4730 essent,
1842 4665 2091 4734 ipsosque

505 4757 681 4804 mutos
705 4750 949 4814 reddere,
982 4752 1075 4808 sed
1105 4754 1362 4810 noluisse.
1394 4755 1528 4810 Hinc
1556 4758 1717 4812 etiam
1745 4757 1903 4814 docet
1934 4757 2093 4812 disci-

505 4839 701 4908 pulos,
743 4841 1000 4912 quidquid
1061 4844 1174 4914 ipse
1235 4855 1444 4916 peteret
1496 4847 1729 4904 dandum
1797 4859 2089 4918 oportere.

505 4929 711 4996 etiamsi
731 4930 945 5001 juberet
969 4935 1136 5006 ipsam
1164 4938 1395 4992 animam
1429 4939 1660 5004 tradere,
1685 4955 1784 4995 nec
1818 4941 2092 5000 contradi-

505 5022 733 5076 cendum
762 5038 902 5081 esse.
931 5027 1062 5084 Nam
1107 5029 1152 5084 si
1197 5030 1358 5101 ignoti
1389 5042 1700 5102 paruerunt,
1731 5034 1898 5088 multo
1925 5037 2094 5105 magis

509 5113 652 5182 ipsos
675 5117 852 5170 omnia
896 5119 1197 5190 relinquere
1225 5125 1527 5191 Oportebat.
1555 5124 1635 5178 Ad
1666 5124 1780 5180 lucc
1805 5126 1962 5180 aliam
1994 5127 2094 5182 du-

510 5206 806 5280 plicemque
856 5213 1188 5283 prophetiam
1235 5215 1518 5286 implebat;
1564 5219 1722 5273 aliam
1776 5235 1868 5289 per
1905 5235 2090 5290 opera,

506 5303 666 5357 aliam
693 5317 788 5374 per
811 5305 992 5372 verba,
1033 5323 1222 5379 nempe
1249 5309 1520 5367 Zacharize
1563 5313 1856 5384 propheuc,
1896 5314 1984 5384 qui
2014 5314 2095 5368 di-

507 5396 605 5457 xit,
636 5409 816 5467 regem
845 5411 1122 5456 sessurum
1147 5417 1266 5456 esse
1295 5419 1454 5474 super
1477 5406 1679 5460 asinam
1710 5405 1898 5474 (Zach.
1925 5407 1977 5462 9.
2001 5408 2090 5476 9);

509 5500 633 5538 nam
656 5485 848 5543 sedens
876 5489 988 5558 ipse
1027 5493 1357 5562 prophetiam
1386 5496 1641 5564 implevit.
1688 5498 1846 5553 Aliud
1896 5499 2091 5554 iterum

510 5579 807 5646 prophetiae
838 5581 1042 5638 initium
1069 5583 1247 5649 dabat,
1275 5589 1439 5656 gestis
1476 5588 1589 5642 suis
1615 5589 1785 5644 futura
1818 5590 2094 5660 pratsigni-

515 5669 698 5724 ticans.
743 5674 860 5741 Quo
903 5676 1100 5745 pacto?
1125 5675 1454 5750 ltupttrarum
1494 5682 1728 5751 gentium
1761 5683 2092 5739 vocationem

519 5766 905 5826 pra-nuntiabat
937 5784 950 5820 :
981 5767 1092 5825 fore
1131 5786 1321 5842 uctnpc
1362 5783 1416 5828 ut
1447 5775 1498 5829 in
1530 5774 1655 5845 ipsis
1685 5780 2001 5848 requie-cat,
2039 5791 2094 5836 ut

1258 331 1314 388 S.
1355 329 1636 400 JUANNIS
1667 326 2146 386 οιιιιγδοετυιιι
2188 327 2504 389 AltClIIEP.
2533 329 3068 391 CONSTANHNOP.

3632 335 3731 389 θιιιι

2167 447 2383 505 veniant
2406 448 2473 503 ad
2502 463 2648 517 eum,
2677 450 2956 520 ipsumque
2998 459 3325 519 sequantur;
3362 449 3436 504 sic
3467 453 3734 520 prophetta

2164 537 2501 609 prephetiam
2526 543 2758 612 excepit.
2793 541 2916 595 Mihi
2939 557 3067 594 vero
3095 556 3199 594 non
3226 556 3287 594 ea
3309 540 3479 596 solum
3498 540 3567 596 de
3585 555 3738 596 causa

2165 631 2374 686 videtur
2411 645 2575 702 super
2600 634 2803 687 asinam
2832 633 3058 700 sedisse,
3091 633 3184 688 sed
3221 643 3279 687 ut
3319 633 3470 689 nobis
3515 633 3742 702 philoso-

2167 723 2304 792 phia:
2342 724 2559 780 modum
2603 725 2857 780 traderet.
2907 725 3021 780 Non
3071 725 3230 780 modo
3270 725 3409 781 enim
3450 724 3744 796 prophetias

2169 813 2444 884 implebat.
2472 831 2647 887 neque
2691 827 2894 872 tantum
2923 818 3168 888 dogmata
3199 815 3435 872 veritatis
3463 817 3742 874 inserebat.

2169 905 2265 962 sed
2296 921 2391 976 per
2420 906 2535 963 h:cc
2573 909 2729 963 nobis
2769 918 2973 964 rectum
3006 909 3126 964 vitae
3155 909 3454 964 institutum
3492 907 3744 973 tradebat,

2172 999 2368 1070 ubique
2397 1001 2552 1055 nobis
2573 1001 2783 1072 regulas
2808 1003 3088 1073 assignans
3111 1001 3179 1058 ad
3204 1000 3560 1056 necessarium
3577 1017 3742 1066 usum,

2171 1099 2227 1146 et
2275 1091 2341 1146 ad
2386 1091 2547 1147 vitam
2579 1093 2744 1163 probe
2793 1109 3008 1164 semper
3035 1092 3317 1164 agendam.
3358 1090 3588 1162 Ideoque
3631 1107 3747 1148 cum

2175 1182 2472 1238 nasciturus
2517 1194 2679 1252 esset,
2709 1200 2814 1240 non
2856 1183 3189 1256 Splendidam
3236 1182 3451 1240 domum
3492 1184 3743 1254 quaésivit,

2175 1291 2280 1330 non
2307 1288 2530 1332 matrem
2559 1277 2776 1333 divitem
2805 1287 2860 1333 et
2903 1277 3185 1343 illustrem,
3229 1273 3323 1330 sed
3372 1289 3656 1344 pauperem
3697 1282 3750 1330 et

2175 1382 2430 1438 sponsum
2476 1369 2680 1425 fabrum
2711 1369 3015 1435 habentem,
3063 1376 3223 1438 atque
3251 1365 3304 1422 in
3353 1365 3562 1436 tugurio
3590 1366 3750 1420 nasci-

2179 1468 2264 1515 tur
2283 1470 2335 1514 et
2361 1461 2413 1515 in
2442 1462 2703 1531 prmsepio
2743 1460 3046 1516 reclinatur.
3094 1458 3230 1514 Cum
3259 1455 3553 1526 discipulos
3577 1455 3748 1525 elegit.

2179 1566 2282 1605 non
2311 1553 2557 1607 rhetoras
2595 1561 2651 1607 et
2685 1551 2885 1622 sophos
2909 1549 3171 1621 quaesivit,
3201 1563 3375 1618 neque
3397 1547 3680 1618 opulentos
3702 1557 3753 1602 et

2181 1623 2408 1707 nobiles,
2439 1640 2536 1696 sed
2563 1656 2843 1712 pauperes,
2879 1653 3174 1710 pauperum
3202 1638 3357 1704 ﬁlios,
3390 1647 3448 1694 et
3483 1635 3750 1708 ignobiles.

2183 1733 2390 1788 Etcum
2437 1748 2676 1787 mensam
2714 1740 3025 1802 apponeret,
3063 1729 3224 1784 modo
3247 1743 3414 1800 panes
3439 1727 3754 1784 hordeaceus

2180 1822 2402 1888 inducit,
2431 1822 2594 1878 modo
2615 1822 2906 1893 discipulos
2936 1821 2990 1876 in
3013 1821 3130 1877 loro
3149 1819 3302 1891 jubet
3324 1835 3542 1886 emere;
3572 1829 3754 1874 etcum

2181 1913 2347 1968 lectos
2365 1913 2432 1967 ad
2457 1928 2693 1969 mensam
2715 1921 2888 1984 parat,
2914 1913 3056 1969 freno
3083 1911 3151 1965 ad
3177 1910 3230 1966 id
3251 1911 3438 1968 utitur.
3468 1909 3754 1965 Vestimen-

2183 2005 2252 2060 tis
2278 2004 2515 2061 induitur
2551 2005 2744 2062 vilibus
2772 2014 2828 2062 et
2861 2005 2931 2061 ad
2961 2005 3106 2075 vulgi
3146 2020 3300 2059 usum
3329 2004 3754 2074 pertinentibus:

2181 2095 2401 2152 domum
2432 2112 2500 2151 ne
2531 2095 2713 2152 habuit
2741 2095 2980 2167 quidem.
3010 2095 3066 2152 Si
3093 2111 3223 2151 vero
3252 2111 3315 2151 ex
3359 2095 3479 2150 loco
3505 2095 3562 2149 in
3593 2093 3755 2152 locum

2181 2188 2331 2244 abire
2359 2205 2494 2260 opus
2523 2201 2686 2257 esset,
2716 2190 2768 2246 id
2808 2189 3032 2260 pedibus
3063 2188 3208 2253 facit,
3235 2198 3398 2258 atque
3429 2189 3500 2242 ita
3531 2197 3586 2242 ut
3613 2186 3760 2242 dela-

2184 2281 2398 2352 tigetur.
2428 2281 2635 2338 Sedens
2663 2296 2769 2338 non
2798 2281 2938 2336 solio
2974 2295 3109 2351 opus
3155 2279 3333 2344 habet,
3389 2293 3562 2348 neque
3601 2278 3759 2347 pulvi—

2183 2375 2321 2440 nari,
2349 2373 2444 2428 sed
2467 2375 2518 2429 in
2543 2373 2660 2430 solo
2687 2374 2802 2444 ipso
2823 2372 2995 2438 sedet,
3021 2369 3312 2442 aliquando
3350 2370 3404 2425 in
3445 2380 3638 2432 monte,
3669 2368 3759 2421 ali-

2183 2464 2401 2534 quando
2429 2464 2496 2519 ad
2525 2464 2723 2520 fontem
2749 2481 2764 2531 ;
2793 2479 2892 2519 nec
2919 2463 2984 2518 ad
3014 2461 3214 2518 fontem
3242 2470 3469 2523 tantum.
3499 2460 3590 2514 sed
3625 2459 3758 2514 solus

2184 2570 2304 2612 eum
2333 2555 2666 2611 Samaritana
2699 2555 2929 2623 loquitur
2955 2553 3132 2624 (Joan.
3165 2553 3246 2621 4).
3293 2550 3425 2606 Item
3468 2551 3557 2622 qui
3600 2548 3759 2604 dolori

2185 2649 2404 2705 modum
2429 2649 2636 2716 statuit,
2665 2664 2788 2704 cum
2820 2649 3002 2718 lugere
3026 2655 3259 2718 oportet,
3293 2645 3571 2716 paululum
3599 2643 3759 2715 lacry-

2187 2749 2382 2807 matur,
2412 2740 2628 2811 ubique,
2669 2750 2726 2795 ut
2747 2739 2877 2808 dixi,
2907 2740 3117 2809 regulas
3143 2737 3509 2808 terminosque
3545 2748 3756 2807 ponens,

2185 2847 2462 2902 quousque
2490 2831 2706 2902 procedi
2733 2829 2948 2895 debeat,
3001 2839 3055 2885 et
3081 2829 3166 2884 ubi
3211 2829 3403 2884 sistere
3429 2827 3646 2900 gradum
3674 2839 3762 2896 par

2185 2927 2274 2980 sit.
2322 2921 2449 2979 ldeo
2498 2939 2640 2979 nunc
2679 2923 2862 2990 etiam,
2905 2923 3029 2993 quia
3069 2921 3284 2991 contigit
3308 2919 3572 2990 quosdam
3617 2918 3760 2973 inﬁr-

2187 3017 2383 3071 miores
2407 3027 2543 3086 Opus
2566 3015 2763 3070 habere
2787 3013 3169 3085 subjugalibus,
3201 3012 3287 3067 hic
3313 3026 3527 3083 quoque
3559 3011 3759 3065 modum

2189 3109 2383 3195 posuit,
2415 3107 2703 3164 ostendens
2722 3122 2828 3163 non
2849 3108 3020 3178 equis,
3053 3121 3158 3161 non
3189 3105 3455 3160 mulorum
3481 3104 3762 3174 jugisopus

2187 3216 2307 3256 esse
2326 3193 2351 3266 ;'
2373 3201 2466 3256 sed
2513 3200 2666 3256 asino
2714 3199 2991 3266 utendum,
3046 3212 3148 3254 nec
3187 3198 3327 3253 ultra
3375 3193 3761 3267 procedendum

2186 3307 2328 3358 esse,
2361 3292 2521 3362 idque
2565 3292 2630 3347 ad
2684 3306 2837 3347 usum
2890 3291 3020 3346 satis
3057 3303 3196 3346 esse.
3230 3289 3524 3344 Videamus
3566 3299 3763 3358 quoque

2189 3383 2519 3454 pr0phetiam
2549 3384 2729 3439 verbis
2753 3395 2807 3439 et
2832 3382 2982 3439 factis
3007 3383 3022 3415 ¹
3045 3397 3373 3452 expressam.
3394 3381 3528 3448 Quae
3547 3388 3628 3435 est
3647 3391 3764 3447 ergo

2188 3476 2275 3532 illa
2306 3475 2625 3546 prophetia?
2652 3475 2782 3531 Ecce
2800 3493 2891 3531 rea:
2918 3488 3032 3533 tuus
3063 3475 3192 3528 venit
3212 3474 3299 3528 tibi
3321 3483 3631 3536 inconsuetus,
3655 3487 3764 3524 con-

2187 3569 2427 3625 scendens
2465 3569 2778 3640 subjugalem
2825 3579 2872 3622 et
2910 3567 3105 3636 pullum
3139 3551 3376 3636 juvenem
3406 3584 3426 3620 :
3459 3582 3560 3620 non
3593 3577 3763 3620 currus

2189 3675 2374 3729 agens,
2397 3671 2456 3715 ut
2481 3661 2660 3715 ca'teri
2699 3675 2887 3732 reges;
2920 3675 3024 3713 non
3067 3658 3341 3730 vectigalia
3385 3658 3627 3729 exigens,
3667 3671 3763 3709 non

2191 3759 2450 3808 terrorem
2497 3752 2781 3818 incutiens,
2831 3759 2884 3806 et
2912 3751 3172 3808 satellites
3208 3749 3580 3821 circumagens
3624 3765 3638 3801 :
3677 3743 3764 3802 sed

2195 3843 2508 3898 modestiam
2542 3843 2663 3899 hinc
2689 3859 2901 3914 quoque
2921 3857 3165 3912 magnam
3189 3841 3471 3896 exhibens.
3514 3839 3765 3907 Interruga

2191 3935 2369 4006 itaque
2393 3935 2634 3990 Judaeum
2663 3953 2676 3989 :
2705 3937 2833 4003 Quis
2853 3951 2953 3989 rex
2999 3935 3147 3988 asino
3180 3943 3362 3988 vectus
3392 3933 3662 4005 ingressus
3693 3937 3767 3984 est

2189 4026 2614 4097 JerOSolymam?
2642 4029 2745 4084 Sed
2777 4043 2881 4082 non
2903 4027 3064 4080 alium
3093 4044 3249 4096 qttatn
3281 4027 3424 4082 hunc
3450 4025 3626 4081 dicere
3652 4038 3765 4094 pos-

2191 4120 2316 4174 sint.
2349 4117 2436 4172 llla
2460 4133 2620 4188 porro
2646 4117 2891 4184 faciebat,
2933 4129 2987 4171 ut
3022 4117 3151 4185 dixi,
3185 4117 3354 4171 futura
3389 4117 3762 4186 prtenuntians.

2194 4208 2290 4266 llic
2327 4209 2470 4267 enim
2515 4225 2610 4281 per
2655 4212 2855 4281 pullunt
2909 4211 3144 4265 Ecclesia
3193 4209 3539 4278 signiﬁcatur,
3573 4221 3766 4263 neCnou

2192 4303 2420 4373 populus
2441 4317 2632 4369 novus,
2659 4303 2783 4357 olim
2812 4302 3070 4372 impurus,
3101 4309 3374 4371 postquam
3405 4311 3583 4355 autem
3625 4297 3767 4352 Jesns

2195 4393 2407 4462 insedit,
2434 4410 2597 4464 purus
2622 4393 2861 4449 ellectus.
2893 4393 2959 4447 Et
2985 4393 3102 4447 vide
3128 4393 3407 4463 imaginem
3440 4391 3632 4462 ubique
3659 4405 3766 4445 ser-

2195 4496 2389 4539 vatam.
2413 4483 2545 4538 Nam
2567 4483 2813 4554 discipuli
2838 4483 3049 4538 solvunt
3087 4481 3398 4552 subjugalia.
3439 4481 3543 4537 Per
3563 4488 3767 4550 aposto—

2197 4576 2276 4631 los
2302 4575 2442 4631 enim
2474 4584 2528 4631 et
2555 4576 2656 4645 ipsi
2687 4587 2742 4631 et
2783 4591 2880 4629 nos
2911 4577 3079 4629 vocati
3123 4588 3328 4640 sumus,
3377 4588 3475 4643 per
3511 4568 3770 4642 apostolos

2203 4671 2423 4727 adducti
2449 4689 2461 4723 :
2487 4669 2617 4739 quia
2639 4683 2766 4722 vero
2790 4665 2960 4737 gloria
2988 4661 3293 4719 vocationis
3331 4668 3533 4714 nostra:
3554 4653 3763 4712 temula~

2196 4764 2397 4832 tionem
2414 4775 2602 4815 eorum
2619 4759 2886 4822 accendit,
2909 4757 3030 4811 ideo
3052 4758 3260 4809 videtur
3292 4753 3446 4807 asina
3464 4749 3664 4822 pullum
3682 4757 3760 4799 se-

2197 4853 2313 4925 qui.
2337 4853 2634 4921 Postquam
2660 4851 2805 4905 enim
2825 4848 3080 4904 Christus
3098 4846 3364 4902 insederit
3379 4858 3542 4913 ~super
3557 4847 3754 4910 gentos,

2193 4954 2325 5001 tunc
2343 4943 2563 4999 venient
2576 4954 2631 4998 et
2646 4942 2720 4996 illi
2739 4941 2884 4997 malo
2896 4940 3078 4998 studio
3093 4935 3335 5003 incensi;
3360 4936 3410 4990 id
3430 4933 3573 5005 quod
3588 4928 3762 4984 deela-

2193 5047 2278 5092 rat
2294 5035 2496 5090 Paulus
2510 5033 2594 5089 bis
2613 5032 2822 5089 verbis:
2849 5030 3213 5103 Quiactecitas
3232 5043 3296 5082 ea:
3308 5039 3458 5098 parte
3476 5021 3664 5080 Israeli
3677 5033 3762 5070 ac-

2205 5128 2357 5192 cidit,
2376 5126 2537 5180 donec
2570 5124 2844 5192 plenitudo
2869 5125 3098 5195 gentium
3119 5124 3338 5176 intraret
3362 5137 3380 5174 :
3406 5118 3545 5173 etsic
3571 5109 3762 5195 ’omnis

2197 5191 2366 5276 Israel
2416 5191 2690 5275 salvabitur
2714 5191 2890 5289 (Rom:
2937 5211 3027 5267 11.
3073 5208 3165 5264 25.
3193 5207 3308 5275 9.6).
3339 5201 3490 5271 Quod
3538 5197 3674 5294 enim
3705 5191 3768 5294 .id

2199 5313 2477 5388 prOphctia
2506 5317 2667 5372 esset,
2700 5288 2915 5378 planum
2946 5312 3030 5358 est
3061 5317 3126 5355 ex
3147 5313 3255 5370 tam
3285 5296 3475 5356 dictis;
3511 5288 3608 5344 nisi
3638 5288 3770 5387 enim

2201 5387 2270 5464 ila
2299 5416 2458 5468 esset,
2493 5421 2597 5459 non
2627 5407 2869 5458 curasset
2893 5397 3150 5468 propheta
3183 5401 3288 5446 tam
3315 5387 3594 5476 diligenter
3619 5389 3769 5476 nsunt:

2199 5484 2411 5557 anatem
2440 5497 2637 5552 dicere.
2672 5493 2788 5548 Non
2827 5494 2939 5544 tunc
2967 5497 3172 5544 tantum
3204 5498 3300 5556 per
3337 5494 3494 5551 supra
3537 5473 3673 5530 dicta
3699 5473 3770 5521 si-

2266 5675 2281 5706 ¹
2310 5670 2473 5723 Morel.
2499 5669 2694 5727 omittit,
2720 5672 2766 5717 et
2789 5662 2946 5725 factis.

2266 5761 2285 5793 ¹
2312 5755 2471 5807 Morel.
2502 5761 2551 5804 et
2574 5751 2767 5816 quidam
2793 5748 2873 5798 alii
2900 5748 3100 5810 legunt,
3124 5746 3174 5795 et
3193 5749 3321 5794 tunc.
