4034 6454
257 455 360 511 69.9

259 573 604 643 gnificantur,
628 569 722 626 sed
751 569 911 626 etiam
943 568 1083 640 quod
1111 569 1338 641 apostoli
1363 568 1518 624 facile
1547 569 1666 624 illos
1686 566 1852 622 addu-

274 666 416 723 cturi
442 665 578 721 sint.
615 662 928 718 Sicutenim
949 658 1607 720 bicnulluscoutradixit,
1634 669 1690 711 ut
1721 672 1852 712 rett-

269 768 422 815 neret
437 757 677 820 asinam,
719 755 801 810 sic
839 754 892 808 in
929 752 1286 809 conversione
1305 751 1853 823 gentiumnulluseo-

263 866 384 907 rum
402 850 500 921 qui
526 850 648 904 illos
673 857 800 903 ante
821 853 1247 916 occupaverant,
1285 846 1435 916 ipsos
1455 846 1722 914 impedire
1749 861 1834 898 va-

263 944 387 999 luit.
431 940 550 995 Non
600 941 755 997 sedet
797 947 982 995 autem
1032 954 1198 1008 supra
1257 936 1466 991 nudum
1498 938 1728 1007 pullum,
1759 936 1854 991 sed

265 1043 428 1097 supra
459 1027 776 1082 vestimenta
802 1025 1186 1096 apostolorum.
1214 1025 1346 1092 Quia
1368 1023 1508 1078 enim
1540 1023 1738 1093 pullum
1769 1038 1856 1078 ac-

267 1129 544 1188 ceperant,
594 1118 770 1172 omnia
796 1117 907 1185 jam
944 1117 1206 1186 praebent,
1263 1123 1320 1169 ut
1359 1115 1566 1170 dicebat
1618 1114 1854 1168 Paulus:

274 1209 380 1280 Ego
409 1220 579 1262 autem
606 1209 926 1262 libentissime
943 1207 1232 1277 impendam
1263 1215 1305 1259 et
1330 1205 1595 1274 impendar
1624 1221 1716 1275 pro
1740 1205 1856 1257 ani-

271 1303 446 1353 mabus
474 1301 650 1353 vestris
677 1298 751 1370 (2.
783 1297 902 1353 Cor.
931 1299 1016 1353 12.
1052 1296 1162 1368 15).
1194 1297 1268 1352 Tu
1294 1313 1420 1351 vero
1448 1297 1574 1367 pulli
1613 1311 1858 1351 mansue-

275 1392 511 1446 tudinem
559 1391 858 1456 c0nsidera,
899 1390 1169 1460 quomodo
1203 1390 1493 1445 indomitus
1537 1406 1657 1444 cum
1697 1399 1858 1454 esset,

273 1492 326 1537 et
379 1483 512 1536 freni
544 1497 756 1550 exlers,
805 1497 910 1535 non
961 1482 1168 1546 resiliit,
1221 1481 1312 1536 sed
1361 1482 1538 1552 quiete
1585 1483 1856 1549 agebatur.

275 1575 423 1642 Quod
455 1585 508 1629 et
539 1575 706 1644 ipsum
735 1575 1013 1644 prophetia
1056 1573 1128 1628 rei
1173 1573 1361 1627 futurtc
1407 1583 1542 1638 erat,
1573 1573 1864 1643 morigeras

275 1677 462 1738 gentes
493 1666 821 1736 significans,
845 1673 899 1719 et
925 1674 1221 1736 promptam
1253 1663 1455 1719 ordinis
1493 1667 1859 1721 mutationem.

274 1758 407 1813 Nam
435 1760 612 1812 omnia
652 1756 816 1812 efficit
859 1758 1076 1811 verbum
1126 1757 1295 1811 illud:
1329 1757 1589 1812 Soluente;
1628 1758 1865 1812 adducite

275 1851 433 1914 mihi;
465 1851 536 1904 ita
576 1858 633 1903 ut
680 1847 978 1902 inordinata
1018 1849 1069 1902 in
1102 1849 1346 1903 ordinem
1388 1850 1775 1918 redigerentur,
1813 1858 1867 1904 et

276 1943 552 1998 immunda
580 1941 793 1995 demum
825 1939 1018 1993 munda
1052 1938 1262 1995 fierent.

347 2036 400 2090 ὅ.
441 2033 740 2088 Iudaeorum
781 2032 1005 2101 abiectus
1050 2033 1271 2085 animus.
1321 2031 1553 2086 Christus
1605 2049 1755 2100 quam
1804 2034 1865 2087 ob

274 2146 482 2184 causam
509 2129 581 2182 sic
605 2127 917 2196 triumphare
941 2126 1168 2179 voluerit.
1195 2123 1527 2196 Elecmosyna
1547 2127 1871 2179 commenda-

278 2232 379 2276 tur.
426 2219 846 2274 Antiochenorum
889 2218 1216 2287 eleemosyme
1259 2217 1492 2285 ipsorum
1540 2216 1866 2286 facultatibus

277 2317 628 2383 conferuntur.
670 2308 871 2366 —Sed
915 2308 1036 2364 vide
1077 2307 1207 2362 ntihi
1249 2307 1556 2362 Judteorum
1599 2307 1866 2377 abjectum

277 2406 651 2462 anituum.Tot
671 2403 920 2460 miracula
949 2403 1193 2474 patravit,
1215 2412 1267 2459 et
1284 2418 1571 2473 numquam
1595 2403 1670 2458 sic
1695 2403 1866 2474 ipsum

278 2497 524 2553 admirati
565 2505 690 2552 sunt
718 2496 874 2566 :quia
905 2505 1082 2550 autem
1111 2494 1359 2549 viderunt
1395 2495 1604 2550 turbam
1641 2510 1871 2550 concur-

278 2603 506 2657 rctttem,
531 2600 655 2644 tunc
683 2588 857 2644 mirati
887 2599 1030 2643 sunt.
1062 2587 1145 2642 10.
1172 2587 1431 2642 Commota
1450 2587 1636 2657 quippe
1661 2596 1733 2642 est
1759 2590 1870 2641 uni-

277 2702 421 2740 versa
445 2684 619 2739 civitas
661 2683 832 2736 dicens
856 2699 873 2736 :
898 2682 1023 2747 Quis
1052 2691 1124 2735 est
1154 2681 1278 2734 hic?
1304 2678 1490 2734 Turba:
1517 2690 1683 2734 autem
1727 2679 1868 2733 dice-

279 2777 397 2831 bant
418 2792 440 2832 :
461 2775 562 2830 Hic
589 2784 660 2830 est
699 2775 849 2830 Iesus
886 2773 1132 2844 prOplteta
1156 2789 1187 2824 a
1219 2771 1478 2826 Nazaretlt
1524 2770 1768 2826 Galilwaa.
1805 2772 1871 2825 Et

278 2885 399 2926 cum
445 2868 546 2924 sibi
597 2867 912 2922 videbantur
948 2865 1147 2935 aliquid
1185 2879 1446 2934 maguum
1492 2862 1672 2918 dicere
1697 2904 1712 2929 ,
1743 2871 1871 2918 tunc

280 2963 425 3020 humi
457 2977 650 3032 repens
677 2970 732 3016 et
773 2959 990 3014 humilis
1035 2969 1089 3013 et
1126 2957 1330 3028 abjecta
1364 2958 1574 3012 i|l0rum
1601 2958 1869 3012 sententia

277 3067 415 3112 erat.
441 3054 568 3110 Haec
587 3061 765 3108 autem
796 3054 882 3108 ille
913 3052 1157 3117 faciebat,
1185 3066 1291 3105 non
1325 3051 1389 3104 ad
1412 3052 1825 3105 ostentationem
1850 3091 1866 3116 ,

275 3149 372 3205 sed
399 3147 595 3214 simul,
623 3146 762 3218 quod
794 3145 907 3201 dixi
935 3187 951 3211 ,
983 3144 1313 3214 prOphetiam
1357 3144 1616 3213 implens,
1652 3154 1703 3198 et
1749 3143 1870 3212 phi-

278 3243 576 3313 losophiam
605 3240 804 3296 docens
823 3281 838 3303 ,
863 3239 1124 3309 simulque
1159 3236 1448 3306 discipulos
1487 3237 1772 3290 consolans
1801 3234 1871 3289 ob

279 3349 508 3393 mortem
539 3351 687 3390 suam
709 3333 971 3395 dolentes,
990 3328 1384 3400 ostendensque
1408 3345 1467 3384 se
1488 3329 1672 3383 istbtec
1693 3327 1868 3381 otnnia

281 3431 511 3485 libenter
540 3443 820 3498 passurum
849 3439 988 3480 esse.
1017 3425 1095 3479 Tu
1129 3438 1256 3479 vero
1283 3423 1411 3476 tnibi
1449 3422 1716 3475 admirare
1745 3436 1868 3491 pro-

283 3528 456 3592 phetae
486 3521 880 3576 accurationem
905 3560 920 3584 ,
944 3515 1213 3587 quomodo
1238 3516 1415 3570 Omnia
1451 3514 1774 3585 przrdixerit.
1805 3513 1873 3568 Et

279 3617 378 3670 alia
405 3613 618 3684 quidem
650 3613 830 3678 David,
862 3611 963 3665 alia
985 3610 1267 3664 Zacharias
1290 3608 1683 3679 prteuuntiavit.
1721 3609 1790 3663 lla
1820 3619 1873 3663 et

282 3722 380 3760 nos
415 3707 672 3760 faciamus
696 3746 712 3770 ,
741 3713 792 3759 et
822 3703 1032 3774 hymnis
1061 3703 1392 3756 celebremus
1417 3743 1431 3767 ,
1461 3710 1514 3754 et
1557 3701 1872 3756 vestimenta

281 3797 555 3852 tradamus
585 3795 649 3849 iis
676 3795 764 3865 qui
804 3795 974 3864 ipsum
1001 3793 1249 3847 :tll‘erunt.
1279 3792 1391 3860 Qua
1430 3793 1571 3846 enim
1606 3793 1756 3846 vt-uia
1793 3793 1874 3845 (Ιί-

282 3892 368 3962 gui
400 3892 600 3945 erimus
626 3933 641 3954 ,
677 3889 721 3943 si
749 3903 868 3942 cum
898 3887 986 3942 alii
1029 3887 1234 3940 asinam
1282 3887 1364 3939 cui
1417 3885 1678 3939 insidebat
1709 3886 1872 3938 vcsti-

281 3984 481 4040 ntcutis
506 3982 770 4054 operiunt,
797 3980 885 4034 alii
912 3979 1031 4048 ejus
1057 3978 1280 4048 pedibus
1304 3979 1615 4032 vestimenta
1638 3979 1873 4032 subster-

281 4087 436 4142 nunt,
462 4093 559 4131 nos
589 4075 786 4130 nudum
820 4073 964 4128 illum
987 4072 1244 4134 videntes,
1263 4072 1507 4139 necjussi
1537 4089 1633 4126 nos
1655 4089 1870 4137 exuere,

280 4172 373 4227 sed
401 4169 600 4239 aliquid
630 4167 965 4237 impendere,
999 4182 1064 4220 ne
1093 4166 1230 4220 hanc
1262 4166 1476 4236 quidem
1506 4165 1872 4220 liberalitatem

280 4260 670 4317 exhibeatnus?
701 4260 772 4314 illi
799 4269 1095 4325 sequuntur
1133 4267 1256 4312 ante
1285 4267 1330 4310 et
1369 4267 1508 4326 pOst,
1541 4273 1637 4310 nos
1669 4274 1794 4310 vero
1820 4267 1873 4310 t-t

281 4354 628 4408 accedentem
685 4351 1036 4420 repellimus,
1085 4360 1139 4403 et
1190 4349 1522 4403 contumeliis
1572 4349 1874 4403 officimus?

278 4449 495 4514 Quanto
526 4445 638 4498 lta‘c
661 4442 921 4512 supplicio
946 4483 959 4507 ,
984 4449 1176 4510 quanta
1201 4441 1400 4494 ultione
1426 4440 1581 4510 digna
1608 4441 1767 4493 sunt?
1797 4440 1873 4493 Ad

281 4545 334 4587 te
379 4533 586 4587 accedit
627 4533 882 4585 Dominus
928 4546 1162 4600 egenus;
1189 4545 1287 4584 nec
1323 4529 1764 4600 supplicationem
1796 4545 1874 4582 vis

281 4623 620 4689 audire;st-d
653 4624 883 4689 incusas,
921 4624 1193 4692 inerepas,
1224 4632 1278 4676 et
1305 4624 1418 4676 base
1450 4623 1640 4677 talibus
1679 4624 1874 4679 auditis

280 4717 484 4772 verbis.
518 4716 573 4771 Si
602 4731 731 4770 vero
766 4715 845 4769 vel
881 4730 1070 4784 panem
1099 4714 1314 4768 unicum
1357 4714 1587 4784 largiens
1617 4725 1671 4769 et
1699 4716 1876 4770 tantil-

281 4810 388 4864 lum
437 4807 680 4879 pecunia:
700 4847 715 4873 ,
746 4807 815 4861 ita
867 4816 1023 4861 tenax
1067 4822 1126 4860 es
1152 4848 1167 4873 ,
1199 4819 1391 4859 avarus
1418 4816 1471 4860 et
1509 4807 1686 4877 segnis
1711 4847 1727 4872 ,
1756 4808 1874 4878 quis

279 4900 492 4954 futurus
520 4913 698 4963 esses,
723 4897 765 4951 si
795 4899 971 4952 omnia
998 4907 1178 4951 essent
1217 4898 1560 4952 evacuanda?
1581 4899 1694 4954 Non
1719 4899 1873 4956 vides

278 4991 401 5046 illos
429 4991 482 5046 in
515 4990 723 5044 theatro
749 4988 988 5044 liberales
1015 4989 1256 5042 homines
1285 4999 1478 5058 quanta
1506 4991 1874 5047 meretricibus

277 5080 652 5149 profundunt?
683 5079 762 5134 Tu
803 5094 934 5134 vero
980 5095 1046 5133 ne
1083 5079 1356 5134 dimidiam
1402 5080 1614 5149 quidem
1661 5081 1871 5137 illorum

281 5181 510 5239 partem,
545 5171 652 5224 imo
681 5184 826 5238 sa‘pe
855 5185 923 5224 ne
950 5185 1107 5240 quam
1137 5170 1406 5224 minimam
1434 5181 1633 5238 partem
1660 5187 1871 5241 erogas.

275 5272 344 5319 At
369 5265 614 5320 diabolus
641 5264 1062 5334 quibuscumque
1082 5263 1208 5317 dare
1228 5263 1400 5332 jubet;
1427 5262 1552 5317 dum
1575 5264 1870 5333 gehennam

281 5359 437 5413 nobis
460 5357 712 5412 conciliat
735 5398 750 5422 ,
778 5365 832 5409 et
861 5365 1036 5410 tamen
1070 5356 1166 5410 das
1193 5374 1206 5410 :
1230 5355 1472 5410 Christus
1521 5372 1652 5410 vero
1688 5361 1869 5427 egenis

233 5453 411 5507 Xdare
447 5452 623 5522 jubet,
653 5461 708 5506 et
754 5466 976 5522 regnum
1024 5452 1322 5521 promittit,
1367 5463 1422 5506 et
1453 5465 1506 5505 ttt
1558 5469 1662 5506 non
1711 5453 1870 5506 modo

278 5559 383 5597 neu
435 5543 574 5607 das,
620 5542 713 5596 sed
772 5544 932 5596 etiam
987 5545 1409 5598 contumeliosus
1456 5560 1550 5610 es;
1597 5547 1872 5616 atavisque

279 5635 500 5690 obedire
527 5633 762 5699 diabolo,
796 5644 850 5688 ut
875 5635 1130 5690 crucicris
1154 5677 1169 5701 ,
1196 5651 1354 5705 quam
1376 5636 1611 5701 Christo,
1642 5647 1700 5690 ut
1727 5637 1872 5692 salu-

279 5738 384 5783 tem
413 5727 783 5796 consequaris.
806 5726 943 5796 Quid
961 5726 1059 5782 bac
1089 5729 1308 5782 stultitia
1335 5727 1607 5782 deterius?
1635 5729 1728 5784 lllc
1774 5746 1870 5800 ge-

279 5816 510 5875 hennam
541 5817 636 5872 tibi
664 5816 848 5884 affert,
873 5816 961 5871 hic
987 5832 1204 5888 regnum
1234 5836 1246 5871 :
1272 5827 1324 5874 et
1353 5828 1528 5873 tamen
1556 5819 1658 5876 hoc
1685 5820 1870 5877 relicto

282 5909 345 5965 ad
376 5910 526 5966 illum
556 5909 853 5964 accurritis.
885 5908 953 5964 Et
998 5911 1139 5964 hunc
1184 5909 1523 5966 accedentem
1571 5912 1864 5983 repellitis,

607 6027 881 6086 Parum.
929 6025 1044 6086 Gn.
1101 6021 1322 6083 LVI".

1189 453 1255 510 lN
1292 452 1701 511 ΜΑΤΤΙΙιΕυΜ
1741 455 1972 512 ιιοδιηι.
2014 453 2202 512 LXVI.
2242 452 2317 507 al.
2359 449 2561 507 LXVII.

3443 449 3547 505 630

1962 565 2110 620 illum
2157 564 2340 634 procul
2384 565 2616 634 positum
2639 561 2932 618 advocatis.
2972 561 3156 632 Neque
3193 561 3348 617 aliter
3376 577 3465 618 res
3494 579 3554 617 se

1959 653 2140 718 habet,
2157 670 2314 725 quam
2343 655 2386 708 si
2418 670 2510 708 rex
2540 668 2770 723 purpura
2797 653 3021 709 vestitus
3048 661 3105 707 et
3133 651 3432 708 diademate
3457 669 3550 707 or-

1959 760 2114 802 natus
2163 764 2268 802 non
2316 748 2830 818 persuadeatzlatro
2871 754 3047 802 autem
3084 761 3272 802 ensem
3310 745 3551 810 vibrans,

1960 852 2295 911 mortemque
2321 841 2676 895 comminatus
2699 839 2850 894 facile
2872 837 3202 908 persuadeat.
3231 835 3354 893 llaec
3377 838 3556 908 itaque

1960 935 2285 1003 cogit-rules,
2314 934 2490 989 dilecti
2517 975 2532 999 ,
2564 933 2775 987 tandem
2803 931 3092 1002 aliquando
3126 931 3313 986 oculos
3341 945 3550 1000 aperta.

1961 1043 2100 1090 tnus,
2119 1037 2172 1082 et
2188 1027 2486 1098 vigilemus.
2512 1026 2641 1082 Nam
2659 1035 2803 1082 certe
2823 1026 2986 1096 pudet
3011 1040 3096 1080 me
3122 1023 3188 1080 de
3213 1024 3554 1093 eleemosyna

1963 1120 2144 1190 loqui,
2174 1135 2295 1174 cum
2330 1130 2434 1174 tant
2463 1134 2606 1189 sarpe
2652 1119 2754 1174 hoc
2795 1127 3170 1189 argumentum
3219 1115 3552 1170 tractaverim

1965 1226 2081 1267 sine
2103 1228 2294 1281 magno
2313 1213 2730 1268 admonitionem
2754 1211 2945 1267 fructu.
2971 1211 3096 1266 Plus
3120 1219 3267 1265 certe
3285 1208 3551 1279 quidpiam

1967 1306 2230 1373 pratstatis
2255 1345 2268 1365 .
2299 1303 2392 1358 sed
2422 1321 2528 1359 non
2564 1313 2818 1375 quantum
2848 1304 3062 1358 vellem.
3096 1301 3203 1357 Vos
3229 1302 3558 1357 seminantes

1967 1397 2161 1464 video,
2193 1397 2286 1452 sed
2332 1415 2437 1452 non
2486 1399 2630 1469 larga
2670 1413 2850 1453 manu.
2879 1397 3238 1465 Quamobrem
3285 1397 3447 1451 timeo
3492 1410 3558 1448 ne

1967 1504 2125 1558 parce
2154 1489 2383 1544 metatis.
2411 1489 2564 1557 Quod
2609 1488 2749 1543 enim
2782 1503 2938 1558 parce
2980 1487 3338 1548 seminemus,
3371 1485 3417 1539 si
3449 1484 3562 1554 pla-

1968 1591 2084 1635 ceat
2106 1621 2120 1642 ,
2149 1581 2488 1651 exploremus
2510 1623 2526 1648 ,
2558 1590 2733 1636 utrum
2767 1580 2946 1650 plures
2974 1579 3080 1633 sint
3106 1579 3156 1632 in
3185 1578 3403 1632 civitate
3432 1591 3560 1646 pau-

1969 1687 2125 1742 peres
2155 1689 2314 1742 quam
2343 1672 2534 1727 divites
2555 1714 2569 1735 ,
2601 1681 2656 1726 et
2681 1671 2894 1742 quinam
2937 1685 3034 1724 nec
3068 1683 3327 1740 pauperes
3353 1683 3454 1724 nec
3483 1667 3564 1722 di-

1970 1765 2105 1817 vites
2129 1765 2235 1818 sint
2258 1804 2274 1826 ,
2301 1764 2394 1820 sed
2427 1764 2657 1819 medium
2687 1765 2861 1818 locum
2890 1771 3160 1818 tenentes.
3197 1761 3408 1816 Decima
3440 1775 3564 1830 pars

1970 1855 2162 1909 civium
2195 1856 2387 1910 divites
2410 1896 2424 1917 ,
2453 1855 2659 1910 decima
2694 1869 2818 1925 pars
2856 1868 3117 1925 pauperes
3156 1852 3246 1923 qui
3292 1852 3422 1906 nihil
3465 1851 3554 1905 ba-

1973 1947 2098 2002 bent
2122 1964 2134 1998 :
2162 1947 2346 2017 reliqui
2382 1962 2508 2001 vero
2547 1956 2667 2001 sunt
2707 1947 2759 2000 in
2793 1947 2967 2002 medio
2993 1946 3112 2000 loco
3141 1944 3318 2014 positi.
3354 1942 3566 1997 Divida-

1975 2056 2092 2093 ltttls
2123 2040 2297 2108 itaque
2321 2054 2416 2109 per
2440 2053 2729 2110 egenorum
2759 2053 3036 2092 numerum
3062 2046 3224 2090 totam
3254 2035 3401 2091 urbis
3427 2034 3566 2090 mul-

1973 2134 2364 2199 titudinem,et
2406 2143 2663 2200 quantum
2713 2132 2784 2186 sit
2830 2131 3066 2187 dedecus
3115 2129 3383 2184 videbitis.
3429 2127 3565 2183 Nam

1971 2226 2256 2282 admodum
2282 2227 2471 2281 divites
2499 2225 2646 2296 pauci
2670 2234 2825 2290 sunt;
2854 2224 2943 2294 qui
2983 2223 3081 2278 bos
3106 2228 3405 2292 sequuntur
3435 2219 3560 2290 plu-

1973 2320 2130 2385 rimi;
2160 2335 2371 2373 rursum
2403 2332 2663 2388 pauperes
2695 2317 2853 2387 longe
2879 2315 2963 2370 his
2990 2314 3266 2384 pauciores
3290 2321 3433 2368 sunt.
3463 2312 3566 2366 At-

1977 2424 2152 2467 tamen
2175 2427 2294 2467 cum
2319 2419 2397 2465 tot
2415 2411 2518 2465 sint
2549 2411 2639 2480 qui
2663 2409 2963 2464 esurientes
2991 2406 3138 2461 alere
3164 2405 3391 2476 possint,
3411 2403 3565 2458 multi

1973 2517 2095 2560 sunt
2109 2505 2505 2574 quiesurientes
2519 2503 2716 2557 lectum
2734 2511 2936 2571 petant,
2953 2514 3058 2554 non
3072 2498 3213 2569 quod
3230 2514 3336 2552 non
3353 2496 3562 2552 valeant

1973 2597 2211 2669 opulenti
2243 2598 2346 2652 illis
2368 2595 2525 2651 facile
2551 2596 2851 2651 necessaria
2872 2593 3299 2658 subministrare,
3323 2591 3416 2646 sed
3445 2590 3566 2662 quia

1974 2688 2261 2743 admodum
2291 2687 2410 2742 duri
2441 2686 2822 2755 inbumauique
2860 2693 3004 2740 sunt.
3035 2683 3166 2738 Nam
3197 2682 3240 2737 si
3285 2682 3476 2736 divites
3515 2690 3572 2736 et

1977 2782 2010 2834 ii
2032 2781 2119 2851 qui
2145 2780 2480 2836 facultatibus
2501 2778 2844 2834 mediocriter
2865 2776 3066 2848 pollent
3088 2776 3226 2830 inter
3249 2789 3309 2830 se
3329 2773 3572 2829 dividant

1976 2889 2068 2930 eos
2096 2876 2184 2946 qui
2217 2888 2352 2944 pane
2381 2883 2436 2928 ct
2460 2872 2694 2928 vestibus
2722 2880 2902 2942 egent,
2932 2851 3016 2924 vis
3045 2869 3448 2940 quinquaginta,
3478 2868 3564 2920 vel

1976 2967 2110 3020 forte
2156 2965 2526 3026 et-ntttmviris
2565 2979 2767 3033 pauper
2794 2977 2932 3017 unus
2975 2961 3199 3017 alendus
3244 2961 3562 3029 reperietur.

1978 3062 2224 3113 Attamen
2255 3056 2309 3111 iu
2340 3065 2484 3110 tanta
2513 3058 2666 3125 copia
2696 3069 2881 3110 eorum
2907 3054 2996 3122 qui
3026 3053 3328 3107 necessaria
3361 3051 3570 3106 submi—

1978 3151 2204 3204 nistrare
2235 3158 2492 3220 possunt,
2521 3147 2758 3218 quotidie
2796 3161 3058 3217 pauperes
3082 3154 3376 3215 egestatem
3418 3159 3568 3199 suam

1975 3243 2274 3312 deplorant.
2296 3242 2360 3296 Et
2388 3250 2444 3296 ut
2463 3240 2639 3295 discos
2661 3239 2868 3294 illortun
2893 3239 3300 3302 immanitatem,
3332 3234 3569 3290 Ecclesia

1975 3336 2133 3389 unius
2179 3334 2465 3388 admodum
2507 3332 2684 3387 divitis
2722 3339 2778 3386 et
2817 3331 2972 3384 unius
3017 3329 3302 3384 mediocris
3347 3329 3569 3384 fortuna:

1978 3429 2202 3483 reditum
2246 3427 2439 3493 habet,
2469 3435 2524 3479 et
2573 3424 2774 3495 cogites
2813 3424 2972 3477 velim
3013 3431 3145 3492 quot
3188 3418 3408 3485 viduas,
3442 3431 3569 3490 quot

1977 3523 2208 3589 virgines
2237 3521 2342 3574 alat
2379 3519 2616 3590 quotidie
2643 3537 2654 3572 :
2679 3533 2860 3572 carum
2905 3525 3051 3571 certe
3095 3515 3366 3585 catalogus
3395 3515 3459 3567 ad
3493 3523 3572 3566 ter

1979 3615 2123 3668 mille
2171 3613 2442 3685 pertingit.
2473 3611 2554 3666 Ad
2587 3611 2700 3665 lucc
2730 3611 2888 3665 etiam
2919 3610 2970 3663 in
3002 3623 3218 3663 carcere
3247 3608 3452 3662 vinctos
3474 3649 3489 3673 ,
3521 3607 3570 3659 in

1979 3705 2312 3761 xenodocbio
2339 3719 2510 3773 a~gros
2535 3744 2549 3766 ,
2575 3703 2709 3756 alios
2753 3700 2890 3755 bene
2920 3701 3156 3754 valentes
3176 3741 3190 3761 ,
3219 3697 3529 3768 peregrinos
3553 3737 3570 3762 ,

1979 3798 2233 3852 membris
2256 3795 2490 3856 mutilos,
2514 3794 2665 3847 altari
2696 3792 3012 3855 assidentes,
3039 3791 3276 3845 alimenti
3305 3789 3570 3858 vestisque

1979 3907 2160 3955 causa,
2185 3890 2424 3958 aliosque
2445 3902 2571 3941 casu
2593 3884 2910 3939 accedentes
2933 3883 3076 3936 fovet
3097 3880 3332 3950 quotidie
3359 3898 3371 3934 :
3400 3894 3573 3949 neque

1981 3992 2155 4037 tamen
2186 3982 2302 4047 ejus
2325 3981 2598 4034 facultates
2622 3976 2914 4030 imminutae
2942 3982 3084 4028 sunt.
3112 3975 3292 4043 Itaque
3316 3973 3356 4027 si
3385 3972 3570 4025 decem

1983 4075 2081 4130 viri
2109 4085 2312 4129 tantum
2348 4072 2490 4142 paria
2517 4069 2926 4126 subministrare
2955 4067 3187 4133 vellent,
3222 4065 3398 4120 nullus
3435 4064 3573 4120 foret

1983 4183 2202 4238 pauper.

2051 4262 2105 4316 4.
2141 4259 2339 4329 Ecquid
2367 4300 2380 4323 ,
2413 4257 2619 4328 inquies
2638 4298 2652 4320 ,
2686 4255 2869 4310 liberis
2898 4253 3092 4310 nostris
3119 4251 3415 4322 supererit?
3442 4249 3573 4304 Sors

1980 4370 2193 4425 semper
2223 4363 2433 4418 manet,
2466 4362 2516 4406 et
2546 4350 2745 4405 reditus
2771 4356 2997 4418 augetur
3021 4387 3034 4413 ,
3065 4347 3108 4401 si
3143 4347 3194 4400 in
3225 4345 3369 4400 ca-lis
3399 4343 3568 4396 facul-

1984 4456 2117 4500 tates
2148 4460 2333 4500 eorum
2353 4453 2698 4512 reponantur.
2719 4440 2932 4509 Quodsi
2954 4441 3022 4493 ita
3048 4454 3152 4491 non
3179 4436 3354 4501 vultis,
3383 4438 3570 4488 saltem

1981 4535 2252 4590 dimidiam
2277 4575 2294 4600 ,
2326 4535 2407 4588 vel
2459 4531 2665 4588 tertiam
2692 4573 2706 4596 ,
2742 4532 2822 4585 vel
2867 4539 3104 4600 quartam
3132 4571 3146 4594 ,
3176 4530 3414 4597 quintam
3439 4568 3451 4589 ,
3481 4535 3573 4579 aut

1980 4630 2242 4684 decimam
2272 4636 2566 4681 numerate.
2593 4626 2692 4678 l‘er
2723 4623 2812 4677 Dei
2841 4622 3066 4693 gratiam
3087 4620 3229 4675 enim
3259 4627 3438 4689 posset
3460 4618 3574 4673 banc

1979 4722 2165 4776 civitas
2210 4729 2388 4775 nostra
2416 4720 2600 4772 decem
2631 4717 2902 4772 civitatum
2931 4729 3192 4784 pauperes
3230 4712 3393 4766 alere.
3425 4710 3489 4765 Et
3527 4711 3572 4765 si

1980 4817 2178 4886 placet,
2210 4814 2327 4869 lucc
2351 4821 2754 4882 computemus;
2783 4810 2890 4863 imo
2929 4808 3072 4862 nulla
3101 4804 3442 4875 computandi
3477 4820 3572 4860 ne-

1980 4908 2202 4962 cessitas
2234 4924 2246 4959 :
2279 4904 2617 4959 matnfestum
2649 4902 2846 4972 quippe
2875 4909 2957 4954 est
2981 4913 3138 4966 quam
3169 4897 3340 4952 facilis
3371 4911 3458 4950 res
3485 4896 3568 4953 illa

1977 5001 2068 5055 sit.
2103 4999 2289 5053 Videte
2335 4998 2494 5066 igitur
2537 5005 2663 5066 quot
2705 5002 3004 5064 quantaque
3035 5005 3136 5045 una
3167 4989 3361 5045 domus
3387 4989 3453 5044 ad
3483 5005 3574 5044 ur-

1981 5091 2115 5144 bana
2146 5106 2306 5146 onera
2332 5105 2473 5157 stupe
2494 5074 2898 5142 subtitinistrare
2929 5100 3034 5137 non
3061 5091 3310 5153 gravetur
3332 5125 3348 5149 ,
3379 5088 3575 5152 vixque

1979 5195 2155 5236 tamen
2187 5183 2329 5236 hunc
2355 5191 2624 5248 sumptum
2651 5178 2845 5232 sentiat
2868 5193 2879 5228 :
2904 5176 2945 5231 si
2975 5176 3074 5230 hoc
3096 5177 3321 5247 quisque
3346 5174 3571 5230 divitum

1979 5275 2328 5329 miniSIerinm
2353 5273 2403 5326 in
2432 5285 2692 5343 pauperes
2713 5283 2964 5324 exercere
2987 5268 3164 5333 vellet,
3186 5283 3294 5322 uno
3316 5267 3574 5336 temporis

1979 5376 2252 5421 momento
2288 5366 2475 5419 caelum
2522 5362 2810 5431 abriperet.
2844 5361 2972 5426 Quae
3019 5364 3170 5415 venia
3217 5360 3377 5430 igitur
3404 5399 3420 5425 ,
3453 5375 3572 5429 qua:

1977 5457 2335 5511 excusatiOnis
2363 5456 2547 5508 umbra
2573 5495 2588 5520 ,
2620 5451 2835 5523 quando
2866 5467 2932 5506 ne
2956 5467 3016 5506 ea
3057 5450 3307 5521 quidem,
3338 5465 3456 5517 qua:
3488 5449 3572 5502 hic

1979 5550 2266 5619 migrantes
2295 5546 2526 5602 relicturi
2558 5561 2762 5609 sumus,
2799 5554 2904 5598 tant
2934 5544 3150 5613 largiter
3175 5543 3357 5612 egenis
3377 5555 3570 5608 suppe-

1977 5641 2226 5702 ditantus,
2245 5654 2403 5710 quam
2434 5638 2519 5691 alii
2545 5639 2772 5692 scenicis
2797 5643 3037 5705 erogant,
3061 5649 3184 5687 cum
3214 5641 3415 5686 tantum
3447 5630 3570 5683 inde

1976 5732 2205 5786 fructum
2233 5744 2454 5800 carpere
2481 5728 2808 5784 debeamus?
2829 5725 3045 5781 Etiamsi
3076 5726 3218 5780 enim
3245 5722 3329 5777 hic
3357 5737 3572 5792 semper

1977 5825 2216 5880 mansuri
2240 5838 2502 5886 essemus,
2527 5821 2614 5876 hic
2637 5819 2872 5891 pulchris
2892 5815 3191 5885 sumptibus
3216 5829 3436 5886 parcere
3462 5827 3570 5867 non

1977 5926 2289 5990 oporteret;
2317 5931 2436 5970 cum
2469 5923 2646 5970 autem
2677 5919 2798 5984 post
2839 5909 3100 5964 tantillum
3145 5907 3400 5971 temporis
3445 5906 3568 5960 htuc

3178 6015 3243 6076 11
