4034 6404
497 437 593 494 (331

494 558 798 628 migraturi.
826 553 1059 623 nudique
1082 548 1321 620 rapiendi
1344 548 1531 610 simus,
1551 558 1706 614 quam
1728 541 2093 599 defensionem

498 652 834 710 habebimus,
861 647 949 717 qui
978 660 1043 699 ex
1075 640 1421 713 proventibus
1457 635 1716 691 fameifeis
1745 642 1799 690 et
1826 634 2098 705 oppressis
2156 626 2159 631 ’

498 758 605 797 non
641 738 931 811 largimur?
959 736 1074 791 Non
1115 741 1168 789 te
1196 747 1332 801 cogo
1357 740 1414 785 ut
1444 728 1815 799 possessiones
1843 726 2052 780 minuas
2080 766 2093 787 .

502 851 604 889 non
631 832 775 904 quod
819 830 1016 893 nolim,
1043 825 1140 881 sed
1165 824 1306 894 quod
1357 831 1409 877 te
1452 820 1736 874 admodum
1774 833 1992 887 segnem
2022 817 2093 870 vi-

498 932 676 984 deam.
704 926 819 981 Non
847 924 950 979 hoc
977 936 1107 992 ergo
1136 920 1290 975 dico:
1315 916 1409 971 sed
1439 932 1500 970 ex
1534 913 1791 968 fructilnts
1817 911 2057 981 expende
2080 952 2096 977 ,

500 1034 674 1090 neque
706 1018 792 1071 hic
814 1015 1072 1087 pecunias
1096 1012 1307 1081 collige.
1337 1007 1478 1062 Satis
1507 1016 1587 1060 est
1615 1005 1704 1059 libi
1724 1047 1738 1066 ,
1768 1004 1810 1057 si
1841 1003 2102 1072 pecunia-

499 1129 617 1169 rttm
648 1119 965 1182 proventum
995 1106 1147 1177 quasi
1188 1119 1252 1160 ex
1292 1102 1438 1156 fonte
1463 1100 1714 1154 fluentem
1747 1096 1943 1152 habeas
1971 1113 1985 1149 :
2017 1095 2099 1152 fac

498 1220 684 1261 earum
710 1210 992 1260 consortes
1032 1211 1295 1268 pauperes
1314 1234 1329 1258 ,
1362 1203 1416 1248 et
1447 1202 1563 1247 8:10
1591 1191 1762 1244 bonus
1789 1203 2101 1244 (monemus

497 1314 685 1356 eorum
714 1312 835 1368 qua!
863 1295 955 1350 tibi
983 1309 1011 1346 a
1045 1293 1155 1348 Deo
1183 1289 1303 1344 data
1330 1296 1474 1342 sunt.
1505 1283 1633 1348 Sed,
1662 1283 1902 1352 inquies,
1930 1282 2099 1335 vecti-

498 1391 637 1461 galia
669 1388 866 1461 pendo.
898 1385 1092 1441 ldeone
1116 1381 1202 1436 hie
1222 1376 1542 1441 contenmis,
1565 1374 1685 1445 quia
1714 1388 1871 1427 nemo
1900 1370 2103 1441 exigit?

500 1485 567 1539 Et
597 1484 674 1537 illi
699 1481 916 1553 quidem
948 1477 1060 1548 qui,
1093 1477 1206 1530 sive
1238 1481 1378 1527 terra
1411 1475 1726 1539 proventum
1760 1464 1956 1524 tulerit.
1989 1461 2104 1516 sive

502 1590 660 1631 secus
686 1616 698 1637 ,
727 1582 780 1628 te
824 1571 968 1642 cogit
1010 1576 1065 1623 et
1090 1573 1276 1627 vexat,
1304 1574 1602 1632 repugnare
1643 1572 1747 1612 non
1790 1555 1956 1609 audes
1985 1572 1998 1607 :
2026 1553 2100 1608 illi

499 1683 652 1734 vero,
674 1665 763 1737 qui
796 1665 865 1718 ita
892 1668 1200 1716 mansuetus
1220 1665 1322 1720 est,
1349 1662 1404 1710 et
1425 1662 1551 1707 tunc
1573 1650 1745 1705 solum
1767 1647 1949 1716 exigit,
1978 1658 2102 1699 cum

503 1752 645 1813 terra
669 1735 967 1827 protulerit,
992 1767 1061 1806 ne
1075 1748 1295 1804 verbum
1317 1743 1530 1816 quidem
1554 1738 1880 1810 respondes?
1909 1735 2103 1805 Ecquis

504 1857 561 1904 te
597 1846 848 1903 liberabit
875 1845 943 1899 ab
975 1838 1396 1898 intolerabilibus
1439 1834 1550 1889 illis
1577 1829 1891 1902 suppliciis?
1917 1827 2103 1883 Nullus

506 1940 681 2008 plane.
701 1936 758 1993 Si
786 1936 927 1991 enim
956 1932 1042 1987 hic
1067 1931 1188 1986 ideo
1206 1926 1447 1984 studiose
1471 1924 1657 1991 solvis,
1678 1921 1802 1992 quia
1828 1934 1935 1973 non
1956 1916 2104 1973 danti

503 2031 836 2103 gravissimae
864 2040 1037 2097 poenae
1067 2031 1264 2094 paratae
1293 2028 1436 2085 sunt,
1464 2015 1668 2087 cogites
1687 2012 1845 2067 velim
1873 2011 1960 2066 hic
1980 2026 2104 2081 gra-

506 2128 680 2179 viores
712 2121 885 2192 parari
912 2159 927 2185 ,
954 2131 1064 2172 non
1107 2112 1248 2185 quod
1279 2110 1509 2167 vinculis
1554 2105 1937 2177 constringaris
1957 2145 1971 2169 ,
1996 2118 2104 2157 non

505 2216 647 2288 quod
701 2216 755 2270 in
810 2224 1083 2268 carcerem
1132 2203 1438 2276 conjiciaris
1465 2242 1480 2269 ,
1507 2199 1603 2257 sed
1648 2196 1794 2270 quod
1844 2200 1896 2250 in
1927 2195 2103 2264 ignem

504 2287 666 2366 abeas
708 2316 988 2363 attentum.
1032 2299 1393 2371 Quamobrem
1441 2295 1560 2350 hazc
1613 2292 1784 2363 prima
1831 2287 2106 2359 vectigalia

505 2403 797 2458 solvamus.
824 2397 1012 2467 Magna
1043 2394 1242 2464 quippe
1268 2389 1517 2451 facilitas,
1544 2384 1717 2454 major
1745 2396 1953 2437 merces
1975 2420 1988 2443 ,
2015 2394 2108 2434 co-

507 2493 709 2564 piosior
752 2487 1046 2559 negotiatio
1070 2527 1085 2553 ,
1117 2482 1333 2555 gravior
1378 2478 1534 2535 nobis
1580 2476 1745 2541 ultio,
1774 2474 1817 2527 si
1867 2471 2109 2542 improbe

508 2563 752 2656 agamus.
780 2579 917 2635 Nam
956 2575 1278 2646 supplicium
1323 2585 1421 2626 nos
1446 2566 1677 2636 excipiet
1707 2564 1912 2619 mdium
1947 2563 2107 2616 linem

509 2654 838 2729 habiturum.
871 2667 1025 2737 Quod
1053 2667 1098 2722 si
1139 2663 1270 2719 mihi
1314 2662 1511 2716 milites
1552 2657 1750 2727 alleges
1772 2696 1787 2721 ,
1813 2654 1902 2724 qui
1933 2669 2029 2723 pro
2059 2661 2109 2707 te

510 2778 696 2823 contra
728 2762 983 2819 barbaros
1013 2763 1284 2828 pugnant,
1307 2762 1387 2807 est
1428 2763 1640 2821 quoque
1684 2746 1770 2801 hic
1817 2759 2110 2815 pauperum

511 2858 802 2921 exercitus,
829 2853 919 2924 qui
949 2864 1047 2923 pro
1078 2859 1130 2904 te
1156 2847 1352 2902 bellum
1380 2851 1572 2921 gerunt
1601 2848 1655 2895 et
1684 2847 1942 2909 pugnant.
1973 2834 2107 2890 Cum

511 2951 654 3007 enim
708 2946 1017 3016 accipiunt,
1046 2940 1294 3013 precibus
1349 2937 1517 2992 Deum
1563 2933 1656 2988 tibi
1714 2932 1963 3002 placant:
1994 2926 2110 2997 pla-

511 3052 697 3099 cantes
722 3050 901 3095 autem
923 3079 937 3102 ,
968 3051 1076 3090 non
1104 3032 1359 3088 barbaros
1382 3071 1398 3097 ,
1432 3027 1527 3085 sed
1556 3025 1860 3081 dccmonum
1891 3018 2112 3075 insidias

512 3136 778 3208 repellunt
804 3149 818 3184 :
853 3145 958 3185 non
992 3127 1306 3198 permittunt
1332 3130 1388 3177 ut
1414 3130 1467 3176 te
1496 3118 1760 3188 malignus
1790 3113 1877 3169 ille
1907 3110 2114 3166 fortiter

513 3206 748 3292 invadat,
777 3239 876 3283 nec
899 3233 958 3279 ut
979 3223 1289 3292 frequenter
1317 3217 1574 3285 insurgat,
1604 3210 1699 3267 sed
1724 3208 1840 3278 ejus
1862 3206 2003 3261 vires
2027 3218 2116 3258 res

513 3324 749 3380 solvunt.

586 3461 640 3515 5.
669 3432 803 3513 Cum
849 3467 978 3524 ergo
1026 3451 1126 3506 hos
1170 3446 1367 3503 milites
1416 3440 1602 3497 videas
1642 3435 1882 3510 quotidie
1932 3438 2116 3488 contra

515 3549 785 3607 diabolum
825 3522 1044 3617 propter
1074 3550 1125 3596 te
1157 3544 1454 3610 pugnantes
1492 3529 1739 3603 precibus
1765 3522 2121 3582 orationibus—
2184 3572 2189 3575 _

518 3657 644 3713 que,
671 3655 701 3695 a
730 3612 899 3709 teipse
921 3612 1024 3689 hoc
1051 3628 1469 3703 pulcherrimum
1499 3621 1758 3677 tributum
1787 3624 1989 3687 repete,
2016 3612 2117 3667 ali-

520 3743 697 3791 menta
721 3740 913 3803 nempe
939 3730 1195 3801 ipsorum.
1223 3722 1355 3779 Cum
1385 3718 1531 3775 enim
1557 3720 1862 3770 mansuetus
1891 3707 1979 3763 hic
2005 3706 2119 3760 Rex

519 3828 608 3895 sit,
644 3841 750 3881 non
784 3820 1036 3894 imposuit
1067 3816 1159 3873 tibi
1208 3820 1487 3870 exactores
1509 3849 1527 3877 ,
1559 3806 1653 3862 sed
1682 3804 1793 3857 vult
1838 3809 1888 3855 te
1928 3808 2120 3869 sponte

518 3891 796 3990 deponere
822 3934 834 3970 :
862 3891 1069 3970 etiamsi
1102 3924 1288 3980 parum
1316 3905 1551 3976 deponas
1571 3942 1586 3967 ,
1610 3896 1803 3967 accipit
1832 3904 2008 3949 tamen
2031 3908 2045 3956 ;
2074 3891 2119 3944 si

523 3981 631 4065 non
663 4010 735 4062 ita
773 4004 1010 4075 locuples
1042 4009 1163 4072 post
1204 3997 1428 4053 multum
1475 3990 1731 4061 temporis
1774 3981 2080 4056 reposueris
2103 4022 2119 4046 ,

525 4116 633 4156 non
659 4096 802 4168 cogit
825 4074 930 4151 non
963 4094 1267 4148 habentem.
1286 4085 1364 4142 Nc
1385 4085 1544 4156 igitur
1566 4079 1819 4154 patientia
1848 4076 1964 4145 ejus
1992 4074 2125 4127 abu-

526 4205 700 4248 tamur
724 4231 740 4256 ,
773 4187 866 4244 sed
892 4185 1313 4240 thesaurizcmus
1340 4179 1495 4235 nobis
1521 4191 1624 4231 non
1654 4173 1787 4228 iram
1809 4213 1824 4236 ,
1851 4169 1946 4224 sed
1975 4166 2122 4221 salu-

529 4297 657 4349 tem;
687 4298 790 4336 non
817 4287 1067 4340 mortem,
1095 4272 1186 4329 sed
1215 4273 1396 4333 vitam;
1422 4283 1525 4323 non
1555 4263 1871 4336 supplicium
1892 4267 1946 4315 et
1967 4257 2125 4313 ultio-

528 4395 671 4443 nem,
706 4375 799 4432 sed
822 4374 1060 4428 honores
1089 4378 1145 4425 et
1169 4380 1419 4425 comitas.
1457 4362 1573 4418 Non
1604 4367 1690 4416 est.
1719 4359 1807 4412 hic
1833 4354 1959 4427 quid
1989 4367 2122 4421 pen-

529 4470 760 4527 deudum
787 4467 854 4523 ad
885 4475 1155 4521 vecturam
1183 4460 1523 4520 oblaturum;
1553 4470 1657 4510 non
1682 4447 2031 4507 laborandum
2058 4443 2123 4499 ad

529 4570 809 4635 argentum
836 4555 1248 4615 corradendum.
1274 4551 1334 4609 Si
1362 4551 1601 4620 deponas
1640 4546 1727 4601 illa
1755 4587 1769 4610 ,
1802 4543 1917 4613 ipse
1943 4535 2128 4593 Domi-

532 4634 633 4713 nus
657 4657 708 4710 in
735 4653 925 4711 cadum
950 4646 1233 4706 transfert:
1259 4644 1372 4715 ipse
1403 4643 1495 4697 tibi
1531 4636 1945 4708 negotiationem
1975 4634 2125 4699 parat

1244 428 1285 485 S
1336 425 1610 484 JO.\NNlS
1647 421 2122 480 CilRYSOSTOMl
2166 419 2486 477 ARCIIIEP.
2515 419 3051 480 CONSTANTINOP.

3683 430 3778 484 67:9

2204 540 2427 595 multum
2444 538 2575 593 lucri
2597 538 2930 594 all‘crentem.
2948 539 3063 595 Non
3085 548 3169 595 est
3190 539 3274 597 hic
3294 541 3611 614 qurerendus
3634 544 3783 599 homo

2200 639 2291 710 qui
2319 637 2560 709 deposita
2590 637 2912 694 transferat:
2939 646 3144 693 tantum
3173 637 3397 707 depone,
3427 638 3602 691 statim
3629 636 3788 707 depo-

2202 730 2365 784 situm
2393 729 2655 794 ascendit;
2683 745 2787 784 non
2818 739 2873 783 ut
2899 730 2985 783 alii
3017 729 3215 784 milites
3243 728 3473 795 alantur,
3503 727 3595 783 sed
3622 736 3679 783 ut
3699 729 3786 783 tibi

2204 831 2451 877 maneant
2474 838 2594 877 cum
2623 838 2815 893 magno
2846 824 3067 881 faenore.
3102 823 3196 879 Hic
3225 824 3365 878 enim
3393 838 3514 877 cum
3536 822 3652 888 das,
3673 821 3789 878 data

2208 922 2451 982 repetere
2481 929 2587 968 non
2613 914 2737 969 licet
2768 933 2780 967 :
2814 914 2923 970 illic
2954 930 3081 971 vero
3109 929 3304 987 magno
3332 929 3454 970 cum
3484 917 3684 971 honore
3709 915 3789 969 illa

2203 1019 2414 1058 rursum
2449 1005 2709 1074 recipies,
2734 1006 3044 1077 majoraque
3089 1020 3153 1061 ac
3190 1005 3485 1076 spiritualia
3523 1005 3667 1060 lucra
3705 1020 3783 1061 re-

2207 1097 2367 1153 feres.
2395 1098 2492 1154 llic
2507 1115 2625 1169 qua:
2647 1099 2841 1154 dantur
2862 1110 2983 1155 sunt
3003 1099 3233 1167 exactio,
3263 1097 3371 1154 illic
3394 1114 3578 1165 usura,
3603 1098 3784 1165 ftenus,

2205 1189 2464 1245 debitmn.
2492 1189 2623 1245 Nam
2656 1192 3008 1263 chirographa
3042 1192 3134 1246 tibi
3171 1191 3309 1246 Deus
3335 1190 3588 1246 fecitzait
3616 1193 3786 1246 enim:

2209 1283 2308 1349 Qui
2343 1285 2606 1339 miseretur
2631 1285 2890 1357 pauperis,
2916 1283 3025 1338 Deo
3050 1284 3328 1354 [teneretur
3357 1281 3539 1356 (Prov.
3570 1283 3657 1338 l9.
3688 1283 3793 1355 l7).

2209 1377 2360 1434 Dedit
2387 1376 2479 1431 tibi
2509 1374 2725 1431 arrham
2747 1383 2801 1429 et
2825 1375 3009 1441 vades,
3038 1377 3135 1429 etsi
3166 1374 3310 1430 Deus
3335 1375 3422 1429 sil.
3455 1374 3586 1444 Quae
3616 1375 3787 1431 arrha.

2205 1471 2293 1541 qui
2317 1467 2517 1525 vades?
2533 1466 2662 1535 Quae
2683 1474 2807 1521 sunt
2830 1467 2882 1522 in
2903 1466 3150 1537 przesenti
3175 1467 3303 1532 vita,
3325 1466 3618 1530 sensibilia,
3641 1466 3786 1536 spiri-

2210 1562 2388 1627 tualia,
2404 1560 2623 1616 exordia
2639 1556 2961 1613 futurorum.
2978 1557 3113 1625 Quid
3133 1557 3290 1629 igitur
3309 1558 3487 1611 tardas
3505 1557 3790 1623 ctduhitas,

2204 1671 2326 1712 cum
2366 1661 2441 1708 tot
2471 1660 2725 1724 tantaque
2756 1651 2868 1722 jam
2899 1648 3199 1721 receperis,
3225 1658 3302 1705 tot
3335 1649 3645 1718 (διερεθιεεῖ
3671 1648 3792 1704 Nam

2207 1762 2326 1819 qua:
2342 1744 2588 1816 recepiSti
2606 1745 2719 1800 haec
2737 1752 2861 1801 sunt
2881 1762 2894 1798 :
2911 1757 3104 1814 corpus
3121 1742 3212 1796 tibi
3231 1741 3553 1807 ell‘ormavit,
3575 1743 3792 1796 animam

2210 1839 2301 1894 tibi
2331 1839 2554 1905 indidit;
2586 1847 2636 1893 te
2666 1837 2836 1892 solum
2871 1836 2923 1890 in
2953 1845 3092 1891 terra
3115 1836 3323 1889 ratione
3348 1834 3587 1898 ornavit;
3620 1850 3793 1891 eorum

2207 1950 2325 2005 qum
2343 1933 2442 1989 sub
2458 1940 2729 2000 aspectum
2744 1928 2936 1986 cadunt
2952 1928 3187 1983 omnium
3208 1944 3361 1982 ttsum
3378 1926 3546 1994 dedit;
3560 1928 3796 1998 cognitio-

2210 2042 2331 2082 nem
2359 2026 2438 2080 sui
2467 2024 2557 2079 tibi
2577 2024 2797 2095 largitus
2817 2030 2900 2078 est
2922 2038 2937 2087 ;
2963 2019 3157 2075 Filium
3184 2034 3340 2075 sumn
3360 2034 3459 2090 pro
3480 2028 3531 2074 te
3558 2018 3792 2083 tradidit;

2211 2120 2471 2191 baptisma
2504 2126 2581 2172 tot
2605 2116 2859 2171 refertum
2876 2112 3032 2169 donis
3051 2110 3341 2178 concessit,
3364 2126 3573 2166 necnon
3601 2124 3794 2165 sacram

2210 2227 2485 2277 mensam;
2528 2208 2775 2282 promisit
2820 2221 3042 2278 regnum
3090 2214 3145 2262 et
3190 2203 3479 2259 in‘eli'ahilia
3523 2204 3677 2260 bona.
3702 2200 3797 2257 Tol

2210 2321 2339 2378 ergo
2354 2302 2587 2373 acceptis
2606 2310 2660 2357 et
2679 2311 2753 2357 tot
2771 2308 3084 2370 accepturus
3101 2296 3176 2369 (id
3196 2296 3339 2354 enim
3359 2311 3570 2352 rursum
3589 2295 3792 2367 diuini),

2210 2403 2351 2457 circa
2381 2399 2645 2469 perituras
2682 2395 2933 2467 pecunias
2960 2406 3153 2463 parcus
3198 2392 3300 2447 es?
3326 2408 3552 2463 ecquam
3592 2390 3797 2445 habebis

2211 2489 2467 2546 veniam?
2494 2487 2599 2544 Sed
2630 2487 2828 2543 liberos
2857 2483 3083 2554 respicis
3111 2525 3125 2549 ,
3156 2491 3209 2539 et
3237 2483 3453 2538 illorum
3481 2497 3637 2537 causa
3680 2480 3796 2534 dare

2212 2581 2448 2652 refugis?
2471 2579 2539 2635 Et
2560 2579 2658 2634 hos
2685 2591 2897 2648 quoque
2937 2575 3153 2630 institue
3190 2573 3255 2629 ad
3285 2571 3587 2644 hujusmodi
3619 2569 3797 2625 facien-

2215 2673 2280 2729 da
2314 2674 2482 2728 lucra.
2513 2672 2643 2727 Nam
2672 2670 2717 2724 si
2744 2678 3022 2739 argentum
3070 2665 3294 2721 haberes
3337 2665 3439 2720 sub
3470 2664 3668 2720 faenore
3692 2659 3795 2716 col-

2217 2766 2468 2830 locatum,
2492 2772 2545 2819 et
2575 2762 2784 2818 debitor
2806 2761 3002 2831 probus
3023 2765 3186 2822 esset,
3212 2756 3403 2812 malles
3428 2763 3576 2811 certe
3594 2768 3798 2825 syngra-

2216 2856 2377 2928 pham
2406 2870 2562 2927 quam
2593 2870 2781 2909 aurum
2813 2851 2923 2906 filio
2944 2850 3266 2920 relinquere,
3292 2855 3349 2902 ut
3377 2848 3503 2903 inde
3531 2853 3798 2919 proventus

2218 2949 2320 3020 ipsi
2362 2955 2508 3003 esset
2551 2959 2811 3017 magnus,
2835 2958 2935 2998 nec
2974 2951 3258 3013 cogeretur
3285 2941 3424 2995 alios
3455 2954 3688 3012 qumrere
3713 2935 3793 2991 ubi

2221 3052 2404 3114 posset
2430 3040 2717 3096 collocare.
2744 3037 2897 3094 Nune
2917 3034 3329 3108 chirographum
3363 3032 3660 3104 hujusmodi
3691 3029 3799 3097 ﬁliis

2219 3134 2350 3190 dato
2372 3176 2385 3198 ,
2416 3141 2470 3188 ct
2514 3132 2681 3186 Deum
2711 3129 2840 3201 ipsis
2879 3128 3119 3198 relinque
3142 3126 3463 3182 debitorem.
3497 3126 3660 3197 Agros
3705 3137 3799 3176 non

2223 3227 2414 3283 vendis
2438 3268 2455 3289 ,
2478 3224 2570 3281 sed
2602 3223 2725 3277 ﬁliis
2752 3221 3011 3292 relinquis
3033 3261 3048 3287 ,
3075 3228 3133 3274 ιιι
3165 3227 3458 3289 proventus
3490 3223 3693 3272 maneat
3711 3254 3723 3277 ,
3752 3220 3800 3268 ut

2220 3318 2459 3375 accessio
2503 3317 2607 3372 illis
2638 3316 2983 3386 pecuniarum
3025 3314 3115 3368 fiat
3143 3331 3156 3366 :
3186 3312 3290 3367 hoc
3333 3325 3499 3382 porro
3546 3309 3799 3377 chirogra—

2227 3411 2410 3482 phum,
2434 3407 2623 3479 quovis
2642 3421 2793 3478 agro,
2818 3404 3092 3477 quibusvis
3111 3402 3459 3473 proventibus
3479 3397 3799 3461 fructuosius,

2225 3512 2281 3558 et
2311 3510 2388 3557 tot
2413 3503 2589 3555 ferens
2618 3497 2822 3554 fructus
2845 3539 2859 3562 ,
2891 3495 3197 3564 relinquere
3227 3493 3428 3549 times?
3456 3506 3620 3563 ecqua
3641 3488 3801 3545 stulti-

2229 3597 2334 3662 tia,
2375 3609 2495 3664 qua:
2536 3592 2739 3647 insania
2792 3589 2906 3644 haec
2953 3589 3075 3643 est?
3100 3588 3166 3642 Et
3211 3586 3314 3642 hoc
3371 3601 3494 3642 cum
3547 3582 3680 3638 scias
3723 3588 3800 3643 te,

2226 3688 2435 3744 etiamsi
2465 3684 2593 3742 illud
2636 3685 2760 3739 liliis
2803 3681 3111 3751 relinquas,
3136 3678 3265 3735 illud
3308 3687 3489 3734 tamen
3538 3676 3801 3731 abeuntem

2230 3791 2402 3837 tecum
2433 3794 2552 3835 esse
2581 3783 2934 3848 perlaturum.
2967 3772 3116 3829 Talia
3136 3772 3332 3843 quippe
3356 3779 3484 3828 sunt
3508 3765 3798 3840 spiritualia,

2228 3885 2528 3944 magnaque
2563 3870 2808 3940 largitate
2836 3867 3104 3922 fruuntur.
3135 3862 3214 3919 Ne
3242 3864 3422 3934 itaque
3452 3863 3525 3917 ita
3563 3870 3801 3932 pauperes

2230 3968 2410 4022 animo
2438 3965 2636 4030 simus,
2662 3976 2837 4032 neque
2867 3974 2993 4030 erga
3022 3972 3120 4014 nos
3146 3958 3291 4028 ipsos
3319 3954 3593 4012 inhumani
3628 3948 3803 4008 evada-

2233 4075 2371 4123 mus,
2392 4056 2486 4113 sed
2515 4054 2652 4109 hanc
2678 4061 3034 4125 quiestuosam
3063 4056 3421 4103 mercaturam
3450 4043 3800 4116 suscipiamus.

2234 4160 2370 4206 utet
2400 4147 2499 4220 ipsi
2529 4146 2656 4202 hinc
2681 4144 2971 4216 migrantes
3002 4141 3146 4196 illam
3186 4138 3492 4194 auferamus
3512 4179 3528 4205 ,
3550 4145 3603 4192 et
3643 4144 3801 4188 tamen

2234 4241 2358 4297 filiis
2410 4239 2807 4307 relinquamus,
2855 4231 3140 4302 futuraque
3193 4243 3588 4301 consequamur
3644 4225 3801 4284 bona,

2233 4336 2402 4409 gratia
2453 4340 2510 4388 et
2549 4326 2916 4387 misericordia
2961 4324 3167 4380 Domini
3212 4322 3381 4378 nostri
3426 4321 3551 4378 Jesu
3590 4313 3803 4380 Christi,
3888 4370 3889 4375 η

2233 4407 2448 4501 quicum
2496 4421 2640 4480 Patri
2683 4429 2741 4476 et
2778 4416 2998 4490 Spiritui
3026 4424 3211 4472 sancto
3254 4415 3424 4485 gloria
3449 4455 3465 4479 ,
3506 4407 3803 4481 imperium,

2237 4521 2447 4585 honor,
2480 4529 2622 4582 nunc
2670 4521 2726 4568 et
2773 4524 3023 4580 semper,
3048 4517 3101 4564 et
3142 4507 3193 4561 in
3236 4507 3432 4562 saecula
3488 4502 3803 4560 saeculorum.

2238 4616 2431 4669 Amen.

539 5011 667 5065 Car.
688 5008 779 5064 21.
807 5022 842 5062 v
898 5005 984 5060 η.
1017 5004 1083 5058 Et
1109 5004 1364 5075 ingressus
1388 4996 1541 5052 Iesus
1577 4994 1631 5047 in
1677 4989 1953 5058 templum,
1986 4976 2131 5053 ejecit

612 5114 783 5154 omnes
802 5097 1071 5152 uendentes
1097 5104 1142 5148 et
1168 5098 1401 5153 ementes,
1427 5098 1476 5143 et
1505 5098 1703 5140 mensas
1725 5077 2131 5136 nunmfariorum

618 5189 812 5254 evertit,
839 5194 884 5240 et
911 5186 1179 5239 cathedras
1198 5180 1520 5238 vendentium
1543 5175 1822 5237 columbas,
1851 5170 1938 5225 l3.
1972 5176 2018 5222 et
2049 5165 2131 5219 di-

614 5283 682 5336 cit
711 5279 781 5334 eis
808 5290 827 5332 :
857 5276 1116 5344 Scriptum
1144 5283 1217 5327 est
1236 5274 1278 5340 ¹,
1313 5271 1505 5326 Domus
1533 5282 1642 5322 mea
1676 5264 1858 5320 domus
1892 5258 2135 5316 orationis

616 5370 874 5428 vocabitur
903 5365 1056 5438 (lani.
1085 5364 1174 5420 56.
1201 5362 1256 5436 7)
1284 5381 1297 5418 :
1329 5379 1414 5417 vos
1441 5371 1608 5416 autent
1633 5357 1823 5430 fecistis
1853 5354 1996 5409 illam
2022 5367 2136 5423 spe-

619 5469 820 5519 luncam
849 5461 1121 5515 latronum.

621 5600 676 5653 1.
705 5597 819 5653 Hoc
855 5604 912 5652 et
948 5593 1183 5650 Joannes
1213 5590 1378 5663 (Cap.
1408 5588 1463 5643 2.
1496 5585 1699 5659 14-16)
1739 5584 1900 5652 dicit;
1929 5582 2022 5638 sed
2053 5581 2143 5636 ille

553 5689 766 5760 quidem
813 5688 868 5743 in
914 5685 1174 5758 principio
1219 5681 1518 5753 Evangelii,
1561 5679 1650 5735 hic
1687 5686 1864 5734 autem
1910 5678 1963 5732 in
2014 5675 2142 5731 line.

559 5779 712 5834 Unde
740 5779 1031 5834 verisimile
1058 5788 1139 5833 εει
1171 5778 1272 5833 hoc
1298 5774 1379 5830 bis
1406 5774 1602 5830 factum
1629 5770 1819 5838 fuisse,
1840 5778 1895 5826 et
1917 5768 2145 5826 diversis

626 5918 643 5950 ι
679 5913 731 5963 In
752 5913 914 5965 level.
941 5929 1037 5964 non
1061 5914 1263 5979 legitur,
1291 5912 1523 5976 scripttnn
1545 5915 1631 5963 est.

2239 4963 2569 5036 temporibus
2597 4978 2612 5014 :
2641 4958 2783 5030 quod
2814 4956 2987 5028 palam
3010 4968 3131 5010 esse
3154 4952 3365 5009 videtur
3384 4960 3494 5007 tum
3515 4964 3543 5004 a
3566 4955 3805 5015 tempore,

2242 5033 2544 5114 tum-ctiam
2571 5068 2600 5106 a
2628 5048 2998 5121 responsione.
3052 5045 3167 5101 Illic
3208 5045 3352 5100 enim
3398 5043 3513 5113 ipso
3556 5033 3807 5094 Paschalis

2252 5161 2493 5219 tempore
2514 5143 2728 5200 advenit
2751 5161 2763 5195 :
2784 5140 2872 5195 hic
2892 5153 3021 5194 vero
3041 5136 3131 5192 diu
3154 5145 3278 5192 ante
3306 5133 3524 5191 Pascha.
3548 5130 3618 5186 ibi
3643 5128 3807 5181 dicunt

2244 5216 2435 5306 Judaei,
2470 5237 2621 5305 Quod
2650 5238 2850 5309 signant
2874 5233 3096 5288 ostendis
3124 5231 3268 5286 nobis
3298 5228 3466 5304 (Ibid.
3495 5244 3542 5281 υ.
3572 5223 3635 5279 t8
3654 5218 3710 5294 ν
3734 5216 3809 5271 hic

2244 5352 2375 5394 vero
2421 5342 2639 5400 tacent,
2681 5330 2888 5403 etiamsi
2930 5329 3274 5398 increpeutur
3302 5343 3316 5380 :
3343 5339 3409 5380 eo
3448 5318 3587 5393 quod
3627 5311 3809 5371 scilicet

2247 5430 2387 5504 apud
2414 5440 2603 5485 omnes
2635 5426 2689 5480 in
2714 5422 3069 5479 admiratione
3104 5428 3269 5475 esset.
3314 5416 3439 5472 [hee
3470 5421 3639 5468 autem
3666 5417 3808 5459 aecu-

2252 5493 2389 5581 satio
2414 5522 2630 5594 gravior
2654 5527 2840 5574 contra
2863 5514 3079 5570 Iudaeos
3107 5522 3246 5578 erat,
3273 5508 3435 5582 quod,
3462 5504 3562 5561 etsi
3589 5493 3744 5557 semel
3763 5498 3808 5544 et

2252 5619 2336 5673 bis
2377 5615 2432 5671 id
2474 5613 2706 5674 fecisset,
2750 5611 2802 5665 in
2849 5606 3151 5677 hujusmodi
3183 5598 3502 5660 commercio
3528 5597 3809 5667 persevera-

2253 5718 2408 5766 rent:
2431 5709 2714 5778 ipsumque
2736 5703 2850 5760 Deo
2873 5699 3237 5757 adversarium
3258 5696 3520 5756 dicebant,
3539 5698 3650 5743 cum
3670 5688 3807 5751 opor-

2257 5801 2448 5858 tuisset
2467 5798 2710 5856 ediscere
2731 5797 2903 5867 ipsum
2928 5795 3185 5848 honorem
3210 5788 3350 5846 Patri
3370 5784 3595 5841 debitum
3621 5782 3805 5867 curare.

2258 5906 2311 5952 ct
2335 5907 2580 5967 magnam
2610 5890 2902 5965 potentiam
2934 5886 3153 5942 habere.
3200 5883 3408 5940 Etenim
3445 5879 3548 5950 jam
3580 5872 3712 5940 sis":I
3741 5860 3804 5916 ἷε*
