4034 6436
239 470 332 526 631

241 609 391 646 τουσι
414 593 511 646 καὶ
539 591 901 664 ἀγχομένοις;
941 591 1077 647 Οὐδὲ
1110 592 1218 665 γὰρ
1252 593 1548 662 ἀναγκάζω
1580 610 1638 646 σε
1685 595 1752 646 τὰ
1798 594 1924 646 ὄντα

246 670 497 741 μειῶσαι·
535 672 636 726 οὐκ
656 672 845 742 ἐπειδὴ
882 672 957 742 μὴ
990 672 1271 743 βούλομαι,
1300 674 1414 727 ἀλλ’
1447 672 1634 744 ἐπειδὴ
1660 673 1924 744 σφόδρα⁷⁶

242 749 504 804 ὀκνοῦντα
537 750 669 822 ὁρῶ.
690 751 766 804 Οὐ
797 751 976 804 τοίνυν
1002 750 1159 805 τοῦτό
1192 769 1354 823 φημι’
1375 752 1487 806 ἀλλ’
1522 753 1628 808 ἀπὸ
1656 753 1763 805 τῶν
1789 772 1924 822 καρ-

244 830 361 882 πῶν
388 831 686 895 άνάλωσον,
712 832 807 885 καὶ
837 831 1003 901 μηδὲν
1051 830 1388 905 θησαυρίσῃς
1425 831 1693 885 ἐντεῦθεν.
1740 834 1925 900 Ἀρκεῖ

247 925 325 962 σοι
347 909 539 981 ὥσπερ
568 911 632 963 ἐκ
659 910 847 980 πηγῆς
873 912 916 942 ⁷τ
945 910 1086 982 ἔχειν
1103 910 1426 982 ἐπιρρέοντα
1442 912 1511 964 τά
1538 912 1796 982 χρήματα
1820 910 1926 962 τῶν

244 990 544 1060 προσόδωνο
579 989 729 1062 [659]
752 991 975 1061 ποίησον
1006 991 1300 1052 κοινωνοὺς
1341 991 1468 1054 τοὺς
1516 992 1776 1059 πένητας,
1831 991 1924 1044 καὶ

242 1068 402 1135 γενοῦ
433 1068 598 1133 καλὸς
627 1069 910 1138 οἰκονόμος
933 1069 1042 1121 τῶν
1065 1069 1215 1138 παρὰ
1249 1067 1342 1122 τοῦ
1370 1067 1506 1121 Θεοῦ
1537 1087 1617 1122 σοι
1641 1069 1922 1124 δοθέντων.

255 1145 419 1199 Ἀλλὰ
444 1147 755 1218 τελέσματα
772 1147 987 1217 δίδωμι,
1025 1147 1176 1218 φησί.
1210 1147 1310 1200 Διὰ
1330 1148 1486 1201 τοῦτο
1520 1143 1612 1202 οῦν
1647 1165 1924 1220 καταφρο-

243 1227 376 1289 νεῖς,
410 1226 494 1279 ὅτι
524 1225 758 1279 ἐνταῦθα
797 1228 970 1290 οὐδεὶς
1035 1229 1289 1292 ἀπαιτεῖ;
1351 1228 1588 1298 κάκείνῳ
1631 1228 1730 1298 μὲν
1756 1229 1833 1299 τῷ
1857 1231 1923 1294 ⁷⁸,

244 1304 347 1358 κᾶν
403 1304 624 1376 ἐνέγκῃ,
683 1304 782 1359 κᾶν
820 1306 892 1377 μὴ
946 1307 1144 1378 ἐνέγκῃ
1194 1309 1226 1376 ὴ
1275 1307 1364 1376 γῆ,
1419 1307 1748 1378 λαμϐάνοντι
1790 1313 1926 1378 μετὰ

244 1385 493 1454 ἀνάγκης
537 1386 632 1438 καὶ
679 1386 1027 1457 στρεϐλοῦντι
1064 1388 1124 1440 οὐ
1185 1387 1388 1458 τολμᾷς
1427 1389 1720 1440 ἀντειπεῖν·
1752 1389 1830 1460 τῷ
1870 1392 1926 1444 δὲ

244 1464 418 1528 οὕτως
449 1464 661 1536 ἡμέρῳ,
701 1466 797 1518 καὶ
825 1466 946 1518 τότε
976 1467 1316 1525 ἀπαιτοῦντι,
1359 1468 1488 1521 ὅταν
1540 1468 1789 1541 ἐνέγκῃή
1829 1469 1922 1540 γῆ,

243 1543 365 1596 οὐδέ
399 1544 559 1613 μέχρι
592 1543 752 1610 λόγου
777 1544 1078 1620 ἀποκρίνῃ;
1113 1547 1220 1599 Καὶ
1244 1547 1328 1610 τίς
1365 1563 1422 1599 σε
1454 1547 1926 1619 ἐξαιρήσεταιτῶν

245 1624 642 1694 άκαρτερήτων
671 1625 894 1678 ἐκείνων
925 1625 1234 1690 κολάσεων;
1270 1627 1382 1679 Οὐκ
1440 1628 1584 1679 ἔστιν
1617 1628 1808 1693 οὐδείς.
1863 1632 1925 1683 El

243 1702 350 1774 γὰρ
385 1703 572 1772 ἐπειδὴ
596 1704 711 1754 ἐκεῖ
744 1703 964 1767 πάντως
983 1704 1175 1773 ἕψεται
1200 1704 1442 1776 τιμωρία
1459 1704 1816 1778 χαλεπωτάτη
1850 1709 1924 1780 μὴ

242 1783 410 1844 δόντι,
449 1783 536 1835 διά
590 1783 747 1837 τοῦτο
778 1785 904 1856 γίνῃ
947 1784 1232 1848 σπουδαῖος
1262 1787 1391 1857 περὶ
1420 1785 1518 1856 τὴν
1574 1787 1803 1852 ἔκτισιν,
1840 1793 1926 1843 ἐν-

245 1863 441 1931 νόησον
485 1863 565 1915 ὅτι
596 1863 689 1916 καὶ
719 1863 954 1916 ἐνταῦθα
1004 1865 1382 1937 χαλεπωτέρασ
1411 1867 1473 1918 οὐ
1503 1867 1562 1919 τὸ
1589 1868 1634 1898 ⁷⁹
1685 1869 1926 1940 δεθῆναι,

245 1942 366 1994 οὐδέ
395 1942 456 1994 τὸ
489 1943 568 2004 είς
603 1943 979 2015 δεσμωτήριον
1010 1947 1292 2013 ἐμπεσεῖν,
1319 1944 1454 1997 ἀλλά
1482 1945 1542 1998 τὺ
1571 1947 1826 2002 ἀπελθεῖν
1852 1950 1928 2013 είς

242 2021 304 2073 τὸ
345 2020 458 2090 πῦρ
495 2022 558 2074 τὸ
585 2021 825 2078 αἰώνιον.
855 2025 1082 2078 Πάντων
1117 2020 1210 2076 οὖν
1240 2025 1426 2078 ἕνεκεν
1458 2025 1632 2078 ταῦτα
1654 2027 1930 2098 πρῶτον⁸⁰

244 2099 579 2170 καταθῶμεν
614 2103 658 2133 ¹⁵¹
698 2102 767 2156 τά
795 2103 1124 2173 τελέσματα.
1165 2104 1275 2157 Καὶ
1299 2105 1408 2175 γὰρ
1432 2104 1601 2176 πολλὴ
1631 2108 1662 2176 ἡ
1690 2107 1929 2174 εὐκολία,

244 2182 338 2232 καὶ
373 2180 575 2250 μείζων
610 2184 638 2234 ὁ
665 2183 875 2252 μισθὸς,
913 2185 1006 2237 καὶ
1037 2184 1239 2237 πλείων
1267 2187 1298 2255 ἡ
1334 2186 1594 2255 ἐμπορία,
1619 2186 1713 2238 καὶ
1735 2187 1932 2258 χείρων

243 2261 277 2330 ἡ
309 2260 534 2324 κόλασις
555 2264 962 2333 ἀγνωμονοῦσιν
986 2265 1139 2334 ἡμῖν.
1163 2264 1401 2327 Κόλασις
1424 2266 1533 2336 γάρ
1561 2265 1864 2337 διαδέχεται
1886 2269 1931 2300 θ’

242 2339 399 2401 τέλος
429 2341 530 2393 οὐκ
591 2341 808 2411 ἔχουσα.
848 2343 910 2395 Εἰ
943 2342 1000 2395 δὲ
1033 2342 1163 2404 τοὺς
1219 2344 1558 2413 στρατιώτας
1608 2362 1696 2414 μοι
1753 2345 1934 2414 λέγεις

244 2420 372 2482 τοὺς
400 2419 544 2491 ὺπέρ
586 2421 681 2474 σοῦ
706 2421 1079 2494 πολεμοῦντας
1105 2421 1149 2452 ³³
1175 2420 1496 2494 βαρϐάροις,
1549 2423 1665 2476 ἐστι
1716 2425 1810 2478 καὶ
1844 2427 1932 2477 ἐν-

242 2497 422 2551 ταῦθα
461 2500 842 2570 στρατόπεδον,
895 2502 955 2554 τὸ
985 2499 1092 2553 τῶν
1147 2501 1402 2572 πτωχῶν,
1436 2504 1531 2556 καὶ
1568 2503 1830 2574 πόλεμος,
1875 2505 1933 2558 ὃν

242 2577 389 2648 ὑπὲρ
423 2578 516 2631 σοῦ
537 2579 866 2650 πολεμοῦσιν
888 2583 938 2633 οί
975 2581 1225 2652 πένητες.
1267 2582 1438 2635 ’ὐταν
1469 2583 1577 2654 γὰρ
1600 2583 1840 2638 λάϐωσιν
1866 2586 1932 2650 ⁸⁸,

242 2658 532 2727 εὐχόμενοι
559 2659 652 2712 τὸν
675 2659 809 2712 Θεὸν
855 2661 983 2713 ἵλεω
1044 2660 1314 2714 ποιοῦσιψ
1343 2662 1472 2715 ἵλεω
1514 2663 1570 2716 δὲ
1629 2665 1932 2731 ποιοῦντες,

242 2737 787 2808 ἀποκρούονταιάντλ¹
813 2739 1103 2812 βαρϐάρων
1143 2743 1242 2804 τὰς
1269 2742 1376 2794 τῶν
1410 2743 1680 2813 δαιμόνων
1714 2745 1936 2798 ἐπιϐουο

241 2815 364 2880 λάς’
400 2818 502 2870 οὐκ
549 2820 740 2888 ἀφιᾶσι
783 2821 1014 2891 σφοδρὸν
1047 2817 1186 2874 εἶναι
1219 2821 1311 2874 τὸν
1359 2823 1615 2893 πονηρὸν,
1664 2824 1786 2877 οὐδὲ
1815 2828 1937 2879 ἐπι-

240 2895 490 2951 τίθεσθαι
519 2899 782 2968 συνεχῶς,
814 2901 928 2953 ἀλλ’
963 2900 1247 2954 ἐκλύουσιν
1274 2901 1440 2954 αὐτοῦ
1468 2903 1566 2972 τὴν
1606 2903 1775 2972 ἰσχύν.

317 2976 380 3029 ε’.
432 2977 604 3048 Ὁρῶν
632 2978 810 3034 τοίνυν
844 2982 972 3041 τοὺς
1023 2980 1362 3050 στρατιώτας
1399 2983 1624 3044 τούτους
1653 2983 1777 3036 καθ’
1815 2983 1939 3037 ἐκά-

245 3073 382 3126 στην
416 3058 629 3129 ἡμέραν
661 3059 1030 3125 πυκτεύοντας
1064 3060 1204 3130 ὑπὲρ
1235 3060 1328 3113 σοῦ
1357 3059 1434 3131 τῷ
1465 3060 1697 3132 διαϐόλῳ
1723 3061 1810 3114 διὰ
1826 3063 1936 3117 τῶν

240 3137 486 3207 δεήσεων
516 3139 752 3192 καὶτῶν
796 3140 992 3209 εὐχῶν,
1042 3140 1347 3210 ἀπαίτησον
1397 3140 1592 3193 σαυτὸν
1620 3143 1718 3211 τὴν
1763 3142 1936 3213 καλὴν

241 3215 454 3286 ταύτην
487 3219 765 3289 εἰσφοράν,
794 3219 893 3282 τὰς
929 3220 974 3252 ³⁵
1022 3220 1246 3274 ἐκείνων
1281 3220 1508 3292 τροφάς.
1535 3221 1773 3293 Καίγάρ
1796 3223 1940 3294 ἦμε-

245 3314 342 3369 ρος
367 3294 446 3349 ὢν
483 3299 511 3349 ό
535 3297 798 3364 Βασιλεὺς
827 3294 1004 3364 οὗτος,
1039 3301 1140 3353 οὐκ
1171 3299 1339 3352 ἔδωκέ
1369 3317 1450 3354 σοι
1481 3302 1608 3362 τοὺς
1640 3302 1938 3358 ἀπαιτοῦν-

242 3394 368 3441 τας,
392 3377 509 3430 ἀλλ’
544 3379 740 3432 ἑκόντα
775 3379 1026 3449 βούλεται
1055 3378 1395 3433 καταθεῖναι’
1429 3377 1532 3432 κᾶν
1566 3380 1708 3433 κατᾶ
1744 3383 1941 3455 μικρὸν

245 3456 588 3530 καταϐάλῃς,
619 3458 852 3527 δέχεται·
879 3458 981 3512 κᾶν
1002 3458 1226 3528 ἀπορῶν
1248 3458 1338 3511 διὰ
1369 3457 1567 3511 πολλοῦ
1611 3461 1805 3530 χρόνου
1839 3479 1942 3514 κα-

240 3536 440 3607 ταθῇς,
496 3538 556 3590 οὐ
589 3539 907 3608 κατεπείγει
965 3539 1058 3593 τὸν
1095 3539 1195 3592 οὐκ
1235 3539 1448 3609 ἔχοντα.
1477 3538 1568 3608 Μὴ
1596 3539 1660 3610 δὴ
1697 3543 1797 3612 τῆς
1839 3559 1944 3611 μα-

246 3618 566 3688 κροθυμίας
611 3619 778 3672 αὐτοῦ
812 3620 1271 3692 καταφρονῶμεν,
1341 3619 1476 3672 ἀλλά
1521 3620 1942 3692 θησαυρίξωμεν

244 3698 464 3760 ἑαυτοῖς
493 3700 567 3770 μὴ
610 3700 801 3770 ὀργὴν,
839 3700 975 3752 ἀλλὰ
1025 3699 1322 3771 σωτηρίανν
1381 3699 1455 3770 μὴ
1514 3699 1766 3764 θάνατον,
1805 3701 1942 3755 ἀλλά

247 3776 420 3846 ζωήν·
459 3778 533 3849 μὴ
562 3779 782 3832 κόλασιν
813 3779 908 3831 καὶ
963 3781 1257 3850 τιμωρίαν,
1291 3779 1427 3833 ἀλλὰ
1461 3780 1628 3848 τιμὰς
1671 3781 1766 3833 καὶ
1815 3798 1939 3835 στε-

245 3856 478 3923 φάνους.
509 3858 625 3910 Οὐκ
672 3857 818 3910 ἔστιν
849 3857 1084 3911 ἐνταῦθα
1121 3858 1304 3912 δοῦναι
1339 3858 1529 3929 μισθὸν
1563 3861 1662 3929 τῆς
1702 3876 1937 3930 μετακο-

247 3935 416 4004 μιδῆς
437 3935 545 3988 τῶν
563 3939 989 4008 εἰσφερομένων,
1015 3939 1114 3991 οὐκ
1135 3939 1279 3994 ἐστιν
1305 3939 1538 3993 ἐνταῦθα
1561 3943 1760 4010 καμεῖν
1779 3939 1940 4012 ἐξαρ-

243 4014 599 4085 γυρίζοντας.
637 4017 738 4071 ’Ἂν
771 4016 1086 4090 καταϐάλῃς
1126 4019 1287 4084 αὐτὰ,
1339 4021 1504 4084 αὐτὸς
1535 4021 1675 4074 αὐτὰ
1717 4020 1934 4090 μετατί-

246 4093 412 4164 θησιν
474 4096 554 4158 είς
617 4096 708 4150 τὸν
761 4099 992 4169 οὐρανὸν
1039 4101 1067 4150 ὁ
1116 4101 1414 4170 Δεσπότης·
1481 4102 1643 4164 αὐτός
1701 4118 1783 4153 σοι
1836 4099 1937 4172 τὴν

245 4177 649 4255 πραγματείαν
677 4178 1078 4243 κατασκευάζει
1105 4181 1151 4210 ⁸⁸
1178 4181 1769 4255 κερδαλεωτέραν.οὐκ
1793 4179 1937 4234 ἔστιν

244 4254 491 4308 ἐνταῦθα
557 4258 933 4329 παράπομπον
978 4260 1160 4327 εὑρεῖν
1195 4260 1240 4290 ⁸⁷
1302 4259 1412 4314 τῶν
1461 4260 1934 4330 καταϐληθέντων’

345 4347 398 4424 7⁸
431 4348 659 4424 ςξφόδρειξ]
691 4367 749 4403 σε
781 4351 987 4424 σφόδρα
1117 4352 1322 4424 σφόδρα
1363 4371 1422 4406 σε
1461 4353 1594 4408 Mor.
1629 4354 1763 4408 Ben.

165 4444 168 4449 -
244 4415 353 4488 τῷ]
395 4415 581 4486 μέντοι
613 4415 674 4475 Ε.

245 4489 616 4560 κατορθῶμεν
650 4491 720 4544 Μ.
797 4493 842 4524 δ’
870 4489 1171 4560 διαδέξεται
1207 4494 1266 4546 L.

243 4558 291 4590 ⁸⁸
333 4558 462 4627 edici
494 4558 588 4615 καὶ
613 4566 711 4626 τάς
743 4563 806 4617 Κ.
847 4564 906 4617 [ι.

244 4628 312 4683 G.
353 4629 423 4684 Η.
471 4630 537 4686 Μ.

985 4565 1033 4596 ⁸⁸
1073 4565 1477 4618 κατασκευάσει
1520 4565 1582 4619 Κ.
1631 4566 1692 4620 Ιι.

615 4634 997 4708 ’θμέᾲκεῖλαέίιὶ
1040 4635 1268 4708 δέ-Ειιιί.
1307 4636 1552 4708 ὄφλημα]
1599 4636 1875 4708 ὀφείλημα

241 4702 464 4771 γυητάς
487 4701 624 4757 Edd.
652 4705 732 4757 Τὰ
885 4706 988 4760 Τὸν
1013 4709 1070 4761 ἐν
1094 4706 1156 4758 L.
1233 4709 1275 4738 ‘”
1308 4701 1604 4778 συνέθηκεν
1633 4701 1698 4761 G.
1727 4701 1890 4760 ΙΙΪΜ.

240 4769 453 4847 αὐτούς
602 4774 704 4847 διὰ.
731 4792 890 4830 τουτο
917 4778 1014 4845 Ep.
1093 4779 1139 4809 ⁹⁵
1180 4777 1592 4847 δανειζομένους
1631 4777 1693 4831 II.
1732 4777 1795 4831 L.
1877 4778 1890 4808 ¹

1833 5019 2079 5073 ΟΜΙΛΙΑ

238 5087 364 5141 Καὶ
401 5085 694 5140 είονελθὼν
717 5088 748 5139 ὁ
776 5085 1018 5152 Ἰησοῦς
1037 5089 1118 5153 εις
1154 5086 1220 5140 τό
1248 5088 1410 5154 ἱερὸν
1430 5089 1494 5150 θ’,
1531 5089 1780 5154 ἐξέϐαλε
1806 5089 1949 5142 πάν-

315 5154 782 5229 ταςρίθίὶίνῘΑτοὺς
811 5157 1165 5229 πωλοῦντας
1191 5159 1289 5229 καὶ
1323 5160 1718 5229 ἀγομίζοντας
1767 5161 1835 5212 ὲν
1868 5158 1947 5224 τῷ

316 5225 478 5295 ἱερῷ,
537 5225 635 5280 καὶ
686 5228 791 5293 τὰς
828 5227 1117 5294 τραπέᾂις
1169 5225 1286 5280 τῶν
1345 5225 1758 5284 κολλυϐιστῶν
1806 5247 1946 5282 κατ-

315 5299 604 5366 έστρεψε,
654 5298 752 5351 καὶ
790 5299 898 5362 τὰς
951 5299 1243 5368 καθέδρας
1271 5299 1388 5353 τῶν
1440 5302 1804 5354 πωλούντων
1840 5300 1948 5364 τὰς

315 5367 682 5439 περιστερὰς
707 5410 756 5439 ,Α
787 5369 884 5421 καὶ
941 5369 1101 5437 λέγει
1133 5367 1136 5368 ⁷
1167 5369 1372 5439 αὐτοῖς
1391 5388 1404 5401 ·
1461 5371 1795 5439 Γένχγσαπται
1815 5388 1829 5401 ·
1884 5371 1946 5423 '0

316 5433 494 5511 οἶκός
533 5433 652 5511 ,ιᾷου
694 5433 858 5511 οἶκος
877 5433 1226 5511 προσευχῆς
1248 5433 1617 5506 κληθήσεται
1635 5459 1646 5470 ·
1681 5441 1850 5511 ὑμεῖς
1877 5440 1945 5493 δὲ

314 5509 513 5563 αὑτὸν
539 5507 866 5573 ἐποιήσατε
897 5508 1204 5576 σπήλαιον
1225 5511 1490 5576 λῃστῶν.

317 5586 400 5642 α’.
417 5586 586 5640 Τοῦτο
616 5589 710 5640 καὶ
725 5589 978 5656 Ἰωάννης
997 5589 1160 5658 φησιν
1181 5605 1193 5618 ·
1217 5590 1331 5643 ἀλλ’
1355 5593 1564 5654 ἐκεῖνος
1595 5591 1695 5661 μὲν
1716 5593 1773 5645 ἐν
1804 5591 1947 5661 ἀρχῇ

231 5665 343 5721 τοῦ
391 5665 748 5734 Εὐαγγελίου,
792 5661 947 5729 οὗτος
995 5666 1054 5719 δὲ
1093 5667 1229 5736 πρὸς
1277 5668 1356 5738 τῷ
1392 5669 1558 5723 τέλει.
1597 5670 1759 5724 Ὅθεν
1803 5671 1951 5734 εἰκὸς

235 5745 508 5815 δεύτερον
530 5745 861 5816 γεγενῆσθαι
885 5745 1062 5810 τοῦτο,
1096 5748 1191 5800 καὶ
1222 5748 1362 5800 κατὰ
1386 5749 1675 5822 διαφόρους
1697 5749 1944 5820 καιρούς.

241 5826 365 5878 Καὶ
398 5825 557 5893 δῆλον
605 5826 700 5879 καὶ
731 5826 842 5878 ἀπὸ
870 5827 981 5879 τῶν
1020 5828 1250 5898 χρόνων,
1286 5829 1378 5880 καὶ
1423 5830 1530 5881 ἀπὸ
1577 5831 1678 5900 τῆς
1718 5831 1949 5902 ἀποκρί-

244 5921 417 5966 σεως.
466 5905 616 5957 Ἐκεῖ
665 5906 764 5976 μὲν
793 5905 902 5976 γὰρ
934 5907 990 5958 ἐν
1023 5906 1172 5976 αὐτῷ
1211 5906 1287 5976 τῷ
1345 5907 1535 5978 Πάσχα
1581 5910 1915 5980 παρεγένετο
1941 5927 1953 5938 ·

244 5981 491 6036 ἐνταῦθα
519 5985 574 6037 δὲ
602 5985 707 6056 πρὸ
743 5985 958 6040 πολλοῦ.
993 5987 1172 6040 Κάκεῖ
1201 5986 1297 6056 μὲν
1335 5985 1584 6055 λέγουσιν
1625 5989 1866 6041 Ἰουδαῖοι
1893 5989 1907 6018 ¹
1935 6003 1949 6015 ⁸

319 6074 372 6105 ⁸⁸
415 6077 468 6162 ἐν
498 6077 576 6162 Ξῷ
608 6077 808 6162 ἱερῷίί
861 6078 921 6131 1,.
959 6077 1094 6132 Mor.
1126 6094 1178 6146 p.
1233 6094 1284 6146 p.
1301 6149 1321 6156 ῃ
1340 6081 1397 6132 ἐν
1425 6079 1684 6162 τῷάερῷ
1713 6095 1825 6135 om.
1876 6080 2061 6136 iidem.

243 6143 456 6218 ὶὲγων]
500 6134 591 6204 Sic
624 6133 822 6219 1.).Ἐρ.
854 6156 1014 6220 ναίει)
1038 6133 1363 6220 κατηγορῶν
1399 6133 1492 6202 καῖ
1524 6133 1722 6218 λέγων.

1235 464 1300 520 ΙΝ
1331 466 1744 527 ΜΑΤΤΗίΕυΜ
1786 469 2016 525 HOMIL.
2054 469 2256 525 LXVII.
2295 471 2366 525 al.
2413 466 2637 522 LXVI".

1869 4352 1915 4386 ⁷⁷
1943 4355 2007 4405 ἐκ
2047 4351 2253 4423 πηγῆς]
2298 4353 2362 4405 ἐκ
2407 4351 2600 4423 πηγῶν
2629 4351 2692 4407 L.
2723 4352 2818 4404 ἐπί
2846 4353 2947 4423 γῆς
2981 4351 3043 4406 G.

781 4423 826 4453 ⁷³
862 4421 945 4495 τὸ]
972 4422 1048 4490 τῷ
1077 4434 1153 4476 lcr
1187 4421 1322 4478 Edvd.
1356 4435 1412 4477 el.
1441 4427 1520 4478 sic
1561 4442 1624 4478 ex
1665 4440 1809 4479 corr.
1841 4423 1903 4478 G.
1933 4421 2217 4494 ἀπελθεῖν]
2241 4421 2509 4494 ἐμπεσεῖν
2544 4421 2603 4476 L.

797 4493 842 4524 θ’
870 4493 1171 4549 διαδέξεται
1207 4494 1266 4546 L.
1344 4495 1392 4525 ⁵³³
1423 4493 1820 4549 πολεμοῦντας]
1851 4494 1982 4549 add.
2005 4493 2179 4547 πολλά
2209 4493 2268 4548 L.
2303 4493 2434 4546 Mur.
2541 4494 2588 4525 δ”

1430 4493 1821 4598 πολεμοῦντας]
1851 4494 1982 4553 add.
2005 4493 2179 4547 πολλά
2208 4493 2434 4548 ΙηΜοτ.
2541 4494 2588 4525 ⁸⁵
2623 4493 2978 4562 λαμϐάνωσιν
3009 4493 3065 4545 L.
3106 4507 3158 4560 p.
3187 4509 3241 4561 p.
3267 4493 3560 4566 δαιμονίων
3596 4493 3730 4543 Ιεῖιιιί.

1430 4583 1477 4618 ει
1520 4565 1582 4619 Κ.
1631 4566 1692 4620 L.
1772 4567 1794 4597 ⁸
1860 4565 2064 4634 εὑρεῖν]
2095 4565 2372 4634 ἐπιζητεῖν
2502 4562 2583 4634 Η.
2608 4562 2671 4617 L.
2709 4563 2783 4634 Μ.
2815 4561 3732 4634 καταϐληθέντων],κατατιθέντων

1971 4675 1984 4690 .
2009 4637 2074 4689 Κ.
2110 4637 2175 4688 Μ.
2256 4637 2300 4666 ⁸⁹
2321 4637 2451 4704 γάρ]
2489 4637 2611 4687 add.
2647 4637 2741 4688 καί
2778 4637 2838 4687 ι..
2915 4637 2960 4665 9°
2995 4637 3316 4705 ἀρραϐῶναι
3353 4637 3479 4686 add.
3509 4637 3602 4685 καὶ
3636 4637 3731 4698 ἐγ-

1968 4709 2014 4738 "
2037 4705 2201 4761 αὐτοῦ
2235 4706 2302 4761 G.
2338 4705 2401 4758 ll.
2431 4706 2493 4760 K.
2533 4704 2602 4759 M.
2671 4706 2713 4738 "
2735 4704 3102 4775 μικρολογεῖςῇ
3131 4702 3199 4762 G.
3240 4704 3302 4756 K.
3545 4703 3636 4775 _7”‘
3666 4703 3732 4775 δι’

1877 4777 1924 4808 ⁸⁸
1960 4777 2054 4830 καί
2098 4794 2210 4832 om.
2244 4777 2306 4830 L.
2340 4776 2637 4829 κατάλειπε
2667 4773 2745 4830 6.
2767 4773 2929 4828 ΚζΙσ.
2967 4773 3037 4830 Μ.
3064 4773 3162 4845 Ep.

239 4846 437 4898 caeteri
472 4843 647 4913 μένοι.
681 4845 785 4900 Sed
814 4863 866 4916 p.
904 4843 972 4917 ι).
992 4849 1144 4904 solus
1170 4847 1230 4904 L.
1265 4843 1476 4917 γένοὶτο
1507 4850 1688 4903 habet.
1731 4849 1920 4920 μένοιι

2088 4865 2210 4901 νοιτο
2240 4847 2375 4902 Ιιιιίιί.

3596 465 3699 521 6‘52

2032 593 2193 661 μόνον
2226 590 2523 655 κατάϐαλε,
2551 588 2646 642 καὶ
2670 585 2875 648 εὐθέως
2902 584 3126 638 ἄνεισιν·
3152 585 3248 654 οὐχ
3266 585 3351 637 ῖνα
3374 587 3680 661 στρατιῶτσ
3687 609 3704 644 ι

2027 658 2205 742 ἕτεροι
2243 669 2550 742 τραφῶσιν,
2595 666 2819 721 ἀλλ’ἵνα
2843 665 2928 716 σοὶ
2965 663 3099 734 μένῃ
3134 665 3251 734 μετ’
3279 665 3551 736 ἐμπορίας
3579 658 3702 725 ποῖ-

2026 741 2144 820 λῆς.
2179 741 2442 803 Ἐνταῦθα
2463 748 2561 817 μὲν
2583 745 2691 818 γὰρ
2715 745 2858 814 ἅπερ
2892 743 2958 798 ἂν
2989 742 3115 814 δῷς,
3162 741 3451 796 ἀναλαϐεῖν
3483 745 3582 798 οὐκ
3603 745 3704 798 ἔνι’

2027 834 2144 885 ἐκεῖ
2170 832 2225 885 δὲ
2252 831 2388 900 μετά
2421 830 2619 901 πολλῆς
2644 826 2899 897 ἀπολήψῃ
2932 825 3094 878 πάλιν
3113 823 3254 878 αὐτά
3281 823 3378 894 τῆς
3403 827 3589 894 τιμῆς,
3613 827 3710 878 καὶ

2031 909 2308 979 κερδανεῖς
2338 909 2507 980 μείζω
2558 909 2653 961 καὶ
2703 902 3195 974 πνευματικώτερα
3217 903 3404 974 κέρδη.
3442 902 3710 958 Ἐνταῦθα

2028 991 2092 1040 τὰ
2112 989 2366 1058 διδόμενα
2389 989 2685 1057 ἀπαίτησίς
2720 987 2889 1039 ἐστιν’
2924 985 3040 1036 ἐκεῖ
3066 984 3111 1014 ³⁸
3145 983 3340 1054 χρῆσις
3373 983 3466 1036 καὶ
3497 984 3708 1037 δάνειον

2029 1069 2123 1121 καὶ
2150 1068 2388 1138 ὄφλημα.
2412 1069 2521 1122 Καὶ
2553 1067 2658 1138 γὰρ
2674 1067 2720 1098 ⁸⁸
2751 1064 3091 1136 χειρόγραφά
3114 1081 3194 1116 σοι
3229 1063 3484 1134 ἐποίησεν
3513 1063 3706 1126 όΘεός·

2061 1150 2226 1219 Ογάρ
2261 1147 2468 1212 ἐλεῶν,
2505 1147 2660 1217 φησὶ,
2714 1144 2972 1213 πτωχὸν,
3023 1143 3272 1204 δανείζει
3319 1143 3460 1208 Θεῷ.
3499 1141 3710 1195 Ἕδωκὲ

2031 1247 2112 1282 σοι
2143 1231 2236 1283 καὶ
2267 1227 2564 1301 ἀρραϐῶνα
2610 1227 2704 1279 καὶ
2751 1224 3043 1294 ἐγγυητάς,
3091 1225 3184 1276 καὶ
3221 1223 3396 1278 ταῦτα
3439 1222 3574 1286 Θεὸς
3613 1222 3708 1276 ὢν.

2030 1309 2188 1361 Ποῖον
2221 1308 2520 1380 ἀρραϐῶνα
2567 1307 2641 1372 ⁹⁰;
2689 1305 2843 1377 1660]
2878 1305 2957 1358 Τά
3006 1305 3063 1356 ἐν
3107 1304 3184 1374 τῷ
3223 1303 3453 1373 παρόντι
3488 1302 3611 1374 βίῳ,
3645 1302 3712 1355 τὰ

2030 1387 2284 1457 αἰσθητὰ,
2313 1387 2379 1439 τὰ
2402 1386 2750 1456 πνευματικὰ
2773 1425 2786 1448 ,
2843 1384 2914 1437 τὰ
2946 1383 3209 1454 προοίμια
3242 1383 3351 1437 τῶν
3386 1383 3709 1453 μελλόντων.

2031 1466 2095 1518 Τί
2132 1467 2310 1520 τοίνυν
2358 1467 2632 1537 ἀναϐάλλῃ
2691 1467 2786 1518 καὶ
2843 1464 3041 1525 ὀκνεῖς,
3088 1461 3325 1515 τοσαῦτα
3371 1463 3472 1533 ἤδη
3507 1461 3710 1526 λαϐὼν,

2029 1547 2265 1600 τοσαῦτα
2307 1547 2655 1616 προσδοκῶν;
2699 1547 2762 1596 Ἀ
2812 1544 2907 1614 μὲν
2941 1541 3048 1612 γάρ
3095 1541 3307 1604 ἔλαϐες,
3356 1541 3471 1596 ἔστι
3521 1542 3714 1595 ταῦτα·

2032 1627 2193 1696 σῶμα
2215 1627 2377 1690 αὐτός
2409 1644 2491 1680 σοι
2525 1625 2806 1679 διέπλασε·
2837 1623 3016 1694 ψυχὴν
3062 1622 3224 1684 αὐτός
3257 1639 3338 1675 σοι
3364 1622 3622 1694 ἐνέθηκεν
3645 1623 3712 1655 ⁹¹·

2030 1707 2259 1778 ἐτίμησέ
2296 1725 2354 1759 σε
2378 1707 2521 1776 λόγῳ
2555 1706 2715 1774 μόνον
2743 1702 2851 1757 τῶν
2874 1704 2966 1756 ἐπὶ
3006 1705 3129 1772 γῆς·
3161 1701 3271 1754 τῶν
3301 1703 3594 1772 ὁρωμένων
3635 1719 3716 1754 σοι

2031 1787 2287 1840 ἁπάντων
2315 1786 2413 1857 τὴν
2435 1785 2633 1857 χρῆσιν
2665 1785 2887 1837 ἔδωκεν·
2915 1782 3206 1853 ἐχαρίσατό
3231 1799 3312 1834 σοι
3340 1783 3439 1851 τὴν
3458 1782 3650 1835 ἐαυτοῦ
3673 1783 3717 1814 ⁹¹

2032 1865 2235 1934 γνῶσιν
2267 1881 2280 1894 ’
2316 1866 2408 1919 τὸν
2437 1867 2566 1919 Υἱδν
2594 1864 2868 1918 ἐπέδωκεν
2899 1863 3040 1931 ὑπὲρ
3077 1862 3190 1914 σοῦ·
3227 1861 3510 1931 βάπτισμα
3532 1861 3720 1915 τοσού-

2033 1963 2139 1999 των
2169 1945 2338 2016 γέμον
2370 1944 2592 2014 ἀγαθῶν
2623 1944 2955 2013 ἐδωρήσατο·
2991 1941 3158 1993 ἔδωκέ
3209 1957 3290 1993 σοι
3324 1940 3602 2010 τράπεζαν
3647 1943 3721 1994 ἰε-

2039 2027 2156 2094 ράν·
2191 2025 2557 2096 ἐπηγγείλατο
2613 2023 2896 2094 βασιλείαν
2942 2023 3038 2074 καὶ
3088 2023 3157 2074 τὰ
3191 2020 3481 2093 ἀπόρρητα
3517 2023 3718 2090 ἀγαθά.

2035 2104 2285 2159 Τοσαῦτα
2314 2108 2496 2159 τοίνυν
2517 2103 2715 2168 λαϐὼν,
2758 2102 2997 2156 τοσαῦτα
3017 2103 3227 2172 μέλλων
3258 2101 3559 2172 λαμϐάνειν
3590 2104 3721 2174 (πά-

2035 2184 2118 2236 λιν
2151 2185 2254 2258 γάρ
2278 2187 2337 2239 τὸ
2368 2186 2498 2240 αὐτὸ
2527 2185 2680 2256 ἐρῶ),
2714 2183 2842 2254 περὶ
2869 2184 3125 2252 χρήματα
3147 2181 3500 2252 ἀπολλύμενα
3529 2201 3724 2253 μικρο-

2035 2264 2166 2337 λογῇ
2193 2267 2238 2298 ⁸³
2265 2285 2278 2333 ;
2308 2268 2400 2320 καί
2426 2267 2585 2319 ποίαν
2616 2264 2758 2328 ἕξεις
2783 2262 3151 2333 συγγνώμην;
3193 2261 3355 2314 Ἀλλὰ
3383 2262 3510 2326 τοὺς
3528 2264 3724 2326 παῖδας

2039 2347 2255 2411 πάντως
2284 2348 2436 2418 ὁρᾷς,
2456 2346 2550 2399 καὶ
2579 2344 2666 2398 διὰ
2688 2343 2974 2405 τούτουςθδ
2993 2339 3196 2414 ἀναδύῃ
3219 2357 3232 2403 ;
3271 2341 3379 2394 Καὶ
3406 2342 3511 2413 μὴν
3542 2345 3725 2397 κάκεί-

2037 2443 2161 2490 νους
2192 2426 2478 2480 παίδευσον
2525 2424 2751 2478 τοιαῦτα
2800 2423 3107 2492 κερδαίνειν
3143 2420 3332 2492 κέρδη.
3385 2423 3494 2475 Καὶ
3527 2422 3633 2494 γὰρ
3673 2426 3722 2477 εί

2038 2505 2302 2575 ἀργύριον
2339 2502 2406 2575 ἦν
2455 2521 2536 2557 σοι
2566 2502 2977 2572 δεδανεισμένον
3029 2501 3122 2553 καὶ
3156 2497 3350 2563 τόκους
3389 2501 3570 2574 φέρον,
3605 2499 3724 2556 εἶτα

2038 2584 2322 2654 ὀφειλέτης
2345 2583 2644 2654 εὐγνώμων
2672 2579 2761 2654 ἦν,
2785 2581 3047 2652 μυριάκις
3067 2581 3133 2634 ἂν
3163 2580 3309 2633 εἵλου
3339 2582 3461 2634 ἀντὶ
3482 2581 3574 2635 τοῦ
3594 2600 3727 2653 χρυ-

2041 2665 2158 2718 σίου
2192 2664 2248 2716 τδ
2282 2666 2664 2735 γραμματεῖον
2693 2662 3018 2716 καταλιπεῖν
3058 2661 3136 2730 τῷ
3191 2659 3363 2725 παιδὶ,
3401 2658 3541 2713 ὥστε
3576 2661 3720 2729 αὐτῷ

2039 2745 2138 2808 τὰς
2180 2744 2475 2811 προσόδους
2502 2742 2758 2810 γενέσθαι
2797 2741 3019 2804 πολλὰς,
3068 2742 3162 2794 καὶ
3195 2739 3270 2810 μὴ
3317 2740 3720 2809 ἀναγκάζεσθαι

2042 2825 2313 2891 περιϊέναι
2340 2824 2432 2875 καὶ
2459 2822 2643 2892 ζητεῖν
2672 2821 2893 2892 ἐτέρους
2909 2822 3036 2884 τοὺς
3060 2820 3480 2890 δανεισομένους
3513 2821 3579 2876 ³⁵.
3621 2825 3728 2875 Καὶ

2039 2902 2135 2956 νῦν
2159 2903 2317 2956 τοῦτο
2332 2902 2416 2965 δὸς
2442 2902 2502 2955 τὸ
2525 2902 2888 2973 χειρόγραφον
2933 2905 3044 2964 τοῖς
3077 2901 3330 2965 παιδίοις,
3359 2901 3452 2952 καὶ
3487 2899 3532 2930 ⁹⁶
3555 2903 3725 2954 κατά-

2040 2982 2162 3035 λιπε
2219 2983 2309 3036 τὸν
2335 2982 2465 3034 Θεὸν
2495 2982 2676 3044 αὐτοῖς
2709 2981 3014 3051 ὀφειλέτην.
3048 2981 3119 3034 Σὺ
3151 2981 3211 3033 δὲ
3246 2982 3372 3044 τοὺς
3399 2980 3496 3049 μὲν
3525 2981 3729 3053 ἀγροὺς

2043 3063 2103 3115 οὐ
2139 3061 2338 3124 πωλεῖς
2363 3064 2460 3115 καὶ
2515 3061 2671 3124 δίδως
2713 3064 2823 3125 τοῖς
2867 3061 3134 3126 παιδίοις,
3192 3059 3309 3113 ἀλλ’
3351 3063 3466 3131 ἐᾷς,
3499 3062 3648 3123 ὅπως
3695 3064 3727 3131 ἡ

2044 3141 2304 3214 πρόσοδος
2327 3142 2462 3212 μένῃ
2481 3141 2545 3202 ’⁷,
2567 3141 2658 3193 καὶ
2674 3143 2701 3193 ὀ
2723 3141 2830 3193 τῶν
2853 3141 3154 3211 χρημάτων
3178 3138 3517 3210 πλεονασμὸς
3546 3141 3729 3204 αὐτοῖς

2039 3220 2266 3290 γένηται
2300 3221 2500 3272 πλείων
2523 3219 2795 3272 ἐντεῦθεν·
2826 3220 2887 3271 τὸ
2920 3219 2976 3271 δὲ
3002 3219 3368 3290 χειρόγραφον
3388 3219 3565 3281 τοῦτο,
3593 3237 3730 3272 παν·

2039 3303 2130 3365 τὸς
2157 3300 2327 3370 ἀγροῦ
2375 3306 2468 3353 καὶ
2517 3300 2795 3368 προσόδων
2851 3301 3252 3370 εὐπορώτερον,
3312 3299 3407 3350 καὶ
3443 3299 3729 3362 τοσούτους

2043 3381 2207 3452 φέρον
2242 3382 2510 3450 καρποὺς,
2537 3378 2694 3432 τοῦτο
2729 3379 2972 3442 δέδοικας
3003 3379 3367 3444 καταλιπεῖν;
3427 3378 3521 3431 καὶ
3555 3379 3729 3449 πόσης

2042 3460 2106 3514 ἂν
2141 3461 2225 3531 εἴη
2249 3460 2409 3512 τοῦτο
2441 3458 2693 3529 εὐηθείας
2719 3475 2779 3510 τε
2821 3461 2914 3511 καὶ
2947 3458 3370 3529 παραπληξίαςς
3416 3459 3521 3511 Καὶ
3556 3458 3728 3513 ταῦτα

2044 3541 2200 3604 εἰδὼς
2229 3542 2310 3594 ὅτι
2344 3540 2445 3594 κᾶν
2470 3541 2652 3600 αὐτοῖς
2687 3540 2818 3592 αὐτὸ
2845 3541 2890 3572 ⁸⁸
2916 3539 3244 3612 καταλίπῃς,
3279 3541 3370 3592 καὶ
3406 3540 3565 3602 αὐτὸς
3598 3540 3730 3593 αὐτὸ

2041 3620 2223 3674 λαϐὼν
2249 3619 2525 3692 ἀπελεύσῃ
2546 3619 2728 3673 πάλιν.
2746 3619 2985 3672 Τοιαῦτα
3004 3620 3115 3690 γὰρ
3132 3619 3200 3670 τὰ
3220 3619 3586 3690 πνευματικά·
3610 3619 3734 3672 πολ-

2041 3701 2139 3772 λὴν
2163 3701 2276 3772 ἔχει
2293 3701 2390 3768 τὴν
2415 3701 2746 3770 φιλοτιμίαν.
2770 3700 2860 3770 Μὴ
2886 3700 2950 3771 δὴ
2978 3699 3371 3770 πτωχεύωμεν,
3403 3700 3535 3770 μηδέ
3557 3701 3732 3754 ἀπάν-

2042 3779 2068 3833 θ
2078 3798 2251 3851 ρωποι
2282 3781 2376 3832 καὶ
2401 3779 2542 3849 ὠμοὶ
2562 3779 2688 3850 περὶ
2719 3781 2866 3848 ἡμᾶς
2893 3779 3090 3841 αὐτοὺς
3114 3778 3414 3848 γινώμεθα,
3434 3779 3548 3832 ἀλλ’
3566 3782 3734 3849 ἐμπο-

2042 3857 2366 3931 ρευσώμεθα
2389 3858 2487 3928 τὴν
2514 3858 2684 3927 καλὴν
2703 3858 2906 3928 ταύτην
2927 3857 3332 3928 πραγματείαν·
3355 3858 3441 3911 ἵνα
3462 3859 3553 3910 καὶ
3575 3859 3732 3910 αὐτοὶ

2043 3939 2306 4001 λαϐόντες
2348 3937 2518 4008 αὐτὴν
2547 3937 2894 4009 ἀπέλθωμεν,
2922 3939 3015 3990 καὶ
3051 3942 3164 4002 τοῖς
3202 3941 3340 4001 υἱοῖς
3376 3943 3485 4002 τοῖς
3521 3938 3732 3992 ἑαυτῶν

2047 4017 2486 4088 καταλείψωμεν,
2518 4017 2612 4070 καὶ
2639 4017 2747 4070 τῶν
2782 4018 3084 4087 μελλόντων
3110 4019 3457 4090 ἐπιτύχωμεν
3485 4018 3728 4085 ἀγαθῶν,

2046 4099 2227 4170 χάριτι
2253 4098 2347 4150 καὶ
2367 4095 2747 4168 φιλανθρωπία
2765 4097 2858 4149 τοῦ
2879 4098 3084 4167 Κυρίου
3102 4099 3260 4169 ἡμῶν
3279 4099 3453 4167 Ἰησοῦ
3472 4098 3730 4169 Χριστοῦ,

2051 4179 2170 4252 μεθ’
2197 4175 2257 4232 οῦ
2280 4179 2359 4249 τῷ
2383 4179 2560 4250 Πατρὶ
2583 4178 2698 4248 ἅμα
2733 4179 2809 4250 τῷ
2847 4179 2984 4249 ἁγίῳ
3013 4179 3293 4251 Πνεύματι
3320 4180 3466 4245 δόξα,
3505 4179 3728 4246 κράτος,

2047 4258 2202 4330 τιμὴ,
2222 4258 2318 4310 νῦν
2341 4259 2436 4312 καὶ
2458 4259 2543 4310 ἀεὶ
2570 4260 2663 4310 καὶ
2680 4260 2758 4322 εἰς
2778 4260 2906 4321 τοὺς
2929 4258 3129 4319 αἰῶνας
3152 4258 3259 4311 τῶν
3283 4258 3511 4311 αἰώνων.
3534 4258 3726 4327 Ἀμήν.

3148 4353 3192 4422 7⁸
3219 4351 3296 4422 τῷ
3343 4367 3472 4422 om:
3514 4351 3580 4402 Μ.
3635 4349 3733 4422 μ-ἐν

3151 4421 3193 4451 ⁸⁸
3231 4419 3644 4491 καταμάθωμεν
3666 4419 3704 4472 Κ
3717 4460 3730 4474 .

2709 4423 2754 4453 ⁸⁰
2784 4422 2978 4492 πρῶτα
3016 4424 3073 4477 Ι..

2541 4494 2588 4525 ⁸⁸⁸
2623 4492 2978 4562 λαμϐάνωσιν
3009 4492 3065 4545 L.
3106 4507 3158 4560 p.
3187 4509 3241 4561 p.
3267 4492 3560 4562 δαιμονίων
3596 4491 3730 4543 Ιεῖιιιί.

2256 4637 2300 4666 ⁸⁹
2321 4633 2451 4704 γάρ]
2489 4633 2611 4705 ειμι.
2647 4636 2741 4688 καί
2778 4633 2838 4687 ι..
2905 4635 2960 4705 79°
2995 4633 3316 4705 ἀρραϐῶνα]
3353 4635 3731 4705 ξιιΙιΙΑηκαὶέγτ

3241 4775 3284 4805 ⁸⁷
3329 4773 3488 4846 μένῃ]
3538 4773 3629 4828 Sic
3670 4773 3731 4826 L.

2454 4848 2501 4879 ’⁸
2535 4847 2666 4900 αὐτό
2706 4861 2815 4899 om.
2852 4845 2914 4898 L.

2140 5018 2259 5071 ΞΖ’.

2057 5089 2118 5143 Τί
2145 5087 2400 5157 σημεῖον
2429 5086 2725 5152 δεικνύεις
2758 5085 2938 5153 ἠμῒν;
2964 5086 3197 5141 ἐνταῦθα
3227 5085 3282 5139 δὲ
3317 5089 3529 5157 σιγῶσι,
3562 5091 3738 5146 καίτοι

2053 5169 2506 5242 ἐπιτιμηθέντες,
2556 5171 2644 5224 διὰ
2693 5171 2753 5223 τὸ
2802 5171 2904 5241 ήδη
2949 5171 3324 5241 θαυμάζεσθαι
3380 5174 3542 5228 αὐτὸν
3589 5177 3740 5246 παρά

2052 5255 2208 5307 πᾶσι.
2268 5254 2438 5308 Τοῦτο
2489 5255 2546 5307 δὲ
2596 5254 2901 5325 κατηγορία
2954 5255 3156 5324 μείζων
3197 5255 3480 5322 Ἰουδαίων,
3530 5260 3610 5312 δτι
3647 5262 3741 5312 καὶ

2051 5336 2200 5402 ἅπαξ
2249 5338 2342 5390 καὶ
2371 5337 2450 5402 δὶς
2482 5337 2640 5390 τοῦτο
2685 5336 2849 5392 αὐτοῦ
2888 5340 3236 5408 ποιήσαντος,
3277 5340 3528 5412 ἐνέμενον
3557 5342 3638 5393 ἔτι
3674 5347 3739 5414 τῇ

2052 5421 2350 5491 καπηλεία,
2390 5421 2483 5474 καὶ
2523 5421 2766 5475 ἀντίθεον
2805 5423 2965 5476 αὐτὸν
2997 5418 3137 5475 εἶναι
3183 5422 3391 5492 ἔλεγον,
3441 5425 3560 5477 δέον
3613 5428 3742 5479 κάν-

2055 5503 2246 5557 τεῦθεν
2271 5503 2462 5574 μαθεῖν
2501 5505 2666 5558 αὐτοῦ
2695 5505 2792 5576 τὴν
2821 5506 2958 5578 πρὸς
2999 5507 3089 5559 τὸν
3139 5508 3358 5575 Πατέρα
3406 5507 3592 5578 τιμὴν,
3651 5511 3742 5563 καὶ

2058 5588 2154 5657 τὴν
2189 5586 2396 5640 οἰκείαν
2439 5587 2612 5657 ἰσχύν.
2654 5589 2765 5642 Καὶ
2810 5589 2919 5660 γὰρ
2963 5589 3056 5641 καὶ
3103 5589 3608 5660 ἐθαυματούργησε,
3650 5594 3742 5646 καὶ

2058 5668 2246 5738 ἐώρων
2271 5667 2397 5730 τοὺς
2417 5666 2609 5735 λόγους
2641 5670 2751 5729 τοῖς
2788 5670 3076 5739 πράγμασι
3112 5669 3557 5736 συμφωνοῦντας.
3605 5671 3743 5724 Ἀλλ’

2055 5746 2177 5798 οὐδέ
2203 5745 2373 5808 οὕτως
2399 5746 2696 5809 ἐπείθοντο,
2725 5748 2838 5799 ἀλλ’
2872 5747 3213 5816 ἠγανάκτουν
3234 5764 3248 5778 ·
3305 5749 3400 5801 καὶ
3437 5750 3610 5804 ταῦτα
3650 5751 3742 5805 τοῦ

2057 5827 2341 5897 προφήτου
2386 5826 2616 5896 βοῶντος
2652 5827 2960 5890 ἀκούοντες.
3017 5828 3111 5879 καὶ
3161 5829 3270 5881 τῶν
3320 5831 3547 5885 παιδίων
3596 5834 3744 5904 παρὰ

2059 5907 2251 5978 καιρὸν
2275 5908 2491 5977 ἡλικίας
2520 5909 3000 5979 ἀνακηρυττόντων
3031 5909 3212 5966 αὐτόν.
3245 5913 3443 5982 Διόπερ
3471 5914 3562 5965 καὶ
3585 5912 3743 5976 αὐτὸς

2059 5987 2151 6040 τὸν
2184 5987 2411 6040 Ἡσαΐαν
2440 5988 2624 6049 αὐτοῖς
2675 5988 2995 6058 ἐπιτειχίςει
3039 5992 3364 6062 κατήγορον,
3406 5990 3642 6058 λέγων’
3693 5992 3743 6043 Ὁ

2172 6081 2186 6111 ¹
2218 6079 2458 6133 Ἰουδαῖοι
2490 6093 2603 6134 om.
2629 6077 2690 6132 L.
2717 6081 2767 6133 οἱ
2819 6081 3058 6135 Ἰουδαῖοι
3089 6082 3151 6137 G.
3188 6084 3252 6136 Κ.
3359 6085 3378 6115 ³
3420 6085 3741 6153 κατήγορον,
