4034 6452
455 307 555 367 635

450 438 589 485 celat
614 468 628 492 ,
660 434 714 482 et
745 425 993 481 videbant
1021 439 1181 494 opera
1216 436 1336 476 cum
1367 420 1543 475 verbis
1571 427 1867 472 consonare
1898 429 1912 467 :
1940 409 2032 466 sed

453 535 626 591 neque
652 521 730 576 sic
757 521 1212 588 obtemperarent,
1237 517 1344 569 imo
1371 510 1802 582 indignabantur,
1826 502 2036 560 etiamsi

453 616 567 669 haec
613 614 848 669 clamare
893 612 1203 682 prophetam
1245 607 1526 668 audirent,
1571 618 1636 657 ac
1681 613 1873 670 pueros
1919 596 2036 664 plus

454 717 618 774 quam
635 710 767 756 aetas
788 702 950 754 l'erret
981 697 1342 767 praedicantes
1361 707 1506 747 eum.
1523 690 1866 759 Quapropter
1884 684 2040 738 incuo

454 802 664 850 santem
687 793 810 846 illos
826 790 1021 843 Isaiam
1047 787 1256 842 inducit
1275 786 1464 840 dicens
1479 799 1492 833 :
1507 781 1702 834 Domus
1724 794 1835 830 mea
1855 777 2040 829 domus

451 881 694 934 orationis
706 879 983 934 vocabitur.
1000 878 1180 949 Neque
1199 880 1297 932 hoc
1311 875 1680 931 tantummodo
1694 888 1842 927 suam
1859 881 2038 941 poten-

450 974 575 1027 tiam
598 972 850 1037 ostendit,
876 973 968 1028 sed
995 971 1137 1043 quod
1159 980 1306 1027 curet
1329 971 1500 1025 varias
1521 969 1854 1024 inﬁrmitates
1880 983 1893 1021 :
1915 981 2036 1020 nam

452 1064 540 1118 14.
574 1062 900 1117 Accesserant
936 1063 1005 1116 ad
1041 1079 1154 1116 cum
1193 1062 1364 1116 claudi
1389 1071 1432 1115 et
1461 1061 1601 1127 cruci,
1626 1069 1672 1113 et
1697 1058 1892 1112 curavit
1916 1071 2038 1120 eos;

447 1167 500 1210 et
520 1155 602 1209 sic
615 1156 864 1210 virtutem
887 1163 1310 1225 potestatemque
1329 1168 1480 1208 suam
1505 1161 1784 1207 monstrat.
1811 1150 1888 1205 Illi
1911 1165 2036 1204 vero

451 1262 626 1318 neque
647 1248 730 1302 sic
750 1247 1210 1316 obtemperarunt,
1233 1244 1328 1300 sed
1349 1261 1466 1300 cum
1497 1244 1750 1299 miracula
1773 1243 2033 1307 viderent,

456 1351 760 1408 piterosque
779 1338 1025 1393 audirent
1051 1341 1222 1408 ipsum
1247 1337 1620 1405 przedicantcs,
1644 1335 2038 1391 sull‘ocabantur

453 1439 509 1482 et
537 1427 787 1482 dicebant
818 1445 833 1483 :
867 1427 954 1482 16.
990 1426 1112 1482 Νοη
1139 1428 1285 1482 audis
1306 1428 1426 1498 quid
1452 1428 1535 1481 isti
1561 1427 1772 1481 dicunt?
1796 1427 1953 1496 Atqui
1984 1425 2034 1482 id

448 1517 690 1574 Christus
709 1520 836 1589 ipsis
855 1519 1032 1574 dicere
1051 1520 1302 1590 potuisset
1321 1519 1463 1580 :Non
1479 1519 1672 1574 auditis
1700 1518 1824 1590 quid
1857 1519 1938 1573 isti
1957 1519 2035 1572 di-

450 1609 616 1663 cunt?
658 1609 790 1664 Nam
820 1610 892 1664 illi
919 1613 1068 1681 quasi
1108 1611 1214 1666 Deo
1240 1612 1522 1666 canebant.
1555 1611 1692 1677 Quid
1725 1611 1882 1680 igitur
1905 1610 2035 1664 ille?

449 1703 581 1769 Quia
633 1705 792 1758 rebus
836 1705 1132 1758 manifestis
1175 1704 1643 1770 contradicebant,
1695 1708 1871 1758 acrius
1915 1705 2034 1758 illos

448 1797 618 1866 carpit
641 1797 824 1850 dicens
853 1814 866 1849 :
898 1795 1192 1866 Numquam
1223 1796 1414 1866 legistis
1442 1811 1461 1847 .’
1485 1796 1566 1850 Ea:
1585 1813 1670 1849 ore
1694 1796 1966 1865 infantium
1987 1805 2034 1848 et

449 1888 738 1940 luctantium
786 1889 1039 1958 pcrfecisti
1087 1889 1288 1942 laudent
1332 1889 1349 1956 (
1379 1887 1523 1942 Psal.
1547 1889 1598 1943 8.
1635 1889 1668 1943 5
1691 1889 1746 1957 )?
1787 1887 1851 1942 Et
1889 1899 2034 1944 recte

446 1977 580 2031 dixit
601 2019 616 2044 ,
651 1977 730 2032 Ea:
759 1996 863 2032 ore.
895 1979 1008 2034 Non
1039 1979 1182 2034 enim
1210 1980 1500 2034 secundum
1532 1992 1763 2036 mentem
1795 1983 2032 2050 ipsorum

448 2071 533 2122 illa
563 2073 722 2125 verba
753 2081 925 2139 erant,
949 2073 1042 2127 sed
1074 2074 1266 2127 virtute
1297 2074 1462 2144 ipsius
1488 2074 1768 2128 immatura
1797 2073 2031 2143 ἱρείη-ειμι

447 2161 622 2230 lingua
655 2163 1000 2233 dirigebatur.
1031 2164 1145 2218 Hoc
1175 2181 1303 2218 vero
1329 2164 1495 2234 ﬁgura
1524 2175 1639 2219 erat
1656 2166 1891 2234 gentium
1916 2166 2032 2219 bal-

445 2253 783 2319 butientiunt,
811 2273 928 2324 qu:c
949 2256 1231 2311 confusum
1256 2272 1443 2326 magna
1468 2257 1814 2311 insonuerunt
1839 2265 1893 2311 et
1921 2257 2034 2312 ani-

443 2361 533 2399 mo
571 2356 627 2401 et
672 2346 795 2412 fide,
822 2359 876 2402 et
903 2349 1168 2420 apostolis
1213 2348 1336 2402 hinc
1375 2364 1479 2402 non
1523 2364 1682 2419 parva
1713 2351 2028 2406 consolatio.

439 2437 519 2494 Ne
545 2439 686 2493 enim
711 2438 1061 2510 ambigerem,
1085 2440 1353 2510 quomodo
1380 2439 1541 2495 rudes
1570 2440 1812 2494 homines
1841 2442 2034 2510 prtedi-

437 2533 704 2586 cationem
741 2534 1060 2587 antumtiare
1089 2543 1371 2604 poterunt,
1403 2544 1839 2604 praeoccupantes
1882 2535 2030 2604 pueri

440 2624 584 2678 iilam
615 2626 776 2678 animi
807 2627 1106 2694 angustiam
1144 2625 1436 2695 ejecerunt,
1469 2634 1524 2680 et
1561 2641 1710 2695 spem
1755 2627 2028 2694 fecerunt,

442 2715 744 2769 facultatem
773 2715 980 2770 dicendi
1009 2715 1255 2770 daturum
1287 2717 1388 2770 sibi
1416 2730 1536 2771 esse
1563 2731 1686 2771 eum
1717 2717 1804 2786 qui
1837 2733 2030 2786 pueros

438 2805 698 2877 hymnum
746 2817 964 2862 cantare
1013 2806 1229 2872 docuit;
1280 2823 1456 2878 neque
1505 2807 1606 2862 hoc
1648 2817 1890 2872 tantum,
1933 2809 2030 2864 sed

433 2902 596 2952 etiam
641 2914 758 2955 esse
798 2901 944 2954 illum
989 2909 1192 2955 natura:
1234 2901 1588 2965 conditorem,
1624 2902 1724 2956 hoc
1771 2903 2028 2958 miraculo

436 3003 711 3046 ostensum
741 3003 840 3047 est.
868 2993 1024 3048 Pueri
1052 2993 1210 3063 igitur
1235 2993 1334 3047 etsi
1367 2995 1664 3048 immatura:
1694 2997 1884 3061 aetatis,
1911 2997 2027 3050 l'au-

435 3097 516 3140 sta
549 3096 602 3140 et
627 3088 874 3154 supernis
901 3101 1135 3140 consona
1178 3087 1528 3157 loquebantur
1560 3106 1573 3140 :
1607 3088 1708 3142 viri
1737 3099 1913 3144 autem
1946 3091 2026 3144 in-

435 3177 584 3231 sania
629 3187 684 3231 et
723 3179 904 3233 furore
953 3179 1131 3248 plena.
1177 3178 1320 3233 Talis
1359 3194 1449 3233 res
1487 3189 1567 3233 est
1599 3181 1856 3249 nequitia.
1889 3180 2021 3248 Quia

435 3271 596 3339 igitur
625 3271 788 3324 multa
814 3280 969 3326 erant
994 3286 1112 3340 quae
1143 3272 1259 3326 illos
1285 3280 1688 3325 commoverent
1707 3313 1720 3335 ,
1751 3271 1919 3326 turbce
1947 3273 2024 3326 vi-

431 3365 644 3426 delicet,
669 3364 860 3432 ejectio
885 3363 1247 3427 vendentium,
1273 3362 1550 3429 miracula,
1572 3363 1720 3431 pueri
1744 3373 2018 3430 canentes,

433 3471 619 3511 rursus
655 3471 748 3511 eos
787 3457 1054 3526 relinquit,
1105 3467 1163 3511 ut
1204 3458 1416 3512 illorum
1465 3458 1617 3511 sedet
1665 3466 1926 3513 tumorem
1969 3467 2024 3512 ct

432 3548 590 3612 iram,
619 3547 894 3619 noluitque
913 3549 1128 3616 docere,
1150 3565 1216 3605 ne
1245 3550 1441 3604 invidia
1468 3549 1737 3606 ferventes
1765 3551 1903 3606 dicta
1925 3565 2021 3607 sua

430 3655 574 3710 mgre
601 3639 820 3696 ferrent.

507 3732 736 3786 Historia
758 3735 885 3803 ficus
911 3751 944 3787 ιι
969 3734 1166 3790 Christo
1192 3735 1473 3791 maledich
1499 3746 1884 3792 commentatur.
1915 3736 2022 3794 Cur

429 3822 662 3878 Christus
690 3825 812 3893 [icui
838 3826 1118 3880 maledixit.
1141 3858 1212 3867 -
1228 3828 1314 3882 18.
1343 3828 1498 3882 Mane
1516 3841 1681 3883 autem
1702 3839 1949 3884 revertens
1969 3831 2021 3884 in

430 3916 620 3981 urbem,
669 3917 864 3971 esuriit.
905 3918 1185 3984 Quomodo
1231 3934 1388 3975 mane
1428 3920 1650 3975 esuriit?
1690 3921 1918 3990 Quando
1966 3920 2018 3976 id

428 4012 576 4066 carni
606 4013 892 4075 concessit,
928 4023 1052 4068 tunc
1089 4014 1230 4068 illius
1263 4030 1454 4069 sensus
1478 4014 1800 4070 ostenditur.
1829 4015 1917 4070 19.
1953 4014 2021 4069 Et

431 4104 602 4157 videns
629 4104 782 4172 ﬁcum
812 4105 863 4158 in
892 4106 994 4172 via,
1023 4106 1154 4159 venit
1179 4107 1247 4159 ad
1275 4121 1415 4170 eam,
1452 4117 1498 4161 et
1539 4105 1670 4160 nihil
1704 4108 1890 4161 invenit
1923 4108 2020 4162 nisi

432 4197 576 4267 folia.
607 4197 760 4251 Alius
785 4199 1108 4268 evangelista
1133 4199 1323 4268 (Marc.
1357 4201 1441 4255 11.
1473 4200 1562 4272 15)
1589 4200 1753 4267 dicit,
1785 4199 2017 4255 nondum

429 4301 640 4360 tempus
669 4288 864 4356 fuisse;
892 4292 984 4346 sed
1015 4292 1060 4347 si
1089 4292 1324 4347 nondum
1350 4303 1560 4361 tempus
1584 4303 1720 4359 erat,
1749 4295 2019 4364 quomodo

427 4381 565 4436 alter
589 4384 915 4453 evangelista
940 4388 955 4415 ‘
985 4383 1093 4450 ait,
1126 4383 1304 4449 Venit,
1337 4396 1389 4439 ut
1416 4387 1461 4440 si
1485 4391 1616 4457 forte
1643 4391 1862 4457 frustum
1881 4389 2019 4440 inve-

429 4475 555 4527 niret
583 4475 636 4528 in
659 4475 760 4529 ea?
801 4473 954 4530 Unde
983 4476 1324 4531 manifestum
1356 4486 1459 4540 est,
1495 4478 1621 4532 illud
1659 4494 1724 4533 ex
1763 4479 2018 4548 Opinione

427 4565 810 4633 discipulorum
851 4565 1034 4629 fuisse,
1067 4569 1155 4637 qui
1187 4569 1364 4622 adhuc
1396 4569 1814 4637 imperfectiores
1842 4582 2014 4626 erant.

427 4655 558 4710 Nam
580 4657 860 4726 opiniones
888 4658 1272 4727 discipulorum
1294 4676 1436 4730 sape
1455 4661 1768 4717 describunt
1791 4678 2018 4733 evange-

428 4753 586 4807 listzn.
624 4750 771 4806 Sicut
808 4751 969 4821 igitur
995 4753 1120 4808 illud
1151 4755 1444 4809 secundum
1471 4755 1681 4810 illorum
1709 4758 2013 4828 opinionem

424 4852 561 4910 erat,
593 4843 672 4899 sic
695 4859 908 4915 quoque
934 4859 1055 4899 cum
1085 4845 1358 4915 putabant,
1390 4847 1559 4915 ipsum
1589 4848 1926 4903 maledixisse
1952 4850 2013 4902 fi-

424 4938 531 5000 cui,
565 4938 708 5008 quod
743 4939 970 4995 fructum
1000 4955 1103 4993 non
1135 4938 1374 4995 haberet.
1419 4941 1526 4995 Cur
1567 4958 1695 5013 ergo
1737 4943 2012 4998 maledicta

425 5027 560 5081 fuit?
609 5029 836 5101 Propter
873 5031 1185 5100 discipulos,
1218 5041 1275 5085 ut
1315 5048 1509 5102 nempe
1549 5035 1620 5088 illi
1660 5035 2012 5090 confiderent.

423 5120 558 5185 Quia
582 5125 725 5176 enim
749 5121 942 5193 ubique
963 5121 1218 5177 beneﬁcia
1244 5124 1548 5192 prtestabat,
1578 5126 1890 5196 nullumque
1918 5143 2013 5196 pu-

424 5211 608 5266 niebat
650 5230 664 5268 :
705 5222 760 5268 et
801 5223 977 5269 tamen
1019 5216 1302 5285 oportebat
1340 5215 1543 5270 ultricis
1584 5233 1694 5271 smn
1739 5223 2014 5288 potestatis

423 5303 727 5372 exemplum
752 5304 1008 5372 praebere,
1030 5317 1085 5358 nt
1107 5305 1445 5362 discerentet
1466 5307 1710 5377 discipuli
1741 5317 1798 5364 et
1822 5310 2012 5378 Judaei,

424 5394 594 5462 ipsum
615 5410 734 5449 eum
759 5408 940 5465 posset
959 5413 1052 5452 eos
1073 5399 1160 5468 qui
1184 5415 1241 5452 se
1258 5397 1636 5455 cruciﬁxerunt
1651 5406 2010 5472 exstinguere,

423 5487 653 5542 libenter
680 5498 854 5544 tamen
889 5491 938 5544 id
963 5492 1310 5556 concessisse,
1338 5508 1510 5562 neque
1539 5494 1880 5551 exstinxisse.
1909 5496 2016 5552 No-

424 5580 520 5634 luit
559 5595 720 5650 porro
765 5581 816 5636 id
862 5583 915 5636 in
962 5583 1264 5639 hominibus
1296 5584 1491 5644 factum
1521 5586 1804 5656 exhibere,
1833 5587 1928 5644 sed
1960 5590 2011 5642 in

487 5720 503 5751 ί
531 5719 693 5790 Alius,
715 5721 952 5790 quomodo
987 5720 1119 5790 idth
1157 5721 1488 5790 evangelista;
1511 5731 1651 5779 recte
1665 5741 1682 5783 ,ε
1706 5728 1854 5782 verba
1881 5741 2009 5785 enim

420 5789 534 5831 sunt
560 5784 715 5845 marci,
741 5797 846 5846 cap.
868 5784 943 5836 11.
972 5798 1018 5835 v.
1049 5785 1123 5835 15.

1379 304 1444 360 IN
1485 295 1891 358 MAT’I‘lleUbl
1936 293 2164 350 llOMlL
2209 291 2414 349 LXVll.
2458 294 2529 351 al.
2577 294 2802 349 LXVIII.

3631 300 3732 354 1ῖῖἳὸ

2148 410 2341 464 arbore
2380 410 2584 464 ultricis
2613 427 2725 463 sum
2758 413 3036 480 potestatis
3065 415 3366 482 c.\'"lttplllttt
3396 416 3558 470 dedit.
3599 419 3731 472 Cum

2145 511 2322 558 autem
2352 503 2401 556 in
2431 503 2545 557 loca
2573 545 2584 566 ,
2617 504 2700 557 vel
2728 505 2779 558 in
2807 505 3045 568 arbores,
3071 506 3152 560 Vcl
3187 506 3236 560 in
3264 507 3418 562 bruta
3445 509 3732 564 animantia

2144 596 2252 650 tale
2295 595 2563 665 quidpiam
2608 597 2932 664 immittitur,
2968 615 3034 652 ne
3077 599 3287 655 curiose
3331 599 3587 670 inquiras,
3632 617 3730 657 nec

2145 689 2292 743 dicas
2322 706 2334 741 :
2367 689 2644 757 Quomodo
2674 690 2818 758 juste
2846 691 3110 746 exsiccata
3141 692 3269 746 ﬁcus
3295 703 3379 747 est
3399 734 3414 755 .
3444 694 3487 748 si
3523 702 3733 764 tempus

2145 783 2411 838 fructuum
2431 799 2535 836 non
2559 793 2666 836 erat
2686 783 2710 835 ἲ
2731 784 2814 837 illa
2837 785 2978 838 enim
3002 786 3226 854 qua‘stio
3243 785 3593 854 nugacissima
3613 796 3692 838 est
3715 806 3727 841 :

2145 874 2238 929 sed
2267 875 2580 928 miraculum
2601 875 2824 944 respice,
2849 876 3064 941 mirare,
3083 886 3136 930 et
3159 877 3532 931 miraculorum
3558 887 3731 946 patra-

2146 966 2247 1020 tori
2283 966 2504 1035 gloriam
2550 965 2711 1021 refer.
2758 966 2889 1020 Nam
2930 976 2985 1022 et
3019 967 3086 1022 de
3125 968 3414 1023 submersis
3447 968 3622 1037 porcis
3654 968 3734 1021 id-

2144 1059 2318 1128 ipsum
2347 1058 2495 1112 multi
2519 1057 2767 1113 dixerunt
2785 1098 2801 1125 ,
2829 1058 3054 1128 justitite
3079 1059 3336 1114 rationem
3364 1059 3729 1130 inquirentes;

2144 1151 2235 1205 sed
2260 1151 2366 1205 illis
2381 1166 2485 1205 non
2503 1149 2780 1205 attendere
2796 1160 3005 1220 oportet
3026 1169 3039 1205 :
3059 1166 3179 1204 nam
3204 1150 3317 1204 lucc
3348 1150 3730 1205 irrationabilia

2144 1251 2298 1297 erant
2316 1285 2332 1309 ,
2365 1251 2423 1297 ut
2449 1243 2611 1297 arbor
2637 1242 2814 1296 anima
2842 1242 3077 1297 carebat.
3109 1242 3217 1297 Cur
3243 1257 3370 1312 ergo
3397 1241 3496 1298 hac
3522 1243 3733 1297 ratione

2144 1350 2230 1388 res
2263 1343 2380 1388 acta
2407 1345 2526 1396 est,
2562 1344 2616 1390 et
2650 1351 2747 1390 cur
2775 1335 2890 1390 haec
2917 1346 3000 1390 est
3025 1335 3409 1390 maledictiouis
3438 1336 3635 1391 causa?
3667 1337 3732 1390 lit

2138 1424 2248 1494 jam
2290 1425 2420 1492 dixi,
2451 1425 2553 1480 hoc
2595 1427 2659 1481 ad
2707 1427 3085 1498 discipulorum
3131 1429 3433 1498 opinionem
3478 1431 3726 1498 pertinet.

2141 1520 2292 1586 Quod
2320 1520 2362 1573 si
2394 1519 2626 1574 nondum
2663 1533 2869 1590 tempus
2895 1530 3042 1586 erat,
3072 1530 3273 1576 temere
3301 1522 3514 1590 quidam
3543 1522 3629 1577 hic
3659 1523 3731 1576 le—

2141 1629 2262 1682 gem
2294 1612 2579 1683 significari
2616 1613 2817 1667 dicunt.
2846 1613 2978 1668 Nam
3011 1613 3166 1682 hujus
3193 1613 3396 1670 fructus
3423 1614 3552 1670 lides
3578 1625 3688 1670 erat
3708 1657 3723 1678 ,

2143 1703 2372 1771 ﬁdeique
2416 1714 2624 1772 tempus
2667 1712 2793 1758 tunc
2833 1703 3160 1770 advenerat,
3193 1721 3351 1774 quem
3381 1705 3608 1760 fructum
3641 1706 3724 1762 ille

2141 1795 2334 1848 attulit.
2365 1794 2485 1848 Jam
2511 1797 2640 1848 enim
2663 1796 2890 1866 regiones
2917 1796 3046 1850 alba:
3061 1807 3181 1850 sunt
3201 1797 3268 1850 ad
3288 1814 3514 1857 messem.
3539 1799 3722 1868 inquit,

2139 1898 2212 1950 et,
2238 1887 2287 1940 Μ
2296 1887 2356 1940 isi
2376 1903 2461 1938 vos
2480 1897 2659 1939 metere
2674 1903 2785 1956 qua’
2798 1904 2899 1940 non
2915 1887 3182 1942 laborastis
3213 1888 3392 1961 (Joan.
3421 1891 3472 1944 4.
3498 1891 3586 1946 55.
3615 1889 3715 1961 58).

2209 1977 2264 2031 2.
2297 1976 2434 2032 Nihil
2465 1993 2592 2047 ergo
2623 1977 2925 2047 bujusmodi
2955 1978 3043 2033 hic
3071 1979 3468 2045 subindicatur,
3511 1982 3604 2036 sed
3627 2024 3640 2047 ,
3677 1995 3732 2037 ut

2139 2066 2270 2135 dixi,
2305 2067 2894 2138 potestatenrultricem
2922 2068 3120 2123 indicat
3144 2113 3157 2134 ,
3186 2079 3242 2125 et
3271 2071 3370 2124 hoc
3391 2071 3625 2126 ostendit
3650 2073 3729 2126 di-

2138 2176 2268 2216 cens
2288 2203 2302 2224 ,
2339 2159 2584 2214 Nondum
2619 2161 2752 2215 enim
2789 2170 2896 2214 erat
2935 2173 3154 2232 tempus,
3184 2161 3492 2232 significans
3519 2179 3578 2218 se
3609 2164 3728 2219 ideo

2140 2253 2408 2322 praecipue
2443 2253 2674 2317 venisse,
2703 2268 2810 2306 non
2847 2251 2988 2323 quod
3017 2254 3267 2319 esurirct,
3291 2255 3384 2309 sed
3413 2264 3628 2327 propter
3646 2257 3728 2310 di~

2137 2343 2390 2413 scipnlos,
2413 2344 2500 2414 qui
2527 2343 2814 2399 admodum
2836 2344 3011 2398 mirati
3039 2356 3183 2409 sunt,
3202 2347 3301 2401 etsi
3330 2347 3497 2402 multa
3524 2347 3728 2418 majora

2137 2439 2288 2507 signa
2319 2437 2431 2508 jam
2463 2437 2595 2492 facta
2625 2437 2862 2503 fuerant;
2894 2437 2988 2492 sed
3012 2479 3029 2504 ,
3057 2447 3114 2492 ut
3139 2438 3289 2501 dixi,
3324 2442 3423 2494 hoc
3453 2440 3726 2495 insolitum

2136 2541 2275 2596 erat,
2307 2547 2447 2585 nunc
2472 2532 2612 2586 enim
2646 2532 2819 2601 primo
2851 2543 3167 2602 potestatem
3199 2533 3440 2588 ultricem
3469 2535 3724 2589 ostendit.

2139 2623 2340 2677 Idcirco
2367 2639 2472 2677 non
2501 2624 2550 2676 in
2582 2624 2683 2677 alia
2713 2624 2906 2677 arbore
2929 2664 2946 2689 ,
2976 2624 3068 2679 sed
3103 2625 3154 2677 in
3185 2626 3422 2678 omnium
3466 2625 3726 2680 humidis-

2137 2716 2270 2769 sima
2311 2715 2521 2785 signum
2565 2715 2730 2780 fecit,
2764 2715 2831 2768 ita
2861 2724 2918 2769 ut
2947 2715 3070 2769 inde
3097 2715 3270 2784 majus
3299 2716 3568 2772 videretur
3604 2734 3726 2773 esse

2136 2808 2470 2862 miraculum.
2520 2807 2589 2860 Et
2633 2816 2687 2860 ut
2725 2807 2922 2875 discas,
2960 2807 3062 2863 hoc
3105 2819 3321 2879 propter
3365 2809 3486 2865 illos
3529 2810 3724 2866 factum

2133 2914 2273 2962 esse,
2302 2909 2359 2953 ut
2382 2899 2484 2953 illis
2517 2899 2762 2954 fiduciam
2795 2899 3024 2964 inderet,
3047 2899 3170 2955 audi
3201 2916 3263 2955 ea
3290 2917 3410 2971 quae
3437 2913 3619 2972 postea
3647 2904 3725 2956 di.

2133 2991 2223 3046 cit.
2269 2992 2404 3059 Quid
2435 2993 2591 3062 igitur
2619 2992 2783 3046 dicit?
2828 2992 2898 3046 Et
2923 3007 3018 3047 vos
3048 2993 3249 3061 majora
3283 2995 3504 3057 facietis,
3529 2996 3575 3049 si
3603 3012 3722 3050 ero-

2129 3084 2259 3138 dere
2286 3085 2581 3148 volueritis,
2607 3095 2660 3140 et
2682 3086 2731 3139 in
2756 3085 2998 3140 oratione
3024 3086 3312 3141 conlidere.
3343 3087 3528 3142 Viden’
3555 3097 3720 3142 totum

2130 3185 2346 3245 propter
2388 3177 2506 3231 illos
2546 3177 2740 3232 factum
2768 3192 2920 3243 esse,
2962 3193 3030 3232 ne
3071 3178 3289 3234 insidias
3331 3180 3722 3236 formidarent?

2130 3270 2252 3323 Ideo
2284 3269 2412 3324 illud
2439 3271 2627 3325 iterum
2667 3272 2880 3341 repetit,
2913 3281 2965 3325 ut
2993 3272 3242 3341 precibus
3269 3282 3322 3327 et
3347 3273 3466 3329 ﬁdei
3498 3273 3722 3328 ﬁrmiter

2128 3361 2333 3416 hmrere
2354 3362 2594 3416 suadeat.
2619 3361 2736 3417 Non
2761 3363 2903 3419 enim
2927 3363 3028 3418 hoc
3052 3373 3255 3418 tantum
3278 3364 3503 3430 facietis,
3527 3367 3718 3434 inquit,

2126 3453 2219 3508 sed
2249 3455 2412 3508 etiam
2443 3465 2654 3511 montes
2681 3455 3029 3520 transferetis,
3058 3467 3112 3512 et
3141 3457 3365 3526 plurima
3395 3459 3494 3513 alia
3525 3474 3718 3530 opera-

2126 3545 2310 3600 bimini
2336 3588 2352 3611 ,
2381 3547 2424 3601 si
2457 3547 2577 3601 fidei
2609 3557 2664 3602 ct
2691 3549 2916 3602 orationi
2945 3564 3064 3602 cum
3095 3549 3284 3606 fiducia
3318 3551 3585 3606 Iucreatis.
3616 3552 3718 3607 Ve-

2125 3653 2244 3692 rum
2272 3638 2441 3693 .ludzci
2468 3648 2777 3710 arrogantes
2799 3648 2854 3694 et
2874 3640 3061 3707 inﬂati,
3088 3651 3144 3694 ut
3169 3640 3469 3696 doctrinam
3496 3643 3611 3713 ejus
3634 3643 3718 3698 in-

2127 3732 2476 3802 terpellarent
2500 3774 2515 3798 ,
2560 3732 2880 3788 accedentes
2919 3733 3328 3789 sciscitabantur
3361 3753 3374 3789 :
3402 3735 3492 3790 ‘25.
3525 3734 3592 3789 In
3621 3752 3718 3807 qua

2127 3834 2370 3894 potestate
2393 3823 2502 3878 lucc
2540 3824 2710 3892 facis?
2751 3823 2884 3893 Quia
2925 3825 3066 3880 enim
3114 3826 3388 3882 miraculis
3431 3826 3717 3882 detrahere

2127 3933 2232 3971 non
2256 3923 2502 3986 poterant
2527 3917 2834 3971 venditores
2856 3932 2919 3971 ex
2949 3917 3147 3988 templo
3175 3918 3358 3988 pulsos
3389 3927 3443 3973 et
3463 3920 3719 3974 emenda-

2126 4018 2210 4062 tos
2237 4009 2308 4062 illi
2336 4009 2612 4077 objiciunt.
2645 4009 2842 4063 Eadem
2869 4009 3076 4065 ratione
3101 4011 3241 4081 apud
3263 4010 3524 4068 Joannem
3553 4013 3718 4070 inter-

2127 4111 2334 4171 rogant,
2357 4102 2480 4155 licet
2507 4117 2609 4155 non
2637 4101 2822 4156 iisdem
2852 4101 3048 4169 verbis,
3074 4117 3257 4157 verum
3280 4104 3469 4161 eadem
3500 4115 3718 4161 senten-

2127 4199 2226 4260 tia;
2275 4211 2394 4248 nam
2437 4197 2621 4249 dicunt
2654 4214 2666 4248 :
2701 4195 2849 4260 Quod
2887 4198 3088 4267 signum
3136 4199 3358 4253 ostendis
3402 4203 3565 4266 nobis,
3599 4205 3718 4271 quia

2124 4290 2232 4344 lucc
2255 4292 2380 4360 facis
2403 4289 2593 4360 (Joan.
2622 4291 2674 4344 9..
2710 4292 2795 4344 18.
2831 4289 2976 4360 i9)?
3007 4290 3109 4346 Sed
3144 4292 3212 4345 ibi
3245 4293 3533 4361 respondet
3566 4296 3666 4348 illis
3701 4315 3712 4348 :

2125 4381 2321 4435 Solvite
2349 4381 2588 4445 templum
2613 4384 2729 4448 hoc,
2758 4391 2802 4434 et
2832 4383 2883 4435 in
2911 4383 3068 4439 tribus
3099 4382 3274 4439 diebus
3299 4385 3524 4438 excitabo
3554 4386 3714 4447 illud;

2126 4474 2211 4526 hie.
2238 4485 2414 4528 autem
2446 4475 2496 4527 in
2524 4473 2911 4529 dubitationem
2941 4475 3060 4528 illos
3089 4475 3328 4544 conjicit.
3362 4476 3512 4531 Unde
3544 4481 3714 4531 niani-

2125 4564 2315 4620 festum
2359 4576 2474 4629 est,
2520 4565 2646 4619 illud
2688 4565 2899 4634 quidem
2943 4567 2992 4619 in
3035 4567 3298 4638 principio
3337 4568 3530 4623 factum
3570 4583 3727 4628 CSSI',

2121 4659 2337 4713 euando
2393 4658 2647 4712 miracula
2696 4661 2858 4713 edere
2909 4660 3236 4728 incipiebat,
3289 4661 3391 4716 hoc
3433 4671 3611 4715 autem
3657 4663 3708 4714 iu

2125 4754 2228 4807 fine
2254 4749 2352 4823 (a).
2386 4750 2536 4818 Quod
2565 4759 2742 4806 autem
2771 4751 2977 4816 dicunt,
3009 4751 3314 4819 bujusmodi
3343 4763 3427 4807 est
3456 4771 3468 4806 :
3501 4754 3580 4808 An
3610 4753 3712 4806 do.

2121 4849 2311 4902 ctrina:
2349 4848 2530 4901 sedem
2571 4847 2840 4914 occupas?
2885 4862 3009 4898 nom
3041 4847 3292 4901 sacerdos
3322 4848 3599 4902 ordinatus
3631 4867 3710 4913 es,

2123 4942 2243 5009 quia
2278 4949 2476 4993 tantam
2506 4947 2820 5009 potestatein
2853 4938 3176 4993 exhibuisti?
3207 4939 3368 5009 Atqui
3400 4939 3528 4994 nihil
3557 4958 3712 4995 arro-

2121 5044 2309 5102 ganter
2334 5034 2461 5102 egit,
2489 5032 2583 5087 sed
2623 5031 2800 5100 templi
2845 5032 3032 5085 honori
3077 5047 3139 5086 ac
3177 5032 3360 5088 decori
3389 5035 3661 5104 prospexit
3699 5053 3713 5090 :

2121 5135 2354 5178 attamen
2383 5139 2502 5177 cutn
2535 5123 2664 5177 nihil
2706 5120 2847 5176 aliud
2888 5123 3067 5178 dicere
3109 5133 3348 5193 possent,
3394 5124 3532 5180 hanc
3559 5141 3713 5180 accu-

2121 5218 2273 5273 sandi
2318 5233 2500 5271 ansam
2546 5218 2828 5287 arripiunt.
2861 5220 2937 5273 Ac
2967 5233 3088 5273 cum
3121 5221 3416 5274 vendentes
3453 5222 3674 5288 ejiceret
3699 5262 3711 5282 ,

2121 5311 2252 5365 nillil
2297 5311 2412 5364 ausi
2458 5321 2580 5363 stitit
2622 5310 2822 5376 dicere,
2852 5312 2972 5381 quia
3016 5312 3106 5365 ille
3145 5312 3400 5366 miracula
3431 5312 3710 5366 ediderat:

2124 5413 2303 5473 postea
2333 5403 2418 5456 ubi
2451 5403 2699 5457 viderunt
2725 5420 2843 5458 cum
2867 5447 2880 5469 ,
2913 5407 3194 5473 increpare
3220 5412 3516 5471 coeperunt.
3574 5403 3710 5470 Quid

2121 5511 2248 5565 ergo
2280 5495 2400 5549 ille?
2441 5495 2554 5548 Non
2592 5495 2656 5549 ad
2703 5497 2985 5566 qua-situm
3026 5495 3228 5550 directe
3276 5493 3584 5565 respondet,
3614 5511 3706 5549 net

2119 5588 2373 5656 ostendit,
2420 5603 2576 5656 posse
2626 5589 2764 5653 illos,
2794 5589 2835 5642 si
2869 5588 3063 5642 Vellent
3101 5601 3250 5640 suam
3285 5595 3602 5656 potestatem
3638 5587 3701 5643 vi-

2182 5721 2385 5834 (afttllis
2424 5726 2638 5774 innititur
2686 5723 2927 5773 Christum
2980 5726 3053 5769 tzts
3099 5721 3375 5775 vendentes
3424 5726 3633 5785 eiecisse
3665 5738 3691 5782 ξι

2182 5801 2319 5834 uilio.

2120 5797 2319 5850 Lampia.
