4034 6400
1766 138 1773 143 ’
1799 144 1827 163 ’δ

320 399 458 470 cepit
488 398 550 452 ':
595 390 806 466 plurimi
848 403 975 448 vero
1008 402 1129 445 eam
1175 386 1432 443 maleﬁcis
1458 385 1535 441 uti
1576 384 1782 440 artibus
1825 382 1909 438 di-

320 492 529 555 cebaut,
560 503 663 544 nec
684 486 941 557 corporis
970 481 1141 539 forma
1174 488 1402 546 tantum,
1425 480 1520 536 sed
1545 494 1613 536 ex
1636 478 1911 535 veneﬁciis

322 583 454 639 retia
479 579 822 652 expendisse.
870 576 996 633 [hec
1037 573 1393 645 itnperat‘ricis
1434 586 1647 643 quoque
1685 569 1909 625 fratrem

323 672 567 729 irrctivit.
613 669 745 726 Nam
786 668 950 723 multa
995 667 1044 721 vi
1074 663 1373 737 tyrannidis
1401 663 1650 733 pollebat.
1683 661 1789 716 Sed
1818 676 1904 716 re-

323 774 482 837 pente
530 762 712 819 nescio
762 758 1032 832 quomodo
1056 798 1071 823 ,
1113 758 1221 812 imo
1258 755 1423 825 probe
1485 756 1599 810 scio
1636 753 1908 824 quomodo

319 862 514 926 sponte
544 861 765 918 mutata,
796 851 1024 922 gratiam
1071 848 1162 904 Dei
1213 847 1314 902 sibi
1364 845 1658 900 concilians
1683 884 1698 908 ,
1728 845 1907 898 omnia

324 950 412 1005 illa
440 947 663 1019 sprevit,
688 961 753 1001 ac
777 943 1027 1015 proiectis
1046 940 1326 996 diabolicis
1367 936 1631 993 illecebris
1659 978 1674 999 ,
1706 935 1774 990 ad
1798 950 1909 990 ca:-

319 1043 428 1098 lum
459 1041 712 1098 accurrit.
735 1038 1069 1106 Quamquam
1100 1033 1229 1089 nihil
1260 1032 1346 1087 illa
1377 1032 1584 1100 turpius
1599 1040 1712 1084 erat
1740 1070 1756 1094 ,
1784 1043 1906 1083 cum

321 1136 373 1190 in
395 1148 558 1190 scena
595 1137 973 1201 compareret:
1017 1135 1252 1181 attamen
1296 1123 1492 1178 multas
1520 1131 1702 1191 postea
1742 1121 1906 1176 casti-

320 1238 430 1282 tate
456 1224 770 1295 superavit,
821 1221 1103 1291 cilicioque
1147 1217 1330 1273 induta
1374 1231 1536 1271 omne
1582 1214 1909 1284 transigebat

320 1330 550 1389 tempus.
583 1317 752 1384 llnjus
778 1312 1092 1370 revocandae
1116 1323 1277 1365 causa
1307 1306 1593 1379 praefectus
1618 1322 1648 1360 a
1683 1306 1906 1376 quibus-

316 1411 440 1465 dam
469 1409 767 1465 concitatus
792 1414 874 1460 est
895 1443 912 1472 ,
955 1403 1154 1459 milites
1181 1400 1370 1456 armati
1401 1398 1467 1453 ad
1512 1413 1726 1452 scenam
1763 1398 1906 1452 illam

317 1502 612 1559 transferre
641 1516 746 1556 non
782 1505 1093 1571 potuerunt,
1134 1508 1307 1564 neque
1331 1508 1395 1548 ex
1424 1503 1565 1548 conn
1598 1491 1857 1559 virginum
1888 1533 1904 1557 ,

313 1611 439 1667 quze
482 1594 626 1647 illam
672 1597 986 1659 receperant
1014 1628 1030 1651 ,
1058 1586 1311 1640 educere.
1341 1583 1466 1637 llaec
1490 1584 1662 1637 sacris
1690 1582 1905 1651 dignata

317 1686 624 1760 mysteriis,
652 1700 773 1740 cum
812 1691 1032 1752 accepta
1071 1679 1240 1750 gratia
1288 1677 1507 1748 dignum
1550 1677 1757 1732 virtutis
1795 1687 1911 1731 stu-

314 1782 466 1837 dium
507 1778 857 1841 adhibuisset,
890 1775 1050 1831 vitam
1079 1772 1308 1837 clausit,
1335 1787 1457 1827 cum
1486 1781 1701 1840 peccata
1728 1771 1906 1825 omnia

318 1889 414 1943 per
439 1871 666 1942 gratiam
696 1868 918 1922 cluisset
947 1906 964 1932 ,
1019 1872 1076 1921 et
1125 1872 1244 1934 post
1296 1862 1618 1932 baptismum
1661 1876 1906 1933 magnam

315 1963 651 2019 exhibuisset
704 1958 1116 2031 philosophiam.
1176 1955 1287 2011 Nec
1345 1970 1598 2026 umquam
1640 1963 1909 2010 amatores

314 2057 448 2110 olim
494 2070 622 2110 suos
658 2051 977 2108 accedentes
1026 2049 1272 2118 aspicere
1302 2048 1490 2110 voluit,
1536 2061 1700 2117 seque
1737 2045 1906 2116 ipsam

314 2150 554 2214 inclusit,
587 2147 889 2216 multosque
917 2158 1088 2198 annos
1127 2142 1277 2213 quasi
1303 2143 1356 2195 iu
1386 2155 1604 2195 carcere
1623 2139 1905 2208 transegit.

316 2244 414 2297 Sic
439 2251 586 2297 erunt
633 2238 891 2293 novissimi
914 2237 1064 2307 primi
1097 2276 1112 2301 ,
1145 2244 1190 2289 et
1218 2234 1367 2305 primi
1397 2231 1653 2287 novissimi
1676 2231 1695 2305 (
1719 2230 1905 2284 Matth.

312 2339 410 2394 20.
444 2336 553 2407 16)
586 2353 598 2389 :
628 2335 708 2389 sic
758 2332 914 2388 nobis
941 2330 1135 2401 ubique
1162 2327 1385 2384 ferventi
1411 2327 1592 2381 animo
1630 2341 1766 2396 opus
1801 2334 1903 2380 est.

314 2430 459 2486 Nihil
487 2426 1008 2498 impeditquominus
1025 2422 1198 2493 magni
1219 2432 1271 2477 et
1289 2419 1560 2475 mirabiles
1586 2419 1894 2475 evadamus.

391 2525 446 2579 4.
487 2521 786 2591 Desperatio
865 2528 910 2573 et
989 2515 1315 2588 prtesumptio
1389 2512 1910 2569 vitanda—Nemo

312 2616 481 2686 igitur
510 2614 563 2668 in
607 2611 841 2683 nequitia
883 2609 1083 2680 degens
1125 2607 1409 2676 desperet:
1445 2620 1604 2660 nemo
1649 2605 1903 2659 virtutem

312 2720 583 2762 exercens
608 2703 881 2766 dormi:et,
917 2716 1091 2772 neque
1126 2694 1221 2751 ille
1237 2698 1471 2754 confidat
1497 2700 1541 2751 '.
1578 2697 1734 2767 Smpe
1758 2712 1910 2753 natn-

313 2814 422 2870 que
449 2797 660 2851 cvcniet
699 2806 756 2850 ut
799 2793 1050 2848 meretrix
1094 2792 1250 2846 illum
1295 2799 1614 2847 antevertat.
1649 2790 1746 2845 lllc
1785 2806 1913 2844 ver-

317 2911 385 2947 ne
412 2891 705 2961 desperet;
741 2887 935 2959 poterit
961 2886 1102 2940 enim
1132 2885 1292 2940 etiam
1333 2884 1534 2954 primos
1587 2882 1910 2951 pneccdere.

315 2985 458 3042 Audi
510 2982 636 3054 quid
680 2981 823 3035 dicat
878 2979 1015 3034 Deus
1044 2977 1414 3048 Jerosolymae.
1474 2975 1594 3030 Dixi
1646 2986 1913 3047 postquam

317 3080 578 3151 fornicata
607 3084 680 3131 est
723 3076 777 3128 in
805 3074 884 3127 his
923 3072 1153 3127 omnibus
1176 3111 1190 3135 ,
1230 3068 1545 3136 Convertere,
1578 3080 1624 3122 et
1674 3085 1915 3123 conrersa

316 3188 421 3228 non
453 3178 525 3224 est
554 3166 687 3240 (Jer.
720 3167 774 3223 5.
804 3166 897 3236 7).
926 3164 1064 3219 Cum
1104 3162 1264 3233 igitur
1301 3160 1596 3216 ferventem
1634 3160 1729 3214 Dei
1759 3175 1881 3214 amo

319 3279 435 3318 rem
464 3262 692 3321 adimus,
726 3273 834 3313 non
887 3256 1204 3313 recordatur
1230 3254 1319 3308 ille
1348 3253 1608 3323 priurum.
1659 3252 1774 3308 Non
1832 3262 1916 3307 est

318 3355 457 3408 sicut
488 3352 650 3406 homo
692 3351 834 3406 Deus
861 3366 874 3415 ;
909 3364 1081 3418 neque
1111 3347 1252 3401 enim
1278 3350 1550 3417 prmterita
1582 3345 1779 3414 probro
1801 3344 1912 3410 dat,

319 3462 500 3515 neque
524 3444 655 3499 dicit
684 3461 698 3499 :
729 3444 906 3513 Quare
929 3451 1076 3496 tanto
1103 3450 1342 3510 tempore
1387 3438 1638 3493 abfuisti?
1670 3439 1715 3492 si
1737 3448 1914 3493 tamen

321 3538 697 3609 pteuilentiam
741 3537 1050 3608 egerimus;
1099 3533 1194 3589 sed
1236 3532 1408 3602 diligit
1437 3546 1555 3598 nos,
1586 3547 1706 3585 eum
1745 3532 1916 3602 ipsmn

319 3630 537 3685 adimus
569 3669 584 3692 ,
632 3626 761 3682 dum
795 3635 852 3680 ut
905 3633 1119 3696 oportet
1147 3623 1484 3679 accedamus.
1520 3624 1622 3693 Ipsi
1648 3639 1777 3692 ergo
1820 3623 1917 3679 ad-

320 3722 543 3777 modum
575 3720 878 3775 hmreatnus
904 3760 920 3786 ,
947 3727 1002 3772 et
1025 3717 1355 3788 conligamus
1386 3716 1578 3770 timore
1616 3717 1734 3785 ejus
1757 3715 1919 3771 corda

323 3810 771 3882 nostra'(Psal.
804 3809 926 3865 118.
977 3808 1143 3874 120).
1197 3808 1304 3862 Res
1352 3807 1661 3878 hujusmodi
1715 3824 1820 3862 non
1868 3809 1920 3862 in

328 3918 468 3959 nova
527 3904 702 3958 solum
752 3903 906 3973 lege,
956 3900 1050 3956 scd
1103 3909 1156 3956 et
1210 3900 1262 3955 in
1320 3900 1486 3955 veteri
1545 3899 1920 3956 observantur.

331 3999 469 4071 Quid
496 3999 639 4055 enim
684 3998 926 4053 Manasse
951 3996 1187 4052 deterius
1212 3996 1237 4050 ‘l
1265 3995 1370 4052 Sed
1404 3995 1577 4067 potuit
1617 3995 1780 4050 Deum
1810 3995 1922 4066 pla-

326 4107 458 4149 care
488 4091 574 4166 (Α.
600 4091 723 4163 Reg.
749 4090 889 4160 2|)?
918 4089 1054 4160 Quid
1078 4088 1362 4144 Salomone
1389 4088 1637 4142 beatius?
1666 4086 1773 4142 Sed
1800 4086 1928 4141 dor-

329 4187 531 4243 mitaus
578 4184 773 4239 cecidit
799 4182 888 4256 (3.
925 4181 1050 4254 Reg.
1079 4182 1167 4238 ll.
1201 4178 1290 4255 4).
1326 4180 1437 4234 Imo
1468 4180 1586 4236 hzrc
1613 4179 1771 4234 ambo
1799 4194 1924 4249 pos-

328 4296 453 4334 sntn
484 4279 536 4334 in
569 4293 678 4332 uno
720 4275 1007 4332 ostendere
1032 4318 1046 4341 ,
1084 4276 1135 4330 iu
1165 4277 1283 4343 ejus
1317 4275 1520 4330 scilicet
1567 4283 1754 4346 patre:
1804 4289 1924 4328 nam

331 4372 425 4426 ille
448 4379 503 4425 et
531 4368 730 4438 probus
765 4377 821 4423 et
859 4367 1133 4436 improbus
1162 4363 1281 4420 fuit.
1318 4364 1456 4434 Quid
1486 4366 1622 4421 .luda
1659 4366 1875 4422 beatius
1901 4368 1925 4421 ἲ

330 4463 444 4521 Sed
472 4462 575 4517 fuit
616 4461 877 4533 proditor.
921 4460 1057 4532 Quid
1104 4460 1268 4515 Paulo
1327 4460 1624 4516 miserius?
1676 4460 1784 4517 Sed
1832 4458 1930 4515 fuit

330 4554 637 4627 apostolus.
684 4551 821 4622 Quid
867 4537 1118 4608 Mattlnco
1165 4550 1366 4623 pejus?
1401 4551 1506 4608 Sed
1553 4552 1653 4608 fuit
1703 4568 1931 4625 evange-

332 4650 483 4704 lista.
534 4644 672 4715 Quid
709 4646 928 4701 Simone
982 4644 1340 4700 laudabilius?
1384 4645 1490 4702 Sed
1544 4646 1641 4701 fuit
1693 4648 1931 4702 omnium

333 4739 696 4796 miserrimus.
757 4737 899 4804 Quot
950 4737 1153 4793 similes
1194 4739 1555 4804 mutationes,
1598 4748 1654 4793 et
1698 4741 1825 4796 olim
1879 4752 1935 4798 et

336 4849 486 4891 nunc
542 4832 782 4904 quotidie
853 4830 1022 4886 factas
1055 4873 1069 4897 ,
1118 4831 1304 4888 videre
1341 4833 1533 4902 potes?
1573 4833 1933 4901 Quamobrem

334 4928 486 4989 dico,
517 4940 620 4982 nec
647 4924 836 4979 histrio
857 4923 1129 4994 deSperet,
1161 4938 1261 4979 nec
1295 4924 1339 4978 is
1365 4924 1455 4995 qui
1490 4925 1540 4979 in
1573 4926 1798 4981 ecclesia
1853 4936 1937 4983 est

339 5019 600 5077 conﬁdat.
643 5017 780 5075 Huic
812 5033 1043 5089 namque
1087 5017 1236 5073 dicit.
1268 5018 1368 5086 Qui
1413 5020 1609 5074 videtur
1655 5031 1810 5086 stare,
1857 5023 1935 5076 ui-

342 5115 461 5171 deat
481 5130 544 5168 ne
566 5111 718 5168 cadat
748 5110 826 5187 (l.
858 5110 976 5168 Cor.
1004 5111 1092 5168 10.
1124 5109 1209 5183 12)
1236 5128 1252 5179 ;
1292 5111 1369 5168 illi
1417 5120 1595 5168 autem
1620 5153 1639 5182 ,
1671 5112 1939 5185 Numquid

404 5301 425 5333 ί
454 5296 611 5357 Alius,
632 5292 806 5349 stultos
828 5293 1050 5348 reddidit
1063 5291 1322 5360 orplumos.

405 5379 639 5495 ’,ηαὲτθιη
655 5391 797 5432 nemo
817 5376 1041 5432 virtutem
1060 5389 1294 5431 exercens
1315 5376 1546 5443 conﬁdat,
1571 5379 1768 5430 omissis
1790 5381 1941 5430 inter-

405 5459 451 5495 ﬂ
820 5494 831 5495 γ

342 5459 532 5580 putt:
571 5526 705 5579 Editl
726 5494 1260 5590 Aet-Mannscriptorum
1294 5536 1409 5588 pars
1430 5524 1689 5590 maxima;
1715 5524 1797 5576 alii
1824 5537 1938 5590 pro,

346 5593 497 5643 corda
519 5596 702 5650 nostra,
723 5588 913 5704 lem
938 5586 1110 5640 comes
1129 5586 1335 5645 nostras,
1352 5594 1410 5637 ut
1429 5586 1641 5638 habetur
1663 5587 1714 5637 in
1739 5586 1939 5649 Psalmo,

351 5666 409 5702 ex
424 5665 523 5704 uno
537 5649 777 5704 fortasse!
911 5650 942 5703 ii
963 5650 1289 5704 Chnsostomi
1304 5648 1464 5701 locum
1487 5649 1755 5700 emendare
1768 5661 1831 5702 se
1856 5663 1939 5704 ru-

338 5665 527 5766 ‘egm
537 5648 749 5704 fortasse
759 5648 942 5704 librarii
963 5650 1289 5723 Chrysostomi
1304 5648 1464 5701 locum
1487 5649 1755 5700 emendare
1768 5661 1831 5702 se
1856 5648 1941 5714 [iu-'-

1240 270 1305 328 IN
1341 264 1745 325 ΜᾹΤἸἪιΕυΜ
1787 265 2015 322 ιίυδιη..
2056 269 2263 329 LXVII.
2304 275 2377 330 al.
2416 275 2651 336 LXVIII.

3505 287 3612 345 658

2019 389 2103 456 qui
2139 389 2277 441 cadit
2316 406 2417 444 non
2457 402 2682 464 resurget
2700 393 2830 464 (.lcr.
2863 394 2917 451 8.
2946 394 3019 469 4)
3043 394 3149 465 let,
3169 396 3355 456 Munus
3376 406 3610 460 remisms

2017 490 2065 534 et
2097 498 2261 553 genua
2289 485 2475 539 debilia
2501 485 2732 542 roborato
2756 485 2925 559 (lsui.
2942 490 3031 546 35.
3061 491 3153 563 5).
3185 494 3264 548 Ac
3290 505 3476 551 rursus
3500 496 3604 565 bis,

2027 570 2268 644 Vigilate;
2291 576 2397 631 illis
2426 593 2553 633 vero
2578 619 2592 640 ,
2623 579 2791 652 Surge
2821 622 2837 646 ,
2878 581 2965 654 qui
2985 582 3180 639 dormis
3206 626 3223 652 ,
3273 596 3321 639 et
3344 604 3553 661 resurgo
3579 607 3611 644 a

2018 669 2231 722 mortuis
2251 669 2271 742 (
2292 669 2480 739 Epiros.
2513 672 2567 728 5.
2599 673 2726 744 14).
2750 673 2882 729 Nam
2912 674 2963 729 hi
3003 675 3054 730 id
3084 677 3226 747 quod
3256 678 3455 735 habent
3498 697 3615 737 ser—

2017 776 2142 817 vare
2171 762 2391 828 debent,
2423 765 2496 819 illi
2549 779 2680 821 vero
2722 766 2775 822 id
2828 768 2942 823 lteri
2995 770 3138 840 quod
3191 787 3298 827 non
3345 784 3471 829 sunt
3505 793 3519 841 ;
3555 775 3609 830 hi

2020 854 2305 907 sanitatem
2341 855 2644 922 custodire,
2670 858 2743 912 illi
2771 859 2840 913 ab
2859 858 3169 917 inﬁrmitate
3195 862 3432 919 liberari.
3478 866 3613 921 Mul-

2021 956 2130 998 tutu
2191 945 2434 1001 laborant
2462 949 2798 1019 :egritudinc,
2831 951 2926 1007 sed
2973 953 3123 1007 multi
3166 956 3291 1025 aegri
3342 957 3609 1013 valetudi-

2026 1051 2146 1089 nem
2190 1048 2509 1106 recuperarit
2533 1082 2547 1104 ,
2586 1051 2636 1095 et
2671 1040 2805 1097 bene
2848 1043 3110 1111 valentes,
3136 1046 3180 1100 si
3212 1048 3520 1120 negligant,
3556 1050 3607 1106 in

2021 1127 2266 1181 morbum
2305 1130 2565 1185 incidunt.
2607 1132 2713 1188 Illis
2747 1134 2924 1205 itaque
2966 1135 3093 1191 dicit
3123 1154 3137 1191 :
3170 1136 3305 1193 Ecce
3346 1158 3500 1197 sanus
3531 1148 3612 1215 [a-

2014 1230 2125 1275 ctus
2153 1237 2205 1275 es
2224 1238 2244 1277 :
2273 1223 2380 1277 noli
2401 1225 2622 1294 amplius
2648 1242 2873 1296 peccare,
2898 1245 2961 1282 ne
2982 1229 3069 1284 tibi
3095 1232 3219 1301 quid
3242 1233 3463 1290 deterius
3483 1254 3607 1291 con-

2015 1313 2174 1381 tingat
2196 1312 2377 1384 (Joan.
2409 1315 2461 1372 5.
2487 1317 2600 1386 i4);
2632 1318 2715 1373 his
2764 1335 2910 1385 vero,
2958 1320 3041 1377 Vis
3069 1341 3225 1379 sanus
3268 1327 3422 1394 ﬁeri!
3464 1325 3611 1384 Tolle

2014 1405 2282 1474 grabatum
2310 1417 2467 1466 tuum.
2487 1419 2535 1462 et
2565 1411 2691 1464 uade
2707 1412 2758 1465 in
2772 1412 2979 1467 domum
3010 1426 3147 1469 tuam
3175 1415 3338 1485 (Ibid.
3371 1435 3418 1472 υ.
3450 1420 3502 1474 6.
3525 1421 3607 1481 8).

2015 1498 2207 1554 Gravis
2236 1501 2400 1566 enim,
2429 1503 2608 1572 gravis
2650 1516 2798 1561 certe
2843 1508 3104 1580 paralysis
3152 1519 3237 1565 est
3287 1522 3605 1580 peccatum;

2015 1595 2124 1645 imo
2153 1608 2257 1647 non
2290 1595 2553 1665 paralysis
2573 1605 2796 1662 tantum,
2827 1599 2920 1655 sed
2942 1600 3141 1671 aliquid
3169 1602 3405 1672 gravius.
3428 1603 3609 1674 Neque

2014 1686 2160 1740 enim
2194 1685 2278 1741 hic
2309 1688 2463 1742 bonis
2507 1699 2709 1745 tantum
2754 1692 2990 1761 privatur
3021 1733 3037 1759 ,
3083 1694 3178 1750 sed
3235 1698 3291 1750 in
3343 1697 3608 1753 malorum

2013 1780 2271 1835 exercitio
2296 1790 2398 1835 est.
2432 1783 2678 1838 Attamen
2726 1785 2849 1840 licet
2879 1785 2949 1839 ita
2975 1785 3199 1842 atl‘ectus
3223 1788 3316 1854 sis,
3349 1788 3393 1843 si
3424 1789 3609 1845 voluc-

2014 1869 2089 1925 ris
2139 1872 2407 1941 paululutu
2470 1890 2763 1947 exsurgere
2796 1919 2810 1942 ,
2870 1880 3049 1933 omnia
3107 1880 3246 1935 mala
3306 1882 3605 1937 solvuntur.

2014 1964 2234 2020 Etiamsi
2278 1968 2642 2051 trigintaocto
2667 1956 3065 2029 annos'babcas
3086 2014 3102 2038 ,
3131 1974 3175 2028 si
3205 1975 3490 2061 stltita’tetn
3519 1992 3606 2033 re-

2013 2071 2272 2123 cuperare
2313 2057 2529 2111 studeas
2562 2101 2576 2125 ,
2616 2060 2746 2114 nihil
2810 2062 2984 2116 obest.
3046 2063 3217 2119 Adest
3261 2057 3423 2120 etiam
3465 2083 3608 2123 nunc

2012 2146 2257 2204 Christus
2284 2159 2339 2205 et
2383 2151 2544 2214 dicit,
2589 2149 2734 2206 Tolle
2759 2153 2941 2207 lectum
2994 2165 3176 2209 tuum:
3228 2158 3391 2212 modo
3436 2158 3606 2220 velis;

2014 2255 2194 2313 surge,
2226 2258 2292 2297 ne
2334 2242 2625 2314 desperes:
2666 2245 2935 2301 hominem
2960 2262 3065 2301 non
3088 2246 3253 2303 habes
3272 2290 3287 2311 ,
3318 2250 3412 2304 sed
3444 2252 3609 2306 habes

2017 2333 2206 2390 Deum.
2234 2334 2348 2389 Non
2393 2334 2558 2392 habes
2584 2337 2756 2391 virum
2786 2338 2876 2408 qui
2904 2346 2955 2394 te
2983 2338 3035 2393 in
3065 2339 3325 2408 piscinam
3354 2341 3552 2412 injicial
3589 2360 3606 2410 ;

2015 2425 2109 2481 sed
2142 2426 2305 2482 habes
2330 2442 2453 2481 emn
2484 2429 2572 2497 qui
2604 2443 2709 2483 non
2738 2428 2879 2485 sinat
2914 2440 2966 2485 te
2992 2446 3128 2501 opus
3160 2431 3359 2489 habere
3383 2435 3607 2504 piscina.

2015 2516 2130 2574 Non
2162 2518 2327 2573 habes
2346 2518 2434 2589 qui
2468 2529 2519 2573 te
2550 2519 2644 2577 illo
2677 2520 2957 2590 conjiciat,
2981 2522 3075 2576 Sed
3109 2522 3274 2578 habes
3303 2526 3393 2593 qui
3420 2526 3606 2595 jubeat

2018 2610 2204 2665 tollere
2235 2611 2429 2665 lectum
2460 2621 2628 2665 tuutn.
2671 2612 2786 2666 Non
2825 2614 2944 2668 licet
2971 2614 3177 2671 diceret
3207 2658 3224 2682 ,
3255 2615 3389 2670 Dum
3409 2634 3499 2688 ego
3528 2635 3613 2673 oe—

2017 2704 2124 2765 nio.
2151 2705 2284 2758 alius
2315 2715 2432 2759 ante
2472 2723 2549 2760 me
2580 2706 2836 2762 descendit
2861 2703 3022 2781 (Ibid.
3057 2724 3105 2762 υ.
3141 2711 3218 2777 7).
3250 2710 3305 2765 Si
3350 2711 3493 2766 enim
3521 2728 3614 2767 vc-

2016 2796 2082 2852 lis
2111 2797 2162 2851 in
2191 2798 2390 2852 fotttcm
2420 2799 2770 2866 descendere,
2799 2815 2958 2856 nemo
2991 2802 3263 2871 impediet.
3291 2804 3472 2860 Gratia
3504 2822 3611 2861 non

2018 2892 2374 2957 consumitur,
2425 2909 2529 2946 non
2563 2892 2888 2963 impenditur
2916 2912 2931 2949 :
2975 2893 3095 2948 fons
3124 2895 3340 2966 quidam
3368 2908 3449 2953 est
3473 2913 3617 2954 sem-

2021 3000 2115 3050 per
2137 2986 2468 3048 scaturicns,
2500 3002 2565 3040 ex
2596 2986 2932 3058 plenitudine
2960 2988 3079 3057 ejus
3113 3005 3303 3046 omm-s
3339 3005 3613 3060 sanamnr,

2018 3083 2074 3129 ct
2103 3075 2396 3131 secundum
2424 3078 2658 3131 animam
2705 3086 2760 3133 et
2804 3079 3101 3134 secundum
3130 3094 3349 3148 corpus.
3380 3082 3618 3137 Acceda-

2022 3183 2139 3221 mus
2165 3168 2325 3236 igitur
2353 3169 2512 3224 etiam
2543 3185 2704 3224 nunc.
2737 3169 2869 3224 Nam
2894 3170 3040 3225 Raab
3076 3173 3331 3229 metetrix
3355 3185 3493 3238 erat,
3519 3176 3615 3231 sed

2021 3270 2231 3315 servata
2258 3272 2374 3328 est;
2405 3262 2542 3317 latro
2585 3262 2852 3319 homicida
2896 3273 3033 3332 erat,
3082 3265 3175 3319 sed
3216 3265 3446 3335 paradisi
3481 3268 3618 3323 civis

2022 3353 2246 3409 ell‘ectus
2266 3363 2348 3409 est
2375 3371 2389 3410 :
2412 3364 2467 3410 et
2494 3354 2680 3423 ludas,
2710 3356 2799 3426 qui
2825 3371 2946 3412 cum
2968 3359 3227 3428 magistro
3253 3368 3392 3424 rrat,
3422 3360 3615 3427 periit;

2024 3444 2161 3500 latro
2189 3455 2368 3502 autem
2397 3487 2413 3509 ,
2451 3447 2503 3501 in
2534 3463 2694 3504 cruce
2725 3463 2846 3502 cum
2879 3457 3064 3513 esset,
3111 3448 3408 3520 discipulus
3448 3449 3619 3505 factus

2022 3547 2126 3592 est.
2177 3538 2302 3594 llaec
2329 3538 2423 3595 Dei
2471 3539 2734 3594 mirabilia
2759 3550 2903 3594 sunt.
2949 3539 3039 3595 Sic
3087 3541 3224 3611 magi
3263 3541 3619 3613 acceptabiles

2028 3630 2283 3698 fuerunt;
2328 3633 2408 3689 sic
2452 3632 2770 3706 publicanus
2807 3633 3135 3705 evangelista
3182 3633 3352 3689 factus
3391 3635 3623 3701 est;sie

2025 3723 2373 3791 blasphemus
2398 3723 2497 3780 fuit
2524 3725 2821 3797 apostolus.

2101 3851 2153 3905 5.
2202 3850 2419 3906 Moralis
2449 3852 2737 3907 exhortatio
2762 3853 2830 3907 ad
2869 3852 3063 3907 labores
3092 3853 3206 3907 vita:
3230 3852 3478 3922 patienter
3506 3853 3625 3908 tole-

2026 3944 2234 3999 randos.
2266 3975 2336 3986 --
2360 3944 2484 4000 Hmc
2508 3948 2792 4017 compice,
2821 3956 2876 4002 et
2905 3962 3194 4017 numquam
3221 3946 3498 4016 desperes,
3527 3947 3621 4001 sed

2028 4052 2243 4106 semper
2261 4036 2494 4101 confide,
2527 4047 2583 4094 et
2605 4040 2783 4094 excita
2811 4041 3063 4110 teipsum.
3088 4039 3242 4096 Viam
3268 4040 3443 4096 solum
3470 4040 3623 4106 inito,

2031 4145 2150 4199 qua:
2181 4130 2271 4184 illo
2292 4130 2457 4197 ducit,
2482 4139 2537 4185 et
2555 4132 2808 4187 celeriter
2837 4131 3052 4189 incede.
3078 4132 3155 4187 Nc
3171 4132 3391 4188 claudas
3409 4131 3625 4202 jauuas,

2033 4239 2100 4281 ne
2127 4225 2425 4296 ingressum
2473 4226 2740 4296 obsepias.
2770 4227 2941 4282 Breve
2961 4235 3045 4281 est
3093 4236 3329 4297 pra-scus
3378 4234 3624 4294 tempus,

2036 4333 2230 4389 parvus
2253 4320 2422 4374 labor.
2467 4319 2686 4375 Etiamsi
2727 4336 2950 4391 magnus
2974 4328 3121 4376 esset
3152 4363 3167 4387 ,
3193 4334 3264 4374 ne
3290 4321 3369 4375 sic
3411 4318 3627 4389 quidem

2036 4409 2327 4481 desperare
2383 4419 2680 4480 oporteret.
2729 4411 2949 4466 Etiamsi
2989 4412 3131 4466 enim
3163 4425 3307 4464 nunc
3333 4408 3631 4480 pulcherri-

2041 4521 2184 4559 mum
2210 4504 2468 4571 laborem,
2516 4519 2673 4574 quem
2707 4504 3018 4573 ptenilentia
3065 4511 3120 4557 et
3160 4503 3330 4557 virtus
3374 4500 3628 4567 aderunt,

2038 4612 2145 4653 non
2175 4596 2457 4665 suscipias,
2489 4596 2540 4649 in
2570 4595 2771 4649 mundo
2799 4606 2945 4649 certe
2968 4593 3236 4649 laborabis
3261 4602 3316 4649 et
3338 4593 3445 4647 alio
3470 4590 3638 4647 modo

2038 4688 2276 4755 sudabis.
2299 4687 2451 4756 Quod
2480 4687 2524 4741 si
2558 4698 2611 4741 et
2639 4686 2726 4742 hic
2770 4696 2825 4740 et
2859 4686 2970 4742 illic
3007 4685 3158 4741 labor
3204 4695 3288 4741 est
3311 4725 3328 4751 ,
3372 4699 3472 4739 cur
3522 4699 3635 4739 non

2041 4782 2187 4839 hunc
2225 4781 2465 4836 laborem
2501 4779 2825 4850 suscipimus
2856 4818 2872 4844 ,
2920 4777 3009 4849 qui
3056 4777 3282 4833 multum
3324 4775 3480 4831 all'ert
3526 4775 3637 4831 fru-

2040 4882 2184 4929 ctum
2215 4879 2271 4927 et
2307 4886 2556 4942 magnam
2604 4868 2908 4924 mercedem
2934 4868 2958 4922 ‘.'
2985 4865 3321 4938 Quamquam
3354 4882 3460 4923 non
3491 4866 3634 4923 idem

2042 4963 2131 5019 hic
2182 4962 2336 5019 labor
2373 4964 2463 5033 qui
2500 4961 2630 5017 illic.
2660 4958 2718 5015 lu
2759 4959 3106 5014 smeularibus
3148 4958 3292 5015 enim
3328 4956 3639 5029 frequentia

2043 5058 2300 5129 pericula.
2329 5055 2523 5112 damna
2571 5054 2671 5110 sibi
2713 5062 2897 5108 mutuo
2941 5050 3284 5109 suceedentia
3316 5094 3333 5121 ,
3380 5067 3506 5125 spes
3560 5054 3651 5107 iu-

2032 5162 2210 5215 ,certa,
2236 5150 2468 5206 servitus
2521 5147 2711 5215 multa,
2747 5148 3094 5218 pecuniarum
3128 5190 3144 5215 ,
3194 5162 3480 5217 corporum
3515 5186 3532 5212 ,
3586 5154 3641 5200 et

2043 5243 2238 5299 anima:
2265 5241 2564 5311 dispendia,
2593 5250 2649 5297 et
2687 5239 2954 5296 fructuum
3008 5250 3304 5311 proventus
3351 5255 3448 5309 spe
3483 5240 3644 5311 longe

2046 5338 2305 5402 minores,
2338 5336 2382 5390 si
2410 5344 2588 5390 tamen
2616 5334 2834 5390 veniant
2873 5353 2886 5390 :
2919 5350 3091 5405 neque
3117 5336 3260 5390 enim
3300 5334 3645 5388 smeularium

2046 5443 2224 5484 rerum
2253 5427 2480 5484 sudores
2526 5426 2756 5483 fructum
2805 5442 3021 5499 semper
3045 5426 3297 5483 aﬂ‘erunt.
3350 5425 3628 5483 Verumta-

2048 5538 2170 5578 men
2199 5523 2298 5578 etsi
2330 5537 2437 5578 non
2474 5522 2764 5591 excidant,
2799 5522 3008 5578 etiamsi
3040 5522 3264 5577 multum
3319 5529 3643 5590 proventum

2045 5614 2309 5685 afferant,
2362 5615 2575 5673 modico
2605 5625 2848 5685 tempore
2896 5622 3136 5671 manent.
3168 5613 3302 5671 Cum
3357 5612 3503 5670 enim
3547 5627 3635 5670 se-

2054 5709 2257 5777 nueris,
2282 5723 2383 5764 nec
2409 5708 2579 5781 possis
2604 5707 2670 5767 iis
2716 5722 2814 5780 pro
2846 5695 2979 5762 voto
3006 5703 3131 5776 frui,
3161 5713 3289 5764 tunc
3332 5706 3640 5763 mercedes!
