4034 6468
363 425 607 479 laborum
648 417 879 488 recipies
908 417 949 473 ί.
1000 413 1090 473 Sic
1117 414 1271 470 labor
1324 413 1535 483 vigente
1577 424 1805 480 corpore
1844 421 1967 462 sus.

365 519 605 589 cipitur:
657 512 864 568 fructus
911 517 1093 565 autem
1137 517 1193 565 et
1243 508 1528 577 voluptas,
1568 517 1796 575 corpore
1845 501 1958 573 jam

367 623 499 665 sene
527 616 581 663 et
606 604 783 666 soluto
812 645 828 671 ,
860 617 981 658 cum
1020 614 1238 657 sensum
1284 611 1492 670 tempus
1518 596 1813 659 exstinxit,
1858 595 1960 649 etsi

368 715 476 757 non
496 712 717 770 prorsus
739 693 1086 760 exstinxerit,
1116 692 1304 747 mortis
1330 705 1452 759 spes
1473 705 1580 744 non
1610 688 1734 743 sinit
1759 684 1964 742 deliciis

371 794 496 849 frui.
523 792 635 848 Illic
661 804 790 846 vero
816 803 904 844 res
934 803 1040 844 non
1073 787 1145 842 ita
1180 801 1240 842 se
1270 785 1464 850 habet,
1498 782 1595 840 sed
1625 783 1776 838 labor
1798 786 1886 837 est
1910 782 1963 835 in

370 884 717 954 corruptione
763 890 819 937 et
844 880 897 935 in
931 878 1143 935 mortali
1178 891 1447 948 corpore;
1489 889 1688 931 corona
1732 887 1862 928 vero
1909 871 1964 926 in

368 978 620 1046 integro,
678 974 975 1030 immortali
1024 977 1088 1037 ‘,
1145 972 1306 1028 tinctu
1367 987 1473 1024 non
1531 971 1785 1026 habente.
1840 968 1952 1026 La-

367 1070 469 1127 bor
496 1068 749 1140 praecedit
779 1078 834 1123 et
859 1067 1041 1122 brevis
1078 1076 1202 1131 est;
1242 1079 1451 1120 merces
1493 1075 1673 1118 autem
1704 1065 1954 1134 sequitur

367 1168 424 1213 et
449 1165 532 1211 est
555 1157 838 1219 immensa,
868 1161 928 1209 ut
959 1167 1084 1207 cum
1116 1151 1366 1207 libertate
1412 1149 1630 1205 demum
1682 1150 1964 1219 quiescas,

371 1248 500 1303 nihil
527 1254 849 1318 exspectans
875 1242 1247 1314 injucundutn.
1272 1242 1425 1298 Nulla
1468 1242 1613 1297 enim
1643 1240 1713 1297 ibi
1744 1241 1968 1297 mutatio

371 1340 608 1397 timenda
629 1382 646 1408 ,
674 1340 854 1394 nullus
883 1354 1062 1403 casus,
1087 1346 1145 1392 ut
1174 1337 1224 1390 in
1252 1336 1356 1391 hoc
1385 1335 1605 1389 mundo.
1634 1333 1819 1402 Qualia
1866 1348 1966 1388 au-

371 1442 476 1489 tem
508 1440 635 1488 sunt
665 1431 781 1487 huic
803 1431 964 1499 bona,
990 1445 1097 1485 non
1126 1438 1236 1483 tuta
1261 1470 1275 1494 ,
1303 1426 1397 1482 sed
1426 1427 1630 1494 brevia,
1656 1427 1816 1492 lutea,
1849 1442 1968 1496 qua:

436 1570 453 1600 ί
480 1574 676 1617 Grauis
711 1572 885 1615 textus
908 1563 1181 1614 accuratius
1204 1562 1498 1611 redderetur
1520 1558 1778 1621 bocmodo
1819 1573 1831 1609 :
1870 1567 1970 1621 Quo

372 1630 497 1679 enim
521 1636 751 1695 tempore,
771 1623 1143 1695 tibisenescenti
1156 1622 1407 1695 voluptatis
1419 1635 1587 1695 sensus
1607 1619 1853 1695 hebetatus
1873 1619 1964 1684 est,

372 1697 486 1741 tunc
508 1684 782 1739 mercedem
802 1686 1020 1750 laborum
1043 1684 1220 1750 recipis
1233 1684 1330 1750 ;_'et
1360 1686 1516 1750 juxta
1535 1684 1698 1750 Morel.
1729 1697 1742 1733 :
1772 1693 1970 1750 tempus

377 1752 507 1823 enim
528 1750 729 1823 quottot
749 1748 1014 1823 senescenti
1029 1744 1286 1823 goly'ptatis
1307 1744 1475 1798 “usus
1495 1744 1740 1797 hebetatus
1762 1751 1851 1804 est,
1878 1745 1969 1796 hoc

375 1811 1278 1946 ImrméfeTeJu‘iflggnaIﬁfrc‘orona
1314 1882 1427 1920 vero
1455 1867 1506 1920 in
1543 1866 1902 1934 ὺιεοτνιιριὶὺὶιί
1923 1875 1970 1920 ει

375 1933 674 2001 ὑηραεεὶοειὶ.

1109 302 1168 362 s.
1207 299 1484 360 JOANNIS
1521 292 2000 355 CHRYSOS'I‘OMI
2038 292 2352 351 ARCIIIEP.
2392 267 2923 349 CONS'I‘AN‘I'INOP.

3574 286 3689 342 (illi

2072 408 2159 462 vix
2189 415 2448 478 apparent
2473 417 2528 462 et
2549 414 2895 473 evanescunt,
2921 420 2984 462 ac
3008 420 3128 462 cunt
3157 405 3340 462 multis
3385 405 3686 462 laboribus

2070 500 2449 571 possidentur?
2480 499 2616 569 Qua‘.
2653 499 2793 555 bona
2821 508 2950 556 sunt
2972 500 3075 555 illis
3094 500 3316 571 atqualia
3340 543 3356 562 ,
3388 515 3523 569 qtae
3552 507 3689 553 sunt

2068 592 2384 661 immobilia,
2433 609 2554 664 qua:
2601 609 2890 665 numquam
2930 601 3221 650 senescunt
3246 634 3261 660 ,
3303 608 3437 663 qua:
3471 592 3686 647 nullius

2069 695 2194 740 sunt
2220 686 2418 741 laboris
2438 727 2453 753 ,
2483 701 2602 757 qua:
2626 687 2980 741 certaminum
3019 696 3260 756 tempore
3301 700 3554 740 coronas
3586 685 3686 739 tibi

2068 779 2344 835 alierum?
2374 780 2504 835 Nam
2527 780 2613 851 qui
2647 779 2902 849 pecunias
2934 779 3194 850 despicit,
3219 780 3329 849 jam
3375 780 3513 832 tunc
3538 793 3691 831 mer-

2069 873 2257 930 cedem
2302 874 2490 942 recipit
2523 914 2537 935 ,
2570 872 2931 927 sollicitudine
2959 886 3179 938 vacuus,
3228 871 3405 925 livore
3431 912 3450 934 ,
3522 883 3691 938 syco-

2070 966 2286 1039 phantia
2317 1006 2332 1031 ,
2362 966 2590 1030 insidiis,
2621 964 2837 1019 invidia.
2883 964 2981 1032 Qui
3008 972 3193 1020 castus
3238 971 3319 1018 est
3374 972 3437 1017 et
3487 973 3691 1016 ornate

2071 1061 2220 1128 vivit,
2247 1060 2408 1116 etiam
2442 1069 2727 1130 antequam
2753 1058 2998 1124 decedat,
3042 1064 3334 1113 uomuntur
3364 1064 3425 1111 et
3457 1057 3512 1109 in
3542 1056 3687 1110 deli-

2072 1153 2175 1209 ciis
2201 1152 2366 1224 degit,
2392 1150 2678 1217 dedecore,
2710 1150 3066 1213 irrisionibus,
3098 1150 3354 1219 periculis
3384 1190 3401 1215 ,
3454 1162 3690 1203 accusa-

2075 1246 2307 1301 tionibus
2331 1244 2556 1315 aliisque
2581 1243 2830 1298 omnibus
2856 1242 3010 1297 malis
3033 1242 3312 1297 liberatus.
3353 1241 3502 1295 Alia:
3543 1253 3690 1307 quo-

2072 1356 2176 1411 quc
2198 1337 2408 1394 virtutis
2441 1345 2622 1409 partes
2652 1336 2900 1391 similiter
2919 1335 3029 1405 jam
3064 1335 3148 1389 hic
3175 1333 3328 1389 nobis
3362 1330 3687 1387 mercedem

2072 1432 2321 1487 atterunt.
2358 1432 2425 1488 Ut
2463 1431 2623 1502 igitur
2657 1440 2713 1486 et
2749 1431 3034 1499 pra-sentin
3062 1440 3115 1484 et
3144 1430 3320 1484 futura
3371 1442 3692 1497 consequa-

2076 1543 2195 1582 mur
2222 1526 2357 1582 bona
2383 1567 2399 1593 ,
2431 1523 2694 1595 fugiamus
2737 1524 3028 1594 nequitiam
3067 1531 3123 1577 et
3165 1523 3423 1576 virtutem
3470 1519 3701 1589 ample-r

2074 1628 2302 1673 ctamur.
2335 1615 2425 1671 Sic
2447 1615 2590 1671 enim
2629 1626 2679 1670 et
2720 1613 2808 1668 hic
2835 1614 2887 1667 in
2913 1612 3121 1668 deliciis
3157 1613 3384 1673 erimus,
3418 1620 3478 1666 et
3505 1608 3690 1664 futura

2074 1725 2467 1784 consequemur
2492 1710 2632 1765 bona
2668 1726 2682 1762 :
2707 1722 2826 1778 quae
2856 1706 3060 1762 utinam
3091 1720 3283 1761 omnes
3310 1703 3691 1774 adipiscamur

2075 1806 2243 1878 gratia
2276 1815 2332 1861 et
2374 1802 2701 1874 benignitate
2727 1800 2939 1855 Domini
2969 1799 3136 1855 nostri
3163 1799 3292 1855 Iesu
3313 1797 3529 1854 Christi
3555 1839 3571 1863 ,
3601 1799 3688 1853 cui

2075 1898 2245 1969 gloria
2270 1906 2325 1953 et
2344 1895 2625 1968 imperium
2653 1896 2706 1949 in
2733 1892 2928 1949 sarcula
2951 1892 3295 1949 sa‘culorum.
3328 1892 3539 1947 Amen.

381 2049 3681 2076 .—__.___.__——__——————————_——————————————-.————

1494 2133 1845 2197 HOMILIA
1885 2135 2173 2198 LXVIII.
2218 2133 2306 2198 al.
2350 2133 2578 2196 LXIX.

374 2307 501 2362 Car.
534 2302 628 2357 2|.
658 2317 710 2354 ν.
740 2302 827 2356 55.
867 2298 1039 2354 Atiam
1081 2296 1377 2369 parabolam
1415 2298 1606 2352 audite.
1664 2296 1833 2352 Homo
1855 2296 1974 2370 qui-

446 2395 568 2449 dant
602 2402 712 2448 erat
737 2391 1127 2464 paterfamilias,
1172 2390 1265 2460 qui
1291 2388 1535 2460 plantavit
1558 2390 1774 2455 vineam,
1815 2399 1862 2443 et
1899 2406 1976 2444 se-

448 2502 563 2558 pem
590 2483 953 2556 circumposuit
979 2483 1025 2538 ei
1052 2498 1071 2537 :
1095 2492 1144 2537 et
1173 2482 1301 2550 {odit
1320 2481 1373 2535 in
1391 2498 1449 2535 ea
1475 2482 1721 2546 torcular,
1745 2491 1793 2536 et
1818 2482 1977 2550 mliﬁ-

450 2579 582 2633 cattit
609 2578 789 2633 turrim
810 2594 830 2632 :
856 2585 903 2630 et
927 2576 1110 2630 locavit
1134 2590 1247 2629 eam
1271 2574 1530 2646 agricolis,
1554 2584 1601 2629 et
1628 2591 1832 2646 peregre
1860 2591 1980 2646 pro-

455 2678 616 2744 fectus
644 2681 738 2726 est.
770 2672 861 2727 '51.
898 2669 1117 2738 Quando
1139 2679 1309 2723 autem
1334 2668 1760 2739 appropinquavit
1782 2678 1980 2738 tempus

459 2763 740 2832 fructuum,
767 2762 907 2815 misit
932 2777 1101 2816 servos
1140 2777 1261 2817 suos
1298 2761 1366 2814 ad
1391 2760 1665 2832 agricolas,
1702 2770 1757 2814 ut
1785 2762 1981 2828 accipe-

452 2866 566 2912 rent
587 2859 782 2929 fructus
800 2857 933 2927 ejus.
961 2854 1051 2911 35.
1083 2852 1152 2908 Et
1177 2854 1435 2925 agricolcc,
1478 2853 1805 2923 apprehensis
1829 2856 1983 2908 servis

455 2951 588 3021 ejus,
635 2948 796 3003 alium
837 2946 1146 3011 ceciderunt,
1193 2947 1352 3000 alium
1389 2946 1769 3017 interfecerunt,
1822 2946 1983 2999 alium

458 3050 631 3097 autent
674 3040 1044 3112 lapidaverunt.
1087 3039 1176 3095 56.
1214 3037 1442 3092 Rursum
1481 3030 1781 3093 ntisit’alios
1818 3054 1986 3093 servos

460 3148 671 3188 ωιτηονο
696 3133 888 3204 plures,
926 3139 972 3185 et
1000 3134 1222 3202 fecerunt
1252 3129 1357 3184 illis
1391 3130 1642 3186 similiter.
1676 3130 1764 3185 57.
1797 3127 1987 3184 Nonis-

464 3226 592 3281 sinte
616 3233 786 3279 autem
820 3223 957 3277 misit
978 3222 1047 3276 ad
1062 3237 1148 3276 eos
1175 3222 1341 3292 ﬁlium
1359 3238 1507 3276 suum
1528 3223 1701 3277 dicens
1724 3228 1747 3276 :‘
1774 3222 1985 3277 Revere-

461 3318 647 3372 buntur
665 3316 796 3386 forte
812 3314 978 3384 ﬁlium
999 3330 1182 3368 nicum.
1217 3315 1306 3370 '58.
1334 3313 1587 3385 Agricola
1615 3323 1788 3369 autem
1814 3313 2011 3368 viden-'

466 3419 540 3464 tes
563 3408 751 3479 ﬁlium,
779 3405 1019 3462 dixerunt
1046 3408 1102 3460 in
1126 3406 1307 3475 seipsis
1328 3420 1347 3459 :
1367 3404 1473 3459 Hic
1505 3414 1583 3460 est
1613 3406 1779 3469 heres,
1802 3405 1985 3471 venite,

462 3499 832 3568 inter/icium
855 3513 991 3564 eunt,
1030 3506 1079 3551 et
1107 3496 1454 3566 possideamus
1490 3496 1817 3551 hereditatem
1855 3496 1988 3566 ejus.

466 3589 558 3647 ‘59.
590 3588 657 3643 Et
682 3587 1061 3659 apprehensum
1103 3602 1220 3641 eum
1262 3587 1515 3657 eiecerunt
1543 3595 1684 3641 extra
1720 3587 1917 3640 vineam
1947 3594 1994 3640 et

463 3677 844 3749 interfecerunt.
880 3676 972 3733 40.
1000 3676 1129 3732 Cum
1163 3693 1284 3748 ergo
1324 3677 1512 3731 uenerit
1544 3677 1783 3732 dominus
1809 3678 1989 3742 vincte,

466 3771 589 3843 quid
613 3769 765 3842 [aciei
788 3767 1028 3841 agricolis
1054 3769 1199 3824 illis?
1218 3770 1308 3824 41.
1338 3767 1526 3823 Dicunt
1550 3769 1595 3824 ei
1621 3784 1639 3824 :
1668 3754 1838 3825 Malos
1858 3770 1995 3825 male

468 3861 662 3934 perdet,
714 3870 761 3915 et
805 3861 1003 3914 vineam
1044 3876 1187 3914 suam
1219 3859 1402 3914 locabit
1445 3861 1560 3915 aliis
1597 3861 1857 3934 agricolis,
1907 3862 1995 3932 qui

468 3955 678 4009 reddent
717 3953 763 4007 ei
802 3957 999 4024 [ructus
1049 3954 1357 4025 (corporibus
1402 3954 1530 4009 suis.
1578 3954 1669 4010 42.
1711 3953 1849 4009 Dicit
1892 3954 1996 4011 illis

469 4047 623 4104 Iesus
650 4063 670 4102 :
704 4046 1004 4119 Numquam
1051 4047 1241 4120 legistis
1285 4048 1340 4102 in
1385 4046 1705 4119 Scripturis,
1747 4047 1998 4122 Lapidem

470 4158 617 4213 quem
663 4141 1057 4209 reprobarerunt
1102 4141 1434 4212 wdiﬁcantes,
1485 4142 1569 4198 hic
1623 4147 1788 4215 [actus
1833 4154 1907 4201 est
1944 4144 2000 4198 in

475 4242 630 4299 caput
666 4231 845 4303 anguli
871 4230 1043 4304 (Psal.
1080 4225 1356 4303 “7.22)?

474 4326 529 4380 I.
573 4323 735 4379 Multa
758 4339 853 4394 per
880 4324 1020 4379 hanc
1047 4325 1355 4394 parabolam
1378 4325 1719 4382 subindicat:
1751 4327 1847 4382 Dei
1873 4342 2002 4399 pro—

403 4418 716 4485 videntiam,
749 4432 851 4489 qua
882 4430 1098 4488 semper
1128 4418 1232 4473 illis
1259 4418 1450 4486 adfuit,
1483 4421 1886 4491 sanguinarium
1911 4437 2004 4477 eo—

405 4525 523 4566 rum
539 4526 567 4564 a
591 4509 850 4581 principio
866 4510 1124 4578 animum,
1147 4510 1384 4582 nihilque
1402 4514 1821 4583 prmtcrmissum
1840 4513 2004 4570 luisse

405 4601 553 4673 quod
599 4600 666 4656 ad
709 4615 893 4656 curam
938 4616 1124 4657 eorum
1166 4603 1458 4672 gerendam
1499 4605 1814 4674 pertineret,
1858 4606 2003 4676 quod

408 4691 687 4766 prophetis
731 4690 925 4747 occisis
966 4706 1071 4746 non
1120 4708 1342 4749 aversus
1389 4693 1456 4749 ab
1501 4694 1605 4750 illis
1634 4694 1795 4751 luerit
1842 4696 2000 4765 Deus,

408 4784 503 4841 sed
541 4792 597 4841 et
638 4784 833 4840 Filium
866 4801 1020 4840 suttm
1055 4786 1299 4851 miserit;
1331 4785 1472 4857 quod
1514 4785 1649 4841 Novi
1693 4796 1749 4843 et
1790 4786 2004 4851 Veteris

409 4872 742 4935 Testamenti
774 4893 909 4934 unus
947 4888 1004 4934 et
1034 4877 1175 4934 idem
1218 4878 1288 4935 sit
1316 4879 1457 4934 Deus
1483 4896 1498 4945 ;
1528 4879 1672 4950 quod
1711 4895 1859 4936 mors
1885 4881 2002 4951 ejus

416 4986 607 5042 magna
655 4980 874 5042 operata
921 4972 1019 5040 sit;
1067 4970 1210 5043 quod
1251 4981 1518 5027 extremas
1545 4986 1733 5042 poenas
1777 4972 1906 5028 dent
1933 4974 2002 5029 ob

414 5077 631 5118 crucem
658 5072 715 5117 et
754 5062 960 5119 facinus
988 5079 1144 5119 suum
1172 5064 1449 5136 :gentium
1490 5065 1921 5135 conversionem,
1952 5074 2009 5122 et

413 5153 721 5215 Judacorum
748 5154 984 5224 lapsum.
1021 5154 1147 5211 Ideo
1183 5157 1346 5226 igitur
1372 5156 1510 5213 hanc
1544 5156 1856 5227 parabolam
1888 5168 2010 5229 post

418 5247 814 5319 praecedentem
843 5247 1041 5317 posuit,
1074 5258 1132 5303 ut
1159 5259 1215 5304 et
1239 5248 1412 5320 majus
1439 5250 1644 5306 crimen
1672 5251 2005 5317 ostenderet,

418 5339 560 5411 quod
605 5338 807 5395 nullam
837 5338 1050 5396 veniam
1095 5352 1416 5398 mereretur.
1464 5341 1582 5411 Quo
1611 5342 1772 5398 modo
1810 5352 1863 5399 et
1905 5358 2009 5414 qua

420 5431 664 5489 ratione?
691 5432 826 5500 Quia
860 5438 1058 5485 tantam
1098 5432 1239 5486 nacti
1265 5432 1357 5488 Dei
1386 5433 1799 5505 providentiam,
1830 5451 1859 5489 a
1897 5451 2006 5490 nte-

421 5523 700 5579 retricibus
725 5529 780 5578 et
808 5520 1106 5593 publicanis
1130 5522 1275 5592 victi,
1300 5523 1457 5595 longe
1483 5535 1629 5579 retro
1662 5524 1830 5581 relicti
1862 5537 2005 5580 sunt.

429 5610 703 5680 Perpende
740 5623 917 5670 autem
964 5622 1018 5668 et
1060 5611 1176 5683 ejus
1210 5628 1454 5685 magnam
1497 5614 1907 5684 providentiam,
1959 5626 2014 5672 ct

432 5700 634 5760 illorum
669 5705 1033 5765 incredibilem
1065 5704 1430 5776 supinitatcm.
1473 5705 1607 5762 Nam
1640 5722 1759 5779 qua:
1800 5711 2011 5781 agricoo

2078 2299 2251 2354 larum
2278 2307 2459 2364 erant,
2486 2298 2600 2368 ipse
2630 2296 2751 2352 fecit
2784 2315 2797 2351 :
2836 2297 3122 2353 maceriam
3153 2297 3578 2368 circumposuit,
3611 2298 3687 2352 vi-

2077 2407 2232 2447 neam
2261 2391 2540 2463 plantavit,
2581 2390 2783 2461 reliqua
2813 2389 2991 2445 omnia
3034 2390 3321 2459 praastitit;
3369 2398 3431 2445 et
3460 2406 3686 2461 parvum

2080 2483 2205 2555 quid
2239 2485 2370 2555 ipsis
2398 2484 2635 2554 reliquit,
2662 2491 2720 2537 ut
2744 2498 2833 2539 res
2860 2482 2981 2538 illas
3010 2493 3282 2549 curarent,
3316 2491 3374 2538 et
3402 2499 3530 2554 quae
3563 2482 3686 2538 data

2079 2574 2288 2629 Inerant
2311 2582 2713 2629 conservarcnt.
2737 2572 2877 2628 Nihil
2897 2572 3041 2628 enim
3064 2573 3322 2628 omissum
3351 2572 3533 2629 fuerat
3554 2589 3570 2639 ;
3594 2572 3689 2627 sed

2084 2669 2261 2721 omnia
2302 2666 2537 2737 perlecta
2583 2676 2780 2721 erant:
2818 2664 2947 2720 nihil
2987 2676 3161 2720 tamen
3206 2664 3311 2720 illis
3354 2667 3486 2722 inde
3530 2667 3686 2732 lucri,

2082 2760 2209 2815 licet
2235 2759 2363 2829 ipsis
2392 2766 2536 2814 tanta
2564 2759 2882 2814 contulisset
2902 2758 3062 2814 bona.
3085 2757 3218 2813 Nam
3248 2767 3374 2829 post
3406 2773 3691 2829 egressum

2086 2868 2150 2907 ex
2184 2851 2418 2924 Egypto
2457 2852 2629 2922 legem
2675 2850 2845 2917 dedit,
2885 2849 3072 2905 urbem
3111 2850 3376 2916 condidit,
3428 2850 3688 2920 templum

2084 2946 2403 3010 construxit,
2433 2959 2578 2999 aram
2615 2943 2805 2998 erexit.
2836 2941 2905 2996 Et
2938 2959 3144 3015 peregre
3181 2943 3443 3013 profectus
3490 2953 3608 3006 est;
3639 2941 3690 2995 id

2088 3046 2191 3101 est,
2219 3038 2374 3107 longa
2408 3051 2537 3092 usus
2576 3045 2659 3091 est
2684 3035 2960 3106 patientia,
2988 3051 3108 3091 cum
3149 3051 3256 3091 non
3300 3051 3528 3107 semper
3566 3051 3690 3106 per-

2088 3130 2336 3185 cantibus
2385 3130 2565 3186 statim
2610 3129 2871 3200 supplicia
2919 3129 3155 3184 inferat:
3195 3130 3689 3201 peregrinationem

2088 3222 2285 3293 quippe
2336 3221 2548 3292 longam
2593 3221 2931 3275 tolerantiam
2986 3230 3159 3277 vocat.
3220 3221 3286 3276 Et
3335 3222 3479 3277 misit
3525 3236 3692 3275 servos

2092 3329 2239 3379 suos,
2279 3313 2381 3368 hoc
2418 3320 2540 3375 est,
2587 3313 2909 3383 prophetas;
2958 3322 3014 3367 ut
3058 3311 3288 3368 fructum
3340 3314 3689 3384 acciperent,

2096 3406 2150 3461 id
2194 3414 2298 3472 est,
2347 3404 2709 3461 obedientiam
2754 3420 2851 3475 per
2905 3421 3067 3476 opera
3114 3405 3570 3461 demonstratam.
3616 3403 3692 3458 IIIi

2094 3514 2227 3555 vero
2270 3498 2357 3553 hic
2398 3499 2559 3554 etiam
2602 3499 2894 3568 nequitiam
2943 3514 3094 3553 suam
3153 3497 3541 3566 exhibuerunt,
3585 3513 3691 3552 nuit

2097 3590 2259 3647 modo
2294 3589 2435 3660 quod
2463 3599 2582 3660 post
2602 3599 2805 3645 tantam
2844 3605 3028 3646 curam
3070 3590 3299 3646 fructum
3338 3608 3448 3648 non
3480 3594 3690 3655 darent,

2095 3681 2240 3754 quod
2280 3681 2658 3754 negligentiam
2688 3698 2797 3753 prae
2833 3698 2893 3739 se
2936 3682 3198 3750 ferebant,
3231 3682 3324 3739 scd
3356 3684 3523 3739 etiam
3554 3681 3692 3753 quod

2099 3774 2220 3832 illos
2257 3776 2536 3831 venientes
2567 3775 2783 3848 indigne
2824 3776 3050 3832 ferrent.
3097 3775 3234 3832 Nam
3276 3780 3369 3848 qui
3402 3778 3689 3844 debebant,

2097 3881 2198 3923 nec
2246 3865 2471 3923 reddere
2522 3876 2788 3937 poterant,
2844 3884 2948 3923 non
3004 3869 3272 3940 indignari
3323 3886 3502 3941 neque
3555 3885 3694 3940 aegre

2098 3957 2239 4014 ferre
2268 3958 2572 4029 Oportebat,
2597 3959 2690 4015 sed
2714 3975 2923 4031 rogare.
2956 3959 3030 4015 Illi
3061 3977 3187 4018 vero
3208 3979 3314 4018 non
3344 3961 3697 4037 indignaban—

2102 4059 2188 4105 tur
2232 4050 2414 4119 modo,
2466 4050 2559 4106 sed
2615 4068 2804 4108 manus
2846 4054 3106 4125 sanguine
3145 4056 3463 4125 replebant,
3510 4066 3567 4113 et
3607 4056 3694 4128 qui

2101 4157 2288 4214 poenas
2308 4143 2436 4198 dare
2465 4143 2752 4209 debebant,
2785 4160 2971 4216 poenas
3000 4150 3347 4218 expetebant.
3388 4149 3618 4220 Ideoque
3646 4156 3695 4202 et

2101 4236 2369 4292 secundos
2407 4247 2462 4292 et
2493 4238 2680 4294 tertios
2719 4238 2886 4303 misit,
2918 4247 2976 4295 ut
3004 4240 3379 4297 ostenderetur
3406 4254 3462 4299 et
3488 4243 3693 4297 illorum

2103 4331 2340 4400 nequitia
2380 4340 2433 4385 et
2473 4332 2734 4387 mittentis
2773 4330 3093 4404 benignitas.
3138 4335 3206 4390 Et
3246 4352 3343 4391 cur
3386 4353 3493 4392 non
3534 4335 3696 4389 ﬁlium

2105 4421 2287 4477 statim
2319 4421 2508 4476 misit?
2551 4420 2622 4478 Ut
2663 4438 2728 4478 ex
2773 4423 2930 4479 malis
2962 4440 3083 4491 quae
3128 4425 3180 4481 in
3222 4426 3343 4482 illos
3388 4427 3692 4490 intulerunt,

2105 4526 2225 4567 sese
2251 4511 2569 4567 damnantes
2619 4512 2859 4583 iramque
2898 4520 3252 4583 remittentes,
3284 4518 3437 4573 illum
3477 4517 3695 4573 venien-

2108 4615 2214 4660 tem
2239 4613 2571 4660 vcrerentur.
2602 4605 2888 4660 Possemus
2911 4608 3041 4663 alias
3072 4608 3457 4681 explicationes
3480 4608 3693 4671 addere,

2107 4696 2201 4750 sed
2233 4695 2299 4749 ad
2325 4696 2602 4763 sequentia
2637 4711 2938 4767 pergamus.
2961 4699 3097 4765 Quid
3119 4701 3218 4755 sibi
3241 4701 3353 4755 vult
3374 4701 3522 4766 illud,
3546 4697 3696 4753 Forte

2109 4787 2509 4841 reverebantur?
2540 4787 2656 4842 Non
2684 4788 2978 4859 ignorantis
3013 4801 3116 4857 est,
3147 4792 3305 4858 absit,
3348 4794 3443 4851 sed
3474 4793 3694 4849 volentis

2110 4878 2396 4933 ostendere
2432 4888 2687 4949 quantum
2719 4892 2993 4950 peccatum
3027 4893 3189 4949 esset,
3217 4894 3272 4941 et
3297 4888 3441 4941 omni
3474 4898 3693 4942 EXCIISH-

2112 4969 2257 5025 tione
2301 4984 2548 5025 vacuum.
2588 4969 2721 5026 Cum
2768 4973 2932 5029 sciret
2972 4975 3115 5030 enim
3168 4977 3515 5034 occidendum
3563 4975 3688 5037 fore,

2111 5064 2254 5118 misit
2281 5070 2479 5119 tamen.
2509 5064 2640 5120 Illud
2669 5074 2871 5132 autem,
2904 5066 3280 5124 Reverebuntur
3305 5073 3470 5140 ﬁlium
3512 5085 3689 5131 meum,
3768 5084 3771 5087 ν

2112 5155 2253 5225 quod
2282 5155 2457 5212 facere
2482 5150 2751 5213 debebant
2789 5162 3030 5215 enuntiat
3056 5180 3068 5216 :
3100 5162 3218 5232 quia
3247 5165 3522 5234 oportebat
3551 5168 3688 5217 certe

2114 5245 2233 5301 illos
2260 5247 2513 5303 revereri.
2543 5246 2818 5320 Siquidem
2847 5260 2901 5306 et
2920 5253 3045 5308 alibi
3074 5254 3204 5310 dicit
3230 5274 3244 5311 :
3276 5256 3338 5312 Si
3362 5262 3490 5330 forte
3522 5253 3690 5311 audie-

2114 5338 2214 5392 rint
2236 5337 2448 5409 (Ezech.
2484 5339 2535 5393 2.
2560 5340 2615 5408 5)
2643 5360 2657 5396 :
2690 5357 2861 5414 neque
2886 5343 2993 5401 illic
3022 5347 3316 5417 ignorabat,
3350 5349 3527 5406 sedne
3551 5346 3688 5401 dicc-

2117 5419 2237 5486 rént
2267 5433 2480 5502 quidam
2525 5433 2774 5504 improbi,
2802 5437 3204 5507 praedictionem
3238 5443 3400 5500 luisse
3439 5459 3542 5498 non
3566 5439 3689 5496 obe'

2116 5523 2293 5579 dicndi
2325 5526 2685 5583 necessariam
2706 5544 2946 5597 causam,
2981 5533 3103 5590 ideo
3138 5538 3218 5593 sic
3252 5538 3390 5594 dicta
3418 5541 3682 5604 temperat.

2120 5617 2182 5674 Si
2213 5623 2343 5688 forte
2370 5620 2578 5689 dicens,
2623 5632 2676 5677 et
2703 5622 2960 5680 Fortasse.
2990 5627 3122 5684 Nam
3148 5631 3191 5684 si
3225 5632 3366 5687 circa
3394 5644 3572 5686 servos
3599 5625 3687 5679 im-

2124 5714 2274 5783 probi
2298 5712 2532 5779 Iucrunt,
2566 5712 2656 5772 lilii
2688 5715 2999 5785 dignitatem
3031 5725 3261 5777 revereri
3286 5722 3530 5796 oportuit.
3557 5714 3681 5788 Quid
