4034 6452
298 415 393 471 641

297 544 434 598 ergo
466 526 597 584 isti?
622 526 760 581 Cum
786 538 1071 581 accurrere
1098 523 1451 592 oportuisset,
1476 520 1797 590 veniamque
1820 520 1887 574 de

301 621 541 691 peccatis
562 629 761 690 petere.
784 618 966 688 priora
993 632 1255 685 superare
1277 623 1614 679 concertant,
1644 621 1696 667 et
1718 610 1888 667 scele-

298 730 356 769 ra
392 713 697 770 sceleribus
732 712 952 766 vincere
974 750 989 776 ,
1024 710 1204 778 priora
1245 724 1460 776 semper
1496 706 1888 775 posterioribus

289 814 621 876 obruentes;
657 808 801 880 quod
825 815 878 861 ct
908 806 1025 877 ipse
1042 805 1326 859 declarans
1352 803 1461 856 ait:
1485 800 1705 870 Implete
1732 814 1874 851 men-

291 920 479 957 suram
511 912 720 970 patrum
752 908 1041 953 vestrorum
1074 894 1289 966 (Matth.
1320 893 1409 948 25.
1443 891 1554 963 52).
1590 890 1709 947 Jam
1744 889 1875 944 olim

290 997 437 1051 enim
484 992 761 1064 prophetae
803 991 870 1045 de
916 991 1001 1044 his
1049 989 1170 1043 illos
1216 986 1548 1041 accusabant
1580 983 1825 1037 dicentes
1862 993 1877 1031 :

299 1085 500 1140 Manus
540 1092 725 1137 restrw
757 1082 924 1151 plena:
952 1090 1073 1134 sunt
1106 1080 1360 1149 sanguine
1397 1076 1555 1147 (Isai.
1590 1076 1641 1129 1.
1674 1073 1798 1140 l5);
1828 1076 1887 1124 et

298 1173 627 1244 Sanguinem
667 1171 913 1241 sanguini
949 1171 1163 1223 miscent
1189 1167 1348 1240 (Osee
1377 1168 1430 1221 4.
1462 1166 1541 1237 2);
1572 1173 1646 1231 et,
1682 1162 1885 1232 Αἰάὶῄ-

281 1273 430 1315 nmte
462 1261 590 1315 Sion
621 1262 674 1315 in
705 1260 1032 1332 sanguinibus
1060 1259 1245 1331 (Mich.
1279 1259 1331 1314 3.
1368 1258 1478 1329 10),
1521 1255 1628 1312 Sed
1659 1270 1763 1309 non
1791 1269 1874 1308 re-

285 1354 635 1425 sipiscebant,
682 1352 781 1407 etsi
828 1352 931 1406 hoc
977 1350 1283 1406 mandatmu
1332 1350 1697 1419 accepissent,
1752 1345 1874 1399 Non

285 1446 502 1507 occides,
535 1453 590 1497 et
630 1458 659 1497 a
690 1444 958 1497 sexcentis
982 1442 1100 1496 aliis
1125 1442 1445 1510 juberentur
1491 1439 1781 1503 abstinere,
1811 1452 1874 1490 ac

290 1550 381 1603 per
407 1533 531 1600 hoc,
576 1549 773 1603 perque
798 1532 901 1587 alia
936 1533 1100 1586 multa
1140 1532 1206 1585 ad
1245 1532 1675 1586 observationem
1720 1528 1876 1597 hujus

289 1626 546 1696 prmcepli
576 1626 975 1680 inducerentur.
1017 1627 1265 1678 Attamen
1311 1622 1448 1677 hanc
1490 1637 1704 1690 pravam
1749 1636 1878 1673 con-

288 1718 625 1771 suetudinem
656 1733 759 1772 non
787 1717 1170 1785 deposuerunt.
1200 1716 1304 1771 Sed
1337 1715 1460 1785 quid
1484 1716 1665 1769 dicunt
1696 1713 1878 1766 γίᾶιιη-

291 1821 366 1864 tes
396 1808 560 1863 cum?
595 1807 768 1863 Venite
795 1810 1083 1863 occidamus
1109 1824 1242 1860 eunt.
1268 1806 1381 1874 Qua
1423 1806 1489 1861 de
1528 1804 1723 1860 causa?
1753 1804 1876 1873 quid

291 1911 378 1954 aut
404 1917 627 1972 parvum
653 1909 744 1954 aut
771 1915 1021 1969 magnum
1051 1900 1319 1953 criminari
1351 1898 1613 1968 potestis?
1642 1912 1708 1949 an
1737 1895 1877 1965 quod

294 2009 383 2046 vos
416 1992 784 2057 honoraverit,
827 2007 888 2046 ac
932 1993 1070 2047 Deus
1100 2006 1219 2046 cum
1269 2000 1429 2055 esset,
1460 1989 1622 2043 homo
1664 1999 1880 2057 propter

294 2100 383 2139 vos
425 2085 600 2139 iactus
643 2084 731 2150 sit,
764 2085 1151 2154 innumeraque
1182 2083 1268 2137 illa
1317 2082 1544 2138 ediderit
1588 2080 1880 2135 miracula?

293 2191 357 2229 an
384 2177 528 2245 quod
565 2183 778 2244 peccata
826 2174 1109 2239 dimiserit,
1143 2175 1227 2229 vel
1272 2174 1338 2227 ad
1380 2188 1601 2243 regnum
1642 2171 1880 2226 vocarit?

296 2267 423 2323 Vide
449 2284 574 2323 cum
610 2269 882 2337 impietate
907 2267 1250 2335 conjunctam
1276 2266 1603 2320 dementiam
1637 2266 1878 2328 multam,

294 2370 342 2415 et
369 2360 517 2414 necis
542 2374 755 2414 caIISam
789 2359 992 2412 insania
1021 2358 1251 2427 plenam.
1285 2356 1589 2411 Occiduntus
1627 2373 1759 2419 eum,
1802 2356 1879 2407 in-

295 2452 499 2522 quiunt,
550 2462 595 2504 et
626 2459 797 2503 nostra
829 2450 921 2503 erit
962 2449 1214 2502 hereditas
1244 2446 1393 2521 (Luc.
1424 2446 1512 2502 20.
1547 2447 1656 2516 14).
1701 2445 1767 2499 Ει
1796 2445 1881 2499 ubi

296 2544 541 2599 occidere
572 2542 902 2597 delnberant?
933 2542 1093 2596 Extra
1126 2544 1356 2595 vineam.

360 2636 413 2690 2.
461 2636 710 2689 Vidistin’
753 2634 1019 2705 quomodo
1048 2635 1208 2688 etiam
1246 2633 1423 2688 locum
1468 2631 1747 2703 prophetet
1795 2630 1880 2685 ubi

297 2728 608 2782 mactandos
647 2737 781 2782 erat.
829 2726 893 2780 Et
922 2728 1172 2796 ejicientes
1201 2726 1487 2779 occiderunt
1513 2724 1671 2797 (Ibid.
1702 2742 1747 2777 υ.
1777 2724 1885 2777 16-

298 2821 403 2891 18).
429 2821 608 2877 Lucas
637 2820 850 2890 quidem
886 2821 959 2874 ait
985 2821 1155 2889 ipsum
1185 2820 1573 2874 delerminasse
1599 2819 1724 2889 quid
1764 2819 1885 2873 illos

297 2914 397 2981 pati
441 2921 737 2984 oporteret,
783 2913 1032 2983 ipsosque
1073 2911 1294 2976 dixisse,
1327 2914 1503 2976 Absit;
1551 2922 1604 2966 et
1644 2913 1885 2967 testimo-

297 3005 434 3058 nium
475 3004 774 3058 induxisse.
804 3002 935 3057 Illos
974 3003 1115 3058 enim
1142 3005 1351 3056 intuitus
1390 3004 1516 3056 dixit
1543 3019 1562 3056 :
1593 3003 1727 3071 Quid
1764 3020 1883 3075 ergo

297 3107 363 3149 est
407 3096 550 3167 quod
586 3097 830 3166 scriptum
868 3104 963 3161 est,
1007 3093 1253 3164 Lepidam
1294 3112 1442 3167 quem
1491 3098 1883 3164 reprobavet'unt

296 3191 626 3258 adiﬁcantes,
670 3190 751 3243 hic
781 3194 943 3260 factus
973 3198 1045 3243 est
1070 3190 1123 3242 in
1159 3200 1309 3259 caput
1345 3190 1521 3259 anguli
1557 3189 1725 3258 (Psal.
1756 3190 1880 3244 117.

298 3280 423 3349 22)?
460 3283 553 3347 Et,
585 3281 895 3350 Quicumque
920 3280 1151 3334 ceciderit
1181 3297 1332 3349 super
1351 3298 1482 3344 eum,
1513 3282 1879 3352 confringatur.

298 3372 730 3439 latthaausvero
754 3370 884 3426 dicit
918 3371 1039 3425 illos
1084 3372 1370 3440 protulisse
1407 3374 1749 3427 sententiam.
1782 3372 1884 3427 Ve-

299 3480 412 3520 rum
446 3481 559 3520 non
588 3475 845 3535 repugnat
888 3480 1009 3519 cum
1052 3465 1179 3518 alio.
1214 3464 1338 3519 llaec
1377 3465 1520 3519 enim
1560 3466 1716 3520 ambo
1746 3466 1882 3520 facta

297 3566 434 3623 sunt,
467 3557 681 3628 ipsique
715 3556 1033 3611 sententiam
1072 3555 1308 3610 tulerunt
1333 3567 1518 3609 contra
1562 3556 1787 3626 seipsos.
1821 3570 1885 3611 ac

300 3665 476 3704 rursus
510 3665 633 3704 cum
665 3648 925 3703 dictorum
951 3647 1059 3702 vim
1088 3648 1404 3714 sensissent,
1433 3647 1703 3712 dixerunt,
1721 3648 1880 3702 Absit.

298 3740 617 3812 Prophetam
657 3751 833 3796 autem
878 3742 1007 3812 ipsis
1046 3743 1316 3811 opposuit,
1364 3750 1418 3795 ut
1458 3742 1725 3809 suaderet,
1770 3759 1881 3796 rem

300 3848 517 3901 prorsus
546 3849 668 3890 esse
698 3834 946 3888 futuram.
978 3835 1231 3887 Attamen
1272 3834 1607 3889 vocationem
1646 3836 1883 3905 gentium

299 3941 363 3979 ne
388 3925 644 3995 carpendi
686 3940 898 3979 causam
933 3925 1209 3988 baberent,
1247 3940 1350 3980 nou
1392 3937 1575 3995 aperte
1604 3925 1757 3990 dixit,
1788 3927 1881 3980 sed

300 4018 647 4073 subindicavit
664 4028 865 4071 tantmn
885 4017 1090 4082 dicens,
1108 4016 1260 4071 Dabit
1283 4018 1399 4070 aliis
1415 4022 1607 4072 vineam
1624 4018 1772 4088 (Luc.
1788 4017 1879 4073 20.

301 4110 404 4180 l6).
436 4110 565 4165 Ideo
594 4120 739 4165 certe
770 4110 867 4165 hac
892 4109 1141 4179 parabola
1170 4124 1295 4164 usus
1320 4119 1423 4174 est,
1454 4120 1511 4164 ut
1541 4111 1636 4180 ipsi
1667 4120 1886 4166 senten-

301 4202 419 4255 tiam
459 4202 686 4258 ferrent.
733 4202 883 4270 Quod
942 4204 991 4255 in
1044 4202 1239 4256 Davide
1282 4218 1492 4272 quoque
1540 4202 1731 4258 factum
1776 4214 1879 4268 est,

303 4294 512 4362 quando
556 4294 625 4348 de
676 4293 928 4363 parabola
977 4293 1201 4348 Nathani
1256 4297 1574 4349 sententiam
1621 4296 1759 4349 tulit.
1802 4296 1881 4349 'l'u

302 4400 423 4439 Vero
464 4385 597 4440 mihi
638 4384 761 4439 hinc
798 4384 1074 4438 considera
1103 4402 1260 4455 quant
1297 4384 1436 4453 justa
1483 4387 1552 4440 sit
1594 4388 1879 4451 sententia,

301 4476 507 4543 quando
551 4476 607 4532 ii.
637 4476 724 4549 qui
759 4474 1006 4544 puniendi
1036 4486 1180 4543 sunt,
1212 4476 1308 4545 ipsi
1339 4491 1456 4530 sese
1500 4477 1878 4534 condemnant.

305 4565 498 4622 Deinde
531 4576 586 4620 ut
605 4566 865 4621 discerent
893 4583 994 4620 non
1019 4568 1188 4620 solum
1223 4566 1271 4621 id
1300 4568 1558 4635 justitiam
1581 4569 1878 4638 requirere,

302 4656 390 4710 scd
441 4659 602 4713 etiam
650 4658 757 4725 jam
807 4658 933 4710 olim
982 4658 1032 4711 id
1072 4658 1328 4728 Spiritum
1372 4660 1767 4726 pronuntiasse,
1828 4669 1882 4715 et

305 4746 465 4802 Deum
500 4749 670 4818 ipsum
699 4749 1016 4802 sententiam
1051 4751 1257 4814 tulisse,
1293 4751 1622 4819 prophetiam
1652 4751 1875 4818 induxit,

304 4840 522 4911 illosque
568 4841 863 4909 increpavit
906 4840 1113 4903 dicens.
1160 4840 1452 4912 Numquam
1484 4843 1691 4913 legistis,
1723 4842 1877 4913 Lapir

304 4932 407 4984 dem
449 4949 593 5000 quem
618 4932 1009 5000 reprobuverunt
1044 4934 1371 5000 wdiﬁcantes,
1411 4934 1489 4986 hic
1529 4938 1692 5004 factus
1731 4947 1801 4988 est
1828 4938 1878 4988 in

304 5035 443 5088 caput
473 5024 695 5095 anguli?
723 5026 765 5077 Α
810 5024 1025 5077 Domino
1055 5030 1244 5097 factum
1271 5036 1342 5077 est
1370 5026 1523 5087 istud,
1555 5039 1599 5079 et
1626 5039 1695 5081 cst
1725 5029 1879 5080 mira—

304 5113 394 5167 bsle
426 5118 477 5170 in
503 5119 666 5171 oculis
690 5118 875 5171 nostris
897 5132 916 5171 τ
947 5118 1028 5171 his
1058 5118 1304 5171 omnibus
1332 5119 1639 5180 ostendens,
1664 5120 1878 5174 .Iiulmos

307 5208 359 5251 ut
386 5200 688 5256 incredulos
730 5201 1077 5271 abjiciendos,
1126 5213 1310 5271 gentes
1341 5213 1520 5256 autem
1555 5205 1879 5259 inducendas

306 5305 436 5348 esse.
468 5294 518 5349 ld
549 5295 708 5348 etiam
750 5310 843 5362 per
868 5295 1242 5357 Chananazam,
1289 5295 1336 5349 id
1368 5311 1460 5364 per
1490 5296 1691 5351 asinum
1716 5299 1751 5360 ί,
1784 5314 1878 5367 per

307 5386 685 5449 centurionem,
711 5401 910 5456 perque
940 5388 1134 5441 multas
1155 5388 1287 5442 alias
1322 5389 1604 5458 parabolas
1630 5391 1874 5446 subindi-

308 5480 455 5534 cavit.
498 5481 610 5536 Hoc
653 5480 813 5551 etiam
863 5494 1023 5536 nunc.
1061 5479 1182 5535 Ideo
1225 5481 1534 5551 subjunxit:
1564 5483 1608 5535 Α
1653 5481 1876 5541 Domino

311 5490 455 5534 Pavit.
499 5490 610 5536 Hoc
653 5495 683 5535 e
711 5490 813 5535 iam
863 5494 1023 5536 nunc.
1061 5490 1182 5535 Ideo
1225 5490 1534 5551 subjunxit:
1564 5490 1608 5535 Α
1653 5490 1876 5541 Domino

311 5562 490 5631 factum
515 5582 584 5624 est
605 5490 761 5635 iub,
789 5581 835 5626 et
870 5582 943 5628 est
970 5574 1197 5627 mirabile
1216 5576 1267 5627 in
1299 5574 1458 5629 oculis
1484 5576 1666 5630 nostris
1689 5593 1708 5630 :
1734 5593 1876 5648 pra:-

308 5654 594 5723 tigniticms
618 5664 911 5721 creditores
945 5678 1150 5736 gentes,
1184 5676 1236 5721 et
1258 5665 1471 5724 Judmos
1499 5670 1587 5739 qui
1635 5671 1877 5728 credide-

364 5850 382 5882 ‘
407 5856 612 5912 dearn.
634 5872 722 5916 per
744 5861 946 5911 estnon.

1217 405 1279 463 ΙΝ
1315 403 1724 462 MATTHASUM
1763 400 1995 459 HOMIL.
2040 400 2266 455 LXVIII.
2309 402 2379 454 al.
2423 401 2607 457 LXIX.

3465 408 3570 467 6i!

1982 514 2107 573 rint.
2133 529 2295 567 unum
2333 528 2452 570 esse
2478 513 2703 582 futuros,
2750 516 2991 585 quamvis
3036 526 3181 571 tanto
3211 518 3360 588 prius
3404 519 3572 576 inter-

1982 606 2125 660 vallo
2153 604 2433 660 distarent.
2477 606 2676 662 Deinde
2708 616 2765 661 ut
2792 608 3097 664 ediscerent
3137 609 3265 664 nihil
3292 622 3570 681 gestorum

1979 712 2098 752 esse
2124 698 2230 752 lico
2255 696 2563 765 adversum,
2595 698 2689 753 sed
2715 699 2869 755 valde
2898 710 3178 771 acceptum
3212 712 3372 773 atque
3402 706 3570 758 mira-

1982 790 2107 853 bile,
2133 790 2273 860 quod
2302 791 2602 846 videntibus
2633 802 2906 861 stuporem
2950 792 3166 849 alfcrrct
3205 796 3343 865 (erat
3372 798 3573 867 quippe

1981 881 2294 935 miraculum
2333 881 2641 951 incliabile,)
2690 883 2963 953 subjunxit
3005 884 3210 951 dicens,
3255 886 3299 939 A
3352 886 3569 941 Domine

1980 972 2170 1045 factum
2210 987 2281 1028 est
2331 976 2487 1031 istud.
2530 976 2784 1047 Lapidem
2834 995 2958 1033 vero
3011 981 3246 1049 seipsutn
3292 993 3467 1048 vocat,
3514 994 3568 1037 et

1982 1065 2303 1121 aediﬁcantes
2324 1067 2629 1122 Juda-orum
2654 1068 2937 1134 doctores;
2966 1072 3107 1140 quod
3134 1072 3295 1125 etiam
3324 1073 3573 1128 Ezechiei

1981 1158 2057 1212 ait
2108 1178 2121 1214 :
2173 1159 2516 1231 zEdiﬁcantes
2570 1181 2809 1229 murum,
2858 1178 2903 1218 et
2957 1167 3185 1220 limentes
3242 1168 3571 1235 incomposite

1984 1249 2197 1322 (Ezech.
2253 1253 2340 1307 15.
2383 1254 2494 1325 10).
2543 1254 2826 1321 Quomodo
2877 1268 3053 1310 autem
3114 1259 3573 1327 reprobaverunt?

1981 1342 2114 1395 Cum
2139 1343 2399 1409 dicerent,
2429 1345 2526 1399 Hic
2551 1365 2650 1401 non
2677 1359 2746 1403 est
2769 1366 2832 1403 ex
2854 1348 2958 1404 Deo
2982 1365 2999 1404 :
3023 1351 3103 1403 hic
3122 1353 3311 1404 seducit
3339 1352 3569 1418 turbam;

1982 1444 2039 1489 et
2080 1453 2312 1499 rursum.
2354 1439 2711 1495 Samaritanus
2749 1460 2800 1497 es
2855 1454 2928 1509 tu,
2977 1454 3021 1497 et
3066 1444 3370 1498 daemonium
3419 1446 3577 1499 habes

1985 1527 2162 1596 (Joan.
2198 1531 2246 1582 7.
2284 1531 2366 1583 l2.
2397 1542 2440 1583 et
2471 1532 2523 1585 8.
2554 1532 2669 1597 48).
2702 1534 2899 1587 Deinde
2930 1544 2985 1588 ut
3023 1545 3431 1605 cognoscerent,
3466 1551 3570 1589 non

1986 1620 2035 1673 id
2062 1631 2260 1674 tantum
2290 1623 2388 1675 sibi
2419 1623 2598 1677 inferri
2626 1625 2766 1694 quod
2790 1625 3131 1694 ejicercntur,
3156 1628 3412 1696 supplicia
3441 1643 3578 1697 quo-

1982 1730 2088 1783 que
2123 1714 2295 1780 aﬂ'ert,
2328 1716 2512 1770 dicens
2542 1734 2555 1770 :
2593 1719 2681 1772 44.
2716 1716 2893 1771 Omnis
2922 1720 3007 1788 qui
3037 1719 3270 1773 ceciderit
3309 1736 3463 1787 super
3492 1720 3584 1773 ια-

1988 1806 2153 1874 pidem
2182 1808 2333 1870 hunc,
2361 1810 2706 1880 confringetur
2734 1827 2752 1864 :
2777 1827 2929 1878 super
2956 1829 3101 1880 quem
3128 1822 3294 1866 autem
3319 1811 3581 1880 ceciderit,

1989 1897 2239 1949 rentilubit
2279 1914 2411 1951 eum.
2461 1900 2601 1953 Duas
2656 1901 2740 1955 hic
2786 1901 3052 1970 pernicies
3101 1912 3359 1967 annotat;
3405 1905 3583 1972 primo

1986 1987 2127 2057 quod
2167 1988 2265 2042 hoc
2294 1989 2423 2057 ipsis
2451 1989 2773 2044 oll‘endicnlo
2802 1990 2958 2045 fuerit
2988 2010 3000 2045 :
3032 1992 3132 2047 hoc
3159 2004 3240 2047 est
3280 1998 3442 2059 enim,
3478 1995 3582 2059 Qui

1986 2079 2217 2134 ceciderit
2244 2097 2396 2150 super
2419 2081 2643 2151 lapidem
2668 2083 2802 2136 hunc
2826 2099 2845 2147 ;
2875 2086 3112 2139 secundo
3151 2086 3455 2140 subindicat
3484 2103 3578 2141 ex-

1988 2172 2183 2226 cidium
2215 2188 2419 2239 eorum,
2454 2190 2741 2236 terumnas.
2775 2177 3086 2245 perniciem,
3118 2194 3274 2247 quam
3320 2181 3466 2234 clare
3496 2182 3576 2232 in—

1989 2265 2183 2319 dicavit
2228 2265 2431 2333 dicens,
2480 2265 2751 2321 Ventilabit
2783 2269 2970 2339 ipsum.
3006 2269 3095 2323 llis
3127 2272 3582 2326 resurrectionem

1989 2372 2141 2410 suam
2175 2357 2549 2413 subindicavit.
2593 2358 2857 2430 l’rOpheta
2895 2373 3041 2416 certe
3081 2362 3243 2416 Isaias
3273 2362 3478 2417 vincam
3508 2363 3581 2416 ab

1991 2447 2105 2517 ipso
2127 2460 2429 2503 accusatam
2452 2450 2600 2514 dicit,
2628 2452 3001 2521 principesque
3024 2453 3200 2521 populi
3228 2454 3580 2510 criminatur:

1990 2549 2043 2592 et
2082 2540 2150 2593 ibi
2179 2542 2393 2610 quidem
2443 2542 2537 2607 ait,
2576 2542 2712 2607 Quid
2751 2542 2897 2595 debui
2943 2548 3110 2613 facere
3156 2546 3311 2598 vineta
3352 2563 3495 2613 metu,
3534 2557 3578 2601 et

1991 2647 2090 2683 non
2129 2632 2227 2699 feci
2274 2630 2425 2703 (lsai.
2458 2632 2509 2686 5.
2552 2632 2649 2704 4)?
2694 2633 2817 2687 alibi
2851 2648 2980 2688 vero
3020 2652 3033 2689 :
3079 2635 3215 2701 Quid
3243 2638 3339 2706 feci
3382 2637 3489 2700 tibi,
3534 2649 3580 2691 et

1990 2723 2124 2792 quod
2162 2724 2454 2777 invenerunt
2482 2735 2649 2794 patres
2688 2728 2759 2780 tui
2789 2727 2843 2780 in
2877 2744 2955 2781 me
2980 2728 3218 2781 delictum
3238 2727 3371 2798 (Jer.
3397 2732 3451 2784 2.
3487 2732 3581 2801 5)?

1991 2830 2055 2869 ac
2085 2833 2314 2877 rursum.
2350 2815 2550 2886 Papute
2595 2835 2757 2883 meus,
2808 2820 2930 2889 quid
2958 2820 3052 2888 feri
3079 2821 3207 2874 tibi?
3253 2833 3339 2874 aut
3388 2822 3440 2875 in
3484 2840 3581 2893 quo

1991 2908 2279 2961 contristari
2310 2919 2355 2962 te
2386 2907 2572 2978 (Mich.
2602 2911 2654 2964 6.
2684 2910 2777 2981 5)?
2805 2912 3067 2980 ingratum
3108 2912 3318 2967 illorum
3345 2914 3579 2970 animum

1992 3001 2298 3064 ostendens,
2332 3001 2681 3056 etbeneliciis
2707 3002 2949 3069 allectos,
2975 3007 3241 3058 contraria
3271 3006 3581 3075 rependisse

1991 3092 2287 3147 declarans.
2320 3094 2416 3149 llic
2456 3107 2632 3148 autem
2666 3095 2795 3149 illud
2827 3095 3196 3150 vehementius
3220 3100 3577 3167 eXprimitur:

1992 3202 2164 3255 neque
2203 3186 2345 3239 enim
2378 3186 2490 3254 ipse
2515 3186 2664 3251 dicit,
2718 3186 2855 3252 Quid
2901 3188 3161 3257 oportebat
3208 3205 3286 3241 me
3315 3194 3501 3259 facere.
3534 3201 3581 3242 et

1991 3297 2091 3333 non
2119 3281 2212 3351 feci
2235 3279 2372 3333 ?sed
2399 3279 2517 3334 illos
2549 3278 2748 3334 inducit
2778 3281 3097 3335 sententiam
3120 3279 3379 3344 dicentes.
3409 3282 3579 3351 ipsum

1991 3373 2208 3442 quidem
2236 3371 2367 3427 nihil
2398 3372 2679 3443 reliquisse
2723 3375 3149 3441 pronuntiantes,
3184 3383 3345 3442 atque
3373 3375 3581 3443 seipsiis

1992 3462 2433 3517 condemnantes.
2469 3462 2599 3518 Nam
2639 3477 2758 3517 cum
2788 3462 2991 3526 dicunt,
3018 3461 3187 3517 Malos
3226 3466 3356 3518 male
3384 3465 3577 3535 perdet,

1994 3564 2038 3609 et
2065 3556 2258 3609 vineam
2281 3573 2425 3609 suam
2457 3556 2639 3609 locabit
2671 3556 2786 3609 aliis
2829 3558 3086 3626 agricolis,
3133 3557 3260 3610 nihil
3294 3558 3436 3613 aliud
3477 3560 3577 3614 sibi

1994 3647 2201 3712 volunt,
2231 3657 2283 3701 et
2313 3662 2431 3701 cum
2461 3663 2647 3717 magna
2681 3646 2920 3717 emphasi
2949 3650 3265 3703 sententiam
3298 3649 3492 3703 ferunt.
3527 3650 3580 3705 ld

1992 3738 2295 3806 Stephanus
2320 3753 2530 3807 qquue
2555 3739 2686 3807 ipsis
2722 3739 3085 3806 exprobravit,
3118 3752 3169 3794 et
3199 3740 3318 3794 illus
3348 3743 3581 3796 maxime

1993 3827 2274 3882 mordebat
2295 3828 2429 3901 (Act.
2463 3829 2517 3883 6.
2543 3839 2590 3881 et
2616 3830 2694 3896 7),
2724 3829 2864 3898 quod
2893 3845 3079 3899 magna
3117 3830 3206 3884 Dei
3246 3832 3579 3901 providentia

1993 3934 2205 3988 semper
2231 3920 2452 3989 dignati,
2497 3919 2820 3975 benefaczori
2862 3922 3127 3975 contraria
3177 3922 3571 3991 rependet-ent;

1993 4010 2134 4081 quod
2162 4029 2411 4081 magnum
2452 4015 2659 4083 signum
2687 4022 2821 4079 erat,
2853 4030 2957 4068 non
2990 4016 3321 4084 punientem,
3344 4017 3448 4070 sed
3482 4032 3578 4073 eos

1992 4104 2083 4173 qui
2118 4105 2493 4174 puniebantur,
2527 4121 2743 4159 causam
2786 4106 3029 4175 supplicii
3076 4122 3217 4163 esse.
3262 4108 3374 4161 Hoc
3406 4110 3578 4177 ipsum

1994 4195 2080 4249 hic
2118 4207 2446 4251 monstratur
2492 4213 2586 4266 per
2635 4198 2940 4267 parabolam
2983 4212 3037 4253 et
3081 4215 3175 4267 per
3222 4201 3576 4269 prophetiam.

1991 4286 2173 4355 Neque
2200 4288 2342 4343 enim
2373 4290 2501 4342 satis
2533 4289 2716 4342 habuit
2741 4290 3043 4357 parabolam
3075 4291 3292 4354 dixisse,
3330 4291 3421 4346 sed
3453 4309 3579 4361 prn-

1993 4382 2228 4450 phetiam
2260 4381 2525 4449 duplicem
2571 4382 2809 4446 adduxit,
2845 4383 3056 4437 Davidis
3088 4398 3281 4453 nempe
3320 4394 3372 4438 et
3402 4401 3574 4441 suam.

1992 4474 2125 4541 Quid
2176 4490 2305 4544 ergo
2342 4475 2619 4544 oportebat
2663 4476 2775 4529 ha'e
2818 4475 3095 4529 audientes
3139 4474 3359 4530 facere?
3397 4492 3576 4532 annon

1992 4565 2263 4618 adorare?
2302 4580 2478 4617 annon
2530 4564 2780 4618 admirari
2827 4566 3215 4631 providentiam
3261 4569 3489 4635 priorem
3521 4581 3576 4623 et

1992 4659 2341 4726 posteriorem
2366 4656 2388 4707 ?
2416 4656 2468 4709 Si
2497 4664 2672 4708 autem
2703 4671 2765 4709 ex
2797 4654 2941 4708 nullo
2964 4671 3148 4710 eorum
3178 4657 3427 4711 meliores
3453 4657 3575 4711 facti

1989 4758 2132 4811 sunt.
2166 4763 2342 4800 annon
2371 4756 2513 4800 metu
2560 4746 2803 4815 supplicii
2836 4746 3187 4815 sapientiores
3219 4748 3331 4802 lieri
3363 4758 3577 4817 oporte-

1991 4838 2115 4893 bat?
2141 4838 2245 4893 Sed
2277 4852 2379 4891 non
2414 4837 2663 4890 meliores
2692 4835 2816 4890 facti
2860 4846 3004 4890 sunt.
3038 4836 3173 4901 Quid
3206 4852 3367 4905 porro
3396 4840 3576 4909 sequi-

1993 4932 2114 4986 tur?
2150 4932 2238 4985 45.
2285 4929 2408 4982 Cum
2449 4930 2726 4993 audissent,
2775 4928 2969 4994 inquit,
3006 4940 3344 4997 cognoverunt
3370 4932 3488 4999 quia
3514 4933 3577 4986 de

1990 5023 2113 5092 ipsis
2158 5022 2371 5074 dicebat.
2415 5020 2502 5074 46.
2537 5017 2600 5072 Et
2627 5029 2905 5089 quan-entes
2932 5035 3046 5071 eum
3077 5028 3260 5083 tenere,
3299 5021 3573 5077 timuerunt

1988 5114 2181 5178 turbas,
2208 5112 2447 5182 quoniam
2494 5112 2620 5162 sicut
2661 5110 2959 5178 pmphetam
2987 5126 3100 5163 eum
3131 5110 3395 5165 habebant.
3431 5112 3571 5168 Sen-

1988 5216 2173 5260 serunt
2197 5204 2337 5257 enim
2368 5202 2600 5265 tandem,
2635 5201 2775 5272 quod
2806 5202 2948 5270 ipsos
2993 5201 3201 5256 occulte
3234 5213 3460 5259 notaret.
3505 5205 3571 5259 Et

1989 5295 2271 5365 aliquando
2315 5296 2663 5361 interceptus,
2696 5308 2791 5362 per
2831 5293 3063 5347 medium
3105 5294 3315 5347 illorum
3361 5296 3571 5359 transit,

1986 5399 2041 5441 et
2068 5387 2140 5439 illi
2165 5402 2268 5438 non
2300 5384 2481 5438 vident
2507 5401 2520 5449 ;
2551 5384 2835 5454 aliquando
2862 5400 3202 5453 compar-ens,
3245 5386 3449 5438 illorum
3478 5386 3575 5439 de-

1987 5483 2240 5537 siderium
2296 5483 2558 5550 reprimit.
2600 5481 2752 5548 Quod
2798 5481 3124 5535 admirantes
3173 5482 3243 5534 illi
3275 5481 3519 5534 dicebant
3555 5500 3568 5535 :

1987 5574 2174 5630 Nonne
2195 5576 2277 5628 hic
2311 5586 2381 5629 est
2406 5574 2595 5628 Jesns?
2626 5573 2757 5628 Ecce
2782 5575 2951 5643 palam
2974 5575 3216 5643 loquitur,
3257 5584 3302 5625 et
3329 5574 3456 5627 nihil
3476 5576 3573 5635 ipsi

1986 5670 2157 5724 dicunt
2184 5667 2361 5743 (Joau.
2395 5669 2446 5722 7.
2476 5667 2566 5722 25.
2599 5668 2717 5739 26).
2761 5668 2856 5722 llic
2883 5682 3032 5732 vero,
3063 5668 3184 5735 quia
3211 5668 3570 5723 multitudinis

1988 5763 2180 5817 timore
2205 5762 2598 5825 detinebantur,
2647 5760 2749 5813 hoc
2777 5758 2908 5813 satis
2941 5758 3144 5827 habuit,
3180 5772 3278 5814 nec
3310 5761 3569 5816 miracula

1988 5866 2043 5910 ut
2072 5867 2195 5911 ante
2222 5855 2388 5911 voluit
2412 5854 2594 5915 edere.
2630 5854 2773 5910 verbi
2805 5853 2973 5924 gratia
3002 5868 3098 5923 per
3126 5851 3359 5909 medium
3382 5868 3569 5911 eorum
